4056 6184
174 282 272 340 655

177 394 423 461 nationes,
449 404 582 463 quas
623 392 692 449 de
735 388 1024 460 Scripturis
1051 388 1252 446 sanctis
1290 386 1578 454 habebam,
1611 404 1735 444 cum

176 489 284 559 ejus
307 488 658 543 admiraretur
687 485 982 556 ingenium,
1009 492 1065 540 et
1093 497 1319 539 acumen
1351 481 1514 537 animi
1538 480 1738 536 collau-

174 580 340 647 claret,
364 579 642 634 sciscitans
667 579 744 632 ait
774 593 788 631 :
817 575 953 632 Num
977 575 1147 631 tristis
1171 590 1253 641 es,
1276 574 1418 644 quod
1443 572 1611 627 oculis
1630 585 1739 625 car-

175 670 254 728 eis
307 668 530 725 careas?
572 667 704 723 Cum
755 667 846 724 ille
898 665 1104 738 pudore
1166 665 1455 730 reticeret;
1503 660 1739 717 secundo

173 761 419 832 tertioque
461 761 826 831 interrogans,
861 759 1075 815 tandem
1104 757 1305 824 elicuit,
1347 766 1404 811 ut
1449 767 1738 811 mmrorem

170 851 322 907 animi
347 852 662 920 simpliciter
683 853 962 908 fateretur.
984 850 1085 905 Cui
1108 849 1410 905 Antonius:
1436 847 1618 912 Miror,
1641 845 1736 909 ait,

169 942 472 1016 prudentem
499 944 674 1000 virum
703 945 821 1014 ejus
851 944 928 1000 rei
973 943 1156 999 dolere
1199 942 1413 1007 damno,
1445 954 1601 1010 quam
1632 937 1740 991 for-

164 1035 305 1090 mie:e
331 1043 383 1089 et
411 1049 613 1090 muscae
639 1045 695 1090 et
713 1035 913 1091 culices
937 1034 1157 1100 habent,
1182 1042 1237 1088 et
1264 1047 1371 1087 non
1401 1029 1568 1086 lzctari
1599 1027 1739 1082 illius

161 1127 518 1194 possessione,
542 1141 701 1196 quam
729 1126 899 1182 sancti
927 1123 1030 1179 soli
1059 1133 1113 1178 et
1138 1123 1379 1193 Apostoli
1404 1124 1735 1176 meruerunt.

158 1214 229 1268 Es
256 1230 360 1285 quo
381 1217 657 1286 pervides,
681 1215 823 1287 quod
847 1216 1013 1269 multo
1040 1213 1232 1268 melius
1251 1215 1321 1268 sit
1347 1212 1537 1282 Spiritu
1560 1209 1740 1263 videre

158 1320 318 1373 quam
348 1322 513 1362 carne
542 1325 556 1360 :
584 1315 641 1362 et
667 1307 790 1362 illos
828 1307 1013 1362 oculos
1053 1304 1354 1374 possidere,
1387 1303 1439 1356 in
1458 1315 1593 1370 quos
1613 1314 1740 1369 pec-

156 1397 261 1451 cati
309 1397 469 1470 ἀιι
536 1399 734 1455 festuca
759 1398 911 1470 (Luc.
943 1397 1001 1469 6)
1029 1411 1132 1451 non
1162 1396 1332 1465 possit
1358 1393 1742 1449 incidere.Nos

160 1489 246 1560 '_al.
270 1490 349 1541 Ad
377 1490 488 1562 nos]
507 1533 522 1556 ,
557 1492 684 1546 licet
713 1491 814 1546 hoc
838 1505 980 1544 anno
1011 1503 1118 1543 non
1145 1488 1359 1544 veneris
1379 1528 1395 1554 ,
1425 1496 1602 1542 tamen
1632 1502 1736 1541 non

159 1583 499 1650 Jesperamus
516 1582 804 1637 adventum
823 1592 990 1637 tuum.
1009 1581 1163 1649 Quod
1181 1582 1226 1635 si
1242 1589 1456 1635 sanctus
1473 1581 1740 1636 Diaconus

159 1673 377 1743 portitor
402 1671 847 1738 litterarum,tuis
877 1672 957 1742 (a)
987 1687 1199 1726 rursum
1221 1671 1558 1740 amplexibus
1582 1670 1737 1724 fuerit

161 1765 412 1827 irretitus,
439 1769 494 1816 et
523 1763 616 1816 illo
659 1764 971 1826 comitante,
999 1763 1106 1818 huc
1128 1763 1362 1827 veneris,
1394 1762 1622 1816 libenter
1645 1775 1736 1814 su-

159 1854 398 1923 scipiam,
425 1853 845 1924 dispensationis
885 1867 1092 1908 moram
1119 1851 1487 1924 magnitudine
1514 1849 1736 1907 faenoris

159 1944 434 2014 duplicari.
767 1953 772 1958 '

608 2075 941 2133 EPISTOLA
979 2074 1147 2131 LXIX
1170 2073 1268 2146 (b).

750 2225 816 2265 AD
854 2224 1119 2266 OCEANUI.

151 2320 371 2377 Carterii
400 2321 623 2392 Hispani
649 2319 911 2393 Episcopi,
939 2323 1024 2390 qui
1051 2335 1204 2374 unam
1247 2327 1362 2374 ante
1387 2318 1694 2389 baptismum
1716 2359 1733 2387 ,

218 2415 455 2480 alteram,
480 2430 540 2469 ea
564 2423 784 2480 mortua,
817 2423 927 2484 post
948 2414 1250 2482 baptismum
1271 2428 1478 2466 uxorem
1498 2413 1732 2480 duxerat,

216 2509 594 2562 ordinationem
623 2507 868 2577 defendit,
907 2523 968 2561 ne
993 2507 1219 2576 bigamus
1245 2515 1528 2568 censeatur,
1561 2515 1736 2559 contra

218 2616 370 2670 quant
412 2599 650 2653 Oceanus
677 2598 936 2652 sentiebat.
984 2597 1117 2651 Hinc
1155 2607 1356 2667 arrepta
1384 2598 1644 2651 occasione
1674 2597 1737 2651 de

215 2693 378 2744 verbis
406 2690 664 2760 Apostoli,
697 2689 866 2745 Unius
893 2690 1074 2744 uxoris
1112 2689 1308 2754 virum,
1339 2689 1496 2758 deque
1536 2689 1598 2741 iis
1623 2703 1737 2758 qua:

213 2782 268 2834 in
296 2780 559 2851 Episcopo
604 2796 718 2834 cum
759 2781 936 2852 primis
961 2780 1312 2850 requiruntur,
1341 2779 1606 2833 uirtutibus
1631 2780 1737 2834 dis-

213 2874 356 2928 serit.

217 3004 269 3058 1.
295 3004 608 3074 Nunquam,
639 3003 713 3073 (c)
745 3003 820 3058 iiii
863 3003 1095 3070 Oceane,
1129 3002 1244 3058 fore
1270 3003 1540 3074 putabam,
1568 3014 1625 3059 ut
1651 3004 1734 3058 in-

144 3093 424 3164 dulgentia
474 3095 738 3164 Principis
783 3094 1103 3148 calumniam
1152 3100 1441 3150 sustineret
1480 3109 1731 3162 reorum;

143 3185 293 3242 etde
322 3185 637 3242 carceribus
679 3195 958 3250 exeuntes,
1011 3193 1134 3254 post
1177 3185 1366 3239 sordes
1409 3199 1472 3239 ac
1513 3185 1735 3254 vestigia

143 3286 465 3333 catenarum
494 3275 738 3330 dolerent
762 3275 895 3329 alios
920 3275 1206 3330 relaxatos.
1237 3274 1292 3328 In
1321 3275 1614 3344 Evangelio
1637 3291 1735 3330 au-

205 3411 283 3472 (a)
319 3408 509 3472 Vocem
546 3420 742 3472 rursum
767 3421 830 3457 ex
855 3407 1128 3472 Veronensi
1148 3442 1163 3466 ,
1187 3420 1244 3472 ac
1271 3407 1734 3472 Cisterciensipodi-

141 3467 282 3520 cibus
308 3470 724 3520 emendatissimis
745 3471 1075 3528 reposuimus,
1118 3469 1248 3518 unde
1289 3467 1536 3528 intelligas
1574 3469 1732 3518 Hera-

144 3533 294 3582 clium
317 3533 517 3593 itineris
537 3533 762 3580 comitem
779 3529 1019 3593 Castrutio
1035 3532 1242 3593 primum
1260 3529 1429 3593 fuisse.
1453 3529 1507 3580 In
1531 3530 1626 3580 line
1643 3543 1732 3593 pro

145 3592 424 3657 duplicari,
465 3591 544 3657 alii
583 3593 722 3657 c_odd_._
757 3591 1082 3657 duplicatum,
1109 3591 1190 3641 alii
1222 3591 1504 3656 ampliatam
1539 3591 1728 3657 legunt.

145 3651 355 3704 Gravius
378 3653 563 3716 mavult
586 3651 836 3716 duplicati;

233 3716 284 3778 b)
318 3713 453 3778 filias
475 3715 555 3763 83.
582 3713 770 3777 scripta
792 3713 910 3765 circ.
936 3729 1014 3765 an.
1039 3715 1149 3765 397.

229 3776 279 3839 ε)
313 3777 580 3838 Digamum
606 3776 734 3842 eum
752 3790 847 3842 non
871 3777 1094 3842 censeri,
1119 3776 1204 3839 qui
1227 3783 1488 3842 antequam
1518 3778 1729 3842 baptiza-

143 3837 226 3887 tus‘
261 3837 432 3896 esset,
477 3850 684 3900 uxorem
721 3837 979 3897 habuerit,
1023 3840 1063 3886 si
1107 3837 1550 3900 postibapt‘ismum
1581 3837 1731 3891 aliam

136 3899 384 3960 junxerit,
411 3910 579 3961 neque
600 3898 725 3961 adeo
747 3911 953 3961 uxorem
975 3907 1089 3947 ante
1112 3898 1408 3961 baptismum,
1423 3900 1472 3948 ei
1497 3901 1578 3961 qtti
1602 3903 1732 3951 ordi-

139 3959 335 4020 nandus
360 3968 441 4008 est
461 3993 476 4016 ,
498 3959 695 4020 debere
706 3959 936 4020 ,imputari
952 3992 966 4015 ,
991 3965 1089 4020 tota
1112 3959 1203 4007 hac
1232 3960 1444 4020 cpistola
1479 3959 1733 4012 ccutendit

136 4019 628 4082 HieronymusJ-qui
655 4017 771 4082 a_libi
785 4017 989 4082 quoque
1029 4017 1199 4082 lib._1_.
1226 4017 1286 4066 in'
1307 4019 1553 4066 Jovinian.
1597 4030 1648 4069 ct
1683 4023 1732 4071 in

135 4078 454 4143 Epistolaad
475 4078 643 4143 Titum
665 4078 790 4143 C.__i.
817 4079 1342 4143 eamdemopinionem
1374 4087 1561 4143 tuetur,
1586 4095 1731 4142 quam

137 4137 266 4192 forte
313 4141 433 4188 iniit
471 4152 538 4188 ex
559 4139 882 4196 Tertulliano,
906 4140 991 4200 qui
1025 4137 1111 4186 lib.
1133 4137 1196 4185 de
1222 4139 1523 4199 Monogamia
1562 4137 1618 4188 cf
1653 4143 1728 4192 11.

137 4203 518 4266 digamiamex
560 4201 736 4266 marito
778 4207 891 4248 ante
934 4201 1546 4266 baptismutticontractani
1573 4201 1733 4266 viduis

140 4258 323 4314 ob'essc
351 4262 530 4312 noluit.
557 4262 620 4311 At
643 4269 810 4309 contra
834 4258 1328 4310 sentiuittConcilittm
1352 4260 1664 4310 Valentinum
1688 4263 1728 4313 Ι.

141 4337 253 4373 ann.
279 4326 396 4373 371.
439 4323 629 4384 (Ἀη.1.
657 4322 1026 4384 ΒεΑηιιη-οξίυε
1056 4322 1142 4369 lib.
1181 4321 1230 4384 1.
1256 4320 1602 4384 deOﬂiciisic.
1628 4324 1728 4384 50.,

145 4394 195 4434 et
216 4385 424 4449 Epistol.
450 4385 515 4449 a_d_
533 4383 899 4449 Vercellenses,
918 4383 967 4431 S.
982 4383 1285 4449 Augustinus
1305 4383 1369 4449 de
1385 4383 1512 4449 bono
1529 4383 1728 4449 Gotting.

143 4443 356 4508 mp.‘18.
384 4460 438 4495 ιι.
464 4446 544 4508 2).
571 4447 816 4507 praecipue
842 4458 960 4508 vero
982 4443 1298 4508 Innocentius
1315 4443 1354 4508 i.
1382 4444 1526 4505 epist.
1551 4447 1609 4494 ad
1624 4443 1731 4495 M5-

142 4505 375 4578 9009an
402 4513 458 4578 et.
479 4505 589 4578 1:99;
605 4505 1026 4578 (ιιέοίίυθΡὶίίῐῐιὲεν
1053 4505 1503 4578 ἓ¹ἓὲίιυεέί¹εέἓῑ¹⁰⁶ινδν
1523 4519 1731 4578 mortem

144 4568 192 4616 in
217 4564 526 4618 Occidentali
552 4564 770 4616 Ecclesia
792 4564 1012 4614 deﬁnitio
1033 4565 1263 4613 obtinuit.
1295 4564 1357 4613 Ut
1381 4564 1498 4613 vero
1519 4564 1614 4615 non
1639 4570 1729 4617 de-

141 4629 238 4693 sint
261 4632 348 4693 qui
371 4629 660 4693 Hieronymi
683 4629 978 4693 sententiam
1002 4634 1265 4693 utcumque
1292 4630 1522 4693 tueantur
1547 4630 1729 4693 eruditi

142 4691 254 4750 viri,
281 4687 395 4740 eam
420 4691 548 4751 apud
569 4687 854 4740 Orientales
880 4687 1338 4751 AvaluisseLvquitt,
1365 4688 1493 4748 quod
1533 4691 1728 4751 potissi-

139 4747 272 4799 mum
313 4747 808 4813 argumentanturrex
835 4748 1227 4813 adnotationibus
1246 4747 1462 4813 longi-te,
1489 4747 1547 4813 ac
1567 4750 1731 4813 Balsa-

139 4815 301 4861 monis
323 4809 578 4863 in'Cauon.
607 4812 691 4872 l7.
708 4809 1066 4872 Apostolorum,
1091 4823 1236 4872 quem
1261 4811 1313 4857 S.
1340 4809 1536 4872 Doctori
1562 4809 1728 4864 favere

140 4874 453 4922 existimat.
479 4872 576 4921 Sed
599 4870 778 4934 nullam
796 4884 972 4920 revera
990 4870 1149 4934 Canuti
1173 4870 1257 4920 ille
1269 4871 1486 4934 coniugii
1511 4881 1624 4921 ante
1647 4875 1730 4922 ba-

141 4935 378 4992 ptismum
402 4936 701 4982 mentionem
725 4933 836 4981 facit
857 4968 871 4990 ,
897 4939 949 4981 et
971 4939 1026 4980 ut
1048 4933 1244 4980 domum
1267 4931 1466 4980 Zonarac
1488 4946 1544 4982 ac
1564 4934 1728 4984 Balsa-

137 4993 325 5048 tnonis,
351 4993 439 5056 qui
475 5005 568 5056 non
612 4994 675 5042 de
707 4995 934 5056 coniugio
974 4995 1253 5056 loquuntur,
1292 4994 1380 5042 sed
1413 4993 1478 5042 de
1515 4999 1730 5056 peccatis

137 5053 554 5118 regenerationis
586 5053 933 5104 sacramentum
970 5053 1403 5118 praecedentibus,
1435 5053 1542 5102 eam
1561 5090 1574 5112 ,
1620 5069 1729 5118 quae

139 5114 267 5176 ipsis
291 5114 549 5170 tribuitur,
571 5122 788 5177 mentem
811 5129 920 5177 esse
942 5151 956 5174 ,
972 5114 1094 5177 quid
1119 5124 1281 5177 tamen
1321 5117 1406 5177 ipsi
1445 5114 1693 5166 senserint
1711 5153 1725 5177 ,

134 5177 392 5288 produnt,
419 5186 516 5222 non
539 5175 655 5245 quid
683 5181 780 5222 tota
803 5175 1020 5246 Orientis
1040 5176 1278 5248 Ecclesia.
1305 5175 1431 5248 Quin
1464 5177 1571 5236 ipse
1597 5175 1729 5248 idem

163 5239 481 5288 lteronvmus
497 5249 604 5284 cum
623 5250 670 5283 in
694 5237 783 5284 hac
807 5238 1006 5288 epistola
1019 5247 1301 5288 contrariam
1323 5241 1416 5286 stin
1433 5245 1728 5288 sententiam

163 5239 484 5300 lieronymus
497 5249 604 5284 cum
623 5237 670 5300 in
683 5237 783 5300 hac
807 5237 1006 5297 epistola
1019 5241 1301 5300 contrariam
1323 5239 1416 5286 sibi
1433 5239 1728 5300 sententiam

136 5298 446 5350 Cainitarum
474 5298 663 5360 haeresi
674 5298 781 5360 t’ere
805 5307 1076 5359 accenseat,
1103 5299 1230 5348 haud
1253 5300 1406 5347 multo
1428 5305 1535 5360 post
1560 5300 1606 5346 in
1632 5299 1728 5347 line

135 5360 250 5410 libri
279 5362 425 5424 primi
452 5367 619 5424 contra
645 5359 916 5424 Bullinum,
940 5362 1124 5424 animos
1146 5359 1442 5424 demittcns,
1475 5378 1496 5405 α
1520 5361 1728 5424 interro-

133 5425 255 5484 gati,
271 5421 491 5484 i'nquit,a
516 5421 760 5478 fratribus,
780 5421 895 5483 quid
922 5422 1060 5470 nobis
1081 5422 1345 5484 videretur,
1369 5421 1728 5483 respondimus,

135 5481 258 5532 nulli
287 5481 680 5546 ‘prmjudicantes
701 5481 852 5546 sequi,
865 5485 994 5544 quod
1020 5481 1174 5541 velit,
1200 5496 1292 5546 n_e_c
1315 5481 1520 5531 alterius
1552 5484 1729 5546 dcere:

134 5551 239 5593 tum
283 5543 454 5594 nostra
485 5547 742 5605 sententia
781 5543 1148 5605 subvertentcs.
1175 5560 1197 5587 ι
1227 5544 1345 5605 Haec
1377 5550 1634 5605 antequam
1672 5543 1731 5592 ad

134 5607 287 5669 ipsam
311 5604 574 5669 epistolam
593 5607 812 5669 accedat,
832 5604 1091 5669 Lectorem
1113 5604 1270 5652 semel
1295 5604 1518 5669 docuisse
1533 5611 1730 5669 oporte-

133 5665 244 5729 bat,
274 5676 330 5716 ut
347 5665 566 5731 singulis
590 5668 636 5714 in
661 5680 769 5715 eam
801 5667 1097 5731 sententiam
1119 5667 1422 5726 argumentis
1441 5665 1729 5731 quidrepo-

132 5727 354 5782 nendum
377 5728 614 5779 continuo
634 5735 712 5796 sit,
738 5727 1057 5789 intelligeret.

1515 267 1849 331 EPISTOLA
1888 273 2077 328 LXIX.

3325 287 3436 351 65‘

1848 387 1931 441 dit
1955 386 2043 440 inv
2068 387 2185 442 idus
2224 387 2410 444 salutis
2437 388 2623 446 aliena:
2648 405 2663 454 ;
2708 391 2896 459 Anuce,
2927 397 2971 450 si
2995 413 3084 469 ego
3107 397 3268 454 bonus
3293 417 3428 469 sum,

1845 495 1998 549 quare
2019 480 2201 534 oculus
2223 490 2336 536 tuus
2356 484 2569 552 nequam
2585 485 2685 560 est?
2700 482 2912 554 (Matth.
2928 487 3018 543 ‘20.
3039 492 3148 563 15.)
3170 492 3433 550 Conclusit

1846 567 1983 622 Deus
2011 570 2179 624 omnia
2207 573 2300 625 sub
2338 582 2564 642 peccato,
2590 583 2643 626 ut
2665 575 2893 629 omnibus
2919 579 3211 636 misereatur
3241 585 3421 654 (Rom.

1847 659 1936 713 11.
1966 660 2079 729 32).
2113 659 2211 716 Ubi
2248 662 2524 717 abundavit
2552 675 2830 734 peccatum,
2855 669 3278 737 superabundavit
3308 695 3426 746 gra.

1846 750 1916 803 tia
1966 749 2144 819 (Ibid.
2177 753 2231 808 5.
2278 751 2410 825 20).
2460 754 2608 810 Caesa
2656 765 2780 810 sunt
2817 755 3031 828 IEgypti
3075 760 3427 832 primogenita

1849 839 2042 910 (Exod.
2076 841 2186 912 12),
2233 853 2287 898 et
2326 861 2393 900 ne
2418 845 2714 916 iumentum
2754 849 2966 919 quidem
2996 850 3341 909 lsraeliticum
3376 858 3429 912 in

1845 931 2078 1005 Egypto
2099 935 2411 992 derelictum
2429 946 2530 993 est.
2562 939 2627 994 Et
2657 939 2749 1013 [al.
2773 941 2878 1014 En]
2903 945 3176 1014 consurgit
3197 946 3324 1000 mihi
3352 950 3429 1018 (ά)

1845 1022 2007 1079 Caina
2038 1025 2285 1094 haeresis,
2318 1037 2478 1099 atque
2504 1031 2632 1085 olim
2659 1041 2901 1086 emortua
2929 1033 3110 1104 vipera
3139 1038 3429 1093 contritum

1845 1127 2003 1184 caput
2034 1117 2194 1185 levat,
2222 1135 2342 1189 quae
2371 1135 2478 1176 non
2508 1137 2575 1177 ex
2603 1132 2754 1194 parte
2784 1135 2844 1178 ut
2884 1135 3008 1181 ante
3036 1141 3427 1197 consueverat,

1845 1205 1940 1261 sed
1993 1215 2160 1262 totum
2212 1209 2409 1264 Christi
2459 1212 2668 1267 subruit
2719 1225 3132 1272 sacramentum.
3184 1218 3260 1290 (1)
3293 1220 3431 1275 Dicit

1846 1298 1988 1352 enim
2018 1315 2138 1355 esse
2182 1302 2356 1372 aliqua
2390 1314 2628 1373 peccata,
2661 1321 2780 1376 qum
2824 1308 3066 1364 Christus
3108 1326 3214 1365 non
3263 1315 3431 1380 possit

1846 1405 2072 1461 purgare
2092 1394 2350 1459 sanguine
2367 1411 2501 1461 suo;
2529 1406 2583 1451 et
2603 1406 2706 1450 tam
2726 1399 3020 1468 profundas
3043 1403 3304 1458 scelerum
3327 1407 3428 1473 pri-

1846 1480 2106 1536 stinorum
2144 1481 2305 1554 412
2344 1485 2607 1542 inhmrere
2631 1486 2725 1559 [al.
2749 1488 2920 1561 inseri]
2937 1494 3251 1562 corporibus
3267 1504 3425 1564 atque

1843 1571 2038 1626 animis
2084 1573 2381 1641 cicatrices,
2435 1586 2493 1631 ut
2520 1577 2781 1632 medicina
2825 1580 2966 1635 illius
3009 1585 3276 1638 attenuari
3320 1602 3424 1640 non

1844 1675 2062 1732 queant.
2087 1667 2221 1732 Quid
2247 1669 2389 1722 aliud
2416 1671 2548 1738 agit,
2574 1673 2673 1725 nisi
2703 1683 2758 1726 ut
2786 1673 3033 1730 Christus
3061 1675 3255 1732 frustra
3279 1694 3424 1732 mor-

1847 1763 1966 1808 tuus
1995 1756 2100 1808 sit?
2129 1755 2346 1810 Frustra
2375 1767 2551 1813 autem
2582 1770 2821 1816 mortuus
2851 1772 2952 1828 est,
2980 1766 3024 1817 si
3063 1765 3270 1833 aliquos
3295 1768 3445 1821 vivi-

1842 1841 2002 1898 ﬁcare
2042 1861 2147 1899 non
2180 1856 2378 1915 potest.
2412 1848 2663 1904 Mentitur
2692 1851 2928 1908 Joannes
2972 1853 3228 1923 Baptista,
3259 1867 3313 1910 ct
3340 1858 3424 1911 di-

1839 1939 1948 2008 gito
1973 1938 2242 1996 Christum
2272 1951 2326 1996 et
2347 1956 2478 1997 voce
2501 1943 2876 2000 demonstrans
2907 1963 2920 1998 :
2954 1945 3086 2000 Ecce
3110 1949 3284 2018 Agnus
3306 1949 3421 2017 Dei,

1841 2033 1927 2100 qui
1954 2034 2086 2087 tollit
2117 2044 2320 2104 peccata
2348 2035 2525 2090 mundi
2553 2035 2733 2106 (Joan.
2766 2039 2818 2091 1.
2847 2036 2939 2108 29)
2960 2079 2975 2102 ,
3007 2039 3051 2094 si
3083 2051 3208 2094 sunt
3251 2042 3424 2097 adhuc

1840 2125 1893 2180 in
1922 2127 2138 2191 saeculo,
2170 2143 2396 2196 quorum
2422 2128 2669 2184 Christus
2695 2140 2909 2199 peccata
2949 2146 3054 2186 non
3085 2132 3286 2188 tulerit.
3317 2137 3426 2190 Aut

1841 2218 1984 2272 enim
2013 2218 2332 2274 ostendendi
2361 2229 2484 2274 sunt
2503 2234 2608 2274 non
2631 2235 2750 2276 esse
2771 2221 2838 2276 de
2861 2221 3080 2286 mundo,
3111 2239 3244 2292 quos
3268 2224 3423 2278 Chri-

1840 2310 1909 2366 sti
1961 2310 2172 2381 iguoret
2216 2311 2539 2382 indulgentia
2573 2329 2586 2366 :
2618 2321 2709 2367 aut
2734 2313 2779 2367 si
2823 2313 2892 2367 de
2919 2312 3117 2367 mundo
3145 2323 3288 2378 sunt,
3321 2316 3422 2369 eli-

1839 2402 2069 2473 gendum
2094 2418 2125 2457 e
2146 2402 2351 2457 duobus
2369 2403 2616 2458 alterum.
2643 2393 2922 2459 Liberalia
2948 2405 3200 2474 peccatis,
3226 2405 3423 2460 Christi

1839 2491 2130 2562 potentiam
2179 2493 2404 2562 probant
2435 2510 2449 2545 :
2481 2507 2587 2548 non
2629 2494 2856 2560 liberati,
2903 2495 3051 2562 quasi
3082 2494 3259 2548 adhuc
3298 2497 3374 2550 rei
3403 2537 3418 2561 ,

1840 2583 2261 2639 imbecillitatem
2288 2584 2676 2639 demonstrant.
2711 2585 2817 2640 Sed
2843 2586 2982 2640 absit
3010 2587 3111 2641 hoc
3138 2587 3204 2642 de
3235 2588 3423 2642 Omni-

1839 2685 2056 2748 potente
2084 2676 2326 2743 credere,
2357 2677 2498 2747 quod
2529 2678 2581 2732 in
2607 2678 2788 2747 aliquo
2815 2679 3082 2747 impotens
3112 2679 3201 2732 sit.
3237 2678 3423 2732 Omnia

1839 2785 1950 2839 qua
1981 2767 2139 2822 Pater
2168 2769 2314 2839 facit,
2347 2781 2392 2822 et
2422 2768 2592 2823 Filius
2621 2772 2741 2841 facit
2768 2771 3000 2823 similiter
3026 2769 3184 2842 (Ibid.
3219 2771 3271 2825 5.
3303 2770 3419 2840 19).

1840 2859 2124 2914 Inﬁrmitas
2155 2858 2274 2914 Filii
2313 2859 2576 2914 redundat
2601 2860 2667 2913 ad
2699 2860 2931 2914 Patrem.
2962 2861 3164 2914 Cuncta
3195 2859 3420 2914 ovicuhc

1840 2951 2078 3006 membra
2102 2959 2309 3020 portata
2337 2960 2460 3006 sunt
2487 2968 2500 3003 :
2526 2958 2651 3004 tota:
2678 2950 2918 3020 Apostoli
2947 2950 3200 3019 Epistolae
3221 2950 3419 3005 Christi

1838 3044 2063 3112 gratiam
2091 3053 2303 3097 sonant.
2338 3043 2404 3097 Et
2432 3057 2499 3096 ne
2528 3057 2714 3112 parum
2739 3042 3010 3096 videretur
3039 3041 3264 3110 simplex
3292 3056 3417 3112 gra-

1841 3135 1927 3189 tia
1955 3135 2282 3204 nuncupatio
2317 3152 2329 3188 :
2361 3132 2558 3197 Gratia,
2591 3132 2779 3202 inquit,
2810 3132 2945 3186 vobis
2974 3141 3021 3185 et
3045 3148 3147 3201 pax
3171 3132 3424 3201 multipli-

1839 3235 1976 3279 cetur
2009 3226 2100 3295 (1.
2135 3222 2278 3278 Petr.
2310 3225 2362 3278 1.
2398 3222 2492 3294 2).
2539 3222 2904 3292 Multiplicatio
2932 3222 3281 3292 promittitur,
3311 3231 3365 3276 et
3389 3235 3422 3276 a

1839 3319 1994 3374 nobis
2022 3318 2258 3387 paucitas
2297 3316 2612 3371 affirmatur.

1908 3410 1962 3464 2.
1996 3411 2262 3476 Quorsum
2292 3409 2436 3463 ista?
2462 3407 2531 3481 (ε)
2558 3407 2705 3463 Nosti
2741 3409 3013 3479 problema
3060 3417 3206 3464 tuum
3240 3425 3254 3462 :
3285 3407 3421 3464 Car-

1840 3503 2006 3558 terius
2049 3501 2317 3570 Hispaniae
2349 3501 2668 3570 Episcopus,
2701 3499 2863 3555 homo
2905 3510 2958 3556 et
2996 3507 3153 3554 aetate
3184 3508 3336 3554 vetus
3365 3507 3420 3554 et

1835 3593 2160 3658 sacerdotio,
2184 3608 2340 3646 unam
2358 3600 2643 3662 antequam
2661 3592 3039 3661 baptizaretur,
3059 3590 3281 3646 alteram
3300 3599 3421 3659 post

1835 3687 2128 3754 lavacrum,
2149 3687 2329 3756 priore
2349 3694 2582 3750 mortua,
2607 3684 2757 3739 duxit
2777 3699 2996 3738 uxorem
3022 3700 3036 3750 ;
3065 3692 3120 3737 ct
3139 3682 3416 3737 arbitraris

1834 3796 1956 3836 eum
1979 3791 2167 3836 contra
2193 3778 2432 3846 Apostoli
2476 3776 2668 3829 fecisse
2692 3777 3036 3838 sententiam,
3065 3776 3153 3843 qui
3184 3775 3235 3827 in
3267 3784 3417 3828 cata-

1835 3871 1958 3942 logo
1984 3873 2261 3931 virtutum,
2293 3867 2614 3934 Episcopum
2638 3864 2790 3915 unius
2820 3865 2995 3916 uxoris
3017 3863 3178 3915 virum
3208 3878 3413 3930 prmcc-

1835 3961 1977 4032 perit
2019 3955 2391 4012 ordinandum.
2425 3953 2586 4007 Miror
2615 3960 2790 4004 autem
2817 3960 2870 4006 te
2895 3966 3058 4004 unum
3090 3952 3418 4019 protraxisse

1836 4050 1890 4104 in
1921 4047 2179 4113 medium,
2224 4059 2344 4099 cum
2387 4044 2561 4098 omnis
2601 4041 2830 4096 mundus
2861 4041 2944 4095 his
2990 4041 3416 4096 ordinationibus

1835 4141 2025 4212 plenus
2054 4137 2124 4192 sit
2147 4153 2163 4200 ;
2197 4152 2300 4190 non
2322 4134 2443 4189 dico
2469 4134 2538 4188 de
2565 4133 2918 4203 Presbytcris,
2949 4149 3052 4186 non
3079 4131 3145 4187 de
3173 4132 3415 4187 inferiori

1834 4231 2000 4301 gradu
2031 4247 2044 4283 :
2073 4228 2138 4282 ad
2165 4228 2455 4296 Episcopos
2476 4226 2654 4291 venio,
2681 4240 2816 4295 quos
2831 4227 2873 4279 si
2897 4226 3164 4295 sigillatim
3189 4226 3412 4281 voluero

1833 4320 1994 4392 413
2032 4319 2330 4383 nominare,
2355 4325 2530 4369 tantus
2548 4330 2799 4370 numerus
2823 4318 3248 4387 congregahitur,
3272 4317 3416 4389 ut(f)

1834 4411 2188 4467 Ariminensis
2200 4408 2396 4480 Synodi
2417 4407 2696 4462 multitudo
2707 4418 3006 4478 superetur.
3025 4411 3131 4466 Sen
3160 4427 3413 4467 noscens

1835 4520 1950 4567 ηδτ,
1981 4503 2058 4557 sic
2085 4516 2247 4556 unum
2279 4499 2440 4566 tueri,
2473 4507 2529 4554 ut
2553 4503 2733 4569 plures
2773 4515 3024 4557 accusare
3054 4502 3322 4567 videaris;
3355 4511 3410 4558 et

1833 4610 1990 4665 quem
2020 4595 2226 4650 ratione
2247 4607 2352 4648 non
2379 4592 2570 4664 possis,
2591 4594 2844 4650 societate
2872 4596 3201 4663 peccantium
3227 4594 3413 4649 defen-

1895 4753 1971 4818 (d)
2006 4755 2202 4803 Cainam
2239 4753 2467 4818 haeresim
2504 4753 2719 4818 secundo
2761 4753 2996 4818 Ecclesia;
3039 4753 3217 4818 sarculo
3258 4753 3416 4818 sciunt

1832 4814 2005 4866 omnes
2027 4819 2090 4864 ita
2113 4814 2430 4878 appellatam,
2455 4815 2751 4878 quod‘Caino
2769 4815 3035 4876 prtesertim
3050 4816 3294 4878 honorem
3317 4815 3408 4862 de-

1833 4877 2014 4935 ferret;
2042 4877 2128 4925 sed
2147 4874 2333 4924 novam
2359 4874 2545 4924 heic‘S.
2572 4875 2750 4923 Doctor
2770 4874 2985 4923 ‘nominis
3017 4874 3306 4923 allusionem
3347 4889 3410 4923 ex

1834 4952 1894 4986 eo
1916 4940 2046 4997 facit,
2068 4938 2194 4998 quod
2215 4937 2487 4998 sicutiCain
2504 4937 2736 4998 majorem
2759 4935 2945 4997 culpam
2960 4948 3093 4982 suam
3109 4935 3247 4989 dixit.
3269 4949 3412 4998 quam

1831 5012 1941 5060 qua:
1973 4996 2140 5060 pessct
2161 5013 2188 5044 a
2213 4997 2320 5044 Deo
2341 4996 2515 5060 dimitti
2535 5034 2558 5060 ,_
2575 4998 2637 5044 ita
2662 4997 2709 5044 hi
2731 5034 2744 5051 ,
2769 4996 2933 5060 contra
2965 5008 3087 5056 quos
3109 4997 3293 5052 scribit,
3320 4996 3413 5060 uli-

1832 5055 1928 5120 ᾱιια
1945 5055 2045 5108 esse
2065 5059 2304 5120 dicerent,
2329 5069 2426 5118 qua
2442 5055 2657 5120 gjlujistus
2675 5069 2767 5104 non
2790 5056 2934 5118 possit
2957 5055 3166 5120 purgare
3185 5057 3414 5118 sanguine

1833 5117 1936 5175 suo,
1963 5121 2069 5166 sive
2095 5119 2140 5164 in
2166 5117 2403 5175 baptismo
2425 5117 2698 5164 dimittere.

1896 5180 1966 5286 te)
2001 5177 2094 5225 Alii
2119 5177 2256 5246 codd.
2283 5185 2491 5246 Quorum
2515 5184 2622 5225 sunt
2658 5177 2751 5226 ista
2781 5189 2891 5238 quia
2921 5178 3044 5228 nosti
3077 5177 3370 5242 problemata
3389 5177 3416 5227 .’

1896 5259 1898 5282 ι
1941 5249 2170 5286 ouorsum
2192 5241 2284 5284 ista
2300 5243 2419 5284 nostr
2442 5236 2734 5286 problemata
2751 5236 2775 5286 ?

1835 5235 1916 5288 vel
1941 5235 2170 5298 (morsum
2192 5235 2284 5298 ista
2296 5235 2421 5298 nosti
2441 5236 2775 5298 problemata?

1901 5297 1974 5372 (f)
2007 5297 2460 5372 'l‘ercenticircitcr
2482 5297 2705 5372 Episcopi
2743 5297 3277 5372 interfuere._cherus
3299 5300 3410 5372 Sul:

1868 5357 1987 5422 iti'u's
2021 5370 2278 5422 numerum
2315 5357 2471 5406 adhuc
2512 5357 2688 5419 auget.
2722 5373 2865 5422 supra
2890 5361 3296 5422 quadringentos;
3322 5362 3413 5411 sed

1868 5375 1987 5408 tttus
2021 5375 2278 5406 ηυηηπυιιι
2315 5375 2471 5406 30111113
2512 5375 2688 5419 auget,
2722 5375 2865 5422 supra
2890 5375 3296 5422 quaartnwentos;
3322 5375 3413 5411 sed

1833 5375 2030 5488 Fallitur.
2050 5418 2376 5488 Hieronymus
2390 5427 2622 5488 verotam
2646 5399 3132 5488 grandetn‘ejiismrxli
3151 5423 3413 5472 ordinatio-

1835 5480 2160 5545 num_vim_i_ta
2184 5476 2571 5545 iu'ﬁpolog_.‘_l_ib.
2602 5476 2838 5545 licontra
2861 5476 3035 5530 Rutilo.
3063 5491 3332 5545 temperat,
3357 5491 3412 5545 ut

1835 5557 1931 5592 non
1949 5543 2045 5609 jam
2069 5539 2196 5608 dicat
2209 5537 2536 5609 iplcitutn‘illis
2556 5544 2806 5609 mundum,
2830 5545 2917 5594 sed
2937 5551 3120 5594 tantum
3145 5537 3416 5596 istiusmodi

1836 5598 2106 5655 sacerdotes
2129 5599 2178 5648 in
2203 5598 2413 5650 Ecclesia
2435 5615 2536 5652 esse
2555 5598 2818 5655 nonnullos.

1901 5665 1972 5736 (t)
2007 5661 2187 5736 Mavult
2212 5660 2432 5736 Gravius,
2462 5665 2664 5717 dicendo
2701 5668 2858 5736 enim,
2895 5675 2958 5736 et_
2984 5682 3097 5722 mox
3132 5668 3250 5734 quid
3273 5667 3410 5721 aliud

1839 5727 1959 5792 09“:
1984 5735 2038 5776 ιιι
2059 5727 2122 5776 Sit
2143 5737 2238 5774 una
2263 5727 2492 5788 Periodus
2511 5743 2619 5782 cum
2639 5731 2978 5795 subsequenti.
