4056 6184
600 273 705 332 659

600 391 727 446 stim
755 386 1009 461 Apostolo
1032 384 1165 440 colla
1194 377 1502 435 submittent
1523 413 1538 440 ,
1569 380 1620 429 et
1646 372 1793 428 inviti
1821 372 1957 427 inter
1983 383 2176 461 uxores

604 497 697 538 eas
725 459 964 549 recipere
1001 480 1274 542 cogentur.
1318 468 1412 523 Sin
1443 473 1614 521 autem
1648 462 1945 533 Principale
1983 459 2180 516 rescri-

604 583 754 643 ptum
799 569 978 626 eadem
1027 567 1252 618 tenuitas
1293 560 1580 628 impetrare
1617 570 1722 610 non
1758 555 2022 626 quiverit,
2061 566 2183 607 cum

605 662 840 719 romanis
880 656 1082 725 legibus
1115 655 1245 708 scita
1282 651 1535 706 Ecclesia:
1565 649 1924 704 mutabuntur.
1954 645 2087 700 Vide
2115 658 2184 698 ne

608 755 708 806 hoc
735 747 876 819 quod
901 745 1093 799 dicitur
1123 762 1136 798 :
1162 742 1311 796 unius
1340 741 1513 794 uxoris
1537 739 1698 793 uirum
1721 779 1735 802 ,
1763 738 1919 792 unius
1947 734 2185 790 mulieris

603 840 772 912 possit
806 837 1026 906 intelligi
1052 878 1066 903 ,
1095 844 1155 890 ut
1181 834 1245 889 ad
1275 834 1473 888 coitum
1504 831 1670 902 magis
1697 829 1956 886 referatur
1980 869 1995 894 ,
2027 840 2184 897 quam

601 932 668 984 ad
709 929 914 984 dotales
956 927 1180 981 tabulas.
1228 925 1354 980 llaec
1396 925 1641 979 universa
1679 921 1998 993 proferimus
2023 957 2038 983 ,
2078 933 2184 973 non

601 1037 709 1092 quo
733 1035 875 1075 verae
905 1027 958 1074 et
984 1018 1207 1086 simplici
1240 1016 1599 1087 intelligentia:
1625 1015 1933 1070 resistamus
1963 1030 1977 1066 :
2005 1011 2099 1066 sed
2130 1017 2189 1064 ut

601 1113 886 1167 doceamus
915 1121 966 1166 te
991 1109 1294 1179 Scripturas
1317 1117 1528 1164 sanctas
1553 1108 1630 1162 sic
1654 1107 1946 1177 intelligere
1972 1113 2026 1158 ut
2051 1102 2187 1158 scri-

604 1213 711 1270 ptae
737 1211 892 1266 sunt;
926 1216 1025 1256 nec
1049 1215 1307 1256 cvacuare
1334 1199 1655 1268 baptismum
1681 1196 1992 1262 Salvatoris,
2023 1202 2077 1249 et
2106 1201 2188 1248 to-

603 1307 716 1349 tum
746 1293 962 1364 patibuli
988 1301 1379 1346 sacramentum
1405 1290 1611 1344 irritum
1644 1289 1836 1343 facere.

674 1383 728 1438 6.
759 1383 1062 1437 Reddamus
1090 1381 1232 1452 quod
1262 1378 1419 1450 paulo
1448 1389 1571 1434 ante
1617 1377 1978 1448 promisimus,
2024 1383 2079 1431 et
2120 1375 2190 1432 de

605 1475 786 1531 schola
805 1474 1125 1540 Rhetorum,
1153 1488 1410 1543 aquarum
1449 1471 1612 1544 5.19
1646 1471 1833 1526 laudes
1861 1468 2188 1539 etbaptismi

605 1567 958 1636 prmdicemus
972 1565 1074 1638 (l).
1094 1563 1260 1619 Rudis
1276 1563 1525 1630 mundus,
1543 1561 1767 1618 necdum
1783 1561 1898 1616 sole
1914 1560 2187 1627 rutilante,

606 1671 707 1710 nec
734 1655 968 1725 pallente
997 1656 1143 1721 luna,
1176 1669 1275 1709 nec
1304 1654 1461 1707 astris
1491 1653 1830 1719 micantibus,
1863 1650 2192 1720 incomposi-

606 1754 714 1800 tam
737 1755 790 1798 et
810 1744 1127 1799 invisibilem
1154 1743 1454 1808 materiam,
1478 1741 1791 1812 abyssorum
1809 1738 2190 1809 magnitudine,

608 1846 664 1893 et
712 1836 1041 1891 deformibus
1083 1833 1318 1888 tenebris
1370 1832 1722 1902 opprimebat.
1766 1831 1921 1886 Solus
1965 1829 2194 1899 Spiritus

610 1928 704 1982 Dei
734 1927 786 1980 in
815 1926 1013 1996 aurigae
1036 1925 1248 1980 modum
1278 1938 1438 1993 super
1465 1937 1630 1992 aquas
1654 1921 1920 1976 ferebatur
1951 1918 2116 1990 (Gen.
2137 1920 2191 1973 1.

608 2017 712 2086 2),
744 2027 798 2071 et
825 2026 1132 2070 nascentem
1162 2013 1412 2068 mundum
1444 2014 1496 2066 in
1528 2012 1692 2082 figura
1721 2010 1969 2080 baptismi
2016 2018 2196 2079 partu-

608 2107 798 2163 riebat.
847 2107 988 2162 Inter
1028 2106 1223 2161 caelum
1272 2113 1326 2158 et
1364 2111 1580 2170 terram,
1636 2102 1867 2156 medium
1905 2102 2194 2156 exstruitur

608 2198 996 2252 firmamentum
1019 2212 1032 2259 ;
1057 2203 1113 2250 et
1137 2195 1286 2263 juxta
1310 2192 1551 2248 llehraici
1579 2193 1851 2258 sermonis
1892 2200 2195 2259 ἓτυμσλσγίαν

608 2289 826 2354 ctelum,
860 2288 908 2341 id
937 2295 1038 2352 est,
1070 2301 1264 2341 suam
1301 2301 1368 2339 ex
1396 2285 1540 2354 aquis
1570 2285 1792 2340 sortitur
1826 2286 2141 2340 vocabulum
2177 2303 2191 2339 :

611 2391 665 2436 et
692 2397 844 2452 aquae
895 2395 1013 2451 qua:
1054 2393 1216 2449 super
1243 2379 1408 2434 caelos
1429 2387 1574 2440 sunt,
1602 2377 1654 2431 in
1693 2376 1878 2432 laudes
1909 2377 2005 2431 Dei
2034 2391 2192 2447 sepa-

609 2481 815 2526 rantur.
862 2471 1012 2534 Unde
1037 2479 1091 2525 et
1127 2470 1179 2524 in
1229 2468 1511 2525 Ezechiele
1557 2467 1843 2538 Propheta,
1875 2468 2195 2539 Crystallum

612 2576 774 2630 super
791 2561 1074 2616 Cherubim
1107 2559 1311 2615 videtur
1335 2568 1614 2614 extensum
1646 2558 1872 2628 (Ezeclt.
1907 2559 1930 2611 1
1954 2561 1995 2628 ),
2020 2558 2072 2612 id
2091 2567 2194 2625 est,

613 2661 904 2722 compacta:
930 2661 984 2706 et
1002 2651 1276 2707 densiores
1303 2666 1474 2722 aquae.
1506 2651 1744 2706 Primum
1770 2650 1836 2704 de
1854 2650 2026 2720 aquis,
2053 2649 2196 2719 quod

613 2743 761 2808 vivit,
789 2743 1057 2813 egreditur
1085 2752 1138 2797 et
1161 2751 1418 2812 pennatos
1444 2740 1627 2796 ﬁdeles
1651 2740 1718 2795 de
1745 2748 1885 2795 terra
1910 2739 1974 2794 ad
2001 2740 2196 2794 cmlum

614 2835 773 2890 levat.
808 2833 1119 2889 Fabricatur
1143 2834 1304 2888 homo
1331 2832 1398 2887 de
1416 2832 1542 2887 limo
1565 2831 1585 2904 (
1607 2829 1734 2886 Gen.
1763 2831 1819 2885 2.
1849 2831 1951 2902 7),
1981 2839 2035 2886 et
2060 2832 2200 2886 inter

614 2942 801 2982 manus
833 2927 926 2983 Dei
955 2942 1208 2997 aquarum
1231 2935 1561 2982 sacramenta
1581 2933 1886 2980 versantur.
1924 2924 2200 2979 Plantatur

615 3020 889 3090 paradisus
920 3019 970 3073 in
995 3019 1144 3074 Eden
1171 3017 1348 3090 (Ibid.
1381 3034 1429 3071 υ.
1457 3018 1565 3088 8);
1588 3027 1643 3073 et
1669 3032 1803 3071 unus
1844 3015 1965 3072 fons
1991 3017 2045 3072 in
2067 3031 2201 3088 qua-

616 3123 736 3170 tuor
758 3113 1013 3184 principia
1048 3111 1320 3178 dividitur,
1353 3111 1441 3182 qui
1468 3120 1650 3180 postea
1681 3109 1959 3181 egrediens
1989 3110 2050 3164 de
2077 3118 2200 3164 tent-

617 3210 720 3280 pfo,
779 3216 826 3261 et
878 3214 1053 3261 contra
1101 3205 1222 3259 solis
1270 3213 1436 3258 ortum
1481 3203 1667 3258 vadens
1704 3202 1929 3273 (Ezec/t.
1975 3202 2064 3256 47.
2101 3200 2197 3271 1),

618 3315 828 3355 amaras
853 3313 1020 3369 aquas
1045 3307 1390 3366 mortuasque
1428 3295 1682 3351 vivificat.
1708 3296 1899 3352 Peceat
1927 3293 2160 3350 mundus
2183 3333 2199 3362 ,

618 3455 802 3504 facitad
827 3467 933 3503 rem
950 3455 1189 3510 uxoriam,
1206 3458 1261 3502 ut
1279 3465 1423 3515 quam
1447 3458 1589 3503 antea
1611 3453 1931 3504 concubinam
1943 3453 2203 3510 habuerat,

620 3519 771 3566 etiam
795 3517 976 3565 invitus
990 3516 1057 3578 Ain
1095 3527 1298 3578 uxorem
1323 3522 1521 3578 cogatur
1542 3517 1767 3578 recipere
1787 3517 1909 3578 ,iqui
1934 3515 2205 3564 meruerit?

618 3578 798 3628 Statum
835 3576 1034 3638 proinde
1072 3589 1158 3638 pro
1178 3575 1348 3638 stolam
1386 3577 1456 3624 vir
1476 3575 1668 3638 quidam
1689 3575 2020 3633 doctissimus,
2055 3588 2205 3637 quem

623 3653 714 3688 nos
746 3636 1099 3698 con—stiluimus‘,
1128 3636 1228 3698 legi
1260 3637 1450 3686 debere
1474 3636 1696 3698 opinatus
1719 3644 1822 3694 est,
1847 3648 2056 3697 eamque
2079 3636 2206 3686 indi-

619 3703 717 3749 cari
744 3697 918 3762 publici
943 3698 1171 3748 frumenti
1186 3697 1645 3762 partem,_qua’mg_x
1669 3697 1983 3762 Imperatoris
1999 3710 2206 3748 munere

623 3756 844 3810 nonnulli
884 3756 1303 3822 consequerentur
1327 3756 1459 3808 unde
1496 3759 1545 3806 in
1570 3756 1955 3822 Theodbs._(‘.od.
1983 3770 2077 3806 nec
2107 3772 2207 3822 _uno

622 3825 672 3871 in
701 3822 805 3872 loco
826 3821 939 3872 Stati
977 3818 1298 3872 Alexandrini
1333 3821 1519 3868 mentio
1543 3825 1621 3868 est
1645 3853 1660 3878 ,
1684 3818 1740 3866 ad
1764 3820 1901 3880 cujus
1926 3819 2206 3881 exemplum

622 3883 704 3936 alii
733 3884 959 3934 exhiberi
985 3883 1291 3932 debuissent.
1313 3881 1368 3930 Id
1392 3893 1511 3929 vero
1543 3892 1638 3942 non
1671 3881 2081 3942 satisiopportune
2099 3921 2112 3940 ,
2155 3887 2208 3933 et

623 3945 680 3992 ad
705 3959 827 4004 rem,
849 3953 903 3993 ut
920 3979 935 4003 ,
958 3945 1098 3993 nobis
1120 3944 1396 4005 tacentibus
1413 3981 1427 3999 ,
1453 3940 1592 3990 facile
1619 3947 1746 3990 totus
1765 3940 2046 4005 Hieronymi
2087 3957 2204 3994 con-

623 4015 791 4056 textus
813 4002 1146 4067 persuadebit.
1174 4004 1349 4067 Ncque
1393 4016 1452 4067 ea
1492 4017 1557 4067 ex
1595 4006 1734 4064 parte
1771 4002 1905 4052 locus
1945 4002 2208 4067 tentandus

625 4075 760 4124 erat,
784 4063 874 4114 sed
896 4064 1072 4112 Statum
1093 4063 1290 4125 omnino
1327 4063 1670 4125 retinendum;
1695 4075 1789 4125 non
1829 4077 1949 4114 vero
1969 4063 2130 4125 illius,
2156 4073 2209 4118 ut

622 4127 690 4176 ad
719 4130 1078 4186 Imperatorem,
1102 4123 1344 4186 referatur
1363 4159 1376 4181 ,
1396 4123 1485 4171 sed
1507 4123 1621 4182 illis,
1635 4131 1701 4186 fut
1722 4124 1782 4173 ad
1804 4125 2008 4176 ancillas
2028 4123 2207 4177 concu-

625 4183 798 4249 binas.
819 4183 994 4232 Statum
1032 4183 1381 4249 _quippe,_qute
1407 4196 1504 4249 non
1541 4185 1681 4233 modo
1717 4189 1914 4249 proprie
1957 4186 2208 4238 muliebris

627 4247 786 4308 vestis
811 4250 935 4300 erat,
953 4243 1220 4308 sedfetiam
1247 4243 1465 4308 [maestae
1487 4251 1673 4294 tantum
1695 4243 1934 4308 mulieris,
1961 4256 2014 4298 et
2040 4252 2208 4299 matris

627 4305 848 4368 familias,
874 4313 928 4354 ut
946 4305 1403 4368 _Ulpianus,_aliique
1437 4307 1646 4368 docent,
1673 4308 1845 4358 ancilla
1865 4343 1879 4368 ,
1921 4305 1975 4358 et
2017 4310 2211 4360 servilis

631 4367 927 4436 conditionis
941 4365 1116 4436 femina
1140 4365 1336 4416 deferre
1360 4381 1454 4416 non
1478 4365 1686 4436 poterat,
1706 4370 1839 4436 _quod
1863 4365 2083 4432 pluribus
2111 4385 2208 4436 _ve-

633 4437 797 4490 terum
818 4431 1106 4490 testimoniis
1129 4436 1430 4490 compertum
1455 4436 1559 4490 est;
1599 4431 1802 4480 minime
1842 4444 1960 4480 vero
1993 4433 2209 4482 omnium

629 4487 899 4556 concubina
922 4487 1253 4556 aeimeretrix;
1293 4502 1414 4556 quas
1453 4487 1555 4556 lege
1577 4491 1978 4556 a_matronalibtts_
2006 4493 2208 4556 decora-

630 4548 802 4617 mentis
823 4548 1144 4617 coercitas,_ut
1167 4548 1582 4617 'l‘er_tullianus"de
1604 4550 1892 4617 feminarum
1905 4553 2038 4617 cultu
2058 4554 2210 4617 loqui-

630 4607 1041 4676 tur,_planissime_
1057 4609 1227 4674 liquet.
1254 4611 1440 4676 Siquis
1461 4625 1606 4676 porro
1628 4613 1806 4662 ditatus
1821 4615 1882 4662 ab
1905 4607 2208 4676 Imperatbre

629 4671 816 4723 ancilla:
839 4671 1123 4722 concubinte
1155 4685 1256 4721 suae
1294 4671 1477 4721 stolam
1503 4674 1837 4735 impetrasset,
1861 4676 1960 4735 jam
1982 4671 2094 4725 'non
2127 4691 2212 4726 an-

629 4735 752 4784 eillze
777 4742 828 4783 et
864 4735 1169 4797 concubina},
1196 4735 1285 4783 sed
1324 4735 1492 4797 uxoris
1534 4733 1770 4797 legitimae
1807 4733 1955 4797 atque
1993 4736 2212 4789 honestae

630 4805 862 4860 matrona:
888 4794 992 4860 loco
1021 4795 1231 4860 haberet
1255 4808 1318 4843 ex
1359 4795 1586 4843 Romanis
1608 4794 1802 4856 legibus
1823 4833 1834 4854 ,
1859 4794 2006 4858 atque
2049 4799 2172 4849 adeo
2193 4836 2210 4860 ,

629 4859 768 4924 juxta
783 4868 882 4924 _e_os
904 4856 1121 4924 Apostoli
1147 4858 1468 4924 interpretes,
1496 4868 1558 4903 ex
1579 4869 1788 4924 quorum
1807 4856 2053 4924 sententia
2067 4856 2213 4924 sequi

629 4915 753 4968 dixit
783 4917 928 4966 Hier.
950 4915 1232 4979 'conjugales
1272 4915 1456 4979 tabulas
1487 4929 1546 4979 ac
1560 4915 1682 4976 jura
1706 4916 1888 4967 dotalia
1910 4931 2004 4969 non
2035 4915 2214 4974 coitum

631 4979 882 5041 damnari,
910 4976 1058 5027 etiam
1081 4976 1260 5041 invitus
1283 4976 1407 5041 colla
1452 4978 1766 5041 submitteret
1808 4979 2037 5041 Apostolo
2071 4984 2213 5036 tutius

629 5039 801 5090 uxoris
825 5038 982 5088 virum
1021 5038 1315 5106 pradicanti.
1357 5039 1586 5106 Sin_vero
1608 5040 1672 5106 ob
1683 5038 2211 5106 _paupertatemimpe-

632 5055 801 5090 ικωηε
825 5055 982 5088 virum
1021 5055 1315 5100 praeutcanu.
1357 5055 1444 5088 om
1469 5055 1586 5088 vero
1608 5055 1672 5088 οι)
1695 5055 1785 5101 pau
1823 5055 2031 5091 ertatem
2054 5055 2211 5106 tmpe-

632 5109 768 5164 trare
791 5114 887 5149 non
910 5100 1166 5160 potuisset,
1192 5100 1285 5164 sibi
1303 5113 1411 5150 cum
1435 5099 1662 5164 Romanis
1683 5055 1879 5164 legibus
1900 5105 2020 5153 scita
2039 5104 2211 5156 Eccle-

631 5162 718 5209 size
743 5165 1176 5219 commutarentur,
1199 5163 1304 5211 sive
1320 5167 1374 5211 ut
1394 5163 1709 5211 concubinam
1731 5162 1960 5214 continuo
1982 5165 2209 5218 haberet.

631 5219 759 5271 Hine
782 5220 1018 5289 explicari
1041 5224 1186 5270 etiam
1212 5225 1388 5289 potch
1409 5223 1584 5289 lsidori
1621 5222 1796 5289 locus,
1821 5227 1961 5289 isque
1994 5233 2212 5289 mutuam

633 5289 802 5332 nostro
839 5281 965 5351 dare
1004 5281 1192 5351 lucem,
1214 5281 1311 5331 ’ubi
1349 5283 1539 5351 Origin.
1568 5283 1602 5333 l.
1625 5285 1672 5351 ρ.
1697 5299 1743 5351 c.
1769 5281 1816 5335 7.
1858 5281 2212 5351 italrinionium

634 5354 749 5392 esse
770 5340 1001 5392 nobilium
1003 5344 1196 5450 t{natam
1218 5340 1584 5404 conventionem,
1607 5345 1748 5404 dixit,
1775 5349 2006 5409 autquod
2027 5348 2212 5401 Civium

634 5409 823 5450 tantum
849 5412 983 5450 esset
1045 5416 1341 5450 omanorum.
1374 5412 1457 5450 aut
1491 5406 1619 5450 auod
1643 5409 1943 5450 matrimonia
1966 5413 2212 5450 anignimm

633 5409 823 5472 gntum
849 5412 983 5472 esset
1003 5406 1342 5472 Romanorum,
1374 5412 1457 5472 aut
1491 5406 1619 5472 quod
1643 5406 1945 5472 matrimonia
1966 5413 2213 5472 auSpicato

635 5461 1186 5535 iicrent'nngullaautem
1212 5461 1380 5535 essent
1400 5461 1712 5517 Plebawrum
1733 5471 1931 5531 antiqua
1965 5461 2210 5535 auspicia,

636 5526 693 5568 ut
717 5533 780 5567 ex
807 5521 944 5566 Livio
972 5531 1269 5573 compertum
1293 5533 1386 5573 est.

702 5577 1511 5654 (pfiavipsﬂadmfidem‘veteris
1546 5587 1657 5654 libri
1704 5589 1900 5654 (Rudis
1935 5593 2134 5654 mundi,
2160 5601 2212 5646 et

637 5649 755 5684 mox
784 5636 1062 5706 abyssorum
1090 5639 1344 5692 multitudo
1361 5678 1376 5703 ,
1398 5647 1480 5697 vel
1500 5636 2209 5709 magnitudo—ct—deforme‘s’te:

639 5697 815 5746 nebrte
846 5696 1199 5754 opprimebant.

1908 251 2147 310 SANCTI
2187 249 2570 308 HIERONYMI

3768 259 3869 318 660

2287 377 2341 425 et
2361 370 2476 425 sine
2505 379 2762 439 aquarum
2790 366 3001 424 Diluvio
3032 382 3143 425 non
3171 376 3428 443 purgatur
3457 371 3628 444 (Gen.
3662 374 3717 431 7.
3750 378 3873 452 17),

2285 463 2581 534 Statimque
2606 463 2848 518 columba
2890 461 3119 533 Spiritus
3155 465 3348 533 sancti,
3389 468 3616 538 expulso
3642 471 3773 528 alite
3803 481 3876 530 te-

2288 557 2506 612 terrimo
2524 598 2539 624 ,
2568 557 2639 610 ita
2668 557 2734 611 ad
2759 556 2871 611 Noe
2893 557 3042 626 quasi
3063 557 3130 612 ad
3151 557 3421 616 Christum
3445 561 3498 615 in
3521 562 3759 622 Iordane
3786 567 3874 624 de-

2290 648 2465 713 volat,
2497 657 2552 703 et
2579 663 2729 704 ramo
2759 649 3064 704 refectionis
3105 665 3168 705 ac
3219 651 3469 719 luminis,
3524 671 3712 726 pacem
3762 664 3874 720 orbi

2288 740 2565 794 annuntiat
2593 738 2768 812 (Ibid.
2811 741 2864 796 8.
2917 740 3048 802 11).
3100 743 3306 800 Pharao
3356 762 3477 802 cum
3505 753 3743 809 exercitu
3780 771 3874 812 suo

2289 830 2476 886 nolens
2503 830 2580 901 (a)
2611 832 2861 902 populum
2902 834 2995 889 Dei
3031 836 3180 890 exire
3215 836 3282 892 de
3319 838 3551 912 Egypto
3573 885 3589 910 ,
3644 847 3696 901 in
3749 856 3874 921 typo

2291 921 2621 992 baptismatis
2664 924 2951 981 suffocatur
2989 926 3185 997 (Exod.
3219 931 3306 986 14.
3339 932 3452 1003 15).
3481 937 3546 990 Ει
3567 939 3617 992 in
3650 939 3874 998 Psalmis

2292 1015 2358 1070 de
2384 1014 2756 1074 interfectione
2800 1020 2942 1074 illius
2970 1021 3226 1077 scribitur
3256 1041 3271 1079 :
3310 1043 3330 1076 ι
3362 1025 3442 1082 Tu
3469 1031 3794 1089 confirmasti
3817 1039 3872 1091 in

2293 1107 2489 1164 virtute
2513 1117 2601 1164 tua
2631 1126 2798 1176 mare,
2827 1113 3121 1168 contrivisti
3161 1115 3266 1186 (al.
3293 1121 3678 1196 contribulastij
3705 1130 3871 1198 capita

2292 1200 2580 1256 draconum
2627 1203 2678 1257 in
2721 1204 2907 1273 aquis;
2957 1214 3013 1260 tu
3052 1207 3360 1279 confregisti
3407 1217 3578 1284 capita
3632 1219 3871 1277 draconis

2292 1292 2515 1361 magniii
2554 1292 2740 1364 (Ρωι.
2771 1296 2856 1350 75.
2893 1296 2998 1365 15)
3022 1297 3197 1355 .Undc
3225 1311 3277 1355 et
3299 1304 3466 1374 reguli
3487 1317 3542 1362 et
3567 1313 3872 1380 scorpiones

2293 1385 2496 1439 arentia
2521 1401 2743 1456 quaeque
2769 1397 3072 1468 sectantur;
3113 1402 3168 1447 et
3192 1404 3471 1466 postquam
3497 1401 3562 1456 ad
3587 1418 3754 1474 aquas
3784 1421 3874 1461 ve-

2296 1477 2472 1532 nerint
2520 1482 2803 1550 ὓδροφόβους
2858 1479 3065 1551 (Aquae
3096 1485 3384 1560 pavidos),
3414 1500 3467 1546 et
3522 1492 3876 1564 lymphaticos

2296 1566 2512 1622 faciunt.
2561 1569 2704 1624 Mare
2732 1577 2966 1626 mutatur
2990 1587 3323 1632 sacramento
3347 1583 3547 1650 crucis;
3578 1595 3632 1640 et
3654 1597 3877 1656 septua-

2297 1658 2442 1749 ginta
2465 1659 2652 1728 palma:
2674 1662 3074 1732 Apostolorum,
3097 1667 3380 1727 dulcoratis
3401 1672 3552 1744 Legis
3572 1681 3880 1749 gurgitibus

2299 1747 2600 1820 irrigantur.
2649 1752 2915 1808 Abraham
2941 1765 2995 1811 et
3041 1756 3186 1813 lsaac
3227 1770 3416 1830 puteos
3455 1747 3878 1840 ΐυᾶῑιιηιξτθριι-

2299 1849 2463 1908 gnant
2513 1841 2803 1914 Allophyli.
2872 1845 2942 1900 Et
2991 1846 3296 1917 Bersabee,
3347 1854 3533 1909 civitas
3588 1859 3876 1925 juramenti

2303 1928 2469 1999 (Gen.
2520 1931 2665 2002 21),
2722 1949 3049 2007 regnumque
3086 1939 3390 1998 Salomonis
3432 1960 3623 2002 nomen
3661 1952 3877 2006 sumita

2300 2018 2534 2078 fontibus
2560 2025 2652 2094 (5.
2705 2025 2836 2098 Reg.
2868 2028 2894 2083 1
2923 2028 2962 2097 ).
2991 2029 3230 2088 Rebecca
3261 2033 3528 2091 invenitur
3570 2038 3637 2094 ad
3666 2050 3878 2108 puteum

2301 2112 2467 2182 (Gen.
2502 2116 2636 2185 24).
2698 2117 2894 2175 Rachel
2944 2130 3162 2191 propter
3213 2139 3412 2196 aquas,
3469 2131 3878 2200 supplantatoris

2300 2206 2488 2261 osculo
2515 2207 2773 2264 salutatur
2805 2210 2982 2284 (Ibid.
3022 2214 3150 2287 29).
3177 2215 3386 2290 Moyses
3424 2220 3562 2275 filias
3590 2222 3879 2279 sacerdotis

2301 2296 2527 2352 Madiam
2553 2309 2742 2370 aperto
2769 2311 2930 2371 puteo
2957 2305 3024 2360 ab
3061 2306 3254 2376 injuria
3282 2309 3535 2366 vindicat.
3578 2311 3880 2369 Praecursor

2304 2389 2508 2446 Domini
2549 2392 2601 2447 in
2627 2396 2781 2465 aquis
2806 2395 3028 2453 fontium
3045 2399 3200 2468 juxta
3231 2401 3417 2469 Salim,
3446 2403 3586 2473 quod
3628 2405 3883 2476 interpre-

2305 2488 2444 2536 tatur
2461 2500 2565 2551 paa:
2582 2487 2695 2541 sive
2716 2491 2976 2560 perfectio,
2995 2489 3213 2548 Christo
3232 2495 3482 2563 populum
3536 2495 3702 2568 520
3739 2506 3885 2568 parat

2305 2573 2529 2644 (Matth.
2552 2579 2604 2631 4.
2633 2579 2761 2649 27).
2796 2581 2912 2650 lpse
2938 2583 3181 2639 Salvator
3207 2595 3327 2655 post
3351 2586 3610 2656 baptisma
3633 2631 3648 2654 ,
3681 2598 3739 2644 et
3763 2603 3882 2644 san-

2304 2666 2560 2724 ctificatas
2587 2685 2684 2726 suo
2709 2673 2921 2730 lavacro
2946 2675 3192 2732 Iordanis
3239 2695 3423 2750 aquas,
3478 2697 3700 2752 regnum
3727 2685 3885 2739 caelo-

2306 2773 2422 2814 rum
2449 2759 2631 2830 incipit
2654 2764 2965 2832 praedicare.
2998 2767 3233 2824 Primum
3260 2771 3469 2842 signum
3495 2787 3562 2828 ex
3587 2774 3743 2844 aquis
3769 2774 3886 2829 facit

2306 2845 2503 2915 (Joan.
2529 2850 2583 2904 2.
2619 2852 2716 2923 9),
2746 2853 3077 2913 Samaritana
3101 2869 3320 2916 vocatur
3340 2861 3407 2917 ad
3440 2870 3679 2933 puteum,
3703 2864 3885 2920 sitiens

2307 2938 2561 2998 invitatur
2588 2945 2654 2999 ad
2676 2955 2878 3016 potum.
2906 2948 3194 3008 Nicodemo
3232 2953 3363 3009 dicit
3405 2955 3615 3011 occulte
3665 2971 3680 3008 :
3723 2974 3743 3008 ι
3779 2956 3884 3011 Nisi

2307 3035 2427 3102 quis
2454 3045 2671 3093 renatus
2699 3037 2856 3096 fuerit
2880 3057 2944 3096 ex
2973 3057 3108 3113 aqua
3133 3054 3188 3100 et
3207 3045 3408 3115 Spiritu
3427 3047 3525 3119 (b),
3551 3062 3658 3102 non
3690 3047 3886 3104 intrare

2309 3137 2431 3180 eum
2453 3125 2507 3182 in
2533 3143 2754 3200 regnum
2785 3132 3041 3188 caelorum
3072 3153 3090 3186 ι
3117 3134 3306 3204 (Joan.
3332 3136 3419 3206 5).
3448 3137 3583 3203 Quia
3621 3137 3691 3192 ab
3743 3139 3887 3208 aquis

2307 3229 2562 3289 coeperat,
2613 3222 2784 3280 finivit
2835 3226 2887 3280 in
2939 3225 3110 3296 aquis.
3165 3227 3327 3283 Latus
3362 3227 3557 3284 Christi
3597 3231 3887 3300 percutitur

2310 3315 2518 3382 lancea,
2541 3325 2596 3375 et
2619 3316 2867 3386 baptismi
2889 3326 3049 3388 atque
3067 3320 3308 3390 martyrii
3334 3320 3533 3389 pariter
3557 3331 3886 3377 sacramenta

2312 3409 2624 3467 funduntur.
2667 3411 2793 3465 Post
2831 3410 3274 3466 resurrectionem
3306 3411 3468 3466 mittit
3491 3414 3783 3483 Apostolus
3826 3413 3886 3467 ad

2311 3501 2511 3557 Gentes
2535 3541 2550 3567 ,
2577 3509 2633 3556 et
2661 3502 2901 3571 praecipit
2926 3503 3023 3569 eis,
3057 3511 3112 3557 ut
3135 3503 3407 3572 baptizent
3433 3518 3526 3560 eos
3551 3505 3604 3559 in
3635 3506 3888 3576 mysterio

2313 3594 2610 3650 Trinitatis.
2638 3595 2866 3650 Ptenitet
2883 3594 3005 3650 facti
3021 3597 3273 3666 populum
3293 3596 3621 3664 Judteorum,
3640 3608 3694 3654 et
3711 3600 3887 3655 statim

2311 3702 2342 3742 a
2358 3687 2519 3742 Petro
2531 3687 2594 3742 ad
2609 3688 2868 3758 baptisma
2885 3688 3128 3744 mittitur.
3148 3689 3444 3760 Antequam
3465 3690 3746 3759 parturiat,
3759 3693 3891 3761 parit

2311 3782 2464 3847 Sion,
2503 3789 2558 3836 et
2585 3782 2820 3837 nascitur
2843 3795 2974 3853 gens
2999 3781 3155 3837 simul
3184 3780 3346 3854 (Isai.
3377 3781 3466 3836 66.
3488 3783 3540 3836 7.
3565 3783 3599 3837 8
3624 3783 3668 3854 ).
3701 3781 3891 3838 Paulus

2313 3881 2625 3945 perseeutor
2666 3872 2940 3941 Ecclesia),
2981 3882 3036 3929 et
3058 3874 3212 3944 lupus
3236 3888 3400 3944 rapax
3423 3873 3721 3944 Benjamin,
3757 3876 3895 3931 Ana-

2313 3967 2416 4023 nite
2443 3967 2531 4022 ovi
2551 3966 2812 4023 submittit
2830 3973 2988 4036 caput
3005 3983 3020 4020 :
3038 3980 3138 4021 nec
3165 3974 3288 4021 ante
3306 3973 3586 4036 recuperat
3621 3974 3896 4035 aspectum

2314 4073 2472 4130 quam
2498 4067 2650 4114 curet
2676 4058 2940 4128 baptismo
2987 4057 3282 4112 caecitatem
3320 4056 3342 4129 (
3369 4057 3482 4110 Act.
3513 4056 3567 4112 9.
3605 4057 3739 4127 18).
3788 4057 3896 4112 Eu-

2315 4151 2520 4206 nuchus
2545 4149 2802 4206 Candacis
2825 4149 3022 4219 regina:
3047 4146 3375 4218 Ethiopum,
3406 4147 3636 4204 lectione
3663 4147 3899 4217 Pmphe-

2315 4244 2438 4310 tica,
2466 4240 2664 4297 Christi
2693 4241 2994 4311 baptismati
3022 4249 3369 4310 praeparatur.
3400 4238 3568 4294 Mutat
3593 4247 3780 4294 contra
3799 4253 3898 4293 na-

2316 4342 2487 4388 turam
2508 4333 2755 4403 Ethiops
2784 4333 2961 4404 pellem
2985 4347 3149 4396 suam,
3195 4338 3240 4385 et
3277 4331 3468 4402 pardus
3496 4333 3759 4386 varietates
3782 4346 3900 4385 suas

2316 4425 2468 4493 (Jer.
2502 4425 2588 4481 15.
2610 4425 2743 4497 25).
2770 4426 2868 4493 Qui
2894 4425 3112 4481 Joannis
3135 4433 3468 4494 acceperant,
3497 4426 3621 4496 quia
3642 4426 3902 4496 Spiritum

2315 4515 2567 4572 Sanctum
2593 4516 2918 4582 nesciebant,
2949 4516 3141 4571 iterum
3167 4507 3515 4585 baptizantur,
3552 4531 3619 4572 ne
3647 4516 3769 4587 quis
3794 4530 3902 4586 pu-

2318 4614 2456 4661 taret
2478 4606 2820 4678 (c)Gentibus
2844 4621 2906 4662 ac
2924 4605 3142 4675 Judteis,
3163 4622 3328 4679 aquas
3345 4609 3462 4663 sine
3486 4609 3685 4679 Spiritu
3701 4609 3903 4666 Sancto

2316 4697 2382 4752 ad
2399 4697 2624 4753 salutem
2643 4711 2801 4767 posse
2815 4698 3080 4754 sufficere.
3105 4718 3123 4752 ι
3149 4699 3265 4755 Vox
3286 4700 3500 4755 Domini
3518 4715 3681 4771 super
3697 4716 3896 4773 aquas,

2318 4786 2573 4842 Dominus
2588 4801 2748 4855 super
2763 4802 2926 4858 aquas
2941 4790 3155 4854 multas,
3173 4789 3428 4846 Dominus
3459 4791 3710 4846 diluvium
3745 4793 3907 4846 inha-

2320 4877 2490 4934 bitare
2506 4877 2632 4934 facit
2653 4897 2673 4932 ι
2694 4876 2866 4951 (Psal.
2883 4878 2973 4935 28.
2989 4879 3076 4952 5).
3108 4899 3127 4932 ι
3153 4881 3345 4938 Dentes
3367 4881 3479 4952 ejus
3499 4881 3634 4935 sicut
3647 4893 3782 4950 grex
3803 4880 3908 4938 de-

2320 4977 2616 5040 tonsarum,
2639 4985 2760 5040 quas
2787 4971 3143 5028 ascenderunt
3192 4972 3259 5029 (ie
3307 4973 3537 5040 lavacro,
3580 4985 3776 5028 omnes
3806 4986 3906 5042 ge-

2381 5166 2454 5229 (a)
2489 5165 2618 5231 Olim
2642 5167 2872 5231 populum
2887 5167 2987 5231 Dei
3009 5165 3284 5231 permittere
3305 5169 3463 5221 exire.
3489 5169 3646 5221 Porro
3667 5169 3906 5222 daemonis

2319 5237 2402 5298 aui
2417 5229 2616 5298 peccati
2633 5229 2649 5286 ,
2673 5229 2784 5291 quae
2809 5231 2860 5280 in
2884 5229 3111 5298 baptismi
3132 5237 3270 5294 aquis
3291 5231 3586 5298 suffocantur
3607 5273 3621 5292 ,
3663 5234 3713 5283 in
3739 5239 3908 5296 typum

2319 5245 2402 5278 aut
2417 5245 2611 5339 £8008“
2633 5265 2647 5286 ,
2673 5245 2784 5291 quae
2809 5245 2860 5280 tn
2885 5245 3111 5340 baptismi
3132 5245 3270 5294 aquis
3291 5245 3586 5282 suuocantur
3607 5273 3621 5292 ,
3663 5247 3696 5283 ιι

2319 5290 2426 5364 aditi
2437 5352 2449 5364 ἱ
2469 5292 2544 5364 (ξεῖ
2562 5290 2874 5364 Pharaonem
2889 5305 2931 5364 a_
2983 5294 3168 5364 utribus
3180 5330 3217 5364 Δ
3229 5293 3571 5364 pervulgatum
3583 5300 3696 5364 __est.

2383 5351 2455 5419 (b)_
2487 5350 2732 5419 [ictorius
2749 5353 2881 5402 addit
2903 5362 3072 5419 sancto
3095 5369 3157 5405 ex
3180 5350 3709 5413 Brixianiscodicibus,
3725 5357 3913 5419 quibus

2317 5411 3006 5490 repuit‘t’iraecumexemplar.
3056 5476 3068 5488 ν

2381 5475 2452 5536 (c)
2485 5473 2641 5524 Vetus
2678 5477 2858 5537 editio,
2887 5473 2952 5527 ne
2984 5476 3092 5540 quis
3131 5484 3320 5544 putaret
3355 5491 3421 5531 ea:
3460 5479 3716 5541 Gentibus,
3753 5490 3915 5544 atque

2319 5535 2442 5584 adeo
2463 5547 2574 5608 qua:
2597 5538 2759 5608 statim
2795 5541 3114 5608 subsequitur
3150 5553 3209 5592 ac
3246 5543 3476 5608 particula
3509 5541 3722 5608 delenda
3772 5545 3878 5592 erit
3899 5575 3917 5602 ,

2319 5598 2916 5666 praepositadistinctionis
2937 5598 3068 5666 nbta,
3094 5610 3150 5654 ut
3185 5598 3359 5652 sensus
3389 5606 3486 5666 sit,
3512 5606 3731 5666 potuisse
3756 5598 3921 5666 quiis;

2324 5657 2438 5730 “(iam
2458 5659 2801 5730 exMGentibus
2822 5657 3088 5729 suspicari,
3109 5679 3256 5730 aquas
3276 5669 3382 5716 sine
3403 5657 3586 5727 Spiritu
3616 5657 3805 5717 Sancti)
3827 5663 3924 5716 Jac

2324 5717 2443 5771 datis
2463 5721 2708 5774 sufﬁcere.
