4056 6184
144 324 251 383 661

145 439 359 496 mellos
389 440 648 498 habentes
671 438 842 503 lmtus,
885 441 940 492 et
964 433 1271 491 infmcunda
1306 446 1414 489 non
1439 441 1520 488 est
1550 432 1602 486 in
1630 433 1710 488 eis
1730 448 1749 483 ι

146 529 391 606 (Cantia.
423 535 474 588 4.
526 531 616 604 2).
675 531 731 586 Si
783 545 886 584 non
916 538 998 584 est
1041 527 1367 593 infacundo,
1409 540 1511 582 nec
1535 525 1755 593 sterilis,

145 635 355 678 omnes
380 621 750 677 habentubera
778 621 913 675 lacte
939 620 1330 690 rorantia,qua:
1351 633 1471 674 cum
1498 617 1758 687 Apostolo

145 717 375 783 possint
395 714 570 768 dicere
592 711 800 766 :Filioli
826 711 944 778 mei,
967 727 1091 780 quos
1110 711 1296 764 iterum
1320 710 1567 779 parturio,
1599 708 1758 763 donec

146 800 395 856 (.‘hristus
424 807 666 872 formetur
689 804 742 856 in
771 801 907 856 vobis
936 801 1087 873 (Cal.
1112 802 1168 855 4.
1200 800 1303 869 19)
1336 818 1351 857 :
1380 808 1454 864 et,
1491 799 1594 853 Lac
1621 800 1758 856 vobis

142 885 331 962 potum
363 894 501 958 dedi,
532 911 633 948 non
660 910 824 949 escam
850 893 924 964 (l.
950 891 1067 948 Cor.
1097 895 1153 948 5.
1173 892 1209 946 2
1231 892 1270 961 ).
1303 891 1551 947 Micbazas
1576 891 1644 947 de
1665 893 1756 948 ba-

143 978 333 1046 ptismi
363 979 534 1050 gratia
567 980 886 1034 vaticinatur
917 995 933 1030 :
963 978 1086 1049 Ipse
1122 988 1326 1044 avertet,
1371 989 1418 1032 et
1447 977 1757 1032 miserebitur

143 1072 315 1124 nostri
348 1087 369 1125 :
397 1073 648 1144 demerget
674 1073 962 1144 iniquitates
988 1081 1209 1138 nostras,
1241 1081 1286 1126 et
1304 1073 1532 1143 projiciet
1553 1073 1606 1125 in
1633 1087 1754 1142 pro-

139 1164 376 1233 fundum
405 1167 561 1220 maris
581 1167 752 1220 omnia
778 1174 983 1235 peccata
1010 1174 1180 1218 nostra
1201 1173 1216 1233 (
1241 1164 1400 1220 Mich.
1436 1166 1494 1218 7.
1520 1164 1648 1235 19).

213 1255 274 1309 Ί.
312 1257 607 1324 Quomodo
635 1271 763 1327 ergo
789 1256 843 1310 in
875 1257 1088 1311 lavacro
1135 1257 1314 1310 omnia
1363 1265 1579 1326 peccata
1610 1270 1754 1310 mer-

135 1355 375 1416 guntur,
411 1349 456 1402 si
486 1363 590 1403 una
611 1363 746 1403 uxor
767 1355 1078 1418 supernatat
1107 1346 1285 1401 :Beati
1304 1364 1518 1418 quorum
1538 1349 1760 1402 remissae

135 1449 267 1492 sunt
299 1439 625 1507 iniquitates,
659 1451 706 1495 et
741 1457 955 1512 quorum
993 1449 1122 1494 tecta
1167 1451 1282 1494 sunt
1313 1451 1536 1508 peccata.
1570 1440 1758 1496 Beatus

136 1531 240 1594 vir,
296 1531 388 1583 cui
439 1547 539 1585 non
567 1533 830 1601 imputavit
874 1533 1124 1587 Dominus
1164 1542 1421 1603 peceatum
1450 1533 1631 1605 (Psal.
1663 1535 1755 1589 51.

141 1622 196 1674 1.
225 1620 330 1690 2).
377 1621 630 1676 Arbitror
673 1624 814 1692 quod
856 1639 1142 1692 possumus
1189 1632 1242 1678 et
1283 1639 1382 1679 nos
1409 1624 1532 1678 huic
1559 1625 1756 1694 aliquid

142 1713 363 1767 cantico
383 1712 612 1784 jungere
642 1731 655 1768 :
687 1715 882 1770 Beatus
923 1715 1032 1780 vir,
1061 1714 1144 1769 cui
1198 1729 1301 1768 non
1340 1714 1619 1784 imputabit
1653 1715 1756 1769 Do-

144 1805 330 1859 minus
366 1821 614 1860 uxorem.
645 1806 935 1860 Audiamus
951 1814 1006 1860 et
1031 1805 1366 1860 Ezechielem
1391 1804 1554 1857 ﬁlium
1583 1803 1757 1858 homi-

143 1897 265 1963 nis,
299 1897 578 1968 quomodo
606 1897 672 1952 de
699 1900 814 1968 ejus
838 1898 1032 1952 virtute
1051 1899 1376 1965 pronuntiet,
1413 1898 1500 1966 qui
1526 1896 1756 1950 hominis

145 1988 367 2043 futurus
393 1998 480 2044 cst
507 1988 645 2044 ﬁlius
677 2008 689 2044 :
726 1990 991 2042 Assumam
1029 1986 1187 2060 42],
1228 2005 1314 2043 vos
1334 1989 1397 2042 de
1421 1989 1670 2059 gentibus,
1707 1996 1757 2042 et

144 2096 430 2150 aspergam
459 2097 610 2150 super
636 2096 721 2135 vos
746 2097 926 2151 aquam
946 2081 1211 2147 mundam,
1233 2089 1280 2135 et
1298 2079 1666 2134 mundabimini
1692 2080 1758 2134 ab

143 2173 391 2226 omnibus
418 2173 751 2227 immunditiis
779 2175 950 2228 vestris
982 2190 999 2226 :
1024 2182 1071 2228 et
1092 2173 1220 2227 dabo
1249 2173 1386 2227 vobis
1421 2189 1507 2227 cor
1533 2187 1715 2226 novum
1737 2212 1754 2236 .

142 2273 193 2317 et
225 2265 482 2334 spiritum
528 2280 731 2318 novum.
764 2264 839 2317 Ab
870 2265 1122 2330 omnibus,
1173 2263 1362 2334 inquit,
1393 2264 1646 2318 mandabo
1671 2280 1758 2320 vos

143 2354 396 2408 sordibus
412 2353 627 2427 (Ezech.
651 2353 740 2408 56.
767 2354 856 2410 25.
878 2355 950 2409 9.6
967 2356 1012 2426 ).
1039 2354 1095 2409 In
1117 2355 1366 2410 omnibus
1383 2356 1512 2409 nihil
1537 2363 1759 2425 praeter-

145 2446 410 2500 mittitur.
445 2445 504 2502 Si
532 2445 720 2502 sordes
764 2445 1120 2502 emundantur
1139 2489 1155 2514 ,
1182 2457 1381 2518 quanto
1405 2447 1572 2517 magis
1599 2463 1757 2501 mun-

145 2538 295 2593 ditia:
327 2553 440 2594 non
475 2539 928 2608 coinquinantur?
961 2541 1105 2595 Dabo
1129 2541 1282 2596 vobis
1325 2555 1419 2595 cor
1444 2554 1636 2595 novum
1658 2581 1672 2606 ,
1704 2548 1760 2597 et

147 2631 405 2699 spiritum
440 2645 639 2684 novum
675 2648 688 2684 :
719 2630 787 2684 In
816 2630 1014 2686 Christo
1038 2633 1169 2684 enim
1194 2629 1338 2695 Iesu,
1363 2647 1520 2701 neque
1543 2631 1760 2685 circum-

149 2725 274 2778 cisio
295 2724 502 2793 aliquid
529 2724 677 2789 valet,
714 2741 870 2795 neque
895 2725 1219 2794 pra’putium,
1251 2725 1341 2778 sed
1369 2740 1498 2778 nova
1528 2724 1608 2794 (a)
1650 2740 1759 2778 na-

148 2823 266 2868 tura
288 2815 306 2885 (
330 2813 456 2868 Cal.
495 2815 548 2870 5.
577 2813 672 2886 6).
723 2815 873 2871 Unde
895 2824 1176 2870 cantamus
1201 2815 1465 2870 canticum
1508 2830 1705 2870 novum
1737 2832 1752 2870 :

149 2914 205 2958 ct
234 2914 421 2960 vetere
450 2905 674 2961 homine
718 2904 983 2976 deposito,
1014 2923 1120 2961 non
1148 2906 1484 2962 ambulamus
1526 2908 1580 2960 in
1616 2916 1757 2961 vetu-

148 3005 280 3051 state
304 2998 498 3051 littera:
516 2997 603 3052 sed
620 2998 671 3052 in
699 2999 916 3052 novitate
929 3000 1138 3069 spiritus
1161 2999 1179 3069 (
1199 3000 1349 3054 Rom.
1369 3001 1420 3054 7.
1441 2998 1530 3071 6).
1561 2999 1658 3054 Hic
1675 3007 1758 3056 est

150 3089 392 3145 calculus
415 3104 613 3156 novus,
646 3091 730 3146 cui
774 3106 969 3144 novum
1011 3106 1204 3146 nomen
1245 3090 1586 3152 inscribitur;
1613 3090 1756 3161 quod

149 3194 311 3235 nemo
338 3182 444 3236 scit
492 3181 687 3250 legere,
720 3181 820 3236 nisi
851 3182 941 3251 qui
984 3183 1111 3236 illud
1158 3184 1426 3252 acceperit
1475 3183 1670 3254 (Apoc.
1698 3184 1754 3238 2.

152 3271 277 3343 17).
304 3291 324 3325 ‹
350 3272 638 3341 Quotquot
656 3275 797 3327 enim
821 3273 1069 3342 baptizati
1096 3290 1279 3330 sumus
1305 3275 1356 3329 in
1373 3274 1587 3330 Christo
1606 3276 1753 3344 Jesu,

150 3365 201 3418 in
236 3373 484 3420 mortem
513 3365 652 3420 illius
680 3365 926 3435 baptizati
956 3380 1156 3422 sumus.
1204 3367 1509 3437 Consepulti
1535 3369 1676 3423 enim
1706 3369 1757 3425 ei

151 3471 338 3513 sumus
361 3473 471 3528 per
491 3457 812 3527 baptismum
835 3459 887 3514 in
918 3468 1144 3514 mortem
1167 3459 1274 3532 [aL
1299 3461 1483 3532 morte]
1505 3503 1519 3526 ,
1549 3470 1603 3516 ut
1625 3477 1757 3532 quo.

155 3549 318 3604 modo
339 3550 581 3605 surrexit
606 3549 848 3607 Christus
873 3568 904 3606 a
934 3553 1155 3607 mortuis
1182 3569 1277 3623 per
1304 3554 1528 3624 gloriam
1561 3555 1752 3621 Patris,

157 3641 228 3696 ita
251 3651 306 3697 et
321 3656 423 3697 nos
445 3643 499 3697 in
519 3643 808 3698 novitatem
831 3645 953 3700 vita:
973 3645 1308 3701 ambulemus
1331 3665 1349 3697 ›
1373 3647 1555 3718 (Rom.
1577 3646 1629 3700 6.
1659 3646 1752 3718 5).

156 3731 342 3789 Toties
372 3735 664 3790 novitatem
695 3736 949 3806 legimus,
981 3746 1035 3793 et
1061 3746 1238 3793 tamen
1289 3740 1614 3794 maculosum
1657 3753 1754 3793 no-

156 3839 279 3879 men
302 3827 492 3880 uxoris
515 3841 618 3880 non
641 3835 816 3895 potest
837 3827 942 3880 ulla
961 3829 1197 3884 novitate
1224 3829 1425 3884 deleri?
1447 3829 1755 3900 Consepulti

157 3929 346 3972 sumus
374 3917 598 3972 Christo
641 3919 692 3972 in
725 3919 1067 3988 baptismate,
1118 3929 1174 3975 et
1212 3921 1607 3976 resurreximns
1659 3936 1757 3991 per

159 4005 318 4061 [idem
346 4008 682 4077 operationis
711 4007 836 4074 Dei,
863 4010 952 4078 qui
985 4011 1259 4064 suscitavit
1287 4025 1406 4065 eum
1449 4026 1479 4065 a
1508 4012 1752 4065 mortuis.

155 4096 404 4167 Cumque
459 4111 706 4153 essemus
752 4100 946 4152 mortui
991 4099 1045 4154 in
1089 4099 1320 4164 delictis,
1374 4109 1427 4155 et
1496 4102 1756 4170 praeputio

157 4189 336 4243 carnis
391 4198 616 4254 nostrae,
659 4189 1048 4246 conviviﬁeavit
1099 4205 1200 4245 nos
1241 4204 1360 4246 cum
1391 4192 1505 4259 illo,
1550 4191 1757 4248 donans

161 4281 336 4334 omnia
365 4280 564 4336 delicta
590 4297 604 4346 ;
628 4280 815 4337 delens
843 4281 985 4351 quod
1010 4280 1294 4338 adversum
1319 4297 1418 4337 nos
1443 4289 1560 4338 erat
1582 4282 1757 4338 chiro-

161 4372 420 4441 graphum
461 4372 688 4438 decreti,
738 4373 879 4443 quod
913 4382 1030 4428 erat
1076 4373 1403 4428 contrarium
1460 4373 1615 4430 nobis
1649 4392 1662 4428 :
1702 4383 1758 4430 et

166 4461 336 4530 ipsum
369 4465 492 4520 tulit
521 4465 590 4520 de
615 4464 813 4531 medio,
843 4465 1065 4536 amgens
1091 4465 1219 4519 illud
1249 4465 1434 4536 cruci(
1464 4465 1640 4520 Coloss
1660 4465 1752 4537 2).

164 4551 352 4610 Omnia
397 4565 580 4612 nostra
614 4571 734 4612 cum
789 4555 1002 4611 Christo
1050 4564 1258 4611 mortua
1305 4566 1450 4622 sunt,
1504 4558 1755 4613 universa

166 4643 501 4718 chirographi
529 4649 724 4705 veteris
745 4658 962 4720 peccata
992 4649 1166 4705 deleta
1189 4658 1344 4716 sunt;
1368 4651 1537 4705 solum
1558 4665 1752 4707 nomen

167 4735 294 4789 vivit
319 4740 540 4794 uxoris?
566 4739 686 4794 Dies
716 4755 802 4795 me
819 4740 1032 4796 deficiet
1051 4740 1097 4794 si
1122 4749 1310 4794 cuncta
1330 4756 1447 4812 quae
1470 4741 1534 4795 ad
1559 4752 1718 4811 poten
1749 4779 1751 4781 ι

171 4826 294 4882 tiam
327 4830 573 4901 baptismi
600 4833 888 4901 pertinent,
908 4832 975 4888 de
997 4831 1287 4903 Scripturis
1313 4835 1510 4890 sanctis
1532 4835 1752 4890 voluero

171 4915 447 4986 digerere;
501 4931 555 4976 et
594 4925 882 4979 nativitatis
940 4925 1213 4997 secundge,
1272 4926 1381 4981 imo
1426 4927 1479 4981 in
1533 4925 1750 4984 Christo

174 5006 380 5074 primm,
424 5025 620 5079 ponere
654 5026 1002 5072 sacramenta.

243 5098 299 5152 8.
327 5100 622 5172 Antequam
647 5105 876 5164 dictandi
913 5109 1069 5166 ﬁnem
1106 5111 1296 5166 faciam
1327 5111 1468 5182 (jam
1497 5113 1637 5167 enim
1665 5113 1752 5168 in-

175 5187 354 5259 telligo
383 5207 686 5251 mensuram
709 5212 795 5253 me
821 5202 1075 5257 excedere
1103 5202 1356 5272 Epistola:
1373 5203 1416 5274 ),
1445 5203 1568 5258 volo
1591 5217 1752 5272 supe-

173 5279 312 5334 riora
334 5284 558 5352 capitula
579 5327 596 5354 ,
643 5288 696 5342 in
745 5287 935 5357 quibus
960 5289 1119 5346 futuri
1148 5293 1398 5363 Episcopi
1421 5293 1528 5348 vita
1549 5292 1751 5348 descri-

176 5369 332 5438 bitur,
364 5378 557 5434 cursim
588 5395 890 5451 exponere;
922 5391 979 5437 ut
1018 5385 1328 5454 Apostolum
1359 5403 1464 5441 non
1497 5387 1549 5440 in
1593 5385 1749 5440 unius

176 5464 350 5519 uxoris
375 5468 565 5540 elogio,
584 5473 678 5527 sed
704 5473 754 5528 in
773 5475 1024 5531 omnibus
1040 5492 1157 5546 qua:
1177 5478 1438 5546 prmcipit,
1462 5478 1747 5533 Doctorum

233 5641 303 5722 gl)
322 5644 871 5722 .lanraee'oautempst
893 5670 997 5715 καινή
1020 5671 1154 5716 κτίσις,
1171 5669 1291 5707 nova
1311 5664 1558 5722 _c_reatura,
1578 5675 1748 5722 quem-

276 5706 415 5786 gum
436 5718 490 5786 Et
510 5712 748 5786 Yulgatus
769 5706 1030 5782 lutet-pres
1048 5706 1219 5780 vertit,
1235 5706 1288 5771 et
1311 5706 1750 5786 Victorius'aiiwejus

178 5767 415 5820 exemplar
435 5770 568 5827 fecit.

1515 311 1844 374 EPISTOLA
1886 309 2077 368 LXIX.

1869 425 2118 482 Gentium
2147 428 2520 500 suscipiamus.
2548 430 2717 488 Simul
2744 433 2993 507 obsecro,
3036 455 3104 499 ne
3130 445 3250 516 quis
3271 464 3356 506 mc
3397 454 3454 513 in

1866 520 2256 590 sugillationem
2287 523 2436 579 istius
2469 526 2723 596 temporis
2763 526 3107 588 Sacerdotem
3138 539 3452 613 scripsisse,

1864 626 1984 681 quat
2009 612 2236 682 scripsi,
2269 615 2575 682 existimet,
2623 616 2716 672 sed
2766 618 2819 673 in
2853 620 3110 679 Ecclesia:
3144 612 3452 692 utilitatem.

1865 701 1936 758 Ut
1961 703 2102 758 enim
2149 712 2412 771 oratores,
2441 717 2494 762 et
2527 708 2831 780 philosophi
2856 712 3221 774 describentes
3244 725 3454 791 qualem

1862 797 2027 852 velint
2047 811 2167 854 esse
2196 799 2490 869 perlectum
2517 811 2821 870 oratorem,
2899 805 3060 880 422
3133 820 3188 866 et
3215 814 3454 883 philoso-

1862 889 2062 960 phum,
2105 907 2212 946 non
2239 891 2440 948 faciunt
2468 893 2712 964 injuriam
2751 899 3097 958 Demostheni
3122 915 3176 960 et
3215 907 3452 980 Platoni,

1861 982 1956 1036 sed
1985 998 2072 1038 res
2099 983 2243 1053 ipsas
2271 985 2469 1056 absque
2499 989 2742 1056 personis
2769 990 3029 1049 deﬁniunt
3049 1013 3063 1050 :
3085 997 3162 1052 sic
3183 998 3237 1053 in
3253 1000 3454 1058 descri-

1863 1075 2045 1142 ptione
2065 1074 2314 1146 EpiseOpi
2331 1118 2346 1142 ,
2377 1087 2430 1132 et
2449 1079 2500 1134 in
2523 1093 2710 1134 eorum
2749 1083 3085 1152 expositione
3109 1103 3229 1158 qua:
3255 1093 3453 1162 scripta

1862 1175 2020 1233 sunt,
2050 1169 2198 1237 quasi
2228 1171 2502 1238 speculum
2544 1172 2843 1228 Sacerdotii
2875 1179 3205 1247 proponitur.
3237 1181 3355 1236 Jam
3397 1183 3450 1238 in

1863 1266 2128 1327 potestate
2155 1269 2208 1314 et
2229 1263 2558 1316 conscientia
2590 1265 2920 1334 singulorum
2947 1278 3045 1335 est,
3080 1273 3265 1341 quales
3293 1288 3352 1329 se
3381 1275 3454 1330 ibi

1862 1350 2159 1419 aSpiciant;
2193 1361 2250 1407 ut
2275 1355 2360 1408 vel
2382 1354 2564 1411 dolere
2585 1356 2650 1410 ad
2682 1358 3095 1429 deformitatem,
3118 1367 3200 1420 vel
3222 1368 3455 1436 gaudere

1862 1441 1928 1496 ad
1953 1443 2399 1512 pulchritudinem
2431 1449 2655 1516 possint.
2686 1449 2747 1505 Si
2773 1454 2884 1520 quis
2917 1453 3277 1526 Episcopatum
3320 1462 3454 1515 desi-

1863 1531 2025 1597 derat,
2058 1535 2243 1587 bonum
2270 1551 2397 1604 Opus
2425 1538 2715 1609 desiderat(
2733 1540 2781 1594 1.
2815 1540 2946 1598 Tim.
2980 1545 3031 1599 5.
3061 1547 3086 1601 1
3113 1547 3154 1616 ).
3179 1549 3252 1619 (b)
3286 1549 3452 1619 Opus,

1863 1639 1968 1678 non
1994 1624 2342 1694 dignitatem;
2377 1628 2648 1696 laborem,
2682 1648 2788 1687 non
2835 1635 3084 1702 delicias;
3135 1655 3300 1707 OPUS,
3353 1659 3456 1698 rem

1862 1713 2002 1780 quod
2035 1714 2334 1770 humilitate
2363 1717 2669 1787 decrescat,
2701 1736 2806 1775 non
2858 1724 3173 1782 intumescat
3221 1730 3452 1799 fastigio.

1866 1799 2074 1870 Oportet
2089 1819 2208 1874 ergo
2231 1804 2540 1875 Episcopum
2561 1809 3043 1878 irrepreltensibilem
3066 1832 3171 1869 esse
3187 1816 3239 1885 (Ι
3245 1818 3346 1872 bid.
3369 1819 3452 1888 ‘2).

1861 1891 2096 1961 Idipsum
2123 1909 2336 1964 quoque
2363 1897 2428 1950 ad
2460 1897 2676 1953 Titum:
2709 1901 2770 1955 Si
2816 1903 2928 1972 quis
2979 1915 3053 1958 est
3100 1909 3208 1962 sine
3245 1911 3454 1965 crimine

1863 1981 1999 2051 (Tit.
2034 1984 2084 2037 1.
2118 1983 2208 2054 ϐ).
2240 1986 2438 2042 Omnes
2465 1989 2686 2046 virtutes
2714 1992 2764 2046 in
2796 2009 2902 2048 uno
2929 2011 3177 2054 sermone
3205 2014 3454 2071 compre-

1862 2071 2075 2140 hendit,
2108 2083 2161 2128 et
2204 2090 2340 2144 pene
2363 2093 2476 2133 rem
2505 2089 2689 2136 contra
2721 2093 2962 2140 naturam
3010 2089 3196 2159 exigit.
3221 2089 3276 2146 Si
3308 2093 3452 2146 enim

1863 2181 2022 2220 omne
2043 2178 2342 2236 peccatum,
2365 2172 2523 2226 etiam
2567 2174 2619 2228 in
2647 2176 2818 2231 otioso
2847 2179 3014 2234 verbo
3034 2183 3455 2251 reprehensione

1863 2256 2079 2326 dignum
2101 2269 2182 2313 est
2213 2276 2226 2312 :
2250 2262 2370 2330 quis
2397 2271 2480 2317 est
2506 2265 2591 2320 ille
2612 2267 2700 2335 qui
2731 2268 2933 2338 absque
2961 2282 3202 2340 peccato,
3255 2273 3305 2328 id
3347 2284 3452 2341 est,

1864 2344 1979 2403 sine
2009 2350 2447 2420 reprehensione,
2474 2367 2718 2412 versetur
2759 2361 2810 2414 in
2838 2360 2942 2417 hoc
2969 2364 3207 2418 mundo?
3233 2365 3336 2420 Sed
3367 2368 3452 2422 lu-

1865 2445 2016 2493 turus
2058 2439 2247 2495 Pastor
2273 2443 2530 2500 Ecclesiae
2561 2447 2680 2501 talis
2705 2449 2936 2519 eligitur,
2965 2452 3029 2506 ad
3055 2454 3208 2522 cujus
3234 2470 3454 2526 compa-

1863 2531 2124 2586 rationem
2175 2541 2318 2587 recte
2365 2549 2494 2604 grex
2538 2538 2722 2592 caeteri
2766 2540 3127 2597 nominentur.
3184 2544 3454 2600 Deﬁniunt

1863 2622 2126 2680 Rhetores
2153 2635 2444 2693 oratorem,
2469 2630 2558 2698 qui
2583 2631 2652 2684 sit
2673 2633 2754 2685 vir
2775 2633 2964 2701 bonus,
2995 2634 3202 2690 dicendi
3227 2639 3450 2707 peritus.

1863 2715 2001 2769 Ante
2031 2715 2154 2781 vita,
2191 2718 2268 2773 sic
2323 2719 2499 2790 lingua
2547 2721 3030 2792 irrcprehensibilis
3073 2730 3362 2798 quaeritur,
3397 2740 3453 2785 ut

1862 2809 2054 2863 merito
2081 2811 2417 2880 suscipiatur.
2445 2813 2644 2869 Penmr
2666 2833 2792 2871 ENII
2813 2821 3182 2876 auctoritatem
3203 2823 3453 2891 docendi,

1861 2899 2014 2967 cujus
2039 2915 2217 2956 sermo
2241 2916 2404 2972 Opere
2430 2903 2740 2960 destruitur.
2776 2907 2939 2962 Unius
2964 2912 3136 2964 uxoris
3165 2912 3325 2965 virum
3340 2929 3362 2980 ;
3385 2914 3455 2969 de

1863 2986 1964 3042 hoc
1993 3003 2151 3059 supra
2183 2991 2434 3048 diximus.
2459 2993 2607 3049 Nunc
2637 2994 2737 3050 hoc
2773 3006 2976 3053 tantum
3002 2999 3370 3069 admonemus,
3397 3011 3454 3058 ut

1863 3079 1905 3132 si
1936 3081 2094 3133 unius
2127 3083 2308 3137 uxoris
2339 3084 2439 3150 vir,
2469 3087 2629 3138 etiam
2657 3095 2780 3141 ante
2802 3087 3139 3158 haptisimum
3168 3095 3450 3162 quaeritur;

1861 3181 2055 3226 cmtcra
2085 3188 2296 3242 quoque
2331 3190 2449 3244 qua:
2477 3188 2740 3247 praecepta
2767 3189 2912 3246 sunt,
2956 3190 3080 3236 ante
3128 3184 3453 3254 baptismum

1861 3263 2216 3332 requiramus.
2247 3263 2426 3334 Neque
2457 3267 2598 3321 enim
2642 3271 2896 3339 competit
2931 3271 3178 3328 universa
3209 3284 3329 3343 post
3356 3275 3452 3330 ba-

1862 3353 2134 3424 ptismum,
2181 3363 2236 3410 et
2278 3371 2441 3410 unum
2487 3357 2588 3413 hoc
2639 3361 2943 3416 mandatum
2991 3363 3286 3434 intelligere
3326 3374 3452 3422 ante

1863 3446 2206 3516 baptismum.
2239 3449 2498 3520 Sobrium,
2532 3453 2642 3508 sive
2669 3455 2978 3525 vigilantem,
3010 3465 3228 3530 νηφάλιος
3257 3461 3454 3530 quippe

1861 3550 2146 3612 utrumque
2173 3543 2455 3613 signiﬁcat.
2486 3544 2810 3611 Prudentem,
2843 3559 3100 3619 ornatum,
3128 3555 3449 3624 hospitalem,

1861 3633 2116 3688 doctorem
2158 3633 2358 3702 (Leuit.
2406 3637 2529 3708 10).
2559 3638 2878 3696 Sacerdotes
2931 3642 3020 3713 qui
3063 3645 3366 3701 ministrant
3397 3649 3450 3702 in

1864 3725 2062 3794 templo
2105 3726 2233 3792 Dei,
2277 3728 2626 3797 prohibentur
2651 3731 2830 3785 vinum
2881 3742 2935 3786 et
2966 3735 3190 3790 siceram
3220 3737 3404 3794 bibere
3435 3755 3450 3796 :

1861 3831 1931 3870 nc
1961 3817 2013 3870 in
2045 3817 2262 3884 crapula
2292 3827 2344 3871 et
2366 3818 2626 3874 ebrietate
2646 3833 3003 3890 aggravenlur
3034 3827 3194 3878 corda
3227 3841 3451 3894 eorum;

1861 3914 1913 3960 et
1941 3916 1997 3960 ttt
2025 3921 2214 3962 sensus
2245 3907 2479 3962 ol‘licium
2509 3909 2796 3975 exhibens,
2848 3914 2956 3965 Deo
2994 3915 3169 3983 vigeat
3199 3931 3410 3986 semper
3435 3961 3450 3986 ,

1862 4005 1916 4051 et
1947 3996 2121 4051 tenuis
2146 3997 2233 4050 sit.
2277 3997 2429 4064 Quod
2473 4009 2648 4055 autem
2680 4000 2838 4056 infert
2874 4002 3188 4071 prudentem,
3213 4007 3451 4064 excludit

1861 4104 1977 4152 eos,
2009 4088 2098 4157 qui
2129 4088 2230 4143 sub
2251 4091 2468 4145 nomine
2511 4091 2864 4162 simplicitatis
2888 4105 3146 4149 excusant
3173 4097 3450 4153 stultitiam

1860 4178 2232 4234 Sacerdotum.
2257 4179 2367 4234 Nisi
2400 4197 2522 4236 nam
2547 4183 2828 4238 cerebrum
2858 4199 3044 4239 sanum
3068 4186 3248 4253 fuerit,
3272 4190 3452 4244 onmia

1862 4271 2102 4333 membra
2133 4273 2185 4326 in
2213 4273 2342 4327 vitio
2361 4284 2537 4329 erunt.
2573 4273 2823 4330 Ornatum
2852 4291 3082 4348 quoque,
3111 4280 3346 4341 ἐπίτασις
3373 4280 3451 4352 (e)

1861 4371 1946 4418 est
1969 4364 2161 4432 prioris
2179 4365 2350 4429 verbi,
2374 4365 2424 4420 id
2445 4376 2548 4431 est,
2578 4368 3048 4438 irrcprehensibilis.
3067 4370 3166 4438 Qui
3198 4372 3320 4426 vitia
3345 4389 3450 4428 non

1862 4454 2056 4522 habet,
2109 4456 2597 4526 irrcprehensibilis
2643 4460 2944 4530 appellatur
2993 4462 3126 4532 :qui
3168 4462 3453 4517 virtutibus

1863 4549 2047 4618 pollet,
2080 4558 2302 4605 ornatus
2341 4559 2440 4605 est.
2471 4551 2762 4608 Possumus
2807 4561 2862 4608 et
2907 4553 3051 4609 aliud
3089 4553 3250 4626 423
3289 4555 3451 4609 intel-

1861 4639 2025 4708 ligere
2075 4655 2141 4696 ex
2177 4641 2281 4696 hoc
2318 4641 2500 4708 verbo,
2540 4644 2690 4713 juxta
2734 4645 2861 4700 illud
2911 4646 3067 4701 Tullii
3101 4665 3116 4700 :
3147 4647 3316 4714 Caput
3365 4654 3448 4700 est

1860 4730 2009 4795 artis,
2036 4730 2230 4787 decere
2249 4731 2393 4801 quod
2422 4732 2607 4789 lacias.
2633 4734 2768 4789 Sunt
2795 4735 2936 4789 enim
2960 4734 3173 4805 quidam
3201 4734 3452 4803 ignoran-

1861 4832 1940 4878 tes
1969 4839 2271 4879 mensuram
2297 4841 2468 4890 suam,
2492 4836 2547 4882 et
2572 4836 2730 4881 tantae
2751 4828 3054 4882 stoliditatis
3071 4841 3134 4881 ac
3157 4826 3447 4896 vecordiae,

1857 4922 1914 4969 ut
1934 4925 1988 4970 et
2015 4917 2067 4970 in
2099 4927 2246 4972 motu
2268 4926 2320 4972 et
2347 4918 2398 4971 in
2419 4918 2648 4983 incessu,
2673 4927 2727 4972 et
2747 4917 2800 4972 in
2819 4917 3025 4982 habitu,
3048 4919 3173 4972 etin
3197 4933 3450 4977 sermone

1856 5009 2161 5075 communi,
2206 5009 2372 5062 risum
2417 5009 2782 5078 spectantibus
2839 5009 3115 5079 prtebeant
3149 5031 3162 5066 :
3193 5019 3246 5065 et
3294 5013 3445 5080 quasi

1857 5097 2212 5166 iutelligentes
2241 5098 2366 5168 quid
2392 5099 2459 5153 sit
2489 5110 2730 5164 ornatus,
2769 5110 2986 5154 commit
3015 5117 3074 5156 se
3123 5103 3359 5159 vestibus
3389 5113 3446 5160 et

1857 5186 2131 5240 munditiis
2155 5188 2418 5256 corporis,
2443 5197 2498 5244 et
2526 5189 2766 5244 lautioris
2786 5205 2986 5247 mensa:
3006 5192 3192 5261 epulas
3212 5205 3400 5264 parant
3426 5213 3440 5249 :

1859 5293 1980 5334 eum
2029 5279 2204 5333 omnis
2248 5279 2551 5334 istiusmodi
2605 5290 2821 5338 ornatus
2862 5291 2917 5340 et
2967 5284 3143 5338 cultus
3195 5285 3442 5341 sordibus

1857 5371 2047 5428 ledior
2076 5371 2164 5426 sit.
2195 5371 2348 5438 Quod
2378 5382 2555 5428 autem
2583 5374 2822 5431 doctrina
2868 5392 2900 5432 a
2941 5377 3316 5434 Sacerdotibus
3347 5395 3442 5434 ex-

1855 5473 2085 5534 petatur,
2131 5471 2186 5520 et
2210 5464 2405 5520 veteris
2433 5476 2698 5538 praecepta
2725 5478 2847 5524 sunt
2872 5469 3047 5541 Legis,
3089 5481 3142 5527 et
3167 5472 3232 5527 ad
3261 5473 3439 5530 Titum

1919 5602 1990 5669 _(_b)
2025 5601 2198 5653 Grmfer
2243 5614 2357 5669 quas
2377 5601 2427 5650 in
2449 5601 2650 5669 Epistol.
2678 5603 2736 5653 ad
2759 5603 2921 5656 Titum
2944 5618 3048 5669 cap.
3077 5607 3124 5656 1.
3167 5607 3340 5658 eodem
3364 5611 3440 5660 in-

1857 5663 2077 5722 tellectu,
2099 5673 2245 5726 atque
2264 5663 2442 5712 iisdem
2467 5663 2575 5714 lere
2595 5669 2858 5718 sententiis
2878 5663 3252 5720 commentatur.

1922 5728 1992 5787 (c)
2030 5728 2211 5776 tineae
2238 5727 2368 5795 vocis
2378 5728 2841 5795 interpretationem
2863 5731 3014 5795 hanc,
3037 5731 3135 5785 sive
3168 5732 3440 5786 incremen-

1859 5793 1978 5842 tum.
2004 5797 2249 5840 aooonunt
2273 5787 2391 5840 editi
2414 5787 2726 5843 vetustiores.
