4056 6184
601 228 706 285 663

601 328 811 414 plenius
856 336 1125 396 scribitur.
1170 332 1424 387 innocuus
1453 341 1581 383 sum
1623 331 1678 381 et
1701 322 1901 393 absque
1929 320 2179 414 sermone

598 411 957 496 conversatio,
989 430 1241 499 quantum
1261 418 1506 488 exemplo
1528 415 1766 488 prodest,
1791 419 1997 470 tantum
2021 411 2186 467 silen-

601 531 676 585 tio
699 528 876 584 nocet.
904 522 1033 577 Nam
1061 528 1116 572 et
1144 514 1335 570 latratu
1364 522 1579 578 canum,
1607 509 1905 579 baculoque
1932 506 2183 577 pastoris,

620 631 849 692 uporum
874 610 1051 668 rabies
1095 603 1415 692 deterrenda
1446 614 1549 660 est.
1577 600 1700 657 Non
1726 601 2053 692 vinolentum,
2082 614 2186 656 non

598 682 939 782 pecuum
969 696 1111 774 (m-
1140 688 1230 768 τ).
1254 682 1553 752 Virtutibus
1580 695 1706 750 una
1735 690 2005 764 Opposuit.

665 799 721 854 θ.
770 782 1062 851 Didicimus
1116 790 1307 862 quales
1347 786 1470 845 esse
1520 785 1815 843 debeamus
1854 786 1869 838 ξ
1913 782 2184 840 discamus

595 891 780 963 quales
800 902 905 944 non
932 890 1057 944 csse
1072 870 1307 942 debeant
1331 881 1670 939 Sacerdotes.
1696 877 1999 936 Vinolentia
2035 890 2187 934 seuré

599 982 779 1040 rarum
830 984 946 1049 est;
1002 982 1061 1036 et
1122 978 1545 1035 comessatorqu
1602 992 1617 1032 :
1675 981 1966 1044 venterque
2034 973 2189 1028 mero

598 1072 829 1130 aestuans
849 1106 867 1141 ,
890 1071 998 1128 cito
1025 1068 1307 1141 despumat
1334 1069 1386 1123 in
1419 1066 1689 1123 libidines.
1716 1066 1774 1121 lu
1799 1065 1925 1120 vino
1952 1064 2181 1132 luxuria,

595 1165 650 1220 in
679 1164 887 1220 lusoria
911 1148 1176 1232 voluptas,
1205 1161 1259 1216 in
1297 1154 1572 1230 voluptate
1600 1156 1929 1229 impudiCitia
1956 1164 2057 1212 est.
2083 1154 2183 1224 Qui

594 1254 915 1323 luxuriatur,
938 1253 1126 1310 vivens
1163 1252 1404 1307 mortuus
1429 1258 1512 1306 εει
1542 1269 1555 1305 :
1584 1258 1715 1321 ergo
1736 1250 1824 1320 qui
1855 1248 2180 1313 inebriatur,-

591 1350 645 1406 et
676 1358 923 1406 mortuus
953 1358 1007 1404 et
1030 1336 1268 1418 sepultus
1294 1346 1397 1401 est.
1430 1344 1543 1400 Noe
1568 1343 1633 1398 ad
1659 1343 1817 1398 unius
1844 1341 1993 1397 hora:
2011 1342 2184 1398 ebrie-

593 1442 755 1495 tatem
780 1439 945 1495 nudat
967 1436 1171 1493 femora
1196 1450 1292 1493 sua
1315 1433 1477 1508 (Gen;
1509 1434 1564 1492 9.
1591 1435 1655 1489 2i
1683 1436 1738 1499 ),
1791 1448 1911 1503 quae
1942 1447 2036 1502 per
2056 1440 2182 1488 sex-

590 1538 775 1588 centos
802 1542 976 1587 annos
999 1515 1288 1585 Sobrietate
1308 1532 1642 1584 conteterat.
1665 1526 1771 1583 Lot-
1793 1530 1891 1598 per
1921 1516 2183 1582 temulen-

591 1628 740 1694 tiaut,
760 1624 1007 1682 neseicns
1028 1623 1237 1680 libidini
1255 1622 1445 1678 miscet
1461 1623 1721 1677 incestum
1743 1639 1756 1676 :
1777 1629 1831 1676 ct
1847 1634 2004 1691 quem
2018 1619 2183 1676 Sodo-

590 1733 676 1774 ma
694 1733 803 1774 non
815 1713 1035 1783 vicerat,
1052 1714 1175 1771 vina
1190 1715 1453 1771 vicerunt.
1472 1711 1850 1769 Percussorem
1867 1714 2041 1765 autem
2063 1708 2184 1780 Epi-

590 1816 811 1880 scopum“
833 1804 924 1865 ille
965 1807 1309 1873 condemnat,
1341 1804 1432 1875 qui
1459 1797 1676 1859 dorsum
1723 1816 1878 1857 suum
1910 1800 2086 1871 posuit
2112 1786 2179 1857 ad

589 1901 795 1972 ﬂagella
814 1910 828 1956 :‘
851 1907 907 1958 et
920 1898 1240 1955 nialedicttts
1261 1896 1366 1952 non
1386 1888 2175 1966 remaledixit(1sai.50;'Marc.

590 1995 659 2052 15
677 1996 718 2066 ).
759 1991 869 2051 Sed
894 1988 1178 2048 "Modestum
1204 1985 1294 2064 (1.
1323 1987 1458 2045 Tini.
1484 1988 1518 2044 5
1539 1988 1579 2060 ).
1602 1986 1816 2043 Duobus
1836 1984 1992 2041 malis
2015 1990 2177 2040 unum

589 2080 843 2157 opposuit
865 2084 1065 2141 bonum
1086 2099 1102 2151 ;
1126 2080 1180 2139 tit
1197 2081 1504 2139 temulentis
1523 2089 1579 2136 et
1595 2081 1694 2148 ira,
1718 2077 1979 2134 modestia
2006 2074 2177 2134 refre-

586 2185 798 2232 ncntur.
829 2168 953 2230 Non
972 2172 1268 2246 litigiosum,
1292 2178 1393 2229 non
1412 2178 1643 2227 avarum.
1670 2170 1811 2226 Nihil
1833 2170 1975 2225 enim
2006 2169 2179 2241 impu-

587 2265 800 2321 dentius
814 2264 1116 2337 arrogantia
1133 2265 1478 2332 rusticorum,
1498 2264 1588 2335 qui
1606 2263 1968 2335 garrulitatem
1994 2264 2179 2318 aucto-

584 2355 798 2410 ritatem
814 2356 999 2426 putant
1017 2372 1032 2421 ;
1059 2352 1114 2410 et
1130 2350 1300 2426 parati
1321 2356 1537 2426 semper
1557 2355 1624 2411 ad
1639 2352 1783 2424 lites,
1802 2354 1857 2410 in
1878 2353 2176 2426 subjectum

585 2445 685 2499 sibi
715 2448 936 2515 gregem
964 2442 1180 2500 tumidis
1206 2446 1544 2503 sermonibus
1566 2452 1770 2503 tonant.
1798 2438 2092 2515 Avaritiam
2122 2449 2175 2505 in

584 2510 875 2592 sacerdote
918 2534 1207 2602 vitandam,
1239 2532 1293 2592 et
1337 2537 1552 2593 Samuel
1579 2510 1814 2596 (ἰσοθιῆ
1831 2539 1963 2594 nihil
1992 2552 2175 2596 ceram

583 2624 784 2699 populo
806 2626 1077 2698 eripuisse
1103 2642 1162 2684 se
1180 2628 1426 2699 cuiquam
1457 2629 1688 2699 probans
1737 2630 1826 2702 (1.
1857 2632 1988 2704 Reg.
2022 2628 2123 2705 12)
2158 2640 2173 2694 ξ

583 2718 640 2774 et
690 2711 1065 2789 Apostolorum
1110 2720 1421 2792 paupertas,
1448 2722 1537 2792 qni
1566 2722 1840 2793 refrigeria
1866 2726 2171 2796 sumptuum

581 2829 611 2869 a
640 2806 891 2871 fratribus
920 2815 1273 2886 accipiebant,
1305 2816 1359 2873 et
1379 2823 1574 2888 praeter
1601 2818 1797 2873 victum
1825 2825 1985 2890 atque
2014 2819 2174 2875 vesti-

581 2913 691 2960 tum
724 2903 853 2960 nihil
880 2910 942 2961 se‘
962 2905 1108 2962 aliud
1128 2921 1226 2963 nec
1244 2905 1463 2974 habere,
1497 2920 1596 2964 nec
1623 2908 1760 2964 velle
1785 2908 2169 2979 gloriabantur.

578 2996 746 3065 Quam
800 2994 868 3053 ad
902 2992 1242 3054 Timotheum
1286 3000 1592 3065 avaritiam,
1667 2992 1831 3073 424
1901 3001 1966 3056 ad
1994 3000 2171 3057 Titum

580 3089 751 3158 turpis
778 3086 913 3144 lucri
950 3088 1294 3161 cupiditatem
1340 3080 1681 3161 apertissime
1724 3100 1873 3149 notat
1905 3092 2040 3167 (Tit.
2071 3093 2166 3165 1).

577 3168 799 3237 Domum
821 3184 965 3237 sitam
994 3178 1115 3238 bene
1139 3186 1409 3255 regentem.
1441 3184 1558 3240 Non
1587 3188 1646 3240 ut
1672 3200 1803 3257 opes
1822 3194 2032 3259 augeat,
2064 3203 2170 3243 non

578 3272 635 3325 ut
661 3273 834 3343 regias
861 3276 1011 3343 paret
1033 3274 1238 3346 epulas,
1272 3288 1379 3331 non
1408 3285 1470 3331 ut
1496 3276 1711 3331 czelatas
1740 3279 1947 3348 patinas
1974 3278 2166 3349 struat,

579 3372 683 3417 non
712 3372 770 3418 ut
793 3352 1051 3421 Phasides
1083 3374 1211 3423 aves
1239 3364 1397 3423 lentis
1423 3368 1708 3438 vaporibus
1745 3380 1959 3443 coquat,
1986 3372 2077 3444 qui
2099 3371 2168 3428 ad

576 3465 699 3509 ossa
730 3455 1041 3523 pervcniant
1064 3460 1120 3511 et
1156 3456 1494 3527 superficiem
1524 3461 1702 3516 carnis
1738 3477 1842 3517 non
1873 3458 2169 3520 dissolvant

575 3534 767 3600 artiltei
788 3546 1211 3616 temperamento
1237 3564 1251 3602 :
1283 3546 1377 3603 sed
1403 3557 1461 3604 ut
1483 3550 1625 3620 quod
1654 3552 1850 3622 pepuio
1872 3558 2168 3624 praeceptu-

575 3642 670 3693 rtts
722 3645 826 3705 est,
871 3637 1020 3708 prius
1045 3644 1078 3695 tt
1104 3636 1413 3696 domesticis
1456 3640 1649 3711 exigat.
1699 3638 1869 3698 Filios
1904 3638 2167 3700 habentem

575 3722 821 3797 subditos,
880 3732 997 3784 cum
1046 3729 1185 3785 omni
1208 3731 1476 3797 castitate;
1520 3733 1588 3788 ne
1635 3731 1842 3790 seilicet
1895 3734 2169 3793 imitentur

574 3819 715 3875 illius
757 3820 859 3891 Eii,
910 3812 1001 3895 Qui
1042 3824 1095 3878 in
1141 3823 1409 3882 chtibhlo
1447 3820 1656 3897 Templi
1704 3830 1825 3883 cum‘
1855 3827 2166 3885 mulieribus

571 3910 944 3984 dormiebant;
991 3920 1049 3973 ct
1098 3916 1177 3989 (a)
1224 3916 1538 3989 religionem
1596 3919 1830 3990 prmdam
1878 3919 2162 3994 putantes,

570 3996 824 4077 quidquid
845 3996 1104 4078 optimum
1127 4008 1181 4063 in
1205 4009 1393 4067 hostiis
1411 4018 1545 4076 erat,
1574 4010 1627 4066 in
1653 4012 1778 4068 suas
1796 4011 2015 4069 delicias
2036 4027 2164 4070 con-

572 4090 848 4149 vertebant
889 4086 980 4164 (1.
1017 4086 1146 4168 Reg.
1177 4092 1271 4171 Ξ).
1304 4097 1428 4155 Non
1470 4100 1799 4175 neopliytum,
1830 4119 1893 4158 ne
1910 4103 1964 4159 in
1984 4106 2163 4176 snper-

573 4186 707 4239 biant
751 4187 914 4242 elatus
940 4176 995 4243 in
1012 4184 1271 4260 judicium
1298 4192 1497 4249 incidat
1525 4192 1720 4250 diaboli
1748 4184 1837 4266 (1.
1862 4180 1999 4251 Tim.
2030 4198 2087 4254 5.
2117 4192 2166 4253 et

570 4274 677 4332 Tit.
706 4269 797 4349 l).
827 4267 1004 4337 Mirari
1029 4268 1157 4340 satis
1186 4286 1291 4341 non
1341 4288 1502 4358 queo,
1535 4290 1655 4360 Quae
1691 4287 1971 4346 hominum
2017 4298 2162 4348 tanta

572 4368 643 4424 sit
681 4369 913 4438 ascitas,
952 4370 1030 4454 tle
1061 4376 1314 4432 uxoribus
1337 4384 1462 4435 ante
1497 4380 1820 4452 baptismum
1846 4384 2158 4454 disputare;

578 4466 634 4516 ct
680 4476 792 4514 rem
838 4461 893 4517 in
942 4450 1263 4535 baptismate
1300 4450 1589 4539 mortuam,
1621 4473 1732 4528 imo
1774 4489 1896 4529 cum
1935 4450 2160 4533 Christo

577 4548 902 4609 vivificath
930 4543 983 4610 in
1005 4546 1323 4613 calumniam
1355 4562 1589 4630 trahere,
1613 4578 1735 4619 cum
1776 4568 1884 4621 tam
1914 4570 2160 4636 apertum

569 4632 896 4716 evitlcnsqh'e‘
942 4650 1266 4718 praeceptum
1314 4664 1475 4706 nemo
1523 4653 1811 4712 custodiat.
1858 4632 1985 4713 llei'i
2010 4669 2158 4717 cate-

569 4732 888 4804 chumenos,
946 4736 1105 4821 hodie
1155 4740 1388 4810 pentifex
1419 4760 1434 4797 :
1465 4741 1580 4799 heri
1622 4744 1676 4800 in
1725 4744 2156 4821 amphitheatro,

566 4826 726 4884 hodie
746 4829 799 4885 in
832 4815 1105 4898 Ecclesia:
1133 4836 1427 4905 vesperelin
1457 4836 1625 4904 circo,
1653 4815 1893 4895 manevin
1922 4838 2113 4897 altario

566 4921 766 4979 dudum
788 4910 962 4982 fautor
981 4912 1322 4997 histrionum,
1346 4932 1488 4987 nunc
1509 4932 1773 5004 virginum
1793 4944 2156 4994 consecratur.

564 5010 699 5068 Num
744 5006 1025 5088 ignorabat
1071 5018 1360 5090 Apotstolus
1401 5023 1871 5094 tergiversationes
1907 5026 2155 5098 uestras,

564 5110 620 5163 et
642 5117 1080 5179 argumentorum
1112 5111 1338 5183 ineptias
1361 5115 1670 5172 nesciebat?
1694 5112 1793 5183 Qui
1821 5117 1976 5186 dixit,
2008 5119 2161 5174 unius

564 5200 741 5257 uxoris
764 5202 925 5257 virum
952 5190 1190 5279 (Ibid),
1245 5206 1360 5278 ipse
1393 5207 1666 5265 mandavit
1708 5206 2156 5281 irreprehensibi-

563 5290 689 5359 lem,
721 5293 980 5363 sobrium,
1009 5294 1349 5366 prudentem,
1377 5306 1643 5367 ornatum,
1681 5290 2022 5373 hospitalem,
2055 5302 2156 5358 do-

625 5386 935 5502 (algOScilicet
977 5392 1184 5449 obtentu
1227 5396 1482 5473 religionis
1514 5396 1746 5511 lgratulari.
1784 5400 1868 5451 Sic
1891 5398 2039 5464 epist.
2065 5398 2144 5451 50.

742 5459 990 5508 unionem
1015 5471 1149 5508 num.
1183 5460 1232 5509 3.
1258 5472 1511 5511 rumicem
1584 5462 1773 5511 cuidam
1795 5464 2032 5511 monacho
2056 5475 2144 5511 ex-

1015 5471 1149 5530 uam.
1183 5460 1232 5509 3.
1258 5452 1563 5530 rumigeruio
1584 5462 1773 5513 cuidam
1795 5452 2032 5530 monacho
2047 5475 2149 5530 ex-

742 5519 951 5591 bgqupd
973 5519 1254 5591 religionem
1263 5519 1486 5591 pugnam
1510 5523 1717 5591 faceret,
1740 5524 2150 5591 quemadmodum

658 5535 763 5564 urat
820 5535 951 5580 quoa
973 5535 1254 5591 reugwnem
1340 5576 1349 5585 _
1373 5536 1486 5572 nam
1510 5535 1717 5585 taceret,
1740 5535 2149 5588 quemadmouum

658 5551 1204 5662 ξιηιὲξᾼεειλιξπεέμρι
1228 5535 1547 5662 hic?"
1570 5584 1709 5662 ‘Pc‘is.
1724 5660 1728 5662 Α
1743 5588 2009 5662 sonoque
2034 5587 2149 5637 πίοι

1909 207 2150 267 SANCTI
2191 205 2568 263 HIERONYMI

3784 221 3921 279 66‘

2291 317 2515 387 olorem,
2545 318 2844 376 modestum
2875 336 2889 375 :
2916 335 3025 376 non
3071 320 3422 393 vinolentum,
3466 339 3574 382 non
3603 338 3911 397 percusso-

2289 425 2426 480 rem,
2479 424 2586 466 non
2613 412 2921 483 litigiosum,
2949 427 3058 468 non
3101 426 3343 483 avarum,
3390 420 3498 471 non
3527 422 3900 491 necphytm.

2290 503 2373 560 Ad
2399 501 2514 559 haec
2537 503 2715 559 omnia
2737 503 3035 561 claudimus
3058 505 3246 562 oculos
3263 544 3279 573 ,
3306 508 3450 564 solas
3473 510 3725 569 videmus
3755 522 3903 572 uxo-

2290 594 2399 651 res.
2430 595 2582 664 Quod
2608 604 2783 652 autem
2820 597 2895 653 ait
2936 615 2951 652 :
2985 597 3067 653 Ne
3093 598 3148 653 in
3176 600 3465 669 superbiant
3486 603 3672 673 etuas,
3695 605 3903 663 incidat

2288 686 2342 740 in
2354 686 2610 759 judicium
2631 688 2840 749 ﬁdenti,
2867 689 2990 758 quis
3011 704 3118 744 non
3159 693 3411 763 exemplo
3433 696 3626 751 verum
3655 700 3897 769 probet?

2289 777 2503 849 Ignorat
2531 778 2607 852 (ὁ)
2659 789 3063 838 momentaneus
3096 782 3366 840 Sacerdos
3406 785 3787 861 humilitatus,
3838 804 3895 852 et

2289 871 2753 928 mansuetudinem
2777 872 3101 930 rusticorum
3130 891 3147 930 :
3174 876 3391 946 ignorat
3415 877 3704 940 blanditias
3731 884 3897 942 Chr-io

2289 961 2523 1029 stianas;
2573 965 2746 1020 nescit
2790 967 3027 1036 seipsum
3064 975 3417 1028 contemnere
3468 980 3485 1027 ξ
3519 972 3593 1030 de
3626 974 3894 1048 dignitate

2290 1053 2606 1110 transfertur
2632 1054 2700 1111 ad
2724 1055 3036 1127 dignitatem
3069 1077 3084 1114 :
3133 1066 3241 1114 non
3263 1060 3549 1132 jejunavit;
3577 1068 3677 1123 non
3699 1067 3851 1125 ﬂevit
3867 1114 3883 1136 ,

2289 1158 2394 1199 non
2418 1158 2594 1202 mores
2622 1161 2748 1204 suos
2767 1154 2914 1219 sape
2936 1151 3304 1221 reprehendit;
3333 1160 3389 1210 et
3414 1154 3628 1213 assidua
3657 1162 3849 1217 mediis
3864 1180 3884 1204 δ

2290 1234 2432 1290 tione
2458 1239 2730 1294 correxit:
2760 1254 2868 1295 non
2893 1242 3246 1298 substantiam
3270 1249 3599 1317 pauperibus
3624 1253 3882 1323 erogavit.

2290 1324 2366 1381 De
2392 1326 2644 1384 cathedra
2695 1331 3095 1401 quodammodo
3118 1335 3333 1392 ducitur
3359 1339 3428 1393 ad
3465 1341 3795 1412 cathedram,
3829 1346 3884 1402 id

2287 1427 2395 1485 est,
2433 1418 2502 1475 de
2552 1423 2800 1492 superbia
2840 1428 2909 1479 ad
2938 1428 3265 1496 superbiam.
3317 1429 3582 1490 iudicium
3621 1432 3801 1494 autem
3829 1447 3887 1495 et

2286 1511 2438 1567 ruina
2467 1511 2684 1581 diaboli,
2716 1515 2849 1571 nulli
2867 1517 3112 1585 dubium,
3144 1520 3272 1592 quin
3295 1527 3598 1595 arrogantia
3624 1529 3717 1584 sit.
3750 1530 3889 1587 lucta

2286 1614 2426 1659 nun'r
2471 1616 2523 1660 ta
2576 1618 2684 1661 an
2728 1608 2821 1678 qui
2864 1609 2915 1663 in
2945 1618 3146 1680 puncto
3176 1611 3339 1679 horas,
3368 1616 3597 1671 necdum
3625 1619 3889 1691 discipuli

2283 1691 2446 1765 425
2501 1694 2612 1765 jam
2641 1698 2880 1768 magistri
2907 1708 3052 1755 sunt.
3092 1699 3304 1774 Oportet
3337 1710 3501 1761 autem
3526 1722 3641 1763 eam
3667 1720 3717 1764 et
3742 1713 3894 1767 testi-

2284 1785 2509 1840 monium
2533 1787 2715 1843 [tubere
2728 1789 2911 1845 bonum
2929 1793 2993 1846 ab
3013 1790 3093 1848 his
3111 1796 3198 1866 qui
3224 1795 3356 1868 feris
3382 1806 3515 1853 sunt.
3543 1800 3715 1867 Quale
3736 1804 3891 1874 prin-

2283 1875 2504 1946 cipium,
2555 1879 2677 1935 talis
2703 1888 2760 1936 et
2805 1882 3064 1939 clausula.
3120 1886 3223 1954 Qui
3263 1887 3750 1958 irreprehcnsihiiis
3777 1904 3883 1964 est,

2283 1980 2391 2021 non
2421 1967 2592 2023 solum
2618 1984 2648 2023 a
2673 1969 3002 2037 domesticis,
3030 1974 3123 2030 sed
3144 1985 3200 2031 et
3216 1978 3286 2032 ab
3312 1978 3505 2034 alienis
3529 1992 3768 2040 consono
3787 1999 3887 2041 ore

2281 2058 2545 2115 laudatur.
2578 2062 2754 2118 Alieni
2779 2073 2835 2120 et
2860 2073 3011 2122 extra
3033 2067 3326 2125 Ecclesiam
3352 2081 3477 2127 sunt
3501 2072 3688 2140 δυόωσι,
3710 2076 3887 2134 hatre-

2282 2149 2396 2218 tici,
2442 2159 2603 2221 atque
2631 2152 2891 2211 Gentiles.
2924 2156 3068 2213 Talis
3110 2174 3240 2230 ergo
3277 2161 3348 2217 sit
3373 2161 3617 2220 Pontifex
3641 2165 3878 2234 Christi,

2282 2241 2453 2312 utqui
2505 2243 2746 2315 religioni
2777 2246 3085 2317 detrahunt,
3116 2251 3239 2306 vitae
3280 2252 3399 2323 ejus
3442 2254 3734 2313 detrahere
3771 2274 3880 2317 non

2279 2330 2531 2388 audeant.
2561 2338 2632 2389 At
2677 2352 2819 2394 nunc
2866 2340 3150 2413 plerosque
3179 2345 3484 2413 cernimus,
3524 2347 3613 2403 vel
3644 2348 3902 2408 lavorem‘

2280 2423 2485 2493 populi,
2520 2425 2572 2480 in
2618 2429 2923 2500 aurigarum
2968 2447 3175 2489 morem
3225 2436 3400 2506 pretio
3456 2438 3725 2497 redimere
3756 2461 3771 2496 :
3797 2445 3882 2500 vel

2278 2519 2423 2571 tanto
2474 2519 2712 2574 omnium
2749 2520 3024 2578 hominum
3068 2524 3193 2581 odio
3235 2528 3452 2595 vivere,
3524 2538 3585 2586 ut
3644 2546 3751 2589 non
3780 2548 3878 2591 ex-

2279 2613 2562 2677 torqueant
2589 2613 2835 2681 pecunia,
2862 2614 3005 2684 quod
3034 2616 3187 2671 mimi
3210 2616 3499 2689 impetrant
3531 2623 3794 2693 gestibus.

2349 2697 2437 2754 to.
2466 2699 2625 2769 Haec,
2656 2702 2733 2757 ﬁli
2761 2702 3008 2783 Oceane,-
3037 2707 3268 2765 sollicito
3309 2709 3503 2767 timore
3548 2714 3866 2785 perquirere

2277 2789 2370 2859 (al.
2400 2792 2653 2866 perquire)
2688 2796 2838 2865 :haec
2859 2798 3099 2869 magistri
3129 2801 3385 2858 Ecclesiae
3407 2805 3682 2863 custodire
3710 2807 3879 2865 debe-

2274 2880 2407 2938 bunt
2434 2901 2450 2940 :
2478 2884 2577 2941 bos
2603 2886 2657 2941 in
2689 2888 3073 2947 Sacerdotibus
3103 2893 3366 2965 eligendis
3390 2911 3631 2955 canones
3680 2902 3876 2959 obser-

2278 2987 2404 3030 vare
2433 2993 2447 3029 :
2484 2991 2590 3032 non
2613 2978 2763 3048 ju‘xta
2793 2982 3006 3052 propria
3035 2983 3156 3039 o‘dia
3185 2994 3241 3040 et
3274 2991 3510 3058 privatas
3542 2991 3873 3062 simultates,

2274 3077 2690 3141 carpentemque
2727 3087 2944 3143 semper
2992 3083 3268 3133 auctorem
3312 3093 3467 3136 suum
3493 3112 3511 3148 ς
3566 3081 3872 3154 invidiam,

2272 3156 2447 3228 legem
2488 3159 2688 3217 Christi
2739 3163 3100 3234 interpretari.
3137 3166 3273 3224 Vide
3297 3178 3553 3239 quantum
3595 3172 3667 3228 sit
3715 3176 3877 3230 testi-

2272 3249 2513 3335 monium
2546 3251 2705 3322 hujus
2727 3293 2743 3319 ,
2768 3270 2932 3324 quem
2987 3267 3258 3326 arguunt,
3287 3260 3512 3330 mariti,
3552 3263 3640 3318 cui
3673 3270 3875 3335 praeter

2272 3341 2545 3399 vinculum
2573 3346 2855 3417 coniugale
2875 3388 2891 3414 ,
2924 3355 2980 3404 et
3010 3348 3113 3406 hoe
3158 3358 3286 3408 ante
3322 3353 3655 3423 baptismum
3682 3378 3703 3423 ί
3736 3359 3871 3414 nihil

2270 3433 2416 3489 aliud
2463 3434 2533 3491 ab
2584 3436 2792 3491 aemulis
2838 3436 2999 3508 objiei
3038 3449 3234 3511 potest.
3268 3459 3292 3496 r
3326 3441 3429 3512 Qui
3471 3447 3715 3516 praecipit
3758 3463 3868 3504 non

2271 3524 2672 3593 mmehandum,
2688 3526 2807 3597 ipse
2821 3527 2979 3597 dixit,
2997 3539 3053 3586 et
3068 3547 3175 3589 non
3189 3533 3404 3591 occides
3430 3548 3453 3590 ο
3474 3535 3771 3607 (Iacchi!
3787 3541 3805 3594 l
3820 3539 3865 3611 ).

2270 3616 2329 3672 Si
2372 3632 2481 3672 non
2512 3616 2884 3687 mtechamur,
2915 3622 3011 3679 sed
3051 3625 3386 3696 occidimus,
3433 3637 3868 3702 transgressores

2270 3707 2404 3778 legis
2433 3723 2639 3766 sumus.
2664 3730 2684 3764 ι
2715 3712 2815 3782 Qui
2845 3722 3010 3772 totam
3041 3718 3215 3789 legem
3262 3723 3578 3791 servaverit,
3620 3735 3676 3781 et
3703 3725 3867 3781 atton-

2268 3798 2411 3856 derit
2435 3800 2491 3856 in
2519 3815 2648 3870 uno,-
2673 3802 2733 3858 tit
2751 3807 2990 3862 omnium
3019 3824 3173 3865 reus»
3210 3809 3379 3882 (Ibid;
3398 3812 3512 3884 10).
3536 3813 3721 3887 itaque
3735 3830 3861 3873 cum

2267 3895 2617 3963 opposuerim
2661 3897 2816 3954 nobis
2843 3914 3066 3957 uxorem
3088 3912 3226 3960 ante
3269 3904 3618 3976 baptismum,
3649 3914 3750 3966 uos
3793 3909 3863 3965 ab

2267 3983 2348 4039 eis
2370 3986 2548 4042 omnia
2573 4002 2695 4057 qus
2725 3999 2845 4059 post
2893 3991 3226 4062 baptismum
3272 4004 3550 4070 praecepta
3578 4008 3746 4069 sunt,
3777 4006 3862 4057 re-

2265 4076 2561 4146 quiramus.
2595 4078 2972 4139 Pammenem
3000 4084 3144 4155 quod
3172 4101 3281 4144 non
3310 4088 3439 4148 licet
3468 4106 3487 4147 :
3512 4098 3570 4149 et
3596 4090 3862 4165 objiciunt

2266 4166 2411 4236 quod
2433 4180 2750 4227 concessam
2777 4180 2881 4229 est:

2744 4284 3075 4343 urts't'om
3114 4287 3258 4346 Lxx
3283 4280 3384 4364 (ε).

2495 4398 2566 4453 to
2597 4395 2679 4467 (ά)
2704 4396 2921 4455 iisunum
2946 4400 3235 4458 Ostiensi
3265 4402 3416 4462 unus
3442 4402 3620 4464 iteite.

2266 4490 2461 4591 Magno
2485 4507 2689 4563 cuidam
2711 4492 2924 4565 Rhetori
2947 4511 3220 4593 Romano,
3281 4533 3429 4587 quem
3482 4504 3719 4592 Ruﬁnus
3772 4540 3858 4579 so-

2336 4596 2599 4679 bornarat,
2626 4610 2682 4653 ut
2708 4612 2953 4669 quwreret
2978 4604 3041 4658 ab
3074 4603 3410 4680 Hieronymo,
3443 4626 3535 4665 cur
3551 4612 3607 4665 in
3630 4627 3853 4683 aputeu-

2336 4685 2402 4743 lia
2450 4689 2558 4743 suis
2611 4691 2934 4788 amentarium
2962 4683 3270 4754 litterarium
3317 4703 3553 4788 exempla
3606 4708 3816 4787 poneret
3839 4743 3861 4774 ,

2335 4779 2585 4834 rationem
2610 4780 2813 4867 reddit,
2846 4787 3163 4859 ostenditque
3207 4801 3456 4864 quatenus
3497 4780 3554 4848 id
3590 4779 3742 4849 liceat
3765 4835 3784 4865 ,
3813 4804 3862 4852 ct

2335 4889 2547 4947 quorum
2571 4877 2801 4947 exemplo
2822 4878 2878 4933 id
2905 4870 3082 4951 faciat.

2337 4985 2390 5042 1.
2423 4983 2495 5057 (e)
2522 4984 2801 5043 Sebesium
2830 4999 3075 5049 nostrum
3105 4993 3213 5050 tuis
3256 4994 3475 5052 monitis
3517 4992 3856 5067 proiecisse,

2327 5094 2527 5168 (1)),ουὶ
2549 5100 2852 5168 uouseustm
2873 5106 2929 5152 et
2949 5114 3039 5165 per
3062 5103 3260 5165 gradus;
3283 5104 3374 5155 sed
3394 5113 3609 5168 repente
3625 5118 3690 5158 ex
3731 5106 3859 5158 lateo

2262 5157 2505 5229 sacerdos
2530 5164 2608 5229 est
2638 5159 2839 5229 jussus;
2864 5157 2976 5212 nam
2999 5157 3168 5215 voc'em
3213 5157 3594 5229 momentancus,
3631 5175 3717 5221 aut
3739 5181 3853 5229 nus-

2262 5232 2408 5282 quam
2430 5219 2557 5293 apud
2582 5219 2810 5294 probatos
2825 5219 3076 5275 'auctores
3096 5264 3110 5284 ,
3137 5230 3222 5299 aut
3246 5227 3395 5276 etiam
3420 5228 3472 5277 in
3494 5219 3711 5293 smintori
3741 5219 3839 5280 lati-

2262 5282 2419 5331 nitate
2440 5281 2536 5330 aho
2556 5294 2706 5332 sensu
2732 5284 2975 5337 Invenies.
3014 5285 3309 5338 'l‘ertulhan.
3334 5288 3370 5336 Ι.
3395 5288 3444 5340 ὅ.
3487 5292 3679 5342 advers.
3722 5291 3828 5342 lar

2263 5345 2389 5415 cion.
2416 5356 2461 5393 c.
2488 5344 2567 5415 17ζ
2593 5344 2658 5393 de
2683 5343 2891 5415 Christo,
2923 5365 2946 5395 ε
2967 5350 3048 5411 qui
3073 5348 3224 5415 linum
3247 5349 3447 5415 ardens,
3469 5352 3522 5403 id
3540 5359 3619 5405 est
3639 5364 3855 5404 nmen-

2264 5412 2463 5454 taneum
2485 5405 2707 5468 ardorem
2728 5405 2968 5468 gentium,
2984 5405 3087 5459 ‘non
3113 5410 3347 5461 extinxit.
3372 5422 3396 5456 ι

2351 5469 2401 5537 ς)
2437 5466 2569 5537 1{tias
2588 5466 2875 5537 8i.scripta
2897 5469 3019 5537 circ.
3043 5470 3175 5537 idern
3193 5476 3382 5537 lernam
3400 5485 3498 5537 quo
3517 5475 3757 5537 mei-iur.

2348 5528 2421 5595 ά)-
2437 5528 2611 5595 Hujus,
2632 5536 2693 5595 ut.
2716 5528 3114 5595 videtur,_Magni
3138 5528 3359 5595 Oratoris
3381 5528 3607 5588 meminit
3627 5537 3857 5589 Sidonius

2262 5588 2348 5656 lib.
2374 5588 2447 5656 _V._
2466 5588 2611 5656 epist.
2632 5589 2689 5638 Χ.
2711 5594 2875 5656 eique
2898 5588 3109 5656 rigorEm
3132 5594 3185 5641 in
3210 5593 3417 5656 dicendo
3449 5598 3644 5649 tribuit.

2322 5652 2394 5714 (ε)
2429 5650 2690 5719 in_aliquot
2708 5650 2823 5719 piss}
2860 5650 3087 5719 sectarum
3127 5655 3428 5719 invenimus,
3452 5657 3508 5710 in
3529 5658 3644 5713 alits
3664 5656 3859 5714 llam

2260 5708 2403 5768 nni
2420 5708 2688 5766 “Nam
2706 5708 2811 5779 legi
2831 5712 3101 5770 adnotavit.
