4056 6184
1450 197 1791 267 EPISTOLA
1825 193 2020 255 LXXI.
3292 184 3397 243 67o

1819 313 1971 368 datis.
1993 308 2107 367 Non
2128 321 2224 364 ssr
2246 302 2451 361 iuvioos
2465 299 2798 372 Agonotheta
2813 307 3016 366 noster,
3048 311 3150 356 nec
3172 298 3397 357 alterius

1819 405 2017 476 palma,
2041 400 2112 475 (b)
2152 397 2307 453 alteri
2334 402 2489 466 parat
2529 391 2898 462 ignominiam.
2930 386 3130 448 Omnes
3168 391 3400 447 athletas

1819 512 1946 555 suos
1975 491 2243 550 desiderat
2268 485 2536 545 coronari.
2561 482 2772 539 Gaudet
2796 482 2975 535 anima
3006 497 3158 549 mea,
3185 492 3240 538 et
3285 497 3398 536 ma-

1819 587 2098 662 gnitudine
2122 583 2327 639 laetitiis
2351 595 2466 636 rem
2492 576 2743 633 maeroris
2767 572 3118 644 patior.Ruth
3145 573 3200 628 in
3229 575 3402 646 lacry-

1821 698 1938 740 mas
1961 680 2124 738 verba
2147 681 2522 750 prorumpunt.
2542 670 2802 728 Zaeltaens
2821 667 2889 723 ad
2922 667 3076 722 unius
3103 665 3250 722 horae
3269 682 3400 722 con-

1822 774 2162 835 versionem,
2216 767 2488 838 hospitem
2545 763 2745 818 habere
2793 759 2990 815 meruit
3048 758 3401 816 Salvatorem.

1823 865 2029 924 Martha
2080 873 2133 918 et
2188 860 2395 927 Maria,
2443 852 2694 913 convivio
2756 859 3061 924 praeparato
3122 851 3413 907 Dominum

1826 971 2134 1028 suscepere.
2185 951 2437 1008 Meretrix
2506 949 2650 1004 lavat
2700 945 2917 1000 ﬂetibus
2964 943 3150 1015 pedes,
3199 953 3255 999 et
3301 959 3405 1000 un-

1827 1050 2037 1121 guentis
2091 1047 2356 1101 honorum
2393 1057 2616 1114 Operum
2671 1035 2938 1094 Dominici
2970 1036 3212 1106 corporis
3259 1036 3408 1092 dedi-

1829 1150 1917 1194 cat
1954 1137 2301 1208 sepulturam.
2342 1134 2527 1190 Simon
2583 1131 2829 1201 leprosus
2873 1127 3060 1182 invitat
3099 1128 3412 1198 magistrum

1833 1248 1955 1290 cum
1985 1231 2282 1301 discipulis,
2312 1237 2368 1283 et
2396 1243 2501 1282 non
2523 1223 2904 1280 contemnitur.
2928 1220 3158 1276 Abraha:
3179 1220 3374 1276 dicitur
3396 1237 3411 1274 :

1834 1324 2087 1395 Egredere
2116 1322 2179 1375 de
2207 1330 2340 1375 terra
2369 1329 2475 1386 tua,
2500 1326 2546 1370 et
2573 1316 2636 1370 de
2659 1313 2952 1384 cognatione
2972 1321 3078 1378 tua,
3105 1319 3151 1365 et
3180 1311 3242 1364 de
3264 1311 3415 1366 domo

1837 1417 1996 1488 patris
2026 1416 2135 1481 tui,
2181 1423 2226 1467 et
2270 1412 2396 1464 uade
2421 1411 2474 1463 in
2517 1418 2700 1462 terram
2743 1422 2894 1474 quam
2940 1413 3280 1458 monstravero
3330 1405 3419 1457 tibi

147 247 244 307 669

215 357 570 422 constituerat,
622 353 846 408 hortatur
892 353 949 400 ut
1016 329 1070 397 in
1117 332 1373 411 proposito
1425 333 1609 400 perstet
1663 328 1712 376 et

216 450 495 519 adnaoiget.
520 419 717 500 Interea
744 455 894 509 opera
922 433 1154 506 quwdunt
1175 445 1270 485 sua
1288 467 1304 492 ,
1336 437 1449 495 qua:
1475 419 1565 474 ille
1591 431 1709 486 pos—

219 544 469 605 tulaoerat,
500 554 600 592 una
621 551 732 590 cum
764 541 981 604 quatuor
999 523 1249 586 ciliciolis,
1278 527 1323 573 et
1347 514 1500 570 Isaia:
1519 509 1710 574 codice,

220 635 403 697 mittit;
425 603 527 684 tum
551 627 612 681 de
645 624 857 698 jejuniis
879 663 896 686 ,
924 613 1260 673 Eucharistiw
1301 603 1624 677 sumptione,
1654 613 1715 652 ac

221 724 558 785 traditionibus
586 699 954 774 Ecclesiasticis
980 707 1200 765 disserit.

219 867 268 920 l.
298 862 404 918 Nec
444 855 686 930 opinanti
730 851 864 909 mihi
899 848 1078 906 subito
1105 845 1302 900 litterae
1343 848 1448 894 tua:
1492 831 1719 891 reddita:

152 966 268 1014 sunt
295 971 308 1006 :
331 967 448 1024 qua:
477 923 680 1021 quanto
751 943 910 1017 5.31
984 940 1286 1008 insperatae,
1324 938 1470 986 tanto
1496 923 1718 998 gaudio-

151 1064 262 1106 rum
294 1047 482 1117 plenaz,
514 1042 590 1113 (α)
628 1039 996 1110 quiescentem
1024 1031 1258 1086 animam
1286 1025 1631 1080 suscitarunt,
1667 1025 1724 1069 ut

149 1139 322 1193 statim
351 1111 534 1189 amore
564 1129 978 1199 complecterer,
1008 1136 1167 1192 quem
1191 1117 1362 1174 oculis
1388 1111 1721 1184 ignorabam,

147 1239 199 1284 et
229 1227 360 1283 illud
391 1237 599 1280 mecum
631 1195 822 1275 tacitus
847 1213 1188 1271 mussitarem
1221 1226 1235 1262 :
1268 1207 1396 1272 Quis
1425 1201 1561 1257 dabit
1604 1195 1728 1252 mihi

146 1335 339 1392 pennas
354 1317 481 1372 sicut
507 1312 770 1377 columbae,
791 1318 838 1364 et
853 1306 1048 1367 volabo,
1067 1315 1115 1358 et
1134 1301 1385 1372 quiescam
1401 1294 1519 1367 (Ps.
1533 1293 1623 1349 54.
1639 1289 1694 1362 7)
1711 1330 1726 1357 ,

149 1408 473 1467 utinveniat
500 1419 660 1475 quem
697 1399 872 1470 diligit
919 1399 1114 1453 amima
1141 1407 1278 1448 mea.
1304 1389 1443 1444 Vere
1497 1397 1638 1439 nunc
1677 1382 1730 1435 in

151 1513 201 1557 te
230 1513 414 1555 sermo
442 1496 750 1552 Dominicus
779 1490 1082 1560 completus
1115 1493 1196 1541 est
1217 1503 1231 1539 :
1255 1480 1407 1536 Multi
1440 1478 1504 1531 de
1531 1476 1733 1529 Oriente

153 1604 199 1648 et
245 1590 516 1645 Occidente
561 1587 792 1650 venient,
823 1593 871 1638 et
913 1581 1199 1637 recumbent
1237 1577 1291 1630 in
1333 1574 1452 1628 sinu
1495 1566 1731 1622 Abrahte.

155 1683 434 1741 Cornelius
463 1679 707 1735 centurio
733 1676 974 1732 cohortis
1001 1672 1218 1735 ltalicm,
1245 1668 1354 1737 jam
1385 1673 1512 1718 tunc
1528 1656 1734 1714 Lucinii

156 1776 260 1832 mei
303 1771 680 1844 prmﬁgurabat
716 1767 895 1822 (idem.
922 1762 1212 1834 Apostolus
1256 1756 1457 1813 Paulus
1494 1750 1738 1806 scribens

155 1862 222 1922 ad
251 1866 522 1920 Romanos
556 1879 570 1916 :
599 1861 727 1915 Cum
767 1861 820 1912 in
876 1854 1184 1923 Hispaniam
1229 1844 1480 1918 proﬁcisci
1507 1853 1735 1907 cmpero,

155 1973 300 2027 spero
343 1953 480 2025 quod
507 1952 792 2022 praeteriens
820 1947 1016 2002 videam
1045 1929 1131 1998 uos
1153 1983 1170 2008 ,
1199 1949 1245 1993 et
1283 1954 1315 1990 a
1339 1934 1476 1990 nobis
1518 1931 1742 1984 deducor

157 2018 779 2120 ammoniaci),
812 2039 974 2095 tantis
1019 2033 1278 2091 fructibus
1331 2029 1426 2100 (al.
1481 2018 1742 2094 ﬂuctibus)

156 2140 498 2212 approbavit,
521 2137 647 2207 quid
674 2135 742 2191 de
771 2135 858 2189 illa
883 2130 1158 2203 provincia
1188 2129 1478 2196 qunn‘eret.
1512 2118 1570 2172 ln
1594 2113 1745 2170 brevi

158 2204 408 2304 tempore
424 2204 493 2285 ab
521 2204 871 2298 J-erosolymis
896 2236 1064 2292 usque
1089 2220 1156 2273 ad
1179 2216 1452 2287 Illyricum
1473 2204 1748 2277 Evangelii

156 2325 368 2396 iaciens
400 2320 747 2376 fundamenta
773 2358 788 2384 ,
834 2315 1063 2369 Romam
1079 2310 1292 2364 vinctus
1329 2300 1631 2373 ingreditur
1651 2337 1665 2363 ,
1693 2303 1752 2349 ut

161 2417 375 2472 vinctos
407 2407 811 2482 superstitionis
837 2404 1110 2461 erroribus
1141 2399 1344 2454 liberos
1374 2392 1552 2448 faciat.
1577 2389 1755 2444 Manet

160 2508 215 2562 in
245 2503 490 2574 hospitio
517 2500 784 2556 conducto
832 2511 927 2567 per
954 2492 1261 2552 biennium;
1289 2497 1349 2542 ut
1377 2484 1532 2539 nobis
1562 2481 1756 2536 utrius-

163 2615 269 2671 que
315 2594 673 2652 lnstrumenti
721 2600 978 2647 mternam
1029 2585 1216 2642 reddat
1255 2582 1494 2638 domum.
1518 2576 1757 2632 Piscator

164 2693 450 2748 hominum
472 2729 488 2754 ,
519 2686 688 2740 misso
736 2691 852 2739 rete
881 2677 1224 2751 Apostolico,
1277 2683 1328 2727 te
1367 2683 1578 2740 quoque
1606 2663 1759 2736 quasi

167 2780 608 2856 pulcherrimum
664 2777 924 2830 Auratum
993 2771 1134 2824 inter
1196 2766 1478 2820 innumera
1534 2757 1760 2828 piscium

166 2890 368 2950 genera
410 2871 577 2928 traxit
621 2868 688 2924 ad
731 2867 900 2922 littus.
943 2860 1227 2932 Reliquisti
1271 2868 1488 2911 amaros
1534 2851 1760 2915 lluctus,

168 2971 343 3026 salsos
397 2964 681 3038 gurgites,
729 2959 991 3015 scissuras
1019 2952 1320 3015 monitum,
1362 2955 1417 3003 et
1470 2942 1764 3000 Leviathan

168 3065 495 3131 regnantem
525 3055 579 3108 in
606 3051 917 3120 aquis,eum
941 3045 1068 3101 Jesu
1094 3043 1306 3097 deserta
1333 3045 1611 3108 expetens,
1639 3047 1768 3087 con-

169 3148 473 3222 tempsisti,
492 3153 550 3200 ut
566 3142 737 3214 possis
754 3137 1131 3209 PrOphetieum
1150 3130 1279 3186 illud
1298 3142 1494 3183 canere
1512 3141 1529 3179 :
1552 3123 1620 3178 In
1637 3133 1772 3176 terra

170 3246 466 3306 deserta,et
489 3237 707 3301 invio,et
724 3234 777 3286 in
805 3228 1153 3298 inaquoso,sic
1180 3225 1234 3277 in
1260 3230 1432 3276 sancto
1450 3217 1668 3289 apparui
1687 3215 1774 3268 tibi

173 3336 295 3407 (Ps.
329 3333 426 3388 62.
458 3329 539 3399 5).
562 3328 627 3382 Et
653 3327 842 3379 iterum
870 3339 883 3375 :
907 3319 1038 3374 Ecce
1061 3314 1288 3386 elongavi
1309 3313 1528 3384 fugiens,
1547 3319 1594 3362 et
1614 3307 1777 3361 mansi

174 3401 226 3482 in
256 3422 569 3481 solitudine.
604 3413 967 3486 Exspectabam
994 3425 1107 3464 eum
1136 3408 1220 3478 qui
1251 3405 1446 3461 salvum
1480 3417 1561 3456 me
1588 3401 1708 3471 fecit
1746 3415 1779 3452 a

176 3515 611 3591 pusillanimitate
649 3509 854 3579 spiritus
896 3515 943 3560 et
994 3509 1279 3572 tempestate
1324 3497 1441 3570 (Ps.
1481 3497 1571 3552 54.
1598 3495 1650 3550 8.
1697 3493 1776 3573 9).

178 3571 432 3666 δὺδεοω
479 3613 534 3659 te
559 3611 614 3657 et
642 3613 836 3656 moneo
886 3595 1122 3667 parentis
1158 3591 1375 3654 all'ectu,
1410 3597 1466 3643 ut
1491 3589 1580 3658 qui
1607 3571 1780 3642 Sede-

181 3718 330 3759 mam
364 3694 670 3768 reliquisti,
699 3692 766 3747 ad
807 3697 1064 3745 montana
1093 3685 1358 3742 festinans
1380 3724 1393 3746 ,
1421 3689 1546 3752 post
1574 3688 1783 3749 tergum

182 3813 253 3852 ne
285 3791 558 3864 respicias
591 3805 605 3842 :
635 3801 702 3840 ne
728 3781 890 3839 aratri
906 3782 1122 3846 stivam,
1153 3793 1222 3832 ne
1247 3773 1508 3829 limbriam
1539 3770 1786 3829 Salvato-

183 3890 261 3946 ris
281 3930 296 3952 ,
330 3901 406 3941 ne
433 3879 719 3937 cincinnos
741 3875 858 3944 ejus
881 3913 896 3938 ,
927 3871 1100 3925 noctis
1125 3883 1250 3923 rore
1277 3863 1628 3925 madefactos,
1658 3873 1792 3930 quos

184 3951 365 4036 semel
386 3986 584 4029 tenere
603 3965 836 4036 ccepisti,
855 3959 1139 4031 aliquando
1167 3956 1406 4011 dimittas
1431 3971 1444 4007 :
1470 3966 1537 4006 nc
1562 3951 1629 4005 de
1653 3958 1795 4004 tecto

185 4075 467 4128 virtutum
503 4060 728 4130 pristina
758 4053 1082 4126 qumsiturus
1110 4047 1431 4103 vestimenta
1469 4040 1794 4103 descendas;

188 4181 259 4222 ne
288 4163 364 4218 de
396 4170 540 4228 agro
586 4146 878 4207 revertaris
911 4143 1164 4204 domum,
1229 4152 1297 4191 ne
1322 4131 1641 4202 campestria
1679 4145 1799 4184 eum

191 4261 296 4314 Lot
326 4265 385 4310 et
409 4224 633 4306 a'maana
665 4243 948 4297 hortorum
979 4234 1170 4302 diligas
1191 4273 1206 4298 ,
1237 4243 1356 4300 qua:
1381 4241 1488 4282 non
1517 4224 1804 4294 irrigantur

196 4353 265 4407 de
287 4347 466 4410 casio,
501 4349 562 4396 ut
590 4348 731 4393 terra
746 4339 954 4397 sancta,
984 4326 1078 4382 sed
1106 4326 1178 4380 de
1207 4321 1418 4378 turbido
1441 4317 1660 4372 llumine
1683 4315 1806 4370 Jor-

199 4441 382 4504 danis,
410 4440 706 4507 postquam
735 4424 922 4482 dulces
947 4431 1112 4491 aquas
1134 4415 1298 4470 maris
1326 4410 1521 4467 mortui
1551 4408 1810 4463 commix-

201 4535 355 4589 tione
389 4525 646 4584 mutavit.

276 4626 337 4679 2.
353 4621 612 4691 Cmpisse
630 4614 919 4670 multorum
937 4613 1040 4672 est,
1055 4603 1123 4659 ad
1140 4601 1350 4660 culmen
1373 4595 1680 4668 pervenisse
1695 4608 1816 4664 pau-

208 4731 430 4776 corum.
471 4710 580 4778 Qui
615 4709 669 4762 in
697 4703 860 4760 stadio
881 4706 1111 4762 currunt,
1187 4692 1348 4765 532
1420 4704 1590 4744 omnes
1616 4686 1817 4757 quidem

209 4773 430 4864 currunt
455 4773 600 4869 {sed
626 4813 756 4853 unus
776 4791 958 4861 accipit
990 4802 1227 4843 coronam
1259 4779 1475 4854 (l.,Cor.
1496 4779 1551 4835 9.
1576 4777 1668 4832 24.
1699 4773 1814 4846 25).

213 4901 289 4953 At
309 4868 509 4950 contra
537 4890 605 4945 de
631 4887 786 4944 nobis
813 4883 1006 4940 dicitur
1035 4898 1049 4935 :
1080 4879 1171 4935 Sic
1211 4875 1394 4930 currite
1412 4915 1427 4942 ,
1454 4880 1509 4926 ut
1531 4868 1819 4940 apprehen-

218 5087 389 5135 catur.
417 5077 468 5122 ει
495 5064 944 5135 leuandum
969 5046 1826 5135 ιμεταιιαενξ,,ρεξὲεῑ.ιηι,εὲἰιῐὲ.εξιτε.ξξξ¹,ἒ

216 5107 394 5192 δὲωιῖέ
495 5107 1146 5192 ‘i’rzel'atiwdn‘e'di'sset—‘imum
1175 5114 1434 5192 Lueipium
1447 5115 1654 5192 Aaute‘m'

217 5170 310 5252 Eii.
575 5170 832 5252 iaciant—tm
842 5170 984 5252 ξίὶιῖιῖ
997 5170 1230 5252 licinium
1243 5213 1257 5238 ,
1280 5170 1830 5252 Qasvsiuodori‘us'tauﬁun:

218 5228 886 5314 iliéaii’t‘f'z‘iézi‘c'iiﬁ"
893 5228 1323 5314 'eii'ﬁi’spania
1344 5228 1758 5314 gietlcalanddunt
1780 5228 1832 5273 in

219 5297 891 5384 ἷῐῖἓῖέίξῇἱδῖέῖῦἒῖύδὶιίὃνεδ
909 5308 1103 5372 quidam
1128 5297 1298 5384 e'x'cusi
1316 5313 1330 5360 ;
1355 5298 1470 5348 Mss.
1482 5297 1726 5384 .reiicenti

702 5380 711 5384 ‘
918 5377 928 5384 ‘
1049 5369 1145 5384 “-—-
1175 5379 1197 5384 -
1223 5368 1326 5384 --ιιηι
1367 5369 1553 5384 unaue-nn
1579 5365 1657 5384 nm
1698 5365 1711 5384 ι

288 5347 1333 5448 δίμδζίδῠὶιξξ.υιαὸἔεῖἷηῗᾶἶί-ἷαιῖίόνιῖοξί
1367 5347 1834 5448 versiculnmrill‘uﬂ

644 5445 651 5448 ‘
776 5447 781 5448 γ
822 5447 833 5448 ί
876 5434 933 5448 ικμ
952 5445 967 5448 -
983 5437 1171 5448 -ι---.----
1210 5438 1299 5448 η..-
1317 5435 1358 5448 ,η
1450 5430 1528 5448 ορ,
1565 5427 1661 5448 nu”
1684 5446 1690 5448 _
1715 5426 1732 5448 ,
1826 5444 1834 5448 _

223 5415 526 5498 Ξῖ.
546 5415 1171 5499 f’éi'dﬁfé'gtiﬁiéétuhtp;
1210 5415 1380 5499 verba,
1413 5428 1528 5468 Vere
1565 5425 1692 5499 nunc
1715 5415 1836 5499 ἐξ

403 5469 1419 5563 ’άῗοῗῆἷηὶἓῖιέιῃεοηιῗῇιηῗέᾶῖῖίθτίῖᾷξίὲείις
1437 5476 1695 5563 εἱῃυυχὶι,
1708 5469 1838 5563 (ιιιἎὰ

587 5543 694 5608 ιιόῆ
709 5543 1001 5612 invenisset,
1026 5543 1115 5621 nos
1132 5564 1192 5598 ex
1212 5547 1324 5618 aliis
1345 5543 1568 5621 ognimus
1586 5551 1709 5600 quos
1726 5546 1840 5584 con-

228 5602 915 5683 ilitiE.'.is‘“.”.Em{Egimus,
930 5602 1078 5683 atque
1098 5609 1348 5674 impressis
1384 5605 1523 5655 libris
1542 5602 1593 5651 in
1616 5607 1840 5649 veterem

229 5677 374 5760 quasi
384 5677 389 5678 ί
401 5683 779 5754 possessionem
799 5677 1118 5730 restituimus.

1839 1507 1990 1577 (Gen.
2015 1505 2102 1559 12.
2130 1502 2206 1573 1).
2237 1501 2507 1570 Relinquit
2531 1498 2860 1564 Chahlazam,
2893 1497 3147 1564 relinquit
3179 1495 3422 1567 Mesopo-

1839 1599 2056 1654 tamiam
2093 1613 2106 1649 :
2138 1609 2347 1658 οωειιιτ
2389 1606 2529 1656 quon
2573 1590 2745 1645 nescit
2789 1589 2866 1658 (c)
2907 1604 2976 1643 ne
3023 1588 3213 1658 perdat
3264 1602 3423 1658 quem

1840 1691 2138 1744 invenerat.
2165 1683 2280 1737 Non
2308 1683 2451 1736 enim
2478 1681 2769 1734 arbitratus
2809 1687 2893 1734 est
2930 1678 3087 1732 simul
3118 1693 3178 1732 se
3223 1678 3423 1732 habere

1842 1792 2001 1850 posse
2042 1784 2096 1830 et
2144 1774 2370 1844 patriam
2401 1780 2455 1826 et
2502 1771 2822 1834 Dominum;
2855 1768 2949 1824 sed
2986 1769 3098 1838 jam
3141 1777 3265 1822 tunc
3297 1767 3425 1822 illud

1843 1868 2126 1938 Propheta:
2157 1864 2320 1920 David
2342 1879 2504 1934 opere
2532 1861 2873 1933 complebat:
2909 1861 3136 1933 (Advena
3157 1877 3268 1915 sum
3288 1861 3428 1931 apud

1849 1971 1918 2027 te,
1940 1969 1989 2014 et
2014 1961 2327 2029 peregrinus,
2355 1956 2483 2008 sicut
2509 1969 2679 2007 omnes
2700 1965 2868 2023 patres
2893 1953 2989 2005 mei
3014 1949 3130 2021 (Ps.
3155 1951 3245 2007 38.
3281 1951 3375 2020 l5)
3414 1968 3428 2004 :

1851 2053 2106 2109 Hebraeus
2138 2049 2189 2104 id
2229 2058 2312 2105 est
2333 2088 2349 2114 ,
2397 2048 2482 2120 (d)
2511 2052 2714 2118 περάτης
2737 2086 2751 2112 ,
2781 2053 2944 2115 atque
2987 2044 3228 2098 transitor
3257 2061 3279 2099 :
3303 2044 3430 2099 dum

1851 2160 1960 2200 non
1988 2153 2071 2198 est
2097 2140 2343 2212 praesenti
2371 2140 2568 2194 virtute
2594 2145 2906 2201 contentus;
2925 2135 3020 2190 sed
3038 2134 3432 2205 prreteritorum

1853 2234 2205 2300 obliviscens,
2256 2233 2308 2286 in
2362 2230 2596 2285 futurum
2645 2244 2705 2284 se
2733 2227 3010 2296 extendit,
3040 2237 3095 2284 et
3123 2226 3224 2282 scit
3272 2226 3432 2294 illud,

1788 2372 1793 2377 .
1856 2329 2007 2384 Ibunt
2027 2328 2090 2381 de
2116 2328 2294 2379 virtute
2316 2324 2368 2378 in
2389 2323 2615 2376 virtutem
2643 2320 2759 2394 (Ps.
2785 2321 2873 2376 85.
2896 2319 2988 2390 8),
3015 2319 3298 2390 mysticum
3321 2333 3437 2374 sor-

1858 2423 1986 2477 titus
2007 2428 2089 2476 est
2126 2433 2358 2483 nomen,
2388 2425 2442 2470 et
2472 2415 2612 2470 viam
2644 2413 2736 2467 tibi
2757 2409 2968 2482 aperuit
2991 2452 3006 2477 ,
3035 2411 3304 2481 quomodo
3331 2427 3438 2466 non

1859 2525 2069 2585 quaeras
2115 2523 2323 2579 eaquae
2372 2516 2459 2561 tua
2502 2513 2663 2570 sunt,
2691 2503 2787 2557 sed
2832 2517 2949 2572 quae
2994 2501 3208 2556 aliena:
3241 2510 3294 2556 et
3318 2500 3440 2554 illos

1862 2616 2016 2677 putes
2042 2609 2312 2674 parentes,
2346 2599 2567 2662 fratres,
2599 2596 2812 2663 attines,
2841 2603 3002 2664 atque
3032 2600 3317 2664 cognatos,
3350 2594 3441 2664 qui

1865 2701 1959 2756 tibi
1989 2701 2040 2754 in
2090 2697 2301 2753 Christo
2331 2693 2564 2764 cepulati
2611 2698 2755 2746 sunt.
2787 2688 2980 2754 Mater,
3011 2688 3214 2758 inquit,
3244 2702 3372 2754 mea,
3399 2695 3445 2740 et

1865 2796 2048 2864 fratres
2075 2790 2170 2844 mei
2195 2790 2248 2843 hi
2267 2796 2384 2842 sunt
2405 2827 2420 2854 ,
2446 2785 2531 2856 qui
2556 2783 2748 2854 faciunt
2779 2781 3084 2836 uoluntatem
3129 2777 3304 2832 Patris
3347 2779 3447 2832 mei

1867 2882 2083 2954 (Matth.
2109 2881 2196 2936 12.
2227 2880 2342 2949 ls8).

1941 2976 1996 3031 3.
2027 2973 2204 3028 Habes
2251 2981 2425 3026 tecum
2458 2968 2607 3038 prius
2653 2966 2707 3020 in
2738 2978 2901 3019 carne
2924 3003 2940 3030 ,
2985 2976 3127 3018 nunc
3170 2961 3224 3016 in
3261 2961 3452 3032 spiritu

1871 3067 2113 3130 sociam;
2166 3064 2232 3119 de
2261 3061 2488 3131 conjuge
2531 3072 2874 3129 germanam,
2915 3053 2984 3109 de
3007 3053 3205 3108 femina
3244 3052 3414 3106 virum
3437 3092 3452 3118 ,

1873 3160 1942 3215 de
1971 3157 2210 3228 subjecta
2236 3168 2417 3224 parem
2447 3171 2460 3206 :
2497 3167 2615 3222 quae
2644 3148 2743 3203 sub
2764 3146 2952 3203 eodem
2974 3147 3102 3217 jugo
3122 3145 3189 3200 ad
3217 3143 3458 3200 coelestia

1877 3250 2036 3306 simul
2074 3261 2236 3316 regna
2267 3243 2498 3300 festinat.
2524 3241 2689 3297 Cauta
2712 3239 2789 3295 rei
2819 3238 3092 3294 familiaris
3111 3235 3455 3305 dispensatio,

1879 3356 1933 3402 et
1958 3344 2022 3398 ad
2050 3342 2126 3413 (c)
2153 3339 2387 3397 calculos
2414 3336 2650 3401 rediens,
2679 3348 2785 3388 non
2811 3331 2920 3386 cito
2935 3327 3240 3399 deponitur.
3259 3325 3464 3395 Joseph

1881 3453 2003 3496 cum
2033 3434 2206 3490 tunica
2225 3429 2530 3502 [Egyptiam
2546 3425 2780 3496 effugere
2801 3438 2907 3478 non
2934 3420 3127 3492 potuit.
3141 3417 3467 3473 Adolescens

1885 3534 2010 3599 ille,
2041 3530 2130 3601 qui
2177 3534 2396 3598 opertus
2446 3523 2677 3580 sindone
2721 3517 3050 3588 sequebatur
3094 3513 3276 3569 Jesum
3311 3511 3471 3581 :quia

1888 3635 2065 3682 tentus
2094 3622 2268 3678 fuerat
2293 3635 2322 3673 a
2355 3617 2616 3673 ministris
2639 3655 2654 3680 ,
2688 3622 2961 3667 terrenum
2991 3605 3252 3676 abjiciens
3291 3603 3470 3673 operi-

1889 3726 2149 3780 mentum,
2184 3712 2359 3768 nudus
2388 3708 2577 3764 evasit.
2603 3705 2750 3758 Elias
2777 3704 2932 3771 igneo
2981 3713 3142 3752 curru
3181 3704 3366 3764 raptus
3408 3693 3474 3748 ad

1890 3809 2086 3866 ctelum
2107 3846 2123 3873 ,
2153 3803 2388 3858 meloten
2419 3793 2638 3865 reliquit
2685 3793 2738 3846 in
2811 3789 2972 3860 433
3045 3785 3228 3839 terris.
3252 3783 3479 3838 Elisaeus

1895 3899 2060 3953 boves
2085 3871 2179 3962 ,νει
2210 3891 2334 3960 iuga
2357 3887 2552 3957 prioris
2578 3880 2757 3951 Operis
2783 3878 2943 3932 vertit
2975 3875 3029 3928 in
3058 3881 3200 3926 vota.
3224 3871 3482 3940 Loquitur

1898 3983 2323 4057 sapientissimus
2364 3978 2446 4032 vir
2478 3992 2491 4029 :
2525 3972 2624 4040 Qui
2652 3969 2811 4040 tangit
2833 3967 3014 4039 picem,
3043 3961 3392 4033 inquinabitur
3420 3962 3483 4015 ab

1902 4053 1975 4135 eat
1993 4074 2181 4152 (Eccli.
2210 4074 2262 4129 l.
2295 4071 2406 4140 l3).
2429 4068 2674 4136 QUAMDIU
2703 4075 2983 4117 vsnsanun
3009 4059 3063 4113 in
3087 4057 3250 4111 rebus
3269 4053 3447 4110 szeculi
3467 4095 3483 4122 ,

1906 4181 1963 4229 et
1983 4169 2163 4224 anima
2191 4176 2376 4222 nostra
2403 4159 2805 4233 possessionum
2835 4169 2898 4208 ac
2939 4148 3250 4207 reddituum
3294 4159 3489 4216 procu-

1909 4269 2117 4326 ratione
2162 4260 2407 4316 devincta
2442 4261 2564 4319 est,
2607 4250 2675 4305 de
2723 4248 2834 4302 Deo
2884 4244 3051 4298 libere
3098 4242 3335 4311 cogitare
3382 4253 3489 4293 non

1911 4372 2213 4434 possumus.
2248 4353 2374 4420 Qua:
2410 4347 2542 4402 enim
2572 4339 2893 4413 participatio
2909 4335 3122 4407 ju'stitia:
3165 4349 3280 4387 cum
3311 4330 3494 4400 iniqui-

1915 4423 2030 4519 iate,
2064 4459 2152 4505 aut
2179 4461 2292 4518 qua:
2319 4442 2527 4498 societas
2557 4436 2682 4491 lucis
2711 4431 2778 4486 ad
2805 4425 3073 4484 tenebras?
3105 4423 3204 4491 Qui
3228 4437 3497 4478 consensus

1916 4509 2103 4602 Christi
2127 4509 2379 4594 ad'Belial
2403 4532 2426 4586 γ
2455 4530 2581 4597 Qua:
2605 4539 2722 4596 pars
2737 4519 2876 4591 ﬁdeli
2903 4533 3015 4572 cum
3035 4513 3258 4584 inﬁdeli?
3285 4513 3359 4582 (ε.
3375 4509 3495 4564 Cor.

1919 4599 1973 4695 li.
2004 4636 2092 4692 14.
2121 4639 2168 4688 et
2195 4626 2356 4699 seqq.)
2425 4620 2547 4675 Non
2606 4614 2812 4688 potestis
2836 4652 2851 4676 ,
2881 4606 3053 4678 inquit
3075 4605 3328 4659 Dominus
3352 4640 3366 4664 ,
3395 4599 3500 4652 Deo

1920 4690 2104 4786 seruire
2131 4732 2178 4778 et
2204 4690 2451 4775 mamonae
2477 4714 2500 4783 (
2532 4707 2719 4764 Matth.
2743 4705 2798 4759 6.
2819 4701 2889 4756 24
2915 4700 2960 4770 ).
2990 4699 3190 4751 Aurum
3229 4690 3504 4759 deponere

1924 4817 2294 4892 incipientium
2323 4819 2424 4874 est,
2461 4821 2566 4862 non
2597 4788 3143 4872 perfectorum.Fecit
3164 4786 3266 4838 hoc
3290 4780 3504 4836 Theba-

2673 4890 2676 4892 λ
2883 4884 2911 4892 _
3373 4872 3477 4892 nu

1926 4872 2241 4970 nusrCrates
2265 4945 2281 4970 ,
2309 4872 2440 4957 fecit
2482 4890 2849 4951 Antisthenes.
2880 4884 3106 4938 Samson
3135 4874 3329 4930 olferre
3371 4872 3504 4937 Deo,

1929 5003 2144 5078 pr0prie
2171 4961 2594 5053 Christianorum
2639 4989 2724 5037 est
2749 4987 2801 5032 et
2830 4969 3212 5043 Apostolorum
3241 4981 3254 5019 :
3283 4962 3375 5032 qui
3402 4961 3510 5016 duo

2590 5075 2600 5078 _
2824 5068 2835 5078 ,
2928 5053 3371 5078 Πηη-,ηδηεηῌ
3405 5065 3508 5078 MM

1931 5053 2059 5152 cun:
2099 5090 2256 5144 vidua
2305 5075 2634 5154 paupertatis
2663 5084 2774 5126 sua:
2823 5068 2876 5120 in
2925 5053 3375 5128 Ga'zopbylacium
3404 5065 3511 5105 mra

1937 5185 2213 5242 mittentes
2238 5215 2255 5242 ,
2295 5143 2462 5229 totum
2494 5176 2715 5221 censum
2745 5171 2905 5228 quem
2934 5151 3254 5213 habuerunt,
3288 5143 3516 5200 Domino

1946 5364 1958 5374 _
2002 5297 2076 5362 (b)
2106 5293 2267 5367 Aliter
2289 5282 2558 5342 Victorius,
2595 5289 2681 5328 nec
2721 5267 2865 5323 alteri
2903 5264 3145 5332 palmam,
3191 5257 3334 5309 alteri
3377 5261 3519 5321 parat

1939 5367 2266 5427 ignominiam.
2666 5401 2676 5411 ι
3455 5379 3465 5388 .

2005 5423 2074 5485 (c)
2105 5419 2322 5469 Veteres
2359 5408 2476 5460 editi
2514 5409 2566 5456 et
2596 5399 2793 5464 quidam
2816 5407 2846 5444 e
2868 5391 2986 5442 Mss.
3007 5401 3067 5439 ne
3091 5383 3264 5450 perdat
3285 5382 3414 5446 quod
3445 5392 3520 5430 m-

1942 5489 2151 5538 venerat.

2007 5545 2086 5609 (ti)
2121 5543 2274 5609 Iidem
2298 5544 2348 5609 et
2373 5531 2600 5609 plerique
2623 5525 2738 5575 Mss.
2776 5533 2934 5583 ςιριηης
2950 5555 2962 5577 ,

1948 5599 2117 5661 cabith
2141 5603 2308 5663 hospes
2328 5599 2518 5663 legunt.

2013 5642 2308 5727 "imit."
2325 5642 2460 5712 liber
2473 5662 2518 5710 et
2540 5653 2603 5720 ad
2627 5648 2791 5709 caulas
2812 5642 3020 5696 rediens.

3006 5514 3086 5564 alii
3122 5522 3210 5575 pro
3247 5507 3415 5561 Graeco
3439 5517 3523 5557 vo-
