4056 6184
136 256 248 313 677

132 380 335 424 autem
361 368 587 439 Spiritus
612 366 856 429 Sanctus,
888 368 1076 431 panem
1100 357 1389 424 vinumque
1414 352 1717 423 protulerit,

128 472 192 517 et
232 463 481 517 decimas
538 458 749 530 praedas,
782 468 914 525 quas
957 451 1224 506 Abraham
1296 445 1449 499 victis
1498 451 1724 512 quatuor

128 554 373 625 regibus
390 559 705 621 reportarat,
728 544 1011 615 acceperit,
1033 541 1251 595 omnino
1273 547 1491 606 tangere
1512 534 1682 588 noluit
1705 550 1720 586 :

122 624 398 715 petisque
427 650 483 696 ut
508 639 633 709 quid
661 637 819 702 mihi,
845 634 930 689 vel
960 634 1027 687 de
1051 631 1326 698 Scriptore
1344 669 1360 694 ,
1384 627 1469 681 vel
1494 624 1563 679 de
1587 638 1727 693 qum.

120 738 312 791 stione
352 731 610 795 videatur,
657 724 1033 795 respondeam.
1081 722 1276 775 Fateor
1302 718 1446 771 volui
1473 716 1726 769 dissimu-

123 826 250 880 lare
274 822 627 884 sententiam,
650 833 749 873 nec
774 832 860 872 me
884 814 1186 885 periculoso
1219 812 1293 881 (a)
1321 819 1377 864 et
1394 816 1723 882 φιληιλτδμονι

133 914 378 967 miscere
416 910 684 971 tractatui,
726 910 781 962 in
841 920 947 976 quo
1002 903 1373 974 quodcumque
1429 899 1681 954 dixissem
1704 936 1720 961 ,

136 1003 566 1073 reprehensores
615 999 890 1053 habiturus
930 995 1119 1049 forem.
1176 991 1283 1047 Sed
1335 1004 1547 1045 rursum
1602 1001 1723 1041 cum

135 1093 447 1163 Epistulam
468 1093 723 1160 legerem,
741 1098 795 1143 et
816 1087 1133 1141 invenissem
1154 1084 1208 1137 in
1233 1092 1471 1137 extrema
1494 1077 1721 1147 pagella,

133 1184 297 1237 miris
331 1198 420 1236 me
464 1176 910 1235 obtestationibus
938 1174 1236 1243 adjuratum
1260 1210 1276 1235 ,
1317 1185 1387 1223 ne
1414 1178 1725 1236 spernerem

130 1282 488 1340 precatorem
512 1267 748 1322 :revolvi
803 1262 961 1335 “1
1017 1258 1467 1323 Veterumlibros,
1489 1266 1549 1309 ut
1572 1254 1724 1308 vide.

132 1375 261 1414 rem
295 1359 429 1429 quid
460 1356 651 1427 singuli
696 1355 951 1419 dicerent,
976 1360 1032 1406 et
1059 1350 1152 1405 tibi
1173 1348 1321 1420 quasi
1346 1346 1415 1401 de
1436 1344 1723 1400 multorum

131 1449 402 1513 consilio,
436 1446 841 1515 responderem.

205 1537 267 1590 2.
296 1538 597 1606 Statimque
624 1539 674 1590 in
700 1535 873 1589 fronte
897 1530 1260 1602 Gencseos(b)
1290 1530 1515 1599 primam
1546 1526 1724 1581 Ilomi-

135 1628 339 1682 liarum
375 1625 624 1694 Origenis
653 1624 824 1693 reperi
854 1623 1105 1691 scriptam
1132 1620 1200 1675 de
1226 1616 1642 1682 Melchisedech,
1672 1616 1723 1669 in

137 1736 245 1790 qua
267 1716 556 1786 multiplici
582 1730 834 1770 sermone
856 1716 1154 1781 disputans,
1175 1711 1299 1764 illuc
1318 1709 1599 1763 devolutus
1620 1713 1720 1769 est,

139 1819 197 1862 ut
217 1824 346 1862 eum
374 1806 632 1876 Angelum
654 1804 876 1858 diceret.
897 1802 1197 1869 Iisdemque
1220 1814 1354 1867 pene
1374 1794 1718 1866 argumentis,

134 1900 338 1968 quibus
371 1897 612 1965 Scriptor
639 1904 757 1948 tuus
778 1894 845 1947 de
872 1892 1070 1961 Spiritu
1103 1897 1305 1953 sancto,
1335 1887 1422 1940 ille
1444 1886 1510 1939 de
1536 1898 1723 1952 super-

139 1994 229 2044 nis
277 1988 564 2043 virtutibus
627 1994 711 2041 est
766 1985 992 2038 locutus.
1036 1979 1279 2035 Transivi
1325 1977 1397 2031 ad
1443 1976 1721 2046 Didymuin

135 2090 468 2135 sectatorem
495 2078 627 2147 ejus,
650 2086 705 2131 et
729 2074 837 2129 vidi
861 2073 1129 2127 hominem
1158 2068 1385 2139 pedibus
1410 2067 1463 2120 in
1485 2064 1723 2134 magistri

138 2175 249 2227 isse
277 2171 625 2227 sententiam.
661 2167 807 2221 Verti
835 2180 921 2219 me
951 2164 1018 2217 ad
1048 2162 1414 2231 Hippolytum,
1440 2158 1720 2220 Irenwum,

134 2256 441 2317 L‘isebium
470 2257 870 2318 Caesariensem,
901 2264 955 2308 et
980 2252 1313 2315 Emisenuin,
1346 2246 1417 2320 (c)
1446 2246 1721 2315 Apollina-

134 2369 255 2408 rem
304 2365 557 2421 quoque,
605 2361 659 2404 et
702 2346 1031 2401 Eustathium
1078 2339 1474 2408 nostrum,qui
1522 2337 1725 2407 primus

134 2445 501 2499 Antiochenae
530 2442 780 2496 Ecclesia:
804 2439 1094 2508 Episcopus
1118 2442 1302 2489 contra
1328 2433 1516 2486 Arium
1538 2430 1725 2484 claris-

136 2537 277 2591 sima
326 2535 461 2589 tuba
504 2532 751 2587 bellicum
795 2529 1025 2585 cecinit:
1054 2537 1110 2582 et
1136 2524 1500 2595 deprehendi,
1529 2524 1720 2576 horum

138 2625 386 2679 omnium
437 2621 751 2691 opiniones,
799 2620 1023 2674 diversis
1067 2615 1611 2687 argumentationibus
1659 2627 1722 2667 ac

140 2713 480 2769 diverticulis
504 2712 571 2766 ad
599 2727 757 2765 unum
784 2710 1072 2779 compitum
1117 2706 1425 2776 pervenisse
1450 2745 1466 2770 ,
1495 2714 1551 2758 ut
1576 2704 1724 2757 dice-

141 2816 261 2859 rent
280 2801 678 2859 Melchisedech
695 2801 962 2856 hominem
977 2798 1141 2852 fuisse
1158 2796 1724 2861 Chananwum,rcgem

143 2897 293 2950 urbis
312 2894 685 2964 Jerosolymze,
709 2907 827 2962 qua:
856 2891 1086 2961 primum
1108 2885 1310 2951 Salem,
1336 2894 1519 2955 postea
1537 2881 1721 2947 Iebus,

141 2987 208 3039 ad
249 2994 554 3040 extremum
589 2982 886 3039 Jerusalem
934 2978 1199 3049 appellata
1241 2976 1332 3030 sit.
1376 2974 1487 3028 Nec
1530 2972 1723 3026 mirum

140 3092 296 3141 esse,
331 3078 378 3129 si
419 3072 680 3129 Sacerdos
725 3071 816 3125 Dei
861 3068 1109 3123 altissimi
1146 3065 1481 3121 describatur
1522 3065 1723 3132 absque

139 3167 558 3220 circumcisione
607 3173 664 3216 et
712 3161 965 3232 legalibus
1014 3158 1384 3219 caeremoniis,
1426 3162 1480 3208 et
1529 3166 1725 3222 genere

141 3265 323 3311 Aaron
352 3274 367 3310 :
393 3270 519 3309 cum
573 3253 705 3308 Abel
753 3266 963 3321 quoque
988 3289 1003 3313 ,
1032 3261 1084 3303 et
1114 3249 1294 3301 Enoeh
1315 3286 1331 3311 ,
1357 3256 1412 3300 et
1451 3244 1561 3299 Noe
1610 3245 1725 3311 pla-

138 3349 355 3400 cuerint
398 3346 546 3409 Deo,
574 3352 629 3397 et
656 3342 897 3395 victimas
923 3337 1252 3393 obtulerint:
1284 3344 1338 3390 et
1364 3337 1416 3389 in
1443 3334 1542 3389 Job
1574 3336 1724 3386 volu-

142 3438 287 3492 mine
316 3436 580 3505 legamus,
611 3432 749 3503 quod
774 3433 888 3500 ipse
916 3439 971 3484 et
996 3429 1205 3484 oblator
1232 3442 1509 3481 munerum
1541 3424 1720 3492 fuerit,

140 3540 194 3581 et
217 3526 478 3581 sacerdos
498 3566 514 3591 ,
541 3533 595 3579 et
618 3523 850 3593 quotidie
888 3535 983 3590 pro
1009 3520 1131 3572 liliis
1160 3518 1271 3572 suis
1298 3516 1498 3570 hostias
1526 3515 1722 3569 immo-

146 3619 264 3671 larit
285 3616 431 3690 (Job.
458 3616 536 3686 l).
575 3614 638 3668 Et
666 3615 813 3667 aiunt
841 3613 1012 3682 ipsqu
1040 3624 1251 3679 quoque
1280 3608 1381 3662 Job
1407 3622 1513 3661 non
1556 3606 1723 3660 fuisse

143 3711 210 3762 de
239 3723 438 3778 genere
490 3705 649 3770 Levi,
678 3702 772 3759 sed
796 3703 863 3758 de
887 3702 1052 3770 stirpe
1077 3700 1217 3755 Esau
1246 3716 1261 3753 :
1299 3699 1424 3755 licet
1466 3698 1610 3752 aliud
1641 3697 1718 3767 (ά)

147 3802 356 3855 llcbra-i
382 3807 682 3852 autument.
1612 3780 1617 3783 ’

213 3892 267 3944 5.
309 3888 593 3956 Quomodo
626 3896 805 3938 autem
846 3884 957 3938 Noe
996 3882 1287 3937 inebriatus
1316 3882 1370 3935 in
1401 3881 1561 3936 domo
1591 3894 1686 3934 sua
1706 3920 1721 3943 ,

144 3992 197 4035 et
225 3981 461 4036 nudatus
486 3986 647 4047 atque
673 3975 878 4030 derisus
904 3990 932 4027 a
960 3975 1032 4045 (ε)
1056 3975 1303 4029 mediano
1326 3974 1434 4027 lilio
1457 3972 1607 4042 (Gen.
1637 3972 1721 4041 9),

210 4134 286 4203 (gr)
303 4132 538 4203 Erasmus
552 4128 778 4178 mallebat
796 4140 1043 4191 τιλιτιιιμοντ.
1057 4129 1143 4203 Est
1164 4139 1326 4202 autem
1348 4140 1583 4203 νοτφιλτίμυν
1600 4130 1727 4203 idem

149 4208 203 4245 ac
221 4191 433 4244 libenter
457 4204 714 4249 accusans,
746 4203 837 4239 seu
893 4191 1208 4251 accusationi,
1234 4195 1329 4241 imo
1355 4191 1505 4243 etiam
1554 4196 1729 4244 calum-

153 4260 243 4306 nia:
267 4255 412 4305 facile
453 4252 996 4318 patensll’auldsupra
1036 4255 1117 4318 ubi
1154 4254 1506 4318 descriptam,
1530 4269 1656 4306 unus
1678 4267 1731 4308 et

153 4318 275 4367 alter
300 4332 335 4379 e
350 4314 537 4379 nostris
558 4314 806 4379 codicibth
828 4314 1013 4379 habent
1040 4316 1103 4365 de
1124 4314 1388 4379 scripturn.

211 4379 285 4449 .(b)
321 4376 827 4449 Veterum_editorum
851 4388 952 4449 par,
977 4376 1237 4449 Erasmus,
1256 4377 1588 4449 grvida-ius,
1614 4382 1729 4442 quin

160 4437 302 4510 etiam
325 4439 521 4510 quidam
536 4437 652 4508 Mss.
679 4444 778 4486 tum
802 4439 951 4508 nostri
977 4446 1076 4510 tum
1098 4437 1355 4488 Benedict.
1378 4438 1429 4487 in
1452 4440 1611 4500 prima
1632 4437 1729 4489 ito-

159 4500 401 4566 milicngm
421 4500 645 4566 Origenis
666 4500 825 4566 reperi
844 4500 1093 4557 scriptum.

220 4563 307 4634 (ς),
326 4559 613 4634 Promis'we
648 4559 1001 4634 Apollinarem,
1044 4567 1095 4634 et
1120 4559 1467 4634 Αροιᾷῃανὶιᾳη
1490 4563 1731 4612 exhibent

163 4621 312 4669 nostri
334 4625 545 4682 codices,
579 4635 609 4671 e
639 4621 813 4684 quibus
843 4621 939 4669 duo
981 4621 1164 4684 tantum
1197 4623 1379 4671 addunt
1410 4624 1521 4672 huic
1562 4638 1729 4674 vocem

162 4690 388 4754 nostrum,
399 4699 509 4734 cum
520 4682 671 4733 editis
674 4685 736 4754 ab
754 4683 933 4754 Erasm.
950 4689 1001 4754 et
1016 4682 1051 4730 ν
1059 4684 1243 4754 ictorio,
1260 4683 1532 4754 legumque
1556 4702 1579 4730 ι
1589 4685 1732 4747 Apol-

165 4743 383 4815 Iinarium
405 4758 602 4815 quoque
623 4753 855 4815 nostrum,
881 4743 1264 4815 et-Eustathiuin
1287 4743 1389 4815 qui,
1415 4762 1437 4789 ι
1453 4743 1561 4815 ‘etc.
1587 4743 1729 4809 quam

166 4802 656 4874 lectionem'pluribus
681 4806 917 4874 improbat
935 4806 1254 4864 Martianwus,
1273 4802 1355 4868 q'ui
1373 4802 1426 4857 et
1445 4810 1540 4856 duo
1558 4802 1731 4860 recitat

169 4862 736 4929 aliorumex'emplarium
748 4862 1068 4928 glossemata.

234 4925 310 4984 (α)
334 4925 576 4996 limit-uin
618 4947 641 4974 ι
664 4942 693 4978 e
724 4925 891 4977 contra
928 4929 1127 4996 ltebraei
1165 4936 1409 4996 asserunt,
1448 4930 1731 4996 deNa‘chor

175 4990 782 5058 etim-stirpelgeueratpnm,
810 5006 831 5033 ι
860 4996 916 5039 ιιι
941 4992 1042 5051 ipse
1067 4990 1277 5058 loquitur
1297 4991 1498 5058 Hieron.
1524 4995 1572 5040 in
1593 4993 1726 5058 Qua}-

176 5045 368 5119 ξφςιξξὼ.
458 5045 583 5119 Cen.
605 5064 647 5099 c.
769 5045 1285 5119 eamqtté‘sentehtiam
1307 5066 1395 5100 suo
1419 5054 1524 5119 ipse
1548 5045 1733 5119 calculo

176 5106 422 5174 conﬁrmat
455 5109 503 5156 iu
538 5112 756 5174 (ιαμ-22.
788 5130 810 5157 ι
833 5106 958 5162 Male
980 5114 1127 5174 igitur
1148 5115 1338 5174 quidam
1362 5106 1617 5174 aestimant,
1640 5114 1734 5163 Job

178 5164 466 5245 ﬂ§_8_§09t‘c
651 5170 797 5229 Esau,
819 5189 843 5217 ι
872 5182 924 5224 et
944 5164 1153 5245 reliqua,
1167 5164 1286 5236 'quae
1309 5188 1398 5245 sgo
1548 5164 1735 5235 expen-

179 5225 351 5299 d_em:us
373 5244 388 5289 ;
412 5234 599 5281 tametsi
622 5225 792 5296 neque
804 5225 1118 5299 argumentis,
1141 5225 1309 5299 neque
1333 5225 1629 5299 Scriptorum
1653 5248 1736 5299 au-

179 5294 399 5367 gmrigte
430 5303 655 5367 ppterntis
685 5294 879 5367 e'ertuni
902 5296 1081 5367 aliquid
1106 5294 1507 5367 exploratumjue
1540 5296 1733 5367 haberi.

299 5346 578 5426 sacerdotii
592 5357 824 5407 honorem
845 5356 969 5407 Jobo
986 5346 1259 5407 'commu'nis
1282 5346 1506 5408 veterum
1539 5358 1735 5406 Patrum

182 5418 416 5464 Sententia
436 5420 620 5467 tribuit.

242 5471 520 5551 (illeguut
539 5495 571 5529 a
591 5478 769 5551 majon
788 5477 1007 5551 ﬁlioduo
1031 5493 1064 5551 e_
1094 5482 1295 5551 nostris,
1323 5482 1622 5551 totidemque
1642 5480 1739 5529 Be-

182 5533 703 5605 lgcdictiui'iuterpretis
860 5541 985 5605 libri,
1022 5541 1145 5590 alter
1163 5556 1193 5590 a
1216 5533 1412 5605 minore.
1434 5533 1615 5595 Vocem
1638 5556 1738 5592 me-

184 5593 323 5669 diano
360 5593 587 5669 nusquam
624 5604 929 5669 invenimus,
968 5593 1065 5669 imo
1085 5618 1193 5669 cum
1218 5603 1451 5669 pleraque
1478 5593 1739 5656 vetustiora

172 5660 479 5731 exemplaria
495 5671 679 5714 tantum
710 5664 921 5729 habeant
942 5676 975 5709 α
991 5660 1111 5724 ﬁlio,
1136 5660 1261 5714 haud
1283 5660 1416 5730 aegre
1438 5670 1679 5719 ferremus
1700 5679 1746 5719 st

576 5756 638 5816 S.
684 5756 1058 5815 Humum“
1102 5755 1151 5813 Ι.

1481 236 1805 295 EPISTULA
1844 236 2054 292 LXXII.

3297 239 3397 292 673

1828 359 2011 418 typum
2032 349 2320 404 Salvatoris
2342 350 2586 420 prmbuit,
2604 356 2659 403 et
2675 348 2840 403 Cnam
2862 350 3041 420 populi
3057 349 3394 406 Judaéordln:

1826 437 2049 493 Samson
2090 453 2301 507 quoque
2342 450 2549 493 amator
2586 440 2886 493 meretricis
2922 449 2978 494 et
3012 441 3260 509 pauperis
3288 440 3393 494 Da-

1826 526 1953 590 lilae,
1984 528 2153 581 multo
2178 528 2358 597 plures
2385 528 2617 582 hostium
2644 538 2908 592 mortuus,
2940 544 3096 597 quam
3126 530 3277 583 vivus
3303 544 3394 584 oc-

1828 615 1959 668 cidit
1987 613 2184 683 (Judic.
2214 617 2352 685 I6),
2379 628 2435 670 ut
2459 616 2657 672 Christi
2690 618 3013 685 eXpritneret
3052 618 3351 685 passionem
3375 637 3392 674 :

1827 719 2120 774 omnesque
2137 721 2272 774 pene
2302 705 2464 778 442
2488 708 2669 762 Saneti
2688 718 2743 761 et
2759 706 3078 761 Patriarclize
3104 715 3159 761 et
3185 707 3394 778 Prophc

1830 803 1913 859 ιω,
1936 796 1986 847 in
2014 797 2187 862 aliqua
2215 811 2274 850 re
2307 801 2524 865 liguram
2554 807 2930 866 expresserunt
2962 796 3255 851 Salvatoris
3279 814 3294 861 ;
3318 799 3395 852 sie

1827 894 1882 936 et
1897 883 2305 949 Melchisedech,
2324 902 2389 939 eo
2416 888 2553 955 quod
2581 889 2915 941 Chananaeus
2942 886 3120 954 fuerit,
3139 897 3190 941 et
3208 902 3311 941 non
3330 889 3396 943 de

1827 985 2023 1038 genere
2066 971 2373 1027 Judwornin
2396 1016 2411 1039 ,
2444 978 2495 1027 in
2526 987 2708 1045 typum
2736 976 3078 1044 pra-cessisse
3104 979 3396 1032 sacerdotis

1828 1061 1921 1129 (al.
1949 1062 2255 1135 Sacerdotii)
2300 1066 2415 1119 Filii
2448 1067 2563 1131 Dei,
2586 1068 2652 1122 de
2676 1083 2782 1136 quo
2805 1068 2998 1121 dicitur
3026 1068 3076 1121 in
3104 1070 3397 1122 centesimo

1827 1165 1970 1205 nono
1998 1152 2204 1206 Psalmo
2229 1175 2241 1206 :
2270 1153 2343 1207 Tu
2373 1173 2423 1208 es
2454 1157 2705 1210 Sacerdos
2734 1157 2785 1209 in
2814 1168 3055 1209 wtcrnum
3076 1197 3091 1222 ,
3119 1158 3395 1210 secundum

1826 1244 2053 1296 ordinent
2105 1244 2492 1300 Melchisedech.
2518 1248 2767 1302 Ordinem
2812 1260 2988 1301 autem
3048 1249 3163 1316 ejus
3213 1252 3393 1302 llllllilS

1826 1332 2000 1386 modis
2035 1333 2471 1403 interpretantur,
2514 1338 2650 1405 quod
2686 1340 2832 1391 Solus
2866 1349 2919 1391 et
2958 1354 3051 1391 rex
3102 1338 3296 1403 fuerit,
3338 1350 3395 1392 et

1825 1425 2095 1492 sacerdos,
2122 1435 2176 1480 et
2194 1436 2318 1481 ante
2342 1430 2800 1484 circunicisionem
2824 1429 3034 1483 functus
3061 1430 3390 1484 sacerdotio:

1825 1522 1886 1565 ut
1912 1528 2017 1567 non
2047 1524 2232 1584 gentes
2255 1531 2318 1570 ex
2349 1517 2570 1585 Judzeis,
2591 1517 2686 1571 sed
2706 1518 2874 1572 Judaii
2897 1536 2924 1571 a
2947 1520 3194 1587 gentibus
3215 1534 3390 1574 sacer-

1825 1599 2029 1653 dotium
2060 1606 2381 1671 acceperint,
2409 1622 2581 1675 neque
2610 1619 2799 1660 unctus
2827 1608 2948 1662 oleo
2973 1608 3311 1673 sacerdotali,
3336 1619 3393 1662 ut

1823 1687 1992 1757 Moysi
2040 1702 2303 1759 praecepta
2350 1698 2678 1748 constituunt
2715 1695 2897 1763 (Leuit.
2944 1698 3035 1767 81)
3081 1715 3093 1749 :
3134 1698 3226 1751 sed
3271 1700 3392 1752 oleo

1824 1779 2213 1845 exsultationis,
2243 1790 2296 1833 et
2340 1782 2462 1835 Iidei
2510 1784 2759 1850 puritate,
2792 1800 2963 1853 neque
2987 1786 3161 1839 carnis
3188 1795 3242 1840 et
3268 1801 3391 1839 san-

1822 1869 1997 1935 guinis
2022 1869 2261 1923 victimas
2291 1871 2661 1937 immolaverit,
2686 1873 2755 1944 (1‘)
2778 1883 2833 1927 et
2868 1875 3143 1928 brutornm
3181 1876 3389 1937 anima-

1824 1956 1950 2009 lium
1994 1968 2113 2012 exta
2164 1963 2456 2030 susceperit
2498 1978 2513 2016 ;
2558 1962 2652 2018 sed
2701 1979 2837 2032 pane
2882 1972 2938 2019 et
2973 1965 3119 2031 vino,
3165 1966 3390 2035 simplici

1824 2062 2061 2118 puroque
2085 2052 2345 2106 sacrilicio
2369 2052 2567 2108 Christi
2597 2054 2928 2109 dedicaverit
2958 2066 3387 2120 sacramentum;

1824 2148 1879 2194 et
1904 2141 2066 2195 multa
2090 2145 2189 2196 alia
2217 2159 2336 2213 qua:
2361 2146 2662 2215 epistolaris
2691 2148 2923 2202 brevitas
2949 2162 3056 2202 non
3083 2149 3289 2218 recipit.

1895 2233 1949 2287 4.
1975 2232 2234 2290 Praeterea
2261 2236 2403 2307 (fort.
2428 2236 2709 2308 Prwtereo)
2734 2238 2942 2307 plenius
2967 2253 3086 2293 esse
3109 2248 3389 2294 tractatum

1826 2324 1881 2378 in
1909 2325 2141 2394 Epistola
2171 2328 2237 2380 ad
2262 2326 2513 2383 Hebraaos
2542 2329 2694 2401 (Cap.
2724 2330 2803 2399 7),
2828 2346 2988 2400 quam
3010 2345 3196 2385 omnes
3218 2330 3390 2386 Crzeci

1825 2418 2101 2486 recipiunt,
2124 2429 2177 2473 ct
2197 2421 2433 2473 nonnulli
2457 2419 2790 2484 Latinorum,
2814 2422 2955 2491 quod
2984 2422 3083 2477 iste
3111 2423 3389 2479 Melchise-

1826 2508 1985 2574 dech,
2016 2509 2069 2563 id
2095 2519 2197 2575 est,
2218 2526 2307 2564 rea:
2330 2512 2519 2579 justus,
2544 2527 2637 2566 rex
2670 2513 2825 2567 fuerit
2849 2513 3027 2568 Salem
3047 2554 3061 2579 ,
3085 2514 3137 2567 id
3163 2524 3267 2580 est,
3298 2532 3390 2569 rea:

1825 2602 1986 2671 pacis,
2018 2602 2135 2657 sine
2161 2612 2330 2672 patre,
2358 2604 2475 2658 sine
2501 2615 2688 2670 matre,
2706 2604 2782 2675 (g)
2811 2614 2865 2660 et
2890 2607 3157 2676 quomodo
3186 2606 3286 2661 hoc
3309 2608 3392 2663 in-

1828 2693 2167 2761 telligendum
2189 2697 2292 2762 sit,
2316 2710 2423 2750 uno
2451 2698 2629 2751 statim
2659 2699 2821 2753 verbo
2854 2700 3106 2769 explicari
3139 2704 3394 2767 ἀγηνιαλά-

1825 2804 1962 2848 γητος
1982 2824 1997 2847 ,
2024 2801 2128 2837 non
2168 2788 2308 2854 quod
2330 2786 2533 2856 absque
2558 2796 2710 2857 patre
2733 2798 2785 2843 et
2825 2799 2994 2844 matre
3050 2790 3203 2845 fuerit
3222 2831 3238 2857 ,
3269 2806 3389 2846 cum

1825 2873 2067 2931 Christus
2093 2893 2303 2947 quoque
2328 2878 2617 2933 secundum
2648 2890 2927 2949 utramque
2953 2890 3194 2934 naturam
3216 2890 3271 2944 et
3298 2898 3391 2950 pa-

1828 2974 1960 3020 trem
1990 2968 2230 3022 habuerit
2249 2979 2301 3022 et
2324 2978 2570 3035 matrem,
2594 2969 2686 3023 sed
2709 2971 2852 3039 quod
2881 2971 3057 3025 subito
3084 2972 3389 3025 introduca-

1826 3065 1911 3111 tur
1954 3058 2004 3110 in
2047 3057 2240 3114 Genesi
2263 3060 2565 3115 occurrisse
2590 3060 2858 3114 Abraham
2904 3077 2933 3115 a
2976 3062 3123 3117 cmde
3152 3062 3381 3118 hostium

1826 3151 2113 3205 revertenti
2137 3168 2152 3216 ;
2184 3163 2236 3205 et
2265 3167 2363 3206 nec
2388 3161 2535 3208 ante.
2562 3167 2661 3207 nec
2688 3163 2869 3222 postea
2900 3153 3015 3224 ejus
3040 3170 3233 3210 nomen
3258 3155 3393 3211 fera-

1827 3254 1913 3303 tur
1971 3245 2316 3315 adscriptum.
2361 3245 2607 3301 Aftirmat
2649 3256 2828 3302 autem
2876 3249 3201 3318 Apostolus,
3250 3252 3390 3321 quod

1825 3340 2005 3392 Aaron
2054 3339 2445 3404 sacerdotium,
2489 3339 2539 3393 id
2588 3349 2704 3406 cst,
2748 3341 2925 3411 populi
2956 3341 3298 3407 Judzeorum,
3339 3356 3396 3399 ct

1826 3430 2140 3507 principium
2168 3431 2410 3485 habuerit
2439 3441 2493 3486 et
2522 3432 2680 3486 tinem
2709 3450 2721 3485 :
2747 3434 3143 3489 Melchisedech
3173 3446 3351 3490 autem
3374 3477 3392 3501 ,

1824 3520 1875 3574 id
1918 3530 2033 3588 est,
2061 3520 2259 3576 Christi
2302 3533 2357 3576 et
2396 3523 2686 3591 Ecclesize,
2712 3534 2764 3579 et
2806 3526 2856 3579 in
2905 3528 3228 3595 praeteritum
3260 3531 3392 3583 etin

1824 3613 2056 3667 futurum
2078 3625 2335 3668 :eternum
2358 3615 2447 3681 sit,
2470 3614 2785 3684 nullumque
2812 3615 3056 3671 habuerit
3086 3628 3391 3674 auctorem:

1824 3716 1880 3762 et
1898 3706 2037 3777 quod
2060 3708 2315 3761 translato
2336 3707 2653 3771 sacerdotio,
2670 3706 2800 3775 legis
2813 3722 3023 3776 quoque
3040 3712 3261 3763 mutatio
3280 3712 3390 3763 liat:

1824 3809 1884 3854 ut
1911 3815 2238 3870 nequaquam
2265 3798 2333 3851 de
2353 3801 2492 3867 Agar
2516 3798 2710 3852 ancilla
2730 3838 2745 3862 ,
2774 3808 2828 3849 et
2854 3808 3031 3852 monte
3056 3798 3217 3869 M3
3242 3801 3394 3867 Sina,

1825 3892 1918 3945 sed
1954 3892 2022 3944 de
2061 3892 2191 3944 Sara
2218 3890 2406 3949 libera,
2431 3897 2485 3941 et
2520 3902 2644 3939 arce
2686 3885 2812 3939 Sion
2842 3886 3145 3954 egrediatur
3172 3891 3391 3944 verbum

1826 3982 2058 4045 Domini,
2082 3991 2135 4050 et
2160 3981 2246 4033 lex
2274 3978 2364 4031 Dei
2392 3978 2457 4031 de
2483 3977 2802 4031 Jerusalem.
2831 3975 2899 4029 Et
2924 3975 3290 4033 difﬁcultatem
3316 3985 3391 4035 rei

1829 4071 1910 4142 (li)
1959 4070 2129 4139 primo
2154 4075 2419 4137 exagerat,
2451 4067 2634 4120 dicens
2657 4082 2670 4117 :
2697 4066 2865 4129 Super
2902 4082 3000 4133 quo
3034 4068 3221 4124 multus
3250 4072 3390 4126 nobis

1827 4206 1938 4267 quis
1958 4203 2087 4251 illam
2111 4207 2419 4267 expungeret
2454 4200 2980 4267 Chami__nomcn_quod
3018 4203 3197 4261 subdit,
3236 4207 3397 4256 nullus

1829 4262 2152 4328 inspector-um
2176 4262 2504 4328 {Martianzeo
2536 4262 2959 4328 codicumhabuit,
2984 4277 3072 4312 nos
3095 4268 3283 4315 unicum
3309 4283 3392 4318 ua-

1828 4329 1890 4376 cti
1907 4322 2094 4375 'sumus
2115 4326 2165 4373 S.
2191 4323 2353 4374 Crucis
2375 4324 2425 4371 in
2447 4322 2722 4372 Jerusalem
2744 4322 2808 4371 de
2833 4322 2965 4372 Urbe
2988 4338 3120 4376 nimi.
3142 4328 3221 4376 59.
3246 4329 3397 4379 Ρευιυ

1832 4388 2062 4495 332θεῖ)ΐο
2083 4393 2323 4443 mortuus,
2348 4385 2539 4446 quidam
2562 4384 2744 4432 habent
2763 4384 3025 4436 moriturus
3042 4425 3056 4445 ,
3091 4390 3219 4449 quod
3242 4394 3397 4453 magis

1879 4458 2008 4498 acet.

1832 4464 2203 4581 ωΰῗιῇθοοέηι
2222 4507 2320 4581 _l,'uc
2342 4519 2495 4581 "59“?
2529 4505 2665 4581 editi,
2683 4503 2927 4581 Ῑθίέθηὲθδν
2953 4513 2998 4556 et
3018 4507 3262 4581 (mitam-nt
3284 4525 3395 4561 W-

1828 4570 2019 4634 gm‘nem
2053 4570 2332 4634 cantantium
2370 4570 2548 4634 dextro
2589 4572 2866 4634 susceperit,
2902 4572 3391 4634 quomodo__vitiatum

1830 4628 1971 4694 pejus
1991 4639 2134 4694 antea
2174 4630 2327 4694 locum
2361 4628 2648 4694 emendasse
2679 4628 2775 4677 sibi
2808 4628 3115 4694 persuaserat
3139 4632 3395 4688 Victorius,

1830 4688 1977 4755 quem
2000 4693 2220 4762 sequitur
2243 4691 2563 4762 Martianaeus.
2589 4688 2690 4762 Nos
2724 4688 2885 4762 veram
2923 4691 3183 4740 lectionem
3208 4700 3396 4762 nostro-

1831 4751 1940 4802 r'um
1962 4751 2172 4801 omnium
2191 4788 2206 4811 ,
2230 4752 2359 4814 quod
2382 4753 2553 4814 mit-“um
2578 4757 2654 4799 est
2669 4782 2685 4807 ,
2708 4751 3187 4814 codicumconsensu
3205 4760 3269 4814 Aet
3303 4752 3397 4800 lide

1830 4816 2133 4863 restituimus
2156 4827 2170 4872 ;
2194 4811 2373 4872 quibus
2390 4811 2676 4872 sulfragatur
2699 4819 2841 4859 vetus
2863 4811 3112 4872 editioan.
3140 4811 3277 4860 H96.
3304 4818 3397 4862 etsi

1831 4876 2071 4938 glossema
2102 4870 2231 4937 quod
2269 4881 2346 4922 ret
2383 4875 2488 4938 inet
2518 4870 2627 4938 post
2648 4884 2816 4920 vocem
2839 4879 2952 4938 e_a:ta
2968 4870 3057 4938 ,Aid
3074 4878 3143 4921 est
3164 4872 3399 4933 quidquid

1832 4930 1975 4999 Euper
1998 4930 2276 4999 cacumen,
2314 4934 2495 4983 erroris
2516 4930 2665 4981 totius
2684 4944 2825 4981 causa
2858 4930 3025 4989 fuerit,
3042 4940 3096 4980 ut
3115 4930 3220 4980 rem
3244 4930 3401 4983 atten-

1832 4996 1968 5047 denti
1993 4996 2252 5047 constabit.

1898 5060 1971 5123 (g)
1996 5055 2455 5123 Interpretationem
2478 5052 2733 5123 sequentis
2755 5051 3179 5123 regem“
3199 5052 3314 5123 heia
3335 5056 3404 5103 ίη.

1834 5112 2007 5167 ser-“unt
2037 5112 2230 5179 quidam
2254 5114 2367 5163 Mss.
2394 5126 2537 5179 quam
2556 5112 2687 5161 forte
2712 5125 2773 5179 ex
2801 5112 2905 5161 libri
2929 5112 3013 5161 ora
3036 5112 3296 5179 intextum
3321 5129 3403 5179 ro-
3469 5126 3485 5142 ι

1836 5172 2097 5248 ceperuni,
2118 5178 2388 5238 legumque
2410 5172 2512 5223 Sine
2534 5179 2671 5235 patre
2692 5207 2706 5231 ,
2730 5174 2833 5222 sine
2855 5181 3027 5234 matre,
3066 5172 3169 5224 sine
3188 5176 3407 5239 genealo-

1885 5253 1934 5288 α.
1961 5246 2055 5287 διε.

1834 5252 2125 5361 φῗλξιὲἆὶιὶ
2147 5295 2375 5361 prooemio
2398 5307 2414 5343 :
2435 5293 2578 5350 male,
2605 5301 2681 5345 est
2706 5295 2835 5361 enim
2858 5295 3154 5361 ad‘epistola:
3179 5295 3286 5351 fere
3306 5311 3409 5361 mee

1836 5353 1983 5426 dium,
2003 5360 2081 5426 cui
2106 5353 2441 5426 substituimus
2455 5368 2620 5405 vocem
2642 5354 2798 5426 primo
2822 5368 2885 5426 ex
2910 5353 3114 5426 Reginae
3130 5358 3409 5426 exemplari

1837 5416 2075 5489 215._'et§i
2111 5428 2370 5489 utrumque
2393 5416 2628 5489 pleraque
2651 5417 2874 5489 emittant
2896 5429 2911 5478 ;
2937 5416 3030 5465 alia
3066 5416 3412 5489 habeant'pro-

1840 5484 2011 5550 nando.
2036 5481 2153 5550 Post
2181 5473 2353 5550 vocem
2389 5473 2837 5550 itthtteijprewbﬂis,
2870 5473 2957 5550 pro
2988 5490 3083 5539 qua
3100 5473 3332 5550 Vulgata,
3361 5487 3412 5531 et

1840 5547 1975 5607 pauci
2007 5543 2201 5605 quidam
2225 5540 2337 5608 Mss.
2363 5540 2489 5601 apud
2520 5537 2846 5608 Martianasum
3302 5537 3413 5608 quae
3450 5580 3459 5591 .

1841 5557 1975 5607 pauet
2007 5556 2201 5605 qniuam
2225 5556 2337 5589 mss.
2363 5556 2489 5601 apud
2520 5556 2846 5587 marumwum
2881 5556 3267 5599 mterpraaouzs,
3338 5556 3413 5590 uaa

1841 5614 2124 5668 sequuntur
2133 5602 2295 5668 omnia
2316 5614 2475 5665 usque
2496 5599 2556 5652 ad
2571 5638 2585 5657 .
2619 5597 2669 5652 si
2690 5612 2772 5650 vas
2792 5599 3048 5662 electionis,
3072 5603 3247 5654 absunt
3268 5556 3415 5653 adie-

1830 5666 1960 5734 ginit
1981 5666 2239 5719 codicibus.

2702 5743 2721 5823 (
2738 5744 3189 5825 Vingt-deux.)
