4056 6184
621 263 727 317 6ἷ9

621 335 784 428 sermo
816 386 908 438 est,
940 384 982 427 et
1009 367 1449 436 ininterpretabilis
1476 365 1660 436 (lIebr.
1702 365 1755 418 5.
1783 365 1877 432 11)
1906 379 1919 416 :
1944 378 2050 417 non
2081 363 2202 432 quia

625 466 918 534 Apostolus
942 479 1046 517 non
1076 457 1309 525 potuerit
1336 457 1385 510 id
1412 455 1774 524 interpretari,
1795 455 1888 509 sed
1914 454 2036 524 quia
2059 452 2200 508 illius

627 556 881 625 temporis
921 565 1025 604 non
1070 548 1248 601 fuerit.
1298 546 1540 600 Hebraeis
1567 544 1709 599 enim
1732 585 1749 610 ,
1778 542 1830 599 id
1860 552 1975 607 est,
2002 541 2202 597 Judaeis

626 641 991 714 pcrsuadebat,
1023 653 1126 692 non
1154 638 1261 706 jam
1296 635 1568 691 Fidelibus
1589 678 1602 702 ,
1632 635 1825 734 quibus
1853 635 2200 734 passim-pro-

633 736 781 788 deret
825 736 1242 783 sacramentum.
1283 726 1661 780 Verumtamen
1709 723 1755 778 si
1792 737 1886 778 vas
1929 722 2202 778 electionis

621 828 797 889 stupet
824 819 888 872 ad
915 817 1265 888 mysterium,
1289 825 1344 870 et
1389 815 1456 870 de
1491 830 1594 884 quo
1629 813 1899 884 disputat,
1933 811 2200 866 ineli'abile

616 911 930 972 confitetur;
964 916 1165 976 quanto
1206 905 1372 976 magis
1417 919 1515 959 nos
1544 903 1818 960 vermiculi
1859 911 1916 958 et
1960 901 2198 973 pulices,

616 1004 784 1056 solam
812 1000 1071 1054 debemus
1103 997 1380 1052 scientiam
1413 996 1637 1050 inscitiae
1664 993 1943 1060 confiteri,
1982 1003 2035 1048 et
2081 1007 2196 1045 am-

617 1089 910 1158 plissimam
941 1088 1181 1152 domum,
1216 1101 1380 1157 parvo
1409 1086 1561 1156 quasi
1593 1085 1852 1139 foramine
1878 1081 2196 1137 ostendere:

617 1191 676 1233 ut.
702 1179 943 1235 dicamus
979 1177 1086 1233 duo
1112 1177 1410 1232 sacerdotia
1440 1177 1578 1231 inter
1606 1190 1666 1230 se
1693 1175 1760 1229 ab
1780 1173 2036 1243 Apostolo
2053 1187 2200 1227 com-

620 1280 822 1338 parata,
853 1269 1046 1340 prioris
1075 1269 1254 1339 p0puli
1286 1279 1337 1321 et
1372 1266 1716 1336 posterioris?
1743 1265 1810 1318 Et
1837 1265 2066 1363 hoc-agit
2090 1269 2197 1363 tota

616 1362 1009 1430 disputatione,
1040 1369 1094 1413 ut
1121 1368 1243 1412 ante
1277 1357 1403 1412 Levi
1433 1365 1486 1411 et
1513 1357 1727 1420 Aaron,
1760 1353 2010 1409 sacerdos
2039 1351 2199 1406 fuerit

616 1448 1003 1503 Melchisedech
1037 1465 1100 1503 ex
1129 1448 1394 1518 gentibus,
1426 1447 1576 1516 cujus
1600 1454 1804 1500 tantum
1832 1443 1909 1516 (a)
1930 1441 2199 1514 praecedat

616 1540 888 1606 meritum,
922 1550 978 1593 ut
1007 1538 1197 1593 futuris
1228 1536 1594 1591 eaeerdotibus
1617 1533 1944 1598 Judzeorum,
1972 1533 2025 1588 in
2056 1531 2196 1586 lum-

618 1630 697 1683 bis
741 1629 1074 1684 hcnedixerit
1107 1628 1399 1682 Abraham.
1427 1626 1729 1695 Totumque
1773 1623 1914 1694 quod
1959 1623 2199 1691 sequitur

618 1724 668 1774 in
692 1722 876 1775 laudes
896 1719 1308 1785 Melchisedech,
1323 1718 1388 1772 ad
1410 1715 1608 1772 Christi
1627 1725 1806 1785 typum
1818 1711 2029 1780 referri,
2048 1711 2197 1782 cujus

619 1813 889 1881 prolectus
915 1811 1174 1866 Ecclesia:
1204 1817 1540 1864 sacramenta
1569 1816 1713 1862 sunt.
1734 1897 1746 1907 .
1791 1896 1822 1907 η
2181 1894 2195 1907 υ

689 1907 742 1961 5.
789 1905 911 1960 llzec
953 1903 1056 1974 legi
1104 1902 1156 1957 in
1197 1901 1506 1956 Graecorum
1552 1896 1937 1962 voluminibus,
1966 1904 2020 1950 et
2045 1896 2196 1964 quasi

619 1997 914 2052 latissimos
962 2005 1221 2051 terrarum
1251 1994 1384 2048 situs
1405 2034 1420 2060 ,
1451 1993 1502 2046 in
1532 1991 1680 2046 brevi
1713 1991 1902 2045 tabella
1935 1989 2076 2044 volui
2101 1988 2197 2043 dc-

621 2096 942 2151 monstrare,
975 2101 1079 2139 non
1106 2082 1402 2138 extendens
1427 2081 1598 2150 Spatia
1624 2095 1875 2134 sensuum
1905 2089 2065 2149 atque
2091 2087 2200 2132 tra-

616 2185 883 2237 ctatnum,
913 2174 1006 2228 sed
1050 2171 1366 2242 quibusdam
1415 2169 1624 2240 punctis
1665 2178 1824 2238 atque
1864 2167 2198 2237 compendiis

617 2264 822 2319 infinita
853 2263 1188 2332 signiﬁcans,
1221 2270 1278 2315 tit
1322 2261 1374 2314 in
1422 2276 1580 2328 parva
1626 2259 1862 2330 Epistola
1904 2258 2191 2314 multorum

614 2353 771 2410 simul
813 2353 1051 2408 disceres
1092 2351 1412 2405 voluntates.
1447 2349 1644 2404 Verum
1679 2349 1801 2418 quia
1839 2357 2081 2404 amanter
2111 2348 2196 2403 in-

618 2457 874 2514 terrogas,
903 2453 958 2498 et
989 2442 1236 2496 universa
1257 2455 1377 2510 qua:
1409 2439 1593 2506 didici,
1619 2437 1740 2494 fidis
1769 2440 1991 2495 auribus
2028 2439 2199 2494 instil-

620 2536 774 2589 Ianda
802 2540 946 2598 sunt,
976 2547 1167 2602 ponam
1199 2539 1252 2585 et
1297 2530 1644 2585 llebrtcorum
1681 2530 1986 2599 opinionem
2015 2538 2102 2584 :et
2129 2545 2198 2585 ne

617 2625 745 2694 quid
795 2625 931 2679 deslt
973 2621 1301 2688 curiositati,
1329 2621 1442 2689 ipsa
1491 2620 1748 2675 chraica
1796 2621 1957 2676 verba
2001 2621 2196 2676 subne-

617 2727 757 2769 clam
806 2713 896 2784 (b)
943 2727 1335 2768 UMELCHISEDEC
1402 2726 1575 2766 nenec
1645 2725 1812 2765 sanest
1859 2725 1976 2766 ηοει
2021 2727 2196 2766 ιειιειι

619 2823 817 2870 γΑιΛικ,
849 2821 952 2859 uno
983 2820 1155 2859 CllOB-N
1183 2819 1317 2858 LEEL
1349 2819 1505 2859 ELION
1533 2820 1545 2855 ε
1577 2818 1772 2857 VAIBAR
1797 2818 1935 2858 CHEU
1963 2819 2196 2859 \‘AIOHEB

617 2913 821 2952 BARUCH
866 2912 1037 2950 ABRAll
1093 2911 1225 2950 LEEL
1280 2909 1433 2950 ΕΜοΝ
1485 2909 1620 2949 CONE
1666 2909 1864 2949 SAMAIM
1915 2911 1980 2948 VA
2027 2910 2192 2950 ARES:

617 3003 856 3042 IJBARUCH
883 3003 949 3041 ΕΙ.
979 3001 1131 3040 ELION
1162 2999 1294 3040 ESER
1320 3001 1530 3041 HAGGEN
1560 3001 1762 3040 εΑιιΑοιι
1789 3001 2014 3040 BIADACB
2045 3003 2197 3041 νμε-

615 3095 753 3134 mea
782 3093 845 3132 ιο
874 3092 1083 3132 ΜΑΑεειι
1111 3091 1352 3131 neccuoc
1381 3073 1550 3148 (Gen.
1580 3078 1665 3130 M.
1693 3075 1818 3147 18).
1849 3076 2000 3142 Quod
2028 3077 2194 3132 inter-

529 3198 531 3201 -
618 3178 860 3239 prctalur
897 3168 948 3221 in
976 3168 1220 3222 Latinum
1248 3168 1349 3222 hoc
1378 3168 1537 3223 modo
1559 3186 1575 3223 :
1601 3167 1668 3221 Et
1700 3167 2072 3223 Melchisedech
2104 3188 2197 3225 rex

615 3264 790 3316 Salem
812 3305 826 3326 ,
860 3262 1066 3328 protulit
1097 3277 1282 3330 panem
1312 3271 1360 3314 et
1389 3262 1558 3314 vinum
1575 3277 1596 3325 ;
1627 3271 1735 3314 erat
1765 3270 1929 3316 autem
1960 3263 2194 3316 sacerdos

611 3351 775 3424 ω
858 3351 952 3406 Dei
968 3352 1147 3407 excelsi
1171 3367 1191 3405 :
1212 3352 1560 3420 benedixitque
1578 3349 1675 3415 illi,
1701 3363 1746 3405 et
1773 3354 1864 3420 ait,
1894 3352 2193 3408 Benedictus

613 3445 799 3496 Abram
831 3441 936 3496 Deo
962 3443 1187 3507 excelso,
1214 3444 1300 3512 qui
1341 3443 1527 3495 creavit
1575 3441 1752 3495 caelum
1795 3452 1843 3495 et
1889 3453 2076 3497 terram
2101 3460 2119 3497 :
2146 3455 2192 3498 et

607 3537 897 3590 benedictus
944 3533 1081 3588 Deus
1120 3534 1396 3589 altissimus
1421 3574 1438 3599 ,
1465 3532 1552 3601 qui
1583 3534 1793 3585 tradidit
1820 3533 2048 3586 inimicos
2080 3544 2191 3588 tuos

608 3630 662 3683 in
693 3645 844 3681 manu
871 3636 991 3690 tua;
1018 3635 1064 3678 et
1094 3624 1233 3678 dedit
1259 3624 1304 3676 ei
1332 3624 1552 3676 decimas
1573 3637 1635 3674 ea:
1655 3622 2192 3680 onmibus.1‘radunt-

609 3735 712 3789 quc
735 3718 874 3772 hunc
892 3732 1014 3772 esse
1037 3715 1161 3771 Sem
1191 3716 1418 3784 primum
1444 3712 1608 3766 filium
1631 3710 1765 3778 Noe,
1791 3721 1845 3768 et
1867 3729 1932 3768 eo
1956 3725 2190 3784 tempore

609 3825 716 3881 quo
737 3818 886 3863 ortus
905 3817 989 3862 est
1011 3808 1228 3868 Abram,
1257 3803 1504 3857 habuisse
1530 3803 1702 3856 aetatis
1727 3817 1897 3859 annos
1925 3812 2188 3862 trecentos

611 3901 919 3971 nonaginta,
949 3899 1038 3969 qui
1083 3899 1153 3951 ita
1202 3902 1576 3964 snpputantur.
1617 3894 1740 3950 Sem
1785 3906 1906 3966 post
1932 3896 2185 3954 diluvium

606 4011 747 4048 anno
776 3993 1043 4055 secundo,
1075 4005 1195 4045 cum
1253 3997 1463 4044 centum
1509 3999 1653 4045 esset
1680 4006 1975 4058 annorum,
2006 3996 2187 4064 genuit

607 4082 890 4151 Arphaxad
914 4098 926 4132 :
955 4091 1074 4148 post
1097 4080 1247 4149 cujus
1271 4089 1471 4145 ortum,
1496 4081 1626 4135 vixit
1652 4097 1822 4138 annos
1846 4086 2181 4156 quingentos,

608 4175 712 4227 hoc
739 4182 838 4235 cst,
873 4171 1029 4224 simul
1057 4180 1359 4228 sexcentos.
1390 4173 1677 4243 Arphaxad
1704 4192 1874 4232 annos
1901 4188 2056 4233 natus
2087 4181 2181 4234 tri-

609 4263 752 4331 ginta
783 4270 834 4314 ct
861 4261 1094 4331 quinque
1115 4303 1130 4327 ,
1158 4263 1342 4332 genuit
1371 4263 1549 4319 Salem
1571 4307 1584 4330 ,
1609 4267 1698 4335 qui
1727 4277 1782 4322 et
1807 4268 1920 4338 ipsc
1951 4269 2180 4324 tricena-

603 4353 749 4417 rius,
781 4353 1077 4420 procreavit
1125 4351 1285 4419 Eber,
1317 4368 1474 4424 quem
1506 4355 1718 4425 triginta
1752 4365 1981 4426 quatuor
2009 4374 2178 4414 anno-

603 4457 721 4496 rum
753 4442 971 4511 legimus
996 4444 1244 4512 genuisse
1276 4444 1493 4516 l’haleg.
1521 4445 1751 4502 Rursum
1777 4447 1978 4523 Phaleg
2004 4450 2178 4521 exple-

599 4537 666 4588 tis
709 4535 862 4588 annis
912 4536 1160 4606 triginta,
1201 4536 1382 4607 genuit
1430 4538 1741 4610 Rehuzqui
1786 4551 1842 4594 et
1891 4541 2026 4612 ipse,
2058 4555 2176 4613 post

599 4627 924 4696 trigesimum
978 4637 1031 4681 et
1087 4629 1383 4685 secundum
1439 4632 1730 4686 nativitatis
1775 4649 1886 4688 suae
1931 4651 2169 4704 annum,

657 4761 730 4822 (a)
765 4759 804 4810 Ε
828 4760 940 4811 Mss.
971 4761 1236 4825 plerisque,
1265 4770 1315 4811 et
1341 4763 1494 4811 veteri
1521 4764 1699 4824 saepius
1724 4764 1910 4815 laudata
1936 4766 2166 4819 editione.

594 4823 747 4869 Antea
774 4831 879 4872 erat
899 4823 1152 4884 prwilicatl
1467 4885 1476 4893 .
1598 4823 1601 4824 ⁷
1946 4901 1949 4902 ν

659 4882 727 4902 [Δὶ
757 4881 876 4902 ἱΐξ-.-
905 4886 961 4902 ΑΛ
989 4885 1066 4902 Lu,
1094 4898 1112 4902 -
1159 4884 1198 4902 Ι..
1219 4897 1311 4902 ,-----
1339 4883 1663 4902 ιι--..,.,....-...-
1710 4893 1785 4902 -.-ι
1804 4898 1846 4902 ,η
1891 4901 1901 4902 κ

657 4882 731 4944 (b)
757 4881 963 4955 Videat]
989 4885 1115 4932 hunc
1131 4884 1321 4956 locum.
1339 4883 1667 4932 Martianazum
1709 4893 1914 4956 veteres-
1931 4889 2170 4956 editiones

590 4947 769 4992 acerbe
781 4945 1116 5013 castigant-tn.
1131 4944 1285 5013 Dillici
1295 4945 1303 4988 l
1313 4945 1442 5013 iores
1457 4957 1601 5013 voces
1615 4947 1793 5013 sar-acti
1805 4946 2024 5006 biadach,
2040 4966 2169 5013 quae.

587 5009 694 5052 dam
717 5006 1012 5065 exemplaria
1036 5015 1194 5054 nostra
1215 5006 1618 5075 clleruntsaruth,
1632 5006 1805 5075 bigae/1
1824 5023 1968 5075 ;_cum
1987 5006 2166 5074 aspira-

588 5069 722 5114 tione
746 5075 909 5114 autetn
945 5075 1240 5136 constanter,
1267 5065 1371 5123 uel,
1397 5073 1447 5114 et
1472 5065 1654 5136 Italian.
1681 5065 1925 5121 Hebraice
1970 5065 2166 5136 integer

588 5145 721 5245 lectus
741 5148 811 5196 sic
837 5148 982 5198 habet
1004 5156 1083 5232 pa
1134 5134 1250 5209 εηὸ
1296 5160 1452 5210 m
1503 5135 1630 5213 05w
1679 5153 1804 5245 15p
1830 5134 2162 5245 pws—ta‘am

586 5214 688 5289 νώ
753 5244 908 5292 una
1119 5249 1287 5336 manu
1323 5253 1522 5304 mn
1572 5214 1732 5330 pm;
1757 5214 1987 5336 "98525:

584 5330 710 5432 ῩῙΪ
748 5310 1043 5432 lia—imi
1053 5310 1302 5432 πῖὲξτθκ
1348 5342 1496 5432 “FP?
1536 5310 1672 5419 vim
1709 5349 1874 5398 Dm
1895 5310 1999 5430 ἔιιρ
2024 5310 2156 5432 ὴλΒῦ

592 5394 705 5468 530
754 5394 938 5474 ’πωπω
995 5394 1069 5474 'b'
1103 5427 1208 5505 ῖῃη
1255 5394 1388 5504 Trin,
1438 5394 1749 5482 Mart‘ia'nzeus

574 5512 699 5585 τωρ
723 5532 757 5585 ς.
781 5526 961 5585 caetera
993 5531 1057 5568 ex
1095 5519 1502 5585 Massoretharum
1525 5522 1725 5583 ingenio
1748 5535 1950 5579 veteres
1973 5535 2152 5584 editio.

577 5578 674 5621 nes'
688 5578 928 5633 subdunt;
952 5585 1003 5657 et
1023 5593 1131 5639 qua-
1155 5581 1266 5627 inde
1290 5590 1556 5641 sequuntur
1577 5578 1748 5645 Verba,
1768 5578 2152 5657 quoaihieiiiié.

581 5642 726 5690 tatur,
753 5645 847 5680 etc.
871 5642 1112 5686 omittunt.

1917 250 2158 306 S.\NCT|
2202 250 2581 304 IIIERONYMI

3800 274 3908 333 680

2322 361 2489 416 edidit
2529 360 2830 433 Serngzde
2873 380 2977 435 quo
3016 381 3135 423 cum
3183 370 3252 425 ad
3299 373 3514 444 triginta
3564 387 3902 449 pervenisset

2307 466 2495 518 annos,
2516 461 2666 509 ortus
2689 465 2770 510 est
2791 455 3001 511 Nachor
3025 474 3038 510 :
3063 461 3152 528 qui
3174 461 3358 532 viginti
3383 481 3577 524 novem
3604 486 3893 546 annorum,

2305 547 2488 613 genuit
2523 545 2700 601 Thare
2729 563 2742 599 :
2774 563 2931 617 quem
2979 549 3206 620 legimus
3250 555 3394 624 quod
3441 545 3894 634 septuagenarius

2303 637 2486 704 genuit
2511 638 2731 702 Abram,
2763 649 2818 693 et
2847 639 3081 707 Nachor,
3110 651 3164 696 et
3193 645 3358 701 Aran.
3393 648 3634 721 Supputa
3664 673 3765 726 per
3790 663 3898 716 sin-

2303 729 2454 798 gulas
2481 739 2668 784 aetates
2692 746 2952 786 annorum
2981 749 3264 790 numerum
3287 779 3302 804 ,
3331 749 3386 794 et
3426 743 3669 802 invenies
3698 750 3772 805 ab
3801 769 3889 808 or-

2305 824 2360 871 tu
2388 817 2511 872 Sem
2533 859 2549 884 ,
2577 833 2744 889 usque
2788 820 2855 874 ad
2898 825 3303 891 generationem
3346 831 3545 887 Abram
3566 877 3582 898 .
3617 846 3896 898 trecentos

2305 912 2590 981 nonaginta
2615 928 2804 969 annos.
2827 915 3067 972 Mortuus
3095 931 3178 974 est
3204 932 3386 978 autem
3413 927 3677 986 Abraham
3705 946 3897 991 cente-

2301 1002 2439 1058 simo
2469 1005 2862 1076 septuagesimo
2887 1009 3074 1078 quinto
3101 1013 3273 1068 aetatis
3310 1031 3421 1070 sua:
3459 1033 3616 1075 anno.
3655 1023 3898 1084 Ratione

2301 1091 2550 1159 deducta,
2574 1096 2842 1152 invenitur
2865 1100 3014 1165 Sem,
3040 1103 3293 1174 abnepoti
3320 1121 3418 1163 suo
3445 1110 3637 1168 decimi
3663 1119 3891 1186 gradus,

2307 1180 2380 1252 (c)
2415 1183 2710 1254 Abraham,
2741 1191 3106 1257 supervixisse
3135 1210 3305 1252 annos
3334 1200 3545 1270 triginta
3577 1180 3832 1278 quinque.

2371 1272 2426 1328 6.
2467 1273 2741 1346 Simulque
2769 1287 2823 1333 et
2848 1278 2949 1335 hoc
2978 1283 3212 1352 tradunt,
3243 1291 3386 1358 quod
3413 1307 3580 1363 usque
3595 1272 3674 1350 ad
3702 1272 3882 1357 sacer-

2299 1361 2502 1418 dotium
2530 1365 2708 1421 Aaron
2730 1409 2746 1433 ,
2784 1383 2971 1424 omnes
3018 1375 3358 1445 primogeniti
3406 1394 3470 1434 ex
3496 1361 3690 1453 ﬁstirpe
3735 1388 3846 1444 Noe
3869 1433 3887 1456 ,

2299 1453 2450 1522 cujus
2479 1455 2647 1510 series
2675 1467 2730 1512 et
2759 1460 2895 1514 ordo
2923 1461 3265 1531 describitur,
3298 1468 3491 1525 fuerint
3531 1478 3845 1535 sacerdotes
3869 1524 3883 1542 ,

2297 1550 2353 1596 et
2382 1542 2494 1598 Deo
2520 1545 2766 1602 victimas
2795 1549 3126 1608 immolarint
3151 1572 3164 1607 :
3189 1566 3242 1610 et
3272 1560 3383 1614 haec
3412 1577 3532 1617 esse
3565 1567 3888 1636 primogeni~

2299 1640 2370 1696 ta,
2402 1649 2519 1704 qum
2544 1635 2685 1691 Esau
2716 1637 2864 1694 fratri
2896 1657 2994 1696 suo
3038 1645 3335 1702 vendiderit
3378 1650 3546 1707 Jacob
3578 1654 3884 1733 (Gen.27).

2297 1721 2407 1777 Nec
2426 1738 2544 1780 esse
2564 1726 2782 1795 mirum,
2804 1731 2848 1783 si
2889 1731 3277 1790 Melchisedech
3317 1740 3504 1795 victori
3555 1721 3753 1802 Abram
3789 1721 3886 1805 ob-

2297 1814 2438 1868 viam
2499 1819 2856 1887 proceSserit,
2903 1832 2958 1876 et
3019 1824 3071 1878 in
3121 1825 3466 1885 refectionem
3520 1842 3625 1888 tam
3676 1839 3886 1909 ipsius,

2301 1921 2460 1976 quam
2479 1920 2828 1978 pugnatorum
2855 1915 2995 1983 ejus,
3016 1931 3179 1986 panes
3197 1920 3484 1992 vinumque
3517 1931 3888 1996 protulerit,et

2300 1996 2634 2054 benedixerit
2677 2003 2744 2066 ei,
2765 2017 2884 2058 cum
2913 2005 3163 2077 abnepoti
3204 2025 3302 2065 suo
3327 2010 3427 2067 hoc
3449 2014 3569 2082 jure
3596 2016 3885 2076 debuerit:

2298 2098 2352 2143 et
2381 2089 2615 2146 decimas
2659 2095 2858 2162 prmdae
2903 2106 3062 2166 atque
3102 2101 3341 2157 victoriae
3381 2108 3647 2176 acceperit
3675 2112 3745 2166 ab
3775 2129 3883 2169 eo:

2298 2182 2413 2237 sive
2453 2183 2596 2251 qttod
2638 2183 2865 2240 habetur
2907 2189 3246 2260 ambiguum,
3295 2195 3422 2266 ipse
3454 2197 3664 2254 dederit
3709 2204 3759 2258 ei
3805 2206 3883 2276 (Δ)

2299 2270 2610 2328 substantia:
2639 2289 2750 2328 suae
2773 2277 3006 2334 decimas
3025 2323 3039 2345 ,
3065 2290 3120 2336 et
3146 2284 3343 2340 avitam
3367 2287 3666 2357 largitatem
3701 2270 3853 2350 osten
3872 2329 3884 2337 -

2298 2361 2437 2416 derit
2467 2363 2520 2418 in
2569 2375 2839 2436 nepotem.
2902 2369 3063 2443 445
3131 2373 3425 2448 Utrumque
3477 2383 3619 2437 enim
3662 2385 3885 2458 intelligi

2298 2464 2508 2522 potest,
2537 2468 2589 2513 et
2611 2459 2759 2528 juxta
2794 2461 3110 2519 ilcbraicum
3140 2477 3194 2522 et
3229 2469 3379 2538 juxta
3410 2472 3754 2545 Septuaginta
3806 2483 3887 2535 in-

2300 2554 2581 2615 terpretes,
2605 2551 2746 2620 quod
2774 2561 2827 2607 et
2859 2555 2970 2623 ipse
2996 2561 3265 2628 acceperit
3292 2559 3528 2618 decimas
3583 2571 3883 2637 spoliorttn,

2296 2646 2350 2690 et
2372 2637 2599 2694 Abrahae
2628 2641 2840 2697 dederit
2865 2645 3102 2702 decimas
3151 2650 3465 2708 substantia:
3509 2673 3620 2712 sua:
3663 2676 3678 2714 :
3717 2679 3884 2730 quan-

2298 2745 2454 2799 quam
2482 2732 2776 2801 Apostolus
2804 2737 2854 2789 in
2886 2737 2945 2806 EI
2968 2739 3122 2794 istola
3149 2758 3242 2796 sua
3270 2744 3334 2797 ad
3367 2745 3621 2804 Hebraeos
3651 2751 3798 2822 (Cap.
3829 2757 3886 2822 7)

2297 2822 2636 2888 apertissime
2662 2823 2899 2889 definiat,
2929 2844 3033 2882 non
3064 2831 3332 2887 Abraham
3360 2840 3665 2907 suscepisse
3695 2861 3721 2892 a
3754 2843 3880 2897 Mcl-

2297 2907 2586 2964 chisedech
2620 2912 2858 2968 decimas
2881 2916 3189 2974 divitiarum
3213 2923 3348 2991 ejus,
3365 2927 3458 2980 sed
3477 2928 3543 2981 de
3569 2932 3753 3000 Spoliis
3782 2936 3878 2987 bis.

2296 2999 2479 3062 Stium,
2514 3011 2718 3068 partem
2744 3007 3018 3075 accepisse
3046 3010 3376 3072 Pontificem.

2367 3088 2420 3141 7.
2454 3087 2630 3144 Salem
2658 3101 2834 3147 autem
2859 3111 2988 3162 non,
3020 3108 3078 3154 ut
3106 3100 3393 3173 .losephns,
3417 3117 3472 3162 et
3498 3113 3664 3166 nostri
3694 3130 3882 3174 omnes

2295 3179 2623 3236 arbitrantur
2652 3198 2773 3239 esse
2800 3185 2864 3256 (f.
2898 3189 2993 3259 est)
3024 3189 3345 3261 Jerusalem,
3375 3205 3569 3256 nomen
3596 3219 3659 3258 ex
3691 3205 3883 3262 Graeco

2295 3269 2660 3342 Ilebraicoque
2689 3277 3068 3346 compositum,
3101 3283 3241 3352 quod
3269 3287 3564 3345 absurdum
3593 3307 3715 3348 esse
3735 3336 3750 3358 .
3784 3312 3880 3365 pc-

2294 3361 2517 3428 regrinm
2561 3363 2755 3432 linguae
2802 3368 3031 3423 mixtura
3082 3371 3573 3435 demonstrat:sed
3620 3361 3878 3455 oppidum

2288 3449 2436 3518 juxta
2469 3452 2857 3524 Scythopolim,
2886 3459 3029 3528 quod
3062 3478 3230 3533 usque
3262 3467 3418 3524 hodie
3447 3449 3749 3541 appellatur
3775 3477 3875 3530 Sa-

2292 3541 2418 3606 lem,
2450 3551 2505 3597 et
2530 3545 2829 3601 ostenditur
2855 3549 2923 3604 ibi
2958 3552 3210 3620 palatium
3228 3557 3644 3631 Melchisedech,
3669 3580 3734 3620 ex
3759 3583 3875 3620 ma-

2290 3632 2564 3702 gnitudine
2596 3637 2896 3704 ruinarum,
2926 3644 3122 3699 veteris
3145 3649 3324 3716 operis
3351 3653 3644 3709 ostendens
3670 3660 3876 3727 magni-

2292 3723 2555 3778 ﬁcentiam
2585 3726 2689 3782 :de
2718 3745 2824 3798 quo
2856 3731 2908 3785 in
2944 3735 3243 3802 posteriore
3270 3755 3482 3812 quoque
3512 3755 3661 3814 parte
3691 3723 3870 3804 Gebe-

2289 3828 2412 3869 seos
2439 3817 2697 3887 scriptum
2729 3829 2832 3875 est.
2869 3821 3016 3877 Venit
3042 3824 3203 3881 Jacob
3232 3829 3284 3882 in
3313 3829 3506 3886 Socoth
3527 3875 3541 3898 ,
3585 3835 3637 3890 id
3663 3848 3780 3903 est,
3812 3841 3867 3893 in

2289 3904 2639 3974 tabernacula,
2661 3920 2705 3964 et
2749 3912 2867 3981 fecit
2910 3914 3004 3967 sibi
3035 3917 3099 3970 ibi
3131 3918 3306 3974 domos
3354 3933 3507 3992 atque
3552 3931 3799 3996 tentoria,
3827 3942 3872 3984 et

2289 3999 2515 4052 transivit
2545 4001 2596 4055 in
2619 4002 2794 4057 Salem
2817 4007 3068 4062 civitatem
3095 4012 3312 4080 regionis
3336 4013 3564 4072 Sic/tem.
3587 4036 3705 4075 qua
3723 4025 3869 4077 estin

2287 4094 2430 4142 terra
2448 4089 2690 4147 Chanaan
2719 4094 2870 4166 (Gen.
2901 4099 2989 4153 35.
3018 4100 3102 4154 17.
3131 4114 3177 4154 et
3201 4103 3312 4171 18).

2356 4178 2907 4243 8..Considerandum
2953 4206 3166 4262 quoque
3211 4204 3326 4263 est,
3367 4200 3511 4268 quod
3557 4203 3789 4261 Abraha:
3837 4226 3865 4262 a

2282 4271 2428 4324 caede
2453 4270 2683 4330 hostium
2707 4283 3022 4348 revertenti;
3045 4299 3180 4354 quos
3206 4303 3517 4357 persecutus
3563 4307 3647 4352 est
3700 4316 3869 4371 usque
3891 4297 3896 4306 ’

2283 4360 2395 4416 Dan
2423 4363 2591 4434 (Gen.
2619 4370 2720 4439 M)
2744 4411 2759 4435 ,
2787 4387 2906 4441 qua:
2936 4375 3096 4434 hodie
3123 4378 3329 4436 Paneas
3357 4385 3452 4452 (al.
3479 4386 3740 4460 Paucas)
3768 4360 3868 4462 ap.

2283 4452 2543 4522 pellatur;
2603 4473 2708 4514 non
2757 4461 2824 4532 (ε)
2877 4463 3030 4521 devia
3076 4467 3374 4528 Jerusalem
3404 4476 3563 4541 ,‘sed
3607 4452 3864 4552 oppidum

2279 4553 2636 4621 metropoleos
2676 4555 2922 4625 Sichem,
2956 4561 3009 4616 in
3055 4563 3247 4624 itinere
3291 4567 3452 4626 fuerit
3487 4591 3501 4625 :
3533 4573 3602 4629 de
3646 4591 3754 4646 quo
3803 4578 3887 4645 in,

2277 4641 2568 4715 Evangelia
2597 4664 2811 4721 quoque
2839 4653 3069 4724 legimus
3098 4675 3111 4712 :
3143 4657 3274 4714 Erat
3305 4674 3472 4718 autem
3494 4641 3724 4723 Joannes

2276 4735 2474 4799 ptizans
2501 4738 2554 4791 in
2584 4738 2790 4806 Enimn,
2809 4745 2964 4813 juxta
2989 4748 3174 4817 Salim,
3199 4755 3319 4822 quia
3339 4773 3483 4826 aquae
3507 4772 3652 4814 erant
3677 4765 3856 4817 multa!

2273 4823 2343 4877 ibi
2372 4825 2562 4894 (Joan.
2609 4830 2699 4900 5).
2733 4831 2841 4888 Nec
2888 4835 3086 4906 refert,
3134 4852 3310 4898 utrum
3357 4823 3555 4911 Salem,
3586 4862 3655 4901 an
3683 4850 3872 4906 Salim.

2273 4917 2579 4975 nominetur
2598 4963 2612 4988 ,
2641 4937 2761 4978 cum
2801 4929 3072 4985 vocalibus
3102 4933 3153 4986 in
3183 4935 3357 4990 medio
3387 4935 3582 4993 litteris
3629 4955 3856 5010 perraro

2273 5017 2487 5067 utantur
2512 5013 2744 5084 Hebrmi,
2775 5027 2830 5073 et
2859 5035 2955 5089 pro
2980 5023 3255 5082 voluntate
3285 5026 3570 5096 lectorum,
3593 5046 3658 5087 ac
3681 5038 3855 5090 varie-

2431 5184 2556 5263 Moni
2586 5199 2816 5263 repetunt
2849 5195 2940 5244 hoc
2973 5197 3078 5247 loco
3098 5200 3309 5249 Abrahae
3346 5217 3522 5252 nomen
3553 5213 3854 5263 vetustiores

2265 5247 2580 5327 membranae,
2607 5247 2660 5298 iu'
2678 5254 2824 5327 editis
2843 5270 3160 5327 vcr_o_seus_us
3184 5247 3670 5327 eomipsovohscurior,
3697 5247 3851 5326 inth

2265 5307 2541 5375 pagg-tignis
2561 5307 2755 5375 (Illoque
2779 5317 2900 5365 virio
2925 5307 3187 5368 laborabat.
3226 5307 3237 5308 ί
3282 5307 3377 5325 τῇ
3405 5307 3490 5371 ww.

2327 5366 2406 5477 ((ιέ
2442 5367 2497 5437 In
2519 5366 2802 5443 quibusdam
2834 5377 2948 5428 Mss.
2973 5366 3200 5441 primitur:
3211 5382 3422 5434 habetur
3445 5366 3532 5449 pro
3553 5393 3816 5445 substantu
3837 5438 3847 5458 ,

2338 5441 2370 5476 ιι
2401 5441 2477 5477 ars
2497 5445 2585 5477 ι)ΐο
2607 5441 2796 5477 avum-

2263 5434 2316 5475 et
2337 5434 2477 5492 abatj
2497 5445 2585 5492 pro
2607 5434 2796 5486 avitam.

2327 5487 2667 5575 (e).8ensnmJ
2688 5505 2976 5575 pervertunt
3026 5501 3276 5575 hactenus
3306 5506 3424 5556 editi
3435 5545 3453 5575 ι
3498 5513 3594 5560 imo
3643 5515 3847 5575 tollunt,

2261 5545 2515 5639 1ῗὲῗέὲῇ
2523 5545 2700 5639 “ﬁt”?
2714 5545 3544 5639 satira!"s'iff'fliiéiﬁiiiilm?
3551 5545 3849 5639 ’ἔειίῖιίἓῖἇὶὶῦ

2260 5613 2585 5694 γαπ-ομοίως,
2605 5623 2700 5694 etc.
2714 5617 2812 5666 Nos
2820 5613 2969 5688 trium
2992 5613 3306 5694 vetustiorum
3319 5613 3539 5694 emittat—ni
3558 5613 3654 5694 8]};

2258 5669 2442 5730 damus,
2471 5682 2521 5722 ut
2545 5669 2710 5725 textus
2735 5687 2782 5727 et
2806 5681 2962 5727 series
2987 5693 3190 5728 necesse
3216 5669 3418 5735 habent.
