4056 6184
154 297 239 357 63,
901 247 918 270 ’
1114 326 1117 327 ί
1463 269 1729 326 El’lSTOl

1839 266 2053 322 ΛΚΝ.

153 420 254 467 tate
280 407 584 476 ,regionem
643 400 832 458 eadem
874 396 1035 454 verba
1080 394 1305 451 diversis
1349 392 1496 448 sonis
1546 399 1710 460 atque

153 500 447 557 accentibus
477 497 828 566 proferantur.

221 592 273 646 9.
311 588 430 642 Haec
458 586 526 640 ab
556 581 929 639 eruditissimis
973 578 1148 649 gentis
1194 576 1340 631 illius
1384 573 1704 638 didicimus,

158 683 242 752 qui
287 681 537 734 intantnm
567 691 671 730 non
700 673 967 744 recipiunt
1005 671 1260 739 Spiritum
1301 675 1582 730 sanctum,
1625 665 1711 719 vel

156 775 397 844 Angelum
428 771 590 825 fuisse
618 765 1010 823 Melchisedech
1035 805 1050 830 ,
1079 762 1318 818 utetiam
1349 759 1708 815 certissimum

155 866 371 921 hominis
401 878 594 918 nomen
621 860 949 916 adscribam.
986 858 1048 911 Et
1074 869 1261 910 revera
1283 852 1502 907 stultum
1533 862 1635 912 est,
1662 849 1712 903 id

153 956 282 1027 quod
311 956 361 1010 in
403 963 530 1025 typo
559 953 791 1008 dicitur:
821 964 886 1004 eo
928 946 1069 1018 quod
1117 944 1315 1000 Christi
1356 940 1714 996 sacerdotium

155 1048 304 1100 finem
348 1059 455 1098 non
507 1041 734 1104 habeat;
765 1047 819 1094 et
866 1039 980 1106 ipse
1031 1051 1124 1091 rex
1169 1045 1225 1090 et
1264 1032 1518 1088 sacerdos
1564 1029 1718 1084 nobis

149 1147 427 1204 utrumque
453 1133 754 1196 donaverit,
785 1139 841 1183 ut
867 1130 1035 1182 simus
1059 1141 1225 1196 genus
1253 1124 1432 1194 regale
1461 1134 1518 1178 et
1541 1136 1720 1176 sacer-

146 1226 321 1279 dotale
349 1225 425 1294 (1.
447 1221 592 1276 l'etr.
613 1221 668 1273 ἰ.
707 1220 742 1276 9
768 1219 811 1288 ),
838 1227 894 1273 et
913 1217 1065 1286 quasi
1089 1215 1359 1286 angularis
1387 1211 1716 1283 lapisllsai.)

144 1315 400 1383 parietem
419 1308 1068 1380 utrumqueconjunxerit,
1085 1315 1140 1361 et
1191 1303 1354 1376 m
1407 1305 1474 1359 de
1516 1303 1724 1358 duobus

143 1405 393 1473 gregibus
432 1403 605 1457 bonus
646 1408 829 1470 pastor
858 1414 1018 1452 unum
1047 1396 1286 1452 effecerit
1309 1408 1524 1465 gregem
1555 1392 1718 1463 (Epit.

142 1494 194 1546 '2.
222 1491 345 1562 l6);
371 1493 448 1545 sic
471 1491 727 1560 quosdam
759 1490 963 1545 referre
987 1488 1054 1543 ad
1080 1495 1322 1554 ἀνα-ιωγην
1341 1529 1353 1550 ,
1385 1496 1443 1540 ιιι
1485 1485 1724 1540 historia:

145 1583 382 1638 auferant
411 1585 690 1636 veritatem
713 1621 729 1646 ,
757 1591 811 1636 et
835 1580 1016 1636 dicant
1043 1595 1147 1634 non
1177 1579 1340 1633 fuisse
1369 1592 1548 1646 regem
1569 1617 1584 1642 ,
1627 1577 1724 1632 sed

147 1673 374 1743 imagine
429 1671 661 1725 hominis
728 1671 992 1740 Angelum
1067 1669 1490 1723 demonstratum
1536 1682 1551 1720 :
1600 1682 1720 1719 cum

147 1765 402 1817 intantnm
418 1762 650 1815 nitantur
667 1760 879 1814 Hebrtei
893 1756 1286 1814 Melchisedech
1313 1769 1494 1824 regem
1519 1754 1718 1815 Salem,

146 1853 307 1907 lilium
334 1851 470 1916 Noe,
497 1851 621 1906 Sem
653 1849 964 1913 ostendere,
999 1856 1055 1902 ut
1080 1859 1205 1900 ante
1235 1849 1334 1900 hoc
1364 1847 1620 1914 scriptum
1645 1845 1722 1898 sic

142 1945 376 2000 referant
407 1961 420 1995 :
451 1943 699 2013 Egressus
735 1951 806 1994 est
851 1950 1021 1993 autem
1059 1955 1150 1992 rea;
1179 1938 1520 1992 Sodomorum
1547 1939 1599 1990 in
1631 1954 1719 1990 oc-

139 2051 344 2087 cursum
381 2035 431 2086 ei
477 2031 645 2100 (haud
695 2032 912 2085 dubium
935 2072 949 2093 ,
983 2030 1109 2100 quin
1163 2028 1424 2098 Ahrahm)
1456 2037 1724 2097 postquam

141 2140 374 2177 reversus
405 2133 478 2177 est
507 2139 538 2174 a
567 2122 701 2175 ccede
728 2119 1158 2185 Chodorlaomor,
1188 2130 1233 2173 et
1263 2137 1437 2190 regunt
1477 2121 1564 2190 qui
1608 2137 1722 2172 cum

136 2231 196 2267 eo
241 2226 389 2264 erant
435 2212 492 2264 in
536 2211 666 2263 valle
705 2209 876 2264 Save:
901 2211 1006 2262 haec
1033 2219 1104 2262 est
1145 2210 1292 2262 vallis
1315 2210 1482 2279 regis;
1514 2209 1580 2263 de
1620 2226 1722 2278 qua

135 2303 320 2358 statim
365 2300 607 2369 sequitur
637 2318 649 2352 :
680 2297 748 2352 Et
787 2299 1156 2352 Melchisedech
1183 2315 1272 2352 rex
1297 2300 1473 2353 Solem
1512 2300 1724 2369 protulit

138 2408 322 2460 panem
365 2401 414 2444 et
455 2392 624 2443 uinum
653 2388 820 2460 (Gen.
849 2390 954 2458 M)
981 2428 995 2451 ,
1025 2400 1080 2442 et
1105 2390 1325 2458 reliqua.
1362 2388 1419 2444 Si
1453 2404 1581 2458 ergo
1611 2390 1726 2443 harc

132 2483 330 2536 civitas
361 2480 507 2549 regis
535 2489 636 2544 est,
664 2489 719 2534 et
742 2479 892 2532 vallis
917 2479 1095 2548 regis,
1128 2480 1241 2533 sive
1281 2489 1338 2534 ut
1378 2479 1725 2550 Septuaginta

137 2571 572 2634 transtulerunt,
603 2585 848 2640 campus,
879 2585 1035 2638 quem
1079 2570 1238 2624 hodie
1265 2571 1526 2625 Aulonetn
1554 2571 1725 2624 Palm-

134 2663 260 2718 stini
291 2669 491 2716 vocant
517 2681 530 2718 :
557 2659 896 2714 manifestum
926 2670 1007 2714 est
1037 2659 1311 2715 hominem
1342 2662 1523 2725 fuisse,
1548 2661 1637 2730 qui
1670 2661 1721 2715 in

137 2764 353 2808 terrena
385 2761 445 2806 et
480 2751 621 2805 valle
649 2759 703 2804 et
730 2750 858 2803 urbe
890 2751 1136 2819 regnavit
1157 2749 1249 2822 (al.
1281 2750 1601 2820 regnaverit).

206 2845 298 2900 10.
344 2844 529 2898 Habes
558 2857 674 2911 qua:
704 2842 988 2905 audierim,
1021 2859 1139 2912 quae
1169 2843 1388 2912 legerim
1416 2843 1484 2898 de
1511 2843 1730 2898 Melchi-

131 2934 358 2990 sedech.
392 2934 574 2989 Meum
607 2934 704 2986 fuit
727 2934 893 2988 citare
924 2932 1030 3003 (al.
1063 2934 1308 3004 recitare)
1341 2943 1504 2990 testes
1534 2953 1548 2989 :
1577 2945 1725 2990 tuum

129 3025 200 3076 sit
223 3023 293 3078 de
318 3023 427 3078 fide
457 3021 673 3077 testium
701 3021 963 3089 judicare.
985 3021 1135 3088 Quod
1158 3022 1202 3076 si
1227 3038 1416 3078 omnes
1441 3025 1726 3094 repuleris,

130 3126 284 3170 tuum
334 3123 496 3170 certe
534 3110 862 3182 spiritualem
894 3113 1042 3166 illuni
1072 3113 1421 3184 interpretem
1451 3130 1559 3170 non
1590 3117 1728 3171 reci-

127 3207 270 3271 pies,
297 3205 395 3274 qui
420 3202 706 3270 imperitus
732 3216 1004 3266 sermone,
1032 3211 1085 3256 et
1114 3203 1354 3268 scientia,
1379 3214 1526 3258 tanto
1547 3221 1733 3276 super-

126 3295 255 3348 cilio
304 3303 365 3347 et
418 3291 740 3346 auctoritate
783 3291 1173 3347 Melchisedech
1207 3294 1462 3362 Spiritum
1489 3307 1728 3353 sanctum

128 3380 541 3451 pronuntiavit,
575 3389 633 3434 ut
663 3381 790 3435 illud
819 3382 1159 3436 verissimum
1188 3386 1570 3454 comprobarit,
1589 3387 1731 3457 quod

122 3473 272 3541 apud
337 3471 572 3527 ercos
626 3471 856 3538 canitur,
909 3472 985 3544 (a)
1039 3472 1306 3543 [inperitia
1349 3479 1730 3548 conﬁdentiam,

124 3565 354 3616 eruditio
398 3564 638 3616 timorem
676 3574 833 3618 creat.
867 3565 978 3635 Ego
1029 3575 1148 3634 post
1189 3568 1398 3637 longam
1426 3574 1732 3640 aegrotatio-

122 3670 252 3708 nem
277 3696 293 3719 ,
328 3653 430 3707 vix
467 3653 524 3706 in
557 3653 991 3724 Quadragesimm
1015 3656 1204 3712 diebus
1248 3659 1321 3729 (b)
1363 3659 1497 3715 febri
1542 3677 1732 3718 carere

122 3746 311 3814 potui,
345 3755 406 3800 ct
436 3761 565 3800 cum
615 3747 769 3800 alteri
800 3762 885 3801 me
927 3749 1076 3816 operi
1103 3764 1461 3819 prmpararem
1485 3792 1499 3817 ,
1532 3767 1730 3821 paucos

117 3837 242 3893 dies
268 3838 367 3907 qui
406 3846 738 3905 supererant
770 3837 822 3889 in
861 3837 1095 3892 Matthmi
1119 3841 1458 3908 expositione
1484 3857 1738 3897 consum-

119 3930 203 3997 psi
239 3946 255 3980 :
295 3937 574 3995 tantaque
619 3925 872 3980 aviditate
913 3927 1088 3980 studia
1129 3929 1327 3982 omissa
1375 3931 1632 3998 repetivi,
1680 3942 1739 3987 ut

113 4019 269 4087 quod
303 4013 704 4072 exercitationi
733 4014 924 4084 lingua:
954 4013 1185 4084 profuit,
1219 4019 1462 4071 nocuerit
1499 4021 1739 4087 corporis

117 4106 466 4162 valetudini.

178 4322 263 4384 (a)
299 4316 620 4382 Thucydidis
641 4317 767 4365 hanc
802 4314 923 4366 ferri
955 4319 1252 4367 sententiam
1273 4319 1520 4384 Victorius
1541 4323 1739 4374 adnota-

117 4392 288 4449 verat.
315 4394 473 4444 ἀμοι.
515 4391 588 4449 pav-
618 4391 771 4449 οράεος.
793 4390 963 4449 λογισμὸς
985 4386 1027 4429 δι
1050 4389 1158 4449 ὗᾳνοχ
1176 4394 1288 4444 mu.
1317 4383 1560 4449 (inperitia
1591 4385 1742 4449 conﬁ-

120 4439 370 4505 dentiam,
399 4439 742 4490 conSideratio
768 4439 926 4505 autem
950 4439 1298 4492 cunctationem
1316 4439 1429 4505 fer],

186 4505 265 4566 (ο)
305 4501 510 4566 lterum
538 4501 885 4566 peccantediti
907 4514 1095 4566 omnes,
1122 4515 1231 4551 cum
1255 4501 1351 4553 uno
1373 4512 1554 4554 tantum
1579 4521 1643 4556 ex
1668 4509 1741 4557 his

118 4561 256 4630 quos
274 4561 612 4615 contulimus.
637 4562 726 4610 Ms.
751 4561 894 4621 libro,
917 4564 1032 4612 dum
1056 4561 1245 4672 legunt,
1266 4565 1370 4616 haec
1389 4566 1632 4628 fabricare
1655 4584 1740 4631 po-

118 4627 213 4672 tui.
235 4625 526 4672 imnroorio
547 4635 606 4671 ac
626 4623 896 4672 deridiculo
916 4637 1086 4672 sensu.
1135 4639 1166 4672 ιι
1185 4639 1246 4672 eo
1267 4635 1429 4672 autem
1446 4633 1740 4672 conveniunt.

118 4623 213 4682 t'ui,
235 4625 526 4686 improprio
547 4635 606 4671 ac
626 4623 896 4686 deridiculo
916 4637 1086 4686 sensu.
1110 4623 1166 4673 In
1185 4639 1246 4675 eo
1267 4623 1429 4676 autem
1446 4623 1742 4682 conveniunt.

119 4685 448 4752 exemjlaria
477 4691 668 4752 nostra,
687 4685 812 4752 quod
840 4685 1040 4752 explosa
1061 4685 1152 4752 hac
1172 4686 1361 4752 vocula,
1391 4702 1475 4750 pro
1496 4690 1740 4751 fabricare

122 4745 320 4797 habent
343 4745 604 4806 febricari
627 4746 705 4794 vel
724 4745 1029 4810 febricitare,
1053 4747 1131 4810 vel
1155 4745 1426 4810 febricare',
1452 4745 1550 4799 duo
1574 4765 1635 4800 ex
1663 4754 1741 4803 his

119 4811 443 4867 rectissime,
475 4815 533 4855 ut
561 4807 940 4869 emendavimus,
963 4807 1088 4869 febri
1111 4807 1298 4860 carere.
1327 4807 1558 4862 Ultimum
1582 4827 1636 4864 re
1660 4816 1741 4864 vel

119 4869 425 4931 scriptionis
465 4867 789 4931 compendio,
828 4869 904 4916 vel
943 4867 1032 4931 per
1067 4883 1284 4919 errorem
1319 4885 1414 4920 non
1440 4886 1577 4923 nem:
1624 4876 1741 4925 olim

119 4929 400 4995 omLserit,
450 4928 593 4995 unde
635 4928 1014 4995 tactutn_tiostea
1055 4943 1150 4995 uno
1184 4935 1337 4982 verbo
1361 4934 1612 4995 febricare,
1640 4945 1691 4986 et
1713 4951 1739 4985 a

119 4989 292 5061 sciolo
315 4994 617 5061 conreftore
632 4988 745 5061 alio,
768 4988 1024 5060 fabricare.
1041 4992 1139 5040 Sed
1160 5002 1211 5043 et
1226 5009 1314 5056 pro
1329 4988 1738 5061 Quadragesimw,

117 5050 368 5118 quaedam
397 5047 600 5118 habent
621 5047 938 5118 quadfgginta
956 5093 968 5110 ,
993 5066 1197 5118 quorum
1228 5047 1370 5118 Sequi
1405 5047 1742 5107 auctoritatem
1778 5096 1782 5099 .

121 5108 229 5180 9:00
252 5108 494 5180 placuit;
519 5108 722 5180 cum‘de
746 5108 1286 5180 Hattlneieipositione
1306 5108 1368 5180 'ad
1396 5118 1658 5180 Eusebium
1691 5133 1741 5167 in

119 5169 339 5239 Praelht.
367 5169 616 5239 loquatur
636 5169 772 5239 liier.
796 5188 828 5239 _s
847 5172 920 5239 Tu
943 5176 989 5222 in
1011 5169 1200 5226 duabus
1223 5178 1634 5239 Hebdomadibus,
1661 5182 1746 5228 im-

119 5236 366 5297 minente
384 5234 496 5297 jam
521 5230 728 5289 Pascha,
758 5237 808 5280 et
830 5236 1123 5296 Spirantihus
1147 5241 1324 5297 ventis,
1350 5239 1535 5288 dictare
1559 5230 1638 5289 mé
1665 5254 1746 5288 co-

121 5295 271 5363 gis...
293 5293 531 5363 maxime
551 5297 824 5363 cum-scias,
843 5293 920 5363 me
942 5301 1008 5346 ita
1032 5301 1185 5350 tribus
1207 5293 1457 5350 mensibus
1479 5299 1742 5363 languisse,

122 5354 178 5406 ut
206 5358 288 5406 vix
320 5367 465 5404 nunc
493 5354 694 5414 ingredi
718 5355 959 5417 incipiam.

3253 267 3398 324 '68!

2126 380 2278 452 (.47
2349 379 2675 435 EPISTOLA
2719 379 2923 433 Lxxw
2969 381 3040 452 (c)

2163 531 2230 569 Δι)
2258 513 2337 585 (tl)
2364 529 2623 568 RUH‘INUM
2663 527 3053 598 enssarrsucu.

1848 647 1924 702 De
1947 647 2119 718 iurgio
2145 646 2363 699 duarum
2387 645 2725 709 meretricum,
2762 653 2808 698 et
2832 645 3030 713 iudicio
3055 645 3366 704 Salomonis.

1821 779 2054 835 Recentis
2081 798 2195 835 cum
2224 781 2425 850 Ruffino
2467 781 2706 834 amicitia:
2731 781 2906 850 ofﬁciis
2933 782 3142 835 breviter
3183 786 3396 852 perstri-

1891 875 1984 927 ctis
2004 915 2019 938 ,
2041 875 2276 943 jnrgium
2302 875 2521 926 duarum
2545 875 2859 926 meretricum
2888 874 3246 942 interpretatur
3267 877 3395 930 alle-

1890 964 2058 1030 gorice
2077 963 2138 1014 de
2163 961 2389 1016 Ecclesia
2411 979 2474 1016 ea:
2495 961 2736 1017 Gentibus
2756 974 3082 1034 congregata,
3105 981 3166 1017 ac
3185 963 3400 1021 Iudaeo-

1891 1068 2003 1103 rum
2035 1051 2330 1122 Synagoga.

1893 1204 1947 1256 1.
2015 1203 2236 1257 Multum
2307 1204 2360 1258 in
2413 1213 2690 1275 utramque
2761 1215 2964 1276 partem
3008 1204 3200 1264 crebro
3261 1209 3398 1267 fama

1823 1293 2192 1358 mentitur,et
2255 1303 2360 1348 tam
2383 1295 2451 1350 de
2501 1296 2656 1350 bonis
2710 1299 2870 1363 mala,
2918 1315 3074 1370 quam
3125 1301 3194 1357 de
3246 1304 3402 1357 malis

1823 1385 1997 1450 bona,
2035 1383 2104 1454 (e)
2148 1384 2281 1438 falso
2327 1401 2543 1441 rumore
2590 1388 2948 1442 concelebrat.
2996 1389 3146 1444 Unde
3201 1402 3258 1446 et
3301 1407 3401 1462 ego

1822 1475 2031 1541 gaudeo
2057 1474 2270 1544 quidem
2303 1490 2464 1544 super
2499 1478 2807 1532 testimonio
2833 1495 2957 1549 erga
2986 1497 3071 1536 me
3100 1483 3401 1538 sanctitatis

1827 1574 1952 1631 ture,
1979 1575 2032 1619 et
2056 1580 2239 1619 amore
2264 1567 2435 1620 sancti
2463 1567 2768 1637 Presbyteri
2801 1571 2869 1640 ff)
2901 1572 3115 1627 Eusebii
3143 1592 3156 1626 :
3181 1590 3279 1630 nec
3305 1575 3402 1630 du-

1824 1656 1934 1709 bito
1959 1655 2084 1724 quin
2117 1671 2200 1708 me
2232 1656 2445 1727 publice
2472 1659 2795 1727 prcedicctis,
2829 1661 2924 1715 sed
2957 1665 3176 1717 tacitum
3206 1675 3400 1719 vestrm

1824 1745 2124 1814 prudentia:
2161 1746 2420 1814 judicium
2467 1750 2805 1816 pertimesco.
2837 1752 3019 1821 Itaque
3057 1754 3314 1822 obsecro,
3346 1769 3405 1814 ut

1824 1836 1990 1904 magis
2014 1837 2364 1891 memineritis
2386 1840 2512 1905 mei,
2537 1848 2591 1894 et
2613 1839 2829 1910 dignum
2858 1855 3034 1899 vestra
3065 1846 3218 1902 laude
3245 1850 3404 1904 facia-

1826 1928 1912 1982 tis.
1958 1927 2110 1993 Quod
2161 1929 2362 1998 primus
2407 1930 2474 1984 ad
2518 1931 2755 1988 officium
2805 1939 3140 2003 provocasti,
3172 1951 3228 1995 et
3271 1944 3402 1999 mihi

1825 2020 2071 2074 secundae
2116 2021 2169 2074 itt
2213 2023 2562 2078 rescribendo
2593 2022 2682 2097 (al.
2719 2027 3004 2098 scribendo)
3057 2042 3236 2100 partes
3265 2034 3404 2088 datae

1825 2119 1970 2174 sunt,
2006 2127 2110 2165 non
2142 2113 2296 2194 venit.
2323 2114 2391 2169 de
2429 2114 2632 2170 incuria
2677 2117 2730 2170 in
2771 2119 2994 2184 amicos,
3025 2122 3119 2176 sed
3152 2123 3218 2178 de
3248 2125 3400 2194 igno-

1829 2202 2036 2266 rantia;
2067 2201 2112 2255 si
2140 2186 2296 2256 enim.
2314 2203 2563 2272 scissem,
2596 2220 3053 2278 praeoccupassem
3099 2186 3402 2269 sermonem

1830 2299 1998 2343 tuum.

1897 2381 1952 2433 2.
2014 2380 2388 2450 Interpretatio
2427 2383 2618 2452 judicii
2668 2384 2971 2444 Salomonis
3025 2407 3188 2460 super
3229 2393 3407 2464 jurgio

1828 2470 2052 2524 duarum
2081 2472 2360 2526 mulierum
2393 2476 2736 2530 meretricum
2767 2479 2840 2548 (3.
2867 2479 2996 2550 Reg.
3027 2482 3118 2550 3),
3146 2493 3404 2552 quantum

1829 2562 1894 2614 ad
1915 2562 2208 2631 simplicem
2231 2565 2508 2619 historiam
2538 2570 2791 2636 pertinet,
2816 2553 3096 2640 perspicua
3123 2584 3206 2630 est
3228 2595 3240 2630 :
3265 2579 3406 2647 quod

1835 2669 1970 2724 puer
1989 2669 2249 2710 annorum
2271 2657 2551 2713 duodecim
2571 2672 2756 2716 contra
2783 2665 2957 2719 aetatis
2974 2680 3084 2721 suae
3105 2684 3407 2724 mensuram

1832 2743 1900 2799 de
1929 2744 2116 2799 intimo
2148 2747 2393 2801 humanae
2423 2758 2628 2804 natura:
2650 2751 2903 2820 judicarit
2931 2755 3142 2809 affectu.
3179 2757 3330 2813 Unde
3356 2771 3412 2814 et.

1830 2834 2124 2889 admiratus
2152 2846 2254 2903 est,
2284 2846 2338 2892 et
2369 2840 2639 2905 pertimuit
2670 2841 2816 2895 illum
2841 2845 3015 2898 omnis
3042 2845 3204 2900 Israel
3222 2887 3238 2912 ,
3266 2849 3409 2917 quod

1831 2924 2036 2978 scilicet
2059 2939 2180 2978 eum
2212 2927 2492 2980 manifesta
2533 2943 2640 2981 non
2683 2928 2962 2998 fugerent,
2986 2933 3076 3000 qui
3127 2943 3233 2988 tam
3279 2952 3410 3006 pru-

1831 3011 2022 3067 denter
2061 3014 2370 3068 abscondita
2416 3014 2880 3085 deprehendisset.
2923 3021 3188 3087 Quantum
3230 3037 3410 3082 autem

1831 3102 1899 3156 ad
1944 3103 2151 3174 typicos
2198 3105 2430 3174 pertinet
2475 3106 2815 3174 intellectus,
2868 3109 3080 3167 dicente
3111 3115 3409 3183 Apostolo:

1837 3190 1962 3246 Htec
2001 3195 2172 3246 omnia
2209 3193 2263 3246 in
2309 3194 2477 3264 figura
2515 3197 2869 3267 contingebant
2915 3201 3038 3265 illis,
3071 3205 3262 3275 scripta
3296 3217 3415 3261 sunt

1833 3292 1999 3338 autem
2025 3283 2103 3355 (g)
2133 3285 2195 3338 de
2223 3285 2367 3338 nobis
2387 3325 2401 3349 ,
2439 3286 2490 3338 in
2521 3302 2645 3356 quos
2674 3289 2799 3354 ﬁnes
2838 3291 3138 3346 seculorum
3178 3295 3417 3351 decurre-

1833 3385 1952 3429 runt
1996 3377 2071 3448 (1.
2102 3375 2221 3430 Cor.
2267 3375 2352 3430 10.
2401 3377 2525 3447 11),
2556 3377 2771 3446 quidam
2797 3378 3104 3438 Graecorum
3133 3394 3416 3444 autumant

1835 3482 1997 3537 super
2022 3469 2296 3539 Synagoga
2325 3479 2376 3522 et
2403 3469 2638 3524 Ecclesia
2690 3473 3063 3543 sentiendum,
3119 3475 3284 3550 448
3360 3491 3417 3538 et

1898 3624 1972 3695 (ο)
2005 3623 2133 3695 {tias
2158 3624 2264 3672 151.
2287 3622 2589 3695 scriptasub
2598 3623 2746 3695 ﬁnem
2768 3627 2884 3695 anni
2905 3629 3014 3677 598.

1899 3683 1978 3746 (ά)
2015 3683 2289 3754 Veronens.
2313 3687 2558 3754 antiquior
2576 3683 2718 3754 liber,
2737 3690 2812 3735 cui
2837 3701 2979 3736 manu
3000 3693 3184 3754 exarati
3205 3692 3290 3754 alii
3313 3694 3416 3754 plu-

1835 3743 1922 3807 res
1947 3743 2277 3807 consentiunt,
2304 3743 2485 3807 Ruﬂino
2509 3743 2788 3807 presbytero
2813 3755 3017 3794 Romano
3033 3743 3416 3807 dejudict'o'sa-

1836 3801 2062 3866 benignis,
2098 3801 2301 3866 quidam
2331 3801 2517 3866 addunt
2524 3810 2598 3866 in
2631 3801 2834 3866 sectione
2871 3805 3075 3866 parvuli.
3100 3801 3254 3857 Porro
3290 3801 3420 3862 hunc

1836 3861 2078 3931 Bullinum
2102 3861 2248 3931 alium
2262 3864 2323 3931 ab
2335 3861 2662 3931 _Aquileiensi,
2683 3876 2737 3912 ac
2756 3861 2902 3925 longe
2924 3865 3168 3915 diversum
3193 3881 3322 3931 esse,
3343 3861 3418 3922 sin

1839 3925 1998 3972 minus
2033 3925 2135 3986 ipsa
2174 3921 2394 3986 epistola:
2404 3921 2688 3986 inscriptio,
2709 3937 2812 3986 Aqua
2835 3921 3097 3986 Romanus,
3123 3935 3262 3978 certe
3284 3921 3420 3981 e'vin4

1839 3937 1998 3972 minus
2033 3937 2135 3984 ipsa
2174 3937 2394 4028 cBlSlOItB
2417 3937 2688 3982 inscriptio,
2717 3937 2812 3984 qua
2835 3937 3097 3986 mutantis,
3123 3937 3262 3978 certe
3284 3937 3416 3981 evin-

1839 3989 1955 4044 cunt
1978 3985 2125 4031 verba
2147 3994 2203 4029 su
2262 3981 2406 4044 [idem
2420 3995 2553 4030 num.
2573 3982 2618 4029 6.
2636 3983 2816 4044 quibus
2839 3997 3004 4035 recens
3019 3986 3205 4039 amicus
3219 3989 3416 4042 dicitur.

1848 4061 1872 4089 ct
1890 4043 2042 4111 Haec,
2061 4040 2508 4111 inquit,_celerit_er
2537 4040 2792 4111 scribenda
2826 4046 3142 4111 dictavimus,
3169 4064 3233 4100 ne
3258 4040 3420 4104 tibiin

1901 4105 1994 4173 inci
2001 4105 2078 4164 pio
2088 4102 2405 4173 amicitiarum
2421 4102 2600 4173 aliquid
2619 4102 3164 4173 imperantivideremur
3181 4102 3411 4173 negarem

1857 4162 2062 4238 Sednon
2084 4162 2310 4238 ideoalia
2330 4164 2472 4234 nobis
2502 4162 3014 4238 proMuLMartianmi
3029 4207 3042 4230 ,
3066 4162 3420 4238 doctorumque

1842 4225 2021 4296 passim
2045 4224 2292 4296 hominum
2315 4224 2602 4296 Opinio,'qui
2629 4225 2866 4296 [tullinum
2879 4224 3041 4296 _istt_un'
3060 4235 3286 4283 eumdem
3309 4224 3420 4287 cum

1841 4285 1934 4361 illo.
1950 4297 2064 4361 esse
2087 4285 2409 4361 constituunt,
2434 4285 2618 4361 quo‘de
2634 4287 2854 4361 loquitur
2877 4290 2928 4338 S.
2955 4290 3135 4361 Dpctor
3160 4297 3282 4346 infra
3316 4285 3420 4361 cpi-1

1843 4346 2069 4422 φιλίῃ.
2082 4347 2159 4422 adi
2165 4346 2508 4422 cognominem
2515 4346 2719 4422 _Aquilei
2722 4363 2891 4422 ensem
2907 4365 2920 4399 :
2944 4370 2967 4397 ι
2978 4353 3205 4404 Sanctum
3220 4346 3421 4422 quoq-ue

1861 4408 2185 4478 iresbyterum
2219 4407 2459 4478 Ruﬁnum
2481 4409 2544 4478 ob
2565 4407 2826 4478 quamdam
2861 4425 3054 4463 causam
3091 4430 3179 4478 per
3220 4407 3420 4470 Romam

1896 4468 2172 4542 edictanum
2196 4469 2430 4542 misimus,
2445 4485 2475 4540 at.
2495 4468 2730 4542 elciﬂe'ic
2748 4474 2878 4542 enim
2898 4509 2912 4533 ,
2936 4478 3062 4542 quod
3087 4468 3151 4528 ex
3173 4468 3320 4542 supra
3341 4468 3422 4530 re;

1843 4529 2439 4600 citatisverbisntotoque
2464 4531 2684 4600 inferiori
2709 4529 3145 4600 contextu-liquet,
3173 4529 3421 4590 hominem

1843 4589 2104 4660 alloquitur
2139 4590 2229 4661 sibi
2249 4590 2323 4661 de
2346 4589 2470 4639 facie
2496 4592 2714 4653 ignotum
2729 4627 2742 4652 ,
2765 4589 3035 4661 rerumque
3057 4589 3252 4648 suarum
3276 4589 3420 4661 plane

1844 4650 2084 4720 inscium,
2110 4659 2163 4700 et
2184 4657 2266 4699 aut.
2288 4650 2552 4720 Romanun)
2571 4665 2692 4720 Laut
2722 4650 2860 4720 certe
2899 4650 2997 4720 hoc
3014 4650 3290 4720 ipsoranno'
3308 4663 3419 4710 598.

1842 4711 2008 4761 Romae
2043 4713 2346 4778 degentem,
2371 4714 2694 4778 qumltttﬂitio
2728 4715 2822 4775 illi,
2849 4720 2931 4778 qui
2957 4711 3285 4769 Mediolanum
3309 4723 3426 4771 mis-

1842 4786 1925 4839 sus
1948 4780 2042 4839 est,
2069 4773 2222 4834 aptari
2248 4773 2380 4822 nullo
2391 4773 2539 4839 modo
2561 4784 2780 4839 possunt,
2802 4773 3043 4839 siquidem
3064 4787 3115 4828 et
3135 4793 3198 4827 ex
3216 4779 3424 4832 Oriente

1842 4835 2146 4899 mittebatur,
2174 4841 2226 4882 et
2249 4843 2392 4899 notus
2413 4835 2477 4883 de
2508 4835 2631 4884 facie
2662 4835 2956 4899 Βία-οηῂηο
2995 4842 3170 4898 fuerit,
3212 4855 3424 4891 necesse

1845 4903 1938 4952 est.
1956 4895 2170 4960 A‘d_h8t:_
2181 4896 2302 4944 ratio
2327 4903 2616 4960 temporum,
2636 4909 2697 4944 ex
2715 4909 2810 4960 qua
2824 4895 2972 4960 nobis
2993 4895 3198 4960 constat,
3226 4904 3423 4952 missum

1846 4968 1967 5022 eum‘
1981 4954 2134 5003 fuisse
2159 4956 2249 5022 hoc
2273 4954 2450 5022 eodeni
2468 4969 2612 5022 anno,
2637 4954 2924 5018 quo'istbzec
2949 4960 3154 5022 epistola
3174 4954 3284 5011 data
3309 4973 3386 5013 est
3408 5003 3422 5020 ,

1845 5017 2040 5086 omnino
2064 5028 2149 5076 ιιι-ο
2171 5013 2256 5062 illo
2282 5015 2479 5073 haberi,
2507 5019 2566 5064 ad
2589 5013 2735 5078 quem
2769 5031 2895 5066 nunc
2915 5013 3160 5079 scribitur,
3184 5036 3281 5072 non
3305 5013 3419 5086 per:

1844 5078 2008 5125 mittit.

1910 5136 1979 5196 (e)
2017 5134 2327 5184 Vetustiores
2350 5135 2498 5196 editi,
2521 5137 2698 5199 junctis
2719 5139 3003 5247 quibusdam
3037 5142 3153 5192 Mss.
3191 5143 3426 5207 falsorum

1910 5210 1933 5244 α
1956 5193 2310 5247 concelebrant.
2332 5196 2411 5245 vel
2434 5209 2514 5246 ore
2537 5196 2726 5246 concele
2759 5204 2850 5247 rat.

1845 5193 1933 5245 ora
1956 5193 2310 5251 concelebrant,
2332 5196 2411 5245 vel
2434 5193 2850 5247 ore'coucelebrat.

1909 5257 1974 5319 (Γ)
2007 5255 2156 5323 Nobis
2178 5257 2274 5323 iste
2290 5265 2366 5305 est
2382 5257 2734 5323 Cremonensis
2745 5259 3003 5323 Eusebius,
3015 5265 3094 5314 cui
3113 5279 3144 5315 e
3163 5266 3425 5320 Bethleem
3505 5299 3514 5301 —

1848 5315 2146 5382 monasterio
2182 5315 2381 5366 Romam
2419 5319 2739 5381 proficiscenti
2783 5315 3426 5382 Commentarioswinﬂhiat:

1850 5379 2030 5427 thzeum
2067 5377 2395 5442 Hieronymus
2421 5377 2567 5442 'qnasi
2607 5384 2856 5490 amotam
2897 5377 3221 5440 elucubravit.
3232 5377 3428 5442 filio—min

1852 5446 2018 5487 autem
2042 5452 2153 5486 eum
2177 5448 2328 5490 esset.
2350 5441 2492 5490 facile
2516 5442 2633 5490 Pre;
2671 5451 2779 5490 vter
2802 5445 2962 5490 iU§us
2985 5457 3079 5490 est-

1852 5446 2018 5506 autem
2038 5452 2153 5506 eum
2177 5448 2328 5497 esset,
2350 5441 2492 5506 facile
2516 5441 2779 5506 Presbyter
2799 5445 2962 5506 jussus
2985 5457 3079 5498 est.

1856 5556 1884 5575 Α
1915 5501 1989 5609 (ﬁ)
2023 5500 2093 5547 Ad
2118 5499 2245 5549 hunc
2267 5503 2461 5552 modum
2480 5517 2543 5552 ex
2569 5499 2914 5575 veteriLatina
2938 5511 3166 5562 versione
3189 5515 3428 5567 recitasse

1856 5575 1906 5609 δ.
1981 5568 2198 5609 octorem
2219 5599 2232 5609 .
2262 5576 2494 5609 nerauam
2519 5566 2796 5609 VBPOSlmllP.
2820 5575 2923 5609 ost-
2951 5569 3049 5609 Μες
3094 5575 3225 5609 anim
3258 5590 3427 5609 ηηηιηρ

1855 5566 2198 5632 §._Doctorem
2219 5599 2232 5622 ,
2261 5576 2494 5626 perquam
2519 5566 2796 5632 verosimile
2820 5575 2924 5627 est,
2951 5569 3065 5632 Mss.
3094 5575 3228 5624 enim
3258 5566 3428 5628 omnes

1858 5623 2109 5696 iidemque
2131 5623 2304 5696 magno
2321 5623 2524 5696 numero
2544 5629 2613 5696 sic
2635 5626 2820 5696 legunt
2830 5631 2894 5679 de
2906 5623 3056 5691 nobis,
3073 5623 3246 5687 nonut
3266 5623 3429 5689 Victo:

1855 5684 1959 5732 rius
1982 5697 2042 5733 ex
2071 5684 2276 5748 Vulgata
2299 5689 2501 5739 mutavit
2524 5689 2587 5738 ad
2611 5684 2956 5744 cor'rentionem
2979 5684 3208 5748 nostram.
