4056 6184
656 307 767 366 085

659 425 726 478 ad
752 424 885 479 illud
911 434 1116 493 tempus
1143 425 1326 472 cuncta
1359 413 1631 470 referenda
1657 454 1673 480 ,
1699 412 1912 483 quando
1947 424 2065 484 post
2106 429 2230 467 cru-

663 530 782 570 cem
811 525 866 570 et
895 510 1360 570 resurrectionem,
1390 515 1495 558 tam
1526 506 1576 558 in
1607 504 1784 560 lsraeL
1818 519 1976 574 quam
2010 505 2061 556 in
2092 503 2237 558 Gen—

663 609 796 662 tium
822 603 1015 674 populo
1044 612 1200 653 verus
1227 595 1504 659 Salomon,
1526 594 1575 647 id
1598 604 1699 658 est,
1725 593 1990 663 paciﬁcus,
2012 609 2237 662 regnare

662 694 903 763 cmperit.
932 688 1083 758 Quod
1111 697 1288 742 autem
1315 685 1574 739 adultera:
1607 693 1662 785 et
1697 685 2031 785 meretrices,

659 799 791 855 goga
821 791 877 837 et
905 779 1145 835 Ecclesia
1176 777 1426 832 dicantur
1450 776 1503 830 in
1531 775 1822 844 Scripturis
1842 816 1858 842 ,
1895 775 2038 829 nulla
2077 774 2238 830 dubi-

659 872 790 928 tatio
815 879 920 928 est.

729 963 785 1018 3.
827 961 894 1016 Et
922 959 1026 1014 hoc
1051 958 1221 1028 prima
1251 955 1426 1013 fronte
1449 957 1660 1012 videtur
1678 971 1800 1012 esse
1828 953 2235 1025 blasphemum;

658 1064 913 1110 cancrum
933 1053 978 1106 si
1005 1065 1348 1106 recurramus
1368 1050 1432 1103 ad
1459 1049 1775 1120 Prophetas,
1802 1049 1940 1104 Osce
1965 1048 2234 1112 videlicet,

659 1144 749 1216 qui
789 1141 998 1213 accepit
1029 1155 1248 1196 uxorem
1282 1139 1619 1194 fornicariam
1642 1181 1656 1203 ,
1687 1150 1740 1194 et
1785 1139 2059 1206 generavit
2101 1137 2239 1191 ﬁlios

661 1233 1028 1290 fornicationis
1068 1229 1219 1300 (Οειιε
1246 1231 1271 1286 l
1296 1234 1315 1299 )
1339 1271 1355 1297 ,
1387 1238 1444 1285 et
1486 1229 1680 1285 deinde
1711 1229 2006 1284 adulteram
2035 1247 2049 1281 :
2079 1237 2134 1282 et
2171 1226 2238 1280 ad

663 1323 952 1390 Ezechiel,
979 1323 1069 1392 qui
1114 1320 1408 1376 Jerusalem
1456 1321 1608 1390 quasi
1657 1321 1995 1376 meretricem
2041 1319 2237 1388 arguit,

661 1413 804 1485 quod
855 1423 1078 1484 sequuta
1130 1412 1202 1466 sit
1258 1419 1526 1466 amatores
1569 1424 1718 1476 suos,
1771 1420 1826 1464 et
1867 1409 2241 1463 divaricaverit

661 1505 804 1559 omni
854 1503 1150 1559 transeunti
1191 1502 1388 1572 pedes,
1417 1501 1749 1571 lupanarque
1790 1500 1845 1554 in
1883 1500 2000 1554 loco
2037 1500 2237 1555 celebri

645 1597 982 1653 exstruxerit
1031 1595 1241 1667 (Ezech.
1284 1594 1408 1661 16);
1448 1591 1937 1646 animadvertemus
1964 1591 2236 1646 Christum

661 1688 863 1740 idcirco
907 1700 1118 1739 venisse
1137 1725 1152 1747 ,
1183 1693 1240 1736 ut
1270 1683 1578 1737 meretrices
1605 1681 1834 1735 donaret
1860 1681 2230 1743 matrimonio,

664 1789 718 1833 ct
747 1778 814 1832 de
842 1777 1050 1832 duobus
1073 1776 1325 1846 gregibus
1354 1789 1520 1828 unum
1551 1773 1692 1828 ovile
1717 1775 1935 1837 faceret,
1957 1771 2241 1840 medioque

665 1867 869 1937 pariete
901 1866 1172 1921 destructo
1202 1863 1417 1936 (Epltes.
1444 1863 1552 1933 2),
1577 1863 1631 1916 itt
1661 1862 1875 1918 easdem
1901 1862 2083 1916 caulas
2109 1875 2238 1916 oves

665 1959 814 2030 prius
857 1956 1130 2013 morbidas
1176 1964 1544 2025 congregaret.
1578 1953 1671 2008 llzc
1719 1961 1843 2007 sunt
1896 1952 2014 2006 duze
2056 1952 2237 2020 virgae,

663 2065 783 2121 qua:
805 2049 1099 2118 junguntur
1126 2048 1177 2100 in
1207 2045 1456 2100 Ezechiel
1499 2043 1648 2114 (Cap.
1674 2043 1801 2144 37"),
1848 2052 1903 2097 et
1940 2041 2008 2096 de
2048 2043 2243 2144 quibus

662 2157 761 2210 per
802 2138 1118 2194 Zachariam
1163 2137 1417 2191 Dominus
1459 2134 1625 2190 refert
1659 2151 1674 2188 :
1708 2134 2070 2235 ans-sumpsi
2117 2133 2241 2235 mihi

659 2231 789 2283 duas
816 2229 984 2298 virgas
1002 2269 1017 2292 ,
1058 2243 1212 2278 unam
1241 2228 1414 2279 vocavi
1445 2226 1676 2280 decorem
1696 2266 1710 2290 ,
1751 2226 1802 2279 el
1825 2225 2039 2278 alteram
2067 2225 2238 2276 vocavi

661 2315 969 2389 funiculum,
998 2325 1043 2368 et
1070 2315 1186 2384 pavi
1215 2331 1414 2383 gregem
1443 2311 1626 2385 (Zac/t.
1659 2315 1742 2367 ll.
1768 2314 1862 2382 8).
1893 2313 2079 2374 Mulier
2103 2326 2242 2377 quo-

659 2421 765 2476 que
793 2407 878 2461 illa
902 2406 1154 2460 meretrix
1184 2405 1236 2458 in
1265 2405 1572 2474 Evangelio,
1599 2419 1716 2474 qua:
1738 2404 1900 2473 pedes
1919 2403 2045 2458 Jesu
2069 2403 2242 2473 lacry-

662 2500 764 2554 mis
786 2499 945 2563 lavat,
968 2497 1116 2551 crine
1139 2496 1386 2564 detergit,
1416 2504 1470 2549 ct
1498 2495 1582 2547 cui
1614 2504 1826 2563 peccata
1854 2493 2032 2547 omnia
2060 2493 2242 2546 dimit-

663 2595 888 2650 tuntur,
938 2583 1219 2639 manifeste
1264 2584 1448 2654 pingit
1504 2583 1800 2637 Ecclesiam
1858 2582 1927 2636 de
1981 2581 2240 2637 Gentibus

662 2687 1035 2747 congregatam
1067 2673 1228 2745 (Luc.
1259 2674 1353 2742 7).
1405 2673 1530 2727 Haec
1557 2673 1756 2726 idcirco
1782 2673 1835 2725 in
1869 2673 2037 2771 prima
2066 2670 2242 2771 fronte

662 2765 938 2836 rcplicavi,
962 2779 1030 2818 ne
1058 2763 1142 2818 cui
1175 2763 1419 2816 videatur
1445 2761 1823 2830 incongruum,
1851 2761 1896 2814 si
1928 2761 2242 2816 meretrices

662 2856 906 2910 dicantur
931 2853 1210 2925 Synagoga
1241 2862 1295 2906 et
1320 2849 1580 2916 Ecclesia,
1613 2866 1836 2921 quarum
1867 2866 1970 2906 una
1999 2850 2242 2906 Salomo-

664 2952 748 3004 nis
788 2947 1010 3018 judicio,
1059 2944 1153 3000 lilii
1203 2945 1550 3015 possessione
1599 2943 1795 2998 donata
1847 2953 1951 2999 est.
2001 2943 2242 2998 Prudens

663 3050 869 3113 qumrat
896 3038 1126 3100 auditor.
1157 3035 1426 3106 quomodo
1453 3035 1704 3090 meretrix
1733 3036 1802 3101 sit
1836 3034 2099 3100 Ecclesia,
2126 3049 2244 3104 quae

665 3148 766 3184 non
809 3128 954 3183 habet
1001 3127 1283 3192 maculam,
1321 3142 1477 3197 neque
1519 3125 1735 3196 rugam?
1779 3123 1997 3195 (Ep/tes.
2043 3124 2100 3193 5)
2129 3123 2242 3177 Non

664 3221 892 3277 dicimus
954 3217 1246 3273 Ecclesium
1312 3217 1670 3286 permansisse
1722 3216 2095 3280 meretricem,
2146 3213 2242 3268 sed

667 3313 852 3368 fuisse.
903 3310 1035 3366 Nam
1079 3319 1134 3364 et
1179 3309 1229 3364 in
1276 3309 1510 3363 Simonis
1551 3307 1749 3377 leprosi
1792 3307 1953 3362 domo
2000 3307 2245 3361 Salvator

668 3406 921 3461 scribitur
961 3404 1127 3458 inisse
1167 3402 1468 3457 convivium
1498 3399 1713 3470 (Matth.
1744 3399 1887 3467 26),
1915 3399 2097 3469 utique
2138 3413 2244 3452 non

668 3497 789 3565 quia
841 3495 1084 3564 leprosns
1128 3500 1243 3546 erat
1295 3505 1361 3544 eo
1404 3500 1676 3557 tempore,
1715 3503 1822 3556 quo
1869 3488 2097 3542 habebat
2142 3487 2242 3540 lto-

669 3588 862 3653 spitem
909 3584 1262 3646 Salvatorem,
1293 3579 1386 3632 sed
1428 3579 1552 3646 quia
1592 3577 1834 3645 leprosos
1875 3587 1998 3631 ante
2051 3576 2245 3631 fuerat.

669 3677 954 3731 Mattltmus
998 3685 1208 3742 quoque
1245 3670 1298 3722 in
1362 3666 1526 3738 449
1587 3666 1832 3735 catalogo
1870 3668 2244 3736 Apostolorum

671 3770 994 3824 Pnblicanus
1019 3763 1212 3818 dicitur
1229 3801 1246 3826 ,
1268 3774 1371 3814 non
1395 3774 1501 3828 quo
1536 3758 1892 3827 permanserit
1928 3758 2248 3814 Publicanus

671 3869 794 3930 post
839 3855 1202 3927 Apostolicam
1239 3851 1588 3921 dignitatem,
1617 3847 1710 3904 sed
1753 3850 1875 3918 quia
1909 3850 2055 3919 prius
2092 3849 2248 3906 fuerit

672 3950 998 4005 Publicanus
1026 3964 1038 4000 :
1067 3955 1120 3999 ut
1150 3943 1237 3998 tibi
1289 3941 1740 4011 superabundavit
1762 3952 2064 4012 peccaturo,
2091 3959 2249 4014 supc-

674 4038 1003 4095 rabundaret
1027 4034 1221 4104 gratia.

745 4131 797 4182 4.
839 4125 1114 4194 Simulque
1140 4122 1417 4178 considera
1449 4123 1575 4192 quid
1603 4123 1744 4178 dicat
1784 4124 2020 4180 Ecclesia
2061 4134 2246 4180 contra

673 4220 1009 4289 Synagogam
1039 4213 1493 4269 calumttiatriccm
1519 4231 1532 4267 :
1561 4213 1669 4284 Ego
1697 4223 1744 4267 et
1764 4215 1950 4268 mulier
1973 4217 2080 4270 haec
2106 4215 2249 4269 habi-

679 4307 909 4362 tabamus
947 4305 998 4358 in
1036 4304 1184 4357 domo
1222 4320 1323 4357 una
1359 4304 1445 4372 (5.
1471 4302 1600 4374 Reg.
1629 4304 1682 4358 5.
1710 4304 1820 4374 17).
1850 4304 1976 4358 Post
2002 4319 2247 4360 resurre-

677 4399 911 4453 ctionem
957 4397 1098 4450 enim
1149 4395 1358 4449 Domini
1407 4394 1732 4460 Salvatoris,
1774 4411 1880 4450 una
1919 4395 1986 4451 de
2025 4405 2250 4463 utquuc

679 4487 878 4560 populo
907 4485 1143 4541 Ecclesia
1171 4495 1489 4556 congregata
1518 4495 1631 4550 est;
1665 4499 1718 4540 et
1745 4501 1903 4555 quam
1934 4486 2207 4556 eleganter
2232 4505 2245 4541 :

673 4579 862 4650 Peperi
882 4620 896 4642 ,
927 4579 1126 4647 inquit,
1158 4577 1300 4646 apud
1327 4593 1437 4630 eam
1459 4578 1513 4630 in
1539 4577 1784 4630 cubiculo.
1823 4577 2060 4632 Ecclesia
2105 4581 2248 4634 enim

673 4672 741 4726 de
765 4669 1025 4726 Gentibus
1044 4708 1058 4733 ,
1089 4683 1208 4738 qua:
1236 4683 1340 4720 non
1374 4667 1600 4722 habebat
1631 4667 1774 4735 prius
1808 4667 2000 4737 Legem
2027 4677 2084 4723 et
2112 4669 2247 4724 Pro-

673 4764 864 4834 phetas
884 4803 899 4826 ,
931 4759 1136 4830 peperit
1162 4760 1214 4814 in
1241 4759 1402 4814 domo
1432 4759 1723 4829 Synagoga:
1755 4777 1766 4812 :
1800 4775 1897 4815 nec
1925 4775 2138 4830 egressa
2166 4773 2248 4819 est

677 4855 743 4906 de
772 4851 1038 4916 cubiculo,
1063 4849 1155 4905 sed
1182 4851 1442 4918 ingressa.
1466 4847 1619 4904 Unde
1639 4847 1768 4902 dicit
1790 4849 1840 4903 in
1867 4848 2089 4906 Cantico
2108 4851 2251 4908 Catt-

676 4945 900 4998 ticorum
927 4959 940 4995 :
966 4940 1258 4994 Introduxit
1286 4955 1364 4992 me
1389 4955 1480 4992 rex
1506 4939 1558 4992 in
1584 4939 1871 4994 cubiculum
1899 4956 2045 4994 suum
2073 4943 2244 5008 (Cant.

678 5035 800 5102 l.3)
844 5033 911 5086 Et
937 5033 1126 5085 iterum
1154 5047 1167 5084 :
1193 5028 1256 5082 Et
1285 5029 1486 5098 quidem
1513 5045 1610 5084 non
1631 5047 1866 5100 spernant
1886 5041 1950 5088 te.
1970 5032 2250 5090 Assumens

673 5124 997 5178 introducam
1025 5131 1070 5173 te
1092 5123 1145 5173 in
1170 5121 1374 5174 domum
1404 5123 1579 5174 matris
1612 5139 1734 5176 mea:
1753 5163 1768 5188 ,
1813 5135 1859 5178 et
1884 5125 1937 5179 in
1963 5127 2247 5182 cubiculum

674 5219 784 5286 ejus
808 5218 879 5284 (tt)
907 5229 1021 5284 qua:
1049 5215 1276 5284 concepit
1307 5229 1386 5268 me
1430 5212 1612 5283 (Cant.
1658 5217 1712 5270 5.
1745 5216 1834 5285 ι).
1865 5216 2037 5272 Tertia
2080 5233 2246 5276 autem

675 5308 795 5359 die:
823 5314 1086 5375 postquam
1107 5319 1198 5372 ego
1220 5304 1411 5374 peperi,
1433 5305 1624 5374 peperit
1641 5314 1686 5358 et
1709 5307 1834 5360 hac.
1863 5307 1917 5362 Si
1941 5311 2248 5370 consideres

675 5397 904 5450 Pilatum
949 5391 1212 5448 lavantem
1256 5410 1444 5448 manus
1487 5406 1642 5464 atque
1687 5396 1993 5453 dicentem:
2026 5399 2249 5458 Mundus

733 5600 810 5674 (tt)
847 5597 1247 5674 inflict-tecum
1290 5625 1352 5665 τίς
1390 5621 1637 5674 Quaest...“
1667 5637 1729 5672 μ.
1767 5613 1854 5660 Ms.
1897 5619 2058 5663 tamen
2099 5617 2250 5674 νοω-

672 5653 818 5706 nens.
847 5653 1032 5715 aliiQue
1055 5672 1161 5711 cum
1176 5653 1652 5732 *stitéi‘eaiiﬁﬂiit}
1667 5653 1750 5722 iiii
1765 5653 1945 5734 genuit:

1972 297 2208 355 SANCTI
2249 297 2615 357 HIEBONHII

3137 263 3168 292 ’
3829 319 3936 380 est

2347 431 2438 483 ego
2463 433 2575 470 sum
2601 437 2634 473 ts
2661 421 2906 491 sanguine
2936 421 3067 492 justi
3110 423 3266 492 hujus
3307 423 3538 492 (Matth.
3565 429 3656 482 27.
3687 429 3763 487 ει
3791 438 3809 501 )
3843 453 3860 489 :
3889 441 3933 491 si
3999 445 4002 450 ’

2343 504 2720 565 Centurionem
2763 521 2890 567 ante
2930 512 3223 582 patibulum
3250 514 3594 572 conﬁtentem
3625 537 3642 574 :
3679 519 3817 578 Vere
3852 528 3934 580 hic

2343 607 2453 650 erat
2482 599 2651 654 Filius
2673 601 2774 656 Dei
2798 602 2988 671 (Marc.
3015 604 3102 660 15.
3127 605 3237 672 39),
3265 606 3307 660 si
3339 622 3435 662 eos
3457 610 3546 677 qui
3569 620 3695 667 ante
3724 617 3930 682 passio-

2345 705 2466 745 nem
2512 708 2610 762 per
2652 695 2990 767 Philippum,
3017 699 3298 755 Dominum
3345 701 3535 758 videre
3573 704 3929 766 desiderant:

2345 777 2484 834 haud
2507 784 2745 869 ambiges
2769 791 2996 857 primam
3020 790 3295 859 peperisse
3316 790 3638 860 Ecclesiam,
3661 807 3717 852 et
3736 810 3929 869 postea

2344 882 2527 928 natum
2554 861 2803 946 populum
2828 879 3153 947 Judzorum,
3188 897 3284 951 pro
3311 899 3418 952 quo
3446 886 3703 946 Dominus
3729 861 3930 961 preea-
3956 921 3960 932 ·

2345 959 2499 1015 batur
2523 980 2537 1016 :
2560 963 2740 1032 Pater,
2768 968 2971 1036 ignosce
2998 971 3090 1034 eis,
3111 971 3247 1039 quod
3273 974 3404 1026 enim
3433 978 3653 1045 faciunt,
3684 959 3932 1038 nesciunt

2344 1050 2492 1118 (Luc.
2519 1054 2608 1110 25.
2640 1057 2750 1126 54).
2787 1059 3004 1130 Unaqne
3029 1063 3117 1116 die
3139 1063 3488 1120 crediderunt
3512 1070 3608 1122 tria
3631 1073 3795 1128 millia
3823 1091 3841 1130 :
3867 1085 3929 1131 et

2343 1143 2445 1196 alia
2473 1144 2560 1199 die
2582 1148 2817 1219 quinque
2841 1152 3003 1205 millia
3027 1153 3158 1219 (Act.
3185 1152 3242 1207 2.
3267 1165 3315 1207 et
3343 1158 3418 1224 4).
3453 1157 3521 1210 Et
3542 1176 3738 1216 eramus
3767 1167 3930 1221 siml

2345 1234 2715 1300 (multitudinis
2745 1243 2888 1294 enim
2914 1241 3250 1297 credentium
3281 1255 3397 1299 erat
3420 1261 3520 1301 cor
3542 1251 3614 1316 (b)
3637 1267 3806 1307 unum
3825 1294 3840 1318 ,
3871 1266 3925 1312 et

2344 1327 2517 1379 anima
2542 1330 2666 1396 una)
2691 1331 2959 1402 nullusque
2979 1334 3112 1386 alius
3135 1333 3188 1386 in
3216 1334 3368 1388 domo
3395 1339 3675 1405 nobiscum,
3699 1351 3923 1413 exceptis

2344 1415 2489 1470 nobis
2515 1417 2708 1473 duabus
2731 1437 2750 1474 :
2771 1436 2877 1476 non
2919 1423 3403 1492 blasphemantium
3434 1428 3745 1487 Iudaeorum
3764 1474 3781 1498 ,
3815 1451 3921 1492 non

2345 1503 2633 1561 Gentilium
2666 1509 2822 1564 idolis
2847 1513 3217 1568 servientium.
3242 1513 3479 1572 Mortuus
3499 1531 3570 1572 est
3593 1531 3766 1576 autem
3787 1526 3921 1593 ﬁlius

2343 1595 2571 1651 mulieris
2593 1599 2748 1668 hujus
2771 1611 2934 1654 nocte.
2963 1603 3096 1656 Dum
3117 1605 3260 1658 enim
3288 1605 3448 1675 Legis
3473 1613 3718 1678 sequitur
3738 1614 3920 1670 obser-

2343 1686 2599 1752 vantiam,
2627 1697 2681 1741 et
2707 1689 2892 1757 gratia:
2922 1690 3193 1762 Evangelii
3220 1693 3406 1766 iugum
3437 1697 3684 1754 llosaica:
3722 1701 3921 1758 doctri-

2345 1789 2428 1827 nte
2456 1777 2689 1845 copulat,
2721 1775 3060 1836 tenebrarum
3083 1797 3272 1840 errore
3296 1798 3547 1858 cooperta
3569 1800 3671 1846 est.
3699 1791 3921 1863 Oppres-

2344 1864 2504 1930 sitque
2549 1882 2662 1919 eum
2712 1879 2873 1921 mater
2917 1887 3010 1924 sua
3051 1873 3342 1940 dormiens,
3384 1894 3506 1948 qua:
3555 1897 3660 1936 non
3713 1893 3920 1952 poterat

2344 1953 2523 2009 dicere
2546 1973 2560 2008 :
2585 1957 2698 2028 Ego
2726 1958 2946 2026 dormio,
2970 1971 3019 2016 et
3043 1979 3134 2017 cor
3157 1982 3321 2020 meum
3350 1970 3523 2039 vigilet
3542 1971 3709 2040 (Cant.
3747 1976 3805 2030 5.
3831 1976 3920 2044 2).

2345 2047 2410 2114 (c)
2441 2045 2616 2101 Media
2640 2059 2784 2103 nocte
2809 2068 3137 2123 consurgens,
3167 2057 3282 2110 tulit
3313 2059 3477 2126 ﬁlium
3505 2062 3568 2114 de
3591 2063 3751 2118 latere
3776 2067 3796 2131 (
3819 2066 3918 2120 Ec-

2345 2135 2558 2205 clesiae)
2583 2137 2896 2205 dormientis,
2928 2151 2976 2194 et
3017 2144 3072 2196 in
3114 2161 3207 2197 suo
3252 2148 3516 2203 collocavit
3555 2153 3689 2205 sinu.
3718 2153 3920 2225 Belege

2347 2232 2512 2280 totam
2530 2227 2596 2282 ad
2619 2227 2836 2283 Galatas
2856 2233 3094 2299 Apostoli
3119 2235 3437 2304 Epistolam,
3456 2252 3510 2295 et
3530 2243 3915 2302 animadvertes

2344 2317 2613 2384 quomodo
2639 2317 2777 2373 ﬁlios
2802 2319 3058 2378 Ecclesia:
3084 2311 3213 2379 suos
3240 2327 3416 2385 facere
3462 2332 3740 2405 Synagoga
3767 2335 3915 2392 festi-

2347 2415 2457 2470 net,
2489 2415 2543 2462 et
2573 2407 2717 2463 dicat
2739 2412 3029 2478 Apostolus
3051 2432 3067 2466 :
3091 2414 3271 2471 Filioli
3295 2421 3412 2486 mei,
3441 2438 3566 2491 quos
3595 2427 3774 2481 iterum
3801 2446 3918 2499 par-

2345 2498 2497 2560 turio,
2530 2497 2692 2552 donec
2733 2499 2961 2557 Christus
2987 2504 3232 2571 formetur
3255 2511 3308 2562 in
3339 2512 3475 2566 vobis
3500 2513 3654 2581 (Cal.
3696 2517 3750 2571 4.
3794 2497 3910 2589 i9).

2347 2586 2536 2641 Vivum
2584 2591 2732 2655 tttlit,
2763 2606 2868 2648 non
2900 2603 2958 2648 ut
2983 2597 3300 2665 possideret,
3328 2604 3422 2657 sed
3467 2617 3524 2659 ut
3599 2607 3763 2681 ‘50
3831 2586 3915 2668 oc-

2345 2677 2566 2734 cideret.
2606 2681 2722 2736 Non
2764 2685 2905 2738 enim
2948 2701 3134 2743 amore
3173 2689 3298 2746 fecit
3331 2691 3433 2749 hoc
3459 2695 3571 2761 ﬁlii,
3599 2677 3694 2754 sed
3717 2677 3918 2758 temulze

2345 2769 2491 2834 odio,
2513 2782 2566 2826 et
2585 2787 2740 2828 suum
2767 2785 3032 2832 mortuum
3060 2795 3154 2848 per
3171 2780 3329 2852 Legis
3354 2791 3704 2845 cmmonias
3724 2793 3774 2846 in
3801 2795 3918 2849 sinu

2347 2861 2601 2916 Ecclesia:
2634 2868 2932 2934 supposuit.

2417 2952 2470 3006 5.
2512 2952 2750 3024 Longum
2783 2966 2866 3012 est
2893 2960 2968 3027 (ti)
2995 2961 3040 3014 si
3076 2963 3232 3018 velim
3276 2980 3368 3036 per
3415 2971 3621 3039 singula
3668 2990 3913 3044 currere;

2347 3043 2613 3111 quomodo
2656 3061 2749 3115 per
2774 3049 3088 3118 Apustolum
3137 3054 3393 3126 Paulum,
3422 3071 3477 3116 et
3519 3065 3916 3126 Ecclesiasticos

2350 3134 2491 3189 viros
2522 3137 2783 3192 intellexit
2825 3141 3063 3199 Ecclesia
3085 3185 3102 3211 ,
3131 3162 3237 3202 non
3265 3164 3385 3206 esse
3409 3167 3562 3209 suum
3588 3157 3756 3213 lilium
3781 3199 3796 3224 ,
3831 3163 3916 3231 qui

2351 3228 2628 3282 tenebatur
2657 3229 2711 3284 in
2741 3229 2921 3301 Lege:
2949 3243 3003 3288 et
3045 3236 3098 3290 in
3146 3239 3262 3294 luce
3303 3248 3647 3312 cognoverit,
3679 3228 3916 3320 quem—in

2350 3316 2584 3371 tenebris
2608 3333 2713 3374 non
2741 3322 2971 3379 videbat.
3005 3324 3135 3382 lude
3159 3329 3395 3400 jurgium
3425 3345 3600 3391 ortum
3629 3316 3712 3394 esi
3731 3381 3747 3405 ,
3778 3358 3919 3412 prte-

2350 3417 2500 3464 scnte
2543 3425 2668 3480 rege
2691 3450 2709 3475 ,
2739 3413 2907 3469 altera
2949 3414 3160 3474 dicente
3187 3437 3200 3472 :
3230 3419 3400 3477 Filius
3421 3435 3536 3480 tuus
3575 3441 3800 3485 mortuus
3828 3443 3916 3498 est,

2350 3515 2488 3552 meus
2512 3510 2678 3554 autem
2707 3503 2855 3570 vivit;
2883 3505 3050 3561 altera
3085 3512 3464 3580 respondente,
3498 3515 3756 3585 Mentiris,
3788 3523 3922 3589 ﬁlius

2349 3592 2533 3660 quippe
2558 3608 2696 3645 meus
2721 3594 2866 3659 vivit,
2894 3606 2940 3648 et
2972 3597 3112 3665 ﬁlius
3141 3609 3255 3655 tuus
3283 3601 3510 3660 mortuus
3533 3620 3606 3662 est
3636 3625 3658 3663 :
3677 3621 3835 3681 atque
3866 3615 3914 3668 in

2352 3679 2491 3734 hunc
2533 3681 2748 3736 modum
2794 3688 3188 3744 contendebant
3233 3708 3413 3749 coram
3457 3712 3601 3768 rege.
3637 3679 3786 3756 Tunc
3830 3720 3920 3758 rex

2351 3769 2624 3838 Salomon,
2643 3777 2730 3844 qui
2755 3777 3039 3835 manifeste
3063 3780 3311 3840 Salvator
3329 3790 3588 3858 accipitur
3611 3793 3921 3859 (secundum

2354 3859 2617 3916 Psalmum
2639 3869 3088 3936 septuagesimum
3113 3873 3364 3941 primum,
3389 3880 3476 3947 qui
3513 3881 3664 3935 titulo
3681 3882 3923 3940 Salomo-

2354 3953 2434 4007 nis
2465 3954 2798 4022 inscribitur;
2831 3961 2922 4015 ubi
2963 3963 3104 4018 nulla
3145 3964 3409 4023 dubitatio
3435 3982 3546 4038 est,
3578 3975 3706 4044 quin
3738 3989 3923 4034 cuncta

2352 4059 2470 4113 qua:
2513 4047 2784 4114 dicuntur,
2815 4066 2921 4106 non
2966 4051 3238 4111 Salomoni
3287 4071 3530 4128 mortuo,
3579 4067 3674 4122 sed
3728 4067 3922 4126 Christi

2354 4139 2674 4192 conveniant
2699 4142 2997 4214 majestati)
3024 4146 3236 4202 simulat
3262 4149 3638 4222 ignorantiam,
3662 4170 3716 4214 et
3736 4159 3923 4216 huma-

2357 4241 2453 4280 nos
2486 4243 2578 4297 pro
2606 4231 3005 4299 dispensatione
3029 4239 3206 4292 carnis
3233 4245 3488 4300 mentitur
3514 4248 3767 4316 affectus,
3791 4253 3926 4308 sicut

2355 4327 2407 4370 et
2435 4319 2496 4387 (ρ)
2528 4321 2577 4374 in
2609 4321 2713 4376 alio
2744 4323 2897 4378 loco:
2926 4325 3024 4379 Ubi
3053 4330 3292 4396 posuistis
3317 4332 3612 4390 Lazarum?
3640 4338 3814 4408 (Joan.
3836 4343 3923 4396 Η.

2356 4407 2477 4476 54.)
2505 4419 2558 4463 et
2585 4411 2649 4466 ad
2680 4415 2956 4471 mulierem
2987 4415 3238 4474 fluentem
3263 4426 3542 4494 sanguine,
3569 4407 3692 4494 Quis
3745 4447 3824 4483 me
3854 4441 3925 4486 te-

2357 4497 2502 4566 tigit?
2528 4499 2736 4568 (Matth.
2763 4503 2817 4559 9.
2844 4506 2862 4573 )
2887 4506 3119 4575 gladium
3147 4513 3411 4580 postulat,
3441 4516 3508 4572 de
3554 4534 3660 4588 quo
3680 4520 3888 4577 dixerat
3912 4541 3926 4579 :

2359 4587 2532 4641 Nolite
2558 4601 2755 4658 putare,
2783 4596 2917 4668 quod
2948 4599 3167 4652 uenerim
3193 4619 3367 4671 pacem
3409 4587 3602 4660 mittere
3639 4626 3794 4681 super
3829 4622 3930 4667 tero

2355 4694 2467 4732 ram
2487 4694 2508 4731 ε
2528 4696 2627 4733 non
2653 4683 2764 4734 seni
2787 4700 2961 4753 pacem
2990 4689 3216 4755 mittere,
3244 4693 3333 4746 sed
3358 4695 3606 4762 gladium.
3644 4697 3768 4752 Veni
3794 4703 3930 4755 enim

2357 4767 2578 4822 dividere
2599 4769 2850 4826 hominem
2875 4785 3056 4829 contra
3083 4788 3279 4847 patrem
3307 4799 3473 4847 suum,
3496 4794 3544 4837 et
3566 4785 3728 4850 ﬁliam
3747 4802 3933 4845 contra

2357 4867 2568 4911 matrem
2587 4876 2752 4925 suam,
2770 4873 2817 4914 et
2840 4880 3022 4918 nurum
3046 4878 3220 4922 contra
3245 4887 3439 4924 socrum
3459 4888 3600 4925 suam
3621 4888 3640 4924 :
3659 4885 3707 4926 et
3729 4876 3932 4933 inimici

2357 4946 2573 5002 ltominis
2594 4951 2852 5006 domestici
2876 4956 2986 5021 eius
3015 4955 3226 5024 (Matth.
3260 4961 3344 5030 10)
3371 4979 3384 5014 :
3408 4970 3462 5015 et
3488 4971 3655 5017 tental
3675 4977 3926 5024 naturam

2358 5045 2561 5093 natura:
2584 5041 2864 5110 Dominus,
2892 5047 3106 5116 vultque
3128 5053 3417 5107 secundum
3443 5054 3718 5125 utriusque
3743 5059 3930 5114 volun-

2421 5256 2491 5320 (b)
2524 5257 2706 5309 Victor.
2731 5273 2814 5310 eor
2846 5275 3035 5314 nouunt.
3059 5264 3175 5317 Cod.
3203 5266 3388 5318 Veron.
3415 5276 3522 5320 erat
3562 5284 3647 5321 cor
3689 5280 3736 5324 et
3774 5276 3932 5326 anima

2358 5331 2471 5367 una.

2422 5378 3104 5470 $:>.!}.?!.'eei?3e_9:ema
3117 5399 3711 5470 τιμῆετειγιτεςι
3733 5409 3935 5470 quorum

2358 5437 2990 5517 lopo'yulgattts'interpres
3007 5485 3021 5507 ,
3048 5453 3104 5496 Et
3127 5437 3936 5517 margéiB“uit“a§W

2919 5566 3436 5641 singulapercurrere.
3463 5573 3564 5624 Sed
3586 5575 3825 5641 pleraque
3849 5581 3938 5632 ltu-

2355 5622 2563 5704 ju‘wi'
2583 5622 3342 5704 ίεβὲῗηιὲἱιε.εξίὲξίξῑιξιὲὲιιξψξι,
3405 5691 3416 5702 .
3477 5622 3486 5623 ί

2424 5684 2492 5745 (e)
2530 5683 2581 5731 ln
2605 5683 2786 5734 vta-on.
2809 5685 2861 5736 in
2881 5684 2977 5744 alio
2999 5687 3102 5736 loco
3121 5686 3252 5737 idem
3269 5691 3507 5744 Dauinus
3529 5695 3678 5759 dixit,
3703 5701 3810 5763 t'bi,
3836 5711 3933 5754 etc.
