4056 6184
148 282 260 339 685

154 407 361 463 tatem,
391 397 657 452 viventem
686 394 850 449 ﬁlium
881 393 933 447 in
958 390 1153 460 Legem
1172 427 1189 453 ,
1221 386 1564 455 Gratiamque
1591 381 1730 437 divi-

158 487 463 543 dere:non
510 484 651 555 quod
700 483 907 553 probet,
956 479 1050 535 sed
1099 477 1240 549 quod
1289 476 1354 530 ad
1402 472 1733 543 arguendum

158 576 487 631 calumniam
510 574 833 645 Synagogte,
880 570 983 625 hoc
1009 568 1148 624 velle
1177 582 1235 622 se
1262 566 1423 620 dicat.
1456 564 1548 617 llla
1569 602 1585 626 ,
1616 574 1735 631 qua:

161 666 381 721 nolebat
408 664 658 719 Ecclesia:
684 663 852 717 lilium
882 661 934 714 in
962 660 1133 730 gratia
1161 658 1363 720 vivere,
1388 669 1487 708 nec
1518 668 1613 722 per
1641 651 1733 704 ba-

158 756 412 823 ptismum
440 754 673 818 liberari,
698 752 928 807 libenter
958 749 1119 805 habet
1145 747 1311 802 dividi
1345 760 1602 815 puerum:
1626 755 1733 796 non

150 854 215 899 ut
253 844 551 914 possideat,
579 843 676 898 sed
722 852 780 897 ut
818 841 1120 897 interﬁciat.
1150 838 1410 893 Eccussu
1446 848 1589 897 eus:
1634 833 1736 886 scit

146 948 309 987 suum
338 947 477 1000 esse,
506 933 736 989 libenter
758 931 1004 987 concedit
1033 928 1239 984 aemulae
1258 968 1273 991 ,
1304 926 1430 981 dum
1462 924 1606 977 vivat
1630 922 1735 975 sal-

149 1032 259 1077 tem
308 1023 448 1092 apud
490 1023 852 1078 adversariam
886 1040 899 1074 :
937 1036 1004 1075 ne
1047 1020 1189 1074 inter
1228 1018 1422 1087 Legem
1454 1014 1654 1069 divisus
1682 1022 1734 1066 et

146 1111 421 1177 Gratiam,
468 1112 765 1167 Salvatoris
812 1125 1070 1165 mucrone
1114 1108 1357 1163 feriatur.
1409 1105 1564 1162 Unde
1607 1102 1737 1157 dicit

144 1203 446 1271 Apostolus
469 1220 483 1256 :
512 1202 641 1255 Ecce
665 1217 756 1270 ego
786 1200 981 1256 Paulus
1005 1200 1117 1252 dico
1138 1198 1292 1261 vobis,
1318 1196 1451 1267 quod
1480 1195 1524 1248 si
1549 1192 1734 1263 Legem

139 1293 445 1360 observatis,
474 1293 702 1347 Christus
730 1292 868 1345 vobis
894 1290 1021 1343 nihil
1051 1289 1253 1359 prodest
1282 1286 1425 1357 (Gal.
1457 1286 1536 1355 5).

219 1384 278 1440 6.
322 1384 447 1438 [huc
484 1384 585 1437 sub
618 1382 888 1452 allegoriae
912 1380 1098 1435 nubilo
1121 1379 1265 1434 dicta
1294 1379 1421 1433 sint.
1467 1376 1734 1432 Czeterum

140 1475 357 1543 eptime
383 1475 532 1527 novit
561 1474 842 1542 prudentia
872 1481 983 1539 tua,
1007 1485 1114 1526 non
1137 1470 1352 1526 easdem
1379 1482 1501 1524 esse
1525 1467 1735 1537 regulas

144 1564 201 1618 in
245 1562 589 1631 Tropologizn
634 1562 877 1625 umbris,
926 1574 1047 1630 qua:
1093 1561 1146 1614 in
1208 1560 1445 1614 historiae
1490 1559 1730 1613 veritate.

142 1650 308 1723 ‘51
386 1651 539 1716 Quod
600 1651 771 1705 sicubi
818 1650 1005 1720 pedem
1037 1649 1381 1712 offendimus,
1407 1656 1462 1703 et
1508 1646 1734 1717 sapienti

145 1743 338 1798 lectori
371 1742 618 1797 frivolum
648 1742 894 1797 videatur
916 1756 1037 1795 esse
1060 1740 1206 1810 quod
1234 1740 1548 1808 scripsimus
1568 1780 1584 1804 ,
1615 1739 1731 1792 cul-

145 1849 268 1903 pam
303 1834 357 1887 in
386 1841 656 1888 auctorem
683 1832 901 1887 referat.
932 1831 1043 1885 Nos
1081 1831 1227 1885 enim
1270 1840 1325 1883 et
1364 1828 1479 1882 haec
1519 1828 1632 1896 ipsa
1676 1827 1731 1881 in

146 1923 347 1978 lectulo
372 1923 777 1987 decumbentes,
811 1923 1074 1989 longaque
1100 1919 1451 1989 :egrotatione
1476 1916 1727 1981 conlecti,

147 2012 240 2066 vix
288 2012 503 2066 notario
540 2012 791 2066 celeriter
824 2008 1107 2065 scribenda
1150 2006 1509 2062 dictavimus:
1539 2019 1646 2059 non
1675 2013 1733 2059 nt

146 2102 500 2171 impleremus
525 2101 834 2165 materiam,
866 2098 959 2154 sed
985 2113 1054 2153 ne
1082 2098 1178 2152 tibi
1211 2097 1262 2151 in
1296 2097 1561 2166 principio
1592 2095 1729 2149 ami-

144 2192 399 2247 citiarum
445 2192 645 2261 aliquid
693 2191 997 2261 imperanti,
1024 2189 1328 2245 videremur
1358 2203 1574 2259 negare.
1624 2186 1731 2243 Ora

142 2282 309 2337 nobis
338 2296 371 2335 a
405 2282 630 2336 Domino
657 2282 970 2351 sospitatem
992 2322 1007 2346 ,
1036 2290 1094 2334 ut
1121 2291 1242 2350 post
1266 2280 1548 2335 duodecim
1575 2293 1731 2333 men-

142 2384 255 2433 ses,
286 2370 489 2438 quibus
514 2370 625 2441 jugi
655 2370 909 2439 languore
933 2369 1209 2424 conlectus
1234 2383 1375 2435 sum,
1403 2368 1605 2437 possim
1631 2367 1730 2420 ali-

139 2460 273 2529 quid
299 2460 528 2530 dignum
558 2471 750 2514 vestrae
776 2460 1013 2515 scribere
1040 2460 1302 2515 voluntati
1329 2477 1342 2514 :
1367 2468 1421 2515 et
1446 2460 1662 2529 ignosce
1685 2459 1731 2515 si

139 2559 362 2606 scatens
406 2552 596 2616 oratio,
627 2566 786 2606 cursu
818 2549 895 2622 (a)
924 2551 1083 2606 solito
1112 2566 1219 2606 non
1244 2551 1394 2606 ﬂuat.
1441 2550 1558 2605 Non
1587 2550 1730 2607 enim

141 2640 337 2696 eodem
368 2641 554 2710 lepore
578 2641 863 2707 dictamus,
907 2657 1015 2712 quo
1056 2642 1342 2698 scribimus
1370 2659 1387 2697 :
1418 2643 1541 2713 quia
1570 2644 1623 2697 in
1648 2643 1733 2696 al-

160 2740 281 2788 tero
319 2718 470 2802 saepe
494 2734 689 2803 stylum
714 2734 994 2798 vertimus,
1023 2734 1219 2789 iterum
1260 2749 1380 2804 quze
1427 2734 1531 2803 legi
1574 2734 1732 2805 digna

159 2822 292 2886 sint,
319 2824 575 2892 scripturi
604 2842 619 2877 :
643 2824 694 2878 in
719 2823 893 2879 altero
915 2824 1169 2894 quidquid
1199 2826 1251 2879 in
1281 2824 1503 2879 buccam
1526 2825 1734 2879 venerit

146 2912 310 2967 celeri
340 2927 594 2968 sermone
616 2913 1007 2969 convolvimus.
1036 2913 1319 2969 Caninium
1350 2914 1579 2969 libenter
1598 2914 1728 2982 vidi,

146 3004 235 3072 qui
267 3019 495 3059 narrare
523 3004 615 3059 tibi
641 3006 868 3074 poterit,
899 3020 1059 3075 quam
1107 3004 1323 3061 difﬁcile
1362 3013 1419 3060 et
1456 3004 1729 3074 periculo-

142 3106 264 3147 sum
292 3108 488 3148 inantus
516 3094 768 3159 dexterte,
794 3110 963 3164 usque
996 3096 1050 3149 in
1084 3107 1401 3165 praesentem
1430 3096 1594 3163 diem,
1624 3108 1731 3167 quo

143 3184 246 3239 ista
272 3185 507 3250 dictavi,
538 3184 728 3239 vulnus
753 3185 1125 3239 sustinuerim.

591 3315 919 3373 EPISTOLA
958 3316 1147 3372 Lxxv
1188 3317 1286 3387 (b).

611 3467 679 3505 ΔΙ)
706 3464 1021 3507 ΤΗΕΟΒΟΕΔΙ
1050 3466 1269 3505 γωυΑιί.

141 3581 471 3637 Theodoram
493 3581 697 3636 Lucinii
719 3582 920 3637 viduam
947 3583 1242 3638 consolatur
1266 3583 1330 3636 de
1354 3592 1512 3638 morte
1536 3584 1723 3648 ntariti,

282 3675 436 3744 cujus
463 3674 689 3740 virtutes,
721 3682 769 3728 et
797 3674 1075 3728 castitatem
1102 3675 1357 3744 pracipue
1386 3675 1581 3729 laudat.

213 3806 265 3859 i.
308 3805 549 3876 Lugubri
593 3806 783 3860 nuntio
831 3816 1207 3861 consternatus
1254 3821 1413 3875 super
1455 3808 1625 3862 sancti
1674 3816 1728 3862 et

142 3895 470 3949 venerabilis
492 3894 622 3947 mihi
645 3894 966 3949 dormitione
986 3894 1214 3959 Lucinii,
1245 3896 1331 3948 vix
1357 3896 1575 3951 brevem
1601 3896 1728 3965 Epi-

143 3986 335 4039 stolam
367 3984 576 4039 dictare
607 3983 775 4053 potui.
820 3984 937 4038 Non
963 3985 1108 4053 quod
1135 3985 1253 4053 ejus
1279 3986 1449 4039 vicem
1477 3987 1684 4041 doleam
1709 4027 1724 4051 ,

142 4091 303 4145 quem
354 4076 472 4129 scio
520 4074 588 4128 ad
639 4074 863 4128 meliora
912 4075 1204 4140 transisse,
1251 4075 1461 4130 dicente
1509 4076 1724 4147 Moyse:

141 4164 421 4221 Transiens
451 4165 625 4219 videbo
650 4166 889 4219 visionem
914 4166 1044 4219 hanc
1072 4181 1309 4236 magnam
1338 4164 1530 4235 (Exod.
1558 4168 1611 4222 3.
1637 4169 1723 4237 3);

144 4260 235 4314 sed
264 4258 409 4329 quod
441 4267 692 4327 torquear
717 4256 983 4312 desiderio
1010 4298 1024 4322 ,
1067 4272 1172 4311 non
1206 4257 1468 4312 meruisse
1497 4272 1581 4313 me
1609 4259 1727 4327 ejus

148 4349 247 4401 viri
274 4348 458 4403 videre
488 4348 675 4402 faciem
696 4390 711 4412 ,
741 4362 898 4416 quem
930 4347 983 4401 in
1012 4346 1160 4402 brevi
1192 4357 1431 4416 tempore
1455 4347 1559 4402 huc
1586 4364 1717 4403 ven-

148 4444 322 4493 turum
350 4453 472 4495 esse
499 4437 805 4493 credebam.
842 4438 1037 4492 Verum
1066 4446 1150 4492 est
1174 4436 1303 4492 illud
1342 4452 1505 4507 super
1529 4452 1722 4493 neces-

150 4526 301 4583 sitate
328 4530 518 4583 mortis
546 4527 856 4597 prophetale
884 4528 1221 4591 vaticinium,
1254 4526 1397 4597 quod
1422 4529 1613 4583 fratres
1636 4527 1721 4581 di-

150 4618 290 4673 vidat
317 4621 475 4689 (Osee
503 4620 611 4689 l3),
639 4630 692 4674 ct
721 4618 993 4673 carissima
1021 4620 1165 4673 inter
1194 4632 1254 4673 se
1282 4621 1493 4673 nomina
1524 4618 1719 4675 crude-

150 4704 213 4761 lis
241 4717 293 4762 et
317 4709 447 4764 dura
478 4709 749 4763 dissociet.
795 4706 901 4763 Sed
947 4707 1205 4762 habemus
1248 4707 1672 4763 consolationem
1696 4750 1712 4775 ,

157 4798 276 4864 quia
318 4799 387 4867 (ο)
430 4799 643 4854 Domini
684 4812 932 4853 sermone
973 4798 1279 4867 jugulatur,
1330 4806 1386 4852 et
1428 4798 1623 4853 dicitur
1650 4798 1719 4853 ad

152 4899 269 4939 eam
294 4906 309 4941 :
337 4888 441 4944 Ero
465 4907 598 4944 mors
625 4898 732 4956 tua,
763 4905 793 4942 ο
823 4905 978 4954 mors,
1007 4904 1091 4942 ero
1116 4905 1312 4942 morsus
1342 4898 1457 4943 tuus
1482 4891 1717 4959 inferne;

152 4974 281 5027 etin
307 4979 784 5047 consequentibus:
808 4978 1039 5032 Adducet
1066 4988 1289 5032 urentem
1315 4988 1512 5033 ventum
1538 4980 1717 5035 Domi-

155 5079 252 5116 nus
280 5064 341 5116 de
369 5067 559 5120 deserto
587 5070 935 5123 ascendentem
955 5110 970 5132 ,
1000 5070 1086 5139 qui
1128 5070 1337 5122 siccabit
1375 5086 1543 5123 omnes
1567 5088 1719 5126 venas

154 5152 299 5217 ejus,
324 5162 370 5207 et
412 5156 654 5211 desolabit
692 5161 880 5227 fontem
924 5159 1065 5213 illius
1114 5158 1322 5229 (lbid.).
1362 5159 1544 5213 Exivit
1573 5162 1716 5216 enim

214 5326 307 5403 ςιξλ
320 5325 499 5403 chtor.
516 5344 668 5403 curm
690 5344 783 5403 nqn
803 5332 939 5403 solito
956 5333 1090 5403 ﬂuat.
1110 5334 1228 5392 Qum
1248 5346 1393 5403 porro
1406 5333 1717 5403 subsequun-

1490 268 1816 329 EPISTOLA
1855 266 2065 324 LXXV.

3321 282 3427 339 688

1851 380 1999 449 virga
2019 379 2086 435 de
2106 379 2286 436 radice
2309 380 2483 447 Jesse,
2513 388 2568 436 et
2596 379 2696 436 llos
2725 382 2791 438 de
2816 383 3060 457 virginali
3088 387 3279 446 frutice
3304 392 3425 461 pul-

1845 473 2030 528 lulavit
2059 472 2208 545 (Isai.
2238 475 2325 530 ll.
2356 476 2408 544 ι)
2434 494 2447 530 :
2478 475 2566 546 qui
2587 475 2890 546 loquiturin
2962 476 3125 552 452
3195 480 3420 540 Cantica

1842 562 2228 621 Canticorum:
2264 564 2373 637 Ego
2416 566 2514 635 flos
2561 567 2763 634 campi,
2811 575 2858 621 et
2904 567 3070 621 lilium
3112 572 3421 628 convallium

1844 651 2032 723 (Cant.
2065 654 2118 708 2.
2154 655 2178 710 l
2207 653 2249 723 ).
2286 654 2423 710 .Flos
2452 664 2641 711 noster
2666 656 2857 711 mortis
2886 656 3164 725 interitus;
3196 662 3425 734 ideoque

1842 750 1895 796 et
1942 753 2183 799 mortuus
2229 752 2345 812 est,
2392 753 2450 799 ut
2491 760 2639 801 mors
2686 745 2835 800 illius
2879 755 3054 803 morte
3100 762 3422 807 moreretur.

1841 830 1992 898 Quod
2019 842 2195 889 autem
2222 834 2291 890 de
2320 834 2536 890 deserto
2562 834 2760 890 dicitur
2784 835 3150 903 adducendus,
3181 840 3391 910 virgina
3411 875 3424 885 -

1843 920 1909 973 lis
1938 930 2119 978 uterus
2144 924 2545 979 demonstratur
2562 965 2576 989 ,
2605 925 2694 993 qui
2722 924 2924 995 absque
2949 926 3095 982 coitu
3120 936 3174 983 et
3199 930 3414 986 semine

1842 1012 1963 1077 viri,
1994 1013 2157 1068 Deum
2191 1015 2347 1070 nobis
2376 1015 2509 1069 fudit
2538 1016 2793 1071 infantem
2821 1034 2833 1069 :
2859 1018 2949 1088 qui
2975 1019 3157 1076 calore
3185 1020 3423 1091 Spiritus

1840 1101 2023 1158 Sancti
2068 1107 2363 1162 cxsiccaret
2413 1105 2587 1161 fontes
2634 1106 2911 1162 libidinum
2938 1149 2954 1174 ,
3001 1118 3055 1164 et
3101 1121 3317 1167 caneret
3368 1113 3425 1169 in

1842 1192 2055 1248 Psalmo
2085 1213 2097 1247 :
2130 1194 2193 1248 In
2223 1206 2355 1249 terra
2386 1197 2583 1250 deserta
2613 1206 2659 1249 et
2696 1197 2831 1249 invia
2861 1206 2905 1251 et
2947 1200 3226 1269 inaquosa,
3253 1202 3322 1254 sic
3368 1202 3424 1255 in

1840 1294 2016 1339 sancto
2042 1288 2260 1355 apparui
2290 1286 2380 1339 tibi
2406 1286 2523 1356 (Ps.
2557 1286 2643 1341 62.
2675 1288 2755 1355 3).
2786 1288 3088 1344 Adversum
3120 1306 3248 1361 ergo
3275 1308 3421 1348 mor-

1842 1374 1908 1429 tis
1935 1374 2182 1429 duritiam
2216 1384 2269 1431 et
2297 1376 2725 1432 crudelissimam
2754 1378 3128 1435 necessitatem
3153 1382 3255 1436 hoc
3280 1384 3421 1437 sola-

1841 1463 1915 1518 tio
1960 1465 2234 1535 erigimur,
2265 1466 2404 1535 quod
2454 1467 2604 1521 brevi
2652 1469 2815 1522 visuri
2867 1484 3053 1525 sumus
3097 1486 3192 1526 eos
3220 1512 3235 1538 ,
3287 1487 3420 1542 quos

1841 1553 2085 1610 dolemus
2111 1556 2381 1611 absentes.
2412 1556 2591 1619 Neque
2620 1552 2745 1611 sum
2778 1574 2940 1625 mors,
2973 1559 3067 1615 sed
3091 1561 3342 1616 dormitio
3367 1571 3422 1617 et

1840 1656 2059 1697 somnus
2091 1646 2406 1713 appellatur.
2451 1644 2603 1700 Unde
2650 1656 2704 1700 et
2745 1646 2933 1702 beatus
2959 1650 3246 1718 Apostolus
3276 1660 3420 1707 vetat

1837 1732 1905 1785 de
1932 1731 2322 1787 dormientibus
2351 1734 2658 1788 contristari
2705 1737 2796 1804 (l.
2838 1736 3020 1791 Thess.
3051 1739 3121 1809 4)
3154 1756 3167 1792 :
3198 1748 3255 1793 ut
3284 1755 3418 1809 quos

1836 1819 2070 1875 dormire
2100 1822 2361 1887 novimus,
2397 1824 2647 1877 suscitari
2676 1840 2833 1894 posse
2862 1827 3177 1893 credamus;
3209 1837 3263 1884 et
3294 1840 3429 1898 post

1835 1908 2098 1979 digestum
2125 1925 2395 1979 snporem,
2421 1912 2641 1982 vigilare
2667 1929 2788 1968 cum
2818 1914 3052 1980 Sanctis,
3076 1927 3273 1971 etcum
3299 1920 3416 1972 An-

1834 2001 1968 2071 gelis
1992 2001 2208 2057 dicere:
2237 2001 2416 2057 Gloria
2462 2005 2515 2057 in
2561 2006 2770 2058 excelsis
2814 2005 2939 2070 Deo,
2973 2014 3019 2060 et
3047 2023 3199 2076 super
3225 2018 3416 2063 terram

1836 2106 1940 2158 pax
1966 2090 2248 2145 hominibus
2275 2092 2419 2147 bona'
2444 2093 2719 2147 voluntatis
2750 2094 2900 2163 (Luc.
2928 2096 2983 2149 2.
3014 2097 3125 2167 14).
3158 2100 3213 2152 ln
3243 2100 3412 2164 caelo,

1837 2182 1923 2236 ubi
1951 2196 2056 2235 non
2086 2190 2169 2237 est
2195 2194 2478 2253 peccatum
2498 2226 2512 2249 ,
2543 2185 2709 2254 gloria
2739 2194 2823 2239 est
2845 2226 2860 2251 ,
2893 2194 2947 2241 et
2976 2197 3231 2256 perpetua
3264 2190 3409 2253 laus,

1835 2281 1889 2327 et
1918 2272 2182 2328 indefessa
2214 2277 2499 2344 praeconia.
2549 2276 2605 2331 In
2641 2289 2785 2332 terra
2816 2285 2996 2331 autem
3016 2320 3030 2344 ,
3063 2279 3149 2334 ubi
3183 2280 3410 2347 seditio,

1837 2362 1971 2417 bella
1999 2372 2159 2432 atque
2185 2363 2468 2419 discordiae
2490 2407 2505 2431 ,
2541 2382 2641 2435 pax
2689 2367 3031 2436 imprecanda
3071 2378 3153 2423 est
3187 2387 3199 2423 :
3229 2380 3280 2423 et
3312 2385 3414 2439 pax

1836 2466 1941 2506 non
1969 2452 2022 2506 in
2048 2452 2333 2519 omnibus;
2363 2456 2455 2510 sed
2487 2456 2540 2509 in
2586 2456 2669 2509 his
2699 2458 2789 2526 qui
2817 2457 2973 2512 bona:
3003 2466 3128 2511 sunt
3159 2460 3411 2513 volunta-

1836 2547 1941 2611 tis;
1989 2556 2043 2601 et
2090 2548 2466 2603 salutationem
2519 2548 2743 2603 audiunt
2784 2544 3196 2619 Apostolicam':
3232 2552 3412 2606 Gratia

1835 2636 1968 2691 vobis
1996 2645 2044 2690 et
2072 2654 2174 2707 pas:
2197 2654 2229 2690 a
2256 2636 2362 2692 Deo
2394 2636 2569 2703 Patre,
2599 2647 2644 2693 et
2671 2637 2891 2695 Domino
2918 2651 3089 2696 nostro
3114 2641 3239 2697 Jesu
3265 2643 3413 2697 Chri-

1834 2736 1911 2780 sto
1959 2727 2322 2796 multiplicetur
2371 2728 2548 2797 (Rom.
2578 2730 2628 2783 l.
2657 2729 2725 2798 7)
2753 2748 2766 2784 :
2791 2739 2848 2784 ut
2891 2732 2943 2785 in
2990 2746 3121 2800 pace
3150 2731 3222 2785 sit
3261 2733 3411 2787 locus

1834 2817 1970 2886 ejus,
1994 2825 2047 2871 et
2071 2817 2330 2871 habitatio
2357 2819 2473 2886 ejus
2499 2820 2549 2871 in
2580 2818 2708 2874 Sion
2744 2819 2859 2891 (Ps.
2891 2822 2977 2875 75.
3011 2821 3093 2892 2),
3131 2820 3181 2873 id
3207 2831 3322 2886 est,
3356 2824 3411 2877 in

1834 2910 2057 2979 specula,
2087 2911 2138 2964 in
2166 2910 2493 2966 sublimitate
2516 2912 2822 2981 dogmatum
2852 2922 3011 2982 atque
3038 2916 3319 2981 virtutum,
3354 2915 3407 2970 in

1834 3000 2010 3054 anima
2048 3001 2352 3067 credentis;
2387 3001 2539 3069 cujus
2584 3003 2823 3070 quotidie
2868 3004 3102 3072 Angelus
3145 3004 3288 3059 videt
3325 3004 3409 3057 fa-

1834 3088 1969 3142 ciem
1998 3089 2089 3143 Dei
2119 3089 2335 3159 (Matth.
2361 3090 2449 3145 18.
2480 3090 2582 3160 l0)
2610 3131 2624 3156 ,
2659 3100 2711 3145 et
2742 3092 2980 3150 revelato
3010 3094 3154 3149 vultu
3182 3095 3405 3165 gloriam

1838 3178 1929 3232 Dei
1958 3180 2370 3249 contemplatur.

1904 3269 1959 3322 2.
2002 3268 2155 3325 Unde
2185 3271 2411 3325 obsecro
2443 3282 2513 3337 te,
2544 3282 2597 3327 et
2628 3282 2932 3329 currentem
2954 3317 2969 3341 ,
3002 3285 3055 3331 ut
3085 3278 3269 3344 aiunt,
3310 3278 3407 3332 im-

1835 3360 2008 3427 pelle,
2039 3369 2094 3414 ut
2141 3360 2415 3415 Luciniutn
2465 3374 2612 3416 tttum
2656 3362 2931 3419 desideres
2968 3366 3179 3434 quidem
3212 3376 3267 3420 ut
3296 3366 3404 3421 fra-

1833 3457 1995 3515 trem;
2023 3449 2117 3504 sed
2142 3449 2373 3520 gaudeas
2400 3465 2622 3521 regnare
2644 3466 2764 3505 cum
2787 3451 3005 3508 Christo
3032 3472 3044 3507 :
3078 3455 3208 3519 Quia
3229 3466 3407 3526 raptus

1830 3548 1901 3591 est
1920 3579 1933 3601 ,
1965 3555 2028 3591 ne
2056 3538 2249 3592 malitia
2284 3540 2573 3593 immutaret
2605 3550 2816 3594 mentem
2846 3543 2979 3611 ejus.
3028 3543 3235 3598 Placita
3272 3548 3406 3600 enim

1831 3638 1937 3682 erat
1967 3629 2075 3683 Deo
2099 3631 2268 3683 anima
2298 3629 2456 3695 illius,
2486 3640 2532 3685 et
2559 3632 2609 3684 in
2637 3632 2771 3685 brevi
2795 3634 2961 3700 spatio
2993 3641 3217 3702 tempora
3248 3637 3405 3689 multa

1829 3721 2091 3790 complevit
2122 3721 2273 3791 (Sap.
2304 3723 2337 3776 4
2357 3723 2394 3789 ).
2429 3722 2536 3775 Nos
2563 3738 2785 3783 DOLENDI
2815 3724 3017 3792 magis,
3046 3727 3136 3792 qui
3166 3727 3404 3793 quotidie

1829 3818 2030 3868 stamus
2057 3811 2107 3863 in
2136 3810 2317 3877 ιιι-ωηο
2344 3818 2711 3877 peccatorum,
2729 3812 2869 3863 vitiis
2888 3812 3239 3875 sordidamur,
3265 3817 3407 3869 accie

1831 3899 2002 3965 pimus
2028 3900 2248 3951 vulnera
2272 3936 2288 3961 ,
2314 3906 2368 3949 et
2395 3897 2465 3949 de
2489 3897 2663 3949 otioso
2701 3898 2866 3949 verbo
2910 3898 3170 3952 reddituri
3219 3917 3403 3956 sumus

1830 3988 2112 4040 rationem.
2162 3985 2255 4040 Ille
2298 3986 2409 4056 jam
2454 3999 2674 4039 securus
2718 3995 2771 4040 et
2817 3987 2984 4040 victor
3013 3998 3061 4041 te
3105 3991 3295 4058 aspicit
3336 3994 3402 4046 de

1829 4078 2075 4154 excelso,
2108 4087 2161 4131 et
2189 4077 2331 4131 favet
2360 4077 2620 4131 laboranti
2649 4096 2661 4130 :
2690 4085 2744 4132 et
2782 4078 2931 4147 juxta
2965 4093 3022 4133 se
3053 4080 3225 4135 lucum
3256 4100 3395 4152 prte-

1833 4176 2007 4238 parat,
2030 4167 2217 4222 eodem
2246 4182 2427 4222 amore
2457 4176 2508 4221 et
2538 4166 2722 4222 eadem
2751 4169 2995 4235 caritate,
3026 4170 3107 4241 (d)
3134 4187 3236 4241 qua
3257 4174 3396 4229 obli-

1831 4268 1915 4312 tus
1952 4258 2111 4312 oflicii
2151 4258 2475 4327 conjugalis.
2506 4258 2559 4311 in
2601 4268 2805 4313 terram
2832 4274 3044 4329 quoque
3074 4276 3311 4318 sororem
3345 4274 3405 4321 te

1830 4347 2026 4403 habere
2064 4357 2300 4417 coeperat
2323 4390 2336 4414 ,
2371 4346 2438 4419 (e)
2486 4348 2592 4401 imo
2641 4348 2894 4414 fratrem;
2927 4350 3047 4419 quia
3098 4362 3240 4407 casta
3269 4368 3397 4409 ron-

1823 4439 2028 4509 junctio
2055 4452 2241 4492 sexum
2275 4455 2377 4491 non
2423 4438 2581 4492 habet
2610 4439 2918 4508 nuptialem.
2945 4441 3007 4494 Et
3049 4442 3094 4495 si
3138 4442 3311 4498 adhuc
3342 4446 3401 4500 in

1826 4544 1988 4584 carne
2034 4528 2223 4598 positi,
2299 4526 2461 4598 553
2534 4540 2587 4582 ct
2612 4531 2780 4583 renati
2814 4530 2864 4583 in
2894 4528 3142 4598 Christo,
3175 4549 3277 4586 non
3308 4548 3395 4587 sa-

1826 4618 2180 4675 musercus
2206 4629 2252 4673 et
2282 4619 2536 4673 Barbarus
2560 4663 2573 4687 ,
2604 4636 2773 4675 servus
2809 4630 2854 4674 et
2891 4622 3035 4687 liber,
3066 4626 3319 4677 inescatus
3347 4635 3395 4677 et

1824 4710 2044 4778 femina;
2070 4710 2159 4763 sed
2183 4724 2354 4762 omnes
2381 4710 2434 4762 in
2472 4726 2529 4763 eo
2558 4726 2715 4763 unum
2743 4727 2917 4764 sumus
2943 4727 2962 4764 .°
2984 4720 3182 4779 quanto
3226 4713 3392 4780 magis

1823 4814 1942 4855 cum
1992 4800 2356 4869 corruptivum
2415 4799 2513 4853 hoc
2552 4800 2785 4854 induerit
2816 4801 3265 4868 incorruptionem
3295 4838 3307 4863 ,
3338 4812 3396 4854 et

1824 4888 2045 4943 mortale
2076 4887 2179 4942 hoc
2203 4887 2434 4941 induerit
2480 4888 2937 4941 immortalitatem
2972 4886 3129 4955 (Gal.
3158 4888 3211 4942 3.
3240 4886 3388 4959 28),

1822 4994 1920 5031 non
1949 4977 2131 5031 nubent
2151 5017 2166 5043 ,
2195 4991 2351 5044 neque
2375 4974 2643 5039 nubentur,
2672 4976 2760 5029 sed
2783 4985 2928 5028 erunt
2966 4978 3095 5029 sicut
3125 4977 3305 5047 Angeli
3333 4980 3388 5033 in

1884 5152 1961 5211 (d)
1986 5150 2215 5211 glartian.
2242 5146 2354 5207 quia
2379 5159 2395 5194 :
2420 5146 2682 5211 cuiusmodi
2707 5146 2798 5211 alia
2817 5146 2967 5194 multa
2996 5148 3381 5211 emendavimus.

1883 5207 1952 5282 te)
1974 5208 2132 5282 Falsa,
2149 5215 2239 5282 nrt
2260 5207 2969 5282 eateﬂéswfémimsstee
2985 5209 3236 5282 hactenus
3256 5212 3385 5261 οιιιί-

1820 5266 1943 5328 ιιυίῐζ
1964 5268 2061 5318 imo
2084 5273 2135 5328 tu
2168 5266 2305 5316 illum
2327 5267 2530 5327 fratrem
2547 5303 2558 5320 ,
2584 5266 2676 5328 qua
2704 5280 2766 5315 ex
2792 5266 3004 5315 lectione
3041 5270 3215 5319 frustra
3252 5282 3388 5321 esset

1820 5326 1968 5392 atque
1993 5326 2178 5377 inutilis
2197 5326 2504 5392 ratio,_quam
2520 5326 2684 5392 subdit
2700 5328 2751 5375 S.
2772 5328 2971 5392 Doctor.
2997 5329 3109 5391 quia
3127 5336 3265 5379 casta
3276 5342 3387 5381 con-~

154 5384 496 5469 ggli‘eX'Horat.
515 5394 670 5465 satyr.
699 5393 775 5442 10.
800 5402 935 5457 Saepe
956 5384 1145 5469 stutum‘
1165 5384 1319 5443 vertas
1337 5429 1351 5450 ,
1398 5384 1716 5465 iterum'quw
1808 5384 2198 5469 junctio‘seg'um‘
2224 5384 3385 5469 nonﬂltglf‘et‘nu’ptitﬂtlenhédcelerum-eritque

156 5444 299 5508 άίθηα
318 5448 361 5497 ιε
393 5452 519 5501 isint
542 5444 832 5515 Sci-ivturna,
857 5444 1052 5505 étc.]§x
1090 5468 1227 5503 ressa
1248 5444 1394 5503 nemo
1413 5456 1617 5515 ignorat.

214 5506 282 5565 (θ)
317 5461 439 5559 Agam
461 5514 538 5561 29.
564 5514 755 5565 Scripta
777 5515 898 5565 circ.
925 5529 1039 5564 ann.
1058 5470 1168 5565 £99.

214 5506 284 5627 (lt;
317 5506 439 5559 Alias
461 5514 538 5561 29.
562 5506 755 5585 scripta
777 5506 1039 5586 circuann.
1058 5506 1168 5586 399.

238 5580 262 5614 c
319 5568 498 5621 lterum
516 5575 699 5625 Victor.
731 5584 1047 5627 Domuttvoce
1068 5589 1168 5627 mat

238 5568 498 5640 9)}!ng
516 5568 699 5625 Victor.
731 5576 1047 5628 Dmm'm'voce
1061 5574 1337 5639 jugulatur,
1364 5588 1451 5638 per
1479 5588 1617 5637 quem
1646 5578 1710 5626 ad

158 5634 257 5674 eam
278 5628 468 5693 dicitur,
494 5642 588 5685 etc.

1823 5445 1968 5501 verba
1990 5457 2043 5499 tu
2062 5447 2217 5506 illum,
2234 5459 2267 5499 ia
2288 5445 2440 5497 sciolo
2461 5445 2664 5511 quodam
2690 5450 2888 5505 intrusa,
2905 5452 3150 5511 captandas
3169 5445 3383 5500 antithe-

1818 5515 1888 5561 sis
1908 5512 2059 5573 gratia
2076 5521 2225 5573 ;_qua:
2249 5519 2337 5573 nos
2356 5519 2465 5573 cum
2479 5507 2595 5556 aliis
2616 5508 2678 5573 de
2701 5512 2883 5568 causis,
2922 5507 3023 5559 tum
3057 5512 3203 5560 etiam
3227 5512 3383 5560 Vero-

1821 5567 1989 5622 neu'sis
2011 5585 2065 5621 ac
2078 5567 2407 5621 'Nonantulani
2434 5569 2787 5633 exemplarium
2821 5567 3107 5623 auctoritate
3136 5575 3383 5636 expunxi:

1820 5648 1943 5687 mus.
