4056 6184
667 217 767 266 037

667 331 807 383 uelis
827 332 853 383 ?
877 330 1089 401 (Matth.
1114 328 1201 389 22,
1229 334 1276 377 et
1302 324 1427 376 an.
1454 322 1572 392 20.)
1598 322 1820 389 Quando
1848 324 1996 390 dicit,
2015 342 2115 379 non
2145 345 2245 381 περ

671 426 822 488 bent,
854 439 1021 493 neque
1044 421 1311 480 nubenlur,
1345 416 1433 468 sed
1459 426 1604 470 enim
1631 417 1762 470 sicut
1792 419 1968 488 Angeli
1993 420 2044 472 in
2072 422 2210 473 culis
2229 463 2244 484 ,

671 532 778 568 non
809 523 994 568 natura
1021 519 1073 563 et
1099 507 1396 562 substantia
1421 520 1708 574 corporum
1753 508 1976 573 tollitur,
2006 509 2102 564 sed
2127 511 2245 580 glo-

670 608 765 661 ria:
789 598 1092 672 magnitudo
1115 606 1465 653 monstratur.
1486 597 1672 668 Neque
1691 601 1832 654 enim
1854 603 2112 672 scriptum
2139 612 2244 668 est,

672 701 817 748 erant
833 691 1045 762 Angeli;
1070 688 1187 754 sed,
1212 690 1339 743 sicut
1362 689 1566 759 Angeli,
1593 690 1680 744 ubi
1706 692 2001 746 similitudo
2023 694 2224 762 promit

667 785 813 849 titur,
844 781 1040 836 veritas
1067 780 1382 850 denegatur.
1420 779 1609 845 Erunt,
1641 782 1843 852 inquit,
1873 784 2002 837 sicut
2044 785 2244 854 Angeli,

661 873 714 930 id
741 881 860 941 est,
891 872 1093 926 similes
1119 872 1446 942 Angelorum
1477 891 1490 926 :
1519 888 1648 944 ergo
1687 874 1932 930 homines
1975 891 2096 931 esse
2135 892 2242 931 non

668 964 936 1020 desinent.
965 963 1152 1034 lnclyti
1181 963 1396 1034 quidem
1419 1007 1436 1032 ,
1465 974 1521 1020 et
1548 967 1807 1037 Angelico
1832 967 2122 1038 splendore
2149 968 2241 1023 de-

661 1054 866 1119 curati;
896 1053 993 1110 sed
1021 1064 1197 1109 tamen
1226 1054 1514 1110 homines:
1541 1065 1601 1111 ut
1635 1067 1691 1112 et
1731 1059 2056 1126 Apostolus,
2101 1059 2218 1126 Apo

657 1146 831 1200 stolus
864 1146 953 1210 sit,
981 1155 1036 1200 et
1063 1144 1246 1210 Maria,
1278 1145 1442 1200 Maria
1474 1164 1488 1200 :
1515 1155 1569 1201 ct
1589 1147 1949 1202 confundatur
1976 1148 2048 1219 (a)
2079 1150 2245 1202 hare-

659 1239 755 1300 sis,
785 1251 906 1306 qua:
953 1235 1076 1290 ideo
1120 1237 1324 1292 incerta
1369 1246 1424 1291 et
1467 1253 1661 1308 magna
1708 1240 2001 1308 promittit,
2035 1250 2095 1295 ut
2127 1256 2244 1310 qua:

659 1334 802 1379 certa
836 1334 892 1381 et
919 1325 1194 1381 moderata
1223 1335 1370 1394 sunt,
1399 1327 1631 1382 auferat.

729 1418 785 1473 5.
819 1417 888 1472 Et
929 1419 1052 1489 quia
1095 1419 1366 1475 hazreseos
1404 1421 1572 1475 semel
1617 1419 1839 1476 fecimus
1874 1421 2241 1488 mentionem,

657 1525 764 1580 qua
787 1509 1042 1566 Lucinius
1064 1521 1249 1568 noster
1269 1513 1445 1584 dignae
1465 1514 1788 1592 eloquentiae
1817 1514 1942 1569 tuba
1967 1513 2245 1583 praedicari

657 1603 880 1672 potest?
907 1605 1019 1674 qui,
1048 1606 1397 1674 spurcissima
1428 1621 1524 1675 per
1551 1606 1836 1675 Hispanias
1861 1606 2110 1661 Basilidis
2138 1607 2248 1660 ha:-

657 1693 767 1750 rcsi
805 1695 1095 1760 saeviente,
1139 1704 1197 1750 et
1224 1697 1392 1750 instar
1419 1697 1584 1766 pestis
1625 1705 1680 1751 et
1707 1697 1914 1762 morbi,
1944 1707 2082 1751 totas
2108 1698 2245 1752 intra

661 1782 975 1854 Pyrenaeum
991 1793 1046 1840 et
1072 1784 1343 1841 Oceanum
1372 1795 1612 1841 vastante
1643 1787 1967 1856 provintias,
1996 1787 2117 1843 ﬁdei
2142 1788 2245 1842 Ec-

660 1875 982 1931 clesiasticaa
1024 1878 1194 1931 tenuit
1227 1877 1537 1946 puritatem,
1573 1892 1908 1947 nequaquam
1925 1877 2240 1947 suscipiens,

657 1965 917 2034 Armagil,
936 1965 1220 2032 Barbelon,
1246 1967 1508 2030 Abraxas,
1529 1968 1854 2031 Balsamum,
1874 1979 1929 2024 et
1961 1967 2244 2023 ridiculum

657 2056 1030 2122 Lcusiboram,
1050 2067 1357 2126 czeteraque
1381 2059 1548 2128 magis
1570 2067 1838 2127 portenta,
1872 2074 2032 2129 quam
2063 2059 2243 2113 nomi-

658 2162 747 2212 ua,
776 2161 898 2216 quae
938 2147 1006 2202 ad
1032 2148 1425 2216 imperitorum,
1454 2157 1511 2203 et
1553 2151 1988 2206 muliercularum
2033 2152 2245 2205 animos

655 2237 1022 2304 concitandos,
1049 2237 1122 2307 (ὁ)
1144 2239 1297 2309 quasi
1319 2240 1388 2295 de
1413 2241 1687 2296 Hebraicis
1708 2242 1946 2298 fontibus
1969 2243 2238 2307 hauriunt,

653 2327 889 2384 barbaro
942 2329 1216 2398 simplices
1258 2327 1501 2401 quosque
1527 2340 1792 2388 terrentes
1808 2347 1984 2388 sono;
2017 2342 2074 2386 ut
2102 2331 2241 2403 quod

656 2434 762 2473 non
782 2419 1103 2489 intelligunt,
1123 2420 1242 2488 plus
1274 2419 1439 2492 454
1476 2422 1758 2477 mirentur.
1778 2422 1966 2478 Refert
1983 2423 2240 2487 Irenzeus,

655 2511 738 2563 vir
778 2508 1213 2578 Apostolicorum
1258 2518 1598 2579 temporum,
1639 2521 1695 2564 et
1739 2511 1950 2581 Papini,
1985 2512 2244 2567 auditoris

657 2600 1016 2671 Evangelista:
1037 2598 1258 2655 Joannis
1279 2599 1596 2668 discipulus,
1624 2601 2026 2672 EpiscOpusque
2055 2603 2242 2658 Eccle-

656 2692 753 2747 iige
781 2689 1162 2761 Lugdunensis
1184 2706 1203 2743 :
1233 2689 1376 2759 quod
1406 2690 1615 2745 Marcus
1640 2691 1858 2761 quidam
1888 2691 1956 2746 de
1998 2691 2243 2747 Basilidis

657 2782 903 2838 Gnostici
929 2783 1098 2854 stirpe
1124 2781 1482 2847 descendens,
1513 2783 1742 2851 primum
1772 2782 1839 2836 ad
1863 2781 2064 2838 Gallias
2089 2798 2244 2838 vene.

653 2876 769 2927 rit:
801 2882 858 2929 et
900 2887 994 2929 eas
1023 2882 1202 2943 partes
1243 2889 1341 2944 per
1379 2888 1512 2943 quas
1539 2873 1834 2930 Rhodanus
1876 2885 1931 2930 et
1973 2874 2242 2930 Garumna

654 2967 850 3031 ﬂuunt,
873 2979 970 3020 sua
990 2965 1231 3020 doctrina
1255 2965 1640 3020 maculaverit:
1673 2965 2010 3036 maximeque
2036 2965 2242 3022 nobiles

653 3057 908 3123 feminas,
935 3057 1178 3128 quzedam
1213 3058 1267 3113 in
1291 3057 1507 3114 occulto
1534 3058 1788 3129 mysteria
1823 3059 2238 3128 repromittens,

667 3154 771 3204 hoc
793 3163 978 3206 errore
996 3149 1310 3205 seduxerit:
1331 3150 1549 3220 magicis
1565 3149 1791 3215 artibus,
1817 3157 1871 3205 et
1891 3159 2098 3207 secreta
2120 3165 2240 3216 cor-

718 3329 794 3391 (a)
827 3328 1028 3379 Scilicet
1050 3328 1438 3391 Origenistarum
1457 3365 1471 3387 ,
1496 3341 1608 3389 quo:
1633 3341 1723 3391 per
1755 3329 1800 3378 id
1838 3331 2074 3391 temporis
2103 3332 2240 3379 inva-

653 3388 896 3458 li-seebat,
922 3397 973 3437 et
995 3388 1295 3458 quastacpe
1319 3388 1440 3436 infra
1459 3423 1473 3445 ,
1501 3388 1556 3458 et
1587 3388 1642 3458 in
1667 3389 1924 3458 Epitapbio
1942 3388 2114 3458 Paula":
2136 3405 2239 3458 [na-

653 3451 746 3510 tris
771 3457 879 3509 post
901 3449 1115 3510 medium
1152 3449 1252 3497 late
1271 3451 1552 3510 impugnat;
1585 3449 1776 3510 tametsi
1816 3449 1921 3498 haec
1945 3453 2116 3500 eadem
2141 3451 2240 3500 Pe-

655 3508 836 3567 lagiani
860 3508 1304 3573 promittebant_._ut
1327 3508 1388 3555 ex
1427 3508 1561 3568 Epist
1574 3508 1784 3573 ._Hi_larii
1821 3511 1881 3557 ad
1913 3511 2239 3573 Augustinum

655 3567 960 3633 compertum
985 3575 1098 3633 est;
1125 3577 1177 3618 et
1198 3568 1313 3616 Mss.
1338 3567 1534 3633 quoque
1557 3567 1765 3628 plurium
1789 3567 2201 3621 numero'habent
2219 3608 2235 3633 ,

656 3626 1017 3690 confundantur
1040 3626 1249 3678 hiereses
1264 3665 1277 3690 ,
1295 3634 1339 3678 et
1356 3626 1660 3690 promittunt,
1688 3637 1784 3677 etc.

1259 3665 1834 3757 e
1849 3689 2110 3757 .Hebraicis
2133 3692 2236 3757 fon-

654 3747 787 3812 tibus
808 3747 1107 3810 hauriantur,
1135 3761 1187 3800 et
1209 3747 1456 3812 praecipue
1481 3747 1694 3812 armabit
1719 3783 1733 3808 ,
1771 3750 2054 3812 Balsamon,
2082 3753 2238 3804 tensi-

653 3810 840 3875 ltoram,
863 3826 974 3875 quae
1005 3813 1108 3875 vix,
1134 3810 1223 3861 aut
1255 3825 1319 3861 ne
1347 3810 1426 3860 vix
1464 3810 1662 3873 quidem
1693 3811 1923 3875 invenias
1953 3810 2078 3874 apud
2116 3815 2237 3864 alios

652 3871 948 3938 Scriptures,
975 3874 1144 3938 nullibl
1168 3879 1307 3938 certe
1327 3913 1341 3933 ,
1377 3871 1542 3938 neque
1581 3871 1707 3938 apud
1750 3871 1997 3938 irenzeum'
2023 3875 2237 3938 explica-

653 3942 751 3985 tur.
765 3932 890 3986 'Duo
909 3932 1075 3986 tamen
1097 3936 1239 3985 obvia
1258 3942 1390 3994 sunt,
1419 3932 1674 3992 Barbelon,
1698 3942 1751 3998 et
1769 3933 2006 3996 abrasas,
2029 3932 2234 3998 quorum

651 4016 862 4067 alterum
881 4015 1039 4080 filium
1065 4016 1171 4076 Dei,
1195 4029 1286 4066 seu
1311 4014 1413 4066 Beli
1435 4022 1592 4075 sonat,
1619 4028 1683 4065 ex
1703 3993 1895 4077 ’ΤΒ-ττι,
1913 4023 1966 4066 et
1988 3993 2234 4069 contracte

651 4088 725 4165 ’πι
744 4106 843 4168 Bel,
869 4106 1027 4156 Graec.
1051 4119 1158 4166 βῆλος
1175 4111 1343 4155 notum
1365 4105 1485 4154 Idoli
1509 4119 1722 4168 nomen;
1748 4107 1955 4156 alterum
1979 4110 2234 4161 conﬁctam

652 4189 833 4226 nomen
858 4183 934 4225 est
958 4189 1023 4224 ex
1045 4177 1153 4225 365.
1181 4173 1399 4225 localium
1425 4175 1655 4225 ccelorum
1693 4179 1984 4237 positionum
2010 4216 2024 4237 ,
2049 4187 2104 4229 ut
2126 4181 2232 4231 Ire-

653 4250 794 4287 nteus
823 4237 1050 4299 loquitur,
1075 4250 1298 4304 nurnero.
1324 4237 1424 4286 Sed
1450 4237 1664 4302 Armagil
1694 4237 1827 4287 idem
1859 4247 2082 4300 putamus
2102 4243 2233 4304 quod

657 4307 711 4350 et
735 4298 1336 4364 Hannbgenesscribitur,
1364 4305 1418 4347 et
1444 4298 1684 4364 Harmbge
1702 4336 1716 4364 ,
1753 4306 1807 4364 et
1839 4298 2145 4364 Harmogen',
2181 4312 2234 4354 et

652 4336 1730 4423 QWK'ﬁiiif'ﬁférisﬁﬂé'Zﬁél.
1755 4336 2231 4423 ΰιὲἶιῖιέἇίιῗέἱιίρῖιῖ

655 4420 814 4481 legas,
841 4425 955 4485 put_a
979 4418 1292 4485 Oromazujn,
1317 4418 1397 4467 vel
1429 4427 1485 4468 ut
1520 4419 1626 4468 aliis
1665 4420 1856 4482 placet,
1881 4418 2228 4485 Oromagdam,

655 4435 814 4481 tegas,
841 4435 955 4480 puta
979 4435 1292 4476 uromazum,
1317 4435 1397 4467 vei
1429 4435 1485 4468 ιιι
1520 4435 1626 4468 anis
1665 4435 1856 4482 placet,
1881 4435 2227 4531 uromagaam,

653 4489 882 4547 veterum
903 4479 1162 4547 Persarum
1187 4479 1368 4547 Deum,
1392 4486 1592 4547 auctore
1613 4487 1864 4547 Zoroastre
1889 4515 1902 4547 ρ
1936 4483 2060 4543 signi
2097 4487 2227 4547 cari;

650 4543 795 4604 cujus
826 4540 1118 4604 Hebraicam
1142 4541 1358 4604 nominis
1380 4539 1778 4604 etymologiama
1808 4540 1931 4591 lucis
1952 4539 2230 4604 piaestantia

649 4600 1063 4664 ac'magnitudine
1087 4601 1295 4664 iungere
1318 4600 1512 4650 videtur
1535 4600 1820 4651 Plutarchus
1851 4604 1898 4650 in
1932 4600 2224 4656 Alexandro.

649 4660 834 4715 Porro'
862 4660 1108 4713 Balsamm
1159 4661 1288 4711 Solis
1321 4674 1501 4725 nomen
1545 4669 1623 4711 est
1640 4698 1654 4723 ,
1701 4676 1848 4725 quem
1889 4670 1942 4713 et
1972 4664 2230 4719 thnices

649 4729 930 4785 adorantes,
973 4726 1125 4786 patria
1165 4735 1287 4786 voce
1310 4722 1645 4786 appellabant
1673 4722 2046 4786 B_éelsamen,iut
2089 4730 2229 4778 testis

649 4797 728 4838 est
765 4783 1118 4837 Sanchoriiaton
1155 4784 1276 4848 apud
1309 4783 1492 4833 EuSeb.
1528 4784 1561 4832 Ι.
1610 4785 1670 4848 1,-
1697 4784 1911 4848 Przepar.
1951 4783 2135 4848 Evang.
2176 4796 2229 4839 et

647 4849 774 4912 apud
801 4848 1029 4912 eumdem
1059 4844 1238 4912 cap._7.
1261 4858 1537 4912 memorans
1563 4844 1699 4896 Philo
1719 4844 1902 4895 cultum
1939 4846 2068 4912 Solis
2089 4844 2226 4912 apud

645 4907 930 4968 Phoenices,
959 4925 982 4954 ι
999 4907 1148 4958 deum
1173 4908 1326 4965 hunc,
1362 4907 1535 4969 inquit,
1561 4919 1711 4969 unum
1736 4919 1848 4956 esse
1871 4909 1980 4958 οωιί
2004 4907 2225 4960 modera-

647 4981 806 5021 t-irem
831 4971 1078 5030 putabant,
1104 4981 1216 5030 eum
1242 4967 1474 5018 vocantes
1495 4967 1768 5030 Beelsama,
1793 4969 1920 5030 quod
1945 4969 2225 5021 Phoenicum

647 5033 810 5092 lingua
831 5029 1096 5093 hominum,
1124 5029 1289 5093 (ἂι-ω
1312 5037 1474 5078 autem
1498 5029 1672 5079 Jovem
1702 5029 1854 5093 notat.
1875 5047 1897 5074 ιι
1925 5029 2088 5093 Atque
2111 5033 2224 5081 inde

647 5089 807 5141 ortum
839 5091 1097 5152 Punicum,
1117 5090 1417 5152 Baalsamen,
1449 5097 1661 5139 notatum
1685 5090 1747 5138 ab
1770 5089 2040 5152 Augustino
2066 5093 2147 5140 lib.
2172 5095 2220 5142 7.

646 5152 904 5219 Locution.
918 5164 971 5219 ρ.
999 5152 1041 5200 1.
1070 5151 1168 5219 Sed
1195 5159 1245 5200 et
1286 5150 2225 5219 gal‘smnen‘prphnaalsainenjnvenies

645 5215 697 5261 in
723 5213 879 5262 Plauti
918 5211 1120 5274 Paenula
1143 5211 1264 5274 Act._
1286 5213 1332 5274 5.
1363 5211 1511 5274 Scen.
1543 5209 1590 5260 Ξ.
1619 5209 1683 5258 Ut
1715 5219 1882 5274 autem
1904 5212 2103 5274 Belenus
2137 5227 2223 5274 pro

643 5274 810 5346 gelen,
838 5279 890 5346 et
913 5271 1054 5346 Belus
1078 5286 1164 5342 pro
1178 5271 1292 5346 uel,
1304 5273 1368 5320 ita
1393 5271 1668 5346 B‘qlsainam
1686 5271 2044 5346 pro_I:aL~_amen
2063 5271 2220 5344 Latini

644 5332 876 5396 dixerint,
903 5332 1035 5396 quod
1065 5332 1394 5396 Siguillcat‘ex
1417 5332 1654 5396 Hebraica
1688 5332 1853 5396 radice
1884 5341 2070 5395 Deum;
2113 5335 2220 5396 sive

645 5391 1054 5456 pomntujn'cmli,
1081 5391 1209 5456 unde
1233 5399 1284 5442 et
1309 5393 1355 5440 in
1377 5393 1581 5456 quadam
1605 5392 1925 5456 [inscriptione
1949 5391 2071 5456 apud
2107 5394 2219 5442 Sel-

643 5452 827 5516 denuin
850 5452 1065 5516 Minerva
1096 5453 1335 5516 Bellsama
1366 5452 1493 5504 dicta
1529 5463 1623 5503 est.
1665 5452 1894 5516 Denique
1925 5452 2177 5505 lae-usibora
2201 5493 2215 5511 ,

645 5512 776 5572 quod
800 5511 1100 5576 meditulium
1120 5514 1238 5563 lucis
1261 5517 1439 5576 exponi
1462 5520 1650 5575 potest,
1684 5511 1967 5564 illud'idem
1999 5523 2220 5576 putamus

649 5582 795 5621 esse.
820 5572 946 5628 quod
983 5571 1200 5636 [reximus
1231 5587 1294 5622 ex
1328 5571 1949 5636 Hareticorumgsententia
1994 5571 2216 5636 Magnum

653 5637 824 5678 Lumen
850 5636 1004 5684 vocat.
1027 5643 1056 5678 a
1076 5631 1224 5684 Patre
1247 5641 1440 5684 unctum
1458 5673 1472 5697 ,
1509 5641 1562 5683 ut
1585 5633 1854 5698 perfectum
1879 5635 2049 5699 ﬂeret;
2070 5631 2213 5686 inde-

1963 208 2207 264 SANCTI
2244 210 2499 268 [11εῆοΝ
2512 215 2631 270 ΥΙΙ

3859 246 3965 307 σςε

2362 349 2553 435 porum
2592 339 2900 411 voluptate,
2942 359 3180 403 amorem
3222 353 3304 406 sui
3346 359 3642 416 concilians
3677 364 3780 435 (c).
3834 367 3961 426 lude

2364 428 2676 493 l’yrenamm
2702 437 2987 505 transiens,
3011 439 3290 511 Hispanias
3305 455 3600 519 occuparit,
3626 428 3820 514 et‘h'oc
3847 471 3958 518 stn-

2355 522 2431 574 dii
2463 522 2729 587 hahuerit.
2758 537 2818 582 ut
2842 529 3072 587 divitum
3099 534 3329 606 domos,
3373 551 3430 595 et
3473 543 3528 596 in
3559 545 3695 615 ipsis
3721 550 3957 611 feminas

2359 617 2592 670 maxime
2622 631 2906 710 appeteret
2931 639 2952 676 :
2987 640 3108 695 qua:
3134 628 3402 686 ducuntur
3434 637 3598 692 variis
3623 639 3953 710 desideriis,

2358 717 2576 773 semper
2600 707 2890 776 discentes,
2922 723 2977 768 et
2992 731 3265 787 nunquam
3310 722 3378 776 ad
3400 725 3680 783 scientiam
3705 707 3956 790 veritatis

2360 797 2760 860 pervenientes.
2787 801 2899 857 Hoc
2924 804 3012 860 ille
3038 808 3256 878 scripsit
3280 823 3406 868 ante
3431 830 3604 872 annos
3621 820 3850 878 circiter
3873 826 3952 892 (Δ)

2359 893 2648 944 trecentos.
2681 889 2751 944 Et
2775 895 2989 962 scripsit
3014 897 3066 950 in
3093 897 3179 954 bis
3198 900 3370 968 libris,
3393 920 3531 974 quos
3550 908 3806 966 adversus
3832 889 3956 969 om;

2356 991 2452 1030 nes
2497 977 2732 1035 hzereses
2758 983 3072 1042 doctissimo
3112 999 3168 1044 et
3205 992 3641 1064 eloquentissimo
3679 1016 3955 1059 sermone
4030 991 4031 994 η

2355 1073 2673 1136 composuit.

2423 1159 2478 1213 4.
2513 1160 2590 1213 Ex
2637 1178 2746 1232 quo
2777 1168 3069 1234 perpendat
3097 1173 3383 1241 prudentia
3413 1187 3523 1242 t,
3553 1197 3659 1250 qua
3686 1182 3946 1242 Lucinius

2357 1260 2537 1305 noster
2563 1253 2717 1309 laude
2744 1257 2816 1310 sit
2838 1258 3052 1328 dignus,
3082 1265 3171 1330 qui
3204 1265 3398 1322 clausit
3425 1284 3610 1325 aurem
3632 1312 3649 1336 ,
3689 1289 3762 1328 ne
3791 1279 3945 1328 andi-

2354 1350 2437 1395 ret
2454 1342 2713 1410 judicium
2741 1350 3016 1417 sanguinis
3042 1369 3058 1405 :
3087 1362 3142 1407 et
3167 1367 3382 1410 omnem
3407 1358 3763 1416 substantiam
3792 1379 3940 1418 suam

2353 1431 2604 1500 dispersit
2628 1443 2683 1490 et
2710 1435 2857 1492 dedit
2884 1442 3222 1510 pauperibus,
3255 1455 3315 1500 ut
3334 1446 3538 1515 iustitia
3559 1450 3676 1519 ejus
3701 1465 3940 1509 maneret

2354 1523 2408 1577 in
2431 1534 2689 1582 aeternum
2719 1530 2739 1598 (
2761 1529 2855 1584 Ps.
2889 1533 2984 1588 111
3007 1535 3050 1603 ).
3075 1535 3183 1590 Nec
3204 1541 3392 1607 patria:
3415 1556 3526 1595 sua:
3545 1541 3798 1613 largitate
3815 1559 3938 1599 con-

2356 1624 2551 1683 tentus,
2576 1620 2716 1673 misit
2739 1620 3189 1694 Jerosolymaruin
3211 1635 3266 1681 et
3285 1628 3659 1686 Alexandrinae
3681 1633 3936 1691 Ecclesia

2355 1716 2559 1763 tantum
2584 1713 2720 1777 auri,
2744 1726 2996 1782 quantum
3019 1717 3306 1773 multorum
3329 1722 3497 1790 possit
3520 1725 3714 1794 inopiae
3739 1727 3935 1782 subve-

2353 1803 2477 1869 niri.
2510 1802 2661 1870 Quod
2704 1821 2823 1859 cum
2871 1809 3024 1861 multi
3055 1810 3314 1865 mirentur
3335 1820 3391 1867 et
3412 1815 3723 1883 praedicent,
3755 1832 3859 1887 ego
3885 1818 3935 1873 in

2353 1895 2444 1948 illo
2473 1901 2638 1968 magis
2655 1899 2884 1955 laudabo
2907 1901 3170 1958 fervorem
3192 1915 3247 1960 et
3263 1908 3497 1964 studium
3518 1911 3931 1981 Scripturarum.

2353 1985 2472 2051 Quo
2498 1988 2586 2043 ille
2603 1989 2873 2045 desiderio
2891 1995 3146 2062 opuscula
3167 2006 3352 2051 nostra
3375 1998 3642 2069 ﬂagitavit,
3670 2011 3726 2057 et
3755 2005 3934 2059 missis

2351 2092 2445 2132 sex
2479 2081 2700 2135 notariis
2728 2084 2890 2152 (quia
2929 2085 2980 2138 in
3024 2086 3124 2140 hac
3160 2091 3428 2156 provincia
3467 2092 3633 2146 Latini
3666 2098 3931 2151 sermonis

2354 2167 2425 2239 (ρ)
2450 2171 2770 2240 scriptorum
2794 2177 3015 2243 penuria
3033 2178 3140 2245 est)
3155 2178 3385 2234 describi
3433 2181 3594 2255 555
3642 2185 3744 2239 sibi
3772 2185 3928 2251 fecit,

2351 2276 2700 2332 qumcumque
2739 2264 2808 2318 ab
2843 2265 3202 2322 adolescentia
3217 2285 3383 2340 usque
3405 2272 3456 2325 in
3473 2288 3711 2342 przesens
3725 2283 3929 2344 tempus

2352 2352 2713 2409 dictavimus?
2742 2356 2858 2411 Non
2886 2373 2987 2413 nos
3012 2359 3315 2430 honoravit,
3345 2365 3435 2432 qui
3465 2367 3667 2433 parvuli
3695 2377 3749 2421 et
3774 2369 3929 2422 mini-

2350 2442 2856 2500 miChristianorum
2873 2449 3109 2503 omnium
3139 2464 3343 2519 sumus,
3374 2461 3429 2508 et
3461 2455 3529 2508 ob
3550 2457 3923 2512 conscientiam

2351 2545 2715 2603 peccatorum,
2748 2538 3135 2595 Bethleemitici
3160 2544 3301 2597 ruris
3327 2558 3456 2598 saxa
3487 2547 3804 2613 incolimus;
3835 2550 3924 2606 sed

2350 2626 2644 2692 Christum,
2671 2630 2761 2699 qui
2790 2631 3084 2686 honoratur
3121 2633 3178 2688 in
3210 2636 3383 2690 servis
3405 2638 3552 2704 suis;
3582 2648 3638 2693 et
3662 2641 3924 2709 Apostolis

2347 2719 2693 2786 repromittit,
2716 2720 2934 2776 dicens:
2961 2740 2981 2774 ι
3002 2723 3103 2790 Qui
3117 2739 3215 2778 vos
3235 2725 3517 2795 recipiunt,
3541 2742 3630 2783 me
3643 2731 3920 2799 recipiunt.

2350 2811 2414 2866 Et
2455 2813 2543 2882 qui
2569 2827 2656 2868 me
2684 2814 2980 2885 recipiunt,
3027 2817 3294 2887 recipiunt
3335 2833 3492 2886 eum,
3532 2821 3625 2891 qui
3658 2836 3748 2876 me
3787 2823 3922 2878 misit

2347 2902 2580 2976 (Matth.
2613 2905 2680 2960 10

2419 2993 2473 3048 5.
2503 2993 2683 3064 Itaque
2703 3034 2720 3061 ,
2768 2996 3044 3051 carissima
3085 2996 3373 3065 lilia,hanc
3400 3000 3694 3070 Epistolam
3729 3003 3920 3058 amoris

2348 3085 2454 3140 mei
2486 3085 2539 3139 in
2570 3085 2719 3139 illum
2753 3086 2950 3142 habeto
2977 3088 3317 3158 Epitaphium
3347 3108 3361 3143 :
3403 3100 3458 3144 et
3481 3093 3739 3160 quidquid
3772 3107 3918 3162 posse

2349 3189 2435 3229 me
2474 3176 2662 3230 scieris
2691 3177 2743 3229 in
2775 3191 2938 3245 opere
2974 3178 3272 3246 spirituali,
3312 3180 3566 3236 audacter
3595 3183 3830 3251 impera,
3869 3191 3920 3236 ut

2347 3268 2520 3322 sciant
2545 3269 2739 3323 saecula
2786 3279 2906 3338 post
2945 3267 3120 3325 futura
3139 3311 3155 3337 ,
3199 3287 3322 3326 eum
3344 3313 3361 3339 ,
3391 3272 3478 3342 qui
3508 3272 3638 3326 dicit
3667 3276 3720 3327 in
3753 3273 3878 3328 lsaia
3903 3290 3917 3330 :

2353 3376 2372 3409 ‹
2404 3359 2585 3413 Posuit
2612 3374 2700 3414 me
2723 3369 2779 3413 ut
2808 3361 3056 3429 sagittam
3079 3361 3328 3426 electam,
3361 3363 3413 3416 in
3436 3361 3686 3433 pharetra
3714 3379 3810 3418 sua
3832 3364 3921 3417 ab-

2345 3449 2528 3503 condit
2551 3465 2636 3505 me
2661 3469 2678 3501 ι
2709 3448 2858 3520 (lsai
2876 3451 2946 3506 49
2969 3451 3009 3521 ),
3054 3451 3188 3507 duos
3219 3452 3362 3507 viros
3393 3454 3553 3507 tantis
3575 3455 3738 3509 maris
3767 3464 3919 3524 atque

2353 3549 2615 3592 terrarum
2660 3539 2800 3595 inter
2841 3554 2902 3595 se
2955 3543 3144 3610 spatiis
3181 3552 3496 3612 separatos,
3543 3559 3642 3599 suo
3677 3546 3918 3600 acumine

2344 3633 2676 3700 vulnerasse,
2695 3644 2752 3688 ut
2773 3649 2895 3689 cum
2911 3645 3096 3690 mutuo
3116 3635 3170 3690 in
3191 3650 3353 3692 carne
3367 3652 3427 3693 se
3449 3639 3711 3704 nesciant,
3737 3653 3918 3694 amore

2343 3724 2563 3795 spiritus
2587 3725 2926 3794 copulentur.

2953 3814 3294 3886 Subscriptio.

2411 3928 2658 3982 Sanctam
2683 3935 2735 3981 te
2759 3940 2985 3996 corpore
3005 3935 3060 3982 et
3084 3927 3274 3996 spiritu
3295 3935 3472 3982 servet
3499 3927 3586 3982 ille
3606 3928 3910 3994 Samarites,

2342 4017 2392 4072 id
2419 4027 2521 4085 est,
2554 4017 2797 4072 Servator
2814 4026 2868 4070 et
2889 4026 3078 4082 custos,
3103 4016 3170 4071 de
3191 4032 3294 4087 quo
3323 4017 3374 4070 in
3399 4017 3614 4072 Psalmo
3635 4018 3910 4073 scribitur:

2347 4127 2366 4160 ι
2397 4108 2512 4163 Non
2527 4108 2854 4172 dormitabit,
2873 4122 3045 4176 neque
3065 4106 3315 4172 dormiet,
3337 4107 3425 4176 qui
3447 4107 3679 4162 custodit
3702 4106 3863 4162 Israel
3887 4127 3906 4160 ι

2341 4199 2457 4271 (Ps.
2479 4198 2618 4270 ΩΟ)
2643 4217 2656 4266 ;
2683 4209 2739 4254 ut
2758 4199 2870 4263 Hir,
2895 4200 2985 4269 qui
3009 4199 3387 4269 interpretatur
3407 4199 3550 4270 vigil,
3575 4200 3666 4270 qui
3689 4201 3912 4255 descen-

2407 4392 2436 4428 e
2459 4377 3174 4443 Christum_appellatum;_qua
3207 4377 3270 4427 de
3303 4391 3361 4428 re
3398 4380 3644 4441 przestabit
3679 4381 3832 4443 ipsum
3856 4382 3908 4430 S.

2363 4439 2511 4490 renaei
2537 4440 2693 4488 locum
2717 4439 2813 4488 lib.
2835 4442 2874 4487 Ι.
2901 4454 3006 4501 cap.
3030 4439 3111 4501 29.
3133 4443 3377 4488 conferre.

2399 4504 2470 4564 (c)
2504 4501 2610 4551 Non
2633 4501 2747 4550 heic
2776 4500 3071 4564 modo,’set_l
3105 4508 3156 4550 et
3191 4501 3356 4564 multo
3377 4507 3488 4563 post
3521 4501 3675 4564 Epist.
3715 4502 3774 4551 ad
3808 4503 3910 4554 He-

2340 4561 2518 4625 dibiam
2569 4569 2741 4625 quast,
2781 4562 2838 4625 lQ
2863 4597 2878 4621 ,
2933 4570 2986 4611 et
3037 4561 3437 4625 Commentariun
3479 4563 3528 4611 in
3570 4561 3758 4625 ’_Isaiam
3802 4579 3906 4625 cap.

2337 4621 2504 4672 LXIV.
2539 4621 2787 4672 memoria:
2817 4623 3023 4671 fortasse
3055 4623 3303 4672 conlidens
3338 4622 3540 4672 Hieron.
3569 4623 3758 4672 Irenaeo
3780 4621 3912 4673 aii-

2335 4686 2408 4747 git
2429 4683 2944 4747 profectionemhiarci
2975 4682 3168 4747 Egyptii
3205 4686 3252 4747 in
3275 4683 3527 4747 Hispanias
3549 4719 3564 4743 ,
3602 4685 3823 4747 duosque
3863 4686 3910 4733 in

2337 4743 2487 4806 unum
2511 4743 2760 4806 confundit
2781 4744 2985 4806 hujusce
3007 4743 3215 4792 nominis
3239 4743 3521 4806 hzereticos,
3552 4743 3757 4806 quorum
3781 4748 3911 4806 prior

2335 4805 2538 4867 Magus,
2571 4818 2719 4868 quem
2743 4805 2796 4868 S.
2832 4804 3048 4868 Irenreus
3068 4806 3284 4868 confutat
3312 4818 3324 4851 :
3349 4804 3526 4853 Gallias
3558 4804 3670 4868 labe
3705 4804 3910 4865 iniecit,

2334 4865 2441 4933 sive
2466 4874 2518 4915 ut
2543 4865 2646 4933 ipse
2665 4865 2876 4933 loquitur
2894 4878 2983 4928 cap
2999 4926 3010 4933 .
3023 4867 3073 4914 9.
3097 4865 3150 4915 in
3169 4865 3250 4933 iis,
3266 4877 3378 4933 qua:
3390 4865 3757 4933 secundaninos
3774 4874 3908 4933 sunt,

2333 4926 2549 4987 regiones
2562 4922 2897 4976 Rhodanenses
2914 4922 3089 4976 multas
3106 4922 3300 4978 seduitii
3313 4923 3545 4987 mulieres
3565 4922 3909 4987 ,‘alterjunior

2333 4985 2604 5051 Egyptius,
2628 4988 2733 5036 sive
2752 4987 3032 5051 Memphitis
3051 4987 3290 5051 ducentos
3303 4985 3406 5036 fere
3428 4992 3534 5051 post
3550 4996 3706 5051 annos
3726 4985 3906 5046 Hispa-

2334 5046 2441 5098 nias
2459 5046 2689 5110 pervasit,
2707 5051 2788 5098 ubi
2813 5046 3036 5110 Agapen,
3061 5048 3356 5110 Helpidium,
3383 5053 3435 5096 et
3457 5046 3908 5110 Priscillianum,_ut

2333 5105 2569 5188 Sulpitius
2590 5105 2809 5188 Severus
2830 5105 3486 5188 narra‘t,;auditores.ha_huit,
3502 5105 3902 5188 augt-1933.382.

2331 5173 2378 5221 in
2403 5169 2831 5232 Caesaraugustam
2855 5169 3066 5219 Concilio
3087 5171 3295 5232 damnati
3321 5169 3662 5232 _suut._llujus
3683 5170 3904 5232 re_i_veri-

2330 5239 2403 5281 tas
2424 5239 2478 5281 ut
2499 5227 2654 5291 magis
2681 5238 2871 5291 constet
2889 5267 2902 5289 ,
2927 5232 3097 5278 confer
3117 5244 3227 5280 cum
3249 5228 3454 5289 Sulpitio
3477 5227 3716 5291 Isidorum
3736 5227 3904 5290 Hispa-

2328 5291 2541 5358 lenseu],
2561 5289 2642 5358 tibi
2665 5291 2728 5339 de
2754 5290 2904 5358 idatiu
2925 5291 3046 5358 agit,
3069 5302 3121 5340 et
3141 5306 3260 5358 cuni
3273 5298 3483 5358 utroque
3509 5289 3770 5358 Irenaeum.
3793 5350 3802 5358 .

2392 5353 2470 5415 (ά)
2497 5351 2691 5415 Mallem
2716 5351 2945 5415 equidem
2969 5351 3194 5401 ducentos
3216 5352 3421 5415 dici_pr_o
3446 5355 3700 5408 trecentos,
3723 5351 3901 5410 quippe

2326 5410 2461 5463 circa
2484 5428 2562 5461 an.
2586 5413 2692 5462 180.
2719 5410 2885 5461 contra
2909 5413 3126 5462 haereses
3157 5410 3352 5473 scripsit
3382 5410 3602 5459 irenteus
3623 5447 3636 5473 ,
3678 5415 3729 5457 et
3758 5422 3904 5472 quem

2327 5476 2578 5536 impugnat
2599 5473 2810 5522 Marcum
2832 5509 2846 5532 ,
2872 5473 2921 5520 in
2959 5473 3082 5522 vivis
3111 5471 3273 5522 adhuc
3295 5478 3529 5532 agentem
3559 5471 3754 5521 videtur
3789 5483 3908 5530 sup-

2357 5549 2530 5584 onere.

2327 5549 2652 5657 ροῗδτῗίίηυε
2665 5598 2806 5642 recte
2828 5597 2943 5641 ante
2965 5604 3055 5657 nos
3067 5592 3195 5657 editi
3220 5589 3758 5655 scriptorumquenlia
3776 5603 3883 5654 qua:

2325 5653 2640 5706 dam'leviora
2659 5665 2804 5716 supra
2826 5653 3205 5702 emendavimus.
3318 5653 3326 5655 “
3526 5653 3534 5654 '
3589 5665 3592 5668 ’
3691 5663 3695 5666 ·

3777 5771 3839 5783 ἡ.

4029 1081 4031 1146 4
