4056 6184
139 275 237 333 689

111 393 212 446 -dit
230 388 293 444 ad
321 383 522 448 Daniel,
553 381 618 436 ad
642 389 694 434 te
723 388 931 447 quoque
961 372 1165 433 veniat,
1183 380 1236 423 et
1279 365 1449 438 possis
1477 362 1654 417 dicere
1683 375 1695 410 :

140 479 349 540 dormio,
381 483 425 529 et
450 490 537 528 cor
561 486 723 525 meum
749 466 922 536 vigilat
952 465 971 534 (
998 463 1148 517 Cant.
1183 461 1216 514 5
1238 460 1277 528 ).

570 597 898 656 EPISTOLA
938 593 1148 650 LXXVI
1183 592 1257 661 (α)

753 727 821 766 AD
861 721 1108 764 ADIGAUI.

145 853 328 924 Abigea
362 846 662 918 Presbytero
705 849 911 897 excusat
958 856 1048 904 se,
1085 836 1220 908 quod
1263 849 1365 887 non
1412 827 1707 899 scripserit:

209 957 416 1012 eumque
437 938 752 1002 consolatur,
781 950 843 988 ne
871 933 1076 986 moleste
1115 934 1246 1001 {erat
1275 924 1551 979 ciuitatem
1593 935 1711 973 cor-

213 1010 346 1104 poris
366 1075 382 1100 ,
429 1048 545 1086 cum
567 1029 738 1083 animo
764 1033 957 1079 cernat.
984 1021 1212 1090 Denique
1237 1017 1576 1088 integritatem
1603 1010 1712 1080 ejus

209 1101 416 1188 laudat,
439 1122 581 1192 eique
599 1115 917 1172 commendat
937 1111 1252 1168 Theodoram
1270 1107 1475 1161 viduam
1491 1101 1712 1156 Lucinii.

215 1241 264 1292 1.
305 1238 618 1304 Quanquam
667 1229 798 1286 mihi
852 1226 1140 1282 multorum
1189 1221 1290 1276 sim
1319 1215 1567 1273 conscius
1595 1225 1719 1283 pec-

137 1338 404 1392 catorum,
427 1335 480 1379 et
499 1323 738 1394 quotidie
759 1320 812 1373 in
833 1316 1074 1374 oratione
1095 1311 1246 1366 ﬂexis
1265 1307 1488 1380 genibus
1507 1304 1718 1372 loquar:

144 1443 163 1472 ι
181 1422 378 1475 Delicta
406 1419 702 1489 juventutis
724 1430 878 1482 meae,
906 1422 962 1470 et
989 1409 1314 1482 ignorantias
1339 1419 1486 1460 meas
1515 1418 1584 1458 ne
1610 1414 1721 1456 me-

141 1513 364 1567 mineris
393 1529 412 1562 »
441 1511 621 1581 (Psal.
646 1510 736 1562 2t.
761 1507 825 1576 7)
853 1528 866 1562 :
900 1514 1077 1560 tamen
1097 1503 1273 1558 sciens
1297 1498 1494 1553 dictum
1515 1508 1636 1550 esse
1652 1491 1722 1545 ab

144 1600 404 1672 Apostolo
435 1613 450 1652 :
496 1616 516 1650 ς
544 1597 622 1652 Ne
647 1595 861 1650 inﬂatus
889 1591 1136 1663 superbia
1165 1588 1364 1644 incidat
1388 1587 1442 1640 in
1464 1583 1722 1654 judicium

137 1690 336 1746 diaboli
349 1686 597 1759 s(|.Tim.
612 1687 666 1741 5.
681 1685 736 1756 6)
756 1684 852 1741 :Et
871 1685 923 1737 in
942 1683 1046 1736 alio
1059 1682 1178 1734 loco
1191 1679 1443 1746 scriptum
1457 1691 1470 1726 :
1484 1693 1504 1724 ι
1525 1673 1724 1740 Super-

144 1784 224 1838 bis
243 1784 384 1837 Deus
406 1779 624 1843 resistit;
644 1775 934 1830 humilibus
952 1780 1128 1826 autem
1145 1770 1236 1823 dat
1249 1767 1503 1837 gratiam)
1517 1759 1718 1833 (Jacob.

143 1875 195 1928 4.
224 1873 304 1943 6),
322 1871 458 1926 nihil
487 1871 559 1924 ita
587 1883 617 1922 a
644 1865 867 1937 pueritia
892 1871 1114 1918 conatus
1141 1874 1259 1914 sum
1292 1859 1456 1910 vitare
1473 1868 1630 1924 quam
1645 1861 1728 1906 tu-

147 1972 384 2019 mentem
408 1961 740 2024 ani'mum,et
765 1955 1026 2011 cervicem
1057 1962 1316 2015 erectam,
1341 1947 1433 2002 Dei
1450 1953 1640 2000 contra
1665 1957 1725 1997 se

139 2051 261 2106 odia
291 2056 696 2121 provocantem.
721 2044 855 2099 Novi
926 2041 1090 2114 ωε
1159 2039 1302 2094 enim
1335 2035 1647 2105 magistrum
1672 2038 1730 2086 et

145 2145 437 2198 Dominum
459 2149 515 2196 et
534 2141 702 2194 Deum
718 2151 894 2192 meum
916 2137 969 2190 in
990 2133 1166 2189 carnis
1185 2130 1483 2185 humilitate
1503 2126 1726 2182 dixisse:

145 2254 164 2285 s
204 2234 409 2288 Discite
443 2247 472 2286 a
502 2247 591 2286 me
615 2270 631 2296 ,
677 2230 802 2300 quia
829 2226 976 2282 mitis
1019 2240 1137 2280 sum
1166 2232 1223 2279 et
1249 2221 1469 2276 humilis
1507 2216 1672 2274 corde
1703 2235 1723 2270 s

139 2325 366 2396 (Matth.
391 2324 482 2378 11.
503 2317 598 2396 29)
623 2340 638 2376 :
658 2330 713 2377 et
730 2329 854 2375 ante
872 2333 968 2389 per
987 2332 1048 2372 os
1068 2314 1234 2371 David
1253 2313 1546 2368 cecinisse:
1577 2328 1596 2363 ί
1621 2309 1731 2364 Me-

141 2424 350 2480 mento,
382 2413 634 2479 Domine,
666 2409 850 2476 David,
869 2418 924 2464 et
939 2407 1110 2462 omnis
1130 2400 1680 2469 mansuetudinisejus
1706 2416 1726 2450 ο

138 2508 265 2579 (Ps.
298 2507 428 2562 151.
457 2505 534 2574 1).
561 2504 628 2562 Et
649 2503 704 2558 in
731 2501 838 2557 alio
860 2500 980 2556 loco
999 2498 1223 2569 legimus
1247 2514 1261 2550 :
1298 2513 1317 2546 ι
1344 2493 1484 2549 Ante
1505 2491 1732 2564 gloriam

141 2597 522 2653 bumiliabitur
569 2609 663 2650 cor
715 2593 856 2658 viri;
922 2597 978 2646 et
1021 2596 1146 2643 ante
1188 2586 1395 2642 ruinam
1440 2583 1677 2639 elevatur
1709 2599 1728 2632 s

141 2689 330 2761 (Prov.
346 2688 438 2744 18.
465 2685 578 2757 12).
594 2684 776 2755 Itaque
795 2682 1020 2738 obsecro
1040 2688 1112 2744 te,
1137 2694 1206 2733 ne
1229 2692 1316 2733 me
1336 2684 1491 2746 putes
1509 2671 1736 2742 sumptis

143 2782 342 2838 litteris
375 2780 488 2835 tuis
513 2787 636 2833 ante
662 2775 930 2840 tacuisse;
958 2781 1015 2828 et
1041 2771 1266 2825 aliorum
1287 2811 1303 2836 ,
1330 2768 1411 2823 vel
1447 2764 1734 2821 inﬁdelita-

139 2885 270 2942 tem,
319 2873 410 2928 vel
463 2870 840 2942 negligentiam
884 2868 940 2921 in
993 2879 1081 2919 me
1129 2861 1349 2918 referas.
1399 2859 1539 2927 Quid
1591 2857 1734 2912 enim

138 2978 321 3020 causa:
361 2971 487 3017 erat
508 3001 523 3026 ,
553 2970 610 3015 ut
631 2967 949 3030 provocatus
977 2954 1176 3019 ofﬁcio,
1209 2961 1469 3015 tacerem,
1502 2955 1558 3003 et
1597 2946 1736 3002 ami-

137 3057 298 3113 citias
327 3065 455 3110 tuas
483 3066 607 3106 meo
637 3049 852 3106 silenti.)
878 3046 1194 3117 repellerem
1228 3083 1244 3110 ,
1276 3043 1366 3113 qui
1407 3041 1548 3096 ultro
1587 3036 1737 3094 soleo

137 3149 417 3206 bonorum
447 3150 706 3214 appetere
735 3136 1204 3200 necessitudinem,
1237 3143 1290 3188 et
1317 3147 1404 3186 me
1436 3145 1620 3186 eorum
1652 3129 1734 3182 in-

133 3255 341 3312 gerere
357 3234 580 3293 caritati
602 3233 662 3286 ?s
691 3230 823 3300 Quia
843 3230 1094 3284 meliores
1113 3235 1238 3282 sunt
1253 3225 1380 3291 duo,
1395 3238 1552 3293 quam
1579 3233 1736 3276 unus:

134 3344 189 3390 et
206 3333 256 3389 si
273 3331 425 3386 alter
440 3324 720 3391 ceciderit,
738 3322 806 3377 ab
837 3321 1009 3376 altero
1041 3319 1308 3374 fulcietur.
1329 3313 1618 3371 Funiculus
1643 3312 1741 3367 tri-

136 3426 263 3497 plex
299 3437 417 3478 non
460 3418 623 3474 facile
651 3414 938 3486 rumpitur,
970 3421 1024 3468 et
1041 3410 1206 3466 frater
1223 3409 1440 3464 fratrem
1461 3405 1740 3476 adjuvans,

136 3515 484 3573 exaltabitur
512 3529 532 3563 ι
568 3508 790 3580 (Eccles.
817 3507 874 3562 4.
902 3504 985 3576 9).
1023 3503 1212 3559 Scribe
1254 3500 1414 3571 igitur
1452 3497 1740 3561 audacter;

136 3616 194 3664 et
221 3605 542 3663 absentiam
568 3613 873 3670 corporum,
906 3595 1101 3652 crebro
1133 3593 1210 3665 (ὁ)
1238 3593 1390 3649 vince
1415 3603 1687 3646 sermone.

210 3700 272 3752 Ξ.
313 3697 434 3752 Nec
457 3693 672 3757 doleas,
704 3695 750 3746 si
777 3690 882 3745 hoc
907 3703 1012 3743 non
1037 3685 1237 3740 habeas
1257 3682 1399 3754 quod
1423 3678 1742 3742 foriniculze,

135 3801 194 3848 et
220 3803 458 3854 muscae,
491 3793 548 3841 et
576 3789 851 3854 serpentes
877 3779 1096 3844 habent,
1125 3776 1178 3832 id
1202 3785 1308 3842 est,
1330 3773 1508 3828 carnis
1535 3771 1739 3825 oculos:

137 3884 236 3939 sed
265 3883 428 3938 illum
458 3889 513 3933 te
540 3875 755 3930 oculum
782 3871 980 3926 habere
1008 3869 1223 3934 laetare,
1271 3865 1340 3920 de
1373 3877 1480 3934 quo
1522 3862 1575 3916 in
1599 3859 1744 3916 Can-

143 3975 256 4029 tico
284 3947 500 4028 dicitur
518 3964 866 4022 Canticorum
891 3978 906 4014 :
934 3977 954 4011 ι
981 3956 1289 4013 Vulnerasti
1319 3968 1428 4019 me,
1456 3966 1611 4007 soror
1631 3963 1748 4004 mea

138 4077 377 4134 sponsa,
411 4070 528 4113 uno
555 4055 622 4110 de
647 4051 817 4108 oculis
842 4049 945 4104 tuis
974 4066 994 4101 s
1033 4047 1204 4117 (Cant.
1330 4043 1426 4112 9);
1465 4055 1572 4112 quo
1595 4039 1751 4134 Deus

139 4127 406 4214 videtur;
442 4147 515 4203 de
541 4158 649 4215 quo
672 4158 701 4197 a
729 4140 911 4212 Moyse
933 4137 1128 4194 dicitur
1152 4152 1168 4191 :
1201 4152 1220 4187 ι
1250 4131 1540 4189 Transiens
1559 4127 1755 4184 videbo

142 4247 427 4301 visionem
464 4239 607 4292 hanc
634 4245 880 4303 magnam
909 4249 929 4282 ι
965 4228 984 4300 (
1009 4226 1176 4283 Exod.
1201 4227 1254 4282 5.
1278 4225 1373 4291 5).
1404 4222 1488 4293 (c)
1517 4221 1755 4288 Denique

145 4333 420 4406 quosdam
449 4329 617 4384 etiam
640 4323 822 4378 mundi
847 4316 1206 4387 Pbilosophos
1233 4315 1478 4385 legimus,
1505 4319 1564 4366 ut
1588 4318 1754 4365 totam

145 4401 554 4496 cogitationem
583 4416 648 4470 ad
669 4414 866 4469 mentis
891 4417 1144 4481 cogerent
1163 4406 1470 4477 puritatem,
1493 4401 1598 4458 sibi
1627 4414 1756 4455 ocu-

146 4494 238 4572 los
261 4515 514 4571 eruisse.
545 4509 614 4563 Et
654 4522 685 4561 a
729 4503 996 4574 PrOpbeta
1023 4500 1216 4555 dicitur
1241 4515 1260 4552 :
1299 4514 1317 4548 ι
1353 4494 1571 4550 Intravit
1614 4505 1760 4546 mors

149 4624 250 4678 per
293 4607 578 4663 fenestras
621 4598 698 4671 (τι)
724 4605 929 4652 vestras
959 4611 979 4646 ι
1015 4591 1147 4664 (Jer.
1178 4588 1233 4644 9.
1258 4587 1386 4655 21).
1515 4582 1759 4678 Apostoli

150 4672 430 4760 audiunt;
470 4712 490 4745 ι
521 4690 623 4758 Qui
647 4687 840 4742 viderit
864 4683 1143 4739 mulierem
1171 4678 1236 4733 ad
1271 4672 1754 4744 concupiscendum

151 4804 298 4854 eam,
322 4788 442 4856 jam
473 4781 771 4838 mmcltatus
787 4785 995 4833 esteem
1018 4773 1071 4827 in
1098 4770 1260 4827 corde
1280 4783 1376 4824 suo
1399 4787 1418 4820 ι
1446 4765 1678 4838 (Matth.
1704 4764 1758 4818 5.

245 4917 304 4971 a)
345 4915 482 4962 Alias
505 4911 586 4960 52.
614 4910 797 4971 scripta
819 4905 964 4970 paulo
985 4909 1090 4971 post
1111 4901 1435 4971 superiorem:
1496 4961 1506 4971 .
1565 4957 1579 4971 _
1646 4957 1658 4968 ο

245 4929 280 4965 a
345 4917 482 4962 Alias
505 4917 586 4960 52.
614 4917 797 4971 scripta
819 4917 964 4970 paulo
985 4917 1090 4968 post
1111 4917 1426 4966 superiorem.

223 4917 306 5039 ib;
343 4975 650 5039 Impressam
671 4965 1287 5039 lectionem‘reliquimus,
1307 4959 1510 5039 quodet
1536 4957 1764 5039 plgriqgg

155 5017 659 5090 M§§.’a§§é’titiésiur
676 5017 917 5089 {fortasse
939 5017 1102 5078 tamen
1128 5017 1292 5075 verius
1326 5017 1509 5070 habent
1537 5017 1622 5090 alii
1647 5017 1766 5066 edlti

144 5087 316 5165 ﬁth
342 5107 438 5165 pr?
464 5090 618 5165 tinea.
640 5087 757 5148 Quae
779 5104 896 5160 vero
920 5091 1032 5165 hinc
1059 5093 1341 5165 sequuntur
1375 5087 1770 5165 arggmgtllanlf‘l'g

159 5149 369 5211 11η·ίῖιυί-
397 5152 610 5204 ferenda
624 5151 856 5213 _eorp0ris
890 5151 1110 5213 caecitate
1129 5149 1353 5213 ,‘eont'er
1389 5155 1499 5193 cum
1540 5149 1601 5189 iis
1619 5174 1634 5199 ,
1659 5150 1770 5201 quae

158 5208 502 5277 sunt’scripta
527 5213 587 5277 ad
612 5208 900 5277 (Iusti-utinm
927 5208 1127 5277 epistola
1152 5208 1231 5258 68.

226 5259 691 5347 (Ic)wI-)e'n:t§cri‘tus,
706 5259 1094 5347 Metrodorus
1113 5306 1126 5330 ,
1153 5267 1468 5347 unos-Cic'elro
1489 5263 1558 5334 in.
1571 5259 1770 5347 Tuscul:

161 5327 435 5410 quaestiet
456 5336 555 5410 lib.
577 5336 638 5386 γ.
663 5327 1258 5410 (le-Finibusisiliieculos
1279 5328 1426 5380 tradit
1455 5327 1646 5376 eruisse
1667 5356 1682 5383 ,
1720 5327 1775 5371 ut

161 5395 360 5457 ﬂatura:
382 5406 592 5452 secreta
613 5395 839 5446 subtilius
859 5397 1137 5457 rimaretur.

230 5449 662 5530 (23"536119‘20"?
684 5458 798 5530 ass.
819 5459 960 5530 tum
982 5453 1124 5530 mtr-
1145 5449 1778 5530 alit.‘it‘389_‘i“*3ief§5-‘-'393

164 5507 313 5580 stris,
329 5507 451 5578 cum
474 5507 694 5582 Vulgato
717 5507 1028 5582 intci'prete._
1046 5515 1158 5565 hlox
1199 5515 1348 5582 verba
1373 5509 1480 5582 jam
1506 5507 1779 5582 moechatus

163 5569 456 5641 ἷέιῖαῆἶῖἷι
481 5569 632 5632 corde
655 5594 758 5640 suo,
783 5569 991 5643 quinum
1016 5579 1121 5626 loco
1145 5581 1250 5643 erat
1271 5581 1317 5624 et
1340 5569 1544 5635 reliqua,
1579 5583 1638 5620 ex
1663 5569 1779 5617 (luo-

169 5639 411 5704 ὸῖὶέδίςε.
438 5653 499 5696 ct
525 5644 683 5693 Veteri
722 5639 940 5693 editione
963 5639 1286 5701 reposuimus.

1451 241 1778 303 EPISTOLA
1823 240 2058 295 LXXIII.

3288 244 3392 300 ευο

1813 357 1944 425 18).
1990 353 2141 410 Unde
2169 351 2471 422 prazcipitur
2511 349 2625 416 eis,
2667 359 2723 404 ut
2762 351 2940 407 levent
2964 354 3184 420 oculos,
3221 364 3276 410 et
3305 357 3387 412 vi-

1808 448 1972 502 deant
1997 445 2251 501 candidas
2279 452 2506 514 segetes,
2535 457 2653 513 qua:
2682 451 2878 512 parate
2904 454 3030 498 sunt
3075 445 3140 502 ad
3177 457 3386 504 meten-

1813 539 1938 593 dum
1964 537 2114 610 (Luc.
2142 539 2206 592 21
2234 555 2250 602 ;
2284 547 2328 592 et
2356 537 2512 590 Joan.
2543 536 2578 590 4

1884 630 1938 684 5.
1969 626 2122 696 Quod
2155 635 2333 682 autem
2364 625 2621 697 precaris,
2655 634 2712 680 ut
2737 625 2935 680 nostris
2967 627 3182 680 mouitis
3213 627 3391 684 Nabu-

1815 719 2156 775 chodonosor
2176 761 2192 785 ,
2220 727 2276 775 et
2303 719 2571 790 Rapsaces
2592 759 2606 781 ,
2645 725 2699 772 et
2725 715 3077 772 Nabuzardan
3101 759 3115 781 ,
3148 726 3200 770 et
3230 716 3393 773 Holu-

1815 809 1994 866 fernes
2019 810 2073 864 in
2105 819 2155 864 te
2183 808 2518 872 occidantur,
2553 821 2798 870 adsuunt
2830 816 3011 861 nostra
3053 806 3244 861 auxilia
3273 822 3399 876 pos-

1819 901 2040 967 tulares,
2071 901 2117 956 si
2143 900 2196 955 in
2226 909 2280 955 te
2307 900 2558 954 viverint.
2582 897 2692 952 Sed
2715 898 2838 967 quia
2861 897 2934 952 illi
2958 898 3154 952 mortui
3180 905 3325 962 sunt,
3349 908 3404 951 ct

1817 1005 1939 1046 cum
1964 990 2280 1058 Zorobabel,
2312 999 2368 1045 et
2392 1005 2511 1046 cum
2551 988 2679 1044 Jesu
2707 987 2815 1041 ﬁlio
2853 986 3080 1044 losedec
3103 987 3396 1046 Sacerdute

1822 1095 2016 1150 magno
2044 1080 2092 1152 (I
2109 1122 2122 1134 .
2151 1078 2280 1135 Esd.
2306 1081 2386 1150 5),
2419 1094 2540 1134 cum
2564 1078 2698 1133 Ezra
2723 1091 2956 1148 quoque,
2985 1087 3037 1134 et
3056 1077 3274 1134 Neemia
3297 1083 3408 1134 rui-

1822 1186 1918 1226 nas
1946 1170 2244 1226 Jerusalem
2286 1169 2554 1225 mdilleare
2583 1168 2793 1238 coepisti
2818 1185 2833 1234 ;
2880 1183 2979 1224 nec
3008 1170 3174 1224 mittis
3202 1186 3408 1226 merce-

1823 1261 1920 1316 des
1948 1260 2000 1315 in
2027 1270 2303 1330 pertusum
2331 1261 2624 1324 sacculum,
2654 1256 2748 1313 sed
2778 1256 3062 1314 thesauros
3092 1259 3183 1314 tibi
3213 1259 3266 1314 in
3294 1275 3408 1316 cce-

1825 1350 2046 1405 lestibus
2077 1364 2252 1420 paras,
2288 1349 2489 1405 idcirco
2506 1357 2722 1404 nostras
2743 1349 2952 1418 appetis
2969 1349 3248 1414 amicitias,
3273 1366 3409 1420 quos

1825 1440 2020 1496 Christi
2037 1439 2264 1495 famulos
2279 1439 2576 1494 arbitraris.
2594 1436 2754 1510 $.57
2779 1439 3029 1495 Sanctam
3057 1439 3216 1494 tiliam
3234 1455 3410 1495 meam

1827 1529 2184 1595 Theodoram,
2213 1544 2460 1585 sororem
2484 1529 2653 1583 beata:
2680 1529 2955 1584 memoriae
2975 1529 3207 1595 Lucinii,
3231 1544 3327 1600 per
3352 1544 3412 1585 se

1827 1618 2281 1682 commendatam,
2305 1632 2429 1672 meo
2450 1631 2703 1672 sermone
2723 1618 3066 1684 commendo,
3091 1627 3148 1673 ut
3165 1620 3216 1672 in
3235 1631 3412 1690 coepto

1829 1708 2020 1760 itinere
2045 1721 2150 1760 non
2172 1705 2434 1770 lassetur;
2461 1713 2520 1759 ut
2539 1705 2604 1758 ad
2630 1704 2852 1759 Terram
2871 1715 3108 1760 sanctam
3130 1707 3296 1760 multo
3318 1722 3413 1775 per

1828 1810 2068 1852 eremum
2100 1795 2284 1850 labore
2323 1794 2642 1865 perveniat:
2688 1803 2749 1848 ut
2791 1809 2897 1849 non
2939 1803 3089 1866 putet
3124 1797 3413 1866 perfectam

1830 1901 1953 1942 esse
1974 1887 2225 1941 virtutem
2252 1887 2431 1942 exisse
2455 1885 2524 1942 de
2549 1885 2790 1957 Egypto
2814 1902 2830 1951 ;
2861 1886 2955 1942 sed
2986 1901 3082 1955 per
3107 1887 3414 1943 innumera-

1830 1978 1968 2034 biles
1997 1977 2223 2033 insidias
2249 1977 2316 2032 ad
2349 1985 2586 2033 montem
2613 1977 2786 2042 Nabo,
2814 1986 2870 2032 et
2894 1976 2962 2032 ad
2988 1977 3274 2033 Jordanem
3310 1977 3414 2031 llu-

1831 2073 1973 2123 vium
2004 2069 2284 2137 pervenire
2315 2068 2503 2133 (Num.
2531 2067 2660 2138 55):
2689 2077 2748 2121 nt
2777 2067 3008 2136 accipiat
3038 2067 3327 2122 secundam
3357 2068 3411 2121 in

1832 2158 2051 2228 Galgala
2075 2159 2576 2214 circumcisionem:
2612 2165 2669 2212 ut
2695 2156 2772 2210 illi
2795 2154 2865 2228 (e)
2894 2156 3109 2211 Jericbo
3149 2167 3402 2222 corruat,

1841 2248 2253 2303 sacerdotalium
2283 2247 2528 2302 tubarum
2559 2246 2816 2301 subversa
2844 2245 3186 2316 clangoribus
3215 2264 3228 2299 :
3255 2255 3314 2300 ut
3335 2245 3417 2316 ju-

1835 2339 2046 2408 guletur
2087 2338 2467 2394 Adonisedec:
2520 2347 2580 2393 ut
2609 2338 2742 2402 Hai,
2769 2347 2823 2393 et
2864 2339 3005 2393 Azor
3045 2337 3418 2408 pulcherrima:

1837 2431 2107 2498 quondam
2154 2439 2409 2485 corruant
2447 2429 2694 2484 civitates
2723 2427 2875 2498 (Jos.
2906 2429 2958 2483 5.
2989 2428 3041 2482 5.
3078 2428 3131 2482 6.
3175 2427 3345 2482 10.11
3376 2427 3416 2494 ).

1839 2520 2053 2574 Fratres
2078 2519 2168 2590 qui
2189 2519 2469 2574 nobiscum
2495 2519 2549 2573 in
2576 2517 2900 2573 Monasterio
2923 2526 3067 2585 sunt,
3094 2525 3146 2573 te
3167 2517 3416 2572 salutant.

1836 2612 2060 2666 Sanctos
2087 2611 2176 2682 qui
2207 2625 2304 2666 nos
2325 2609 2545 2681 diligere
2564 2610 2850 2681 dignantur
2874 2608 2971 2681 [ιιι.
2998 2609 3292 2681 conantur],
3326 2625 3421 2680 per

1838 2710 1891 2757 te
1917 2701 2116 2772 Oppido
2140 2702 2455 2756 salutamus.

2261 2809 2592 2867 EPISTULA
2627 2809 2718 2864 Lx
2733 2810 2872 2865 xvn
2901 2812 2993 2881 (ί).

2443 2935 2511 2972 AD
2549 2933 2794 2973 OCEANUI

2363 3029 2442 3082 De
2462 3038 2624 3082 morte
2649 3026 2895 3082 Fabiola.

1844 3141 2112 3197 Fabiolam
2129 3141 2345 3196 nobilem
2364 3140 2606 3209 {catinum
2627 3139 2827 3204 laudat,
2849 3139 2985 3210 quod
3007 3150 3120 3209 post
3145 3140 3345 3210 lapsum
3360 3142 3428 3193 ad

1913 3233 2171 3289 Christum
2188 3248 2450 3299 conversa,
2473 3232 2845 3287 sanctissimam
2866 3247 3076 3302 vereque
3103 3231 3431 3285 christianum

1919 3324 2076 3394 egerit
2097 3323 2270 3389 vitam,
2297 3323 2673 3393 gloriosnmque
2697 3321 2934 3376 meruerit
2959 3321 3075 3374 vita:
3100 3320 3271 3389 ﬁnem.
3297 3318 3429 3372 Tum

1914 3414 2130 3470 alteram
2176 3414 2240 3467 de
2281 3413 2370 3468 42.
2405 3411 2757 3466 Mansionibus
2805 3411 3070 3482 epistolam
3100 3411 3216 3464 huic
3237 3409 3428 3481 jungit,

1917 3518 2069 3577 atque
2094 3507 2204 3576 ejus
2231 3506 2488 3560 memoria:
2505 3503 2690 3558 reddit.

1920 3619 1975 3673 1.
2011 3617 2200 3673 Plures
2241 3617 2368 3671 anni
2393 3624 2552 3682 sunt,
2584 3613 2729 3684 quod
2757 3628 2918 3684 super
2947 3613 3267 3668 dormitione
3303 3613 3434 3667 Blac-

1849 3708 2000 3771 sillae,
2032 3707 2252 3762 Paulam
2295 3704 2655 3760 venerabilem
2696 3699 2947 3756 feminam
2969 3742 2985 3765 ,
3016 3703 3218 3755 recenti
3258 3701 3436 3756 adhuc

1851 3797 2091 3859 vulnere,
2114 3793 2420 3847 consolatus
2448 3805 2567 3844 sum
2584 3788 2778 3859 (Epist.
2803 3788 2892 3842 59.
2918 3789 2979 3840 de
3011 3787 3148 3840 Obit.
3179 3787 3432 3856 Βιωεξι.).

1851 3884 2066 3950 Quartae
2092 3881 2293 3937 aestatis
2315 3878 2549 3933 circulus
2578 3876 2833 3941 volvitur,
2864 3890 2932 3930 ex
2960 3889 3066 3943 quo
3092 3875 3157 3927 ad
3187 3874 3438 3928 lleliodo-

1856 3985 1972 4025 rum
2019 3971 2346 4040 Episcopum
2411 3961 2693 4034 Nepotiani
2753 3960 2993 4017 scribens
3056 3960 3434 4032 Epitaphium,

1858 4059 2116 4132 quidquid
2148 4059 2350 4114 habere
2377 4056 2525 4128 potui
2568 4055 2758 4110 virium
2786 4095 2800 4119 ,
2847 4055 2899 4108 in
2949 4053 3042 4110 illo
3086 4062 3211 4108 tunc
3253 4051 3440 4108 dolore

1855 4149 2186 4219 consumpsi.
2208 4149 2346 4202 Ante
2361 4147 2464 4202 hoc
2475 4146 2643 4201 ferme
2656 4143 2948 4210 biennium,
2962 4141 3301 4198 Pammachio
3322 4157 3442 4198 meo

1861 4255 1958 4312 pro
1977 4239 2151 4296 subita
2174 4235 2607 4308 peregrinatione
2627 4234 2887 4301 Paulina,
2913 4234 3125 4289 brevem
3148 4232 3443 4303 Epistolam

1860 4330 2006 4397 dedi,
2035 4329 2363 4385 erubescens
2379 4326 2446 4382 ad
2471 4324 2888 4381 disertissimum
2907 4324 3077 4378 virum
3101 4324 3248 4392 plura
3273 4321 3442 4393 loqui,

1861 4429 1918 4476 et
1944 4421 1993 4477 ei
2024 4434 2120 4475 sua
2151 4421 2414 4489 ingerere,
2446 4431 2515 4471 ne
2539 4430 2647 4470 non
2677 4422 2784 4470 tam
2817 4415 3084 4469 consolari
3107 4414 3339 4468 anticum
3367 4413 3445 4466 vi-

1863 4513 2041 4579 derer,
2071 4525 2228 4581 quam
2259 4509 2420 4565 stulta
2447 4505 2704 4578 jactantia
2730 4504 2927 4560 docere
2953 4504 3267 4573 perfectum.
3295 4500 3448 4554 Nunc

1865 4602 2017 4668 mihi,
2037 4601 2108 4656 lili
2133 4600 2364 4665 Oceane,
2385 4596 2585 4653 volenti
2615 4604 2670 4651 et
2721 4595 2862 4649 ultro
2885 4594 3176 4663 appetenti,
3206 4590 3443 4644 debitum

1867 4707 2059 4747 munus
2088 4691 2344 4761 imponis,
2374 4703 2482 4759 quo
2506 4701 2605 4759 pro
2635 4686 2872 4740 novitate
2897 4684 3174 4744 virtutum,
3207 4688 3441 4734 veterem

1867 4785 2148 4840 materiam
2190 4797 2382 4838 novam
2417 4780 2630 4836 faciam.
2664 4777 2721 4831 In
2752 4776 2857 4831 illis
2897 4776 3040 4829 enim
3087 4772 3170 4827 vel
3213 4771 3450 4840 parentis

1866 4876 2110 4944 allectus,
2137 4875 2220 4930 vel
2260 4887 2463 4930 maeror
2490 4867 2740 4925 avunculi
2762 4908 2776 4932 ,
2806 4866 2893 4922 vel
2921 4862 3244 4920 desiderium
3273 4862 3450 4916 mariti

1871 4965 2278 5038 temperandum
2325 4963 2460 5027 fuit;
2501 4970 2556 5016 et
2587 4973 2684 5028 pro
2720 4956 3037 5012 diversitate
3064 4966 3410 5023 personarum
3434 4994 3448 5019 ,

1877 5031 2090 5114 diversa
2117 5057 2186 5112 de
2209 5053 2502 5124 Scripturis
2527 5047 2828 5105 adhibenda
2855 5045 3228 5101 medicamina.
3470 5031 3476 5038 ‘

1945 5198 2004 5262 (e)
2043 5195 2230 5244 Victor.
2273 5193 2403 5242 muri
2443 5189 2637 5240 Iericho
2676 5191 2906 5237 corruant
2949 5199 2960 5233 :
3005 5192 3104 5234 tum
3143 5183 3476 5251 Martiananis

1877 5260 2130 5310 turbarum
2149 5288 2165 5314 ,
2189 5253 2319 5316 quod
2341 5253 2464 5316 forte
2489 5249 2995 5316 typograpborumest
3032 5242 3459 5316 melldym.‘DQlll—

1877 5304 2421 5384 quer/{donisch
2467 5304 2766 5384 vetustiores
2804 5307 2992 5384 et‘Mss.
3019 5304 3202 5384 aliquot
3227 5304 3460 5384 Adonibe-

1878 5364 1993 5433 alech
2015 5364 2156 5440 {sed
2196 5376 2275 5440 hic
2311 5373 2435 5440 alius
2467 5381 2578 5431 est,
2601 5373 2678 5420 cui
2716 5377 2823 5440 post
2857 5369 3008 5440 Josue
3027 5364 3256 5440 uuirteru,
3282 5364 3460 5440 pedum

1881 5427 2207 5501 manuumque
2223 5436 2362 5501 digiti
2379 5427 2573 5501 tantum
2585 5427 2940 5501 trundvtisunt.
2961 5427 3273 5501 VAQQIIISQGBC
3296 5434 3460 5501 autem

1882 5487 2244 5610 'c’iﬁiiﬁpidque
2268 5487 2374 5546 aliis
2408 5497 2612 5559 regibus
2628 5491 2876 5556 iugulatus
2899 5500 2991 5542 est.
3019 5488 3142 5540 Vide
3163 5487 3315 5540 Iosue
3341 5489 3463 5538 cita-

1885 5571 1948 5610 tls
1994 5576 2110 5610 oens.

1936 5580 1948 5611 ἰ
1979 5576 2110 5611 IOCIS.

1885 5571 1948 5616 tls
1979 5571 2110 5611 locis.

1954 5623 2010 5689 υ)
2047 5621 2115 5673 λι.
2153 5623 2230 5672 50.
2259 5620 2446 5683 Scripta
2469 5617 2555 5670 hoc
2581 5630 2702 5668 anno
2723 5617 2833 5668 399..
