4056 6184
709 266 808 323 691

777 375 837 430 2.
871 375 1106 431 Fabiola:
1127 374 1392 429 laudes.—
1413 370 1471 426 In
1498 372 1899 442 praesentiarum
1939 373 2103 428 tradis
2145 373 2276 427 mihi

713 468 994 526 Fabiolam
1016 507 1033 532 ,
1066 465 1275 520 laudem
1314 461 1776 532 Christianorum,
1808 464 2118 518 miraculum
2144 463 2287 519 Gen-

707 561 904 625 tilium,
927 558 1126 612 luctum
1151 568 1473 623 pauperum,
1505 551 1670 624 5.58
1707 553 1952 606 solatium
1988 551 2284 607 Monacbo-

708 662 850 707 rum.
881 644 1146 714 Quidquid
1187 645 1415 715 primum
1452 646 2099 715 arripuero,sequentium
2132 660 2284 700 com-

705 739 984 810 paratione
1030 737 1255 792 vilescit.
1283 735 1554 806 Jejunium
1599 736 1930 806 praedicem?
1959 736 2055 791 sed
2079 751 2285 806 prava-

704 831 914 887 lescunt
933 830 1311 900 eleemosynze.
1336 828 1703 884 Humilitatem
1727 828 1937 883 laudem
1957 831 1982 880 '!
1997 828 2093 883 sed
2117 827 2288 896 major

701 929 786 976 est
825 919 949 976 fidei
974 919 1158 976 ardor.
1191 919 1368 974 Dicam
1386 921 1650 988 appetitas
1667 919 1876 985 sordes,
1895 920 2012 973 etin
2029 918 2286 973 condem-

703 1012 976 1067 nationem
1002 1012 1230 1066 vestium
1252 1011 1542 1066 sericarum
1569 1009 1837 1078 plebeium
1861 1011 2062 1065 cultum
2089 1018 2144 1062 et
2170 1023 2288 1064 ser-

701 1101 826 1156 vilia
839 1101 1148 1157 indumenta
1168 1102 1390 1171 quaesita
1403 1101 1427 1153 ἲ
1441 1117 1568 1156 rws
1580 1117 1674 1156 nsr
1686 1103 1921 1156 animum
1943 1101 2276 1170 deposuisse,

702 1209 864 1263 quam
889 1193 1116 1248 cultum.
1149 1192 1427 1248 Difficilius
1452 1195 1779 1264 arrogantia,
1802 1209 1960 1264 quam
1986 1208 2118 1247 auro
2133 1207 2286 1248 care-
2339 1246 2348 1255 ,

706 1299 826 1339 mus
853 1292 910 1339 et
934 1285 1181 1354 gemmis.
1215 1284 1307 1339 His
1335 1285 1477 1340 enim
1507 1285 1758 1354 abjectis,
1792 1285 2054 1340 interdum
2081 1286 2286 1356 glorio-

704 1372 781 1428 sis
803 1381 1069 1430 tumemus
1088 1373 1339 1430 sordibus
1361 1392 1378 1430 :
1396 1384 1451 1431 et
1467 1376 1785 1431 vendibilem
1804 1387 2169 1447 paupertatem
2193 1392 2290 1447 po-

706 1464 878 1532 pulari
907 1480 1051 1520 aura:
1081 1465 1378 1522 offerimus.
1400 1467 1614 1523 Camn
1636 1484 1849 1534 γητος,
1870 1478 1926 1524 et
1946 1470 2289 1524 conscientia:

707 1554 816 1610 fota
845 1565 1078 1622 secreto,
1105 1557 1272 1612 Deum
1293 1557 1468 1613 solum
1488 1557 1721 1627 judicem
1743 1560 1980 1628 re5picit.
2009 1559 2161 1615 Unde
2185 1573 2288 1614 no-

705 1647 788 1703 vis
815 1648 946 1702 mihi
974 1657 1059 1703 est
1084 1647 1357 1704 eﬂ'erenda
1385 1649 1686 1718 preconiis,
1708 1657 1765 1703 et
1784 1649 1972 1703 ordine
1992 1649 2288 1704 Rhetorum

707 1738 1090 1805 praetermisso,
1123 1746 1232 1791 tota
1259 1737 1330 1792 de
1353 1738 1721 1793 conversionis
1747 1753 1810 1792 ac
1839 1738 2167 1808 paenitentia:
2194 1737 2287 1810 [al.

705 1827 1062 1897 confessionis,
1105 1833 1161 1881 et
1201 1825 1621 1900 conversationis]
1650 1827 1984 1882 incunabulis
2010 1842 2290 1884 assumen-

707 1915 799 1969 da.
825 1916 977 1970 Alius
1005 1915 1226 1970 forsitan
1253 1915 1452 1970 scholae
1475 1931 1702 1981 memor,
1729 1917 1794 1985 Q.
1822 1917 2128 1973 Maximum.

784 2004 957 2060 Unum
976 2006 1063 2075 qui
1077 2006 1237 2070 nobis,
1259 2012 1563 2072 cunctando,
1579 2008 1794 2061 restituit
1809 2024 1913 2062 rem
1936 2007 2187 2081 (ιΕηείά.
2206 2010 2290 2079 6),

708 2105 767 2152 et
796 2105 958 2151 totam
985 2097 1271 2152 Fabiorum
1300 2107 1514 2168 gentem
1545 2098 1815 2169 proferret
1831 2100 1886 2155 in
1908 2101 2182 2157 medium:
2210 2101 2291 2158 di-

705 2196 858 2243 ceret
881 2202 1107 2259 pugnas,
1139 2190 1466 2245 describeret
1493 2192 1699 2260 praelia,
1739 2200 1794 2248 et
1821 2207 1917 2263 per
1946 2203 2107 2250 tanta
2130 2195 2289 2250 nobi-

706 2277 875 2331 litatis
899 2277 1100 2348 gradus
1126 2277 1400 2334 Fabiolam
1427 2280 1642 2336 venisse
1675 2281 1940 2352 jactaret,
1971 2293 2031 2339 ut
2064 2284 2208 2355 quod
2236 2285 2290 2340 in

709 2369 857 2440 virga
906 2385 1012 2425 non
1055 2378 1298 2440 poterat,
1333 2373 1386 2426 in
1417 2371 1688 2428 radicibus
1715 2373 2133 2430 demonstraret.
2176 2376 2292 2448 Ego

708 2459 989 2513 diversorii
1007 2459 1416 2526 Bethleemitici,
1439 2472 1492 2515 et
1508 2465 1763 2532 przesepis
1786 2464 2044 2520 Dominici
2060 2474 2288 2532 amator,

711 2549 765 2602 in
796 2563 903 2618 quo
921 2549 1071 2620 virgo
1092 2564 1357 2621 puerpera
1381 2552 1545 2606 Deum
1572 2551 1708 2606 fudit
1731 2553 2010 2622 infantem,
2041 2555 2290 2610 ancillam

711 2637 946 2706 Christi,
976 2655 1084 2695 non
1125 2641 1194 2696 de
1237 2642 1516 2697 nobilitate
1553 2645 2054 2723 veteris‘bistorize,
2098 2648 2194 2703 sed
2221 2647 2290 2704 de

714 2727 966 2783 Ecclesia:
995 2729 1292 2785 humilitate
1320 2732 1631 2800 producam.

787 2818 844 2874 ὅ.
875 2818 944 2873 Et
972 2820 1096 2890 quia
1127 2823 1308 2876 statim
1337 2823 1390 2876 in
1415 2824 1697 2895 principio,
1720 2828 1871 2897 quasi
1899 2830 2152 2898 scopulus
2172 2830 2290 2900 qui-

709 2907 858 2974 dam,
889 2918 944 2964 et
974 2912 1207 2980 procella
1235 2913 1365 2967 mihi
1391 2914 1811 2973 obtrectatorum
1833 2919 1952 2989 ejus
1979 2921 2285 2990 Opponitur,

706 2999 853 3068 quod
879 3003 1170 3058 secundum
1200 3006 1386 3061 sortita
1416 3011 1817 3065 matrimonium
1839 3053 1854 3078 ,
1882 3013 2029 3082 prius
2058 3014 2289 3084 relique-

707 3091 796 3155 rit,
827 3105 935 3147 non
966 3093 1192 3151 laudabo
1216 3110 1570 3168 conversam,
1616 3100 1719 3156 nisi
1751 3102 1899 3171 prius
1929 3117 2074 3157 ream
2111 3104 2289 3160 absol-

713 3197 863 3240 vero.
891 3184 1060 3240 Tanta
1087 3188 1236 3258 prior
1261 3191 1486 3245 maritus
1507 3193 1634 3246 vitia
1657 3194 1910 3250 habuisse
1931 3206 2200 3264 narratur,
2231 3206 2289 3252 ut

711 3289 780 3328 ne
817 3285 1055 3330 scortum
1101 3278 1315 3346 quidem
1355 3289 1412 3335 et
1434 3282 1540 3338 vilc
1569 3286 1894 3355 mancipium
1933 3301 1996 3342 ea
2022 3289 2289 3344 sustinere

710 3373 913 3433 posset.
939 3367 1068 3433 Quae
1099 3369 1144 3422 si
1173 3371 1395 3425 voluero
1435 3372 1617 3428 dicere
1635 3416 1649 3438 ,
1681 3376 1898 3442 perdam
1927 3378 2178 3433 virtutem
2207 3380 2288 3434 fe-

709 3457 892 3523 minae,
919 3472 1038 3526 qua:
1064 3459 1249 3512 maluit
1273 3461 1484 3530 culpam
1514 3463 1697 3518 subire
1723 3466 1952 3531 dissidii,
1981 3483 2140 3538 quam
2167 3484 2288 3524 cor-

712 3545 858 3610 poris
885 3545 968 3599 sui
996 3544 1256 3625 infntnarc
1280 3557 1509 3616 partem,
1532 3559 1586 3605 et
1608 3554 1841 3608 maculas
1867 3555 1987 3623 ejus
2010 3557 2284 3627 detegere.

710 3631 824 3688 Hoc
849 3633 1023 3688 solum
1056 3635 1346 3711 proferam,
1380 3639 1524 3708 quod
1571 3643 1888 3698 verecunda:
1935 3654 2196 3703 matronae
2233 3658 2288 3704 et

706 3725 1024 3784 Christiana:
1054 3730 1186 3784 satis
1210 3741 1312 3786 est.
1348 3732 1608 3802 Praecepit
1651 3735 1906 3790 Dominus
1933 3752 2151 3794 uxorem
2176 3755 2285 3796 non

705 3820 903 3877 debere
938 3821 1170 3889 dimitti,
1203 3832 1428 3894 excepta
1467 3839 1627 3880 causa
1677 3825 2082 3885 fornicationis:
2123 3840 2178 3886 et
2239 3831 2284 3888 si

705 3911 925 3967 dimissa
971 3913 1167 3978 fuerit,
1217 3929 1435 3970 manere
1478 3915 1755 3987 innuptam
1794 3917 2011 3990 (Matth.
2039 3922 2073 3977 5
2097 3931 2145 3975 et
2172 3921 2282 3994 19).

703 4002 974 4073 Quidquid
997 4003 1128 4057 viris
1147 4004 1385 4072 jubetur,
1415 4005 1515 4061 hoc
1537 4021 1928 4078 consequenter
1948 4011 2212 4067 redundat
2231 4015 2282 4068 in

704 4093 956 4148 feminas.
985 4092 1169 4162 Neque
1196 4094 1340 4149 enim
1380 4095 1620 4151 adultera
1659 4114 1794 4154 uxor
1821 4099 2134 4157 dimittenda
2159 4113 2243 4159 est
2265 4145 2280 4170 ,

704 4192 764 4239 et
785 4184 868 4239 vir
890 4184 1132 4240 machus
1153 4186 1433 4243 tenendus.
1463 4207 1481 4240 ι
1510 4188 1566 4245 Si
1587 4190 1708 4259 quis
1731 4194 1998 4250 meretrici
2020 4195 2279 4265 jungitur,

704 4289 868 4329 unum
887 4289 1081 4345 corpus
1104 4275 1228 4332 facit
1254 4277 1302 4349 ι(
1310 4279 1331 4333 1
1345 4317 1359 4332 .
1374 4277 1491 4336 Cor.
1513 4280 1663 4352 6J6)
1690 4299 1703 4334 :
1727 4297 1856 4353 ergo
1867 4293 1922 4339 et
1945 4299 2065 4354 qua:
2080 4296 2282 4342 scorta-

703 4365 807 4420 tori
832 4365 1153 4434 impuroque
1179 4369 1437 4433 sociatur,
1469 4385 1630 4424 unum
1697 4370 1861 4443 559
1909 4388 2032 4428 cum
2060 4389 2126 4430 eo
2154 4390 2280 4431 cor-

702 4470 804 4525 pus
831 4458 1079 4514 efficitur.
1099 4459 1230 4515 Alite
1249 4469 1374 4516 sunt
1395 4461 1537 4530 leges
1556 4462 1850 4530 Caesarum,
1877 4465 1996 4520 alia:
2035 4465 2231 4522 Christi
2261 4485 2276 4522 :

701 4547 844 4602 aliud
873 4547 1136 4617 Papianus
1155 4589 1171 4614 ,
1200 4549 1344 4605 aliud
1383 4551 1582 4607 Paulus
1620 4563 1805 4608 noster
1835 4556 2094 4626 praecipit.
2122 4558 2276 4627 Apud

700 4643 822 4699 illos
851 4640 928 4716 (a)
959 4642 1084 4698 viris
1109 4643 1431 4714 impudiciue
1458 4644 1606 4700 frena
1632 4645 1913 4702 laxantur:
1948 4657 2002 4702 ct
2024 4649 2144 4703 solo
2165 4661 2279 4705 stu-

698 4751 798 4804 pro
825 4744 986 4804 atque
1012 4734 1272 4790 adulterio
1299 4734 1675 4800 condemnato,
1707 4734 1784 4808 (1)
1814 4737 2011 4806 passim
2056 4753 2151 4807 per
2198 4740 2280 4794 ιυ-

699 4826 916 4894 panaria
939 4833 996 4880 et
1023 4825 1300 4879 ancillulas
1342 4824 1510 4880 libido
1558 4827 1923 4895 permittitur:
1973 4831 2126 4898 quasi
2164 4833 2276 4886 cul‘

698 4929 822 4985 pam
845 4914 1074 4982 dignitas
1093 4913 1285 4980 faciat,
1328 4928 1434 4968 non
1472 4914 1738 4970 voluntas.
1782 4916 1936 4985 Apud
1961 4933 2060 4974 nos
2083 4958 2100 4983 ,
2131 4921 2273 4990 quod

701 5020 810 5062 non
832 5005 958 5062 licet
978 5004 1209 5073 feminis,
1233 5020 1385 5076 atque
1409 5020 1514 5060 non
1543 5005 1666 5061 licet
1691 5006 1818 5061 viris
1839 5022 1856 5072 ;
1879 5016 1933 5061 et
1950 5009 2138 5065 eadem
2159 5027 2275 5067 ser-

694 5101 836 5157 vitus
854 5103 969 5174 pari
990 5100 1296 5158 conditione
1315 5107 1585 5157 censetur.
1609 5099 1818 5156 Dimisit
1837 5115 1988 5171 ergo,
2019 5111 2076 5156 ut
2097 5105 2268 5170 aiunt,

755 5327 830 5400 (a)
864 5326 1127 5389 Augustin.
1149 5325 1214 5376 de
1236 5325 1378 5400 Civit.
1404 5325 1573 5400 Deli.
1583 5327 1661 5400 tt.
1686 5340 1730 5400 ς.
1759 5327 1834 5400 17.
1854 5344 1876 5372 ι
1893 5326 1940 5400 in
1963 5339 2073 5400 usu,
2099 5328 2270 5400 inquit,

697 5386 1002 5449 scertoruni,
1047 5400 1192 5450 quam
1235 5395 1433 5436 terrena
1473 5387 1655 5450 Civitas
1699 5386 1880 5450 licitam
1921 5386 2271 5450 turpitudinem

675 5446 698 5492 τ
710 5452 832 5519 ξοην
855 5446 1142 5519 «muti?
1167 5454 1336 5519 θεεωτ
1357 5483 1372 5506 υ
1394 5446 2035 5519 (ιιιοίῑ.ρ]ιιξηοίνίᾼιεξίε.ηει¹¹ζεξ
2058 5447 2138 5519 te}
2165 5451 2273 5519 νίεις

692 5506 848 5569 dicat,
865 5506 898 5569 ἱΔ
914 5516 1009 5569 etc.
1034 5506 1241 5569 Videnti,
1266 5506 1485 5569 porro’ff.
1512 5506 1596 5555 liti.
1621 5509 1701 5557 48.
1728 5517 1781 5559 et
1802 5506 1917 5558 Cod.
1944 5507 1977 5554 ι.
2001 5509 2050 5555 9.
2077 5509 2152 5558 tit.
2195 5509 2271 5558 Ad

693 5542 1248 5640 ἑάἶὶῖίῗῖ
1271 5542 1781 5640 ἳι’ἀὲῖ.⁷”’.ἶῗ
1804 5542 1917 5558 “’“’
2003 5542 2050 5555 ”’
2079 5542 2120 5640 ’Ἴ

759 5625 1072 5733 εὶηῡιιδὶωι
1104 5627 1309 5676 Gravius
1338 5641 1451 5700 nunt
1486 5629 1675 5688 passiva
1710 5628 1851 5702 Iiier.
1895 5629 2148 5689 scripserit
2186 5641 2276 5691 pro

759 5700 760 5708 η
901 5685 1295 5733 Quemadmodum
1320 5685 1425 5733 altht
1463 5701 1525 5733 ex
1548 5687 1848 5733 Tertutltano
1873 5696 2086 5733 notatum
2112 5696 2205 5733 est-

698 5685 878 5743 passim
901 5685 1295 5744 quemadmodum
1320 5685 1425 5734 alibi
1463 5685 1525 5736 ex
1548 5687 1848 5737 Tertutfiano
1873 5685 2086 5738 notatum
2112 5685 2205 5738 est'.

2002 261 2246 318 SANCTI
2285 259 2666 320 HIEBONYMI

2394 374 2676 429 vitiosum:
2706 372 2908 430 dimisit
2934 373 3074 429 illius
3096 383 3155 429 et
3177 376 3318 430 illius
3336 379 3576 435 criminis
3601 383 3843 439 noxium
3872 404 3886 440 :
3916 389 3993 443 di-

2395 463 2542 519 misit
2572 464 2747 535 (pene
2775 463 2922 534 dixi)
2949 465 3112 535 quod,
3142 466 3404 522 clamante
3425 471 3619 526 vicinia
3645 515 3664 539 ,
3697 490 3854 531 uxor
3883 481 3988 534 sola

2397 568 2504 606 non
2550 553 2806 623 prodidit.
2859 554 2952 608 Sin
2998 563 3175 609 autem
3201 558 3460 626 arguitur,
3489 577 3658 630 quare
3697 567 3987 635 repudiato

2398 644 2611 707 marito,
2640 660 2747 698 non
2778 644 2996 715 innupta
3021 649 3395 714 permanserit,
3430 650 3584 706 facile
3604 656 3828 725 culpam
3861 659 3986 716 fate-

2395 734 2495 788 bor
2515 776 2531 801 ,
2564 737 2690 789 dum
2743 745 2922 792 tamen
2958 737 3187 793 referam
3219 743 3615 798 necessitatem.
3649 747 3853 804 Helias
3879 762 3982 818 est,

2395 824 2564 895 inquit
2580 827 2889 896 Apostolus,
2909 829 3114 896 nabere,
3135 846 3285 898 quam
3306 833 3386 884 uri
3410 833 3486 903 (1.
3510 835 3629 889 Cor.
3649 839 3698 891 7.
3725 841 3808 912 9).
3833 845 3983 898 Αάο.

2396 914 2686 971 lescentula
2711 927 2846 982 erat,
2870 919 3182 975 viduitatem
3205 937 3358 976 suam
3379 940 3596 981 servare
3607 945 3707 984 non
3728 944 3980 1001 poterat.

2399 1003 2623 1059 Videbat
2648 1006 2805 1060 aliam
2849 1008 3020 1078 legem
3066 1010 3118 1063 in
3151 1011 3409 1067 membris
3444 1017 3556 1071 suis
3589 1034 3981 1091 repugnantem

2395 1095 2496 1164 legi
2526 1099 2722 1152 mentis
2745 1114 2857 1152 sua:
2882 1099 3058 1170 (Rom.
3084 1102 3136 1154 7.
3167 1101 3281 1174 25),
3307 1115 3362 1158 et
3385 1121 3445 1160 se
3473 1109 3703 1165 vinctam
3722 1123 3784 1167 et
3803 1117 3980 1184 capti-

2395 1201 2512 1239 vam
2541 1187 2605 1239 ad
2631 1189 2830 1242 coitum
2861 1191 3019 1244 trahi.
3048 1191 3235 1246 Melius
3261 1195 3514 1250 arbitrata
3536 1211 3619 1254 est
3638 1212 3826 1270 aperte
3850 1219 3977 1260 con-

2396 1277 2530 1332 fiteri
2554 1278 2969 1335 imbecillitatem
2991 1297 3162 1347 suam,
3187 1293 3241 1338 et
3261 1287 3503 1341 umbram
3525 1293 3812 1359 quamdam
3825 1297 3975 1352 mise.

2395 1368 2579 1423 rabilis
2600 1371 2781 1425 subire
2800 1372 3051 1442 conjugii,
3077 1390 3237 1444 quam
3261 1377 3361 1431 sub
3380 1379 3548 1447 gloria
3571 1383 3795 1438 univira:
3815 1401 3972 1456 opera

2393 1473 2655 1515 exercere
2683 1465 3050 1519 meretricum.
3096 1466 3242 1521 ldem
3288 1470 3579 1538 Apostolus
3627 1477 3743 1530 vult
3790 1479 3973 1534 viduas

2393 1551 2820 1608 adolescentulas
2849 1555 3075 1622 nubere,
3109 1557 3246 1612 filios
3280 1577 3584 1628 procreare,
3616 1568 3820 1623 nullam
3849 1571 3971 1627 dare

2393 1643 2733 1698 occasionem
2777 1645 3089 1700 adversario
3137 1649 3404 1704 maledicti
3446 1656 3614 1723 gratia
3643 1657 3691 1729 (1
3727 1658 3866 1714 Tim.
3898 1662 3968 1731 5).

2397 1730 2463 1784 Et
2492 1732 2733 1797 protinus
2757 1749 2856 1788 cur
2877 1735 2977 1790 hoc
2997 1736 3144 1800 velit,
3173 1743 3431 1808 exponit:
3463 1762 3482 1793 α
3512 1744 3630 1799 Jam
3656 1749 3800 1803 enim
3828 1730 3967 1818 qum-

2395 1822 2517 1876 dam
2548 1824 2796 1880 abierunt
2816 1838 2963 1882 retro
2984 1839 3103 1897 post
3123 1831 3394 1886 Satanam.
3430 1855 3449 1887 ι
3479 1836 3641 1906 Igitur
3659 1849 3713 1894 et
3733 1842 3964 1907 Fabiola,

2396 1915 2520 1983 quia
2552 1926 2892 1984 persuaserat
2919 1919 3044 1985 sibi,
3072 1930 3126 1974 et
3156 1925 3372 1991 putabat
3400 1941 3429 1978 a
3457 1941 3516 1982 se
3545 1930 3713 1983 virum
3737 1932 3862 2002 jure
3893 1937 3965 1986 di-

2395 2004 2614 2059 missum
2634 2047 2650 2071 ,
2676 2021 2774 2061 nec
2805 2007 3078 2080 Evangelii
3113 2013 3354 2084 vigorem
3402 2029 3637 2084 noverat,
3663 2022 3714 2074 in
3737 2039 3852 2092 quo
3876 2041 3963 2076 nu-

2396 2094 2554 2150 bendi
2601 2097 2847 2153 universa
2895 2103 3170 2170 causatio,
3205 2105 3506 2163 viventibus
3549 2111 3711 2175 viris,
3757 2111 3964 2168 feminis

2393 2197 2716 2257 amputatur,
2743 2190 2869 2244 dum
2901 2194 3064 2248 multa
3104 2194 3302 2252 diaboli
3342 2199 3472 2254 vitat
3510 2200 3766 2268 vulnera,
3800 2220 3955 2259 unum

2395 2277 2602 2332 incauta
2623 2278 2816 2334 vulnus
2835 2283 3056 2350 accepit.

2463 2369 2518 2422 4.
2564 2367 2796 2424 Fabiola:
2842 2371 3135 2440 paenitentia
3199 2376 3424 2446 publica.
3467 2409 3538 2419 —
3569 2379 3674 2436 Sed
3711 2382 3835 2452 quid
3871 2400 3963 2454 ego

2394 2460 2446 2514 in
2485 2461 2696 2517 abolitis
2743 2471 2799 2518 et
2862 2465 3092 2535 antiquis
3159 2483 3375 2536 moror,
3429 2487 3672 2540 quaerens
3718 2491 3962 2533 excusare

2392 2552 2638 2621 culpam,
2679 2553 2833 2623 cujus
2861 2557 3225 2625 pmnitentiam
3255 2559 3368 2629 ipsa
3410 2563 3653 2621 confessa
3693 2569 3811 2623 est?
3843 2571 3961 2638 Quis

2395 2645 2496 2701 hoc
2535 2646 2815 2715 crederet,
2860 2657 2919 2703 ut
2959 2660 3080 2720 post
3118 2661 3344 2708 mortem
3385 2657 3607 2712 secundi
3656 2660 3753 2715 viri
3797 2661 3848 2716 in
3874 2679 3957 2718 se-

2393 2739 2675 2809 metipsam
2715 2755 2964 2808 reversa,
3014 2757 3122 2812 quo
3164 2753 3408 2814 tempore
3448 2749 3625 2805 solent
3658 2753 3829 2808 vidua:
3871 2771 3958 2809 ne-

2391 2835 2670 2906 gligentes,
2692 2837 2824 2908 jugo
2847 2840 3118 2896 servitutis
3138 2856 3394 2908 excusso,
3426 2859 3586 2914 agere
3628 2859 3690 2900 se
3729 2846 3957 2914 liberius,

2393 2925 2543 2981 adire
2568 2926 2643 2999 (b)
2670 2928 2917 2996 balneas,
2935 2932 3162 2987 volitare
3182 2949 3280 3003 per
3296 2935 3518 3003 plateas,
3537 2935 3716 2990 vultus
3744 2938 3955 2992 circum.

2395 3014 2537 3071 ferre
2552 3019 2885 3074 meretricios
2905 3037 2920 3084 ;
2939 3035 3149 3075 saccum
3173 3023 3435 3089 indueret,
3455 3033 3512 3079 ut
3526 3041 3764 3081 errorem
3790 3029 3954 3097 publi-

2391 3122 2453 3161 ce
2466 3105 2720 3164 fateretur
2738 3127 2753 3166 :
2770 3119 2826 3164 et
2850 3120 2956 3165 tota
2973 3113 3103 3166 urbe
3115 3123 3388 3183 spectante
3401 3115 3659 3182 Romana,
3673 3128 3796 3172 ante
3826 3119 3954 3172 diem

2392 3197 2674 3254 Paschatin
2701 3200 2923 3256 Basilica
2950 3203 3216 3273 quondam
3229 3203 3298 3277 (c)
3311 3205 3580 3274 Leterani,
3598 3209 3687 3278 qui
3709 3209 3958 3266 Cmsaria-

2393 3303 2462 3342 no
2485 3299 2760 3345 truncatus
2789 3300 2871 3345 est
2892 3293 3088 3362 gladio,
3128 3293 3293 3366 ἤια)
3330 3307 3495 3352 staret
3522 3298 3572 3353 in
3594 3300 3781 3354 ordine
3801 3303 3960 3371 poeni-

2393 3381 2639 3447 tentium,
2672 3381 2962 3462 EpiscOpo,
2996 3384 3346 3456 Presbyteris,
3379 3397 3432 3442 ct
3457 3391 3600 3443 omni
3633 3393 3828 3462 populo
3848 3395 3956 3448 col-

2392 3453 2829 3540 lacrymantibus',
2856 3487 3098 3542 sparsum
3121 3453 3345 3540 crinem,
3369 3492 3462 3531 ora
3490 3453 3680 3543 lurida,
3700 3453 3957 3550 squalidas

2391 3575 2601 3626 manus,
2629 3562 2845 3617 sordida
2885 3564 3024 3618 colla
3053 3567 3440 3622 submitteret?
3466 3570 3594 3635 Qua:
3625 3583 3836 3639 peccata
3872 3573 3958 3627 lle-

2393 3660 2478 3705 tus
2504 3652 2604 3708 iste
2648 3669 2754 3708 non
2795 3657 3030 3726 purget?
3076 3673 3210 3727 quas
3237 3661 3560 3715 inveteratas
3587 3665 3822 3718 maculas
3853 3665 3957 3719 btet:

2393 3743 2623 3800 lamenta
2666 3761 2774 3800 non
2820 3748 3090 3803 abluant?
3143 3750 3332 3805 Petrus
3393 3753 3584 3806 trinam
3629 3757 3954 3824 negationem

2390 3837 2525 3889 trina
2541 3835 2875 3893 confessione
2891 3838 3089 3894 delevit
3103 3839 3260 3913 (Joan
3277 3843 3394 3912 Ἡ).
3414 3845 3591 3898 Aaron
3605 3847 3951 3916 sacrilegium.

2389 3925 2466 3996 (d)
2494 3936 2547 3982 et
2573 3928 2858 3983 conflatum
2887 3945 2952 3985 ex
2980 3945 3113 3985 auro
3143 3933 3292 3986 vituli
3336 3943 3529 4002 caput,
3559 3935 3806 3991 fraterna:
3839 3952 3951 3993 cor-

2389 4033 2578 4072 rexere
2604 4034 2791 4088 preces
2811 4019 3004 4089 (Exod.
3035 4019 3144 4091 52).
3176 4021 3342 4078 David
3373 4027 3542 4080 sancti
3565 4035 3619 4080 ct
3645 4030 3954 4083 mansuetis-

2389 4108 2508 4162 simi
2538 4110 2638 4163 viri
2687 4109 3032 4164 homicidium
3065 4112 3265 4181 pariter
3297 4122 3352 4168 et
3377 4115 3694 4171 adulterium
3715 4159 3731 4183 ,
3759 4129 3951 4190 septem

2386 4198 2592 4254 dierum
2621 4200 2923 4256 emendavit
2949 4199 3117 4257 fames
3138 4201 3214 4275 (2.
3237 4203 3366 4276 Reg.
3398 4207 3483 4260 11.
3518 4207 3628 4279 12).
3661 4209 3875 4266 Iacebat
3904 4213 3951 4268 in

2388 4301 2551 4358 terra,
2580 4293 2917 4348 volutabatur
2954 4295 3006 4347 in
3050 4295 3232 4350 cinere
3252 4336 3267 4359 ,
3297 4305 3350 4350 et
3378 4297 3574 4354 oblitus
3599 4301 3759 4371 regias
3783 4312 3954 4373 potes-

2387 4381 2531 4446 tatis,
2563 4381 2743 4437 lumen
2772 4382 3046 4452 quaarebat
3076 4382 3128 4436 in
3160 4384 3420 4440 tenebris.
3459 4385 3716 4459 lllumquc
3757 4399 3953 4447 tantum

2386 4472 2678 4541 respiciens
2720 4487 2878 4541 quem
2916 4471 3233 4538 offenderat,
3282 4475 3610 4547 lacrymabili
3657 4478 3748 4551 [al.
3789 4481 3951 4554 lacry-

2385 4561 2529 4634 mali]
2558 4577 2688 4617 voce
2715 4561 2926 4617 dicebat
2949 4579 2963 4615 :
2995 4562 3111 4616 Tibi
3135 4566 3232 4618 soli
3253 4569 3472 4634 peccavi,
3505 4577 3552 4621 et
3576 4569 3764 4623 malum
3787 4587 3954 4626 coram

2384 4661 2431 4705 te
2455 4653 2551 4720 [cci
2576 4651 2693 4724 (Ps.
2725 4651 2814 4706 50.
2843 4650 2918 4722 6).
2950 4651 3054 4706 Et:
3085 4652 3263 4708 Redde
3289 4657 3412 4710 milii
3455 4657 3681 4712 laetitiam
3717 4660 3953 4716 salutaris

2384 4743 2479 4810 tui,
2512 4753 2557 4797 et
2581 4743 2766 4813 spiritu
2787 4742 3060 4813 principali
3084 4746 3333 4813 conﬁrma
3361 4763 3439 4801 me
3463 4746 3624 4817 (Ibid.
3651 4746 3760 4816 14).
3781 4750 3954 4820 Atque

2444 4964 2519 5026 (ὸ)
2554 4963 2608 5026 In
2633 4963 2777 5013 editis
2793 4961 3004 5026 aliquot,
3031 4970 3083 5012 et
3105 4965 3220 5026 Mss.
3255 4961 3743 5026 occurrithinterdunj.
3785 4961 3952 5026 balnea

2382 5022 2468 5088 pro
2496 5022 2695 5074 balneas
2719 5037 2810 5072 non
2835 5022 2932 5088 tam
2970 5025 3082 5073 lteic
3107 5025 3195 5074 loci
3217 5061 3231 5084 ,
3255 5039 3398 5088 quam
3435 5022 3577 5088 alibi;
3603 5037 3697 5088 nec
3717 5023 3918 5073 dubium
3935 5065 3946 5082 ,

2416 5087 2496 5134 uin
2521 5099 2584 5135 ex
2607 5087 2901 5146 criticorum,
2919 5085 3114 5146 licentia
3134 5122 3149 5146 ,
3175 5085 3287 5134 naui
3309 5085 3478 5146 balnea
3501 5085 3706 5146 plurium
3751 5098 3948 5135 numero

2416 5100 2496 5134 υιη
2521 5100 2584 5135 ex
2607 5100 2884 5135 Cl'lllCOl'llm
2920 5100 3114 5134 1101311113
3134 5122 3149 5146 ,
3175 5100 3282 5134 nam
3309 5100 3478 5135 balnea
3501 5100 3706 5146 planum
3751 5100 3944 5135 numero

3748 5158 3802 5196 εο
3823 5146 3944 5207 σασα

2415 5220 2546 5257 tcttnt
2570 5220 2808 5266 eameam,
2833 5220 2973 5256 navet
2995 5220 3350 5255 mummamem
3370 5220 3676 5256 consuetudo.

2419 5269 2514 5331 _(c)
2547 5268 2723 5331 Plautii
2747 5267 2991 5331 Laterani,
3016 5269 3096 5329 qui
3123 5267 3391 5331 utTacitus
3409 5265 3585 5331 Annal.
3607 5267 3694 5315 lib.
3718 5265 3940 5331 Πηοορ.

2378 5325 2462 5379 6οέ
2494 5325 2663 5400 iras!"-
2704 5329 2756 5400 ,ίρ
2796 5325 3048 5400 Emme
3084 5329 3370 5400 ροοὶυῖεεςξ.
3393 5326 3759 5400 deprehensus:
3784 5325 3944 5400 vis"?!

2381 5389 2633 5440 constantis
2672 5388 2847 5440 silentii
2889 5385 3272 5448 trucidatus
3314 5385 3434 5447 Ejus
3463 5385 3706 5448 'palatium
3731 5389 3779 5436 in
3799 5385 3946 5448 Cteiio

2381 5457 2553 5512 monte,
2585 5459 2751 5512 postea
2795 5450 3010 5512 incoluit_
3023 5446 3392 5512 consumimus,
3426 5446 3528 5512 tuin
3550 5446 3784 5512 Silvestre
3804 5447 3944 5512 Rapa:

2380 5510 2506 5559 dono
2527 5505 2691 5569 dedit,
2727 5525 2752 5573 a
2775 5524 2872 5573 quo
2895 5513 2941 5573 in
2979 5507 3228 5573 Basilicam
3251 5506 3304 5552 S.
3338 5505 3557 5573 Joannis,
3598 5520 3708 5570 qua:
3729 5508 3784 5556 ad
3824 5505 3942 5556 hanc

2474 5584 2538 5636 ue
2558 5564 2690 5636 diem
2708 5571 2780 5636 de
2793 5564 2986 5636 nomine
3004 5567 3228 5636 Laterani
3240 5564 3533 5636 appellatur,
3544 5564 3830 5636 conversum

2466 5626 2523 5692 ἄ)
2559 5632 2714 5682 Aliter
2734 5631 2798 5681 ob
2810 5629 3095 5694 cat/latim.
3120 5635 3217 5694 etc.
3245 5631 3297 5694 et
3319 5626 3519 5694 quidam
3544 5627 3656 5678 Mss.
3681 5641 3838 5690 penes
3861 5627 3942 5676 Vl-

2385 5685 2610 5755 ctorium,
2624 5706 2686 5742 ea:
2709 5685 2911 5754 conﬂato
2929 5703 2992 5741 ea:
3014 5700 3134 5740 auro
3157 5685 3287 5738 vitali
3308 5685 3484 5747 capite.
