4056 6184
243 283 352 342 693

241 399 442 455 factum
496 406 580 454 est
604 440 620 465 ,
648 405 706 453 ut
741 396 829 467 qui
884 409 970 449 me
1020 394 1168 465 prius
1207 394 1463 449 docuerat
1498 396 1817 465 virtutibus,

245 494 383 554 suis,
411 489 677 561 quomodo
694 498 841 544 stans
866 502 972 541 non
994 486 1262 552 caderem,
1285 486 1503 541 doceret
1525 500 1622 555 per
1653 490 1824 557 paeni-

248 583 495 646 tentiam,
526 578 791 650 quomodo
813 577 1010 631 cadens
1030 591 1387 646 resurgerem.
1416 576 1555 642 Quid
1582 588 1688 629 tam
1716 579 1820 630 im-

246 676 393 746 pium
418 676 638 745 legimus
668 674 809 727 inter
834 686 1010 741 reges,
1033 686 1193 740 quam
1225 668 1427 731 Achab,
1460 669 1527 723 tle
1552 684 1655 738 quo
1675 669 1819 723 Scri-

245 778 402 836 ptura
429 764 558 818 dicit
583 781 597 827 ;
633 762 755 817 Non
785 764 882 832 fuit
909 763 1045 815 alius
1075 764 1191 813 talis
1220 770 1274 813 ut
1298 760 1491 825 Achab,
1516 762 1601 826 qui
1628 774 1820 812 venun-

240 857 390 908 datus
434 863 542 916 est,
599 862 657 905 ut
700 857 887 923 faceret
940 852 1130 903 malum
1185 850 1238 903 in
1268 860 1537 916 conspectu
1571 848 1823 901 Domini?

238 945 318 1018 (3.
345 945 474 1014 Reg.
500 944 591 999 2|.
622 942 640 1014 )
679 943 778 997 llic
816 957 937 995 cum
978 951 1194 1011 propter
1226 942 1533 1009 sanguinem
1563 937 1821 993 Nabuthae

246 1044 528 1104 correptus
552 1034 737 1089 fuisset
758 1032 827 1085 ab
847 1032 982 1096 Elia,
1006 1041 1060 1086 ct
1085 1031 1322 1085 audisset
1343 1030 1473 1083 iram
1496 1028 1703 1083 Domini
1728 1043 1823 1096 per

235 1127 563 1198 PrOphetam
587 1143 602 1180 :
626 1143 644 1177 ‹
668 1124 941 1186 Occidisti,
967 1132 1021 1177 et
1042 1124 1260 1191 insuper
1278 1121 1561 1197 possedisti
1590 1138 1604 1174 :
1625 1130 1678 1173 et
1697 1133 1822 1173 ecce

234 1234 340 1289 ego
368 1217 616 1272 inducam
641 1229 802 1283 super
828 1224 878 1267 te
900 1213 1121 1277 malum,
1150 1222 1204 1265 et
1228 1212 1496 1265 demetam
1525 1208 1821 1278 posteriora

238 1316 331 1361 tua
351 1348 369 1371 ,
401 1325 420 1358 ›
456 1314 510 1361 et
537 1305 739 1375 reliqua
769 1321 782 1357 :
816 1302 975 1357 scidit
1001 1302 1318 1356 vestimenta
1349 1315 1475 1364 sua,
1520 1308 1575 1353 et
1615 1299 1824 1367 operuit

235 1397 420 1452 cilicio
445 1410 661 1451 carnem
684 1409 855 1456 suam,
881 1392 1263 1461 jejunabatque
1281 1392 1332 1444 in
1354 1404 1533 1454 sacco,
1555 1399 1608 1443 et
1634 1389 1822 1442 ambu-

236 1486 388 1540 labat
412 1486 649 1540 demisso
679 1484 872 1553 capite.
907 1483 1057 1536 Tunc
1095 1480 1268 1534 factus
1304 1490 1387 1534 est
1415 1495 1594 1535 sermo
1630 1479 1724 1533 Dei
1755 1478 1821 1533 ad

239 1576 412 1630 Eliam
445 1574 775 1644 Thesbyten,
798 1573 1018 1626 dicens:
1057 1590 1075 1623 t
1105 1571 1295 1625 Nonne
1316 1572 1493 1625 vidisti
1518 1570 1700 1624 Achab
1721 1570 1822 1623 hu-

239 1666 504 1721 miliatum
530 1677 711 1717 coram
740 1662 869 1715 me?
908 1660 1044 1728 Quia
1086 1675 1215 1729 ergo
1248 1660 1555 1712 humiliatus
1593 1669 1675 1713 est
1717 1658 1822 1713 mei

240 1755 336 1824 [al.
370 1753 567 1807 timoris
593 1750 708 1821 mei]
732 1765 891 1804 causa
916 1791 931 1814 ,
964 1763 1069 1801 non
1119 1748 1367 1801 inducam
1394 1749 1591 1800 malum
1630 1747 1680 1799 in
1706 1747 1822 1800 die-

238 1848 342 1902 bus
366 1846 501 1915 ejus.
535 1863 553 1897 ι
584 1842 778 1898 Ofelix
818 1839 1284 1909 pmnitentia,qu:e
1318 1836 1384 1889 ad
1426 1852 1486 1890 se
1524 1836 1617 1889 Dei
1666 1836 1825 1889 traxit

238 1937 450 2000 oculos,
481 1950 597 2004 qua:
628 1916 897 1986 furentem
921 1928 1241 1983 sententiam
1274 1926 1403 1991 Dei,
1445 1924 1697 1979 confesso
1738 1939 1826 1979 er-

240 2041 366 2079 rore
396 2023 639 2078 mutavit.
674 2019 788 2074 Hoc
818 2019 959 2073 idem
990 2028 1047 2071 et
1074 2017 1351 2071 Manassen
1382 2015 1434 2068 in
1464 2015 1827 2083 Paralipome-

238 2133 350 2172 non
366 2116 443 2187 (‘2.
473 2114 601 2167 Par.
615 2112 719 2167 350
748 2110 936 2180 supple
962 2105 1125 2178 tibr.),
1154 2117 1208 2162 et
1227 2107 1450 2161 Niniven
1479 2105 1670 2160 fecisse
1695 2105 1825 2174 legi-

239 2222 364 2262 mus
392 2207 447 2258 in
480 2203 745 2270 Propheta
776 2200 921 2271 (Jan.
953 2200 1008 2253 3.
1039 2195 1116 2267 4),
1152 2197 1500 2251 Publicanum
1527 2209 1743 2264 quoque
1770 2194 1823 2248 in

241 2296 536 2366 Evangelio
562 2293 710 2365 (an.
742 2291 854 2359 16).
888 2290 930 2344 E
959 2290 1152 2359 quibus
1183 2290 1387 2359 primus
1410 2303 1516 2343 non
1542 2288 1713 2341 solum
1746 2288 1826 2341 in-

236 2386 569 2457 dulgentiam
593 2424 609 2447 ,
640 2381 734 2437 sed
778 2389 833 2435 et
874 2394 1099 2449 regnum
1142 2378 1383 2448 recipere
1428 2378 1661 2443 meruit;
1694 2378 1827 2431 alter

239 2476 637 2547 impendentem
655 2474 748 2529 Dei
767 2472 1089 2543 fregitiram;
1105 2472 1295 2525 tertius
1315 2480 1499 2540 pectus
1513 2468 1822 2534 verberans,

237 2568 454 2638 pugnis,
468 2565 651 2619 oculos
664 2580 769 2617 non
787 2563 996 2617 levabat
1009 2560 1076 2615 ad
1088 2561 1306 2625 emtum;
1321 2569 1374 2614 et
1388 2560 1559 2614 multo
1574 2559 1826 2627 justillca-

238 2659 346 2713 tior
416 2655 575 2727 561
653 2653 879 2708 recessit
909 2651 1447 2706 Publicanusbumili
1492 2648 1826 2703 confessione

235 2749 521 2811 vitiorum,
551 2760 708 2815 quam
736 2743 1041 2798 Pbarisaaus
1070 2743 1298 2812 superba
1326 2742 1618 2811 jactationc
1655 2742 1823 2794 virtu-

239 2849 376 2895 tum.
405 2838 521 2893 Non
551 2845 635 2891 est
658 2836 760 2890 loci
803 2834 962 2902 hujus
989 2841 1046 2887 ut
1092 2834 1464 2902 ptenitentiam
1514 2831 1822 2901 praedicem,

238 2943 298 2987 et
325 2930 476 3002 quasi
493 2937 677 2984 contra
714 2926 789 2999 (a)
810 2926 1140 2988 Montanum,
1166 2923 1538 2991 Novatumque
1580 2922 1823 2975 scribens

239 3022 447 3097 dicam,
521 3020 666 3073 illam
742 3017 972 3069 hostiam
1044 3014 1272 3068 Domino
1315 3028 1436 3066 esse
1508 3012 1822 3080 placabilem

244 3113 417 3185 (Paul.
445 3109 570 3182 26);
601 3119 676 3175 et,
715 3127 733 3159 t
761 3106 1094 3163 Sacrificium
1120 3107 1251 3169 Deo.
1277 3105 1524 3174 spiritum
1550 3104 1824 3158 contribu-

239 3208 410 3262 latum
441 3223 461 3257 ι
492 3202 670 3275 (Psal.
703 3200 791 3254 50.
818 3199 909 3267 19)
937 3217 950 3251 :
977 3198 1064 3261 Et,
1098 3216 1116 3248 ι
1148 3196 1287 3251 Malo
1316 3196 1683 3265 paenitentiam
1706 3209 1824 3261 pec-

239 3297 461 3361 catoris,
488 3308 647 3364 quam
674 3301 937 3345 mortem:
970 3308 988 3341 ι
1025 3288 1236 3357 (Ezech.
1270 3287 1356 3342 18.
1380 3288 1475 3355 25)
1502 3304 1516 3349 ;
1548 3286 1633 3348 Et,
1672 3304 1691 3337 ι
1720 3285 1828 3339 Ex-

238 3403 424 3459 surge,
441 3398 667 3453 exsurge
682 3381 979 3437 Jerusalem
1007 3378 1203 3448 »(1ωε.
1232 3378 1322 3433 60.
1347 3379 1398 3441 1;
1428 3388 1477 3431 ει
1503 3376 1727 3441 Baruclt,
1769 3378 1821 3431 5.

240 3481 333 3551 5);
359 3487 410 3533 et
438 3477 601 3532 multa
627 3475 753 3539 alia,
785 3488 902 3542 qua:
930 3471 1309 3542 prophetarum
1340 3470 1594 3540 clangunt
1618 3470 1777 3524 tubae.

312 3571 366 3627 5.
408 3569 520 3623 Hoc
551 3582 713 3620 unum
734 3566 959 3633 loquar,
991 3563 1131 3632 quod
1162 3571 1217 3616 et
1246 3562 1543 3630 legentibus
1575 3561 1705 3616 utile
1733 3560 1823 3625 sit,

240 3670 297 3716 et
347 3657 599 3729 praesenti
642 3670 819 3710 causa:
862 3654 1168 3708 conveniat.
1200 3651 1317 3706 Non
1349 3661 1430 3704 est
1469 3651 1688 3704 confusa
1721 3651 1827 3704 Do-

241 3753 443 3804 minum
469 3749 523 3803 in
547 3747 725 3809 terris,
748 3754 803 3799 et
824 3744 915 3798 ille
935 3759 1052 3797 eam
1078 3758 1183 3796 non
1206 3742 1562 3797 confundetur
1588 3740 1683 3812 [al.
1707 3755 1831 3792 con-

239 3841 441 3915 fundet]
492 3842 544 3895 in
592 3841 730 3894 ctelo
779 3836 926 3909 (Luc.
960 3836 1037 3905 9).
1090 3836 1318 3905 Aperuit
1370 3833 1579 3888 cunctis
1636 3831 1831 3884 vulnus

241 3948 398 3988 suum
423 3971 439 3997 ,
472 3939 524 3984 et
554 3928 861 3983 decolorem
895 3925 991 3996 [aL
1024 3923 1342 3995 dedecorem]
1372 3925 1422 3975 in
1453 3936 1679 3991 corpore
1699 3921 1827 3973 cica-

244 4022 433 4077 tricem
466 4018 602 4073 ﬂens
634 4017 802 4070 Roma
831 4014 1137 4083 conspexit.
1172 4014 1382 4066 Dissuta
1430 4010 1615 4063 habuit
1643 4010 1829 4073 latera,

241 4112 446 4169 nudum
490 4113 683 4177 caput,
732 4106 975 4162 clausum
1005 4118 1087 4158 os.
1116 4102 1235 4157 Non
1266 4110 1349 4156 est
1373 4101 1611 4169 ingressa
1639 4097 1830 4151 Eccle-

240 4206 379 4260 siam
429 4200 660 4265 Domini,
711 4198 805 4253 sed
851 4206 999 4252 extra
1047 4202 1225 4248 castra
1270 4208 1390 4247 cum
1438 4190 1600 4244 Maria
1645 4203 1834 4243 sorore

241 4294 409 4366 Moysi
442 4299 684 4360 separata
715 4287 959 4344 censedit
986 4284 1176 4354 (Nam.
1208 4284 1297 4337 η.
1331 4280 1451 4351 15),
1481 4289 1713 4348 utquam
1738 4278 1836 4334 Sa-

243 4385 434 4442 cerdos
476 4383 744 4451 ejecerat,
794 4379 910 4447 ipse
955 4383 1260 4431 revocaret.
1289 4372 1574 4427 Descendit
1604 4370 1671 4425 de
1698 4370 1835 4423 solio

245 4476 563 4533 deliciarum
590 4485 831 4533 suarum,
856 4469 1063 4536 accepit
1091 4466 1313 4528 molam,
1348 4463 1471 4519 fecit
1499 4461 1749 4525 farinam,
1779 4469 1835 4514 et

247 4566 579 4623 tliscalceatis
594 4562 817 4634 pedibus
831 4558 1073 4614 transivit
1087 4556 1281 4611 fluenta
1296 4555 1672 4624 lacrymarum.
1688 4548 1835 4605 Sedit

248 4676 409 4730 super
439 4655 512 4730 (ὁ)
537 4656 798 4712 carbones
824 4652 982 4722 ignis.
1010 4650 1076 4704 Hi
1108 4650 1157 4703 ei
1189 4649 1338 4703 fuere
1382 4647 1432 4699 in
1487 4643 1831 4711 adjutorium.

248 4752 461 4807 Faciem
484 4790 499 4815 ,
521 4762 616 4818 per
635 4760 793 4816 quam
824 4740 1063 4798 secundo
1088 4740 1205 4794 viro
1235 4739 1541 4806 placuerat,
1569 4734 1826 4788 verbera—

250 4846 360 4907 bat,
389 4842 577 4896 oderat
606 4850 869 4908 gemmas,
903 4831 1218 4888 linteamina
1246 4828 1430 4883 videre
1459 4841 1566 4881 non
1599 4830 1827 4894 poterat,

254 4938 563 4985 ornamenta
577 4928 825 4997 fugiebat.
844 4924 933 4980 Sic
944 4921 1179 4986 dolebat,
1195 4918 1343 4987 quasi
1362 4914 1680 4969 adulterium
1696 4926 1835 4965 com-

255 5019 510 5082 misisset,
563 5026 617 5072 et
656 5016 839 5071 multis
883 5010 1171 5083 impendiis
1209 5005 1623 5064 medicaminum
1667 5017 1832 5057 unum

258 5110 457 5164 vulnus
483 5121 674 5162 sanare
698 5105 972 5175 cupiebat.

328 5204 383 5258 6.
426 5200 522 5255 Diu
572 5196 761 5252 morati
791 5210 976 5251 sumus
1004 5195 1059 5250 ln
1088 5190 1408 5265 poenitentia
1431 5226 1446 5251 ,
1476 5185 1529 5239 in
1559 5198 1663 5254 qua
1688 5182 1835 5237 velut

342 5336 397 5398 ιι)
426 5332 495 5398 Ili
519 5332 615 5381 duo
632 5329 850 5398 haeretici
874 5328 1027 5398 lapsis
1050 5314 1738 5398 pmnitentiamzdeneﬁabatlt.

342 5375 396 5458 ὃς
413 5375 941 5458 Δἱῐιῖτιξιῖιῖιξ’ἒέῃίνίᾧόηιξὲ
959 5375 1113 5437 mea
1136 5375 1836 5458 desolatcriostjﬁlfuﬂflgf

254 5444 391 5510 Isaiae
412 5444 548 5504 labra
574 5456 776 5514 purgata
797 5456 911 5498 sunt
931 5486 958 5514 εί
981 5446 1656 5514 ρριιρει-εῐηηὶιιξςετριοθᾳξιῃςε
1681 5444 1834 5514 quem

256 5486 1548 5576 v’i'éi'fn'i'u‘é'gu'giiﬁijqé‘t'éaénﬁiiefébié'bjtiai;
1559 5486 1834 5576 spbﬁtlem

257 5559 695 5642 ἐέιῖῗὶῖῑεέἶέεπ
725 5559 1024 5642 ῠδδῐῑοηεηὶ
1043 5568 1107 5641 .εά
1129 5559 1832 5642 ,Ροειέἱίξεξὲξὲίιέ-.⁶ῗὲ¹¹ἓὶὶ³¹ἓ⁸κξ

257 5614 483 5705 oili;
1043 5614 1169 5692 ignis
1190 5614 1430 5680 iisalebis
1451 5632 1600 5684 super
1627 5629 1714 5668 eos
1740 5628 1753 5663 :
1778 5614 1833 5663 hi

259 5694 405 5754 cruat
422 5698 511 5751 tibi
537 5699 586 5747 in
608 5694 913 5758 adjutorium.
934 5706 959 5737 ι

1650 5801 1687 5814 ρ

1265 5821 1451 5834 ,,,,,....-κ
1474 5824 1479 5827 .

1563 283 1890 344 EPISTOLA
1930 284 2167 344 LXXIII.

3402 299 3508 355 694

1931 401 1983 454 in
2012 401 2223 455 vadosis
2255 401 2384 455 locis
2411 401 2710 457 resedimus
2728 443 2745 469 ,
2770 410 2829 458 ut
2854 406 3027 477 major
3051 408 3203 464 nobis
3230 417 3284 464 et
3307 410 3509 481 absque

1930 490 2042 543 ullo
2070 490 2452 559 impedimento
2480 506 2538 546 se
2564 491 2781 549 laudum
2829 495 2947 564 ejus
2984 512 3204 568 campus
3248 502 3504 570 aperiret.

1929 579 2162 648 Recepta
2182 581 2281 633 sub
2300 582 2466 635 oculis
2485 583 2660 636 omnis
2682 584 2937 639 Ecclesia:
2962 591 3358 653 communione.
3379 592 3508 663 quid

1932 672 2093 727 fecit?
2136 676 2342 729 scilicet
2383 676 2433 728 in
2466 675 2553 729 die
2599 676 2736 730 bona
2780 678 3041 733 malorum
3087 695 3193 733 non
3240 672 3511 737 oblita’est

1931 762 2116 829 (Eccli.
2145 765 2271 832 11);
2300 776 2353 818 et
2382 773 2500 833 post
2522 766 2852 835 naufragium
2884 784 3092 822 rursum
3118 778 3320 825 tentare
3343 774 3510 828 noluit

1931 853 2158 919 pericula
2178 856 2474 923 navigandi.
2496 856 2633 922 Quin
2658 858 2835 924 potius
2855 873 3071 911 onmem
3092 876 3331 925 censum,
3350 878 3508 931 quem

1932 942 2129 997 habere
2158 954 2367 1011 poterat
2396 945 2415 1013 (
2427 955 2542 997 erat
2570 954 2745 998 autem
2771 948 3134 1014 amplissimus
3154 989 3169 1012 ,
3202 961 3256 1003 ct
3285 965 3512 1019 respon-

1928 1030 2063 1085 dens
2090 1034 2271 1101 generi
2304 1034 2453 1101 ejus)
2480 1034 2792 1101 dilapidavit
2814 1076 2828 1099 ,
2859 1051 2921 1090 ac
2944 1038 3184 1091 vendidit
3211 1057 3224 1091 :
3255 1049 3307 1093 et
3336 1042 3388 1094 in
3420 1058 3511 1111 pe-

1926 1121 2137 1174 cuniam
2183 1133 2556 1192 congregatum
2576 1163 2593 1189 ,
2625 1125 2806 1177 usibus
2838 1141 3128 1194 pauperum
3157 1133 3507 1199 praeparavit;

1928 1219 1986 1264 ct
2009 1212 2175 1280 prima
2199 1214 2433 1266 omnium
2463 1214 2536 1284 (c)
2562 1231 2847 1281 νοσοκομιτον
2871 1217 3115 1280 instituit,
3144 1219 3195 1271 in
3218 1236 3322 1286 quo
3343 1236 3512 1289 :egro-

1932 1310 2103 1355 tantes
2130 1303 2406 1372 colligeret
2435 1304 2501 1357 de
2533 1305 2740 1371 plateis,
2762 1312 2816 1357 et
2835 1315 3143 1374 coosumpta
3172 1308 3511 1377 langumihus

1929 1401 2088 1462 atque
2118 1394 2290 1447 inedia
2322 1395 2639 1448 miserorum
2672 1396 2907 1449 membra
2942 1396 3165 1451 foveret.
3200 1399 3510 1455 Describam

1930 1498 2028 1550 ego
2054 1498 2195 1537 nunc
2215 1483 2457 1538 diversas
2479 1484 2754 1538 hominum
2782 1485 3112 1539 calamitates
3131 1527 3146 1552 ,
3176 1495 3393 1542 truncas
3419 1504 3512 1542 na-

1930 1587 2039 1637 res,
2059 1571 2284 1626 effossos
2313 1574 2516 1638 oculos,
2540 1575 2827 1628 semiustos
2853 1576 3045 1643 pedes,
3078 1576 3278 1631 luridas
3349 1578 3509 1651 562

1932 1675 2154 1722 tnanus,
2192 1670 2456 1715 tumentes
2528 1664 2709 1725 alvos,
2739 1664 2880 1715 exile
2946 1665 3150 1730 femur,
3196 1682 3350 1720 crura
3399 1678 3513 1722 tur-

1929 1750 2103 1817 gentia
2124 1791 2137 1812 ,
2170 1760 2223 1801 et
2252 1750 2317 1802 de
2345 1750 2519 1803 exesis
2562 1766 2625 1803 ac
2656 1751 2882 1817 putridis
2908 1754 3163 1805 carnibus
3191 1756 3512 1812 vermiculos

1932 1841 2257 1893 bullientes?
2288 1839 2509 1905 Quoties
2538 1841 2725 1893 morbo
2756 1842 2938 1909 regio,
2986 1851 3041 1895 et
3074 1843 3269 1911 pedore
3297 1845 3512 1901 confec-

1931 1940 2011 1984 tos
2040 1931 2274 1985 humeris
2299 1931 2410 1984 suis
2435 1932 2547 2000 ipsa
2570 1932 2840 2000 portavit?
2866 1932 3080 2001 quoties
3108 1934 3237 1987 lavit
3262 1937 3513 2003 purulen-

1933 2032 2037 2076 tam
2067 2023 2348 2077 vnlnerum
2379 2023 2582 2077 saniem
2610 2038 2768 2092 quam
2801 2024 2935 2078 alius
2964 2024 3206 2093 aspicere
3236 2042 3340 2081 non
3365 2029 3511 2083 vale-

1930 2113 2057 2166 bat?
2080 2112 2357 2167 Praebebat
2377 2113 2525 2167 cibos
2548 2114 2760 2183 propria
2784 2129 2965 2180 manu,
2987 2125 3039 2169 et
3060 2117 3267 2184 spirans
3282 2118 3511 2174 cadaver

1930 2201 2327 2258 sorbitiunculis
2354 2203 2627 2271 irrigahat.
2644 2202 2767 2257 Scio
2792 2204 2990 2257 multos
3011 2203 3206 2259 divites
3226 2214 3281 2259 et
3298 2206 3511 2277 religio-

1932 2306 2020 2345 sos
2046 2292 2115 2345 ob
2141 2290 2399 2346 stomachi
2430 2292 2728 2359 angustiam
2770 2308 3021 2348 exercere
3066 2294 3366 2364 bnjusmodi
3405 2298 3507 2351 mi-

1930 2380 2277 2435 sericordiam
2309 2368 2406 2450 per
2434 2381 2606 2436 aliena
2638 2382 2964 2446 ministeria,
2996 2392 3050 2437 et
3069 2384 3367 2439 clementes
3389 2400 3511 2441 esse

1934 2472 2184 2540 pecunia,
2235 2487 2339 2525 non
2369 2487 2548 2525 manu.
2581 2471 2728 2538 Quos
2753 2472 3001 2541 equidem
3030 2488 3136 2526 non
3175 2474 3425 2543 reprobo,
3456 2486 3512 2528 et

1932 2560 2336 2615 teneritudinem
2363 2561 2524 2614 animi
2556 2576 2889 2631 nequaquam
2918 2561 3244 2631 interpretor
3284 2563 3512 2619 inﬁdeli-

1932 2662 2092 2707 tatem
2120 2669 2132 2705 :
2158 2651 2251 2706 sed
2275 2652 2776 2706 sicutimbecillitati
2799 2652 3058 2707 stomachi
3085 2654 3289 2707 veniam
3313 2656 3508 2721 tribuo,

1930 2742 2006 2795 sic
2037 2741 2284 2811 perfecta:
2310 2742 2506 2796 mentis
2531 2742 2779 2796 ardorem
2808 2743 2861 2797 in
2888 2744 3084 2797 caelum
3110 2744 3353 2798 laudiims
3375 2745 3507 2801 fero.

1931 2834 2117 2889 MAGNA
2160 2834 2295 2888 lides
2342 2834 2438 2886 ista
2482 2835 2793 2887 contemnit.
2845 2834 2968 2887 Scio
2995 2833 3088 2904 [aL
3120 2834 3251 2904 Scit]
3303 2836 3426 2903 quid
3456 2836 3508 2889 in

1931 2927 2131 2979 Lazaro
2160 2925 2312 2980 dives
2341 2934 2666 2994 purpuratus
2691 2924 2980 2992 aliquando
3007 2939 3112 2977 non
3143 2924 3346 2986 fecerit.
3369 2927 3509 2994 quali

1930 3022 2158 3089 superba
2186 3036 2337 3074 mens
2366 3019 2714 3073 retributione
2739 3018 2985 3070 damnata
3013 3018 3081 3070 sit
3101 3016 3253 3087 (Luc.
3285 3015 3392 3086 16).
3420 3017 3511 3072 llle

1930 3125 2086 3179 quem
2134 3109 2487 3177 despicimus.
2536 3122 2695 3177 quem
2742 3107 2924 3161 videre
2964 3120 3070 3160 non
3103 3122 3412 3174 possumus,
3444 3107 3511 3161 ad

1931 3200 2083 3267 cujus
2110 3198 2355 3251 intuitum
2384 3197 2538 3250 nobis
2571 3197 2801 3249 vomitus
2831 3196 3095 3264 erumpit,
3125 3196 3292 3249 nostri
3322 3196 3513 3250 similis

1930 3298 2041 3351 est,
2073 3288 2140 3342 de
2182 3287 2371 3342 eodem
2414 3287 2692 3340 nobiscum
2737 3285 2997 3339 formatus
3038 3293 3122 3338 est
3149 3285 3293 3350 luto,
3323 3285 3511 3339 iisdem

1930 3387 2239 3449 compactus
2278 3377 2575 3433 elementis.
2620 3375 2884 3444 Quidquid
2931 3375 3159 3445 patitur,
3205 3383 3259 3428 et
3283 3388 3379 3427 nos
3406 3376 3512 3443 pati

1934 3486 2235 3542 possumus.
2295 3468 2526 3522 Vulnera
2595 3467 2709 3535 ejus
2756 3466 3125 3519 existimemus
3172 3464 3412 3533 propria;
3462 3476 3515 3517 et

1931 3563 2107 3617 omnis
2141 3561 2302 3615 animi
2349 3559 2400 3613 in
2426 3559 2651 3611 alterum
2677 3556 2895 3621 duritia,
2917 3556 3173 3610 clementi
3202 3555 3253 3607 in
3280 3562 3516 3608 uosmet-

1933 3657 2079 3726 ipsos
2106 3652 2428 3723 cogitatione
2460 3648 2755 3719 frangetur.

2007 3766 2130 3820 Non
2156 3764 2283 3817 mihi
2311 3764 2356 3816 si
2385 3763 2573 3830 lingua:
2601 3768 2800 3811 centum
2827 3757 2929 3810 sint
2948 3796 2963 3820 ,
2992 3771 3181 3824 oraque
3203 3762 3404 3807 centum
3429 3793 3443 3818 ,

2005 3856 2195 3909 Ferrea
2221 3870 2344 3916 uox,

2011 3947 2195 4000 Omnia
2219 3942 2508 3996 morborum
2539 3950 2832 4007 percurrere
2864 3935 3067 3985 nomina
3098 3932 3303 3997 possim,

2961 4020 3067 4092 (Ex
3089 4019 3301 4073 IEneid.
3331 4020 3408 4091 6).

1937 4163 2057 4219 quae
2084 4144 2298 4201 Fabiola
2329 4144 2379 4197 in
2408 4148 2555 4195 tanta
2585 4138 2904 4192 miserorum
2933 4133 3208 4200 refrigeria
3233 4142 3520 4185 commuta-

1939 4242 2051 4303 vit,
2077 4246 2133 4290 ut
2160 4234 2312 4290 multi
2340 4245 2633 4302 pauperum
2660 4227 2774 4282 sani
2800 4224 3171 4294 languentibus
3194 4223 3516 4277 inviderent.

1939 4334 2253 4401 Quanquam
2305 4327 2395 4381 illa
2441 4322 2601 4378 simili
2634 4320 2956 4375 liberalitate
2987 4331 3109 4386 erga
3139 4315 3378 4369 Clericos
3402 4354 3417 4379 ,
3467 4324 3520 4367 et

1942 4423 2263 4485 Monacbos,
2316 4433 2378 4473 ac
2425 4417 2668 4485 Virgines
2715 4411 2892 4465 fuerit.
2943 4408 3092 4475 Quod
3145 4407 3520 4461 Monasterium

1941 4532 2047 4572 non
2080 4515 2222 4569 illius
2250 4511 2441 4579 Opibus
2468 4514 2825 4560 sustentatum
2856 4501 2981 4557 est?
3028 4515 3185 4571 quem
3216 4499 3437 4560 nudum,
3469 4506 3523 4549 et

1940 4604 2186 4661 clinicum
2217 4615 2321 4655 non
2354 4597 2587 4653 Fabiola:
2629 4594 2948 4648 vestimenta
2984 4589 3266 4644 texerunt?
3307 4588 3357 4639 in
3387 4599 3520 4654 quo.

1940 4708 2057 4749 rum
2105 4706 2164 4746 se
2207 4687 2552 4758 indigentiam
2604 4698 2707 4736 non
2755 4679 2941 4734 effudit
2970 4691 3209 4747 prmceps
3251 4683 3305 4727 et
3335 4672 3520 4725 festina

1941 4782 2183 4855 largitio?
2211 4784 2446 4850 Angusta
2474 4770 2858 4829 misericordiae
2885 4768 3002 4836 ejus
3028 4766 3197 4819 Roma
3223 4762 3339 4815 fuit.
3365 4761 3519 4815 Pera-

1940 4850 2127 4947 gravbat
2155 4886 2285 4941 ergo
2315 4868 2538 4926 insulas,
2585 4870 2642 4917 et
2685 4868 2855 4915 totum
2885 4856 3170 4908 Etruscum
3198 4865 3366 4915 mare,
3399 4850 3523 4905 Vol-

1941 4940 2261 5034 scorumque
2280 4958 2631 5030 provinciam,
2654 4960 2709 5007 et
2733 4945 3040 5004 reconditos
3064 4955 3351 4996 curvorum
3374 4940 3519 4993 litto-

1943 5072 2059 5111 rum
2089 5028 2259 5115 sinus,
2283 5028 2341 5103 in
2369 5046 2564 5117 quibus
2590 5038 2973 5096 Monacborum
3002 5030 3307 5087 consistunt
3332 5028 3479 5082 chori
3504 5070 3517 5091 ,

1945 5148 2025 5202 vel
2055 5142 2272 5213 proprio
2296 5151 2524 5205 corpore
2541 5176 2555 5194 .
2587 5132 2668 5187 vel
2692 5125 3003 5183 transmissa
3029 5136 3125 5193 per
3145 5120 3290 5174 viros
3311 5132 3523 5172 sanctos

1943 5251 2006 5290 ac
2034 5233 2217 5287 fideles
2240 5223 2603 5282 munificentia
2635 5216 2973 5274 circumibat.

2015 5326 2067 5378 7.
2108 5319 2260 5377 Unde
2288 5324 2507 5385 repente
2532 5321 2586 5366 et
2610 5318 2794 5371 contra
2821 5304 3129 5376 opinionem
3162 5298 3397 5353 omnium
3430 5296 3523 5351 Je'

2011 5479 2077 5542 (ε)
2111 5476 2296 5542 ιυξτυω
2316 5469 2504 5542 Evam
2529 5468 3254 5542 ίηιβννςςξξευςλπγτῖξιίεςᾌν
3271 5450 3522 5542 ςὲυαίξέηῇξ

2704 5526 2830 5573 forte
2853 5511 3321 5603 adductusquodjti

1946 5579 2590 5656 vetitstvioriwbushimpressis
2612 5587 2783 5656 Graeco
2806 5579 3040 5656 vocabulo
3355 5579 3525 5624 isthic:

1951 5641 2307 5725 {6655;8516.
2331 5641 2384 5706 id
2404 5641 2481 5705 est
2505 5647 2831 5714 languentium
2851 5642 2965 5696 villa
2979 5678 2997 5705 ,
3018 5641 3304 5693 addebatur.
