4056 6184
139 228 142 231 ’
183 227 277 283 697

183 343 317 399 cedit
345 343 612 406 maritum,
641 352 698 396 ut
730 342 943 396 Christo
971 342 1221 398 famulum
1253 343 1606 414 derelinquat.
1637 343 1731 396 flir

188 434 352 489 haeres
373 433 578 500 uxoris,
609 440 663 486 et
700 432 1024 487 haereditatis
1050 434 1138 488 alii
1170 445 1525 504 possessores.
1557 433 1748 488 Certa-

191 527 312 580 bant
334 526 416 580 vir
444 533 498 580 et
521 524 736 591 femina,
763 527 882 594 quis
907 526 960 580 in
989 523 1069 594 (a)
1105 526 1268 580 Portu
1311 525 1540 580 Abrahae
1575 524 1753 579 taber-

192 615 429 670 naculum
470 614 652 684 figeret
687 624 785 669 :et
815 625 932 669 erat
961 615 1076 670 ham
1116 615 1256 670 inter
1294 626 1579 684 utrumque
1618 629 1750 668 eou-

196 707 376 769 tentio,
403 706 522 774 quis
552 705 882 760 humanitate
922 715 1221 774 superaret.
1251 705 1388 759 Vicit
1411 714 1656 773 uterque,
1699 712 1754 758 et

196 807 405 865 uterque
429 805 709 865 superatus
734 807 838 852 est.
869 797 1041 851 Ambo
1065 812 1124 851 se
1149 798 1320 852 victos
1347 805 1400 851 et
1423 797 1652 850 victores
1675 793 1748 849 fa-

194 895 379 950 tentur,
420 887 545 940 dum
589 887 732 957 quod
776 887 914 941 alter
939 887 1207 956 cupiebat,
1252 896 1473 955 uterque
1509 884 1752 954 perfecit.

189 977 419 1046 Iungunt
446 992 596 1047 opes,
628 978 836 1034 sociant
872 979 1190 1043 voluntates,
1219 987 1277 1032 ut
1311 977 1452 1047 quod
1488 975 1756 1029 aemulatio

190 1067 505 1137 dissipatura
541 1076 679 1132 erat,
728 1069 1015 1123 concordia
1060 1078 1352 1124 cresceret.
1399 1067 1634 1122 Necdum
1679 1066 1760 1120 di-

188 1167 353 1225 ctum,
381 1159 491 1225 jam
522 1159 740 1213 factum.
771 1159 979 1212 Emitur
1016 1160 1324 1228 hospitium,
1375 1166 1429 1212 et
1474 1157 1540 1210 ad
1579 1157 1761 1225 hospi-

189 1249 319 1303 tium
372 1247 468 1320 [al.
513 1258 558 1302 et
605 1249 883 1320 hospitum]
936 1251 1090 1304 turba
1143 1249 1434 1304 concurrit.
1471 1265 1490 1298 ‹
1519 1246 1634 1300 Non
1681 1253 1765 1300 est

187 1339 332 1392 enim
364 1339 516 1394 labor
545 1340 594 1392 in
625 1339 812 1400 Iacob.
841 1354 942 1394 nec
969 1339 1119 1393 dolor
1146 1339 1197 1392 in
1229 1339 1386 1392 Israel
1412 1355 1432 1389 ι
1460 1335 1646 1405 (Num.
1668 1335 1760 1390 25.

187 1428 279 1482 ει.
317 1430 474 1497 juxta
517 1427 712 1497 LXX).
762 1429 1047 1483 Adducunt
1075 1430 1262 1492 maria,
1299 1442 1435 1498 quos
1469 1428 1524 1480 in
1558 1425 1764 1496 gremio

191 1531 291 1572 suo
335 1527 474 1571 terra
519 1519 797 1586 suscipiat.
847 1519 1017 1572 Mittat
1059 1520 1227 1573 Roma
1278 1526 1626 1587 preperantes
1669 1515 1762 1587 [al.

191 1603 524 1674 navigantes],
553 1619 688 1673 quos
723 1607 1066 1675 navigaturos
1092 1608 1236 1661 littus
1267 1607 1427 1659 molle
1453 1604 1763 1658 confoveat.

191 1693 342 1760 Quod
389 1693 605 1748 Publius
644 1695 809 1748 semel
847 1694 974 1748 fecit
1009 1697 1061 1748 in
1108 1695 1278 1748 insula
1317 1695 1395 1762 (1)
1436 1693 1614 1746 Melite
1642 1705 1764 1760 erga

193 1797 355 1836 unum
374 1782 709 1851 Apostolum,
727 1790 782 1836 et
799 1781 888 1854 (ne
903 1781 1308 1836 contradictioni
1325 1782 1498 1834 locum
1517 1777 1767 1848 tribuam)

191 1870 358 1942 ιω
415 1872 468 1925 in
495 1886 597 1926 una
629 1873 786 1937 navi;
817 1871 921 1926 hoc
945 1871 1030 1925 isti
1049 1879 1119 1926 ‘et
1153 1870 1460 1940 frequenter
1486 1868 1684 1922 faciunt
1717 1875 1773 1922 et

196 1961 250 2015 in
280 1962 459 2030 plures
488 1980 502 2016 :
527 1975 625 2016 nec
653 1962 823 2016 solum
853 1963 1070 2029 inopum
1101 1963 1393 2016 necessitas
1415 1969 1769 2025 sustentatur,

193 2051 289 2106 sed
322 2067 491 2121 prona
522 2053 574 2106 in
604 2067 792 2107 omnes
814 2052 1174 2106 munificentia
1203 2051 1403 2121 aliquid
1443 2060 1496 2104 et
1525 2049 1774 2104 habenti-

191 2139 296 2195 bus
318 2141 588 2210 providet.
618 2140 1022 2196 Xenodochium
1055 2143 1107 2195 in
1137 2141 1300 2196 Portu
1330 2142 1576 2195 Romano
1609 2141 1772 2193 situm

194 2237 344 2284 totus
371 2231 573 2298 pariter
602 2229 830 2284 mundus
856 2229 1079 2284 audivit.
1111 2230 1222 2286 Sub
1249 2245 1350 2284 una
1378 2239 1562 2284 testate
1587 2228 1779 2283 didicit

191 2319 478 2375 Britannia
517 2318 622 2390 (2),
662 2319 804 2388 quod
845 2319 1109 2390 Egyptus
1145 2331 1200 2375 et
1246 2320 1475 2375 Parthus
1520 2325 1781 2374 noverant

193 2406 358 2462 Vere.

267 2497 359 2551 11.
401 2496 559 2564 Quod
586 2498 843 2568 scriptum
883 2506 1008 2553 est:
1047 2516 1066 2550 ι
1102 2498 1435 2554 Timentibus
1473 2500 1778 2563 Dominum,

195 2586 378 2641 omnia
408 2599 770 2655 cooperantur
798 2591 854 2644 in
881 2589 1078 2643 bonum
1112 2589 1366 2664 (Romus.
1395 2589 1510 2659 28),
1551 2590 1601 2642 in
1632 2588 1783 2642 obitu

195 2687 359 2731 tanta:
389 2677 606 2733 femina:
633 2677 863 2733 vidimus
883 2680 1308 2748 comprobatum.
1325 2679 1563 2747 Quadem
1587 2695 1783 2748 praesa-

195 2769 284 2838 gio
311 2767 616 2823 futurorum
642 2769 708 2822 ad
735 2770 930 2824 multos
955 2771 1244 2839 scripserat
1269 2770 1577 2836 Monachos,
1611 2779 1668 2822 ut
1696 2784 1787 2824 ve-

196 2859 401 2923 nirent,
455 2867 513 2913 et
549 2873 606 2913 se
647 2859 793 2928 gravi
836 2873 1000 2914 onere
1042 2860 1372 2914 laborantem
1422 2860 1780 2924 absolverent,

197 2949 513 3019 faceretque
537 2949 637 3004 sibi
663 2950 728 3003 de
757 2950 939 3019 iniquo
969 2965 1271 3004 mammona
1301 2951 1524 3014 amicos,
1553 2950 1643 3018 qui
1664 2964 1783 3003 eam

195 3041 509 3111 reciperent
533 3044 588 3095 in
618 3050 818 3095 aeterna
854 3041 1192 3096 tabernacula
1223 3039 1373 3110 (Luc.
1417 3039 1502 3094 16.
1533 3039 1646 3110 19).
1681 3038 1784 3092 Ve-

195 3141 420 3196 nerunt,
464 3133 624 3185 amici
673 3130 797 3185 facti
847 3140 1017 3186 sunt:
1051 3133 1302 3186 dormivit
1348 3131 1438 3184 illa
1479 3146 1585 3200 quo
1627 3130 1788 3184 modo

195 3225 377 3279 voluit
406 3240 420 3275 :
449 3233 507 3278 et
533 3222 774 3290 deposita
804 3221 1019 3276 tandem
1047 3223 1278 3286 sarcina,
1310 3221 1480 3274 levior
1501 3219 1698 3273 volavit
1723 3219 1790 3273 ad

193 3315 427 3370 caelum.
483 3313 750 3379 Quantum
799 3313 1022 3368 haberet
1063 3313 1290 3368 viventis
1337 3311 1568 3366 Fabiola:
1621 3311 1789 3366 Roma

193 3405 555 3469 miraculum,
597 3405 648 3457 in
692 3413 905 3458 mortua
933 3403 1340 3459 demonstravit.
1370 3402 1606 3458 Necdum
1633 3403 1789 3472 spiri-

195 3507 312 3552 tum
344 3495 716 3560 exhalaverat,
751 3493 976 3549 necdum
1006 3494 1238 3548 debitam
1284 3493 1499 3547 Christo
1538 3492 1790 3547 reddide-

195 3597 280 3643 rat
309 3589 573 3651 animam,

345 3699 418 3754 Et
445 3700 568 3768 jam
599 3699 736 3768 fama
767 3698 964 3763 volans,
995 3698 1123 3750 tanti
1158 3698 1443 3766 prttnuntia
1485 3697 1649 3750 luctus

1008 3787 1243 3860 (ίΕηεὶά.
1275 3789 1311 3840 ι.
1345 3790 1422 3858 1),

195 3885 369 3939 totius
397 3881 570 3938 Urbis
599 3879 854 3948 pepulum
893 3879 960 3932 ad
1003 3880 1258 3947 exequias
1289 3877 1667 3946 congregabat.
1696 3875 1795 3930 So-

190 3977 407 4031 nabant
454 3970 681 4036 Psalmi,
723 3977 778 4021 et
818 3977 1004 4021 aurata
1046 3967 1389 4033 Templorum
1421 3967 1495 4035 (b)
1543 3975 1681 4020 tecta
1713 3981 1798 4020 re-

189 4068 373 4121 boans
403 4065 462 4115 in
494 4059 723 4114 sublime
749 4056 1017 4124 quatiebat
1043 4070 1319 4108 ALLELUIA.

269 4153 382 4209 Hic
401 4153 660 4220 juveuum
689 4147 891 4210 chorus,
919 4145 1006 4197 ille
1023 4159 1220 4204 senum,
1247 4143 1334 4210 qui
1354 4142 1578 4196 carmine
1596 4141 1790 4207 laudes,

269 4246 578 4306 Femineas,
611 4248 654 4292 et
679 4238 816 4307 facta
839 4236 1025 4304 ferant.
1135 4231 1298 4302 (Ibid.
1324 4232 1362 4285 ι.
1393 4231 1476 4302 8.)

192 4362 314 4416 Non
344 4360 428 4413 sic
467 4353 666 4409 Furius
704 4350 772 4404 de
799 4348 987 4413 Gallis,
1029 4361 1133 4400 non
1172 4345 1416 4414 Papirius
1445 4345 1512 4400 de
1549 4344 1800 4400 Samniti-

193 4455 320 4518 bus,
375 4464 489 4504 non
541 4443 726 4513 Scipio
775 4442 842 4496 de
888 4439 1191 4504 Numantia,
1244 4453 1350 4491 non
1405 4438 1688 4506 Pompeius
1731 4438 1800 4493 de

194 4542 358 4612 Ponti
383 4536 645 4611 gentibus
665 4530 1028 4602 triumphavit.
1059 4529 1134 4582 llli
1157 4543 1379 4595 corpora
1400 4528 1656 4593 vicerant,
1682 4527 1799 4582 haec

193 4630 521 4702 spirituales
581 4623 846 4694 nequitias
895 4617 1219 4687 subjugavit.
1269 4616 1444 4671 Audio
1492 4616 1799 4686 przcceden-

261 4763 339 4824 (a)
374 4755 703 4824 conferenda
721 4751 800 4800 illa
824 4750 881 4824 ad
899 4746 1673 4824 Pammaeliiumeiipistolal'num,
1698 4749 1792 4824 III.

194 4809 335 4880 ubi,’
356 4809 391 4866 ιν
405 4819 572 4869 Audio
598 4824 669 4872 te,
693 4818 868 4880 inquit,
895 4809 1251 4880 Xenodochium
1273 4809 1335 4880 in‘
1347 4818 1488 4880 portu
1506 4809 1681 4880 fecisse
1698 4809 1796 4858 Ro-

195 4869 366 4939 mano,
394 4888 452 4928 et
469 4869 667 4936 virgam
686 4869 1211 4939 defarbore_Abrahau_n
1236 4870 1286 4939 in
1311 4869 1522 4939 Ausonio
1546 4870 1793 4931 plautasse

194 4930 374 4992 littore
395 4953 407 4987 :
434 4956 459 4983 ι
492 4930 599 4986 ιυιῖι
622 4949 730 4997 quae
755 4935 802 4997 in
829 4945 941 4981 eum
963 4930 1118 4997 locum
1142 4930 1488 4997 adnotavimus.

265 5003 345 5063 (b)
380 5000 461 5047 Ab
483 4991 740 5063 impressis
753 4995 945 5063 _l_'Jrasm.
981 4999 1033 5041 et
1071 4991 1792 5063 Martian.(aberattectaugua

265 5003 345 5063 (b)
380 5003 461 5047 Ab
483 5003 740 5056 impressis
761 5003 945 5043 hrasm.
981 5003 1033 5041 et
1071 5003 1293 5040 martian.
1326 5003 1792 5100 anerarteaa,£ua

195 5064 432 5112 detracta
458 5069 609 5111 voce,
629 5055 866 5103 claudicat
885 5066 1090 5102 sensus:
1112 5066 1198 5100 nos
1215 5063 1277 5099 ex
1303 5048 1410 5098 alus
1434 5051 1584 5098 edlllS
1602 5064 1658 5098 ac
1727 5064 1794 5099 ss.

197 5111 522 5174 suﬂ‘ecimus.
551 5117 706 5164 Porro
725 5120 947 5162 veterem
969 5114 1346 5163 Christianorum
1372 5111 1508 5174 istam
1533 5120 1798 5174 consuetu-

197 5169 380 5233 dinem
423 5176 626 5227 lmtandi
664 5176 713 5224 in
751 5175 938 5236 piorum
975 5174 1257 5236 funeribus,
1283 5169 1686 5236 quamplerique
1715 5170 1794 5236 alii

197 5231 496 5305 scriptores
519 5231 777 5305 probant,
800 5235 1176 5305 meritonoster
1204 5231 1408 5305 Hieron.
1432 5231 1484 5280 in
1512 5231 1618 5280 Vita
1653 5231 1793 5280 Pauli

196 5294 446 5358 Eret'nitaa
469 5294 798 5350 cliristianmn
829 5294 1311 5358 traditionem_vocat.

381 5351 551 5413 Antea
567 5371 680 5408 cum
703 5363 840 5406 esset
857 5357 1097 5419 Mitylene,
1117 5355 1320 5404 Gravius
1339 5365 1368 5402 e
1386 5353 1502 5402 Mss.
1522 5352 1659 5402 codd.
1679 5351 1798 5402 fecit

255 5441 264 5476 l
285 5441 315 5476 ε
374 5461 388 5473 .
1094 5475 1097 5476 ,
1679 5474 1699 5476 κ

196 5436 525 5550 "adhuc
549 5481 677 5530 satis
698 5477 884 5550 placet,
901 5477 1038 5550 quod
1059 5475 1154 5524 alio
1179 5474 1790 5550 sensuirescriberet‘fra:

197 5534 519 5600 vnié'miuuu
541 5554 612 5591 ex
637 5534 734 5588 uno
758 5534 1046 5600 veteri'eod.
1078 5537 1206 5599 quod
1237 5544 1465 5598 lgypm;
1505 5542 1551 5587 ει
1587 5534 1796 5585 ραι-ηεαδ

198 5599 504 5677 agnoverant
531 5617 544 5654 :
574 5613 686 5652 vere
707 5600 835 5665 quod
857 5599 1090 5662 scriptum
1108 5603 1199 5658 est,
1224 5604 1320 5646 etc.

1475 232 1802 288 EPISTOLA
1843 231 2126 289 LXXVIII.

3321 251 3426 305 698

1861 344 1988 398 tium
2019 355 2238 411 turmas,
2282 357 2334 400 et
2359 350 2666 403 catervatim
2701 350 2751 402 in
2779 353 3018 421 exequiis
3045 355 3160 423 ejus
3191 357 3431 413 multitu-

1856 435 2037 490 dinem
2059 436 2436 492 conﬂuentem.
2482 437 2597 493 Non
2638 441 2847 509 plateae,
2888 456 2992 497 non
3027 446 3280 513 porticus,
3321 461 3430 504 neu

1858 527 2188 582 imminentia
2231 528 2462 597 desuper
2507 538 2644 583 tecta
2679 545 2872 601 capere
2916 542 3160 601 poterant
3204 551 3432 606 prospe-

1860 625 2086 672 ctantes.
2129 617 2281 671 'l‘unc
2309 632 2435 671 suos
2475 619 2527 671 in
2567 635 2726 672 unum
2759 619 2981 688 populos
3009 621 3177 675 Roma
3216 639 3434 694 conspe-

1860 706 1938 758 xit.
1969 722 1982 758 :
2015 703 2266 759 favebant
2301 704 2404 760 sibi
2433 721 2620 760 omnes
2661 707 2714 760 in
2758 708 2925 776 gloria
2959 709 3289 777 ptenitentis.
3321 712 3434 768 Nec
3524 703 3536 711 ’

1859 797 2054 850 mirum
2081 798 2125 851 si
2150 798 2217 851 de
2243 800 2356 866 ejus
2382 785 2552 853 salute
2577 799 2822 854 homines
2844 800 3164 864 exultarent,
3190 801 3260 856 de
3281 802 3432 871 cujus

1861 891 2212 944 conversione
2239 890 2425 959 Angeli
2454 890 2769 944 laetabantur
2796 891 2847 945 in
2874 893 3030 947 caelo.

1936 979 2024 1034 η.
2066 979 2180 1033 Hoc
2207 980 2320 1042 tibi,
2351 979 2564 1034 Fabiola
2595 979 2690 1052 [al.
2717 983 2786 1034 mi
2812 979 3074 1054 Fabiola].
3105 981 3301 1052 ingenii
3334 984 3439 1038 mei

1864 1069 2033 1123 senile
2059 1085 2272 1134 munus,
2304 1069 2399 1124 has
2427 1070 2722 1125 officiorum
2768 1071 2984 1127 inferias
3006 1072 3148 1128 dedi.
3180 1073 3442 1127 Laudavi-

1867 1172 1987 1212 mus
2029 1171 2172 1226 s:r.pe
2212 1160 2464 1228 virgines,
2505 1160 2711 1222 viduas,
2764 1177 2826 1216 ac
2872 1161 3169 1227 maritatas,
3215 1179 3440 1231 quarum

1868 1263 2081 1318 semper
2110 1249 2256 1304 fuere
2293 1251 2518 1304 candida
2563 1256 2899 1315 vestimenta,
2943 1269 3060 1322 qua:
3091 1271 3110 1304 ί
3148 1263 3444 1322 sequuntur

1871 1342 2078 1410 Agnum
2107 1356 2442 1410 quocumque
2491 1343 2664 1396 vadit»
2695 1343 2876 1411 (Apoc.
2901 1344 2987 1396 14.
3010 1343 3088 1410 4).
3114 1341 3265 1396 Felix
3294 1335 3445 1409 pne?

1872 1433 2109 1497 conium,
2131 1431 2273 1499 quod
2303 1434 2445 1486 nulla
2474 1434 2633 1486 totius
2659 1435 2778 1487 vita:
2800 1435 2957 1487 surde
2993 1432 3152 1504 467
3209 1434 3445 1486 macula-

1874 1529 1976 1573 tur.
2008 1520 2200 1574 Procul
2241 1520 2377 1575 livor
2405 1561 2419 1586 ,
2453 1522 2675 1576 facessat
2735 1521 2955 1576 invidia.
2991 1521 3044 1576 Si
3076 1521 3447 1590 paterfamilias

1875 1611 2046 1664 bonus
2069 1619 2172 1674 est,
2201 1625 2365 1679 quare
2391 1612 2576 1665 oculus
2597 1619 2780 1665 noster
2795 1613 2966 1665 malus
2989 1612 3112 1665 est?
3145 1611 3276 1678 Quae
3308 1612 3445 1665 inci-

1874 1701 2023 1753 derat
2052 1703 2104 1754 in
2134 1701 2388 1765 latrones,
2416 1698 2610 1754 Christi
2641 1702 2879 1755 humeris
2899 1710 3166 1769 reportata
3189 1712 3269 1754 est
3294 1701 3441 1771 (Luc.

1878 1789 1987 1858 10).
2013 1790 2190 1844 Multae
2215 1791 2522 1844 mansiones
2551 1799 2674 1844 sunt
2702 1791 2841 1862 apud
2873 1791 3082 1845 Patrem
3122 1791 3300 1860 (Joan.
3331 1791 3444 1862 14).

1876 1880 1980 1935 Ubi
2047 1880 2336 1934 abundavit
2389 1889 2702 1950 peccatum,
2757 1880 3205 1950 superabundavit
3280 1881 3449 1949 gratia

1879 1968 2052 2038 (Rom.
2078 1967 2155 2040 5).
2184 1967 2280 2022 Cui
2311 1969 2429 2038 plus
2452 1969 2754 2035 dimittitur,
2783 1970 2904 2039 plus
2929 1979 3070 2023 amat
3100 1969 3248 2041 (Luc.
3276 1967 3356 2040 7).

2284 2101 2610 2156 EPISTOLA
2651 2101 2909 2156 Lxxvut
2949 2102 3045 2172 (ε).

2127 2228 2221 2268 εει]
2261 2229 2411 2267 LIBER
2448 2228 2774 2268 EXEGETICUS
2811 2229 2879 2268 AD
2916 2227 3196 2268 FABIOLAI.

2026 2327 2101 2382 De
2127 2344 2232 2381 mi
2257 2328 2596 2380 mansionibus
2623 2327 2970 2381 Israelitarum
2998 2329 3050 2381 in
3076 2328 3290 2380 deserto.

1888 2440 2162 2510 Postquam
2191 2455 2414 2510 egressus
2447 2437 2771 2492 Hebraeorum
2809 2457 2870 2494 ea:
2897 2439 3115 2511 Egypto,
3153 2449 3200 2493 et
3227 2441 3456 2496 diuturni

1956 2536 2147 2588 itineris
2187 2535 2446 2588 historiam
2491 2534 2818 2602 spiritualiter
2851 2532 3225 2603 intelligendam
3265 2532 3453 2598 docuit,

1959 2626 2279 2680 Ifansionum
2313 2624 2535 2677 ordinem
2574 2623 2906 2693 prosequitur,
2938 2623 3188 2692 singulam
3211 2635 3460 2690 quamque

1948 2718 2101 2786 juxta
2126 2715 2458 2784 trapologiam
2487 2729 2781 2783 exponens;
2819 2713 3078 2781 redditque
3104 2713 3174 2764 ita
3208 2713 3461 2766 memoritz

1961 2807 2188 2861 Fabiola:
2211 2822 2358 2875 opus,
2385 2805 2520 2874 quod
2545 2805 2590 2857 ei
2610 2804 2788 2856 viventi
2813 2806 3127 2872 promiserat.

1962 2919 2012 2970 1.
2056 2916 2111 2970 ln
2150 2915 2537 2984 septuagesimo
2579 2913 2806 2980 septimo
2844 2912 3074 2972 Psalmo.
3121 2926 3277 2978 quem
3311 2912 3462 2982 juxta

1892 3007 2278 3076 Evangelistam
2314 3004 2619 3059 Mattlnnum
2650 3001 2801 3075 (Cap.
2835 3003 2923 3058 15.
2952 3018 2998 3056 υ.
3022 3002 3114 3072 55)
3147 3017 3211 3058 ex
3236 3017 3464 3072 persona

1895 3099 2102 3153 Domini
2130 3098 2327 3152 dictum
2367 3095 2655 3172 credimus,
2701 3094 2885 3148 decem
2917 3093 3186 3163 plagarum
3215 3095 3267 3147 in
3300 3092 3466 3164 Egy-

1894 3198 2004 3259 pto,
2052 3198 2106 3244 et
2145 3187 2466 3258 egressionis
2511 3185 2670 3240 Israel
2717 3186 2768 3238 in
2813 3185 3172 3250 solitudinem,
3221 3196 3468 3241 narratur

1895 3280 2136 3334 historia.
2181 3279 2421 3348 Cumque
2471 3277 2596 3330 nulli
2626 3275 2843 3329 dubium
2885 3275 2974 3338 sit,
3017 3274 3151 3329 facta
3191 3290 3310 3330 esse
3348 3289 3469 3344 quae

1895 3370 2088 3439 scripta
2124 3375 2268 3433 sunt,
2300 3365 2448 3436 quasi
2472 3363 2613 3418 aliud
2654 3364 2827 3417 littera
2868 3371 3040 3426 sonet,
3080 3363 3222 3417 aliud
3253 3363 3469 3432 spiritus

1895 3461 2129 3516 clausum
2176 3467 2352 3514 teneat
2384 3474 2397 3509 :
2436 3474 2454 3507 ‹
2487 3455 2760 3524 Aperiam,
2797 3473 2816 3506 ι
2848 3454 3038 3524 inquit,
3073 3472 3092 3506 ι
3122 3455 3174 3508 in
3223 3454 3469 3522 parabola

1895 3568 1957 3606 os
1996 3568 2174 3608 meum
2211 3567 2224 3605 :
2270 3551 2456 3619 loquar
2494 3547 2884 3617 prepositiones
2923 3545 2990 3599 ab
3040 3545 3210 3600 initio.
3263 3545 3470 3610 Quanta

1896 3643 2191 3696 audivimus
2216 3648 2271 3694 et
2293 3639 2542 3701 vidimus,
2564 3651 2624 3689 ea
2651 3645 2704 3689 et
2730 3643 2908 3702 patres
2931 3632 3099 3687 nostri
3124 3643 3473 3687 narraveruut

1898 3736 2050 3789 nobis
2080 3752 2098 3784 ι
2136 3730 2256 3802 (Ps.
2304 3730 2393 3782 77.
2438 3727 2492 3780 2.
2524 3735 2569 3778 et
2599 3727 2679 3793 3).
2704 3723 2852 3778 Unde
2882 3732 2933 3776 et
2965 3723 3248 3790 Apostolus
3285 3721 3472 3776 iisdem

1898 3822 2093 3885 verbis,
2135 3819 2256 3887 quia
2299 3815 2486 3870 eodem
2517 3820 2572 3865 et
2615 3812 2801 3879 spiritu
2831 3827 2844 3862 :
2879 3827 2898 3859 ‹
2928 3809 3050 3862 ιιωο
3093 3817 3290 3869 autem,
3322 3827 3341 3859 ι
3374 3810 3470 3873 ait,

1907 3932 1925 3965 ι
1958 3912 2133 3965 omnia
2163 3908 2214 3962 in
2243 3907 2407 3976 ﬁgura
2429 3900 2805 3970 contingebant
2832 3898 2938 3952 illis
2967 3916 2980 3952 :
3009 3898 3204 3966 scripta
3234 3907 3472 3952 suntau.

1904 4014 2007 4056 lem
2038 4000 2102 4053 ad
2133 3998 2210 4070 (ά)
2245 3993 2711 4050 commonitionem
2752 3998 3012 4054 nostram,
3063 3977 3114 4041 in
3162 4002 3295 4055 quos
3342 3987 3474 4042 lines

1903 4089 2220 4144 saeculorum
2249 4085 2578 4140 devenerunt
2607 4099 2626 4132 ι
2655 4081 2732 4149 (1.
2761 4079 2876 4134 Cor.
2910 4079 2997 4133 10.
3034 4075 3122 4149 11)
3147 4097 3158 4130 :
3187 4077 3274 4142 Et,
3299 4096 3316 4128 ι
3341 4076 3476 4132 Nolo

1903 4195 1997 4234 vos
2040 4180 2304 4247 ignorare,
2331 4175 2540 4237 fratres,
2587 4171 2834 4240 quoniam
2879 4179 3054 4238 patres
3092 4169 3259 4223 nostri
3291 4183 3476 4224 omnes

1904 4271 2003 4325 sub
2029 4269 2170 4322 nube
2196 4267 2425 4327 fuerunt,
2449 4271 2501 4316 et
2528 4274 2716 4315 omnes
2739 4275 2885 4314 mare
2910 4261 3250 4326 transierunt,
3281 4268 3333 4314 et
3354 4274 3473 4313 om-

1904 4374 2001 4414 nes
2027 4359 2079 4412 iu
2110 4357 2291 4426 Moyse
2331 4352 2576 4422 baptizati
2607 4359 2752 4415 sunt,
2784 4351 2835 4404 in
2869 4349 3006 4404 nube
3035 4359 3090 4404 et
3130 4351 3180 4404 in
3217 4349 3348 4403 mari
3377 4367 3390 4403 :
3424 4358 3479 4404 et

1905 4462 2090 4503 oumes
2131 4445 2372 4500 eamdem
2403 4457 2577 4496 escam
2627 4441 2955 4510 spiritualem
3001 4441 3476 4505 manducaverunt,

1903 4545 1957 4592 et
1982 4550 2167 4590 omnes
2193 4533 2438 4588 eumdem
2469 4540 2647 4600 polum
2677 4530 3007 4600 Spiritualem
3037 4528 3296 4582 biberunt.
3323 4526 3478 4581 Bibe-

1902 4627 2032 4681 bant
2062 4633 2237 4680 autem
2275 4622 2342 4678 de
2368 4620 2627 4692 Spirituali
2659 4627 3019 4689 consequente
3048 4633 3141 4672 eos
3169 4626 3316 4686 petra
3341 4633 3355 4669 :
3386 4631 3480 4684 pe.

1905 4725 1983 4770 tra
2009 4724 2185 4769 autem
2210 4723 2326 4768 erat
2347 4712 2591 4766 Christus
2624 4729 2643 4762 ι
2679 4709 2922 4778 (Ibidem.
2944 4709 2968 4761 1
2991 4717 3035 4759 et
3060 4705 3244 4775 seqq.).
3270 4705 3325 4759 Si
3349 4721 3480 4774 ergo

1905 4821 2028 4876 pars
2056 4804 2292 4859 historia:
2321 4802 2524 4855 itineris
2552 4815 2617 4854 ex
2643 4797 2876 4870 Egypto
2902 4795 3244 4864 spiritualiter
3284 4796 3482 4865 accipi-

1906 4905 2011 4960 tur,
2040 4905 2094 4950 et
2129 4907 2344 4954 cauere,
2373 4906 2490 4960 quae
2532 4889 2598 4942 ab
2640 4889 2898 4956 Apostnlo
2946 4900 3044 4956 pro
3071 4885 3309 4953 angustia
3338 4895 3478 4938 tem-

1906 4986 2051 5056 poris
2096 4982 2450 5052 praetermissa
2487 4988 2627 5041 sunt,
2673 4976 2911 5044 ejusdem
2959 4989 3080 5028 esse
3116 4973 3481 5044 intelligentiae

1904 5074 2308 5130 eonvinceutur.
2349 5069 2479 5123 Nam
2521 5067 2656 5120 idem
2686 5064 2971 5134 Propheta,
3013 5065 3103 5134 qui
3143 5065 3194 5119 in
3224 5065 3331 5120 alio
3361 5066 3481 5122 loco

1988 5227 2038 5281 ο)
2072 5225 2200 5274 Alias
2223 5224 2330 5273 127.
2357 5222 2496 5272 Edita
2517 5222 2686 5270 eodem
2701 5227 2915 5280 tempore
2928 5231 3022 5281 quo
3038 5220 3285 5281 superior.

1988 5241 2015 5277 ο
2072 5227 2200 5274 Alias
2223 5227 2330 5273 127.
2357 5227 2496 5272 Edita
2517 5227 2915 5280 eodemtempore
2928 5231 3022 5281 quo
3038 5234 3062 5269 s
3159 5227 3285 5270 νέον.

1966 5227 2048 5349 ξιλ
2079 5287 2222 5336 Hunc
2244 5285 2511 5349 locum_ubi
2537 5281 2747 5349 legimus
2766 5295 2912 5343 supra
2938 5232 3184 5349 cpiam.
3209 5281 3270 5349 ad
3301 5279 3478 5332 Ruﬁin.

1906 5364 1956 5398 η.
1975 5341 2041 5397 ΞΣ
2054 5359 2141 5409 pro
2166 5347 2341 5409 verbis
2359 5343 2422 5393 ad
2456 5341 2864 5409 cannmtitionem
2880 5377 2894 5399 ,
2919 5341 3374 5409 vetcorreptionem
3398 5354 3483 5391 no-

1906 5401 2089 5467 stram',
2123 5407 2457 5467 expressimus
2479 5416 2509 5451 e
2536 5402 2650 5452 Mss.
2670 5403 2732 5467 de
2753 5401 3054 5467 nobis.yeic
3073 5401 3238 5467 autem
3262 5401 3360 5467 loci
3381 5415 3483 5467 non

1909 5463 2084 5519 eadem
2117 5463 2344 5517 consonat
2367 5465 2489 5528 Mss.
2515 5464 2794 5528 auctoritas.
2816 5463 2888 5528 ‘Et
2917 5463 3249 5528 'l‘ertullianus
3283 5465 3484 5528 quidem

1908 5531 1971 5578 ad
1994 5542 2078 5580 nos
2096 5525 2456 5598 commonendos
2469 5525 2791 5598 tegulaeque
2813 5524 2986 5598 ipsein
3002 5524 3176 5598 praeco
3188 5533 3276 5598 est
3294 5524 3382 5589 ἱράς
3400 5550 3462 5576 ην

1914 5604 2034 5642 tum
2055 5602 2152 5653 ἡμῶν
2169 5600 2278 5650 qua:
2302 5584 2444 5637 ﬁdem
2467 5583 2723 5651 impressa!
2736 5583 2935 5638 lectioni
2957 5585 3221 5638 adstruunt.
