4056 6184
629 246 736 307 699

627 365 846 424 dixerat
876 382 890 420 :
920 383 941 418 t
975 360 1214 418 Habitavi
1259 370 1378 411 cum
1419 351 1778 409 habitantibus
1814 349 1988 405 Cedar
2027 368 2040 404 :
2071 349 2209 404 mul-

633 468 748 514 tum
774 457 946 514 incola
969 452 1252 510 fuitanima
1274 462 1391 503 mea
1428 466 1446 499 s
1474 444 1594 516 (Ps.
1624 444 1745 499 119.
1778 443 1832 514 5)
1867 461 1880 498 :
1908 443 2204 497 absentiam

633 548 818 604 Terrae
842 555 1039 602 sancta:
1083 556 1188 595 non
1253 537 1417 610 468
1475 537 1764 601 sustinens,
1790 534 2207 605 Iacrymabiliter

634 635 950 705 ingemiscit,
975 641 1028 684 et
1055 630 1186 684 dicit
1215 647 1228 683 :
1262 646 1282 678 α
1319 629 1443 682 lla-c
1469 625 1779 699 recordatus
1801 640 1942 688 sum,
1970 635 2024 678 et
2044 624 2207 678 effudi

633 729 686 782 in
717 714 803 780 me
831 724 1059 777 animam
1088 736 1258 774 meam
1296 741 1309 775 :
1341 717 1511 772 donec
1540 726 1805 771 transeam
1834 717 1886 770 in
1919 717 2092 770 locum
2126 727 2207 768 ta-

631 813 897 870 bernaculi
921 811 1265 872 admirabilis,
1299 825 1466 880 usque
1492 810 1556 864 ad
1578 809 1792 863 domum
1826 809 1918 862 Dei
1953 828 1966 861 :
2000 810 2050 861 in
2078 823 2208 862 voce

626 905 1005 961 exsultationis
1046 913 1102 958 et
1148 901 1523 964 confessionis,
1557 916 1722 955 sonus
1746 901 2012 969 epulantis
2038 920 2056 952 ι
2086 897 2203 969 (Ps.

626 996 717 1051 41.
750 995 828 1062 5).
886 994 954 1048 Ει
996 995 1048 1048 in
1093 993 1201 1047 alio
1231 993 1443 1047 Psaltno
1473 1010 1486 1042 :
1521 1010 1541 1044 t
1577 992 1778 1046 Revela
1815 993 2002 1045 oculos
2033 1003 2203 1055 meos,

624 1097 680 1144 et
702 1087 1057 1143 considerabo
1087 1085 1349 1140 mirabilia
1379 1085 1446 1138 de
1475 1085 1594 1153 lege
1620 1095 1706 1138 tua
1738 1103 1756 1135 ι
1787 1082 1905 1152 (Ps.
1933 1083 2054 1137 118.
2090 1082 2202 1151 18).

623 1179 820 1234 Paulus
850 1193 1082 1250 quoque,
1115 1195 1135 1230 t
1163 1174 1275 1233 Lex
1311 1176 1601 1245 spiritualis
1629 1185 1710 1231 est
1735 1194 1754 1228 ι
1793 1175 1970 1247 (Rom.
1995 1176 2045 1228 7.
2073 1173 2162 1244 14)
2188 1193 2202 1230 :

623 1272 696 1326 Et
721 1272 834 1340 ipse
865 1271 1137 1335 Dominus,
1168 1291 1186 1323 t
1216 1271 1272 1326 Si
1301 1271 1591 1326 crederetis
1619 1270 1806 1341 Moysi,
1837 1281 1891 1325 et
1934 1271 2062 1326 mihi
2093 1286 2208 1325 cre-

624 1362 826 1418 deretis
853 1379 870 1418 :
902 1363 971 1417 de
999 1378 1085 1417 me
1112 1363 1254 1417 enim
1282 1363 1372 1417 ille
1397 1362 1610 1431 scripsit
1637 1379 1657 1413 ι
1697 1360 1877 1430 (Joan.
1917 1362 1970 1416 5.
1999 1363 2112 1429 47).
2143 1363 2208 1416 Ει

625 1455 972 1524 Evangelinm
1020 1455 1313 1509 secundum
1361 1455 1561 1509 Lucam
1594 1472 1606 1508 :
1643 1472 1661 1505 t
1695 1453 1847 1508 Tunc
1887 1453 2147 1521 incipiens
2175 1468 2220 1509 a.

625 1547 828 1619 Moyse,
860 1557 912 1602 et
942 1548 1191 1602 omnibus
1214 1547 1518 1615 PrOphetis,
1545 1545 1995 1613 interpretabatur
2023 1544 2126 1598 illis
2153 1544 2206 1598 in

623 1637 832 1691 cunctis
861 1635 1172 1704 Scriptnris,
1200 1652 1319 1705 qua:
1349 1635 1414 1690 de
1443 1651 1502 1690 se
1526 1635 1643 1704 ipso
1669 1635 1805 1690 dicta
1823 1642 1979 1688 erant
2007 1653 2024 1686 ι
2049 1633 2204 1703 (Luc.

622 1727 716 1781 24.
756 1726 871 1796 27).
921 1725 1086 1795 Igitur
1124 1725 1294 1780 Judaei
1320 1726 1550 1796 parvuli,
1583 1735 1637 1778 et
1653 1725 1740 1795 qui
1771 1724 2000 1779 solidum
2026 1724 2204 1779 cibum

625 1818 823 1887 glutire
853 1827 1145 1887 nequeunt,
1184 1818 1279 1873 sed
1307 1817 1480 1870 adhuc
1513 1817 1650 1872 laete
1699 1817 2003 1870 nutriuntur
2028 1814 2203 1870 infan-

626 1910 718 1964 tite
743 1910 820 1979 (1,.
852 1908 971 1964 Cor.
1002 1910 1084 1976 5),
1125 1909 1303 1978 legant
1321 1907 1654 1962 Pharaonem
1681 1922 1954 1971 carneum,
1979 1915 2035 1961 et
2057 1921 2205 1961 mare

625 1999 889 2067 Rubrum,
936 2017 1031 2070 per
1067 2001 1210 2070 quod
1254 2001 1322 2055 ad
1354 1999 1556 2054 Indiam
1587 2000 1864 2069 navigatur
1895 2009 1989 2054 :et
2013 1998 2202 2052 Manna

623 2091 911 2147 coriandro
937 2092 1113 2147 simile
1139 2109 1153 2144 :
1175 2100 1231 2147 et
1255 2093 1432 2146 omnia
1460 2107 1577 2160 qum
1595 2091 1789 2158 scripta
1816 2099 1958 2154 sunt,
1987 2091 2205 2145 audiant

622 2181 998 2250 corporaliter.
1030 2182 1232 2250 lepram
1261 2181 1564 2245 domorum,
1606 2188 1661 2236 et
1699 2181 1901 2250 lepram
1937 2181 2105 2250 pellis,
2150 2189 2206 2236 et

619 2270 902 2334 staminis;
935 2279 1146 2325 taurum
1197 2269 1516 2325 homicidam
1549 2310 1566 2336 ,
1613 2279 1668 2324 et
1697 2269 1997 2340 iumentum
2046 2269 2202 2323 adul-

624 2359 746 2416 terii
785 2375 969 2425 reum;
1009 2367 1064 2415 et
1115 2358 1324 2415 l’lebrzei
1366 2369 1586 2429 propter
1638 2375 1860 2414 uxnrem
1903 2375 1967 2414 ac
2005 2360 2203 2415 liberos

619 2450 824 2506 servire
853 2451 931 2522 (a)
961 2449 1244 2519 cupientis,
1277 2465 1464 2504 aurem
1491 2450 1679 2505 subula
1712 2451 2052 2521 perforatam.
2091 2450 2201 2505 Nos

619 2549 799 2596 autem
826 2541 1256 2612 derelinquentes
1283 2537 1678 2608 Capharnaum,
1724 2557 1904 2612 agrum
1931 2540 2199 2610 quondam

621 2633 1038 2702 pulcherrimum.
1071 2641 1125 2688 ct
1149 2648 1268 2687 cum
1295 2632 1422 2687 Jesu
1452 2633 1788 2702 egredientes
1817 2634 1868 2687 in
1905 2633 2198 2697 desertum,

620 2737 907 2793 pascamur
931 2724 1154 2792 panibus
1190 2722 1305 2793 ejus
1335 2723 1548 2797 (Matth.
1591 2725 1696 2786 14ς
1731 2734 1776 2776 et
1825 2724 1991 2780 Marc.
2018 2725 2081 2790 6)
2110 2742 2123 2778 :
2154 2725 2200 2779 si

617 2813 933 2884 insipientes
977 2829 1162 2870 smnus
1203 2825 1256 2870 et
1290 2814 1656 2882 jnmentorum
1705 2816 1930 2880 similes,
1972 2815 2202 2869 hordea-

618 2907 729 2961 ceis
758 2922 772 2959 :
803 2905 884 2960 sin
915 2905 1175 2959 rationale
1203 2904 1421 2970 animal,
1452 2906 1697 2970 triticeis,
1721 2916 1774 2960 et
1799 2921 1868 2960 ex
1895 2921 2064 2976 grano
2090 2904 2201 2960 l‘ru-

616 2995 784 3051 menti
813 2995 1134 3050 commolitis
1165 3013 1178 3048 :
1209 2995 1350 3064 quod
1399 2995 1453 3050 in
1499 3004 1694 3050 terram
1723 2995 1922 3051 cadens
1959 3006 2015 3051 et
2057 3011 2200 3051 mor-

618 3098 769 3142 tuum
816 3088 1015 3142 multos
1053 3087 1254 3143 fructus
1281 3088 1476 3143 attulit.
1515 3087 1716 3143 Novem
1747 3089 1916 3159 plagis
1948 3104 2198 3159 percussa

619 3185 705 3234 cst
729 3177 1012 3249 Egyptns,
1046 3179 1243 3234 fractus
1275 3179 1594 3243 Pharao,ut
1620 3179 1916 3235 dimitteret
1945 3180 2199 3250 populum

617 3267 734 3323 Dei.
765 3269 845 3323 Ad
877 3279 1175 3323 extremum
1207 3269 1560 3338 primogenita
1601 3269 1853 3338 perdidit,
1895 3277 1954 3324 ut
1995 3270 2199 3340 primo-

616 3359 793 3430 genita
825 3359 1036 3414 lsraelis
1065 3357 1292 3413 Domino
1313 3368 1675 3413 sacrarcntnr.
1709 3359 1807 3426 Qui
1841 3359 1986 3427 prius
2018 3367 2200 3415 tenere

617 3451 924 3519 cupiebant,
953 3451 1214 3504 instanter
1241 3449 1534 3518 expellunt.
1562 3448 1960 3503 Exterminator
1986 3450 2197 3513 transit,

614 3552 671 3598 et
697 3552 891 3598 terram
916 3542 1118 3597 Gessen
1143 3540 1463 3611 pastoralem
1491 3549 1544 3593 et
1566 3540 1754 3607 pluviis
1777 3541 2067 3609 irrigatam,
2094 3556 2197 3594 non

617 3631 777 3688 audet
829 3633 1091 3701 attingere
1138 3648 1152 3685 :
1198 3639 1354 3684 erant
1405 3629 1547 3682 enim
1599 3638 1781 3697 postes
1837 3645 2023 3684 eorum
2077 3630 2196 3699 agni

614 3739 806 3780 cruore
844 3723 1076 3794 signati,
1127 3729 1183 3776 et
1223 3735 1387 3790 Opere
1426 3719 1822 3788 loquebantur:
1863 3738 1881 3771 ι
1919 3719 2193 3790 Signatum

613 3825 699 3872 est
724 3831 886 3886 super
915 3829 1012 3868 nos
1043 3813 1219 3867 lumen
1248 3810 1422 3863 vultus
1445 3812 1541 3874 tui,
1567 3808 1789 3864 Domine
1827 3828 1846 3862 ι
1882 3809 1999 3881 (Ps.
2029 3812 2083 3866 4.
2112 3809 2189 3882 7).

618 3907 770 3964 Unde
795 3915 849 3961 et
872 3905 1168 3976 appellatur
1198 3903 1311 3972 ipsa
1339 3900 1652 3954 solemnitas
1680 3898 1867 3965 Pliase,
1907 3916 2065 3970 quam
2099 3916 2197 3956 nos

616 4000 886 4053 transitum
913 3996 1183 4066 appellare
1226 4007 1526 4062 possumus,
1558 4006 1624 4045 eo
1650 3992 1790 4061 quod
1818 3992 1886 4048 de
1926 3994 2197 4063 peioribus

615 4088 682 4142 ad
727 4087 950 4142 meliora
983 4093 1284 4153 pergentes,
1327 4081 1665 4138 tenebrosam
1715 4082 2005 4156 Egyptum
2036 4085 2200 4140 τειίη.

615 4179 853 4248 quimus.
886 4174 992 4230 Sed
1019 4176 1129 4244 jam
1159 4184 1365 4244 tempus
1393 4185 1496 4241 est,
1539 4183 1596 4229 ut
1626 4177 1884 4244 promissa
1915 4178 2195 4247 complen-

615 4278 718 4335 tes,
758 4267 1091 4322 Mansionum
1118 4266 1277 4321 Israel
1306 4265 1548 4321 ordinem
1577 4281 1981 4337 prosequamur.

686 4359 742 4412 2.
783 4357 1050 4427 Scriptum
1080 4367 1162 4412 est
1191 4358 1243 4412 in
1283 4359 1466 4413 ultima
1507 4368 1657 4426 parte
1682 4358 1969 4412 voluminis
1995 4357 2194 4414 Nume—

615 4464 797 4506 rorum
848 4447 1000 4518 (Cap.
1049 4449 1166 4518 55),
1218 4448 1362 4520 quod
1407 4448 1547 4517 apud
1601 4448 1855 4503 Hebraeos
1897 4447 2198 4516 appellatur

613 4556 992 4597 unauana:
1030 4559 1049 4592 ι
1084 4541 1209 4607 llaec
1245 4549 1372 4596 sunt
1399 4549 1574 4594 castra
1619 4538 1847 4593 ﬁliorum
1890 4539 2074 4602 Israel,
2104 4539 2196 4609 qui

616 4633 819 4703 egressi
847 4640 972 4686 sunt
1019 4629 1183 4703 aes
1218 4630 1286 4685 de
1305 4641 1445 4684 terra
1472 4628 1690 4699 Egypti
1717 4643 1811 4696 per
1841 4637 2042 4684 turmas
2071 4643 2197 4684 suas

615 4723 670 4777 in
703 4738 862 4777 manu
888 4720 1052 4789 Moysi
1081 4731 1137 4775 et
1187 4724 1400 4784 Aaron;
1436 4737 1455 4771 ι
1485 4732 1618 4787 quas
1668 4717 1838 4772 Grteci
1865 4717 1941 4790 (ὁ)
1969 4722 2197 4790 ἀπάρσεις

493 4874 509 4884 κ
611 4823 824 4881 vocant,
873 4830 971 4868 nos
1010 4823 1230 4884 prepter
1255 4814 1448 4882 lingua:
1479 4812 1860 4882 pr0prietatem
1887 4813 2195 4883 significan-

614 4905 720 4960 tius
759 4903 1075 4968 Mansiones,
1107 4903 1226 4957 sive
1269 4903 1392 4972 quia
1422 4901 1491 4956 de
1518 4901 1754 4956 exercitu
1782 4901 1996 4968 dicitur,
2027 4913 2196 4958 castra

681 5036 754 5098 (a)
789 5033 1104 5098 Vetustiores
1137 5032 1257 5082 editi
1285 5046 1401 5098 cum
1436 5031 1724 5098 quibusdam
1757 5031 1874 5098 Mss.
1897 5032 2078 5084 servire
2101 5047 2194 5098 ch-

611 5091 792 5204 ﬁt‘e'nt'es
815 5108 935 5144 aure
957 5093 1147 5144 sibilent
1182 5091 1623 5165 perforata.'Port-o
1649 5091 1989 5167 Cap/{armum
2012 5097 2195 5166 optime

647 5170 726 5204 etc
748 5169 924 5204 uarum
955 5154 1336 5204 pulcherrimum
1361 5161 1729 5204 Interpretatur.
1756 5153 1872 5203 licet
1906 5169 1971 5204 ex
1992 5155 2087 5204 alta
2118 5156 2192 5204 le-

647 5159 726 5224 eic
748 5169 925 5224 agrum
955 5153 1338 5224 pulcherrimum
1349 5153 1872 5224 _interpretatur,_licct
1906 5169 1971 5205 ex
1992 5153 2087 5204 alia
2118 5156 2192 5207 le-

613 5213 854 5267 ctione'in
879 5213 1002 5264 libro
1020 5217 1274 5277 hominum
1299 5216 1365 5264 sit
1385 5213 1506 5277 ager
1519 5213 1864 5277 comolqtimtis.

676 5277 748 5339 (ὁ)
784 5277 869 5326 Sic
887 5283 1058 5339 vocant
1075 5275 1214 5339 LXX.
1234 5288 1404 5339 ἀπίηις
1415 5274 1434 5332 ζ’
1445 5277 1490 5325 id
1509 5284 1586 5326 est
1604 5274 1936 5337 profectiones
1951 5284 2002 5326 et
2016 5278 2197 5327 disces-

611 5336 696 5386 sus
717 5336 780 5386 ab
800 5350 892 5398 εἶμι
907 5336 1063 5398 Graec.
1082 5336 1449 5398 thematc,‘dum
1469 5336 1771 5398 enitn’castra
1795 5345 2069 5398 moventur,
2088 5344 2194 5387 ten-

613 5399 767 5452 toria,
807 5394 862 5444 et
902 5395 1106 5455 reliqua:
1147 5397 1398 5445 exercitus
1433 5399 1634 5447 sarcinae
1672 5394 1924 5444 tolluntur.
1971 5394 2196 5447 Rabanus

615 5461 800 5511 tamen,
821 5468 976 5517 quem
998 5457 1209 5503 omnium
1231 5457 1586 5517 studiosissime
1611 5457 1789 5506 fecisse
1812 5465 2014 5517 constat,
2041 5465 2094 5507 nt
2119 5458 2193 5506 in-

613 5522 796 5579 gentes
819 5513 1019 5579 lacinias
1039 5525 1068 5560 a
1089 5523 1254 5579 nostro
1284 5515 1496 5579 Auctore
1527 5518 1813 5579 desumptas
1835 5517 1885 5564 in
1906 5513 2196 5579 sus'sa'ipta

613 5571 926 5642 transferret,
946 5571 1250 5642 bunclocnm
1275 5578 1590 5642 exscribens,
1613 5571 1721 5628 non'
1736 5589 1905 5638 ἀπάρσιις
1929 5575 2050 5641 legit
2065 5611 2080 5638 ,
2104 5571 2193 5628 sed

614 5639 792 5689 sm
811 5640 923 5676 sive
943 5637 1238 5694 muniens,
1260 5637 1612 5700 stationesque.

1934 230 2176 289 SANCTI
2213 225 2593 286 HIERONYMI
3816 230 3855 285 τ

2319 343 2704 400 transtulimus.
2727 343 2815 398 Fit
2833 350 3011 399 autem
3031 343 3305 416 catalogus
3321 344 3654 402 Mansionum
3679 363 3710 401 a
3733 351 3924 417 prima

2316 451 2485 507 usque
2508 435 2576 490 ad
2602 435 2845 490 ultimam
2870 452 2884 501 ;
2908 443 2962 490 et
2988 444 3337 490 numerantur
3355 436 3517 492 simul
3539 438 3923 508 quadraginta

2315 528 2455 591 duae,
2484 529 2551 582 de
2579 529 2771 598 quibus
2812 527 3089 581 Matthasus
3127 528 3403 598 loquitur:
3440 547 3462 582 ι
3498 530 3582 584 Ab
3626 531 3923 588 Abraham

2315 634 2483 687 usque
2526 618 2593 671 ad
2643 619 2806 672 David
2852 618 3224 689 generationes
3267 619 3677 687 quatuordecim
3704 663 3724 686 ,
3779 631 3845 677 et
3887 637 3918 677 a

2317 710 2478 763 David
2508 725 2674 780 usque
2700 710 2765 764 ad
2793 711 3321 780 transmigratinnem
3355 709 3642 780 Babylonis
3670 729 3918 781 genera-

2317 802 2486 860 tiones
2514 800 2917 870 qnatuordecim
2947 819 2960 854 :
2987 811 3042 856 et
3083 817 3112 853 a
3167 801 3636 870 transmigratinne
3665 803 3918 877 Babylo-

2313 891 2397 944 nis
2428 907 2596 958 usque
2625 893 2691 946 ad
2723 893 2992 946 Christum
3035 895 3412 962 generationes
3467 897 3915 964 qnatuordecim,

2314 980 2364 1035 id
2395 990 2496 1047 est,
2527 983 2684 1037 simul
2713 985 3084 1052 generationes
3115 983 3464 1052 quadraginta
3482 984 3599 1038 dua:
3623 1003 3643 1037 ι
3671 987 3914 1055 (ΜαιιΙι.

2315 1075 2366 1126 1.
2423 1074 2535 1142 17).
2582 1074 2692 1128 ‘Pcr
2733 1074 2827 1127 Itas
2869 1074 3035 1128 currit
3079 1075 3152 1144 (ο)
3199 1089 3357 1127 verus
3388 1057 3663 1141 Hebr-mus,
3703 1082 3803 1146 qui
3839 1079 3916 1134 de

2315 1171 2452 1217 terra
2482 1164 2710 1218 transire
2741 1165 2957 1218 festinat
2999 1164 3062 1217 ad
3109 1164 3302 1219 malum
3337 1183 3351 1218 :
3377 1175 3430 1218 et
3455 1165 3688 1235 Aigypto
3714 1169 3912 1223 smeuli

2312 1256 2586 1320 derelicta,
2620 1265 2816 1311 terram
2843 1257 3278 1328 repromissionis
3307 1258 3621 1326 ingreditur.
3657 1259 3774 1314 Nec
3806 1262 3908 1313 mi-

2313 1363 2452 1413 rum,
2495 1347 2540 1401 si
2572 1347 2623 1400 in
2659 1347 2751 1401 illo
2781 1349 2987 1402 numeri
3037 1359 3373 1403 sacramenlo
3410 1350 3799 1419 perveniamus
3836 1351 3904 1405 ad

2311 1455 2472 1509 regna
2499 1439 2756 1494 caelorum
2792 1459 2806 1495 :
2837 1441 2937 1494 sub
2959 1455 3064 1510 quo
3093 1441 3170 1512 (ά)
3195 1442 3449 1497 Dominus
3465 1443 3906 1513 atqueSalvator

2310 1545 2340 1583 a
2375 1531 2543 1599 primo
2574 1529 2880 1585 Patriarclta
2924 1534 3167 1600 pervenit
3209 1533 3274 1586 ad
3304 1535 3588 1603 virginem,
3634 1537 3794 1604 quasi
3832 1537 3902 1592 ad

2310 1620 2622 1680 Jordanem.
2653 1637 2770 1691 quae
2807 1623 2964 1691 pleno
2992 1623 3201 1693 gurgite
3230 1623 3420 1692 ﬂuens,
3461 1624 3693 1694 Spiritus
3722 1630 3900 1684 sancti

2309 1713 2494 1782 gratiis
2532 1713 2882 1768 redundabat.
2915 1715 3067 1781 Quod
3108 1724 3284 1768 autem
3330 1718 3382 1769 in
3426 1731 3584 1770 manu
3625 1718 3796 1788 Moysi
3843 1730 3901 1774 et

2310 1805 2486 1857 Aaron
2515 1819 2763 1874 egressus
2790 1805 3064 1867 scribitur,
3096 1806 3332 1875 intellige
3358 1807 3528 1876 legem
3555 1817 3612 1861 et
3641 1811 3899 1864 sacerdo-

2311 1893 2463 1957 tium,
2494 1908 2678 1962 opera,
2723 1904 2778 1947 et
2803 1894 3004 1948 cultum
3035 1894 3126 1948 Dei
3161 1911 3174 1947 :
3203 1909 3430 1963 quorum
3462 1896 3688 1950 alterum
3719 1899 3896 1954 altcro

2311 1983 2531 2051 indiget.
2566 1982 2720 2037 Nunt.
2761 2000 2886 2038 nant
2929 2000 3164 2039 rnonssr
3217 2001 3471 2041 exercere
3500 1988 3744 2055 virtutes,
3790 1991 3893 2043 nisi

2305 2073 2522 2128 noveris
2567 2073 2872 2128 Creatorem
2913 2091 2927 2128 :
2966 2090 3066 2130 nec
3112 2076 3202 2130 Dei
3252 2076 3526 2131 veneratio
3571 2078 3784 2146 proiicit
3824 2079 3892 2133 ad

2307 2166 2552 2230 salulem,
2603 2166 2706 2220 nisi
2751 2176 3016 2236 prazcepta
3063 2166 3370 2222 Conditoris
3419 2168 3744 2237 impleveris.
3797 2170 3889 2226 llis

2307 2257 2512 2312 duabus
2542 2257 2809 2321 manibus,
2842 2258 2990 2326 quasi
3019 2257 3226 2312 duobus
3256 2258 3539 2328 Serapltim
3582 2261 3633 2314 in
3670 2259 3888 2314 confes-

2306 2348 2512 2402 sionem
2543 2356 2740 2402 sanctm
2769 2347 3046 2402 Trinitatis
3075 2349 3430 2419 erumpimus,
3461 2349 3723 2418 dicentes,
3749 2351 3886 2408 San-

2305 2449 2448 2505 ctus,
2479 2448 2717 2506 sanctus,
2750 2446 2966 2494 sanctus
2994 2439 3249 2494 Dominus
3274 2439 3414 2496 Deus
3433 2440 3678 2496 sabaoth.

2881 2551 3050 2607 PBIIA
3089 2551 3318 2641 Mansm.

2377 2664 2648 2720 Moverunt
2684 2674 2852 2720 autem
2885 2674 3053 2719 castra
3083 2665 3146 2718 de
3177 2665 3438 2730 Ramesse,
3491 2681 3660 2720 mense
3699 2667 3879 2735 primo,

2305 2757 2479 2825 quinta
2505 2757 2699 2810 decima
2724 2757 2806 2810 die
2829 2756 3011 2810 mensis
3039 2756 3208 2822 primi,
3239 2756 3402 2810 altera
3427 2757 3510 2811 die
3540 2768 3651 2826 post
3673 2757 3879 2812 Pascha

2304 2845 2491 2914 egressi
2516 2854 2631 2915 sunt
2674 2843 2769 2912 )‘ilii
2802 2845 2970 2900 Israel
3007 2847 3061 2899 in
3109 2863 3262 2899 manu
3295 2846 3494 2901 excelsa
3524 2848 3576 2900 in
3613 2860 3878 2918 conspectu

2306 2936 2530 2988 omnium
2573 2935 2940 3006 zEgyptiorum
2971 2952 2990 2990 :
3015 2946 3060 2991 et
3086 2936 3325 3006 Egyptii
3376 2938 3712 3006 sepelirbant,
3760 2937 3894 3007 quos.

2306 3035 2619 3094 percusserat
2667 3025 2918 3080 Dominus
2969 3043 3032 3080 ex
3069 3029 3160 3094 eis,
3207 3044 3354 3081 omne
3399 3028 3784 3098 primogenitum
3829 3029 3879 3081 in

2307 3127 2441 3171 terra
2468 3116 2687 3187 Egypti
2711 3134 2730 3173 :
2759 3127 2806 3172 et
2834 3120 2887 3172 in
2944 3119 3106 3190 470
3159 3119 3258 3174 diis
3285 3136 3459 3175 eorum
3476 3121 3594 3190 fecit
3635 3121 3879 3175 Dominus

2299 3208 2498 3277 judicia
2529 3207 2713 3278 (Num.
2749 3209 2837 3265 55.
2869 3209 2905 3262 2
2933 3219 2977 3263 et
3003 3209 3189 3280 seqq.).

2375 3318 2651 3374 Rsusssss
2679 3333 2709 3372 a
2737 3319 3052 3387 quibusdam
3082 3319 3461 3388 interpretatur
3480 3325 3749 3376 commotio
3777 3332 3877 3376 tur-

2307 3408 2541 3473 bulenta,
2581 3418 2672 3463 aut
2707 3409 2996 3462 amaritudo
3034 3407 3112 3482 (ά)
3151 3411 3514 3480 commotioque
3561 3412 3708 3465 tinea
3738 3427 3758 3467 :
3785 3422 3876 3467 nos

2305 3509 2482 3554 autem
2515 3501 2692 3554 verius
2718 3502 3042 3556 mstimamns
3071 3501 3321 3571 exprimi,
3370 3504 3649 3556 tonitruum
3685 3504 3874 3573 gaudii.

2305 3597 2385 3651 Ad
2416 3596 2553 3651 hanc
2581 3596 2766 3650 urbem
2796 3611 2915 3666 qua:
2941 3597 2994 3650 in
3024 3598 3279 3652 extremis
3319 3596 3508 3651 ﬁnibus
3535 3606 3671 3662 erat,
3715 3614 3876 3667 popu-

2313 3688 2397 3742 lus
2422 3697 2775 3758 congregatus
2802 3698 2904 3753 est,
2931 3689 3018 3757 qui
3050 3688 3103 3742 in
3130 3689 3400 3743 desertum
3440 3690 3588 3744 exire
3614 3689 3873 3756 cupiebat,

2308 3794 2374 3834 eo
2402 3779 2540 3848 quod
2571 3778 2852 3832 tumultum
2878 3777 3057 3832 Steculi
3082 3777 3482 3848 derelinquens,
3506 3779 3822 3833 movebatur
3847 3795 3875 3832 a

2303 3871 2442 3932 vitjis
2468 3869 2726 3938 pristinis,
2754 3879 2808 3924 et
2834 3870 2901 3923 ab
2930 3870 3322 3926 excomodente
3345 3887 3405 3926 se
3427 3873 3575 3940 prius
3602 3873 3740 3927 tinea
3762 3887 3878 3943 pec.

2301 3971 2563 4023 calorum,
2597 3969 2654 4013 ut
2681 3974 2895 4014 omnem
2924 3961 3330 4016 amaritudinem
3360 3971 3576 4017 vertens
3606 3963 3658 4017 in
3687 3963 3869 4018 dulce-

2303 4051 2504 4115 dinem,
2536 4050 2632 4106 Dei
2661 4065 2849 4106 vocem
2879 4050 2931 4104 in
2977 4051 3103 4105 Sina
3150 4060 3333 4107 monte
3374 4051 3609 4123 desuper
3651 4054 3876 4109 tonantis

2368 4218 2440 4279 (c)
2475 4217 2714 4268 Nimirum
2739 4231 2766 4267 a
2789 4216 3082 4267 transeundo
3103 4216 3344 4266 Hebraeus
3378 4221 3487 4275 τω
3509 4231 3687 4267 nomen
3719 4218 3844 4268 ducit
3861 4257 3874 4276 .

2300 4288 2384 4350 qui
2410 4293 2461 4334 et
2473 4285 2830 4350 (ir-ascensum
2867 4287 3439 4350 transitognuncupatur,
3475 4295 3543 4350 ut
3565 4287 3616 4334 in
3641 4287 3877 4348 superiori

2304 4347 2447 4408 epist.
2473 4347 2550 4396 71.
2576 4360 2626 4396 ιι.
2653 4349 2700 4398 2.
2726 4347 2874 4411 atque
2911 4347 3034 4397 infra
3069 4347 3222 4396 Mans.
3247 4347 3325 4396 51.
3364 4349 3452 4398 abs
3483 4347 3626 4397 Hier.
3659 4347 3874 4398 aetatum

2303 4415 2397 4457 est.

2370 4468 2449 4530 (ά)
2485 4468 2620 4528 Quod
2644 4469 2833 4532 scilicet
2854 4469 2915 4517 ab
2937 4468 3180 4532 Abraham
3201 4466 3259 4515 ad
3281 4467 3528 4532 Christum
3564 4469 3877 4532 quadraginta

2300 4529 2410 4580 duae
2432 4529 2785 4590 generationes
2809 4530 3139 4587 intercedant;
3163 4540 3350 4591 nosque
3373 4531 3466 4579 sub
3490 4529 3662 4580 eodem
3679 4543 3877 4579 numero

2300 4591 2616 4652 quadraginta
2653 4591 2854 4652 duarum
2892 4591 3227 4652 mansionum,
3250 4591 3308 4638 ad
3342 4603 3506 4639 veram
3547 4592 3877 4652 promissionis

2303 4649 2508 4724 terram:
2528 4663 2639 4713 qua!
2662 4651 2882 4701 Christus
2904 4658 3010 4712 est,
3034 4658 3087 4701 et
3106 4649 3367 4700 Beatorum
3390 4649 3592 4713 gloriam
3615 4652 3880 4713 pervenire

2421 4725 2559 4760 imus.

2364 4774 2433 4834 (ε)
2466 4773 2698 4834 Subnexa
2721 4771 3002 4834 Hieronymi
3020 4772 3186 4834 verba.
3199 4773 3378 4833 quibus
3395 4771 3661 4834 propositas
3684 4779 3876 4834 lim

2301 4847 2376 4885 ses
2400 4831 2720 4896 etymologias
2741 4831 2990 4896 sigillatim
3034 4831 3269 4893 explicat,
3309 4831 3464 4896 eaque
3485 4831 3770 4896 praesertim
3807 4833 3874 4880 ab

2299 4889 2643 4945 exconiedente
2665 4906 2716 4955 se
2738 4889 2875 4955 prius
2890 4893 3027 4955 tinea
3043 4929 3056 4950 ,
3079 4889 3300 4942 errorem
3335 4889 3585 4955 irrepsisse
3621 4889 3710 4955 hoc
3734 4889 3842 4955 loco
3857 4931 3872 4948 ,

2303 4965 2357 5006 ct
2380 4969 2466 5018 pro
2488 4949 2827 5018 commotiogue
2847 4990 2861 5012 ,
2889 4949 3155 5018 legendum
3189 4949 3498 5018 comestioque
3516 4949 3697 5010 ,_facile
3717 4954 3878 5018 nobis

2303 5011 2617 5079 persuadent.
2647 5011 2853 5079 Revera
2875 5019 2924 5062 in
2944 5011 3202 5079 [hominum
3236 5013 3360 5079 li_bro_
3383 5021 3625 5063 Ramesse:
3647 5011 3873 5075 pabulum

2303 5074 2365 5127 de
2385 5077 2514 5142 tinea
2536 5077 2761 5134 vertitur,
2789 5082 2842 5142 et
2864 5089 2913 5142 tn
2938 5074 3238 5136 Origeniano
3260 5074 3422 5142 lexico
3454 5087 3597 5134 ναί-ιισή
3618 5074 3796 5142 astuant.
3811 5134 3821 5142 _
3838 5088 3874 5124 ιι

2301 5153 2410 5198 me,
2440 5137 2512 5200 (ut
2536 5144 2614 5200 est
2637 5135 2993 5200 emendandum
3013 5134 3149 5200 ,_'uon
3172 5135 3310 5200 μιν...)
3343 5143 3564 5200 Ramesse
3586 5134 3752 5200 pastio
3780 5134 3874 5184 sive

2301 5196 2523 5249 cantes'tio
2544 5199 2607 5248 de
2625 5197 2790 5254 tinea;
2812 5208 2906 5260 nec
2929 5203 3001 5245 tot
3023 5197 3151 5244 inter
3172 5196 3317 5260 hujus
3337 5197 3547 5260 nominis
3583 5196 3871 5260 interpreta-

2300 5262 2488 5316 tiones,
2533 5272 2668 5316 eam,
2706 5253 2816 5318 qua:
2848 5253 3059 5318 fortasse
3076 5253 3249 5318 Amagis
3267 5255 3552 5318 obtinebat,
3578 5253 3871 5318 praeteriisse

2300 5313 2628 5389 Hieronymus
2649 5313 2922 5366 credendus
2940 5323 3039 5387 est.
3066 5313 3203 5372 Quod
3234 5321 3397 5362 autem
3423 5313 3695 5420 ilisemaltt
3726 5322 3870 5364 tuter-

2303 5384 2478 5420 nmmri
2505 5385 2765 5420 rmutrunm
2799 5377 2966 5420 aaudn
2983 5413 2996 5420 -
3027 5375 3137 5420 inde
3161 5381 3264 5420 est.
3288 5374 3416 5420 auod
3463 5383 3626 5420 eaertt
3649 5387 3757 5420 cum
3786 5374 3870 5420 du-

2302 5374 2765 5442 pretari'tonitruum
2799 5377 2966 5442 gaudii
2983 5413 2996 5432 .
3022 5375 3264 5442 indeﬂesl.
3288 5374 3416 5434 (1ηοά
3436 5374 3626 5442 legem-
3649 5374 3871 5442 ρυιῃρυ·

2301 5432 2414 5503 plici
2435 5446 2539 5493 vnn
2559 5440 2633 5490 sin
2652 5451 2740 5501 pro
2757 5432 2834 5490 ob
2855 5435 3046 5486 sameclt
3069 5436 3116 5482 io
3141 5433 3264 5489 line,
3287 5432 3399 5493 quze
3436 5432 3619 5503 littera:
3656 5433 3874 5483 facillimo

2303 5501 2434 5559 inter
2472 5523 2529 5560 se
2566 5512 2938 5557 commutantur.
2976 5505 3113 5553 Tunc
3144 5504 3273 5550 enim
3297 5505 3418 5557 mn
3452 5501 3747 5563 tonitruum,
3774 5507 3874 5556 πω

2301 5577 2534 5650 autem;
2553 5568 3395 5650 εῖδειξβέρξέιξνᾱριέέἓξεξίιξὲἱεθξιέἑ
3401 5569 3548 5650 BHE
3563 5567 3870 5634 τθυιηιιίωτο

2384 5644 2490 5690 tera
2511 5641 2562 5690 in
2584 5631 2843 5691 Nomium
2862 5633 2987 5684 libro
3007 5631 3164 5683 iusius
3185 5639 3564 5692 prosequemur.
