4056 6184
183 313 285 370 701

180 425 417 481 audiret.
443 426 596 494 Quod
640 434 815 482 autem
866 423 1029 480 verba
1072 421 1248 478 divina
1287 430 1343 476 et
1370 418 1575 490 eloquia
1605 417 1754 472 Scri-

180 525 485 585 pturarum,
536 518 590 571 in
620 517 771 572 istius
810 515 990 570 saeculi
1035 522 1090 569 et
1124 511 1308 568 mundi
1350 519 1488 576 rota,
1533 508 1759 563 tonitrus

181 608 535 675 appellentur,
562 607 840 662 Psalmista
862 606 1117 671 declarat,
1151 605 1337 659 dicens
1365 620 1379 656 :
1415 621 1434 655 ι
1462 600 1575 655 Vox
1622 598 1757 653 toni-

182 696 291 748 trui
326 697 397 749 tui
429 697 479 748 in
507 705 620 749 rota
657 713 677 747 ι
714 694 831 767 (Ps.
871 696 957 749 76.
992 695 1102 763 12).
1132 693 1200 747 Et
1232 693 1322 746 Dei
1366 691 1535 745 Patris
1573 701 1758 742 vocem

181 787 237 838 in
267 787 528 853 baptismo
552 787 845 841 Salvatoris
867 786 1144 840 audientes
1174 786 1253 854 (α)
1286 784 1575 837 tonitruum
1604 790 1766 854 puta-7.

178 884 392 930 verunt.
447 877 687 947 Cumque
729 878 981 931 commoti
1011 876 1268 930 fuerimus
1292 875 1357 928 ad
1389 873 1755 942 Evangelicam

181 970 385 1034 tubam,
409 978 464 1022 et
498 970 709 1023 excitati
758 970 992 1022 tonitruo
1028 967 1227 1037 gaudii,
1255 967 1462 1019 eximus
1492 966 1545 1017 in
1574 977 1758 1016 mense

181 1056 378 1123 primo,
401 1057 614 1126 quando
640 1075 659 1108 ι
691 1056 879 1127 hyems
892 1056 1166 1125 praeteriit,
1185 1065 1239 1110 et
1255 1054 1379 1107 abiit
1406 1054 1505 1107 sibi
1536 1073 1556 1105 ι
1586 1050 1755 1123 (Cant.

176 1143 256 1215 2),
315 1146 531 1215 quando
577 1147 715 1201 veris
757 1146 1035 1200 exordium
1067 1157 1171 1208 est,
1214 1145 1426 1214 quando
1456 1154 1595 1197 terra
1636 1157 1758 1211 par-

175 1236 329 1298 turit,
371 1236 585 1304 quando
614 1245 801 1289 cuncta
846 1244 1190 1298 renovantur,
1237 1244 1293 1289 et
1338 1235 1544 1287 eximus
1575 1232 1758 1301 quinta

173 1324 389 1378 decima
420 1325 508 1378 die
550 1326 752 1379 mensis
781 1325 937 1394 primi
978 1324 1173 1394 (Exod.
1216 1324 1331 1393 Ii),
1374 1324 1426 1377 in
1468 1324 1758 1376 crastinum

175 1416 403 1469 Pascha:
433 1416 595 1484 pleno
622 1417 821 1470 mensis
853 1417 1071 1479 lumine,
1102 1426 1221 1485 post
1244 1430 1392 1470 esum
1422 1414 1544 1482 agni
1571 1414 1759 1467 imma-

173 1505 341 1558 culati
390 1520 406 1559 :
450 1516 504 1558 et
550 1506 806 1559 calciatos
860 1507 1025 1574 pedes
1079 1505 1334 1558 habentes
1384 1504 1451 1557 de
1504 1501 1763 1571 Apostolo

178 1595 400 1666 (Ep/tes.
436 1595 516 1661 6),
550 1605 602 1648 et
631 1597 902 1649 accinctos
928 1595 1178 1665 pudicitia
1206 1595 1438 1659 lumbos,
1467 1603 1521 1647 et
1545 1593 1762 1647 baculos

180 1691 230 1740 in
275 1688 523 1740 manibus
564 1694 912 1755 praeparatos.
957 1686 1210 1752 Quamvis
1250 1686 1393 1737 enim
1436 1684 1489 1737 in
1529 1683 1763 1752 Egypto

177 1789 367 1847 quarta
395 1777 601 1831 decima
627 1777 714 1830 die
745 1777 949 1830 mensis
975 1776 1177 1829 Pascha
1204 1775 1479 1839 facientes,
1512 1774 1765 1826 cumede-
1824 1790 1829 1793 τ

179 1871 348 1922 rimus
376 1884 591 1936 agnum,
632 1877 807 1921 tamen
837 1876 963 1920 tunc
1007 1866 1161 1919 nobis
1204 1866 1290 1918 lux
1333 1864 1488 1933 plena
1527 1863 1762 1931 comple-

180 1971 286 2025 tur,
319 1960 536 2029 quando
566 1962 618 2014 in
655 1975 813 2013 manu
838 1960 1049 2013 excelsa
1082 1958 1392 2011 Rainessem
1420 1956 1760 2021 dimittimus,

177 2067 297 2120 quze
324 2052 544 2106 excelsa
573 2052 788 2115 dicitur,
813 2051 898 2105 vel
924 2050 1068 2121 quod
1099 2048 1387 2121 Egyptum
1415 2047 1762 2117 percusserit,

181 2142 262 2195 vel
288 2142 432 2211 quod
462 2144 755 2210 protexerit
794 2140 981 2208 Israel,
1019 2141 1325 2195 videntibus
1358 2138 1646 2209 Egyptiis,
1674 2140 1765 2206 qui

180 2231 520 2285 admirantur
550 2246 649 2285 nos
680 2231 828 2286 exire
870 2232 938 2286 de
983 2232 1203 2297 sarculo,
1242 2241 1296 2284 et
1341 2238 1657 2299 torquentur
1685 2228 1766 2282 in-

179 2321 346 2385 vidia,
379 2330 436 2376 et
465 2331 650 2391 postea
673 2337 770 2376 nos
813 2331 1001 2377 tenere
1021 2323 1319 2389 cupientes,
1349 2322 1401 2374 in
1434 2322 1766 2391 persecutio-

181 2412 343 2467 nibus
369 2412 701 2466 suil‘ocantur
729 2430 743 2466 :
771 2413 983 2482 quando
1002 2424 1055 2467 et
1082 2411 1319 2482 :Egyptii
1349 2412 1617 2480 sepeliant
1648 2410 1758 2479 pri-

182 2503 493 2571 mogenitos
523 2516 671 2567 suos,
701 2511 755 2557 et
784 2511 962 2572 patres
1000 2502 1196 2557 mortui
1225 2503 1452 2556 terrenis
1492 2500 1763 2569 operibus,

182 2592 501 2661 opprimunt
542 2602 783 2646 mortuos
813 2593 953 2646 ﬁlios
980 2606 1127 2647 suos.
1157 2591 1283 2645 Mihi
1324 2591 1571 2645 videntur
1609 2588 1767 2660 47],

187 2681 566 2753 Εενριίοτυω
597 2683 971 2752 primogenita,
999 2681 1247 2751 dogmata
1266 2695 1386 2735 esse
1410 2678 1767 2749 PhilosOpbo-

184 2789 327 2841 rum,
358 2774 555 2843 quibus
594 2773 847 2843 deceptos
878 2774 1122 2828 homines
1150 2782 1310 2843 atque
1343 2772 1578 2827 irretitus
1624 2781 1771 2825 tene-

185 2863 333 2917 bant.
359 2863 493 2931 Quae
518 2879 639 2917 cum
670 2863 832 2919 Israel
856 2865 1008 2918 vivus
1044 2862 1310 2934 eﬂugerit,
1330 2861 1769 2933 circumdant[al.

186 2951 591 3025 circumdantur]
637 2955 860 3008 mortuis
890 2956 1024 3018 suis,
1085 2970 1152 3007 ne
1202 2955 1509 3007 exeuntium
1560 2953 1775 3006 imiten-

189 3053 272 3095 tur
299 3043 631 3111 exemplum.
659 3043 829 3096 Porro
850 3042 990 3111 quod
1019 3044 1258 3111 sequitur
1284 3060 1296 3095 :
1332 3060 1349 3093 ι
1381 3042 1436 3095 1η
1463 3041 1565 3095 diis
1586 3057 1773 3095 eorum

185 3130 313 3186 fecit
334 3133 540 3201 judicia
570 3152 590 3183 ι
619 3131 695 3202 (Ν
701 3148 805 3184 unt.
828 3133 915 3186 55.
942 3131 1022 3202 9),
1048 3132 1161 3185 sive
1181 3140 1239 3185 ut
1264 3131 1607 3201 Septuaginta
1631 3141 1777 3186 tran-

187 3225 481 3291 stulerunt,
518 3242 537 3275 ι
568 3226 837 3278 ultiones:
874 3243 892 3275 ι
923 3224 1051 3278 illud
1084 3223 1292 3277 Hebriei
1314 3232 1611 3289 autumant,
1636 3225 1775 3293 quod

187 3327 348 3368 nocte
377 3330 484 3384 qua
527 3328 777 3384 egressus
806 3324 889 3367 est
935 3315 1183 3382 populus,
1225 3316 1403 3367 omnia
1443 3314 1497 3367 in
1546 3313 1777 3384 Egypto

189 3406 389 3474 templa
422 3406 692 3457 destructa
724 3404 852 3467 sint,
885 3404 998 3457 sive
1026 3414 1169 3456 motu
1201 3411 1374 3467 terrae,
1407 3408 1519 3457 sive
1546 3404 1652 3457 ictu
1678 3404 1779 3457 l‘ul-

190 3494 417 3548 minuin.
452 3492 812 3562 Spiritualiter
838 3502 1015 3547 autem
1042 3492 1299 3548 discimus
1329 3492 1468 3560 quod
1500 3492 1780 3562 egredien-

192 3585 333 3640 tibus
364 3585 521 3639 nobis
549 3585 617 3638 de
647 3584 901 3655 Egypto,
940 3601 1181 3640 errorum
1226 3583 1367 3637 idola
1407 3595 1681 3651 corruant,
1725 3592 1779 3639 et

193 3678 370 3731 omnis
396 3691 773 3747 perversarum
793 3677 1157 3733 doctrinarum
1180 3675 1388 3730 cultura
1416 3676 1705 3745 quatiatur.

821 3779 909 3842 11.’
927 3787 1150 3842 Manno.

265 3898 334 3950 Et
362 3900 745 3969 proﬁciscentes
764 3900 860 3966 ﬁlii
884 3897 1047 3952 Israel
1066 3900 1129 3952 de
1143 3897 1583 3966 Ramessc,castra
1609 3900 1782 3953 ntetati

194 3998 311 4043 sunt
341 3991 395 4042 in
421 3990 640 4044 Soccoth
666 3989 852 4058 (Num.
882 3990 970 4043 55.
995 3990 1071 4058 5).

269 4100 517 4154 Secunda
544 4100 768 4154 Mansio.
798 4100 853 4153 In
885 4100 984 4154 hac
1015 4109 1251 4169 coquunt
1275 4116 1440 4169 panes
1467 4116 1705 4171 azymos,
1729 4112 1784 4157 et

150 4177 434 4259 ‘primum
482 4190 702 4243 tendunt
752 4191 1113 4253 tabernacula,
1148 4190 1289 4245 unde
1328 4200 1384 4245 et
1424 4206 1489 4245 ex
1534 4206 1593 4247 re
1636 4192 1783 4248 locus

198 4298 395 4339 nomen
426 4285 654 4352 accepit.
687 4283 931 4338 Soccorn
963 4283 1161 4353 quippe
1197 4284 1579 4353 interpretatur
1606 4285 1659 4338 in
1685 4286 1785 4345 lin.-

201 4389 299 4444 gua
331 4388 535 4440 nostra,
561 4374 906 4438 tabernacula,
939 4374 1050 4427 sive
1078 4374 1311 4426 tentoria.
1354 4374 1418 4427 Et
1455 4374 1526 4428 ob
1559 4375 1660 4429 hoc
1697 4390 1783 4431 se-

202 4466 370 4534 ptimo
398 4482 604 4533 mense,
643 4466 833 4537 quinta
873 4463 1075 4519 decima
1106 4463 1193 4517 die
1236 4464 1436 4518 mensis
1473 4465 1784 4523 solemnitas

205 4554 689 4613 Tabernaculorum
722 4565 807 4612 est
833 4555 1018 4627 (Leuit.
1059 4554 1175 4625 25).
1222 4552 1353 4609 Cum
1406 4571 1535 4626 ergo
1590 4559 1786 4613 exieri-

209 4660 325 4700 mus
351 4665 416 4702 ex
444 4649 695 4719 (Egypto,
719 4648 948 4716 primum
980 4644 1317 4699 tabernacula
1347 4645 1578 4715 ﬁgimus,
1605 4648 1782 4703 scien-

210 4745 288 4790 tes
316 4740 467 4794 nobis
495 4741 561 4793 ad
594 4738 847 4793 ulteriora
888 4735 1235 4805 pergendum.
1281 4736 1431 4790 'I‘unc
1458 4754 1561 4791 non
1599 4754 1782 4794 come-

213 4828 383 4884 dimus
412 4832 475 4886 de
498 4833 759 4886 fermento
784 4830 1023 4900 IEgypti,
1066 4828 1131 4882 de
1173 4830 1432 4882 fermento
1473 4830 1690 4884 malitiae
1730 4840 1785 4885 et

218 4924 461 4986 nequitia:
492 4942 505 4977 :
534 4924 626 4978 sed
666 4925 931 4979 vescimur
970 4922 1173 4991 azymis
1207 4921 1531 4975 sinceritatis
1564 4930 1618 4975 et
1646 4924 1785 4976 veri-

219 5012 341 5063 tatis
379 5014 458 5080 (l.
497 5014 614 5069 Cor.
655 5018 710 5086 5)
744 5033 758 5068 :
795 5016 1003 5070 Domini
1046 5024 1310 5084 praecepta
1337 5028 1501 5083 Opere
1530 5029 1783 5069 consum-

220 5114 424 5159 mantes
454 5124 466 5159 :
501 5124 518 5157 ι
551 5106 745 5162 Cavete
764 5126 793 5163 a
819 5110 1082 5164 fermento
1104 5107 1494 5161 Pharisaeorum
1522 5125 1541 5158 ι
1566 5108 1782 5175 (Matth.

220 5194 305 5248 16.
342 5196 451 5266 11).
495 5199 551 5253 ln
588 5197 687 5257 hac
733 5200 884 5254 nobis
909 5201 1221 5271 praecipitur
1239 5200 1533 5266 Mansione,
1560 5208 1615 5253 ut
1639 5215 1785 5255 sem-

281 5330 351 5441 (α)
388 5331 441 5382 In
462 5335 745 5397 quibusdam
764 5337 902 5386 codd.
916 5338 1222 5388 desideratur
1242 5336 1511 5387 Saluatoris.
1530 5335 1649 5388 Cum
1670 5352 1787 5388 vero

281 5405 309 5439 n
353 5407 382 5441 n
404 5395 664 5441 Bantismo-
688 5397 775 5441 sed
798 5413 908 5441 cum
932 5400 1128 5441 Patrem
1152 5407 1349 5441 mearet
1371 5399 1548 5441 .Iesus.
1573 5408 1627 5441 ut
1647 5400 1786 5441 clari-

219 5403 309 5459 nou
333 5395 382 5442 in
404 5395 665 5457 Baptismo,
688 5397 775 5447 sed
798 5413 908 5447 cum
932 5400 1128 5447 Patrem
1152 5407 1349 5459 rogaret
1371 5399 1396 5447 J
1404 5411 1548 5455 esus,
1573 5408 1627 5448 ut
1647 5400 1786 5448 clari-

218 5450 380 5524 ficaret
400 5450 587 5524 nomen
603 5450 786 5524 suum,
803 5461 1063 5524 tonitruum
1085 5450 1267 5520 faciunt
1289 5473 1390 5524 esse
1415 5450 1691 5524 putaverint
1707 5474 1789 5510 au-

217 5511 408 5564 dientes
426 5552 440 5575 ,
477 5526 531 5569 ut
560 5520 701 5569 Joan.
734 5511 808 5569 1'2.
832 5522 911 5569 29.
936 5511 1163 5577 testatur,
1188 5511 1460 5569 rectissime
1483 5522 1701 5571 creditur
1725 5535 1787 5571 ex

217 5578 481 5681 apocrypha
504 5580 629 5630 libro
651 5582 869 5632 hausisse
893 5582 1032 5631 Hier.
1060 5590 1110 5630 et
1128 5581 1333 5630 fortasse
1352 5592 1415 5629 ex
1432 5580 1790 5633 Nazarenorum

260 5638 479 5681 YanReIio
496 5677 507 5681 _
532 5644 659 5681 mmd
684 5646 791 5681 imm
815 5643 985 5681 lmine
1010 5641 1332 5681 exnIimvm-al
1358 5680 1366 5681 ,
1399 5650 1449 5681 et
1472 5644 1678 5681 subindo
1720 5645 1788 5681 al-

218 5638 479 5747 ﬁgqgelio
495 5677 508 5701 ,
532 5644 661 5704 quod
684 5646 791 5707 ipse
815 5643 985 5693 Latine
1010 5641 1338 5703 explicaverat
1356 5680 1370 5705 ,
1399 5650 1450 5692 et
1472 5644 1678 5695 subinde
1718 5645 1788 5696 al-

238 5706 366 5757 esst.

1682 5820 1733 5845 δερ.

1708 5850 1731 5865 ’2

1484 302 1809 362 EPISTOLA
1845 295 2124 356 LXXVIII.

3337 296 3441 352 703

1867 427 1961 479 per
1986 407 2308 480 egressionis
2332 423 2399 463 ex
2434 407 2668 480 Egypto
2706 423 2971 465 memores
3001 409 3173 466 simus
3205 427 3219 464 :
3260 419 3319 466 ut
3345 426 3439 467 ce-

1863 502 2131 556 lebremus
2154 500 2441 567 transitum,
2478 500 2529 555 id
2555 510 2657 566 est,
2683 500 2855 555 Pliase
2879 501 3127 567 Domini;
3159 511 3216 557 ut
3242 503 3443 572 primo-

1861 594 2037 662 genita
2088 592 2255 645 nostri
2304 592 2473 655 uteri,
2528 601 2947 660 cunctarumque
3001 593 3293 659 virtutum,
3344 609 3443 664 pro

1863 682 2229 751 primogenitis
2270 680 2507 752 Egypti,
2558 697 2675 751 qua:
2721 696 2973 751 percussa
3023 695 3168 749 sunt,
3220 684 3443 743 Domino

1862 786 2256 827 consecremus.
2322 836 2325 841 λ

2479 859 2566 916 Ill.
2606 862 2828 918 Mausm.

1934 971 2001 1025 Et
2032 972 2242 1041 profecti
2265 973 2327 1027 de
2356 972 2597 1039 Soccotli,
2626 984 2791 1027 castra
2816 976 2987 1028 metati
3009 984 3125 1029 sunt
3153 977 3208 1030 in
3233 976 3439 1046 Etltam,

1868 1077 1979 1129 qua
2006 1072 2077 1115 est
2106 1063 2157 1114 in
2178 1074 2399 1116 extremo
2422 1065 2715 1117 solitudinis
2749 1063 2934 1135 (Num.
2965 1066 3055 1120 55.
3084 1068 3158 1137 6).

1934 1175 2115 1231 Tertia
2160 1176 2363 1231 Mansio
2410 1176 2631 1232 oﬁ‘ertur
2683 1187 2805 1247 post
2854 1179 3215 1247 tabernacula,
3247 1183 3301 1236 in
3343 1198 3445 1251 qua

1864 1265 2098 1332 primum
2152 1265 2367 1320 videtur
2411 1266 2664 1321 Dominus
2696 1277 2853 1322 nocte
2900 1270 2952 1323 in
2985 1270 3230 1324 columna
3287 1274 3441 1340 ignis,

1865 1360 1921 1405 et
1961 1367 2057 1422 per
2099 1353 2239 1409 diem
2270 1355 2323 1408 in
2364 1355 2613 1409 columna
2641 1356 2815 1421 nubis,
2851 1366 2907 1409 ut
2957 1359 3223 1425 prmcedat
3276 1348 3470 1429 popli-9

1866 1441 1999 1507 lum,
2053 1452 2109 1497 et
2154 1446 2262 1498 dux
2312 1445 2518 1499 itineris
2568 1446 2677 1498 ﬁat.
2736 1446 2921 1500 Eum
2967 1448 3039 1516 (b)
3093 1448 3245 1503 nobis
3291 1460 3449 1505 sonat

1867 1534 2113 1602 fortitudo
2142 1575 2158 1601 ,
2197 1544 2356 1603 atque
2396 1537 2656 1603 perfectio,
2710 1535 2778 1590 de
2828 1552 2929 1605 qua
3004 1536 3163 1609 472
3237 1549 3291 1593 et
3341 1541 3447 1593 Da-

1866 1623 1953 1675 vid
1981 1625 2126 1677 canit
2154 1641 2169 1677 :
2202 1641 2221 1674 ‹
2255 1624 2333 1677 Tu
2361 1624 2605 1694 dirupisti
2634 1624 2823 1679 ﬂuvios
2853 1629 2926 1695 (c)
2966 1627 3178 1690 Etbam,
3216 1646 3236 1679 ι
3272 1629 3445 1698 (l’sal.

1868 1712 1956 1765 75.
2008 1713 2138 1780 15),
2196 1714 2249 1765 id
2298 1723 2399 1777 est,
2439 1733 2459 1764 ι
2495 1714 2684 1768 fortes.
2719 1735 2737 1767 ι
2762 1715 2990 1770 Grandis
3038 1730 3121 1772 est
3163 1717 3442 1785 fortitudo,

1864 1800 2151 1870 Egyptum
2179 1802 2471 1869 dimittere,
2510 1816 2563 1857 et
2606 1805 2660 1856 in
2704 1786 2941 1859 extrema
2979 1807 3265 1862 solitudine
3296 1823 3448 1863 com-

1866 1892 2086 1945 morari.
2140 1891 2217 1944 Ex
2270 1908 2377 1961 quo
2424 1893 2771 1962 intelligimus
2829 1894 3006 1949 locum
3062 1896 3292 1951 Soccutlt
3348 1900 3447 1953 ad-

1868 1981 1971 2034 buc
2011 1983 2162 2049 juxta
2193 1981 2415 2053 [Egypti
2445 1984 2609 2039 fuiSse
2648 1988 2917 2054 regiones.
2950 1986 3007 2040 In
3042 2002 3107 2041 eo
3136 1990 3282 2042 enim
3308 1990 3450 2056 quod

1866 2069 2081 2136 dicitur,
2112 2088 2225 2140 quae
2252 2084 2326 2125 est
2352 2075 2405 2126 in
2434 2076 2670 2128 extremis
2698 2076 2885 2143 ﬁnibus
2913 2077 3220 2142 solitudinis,
3254 2088 3453 2135 osten-

1868 2162 2010 2217 ditur
2039 2165 2179 2218 inter
2204 2165 2433 2219 conﬁnia
2461 2180 2581 2220 esse
2608 2168 2775 2221 eremi
2814 2178 2868 2221 et
2903 2168 3144 2239 Egypti.
3173 2170 3452 2240 Praepare-

1870 2268 1989 2307 mns
2009 2255 2163 2308 nobis
2185 2255 2569 2320 fortitudinem,
2594 2271 2929 2311 assumamus
2952 2258 3243 2327 perfectum
3264 2261 3448 2326 robur,

1871 2354 1927 2398 ut
1957 2346 2095 2399 inter
2133 2361 2378 2400 errorum
2425 2346 2696 2415 tenebras,
2739 2358 2791 2403 et
2839 2349 3210 2405 confusionem
3255 2353 3449 2418 noctis,

1871 2435 2109 2489 scientia:
2135 2435 2330 2489 Cbristi
2360 2437 2538 2491 lumen
2565 2449 2840 2507 appareat.
2874 2440 2998 2494 Dies
3026 2455 3239 2511 quoque
3268 2451 3453 2497 noster

1872 2526 2066 2580 nubem
2099 2527 2179 2597 (ά)
2218 2527 2411 2582 habeat
2455 2537 2823 2598 protegentem
2857 2548 2871 2585 :
2901 2539 2958 2584 ut
2994 2531 3077 2587 his
3115 2532 3343 2587 ducibus
3384 2532 3453 2588 ad

1873 2628 2110 2674 sanctam
2141 2619 2363 2676 Terram
2393 2625 2674 2691 pervenire
2703 2621 2999 2677 valeamus.

2483 2734 2573 2790 IV.
2613 2734 2836 2791 Musio.

1946 2841 2271 2914 Profectiquc
2299 2845 2363 2899 de
2394 2844 2597 2910 Etham,
2639 2848 2823 2900 reversi
2850 2855 2967 2900 sunt
3012 2848 3082 2901 ad
3122 2846 3451 2915 Pliialtirotlt,

1874 2933 2010 3001 quod
2054 2942 2127 2986 est
2161 2944 2335 2987 contra
2369 2934 2490 2987 Beel
2518 2935 2733 3004 sep/ton,
2775 2945 2822 2990 et
2857 2946 3026 2991 castra
3062 2940 3234 2992 metati
3275 2952 3392 2994 sunt
3430 2958 3459 2996 ο

1875 3022 2076 3090 regione
2106 3022 2317 3092 Magdol
2342 3023 2527 3096 (Num.
2551 3026 2643 3080 55.
2677 3025 2754 3091 7).

1947 3112 2145 3176 Quarta
2178 3113 2382 3168 Mansio
2406 3124 2489 3169 est
2530 3131 2872 3183 PHIARIBOTB,
2913 3133 3032 3188 quae
3068 3119 3455 3192 interpretatur

1879 3220 1936 3258 os
1962 3204 2224 3271 nobilium,
2270 3206 2629 3278 scribiturque
2661 3225 2756 3278 per
2785 3210 2994 3264 literam
3024 3226 3187 3266 nera.
3232 3213 3456 3279 Quidam

1879 3295 2056 3359 male,
2097 3296 2293 3361 hirotlt,
2344 3296 2492 3351 uillas
2536 3307 2753 3367 putant,
2808 3315 3064 3370 errorque
3119 3304 3456 3369 manifestus,

1880 3387 2022 3456 quod
2070 3403 2165 3456 pro
2217 3389 2522 3457 supradicto
2565 3391 2855 3458 elemento,
2882 3408 2935 3447 si
2980 3395 3210 3449 litteram
3258 3396 3457 3465 legant.

1881 3476 2256 3532 Dan-seruos
2286 3480 2338 3532 in
2390 3480 2622 3549 linguam
2665 3494 2901 3537 nostram
2937 3487 3164 3540 vertitur
3209 3486 3461 3553 Dominus

1881 3570 2150 3635 aquilonis,
2193 3582 2282 3624 aut
2315 3587 2550 3627 ascensus
2597 3575 2838 3643 speculw,
2885 3589 2977 3631 aut
3016 3579 3203 3633 habens
3245 3598 3458 3636 arcana.

1883 3659 2051 3713 Porro
2080 3662 2318 3725 MAGDOL,
2353 3665 2648 3733 magnitudo
2675 3666 2758 3718 vel
2787 3668 2960 3720 turris.
2991 3674 3276 3738 Assumpta
3303 3672 3463 3740 igitur

1884 3747 2193 3804 fortitudine
2226 3751 2574 3805 nobilitamur
2614 3756 2664 3808 in
2707 3755 2954 3820 Domino,
3009 3767 3065 3810 et
3108 3758 3463 3829 Beel—sephon

1885 3839 2013 3893 idoli
2039 3855 2233 3894 arcana
2266 3844 2682 3907 contemnimus,
2723 3844 2972 3912 illiusque
3014 3849 3463 3915 magniﬁcentiam

1885 3940 1940 3985 et
1969 3932 2208 3986 turritam
2235 3933 2537 4001 superbiam
2573 3934 2922 3989 declinamus.
2962 3934 3081 3990 Non
3117 3940 3257 3992 enim
3286 3952 3366 3994 est
3395 3945 3463 3996 ab

1886 4031 2090 4086 austro,
2132 4024 2275 4077 unde
2318 4023 2575 4077 Dominus
2610 4023 2775 4087 venit.
2808 4034 2863 4079 et
2901 4041 2931 4078 a
2972 4027 3219 4094 meridie,
3268 4030 3319 4083 in
3361 4047 3465 4100 qua

1887 4126 2119 4181 sponsus
2140 4113 2404 4169 recumbit
2440 4115 2492 4168 in
2520 4114 2739 4169 ﬁoribus
2764 4130 2779 4179 ;
2804 4115 2896 4170 sed
2923 4132 3204 4187 possessor
3240 4121 3466 4191 Aquilo-

1891 4206 1974 4259 nis
2004 4205 2147 4258 veuti
2180 4204 2531 4273 frigidissinii,
2560 4224 2587 4258 a
2615 4223 2721 4275 quo
2747 4208 3101 4264 exardescunt
3128 4212 3266 4265 mala
3304 4227 3468 4283 super

1890 4303 2090 4351 terram
2119 4286 2253 4367 z'qui
2291 4312 2412 4352 cum
2468 4298 2538 4351 sit
2577 4297 2981 4367 frigidissimus,
3022 4302 3239 4359 nomine
3275 4304 3466 4360 dexter

1890 4395 2133 4455 vocatur,
2166 4388 2357 4443 falsum
2386 4388 2486 4443 sibi
2512 4404 2791 4443 assumens
2818 4393 3137 4449 vocabulum
3167 4397 3378 4453 virtutis
3404 4413 3468 4452 ac

1889 4478 2095 4534 dextrae
2114 4521 2130 4548 ,
2159 4493 2277 4534 cum
2311 4490 2450 4535 totus
2474 4480 2544 4534 sit
2569 4480 2622 4535 in
2651 4479 2890 4537 sinistra.

1952 4614 2025 4675 (b)
2058 4612 2153 4662 Alii
2181 4613 2303 4662 editi
2326 4612 2573 4664 nobiscum
2597 4622 2749 4675 sonat,
2776 4617 2857 4666 vel
2880 4618 3011 4670 uoltis
3032 4628 3279 4671 consonat.

1954 4675 2024 4737 (ι’)
2059 4675 2303 4724 Ilebraice
2329 4685 2404 4726 est
2426 4682 2581 4742 mm,
2606 4690 2750 4738 quam
2778 4693 2945 4727 vocem
2981 4681 3030 4728 in
3061 4683 3285 4742 originali
3323 4687 3466 4733 textu

1888 4745 2108 4796 vitiatam
2147 4760 2234 4807 pro
2266 4745 2442 4807 ante,’
2463 4747 2569 4796 sive
2595 4753 2763 4808 unm,
2792 4748 3033 4797 Victorius
3064 4750 3339 4810 contendit,
3364 4762 3466 4803 tum

1891 4832 1953 4866 ex
1978 4815 2126 4880 simili
2153 4814 2367 4865 lectione
2391 4817 2544 4867 Exod.
2572 4819 2644 4866 15.
2664 4818 2741 4865 20.
2770 4823 2822 4865 et
2837 4817 2983 4880 lium.
3004 4819 3080 4866 55.
3101 4820 3181 4867 ubi
3206 4820 3351 4880 hujus
3374 4821 3466 4871 loci

1887 4879 2077 4943 mentio
2101 4885 2194 4934 est,
2221 4886 2321 4925 tum
2346 4892 2466 4943 vero
2490 4881 2536 4925 in
2563 4880 2729 4943 primis
2751 4890 2815 4925 ex
2834 4879 3204 4943 llieronymiaua
3225 4879 3467 4943 interpre-

1890 4941 2095 5001 tatione,
2123 4952 2216 5000 qua
2239 4952 2313 5001 pe:
2328 4939 2469 5001 lectio
2492 4942 2730 5001 vertitur;
2752 4939 3110 5001 perfectionem
3132 4942 3263 5001 enim
3284 4939 3379 4991 non
3403 4948 3467 4993 si-

1889 5000 2143 5061 gniﬁcaret
2165 5000 2362 5060 ex'ejus
2382 5002 2643 5058 sententia,
2668 5000 2762 5048 nisi
2779 5005 2822 5051 Ω
2850 5001 3009 5047 littera
3030 5014 3120 5049 vox
3138 5000 3467 5054 clauderetur.

1890 5072 1956 5119 At
1977 5070 2241 5133 Caldaicam
2265 5070 2782 5133 terminationem,qua
2810 5070 2881 5133 uti
2904 5076 3031 5133 amat
3054 5070 3357 5133 Psalmistes,
3384 5075 3468 5125 ille

1892 5146 1987 5180 non
2006 5132 2229 5186 attendit,
2248 5140 2298 5178 et
2317 5139 2555 5191 praeterea
2572 5130 2790 5190 ejusdem
2813 5131 3172 5190 signiﬁcationis
3195 5130 3469 5185 voces'csse

1893 5198 2064 5256 unm,
2104 5199 2154 5239 et
2185 5197 2340 5274 prie,
2366 5192 2511 5239 sicuti
2536 5196 2682 5255 DIVI,
2711 5198 2764 5240 et
2783 5196 2888 5272 (rm
2907 5232 2920 5254 ,
2957 5198 3008 5240 et
3041 5198 3201 5258 Dm,
3239 5202 3294 5245 et
3323 5201 3431 5279 pay
3450 5240 3466 5265 ,

1893 5284 2042 5338 atque
2064 5274 2181 5323 alias
2198 5276 2397 5338 passim;
2422 5274 2639 5338 denique
2663 5287 2723 5338 ex
2737 5275 2919 5338 (Exodo
2941 5277 3179 5336 “imitus,
3191 5288 3275 5327 aut
3298 5274 3471 5331 nume-

1893 5336 2158 5387 ris‘Etltam
2176 5337 2235 5383 ad
2262 5336 2576 5398 perfectionis
2597 5336 3000 5398 signiﬁcationem
3023 5339 3178 5398 trahi,
3202 5352 3261 5387 ar.
3283 5340 3467 5393 deinde

1896 5400 2118 5449 eamdem
2160 5410 2272 5445 esse
2314 5398 2443 5464 vocis
2476 5395 2625 5464 Ethgn
2644 5395 2698 5464 in
2720 5397 2911 5464 Psalmo
2931 5395 3206 5450 rectissime
3231 5402 3469 5464 concludi,

1895 5467 2196 5524 utpotequae
2220 5470 2315 5524 non
2338 5459 2518 5524 nisi__ex
2541 5457 2809 5524 Chaldaicaa
2848 5460 3028 5520 lingua:
3071 5464 3276 5524 ingenio
3317 5457 3472 5516 ﬁnalls

1895 5520 2124 5571 litterulae
2146 5520 2384 5581 scriptura
2405 5520 2597 5567 diversa
2618 5520 2699 5567 sit.

1960 5584 2036 5645 (ά)
2059 5580 2261 5652 Quidam
2277 5581 2573 5652 vetustiores
2591 5580 2769 5652 vulgati
2789 5580 2968 5652 addunt
2985 5586 3328 5652 et_noa:ignem,
3346 5603 3471 5652 quas

1895 5641 2061 5714 voces,
2087 5653 2141 5714 ut
2163 5642 2289 5714 male
2313 5641 2513 5714 infartas
2543 5642 3101 5714 jampridemVictorius
3126 5641 3471 5714 expunxei‘at;

1900 5707 2059 5759 editor
2088 5705 2441 5760 Benedictinus
2463 5703 2873 5756 iterum"adscivit
2894 5706 2948 5768 in
2967 5714 3180 5760 textum.
