4056 6184
188 241 294 296 705

187 357 381 425 plenus
432 355 613 411 fuerit.
655 355 811 423 Quod
858 365 1037 414 autem
1085 353 1275 415 Omnes
1326 361 1770 430 congregationes

183 461 444 516 aquarum
473 447 744 518 Scriptum
766 458 951 504 saneta
990 465 1140 506 mare
1167 459 1354 520 vocet,
1382 453 1523 507 nulla
1559 454 1773 508 dubita-

184 537 260 590 tio
286 546 387 592 est.
419 536 542 592 Hcce
564 537 764 592 Mansio
792 539 843 593 in
867 539 1055 594 Exodo
1080 556 1187 596 non
1219 542 1444 596 liabetnr
1468 560 1481 596 :
1515 543 1610 598 sed
1637 545 1770 599 scri-

181 637 338 694 ptum
365 635 443 681 est
481 642 576 695 pro
602 643 684 692 ea,
717 628 862 698 quod
906 630 975 684 de
1016 632 1150 685 mari
1204 632 1387 686 Rubro
1427 634 1673 688 venerint
1699 634 1768 686 ad

180 717 430 771 desertum
452 717 569 783 Sin,
602 720 739 788 quod
767 731 838 775 est
864 722 998 776 inter
1029 722 1166 776 Elim
1194 732 1244 776 et
1279 723 1449 788 Sinai,
1471 726 1647 794 quinta
1673 725 1764 778 de-

177 809 310 860 cima
336 809 416 861 die
449 811 632 864 mensis
661 813 874 866 secundi
901 815 1201 884 egressionis
1231 831 1410 869 eorum
1442 831 1505 869 ex
1522 815 1759 886 Egypto

175 897 377 966 (Exod.
432 899 518 954 16.
575 901 652 970 1),
705 902 759 957 id
786 913 908 970 est,
960 905 1230 961 tricesima
1279 907 1449 977 prima
1483 916 1761 977 postquam

173 989 375 1058 egressi
401 1000 528 1046 sunt
558 992 625 1046 de
650 993 932 1048 Ramesse.

767 1081 898 1135 VIII.
940 1083 1165 1139 MAESIO.

239 1167 311 1220 Et
333 1172 547 1238 profecti
576 1172 639 1224 de
668 1173 798 1224 mari
828 1172 999 1227 Rubro
1021 1215 1036 1238 ,
1065 1184 1237 1228 castra
1263 1176 1434 1228 metati
1457 1186 1574 1230 sunt
1599 1179 1652 1230 in
1676 1193 1762 1230 so-

167 1255 394 1309 litudine
420 1257 514 1312 Sin
560 1259 750 1328 (Nunt.
792 1261 883 1315 55.
917 1261 1027 1333 11).

241 1343 446 1400 Octava
488 1348 689 1403 Mansio
709 1391 721 1412 ,
757 1350 884 1404 licet
905 1351 1058 1419 juxta
1078 1351 1318 1407 ordinem
1347 1353 1515 1408 Exodi
1534 1355 1757 1424 septima

165 1436 260 1491 sit.
313 1437 420 1492 Sed
464 1437 776 1506 sciendum,
824 1442 965 1510 quod
1009 1443 1186 1497 omnis
1217 1459 1385 1513 usque
1413 1444 1481 1498 ad
1521 1454 1756 1500 montem

164 1528 311 1584 Sinai
339 1533 552 1585 eremus
573 1532 669 1585 Sin
697 1542 937 1600 vocetur,
966 1529 1113 1589 et‘ex
1144 1543 1253 1588 tota
1285 1535 1565 1603 provincia
1594 1536 1754 1592 etiam

165 1623 315 1676 locus
359 1623 516 1677 unius
556 1623 849 1678 Mansionis
895 1641 1093 1680 nomen
1140 1627 1412 1695 acceperit
1451 1642 1466 1679 :
1517 1627 1656 1682 sicut
1701 1635 1757 1682 et

167 1711 318 1766 Moab
347 1721 454 1766 tam
485 1712 630 1766 urbis
654 1729 814 1783 quam
863 1715 1151 1784 provinciie
1182 1729 1380 1770 nomen
1422 1727 1525 1771 est.
1554 1716 1614 1771 ln
1653 1717 1755 1773 liae

165 1800 456 1855 solitudine
484 1802 717 1872 quinque
758 1805 1062 1859 Maiisiones
1100 1813 1226 1858 sunt
1257 1823 1270 1858 :
1318 1805 1439 1860 Jam
1479 1807 1616 1876 snpli
1641 1848 1656 1874 ,
1684 1807 1753 1863 de

165 1906 268 1960 qua
292 1906 454 1960 supra
483 1891 739 1957 diximus,
771 1903 826 1948 et
851 1907 1064 1947 ereiiius
1087 1893 1180 1948 Sin
1202 1935 1216 1960 ,
1248 1905 1302 1949 et
1327 1894 1403 1967 (a)
1434 1894 1666 1966 Dephca,
1697 1907 1749 1953 et

166 1981 297 2032 Alus
320 2021 336 2043 ,
369 1992 424 2034 et
453 1980 736 2049 Rapliidim
757 2023 772 2048 ,
817 1982 883 2036 de
909 1982 1104 2051 quibus
1134 1983 1413 2053 loquemur
1457 1985 1511 2038 in
1556 2000 1748 2040 conse-

163 2071 475 2139 quentibus.
503 2069 594 2125 SIN
614 2082 817 2136 autem,
843 2073 1224 2141 interpretatur
1244 2076 1418 2139 rubus,
1443 2073 1526 2128 vel
1551 2075 1744 2141 odium,

161 2174 392 2227 quorum
439 2169 725 2229 utrumque
747 2159 872 2215 facit
895 2161 961 2214 ad
981 2163 1237 2232 inysticos
1260 2163 1582 2231 intellectus,
1605 2167 1748 2236 quod

162 2259 451 2319 postquam
481 2253 784 2307 venerimus
810 2253 879 2308 ad
904 2269 1026 2309 eum
1056 2255 1252 2322 locum,
1282 2257 1350 2312 de
1373 2274 1479 2328 quo
1505 2260 1575 2313 sit
1594 2261 1749 2314 nobis

161 2340 427 2394 Dominus
452 2341 726 2397 locuturus
759 2341 855 2414 [ιιι.
900 2344 1137 2416 locutus],
1173 2347 1374 2416 grande
1411 2347 1594 2404 odium
1636 2366 1749 2405 me-

161 2445 380 2484 reamur
421 2431 642 2487 inimici.
672 2432 824 2488 Tune
853 2435 1149 2490 videbimus
1191 2437 1381 2494 ardere
1419 2439 1652 2507 rubum,
1695 2451 1748 2496 et

161 2538 266 2577 non
315 2523 562 2578 comburi
608 2542 622 2578 :
672 2524 991 2581 inﬂammari
1038 2528 1330 2584 Ecclesiam
1363 2533 1746 2600 persecutioni-

159 2614 278 2682 bus,
313 2625 368 2670 et
397 2630 540 2680 eam,
568 2616 818 2687 loquente
845 2619 899 2672 iri
929 2619 1018 2673 illa
1043 2619 1292 2689 Domino,
1321 2638 1428 2677 non
1451 2624 1648 2693 perire.
1679 2625 1745 2679 Et

160 2715 318 2772 nota,
365 2706 508 2776 quod
537 2707 590 2761 in
620 2718 806 2762 octava
855 2708 1168 2777 Mansione,
1220 2713 1272 2765 in
1314 2729 1416 2782 qua
1463 2715 1744 2769 toreularia

158 2805 338 2850 nostra
385 2807 542 2862 sunt,
592 2797 734 2853 unde
761 2807 817 2852 et
863 2807 1082 2854 octavus
1126 2801 1404 2868 Psalnius,
1449 2803 1548 2858 hoc
1591 2806 1744 2860 titulo

157 2897 504 2953 praenotatur,
537 2888 806 2943 desertum
837 2890 1078 2958 capimus
1109 2891 1265 2946 rubi:
1294 2893 1415 2962 quia
1445 2897 1616 2964 plures
1641 2895 1742 2964 ﬁlii

154 2977 362 3032 deserta:
385 2979 576 3049 magis,
618 2995 769 3047 quam
794 2980 904 3049 ejus
933 2995 1045 3048 quia
1074 2980 1221 3036 liabet
1244 2983 1406 3038 virum
1440 2983 1489 3054 (Ι
1495 2987 1592 3042 sai.
1619 2987 1738 3058 54).

774 3092 865 3167 lii.
891 3111 1116 3169 Musio.

221 3223 290 3278 Et
330 3227 546 3297 profecti
588 3227 650 3280 de
691 3229 884 3285 deserto
931 3231 1066 3300 Sin,
1117 3241 1282 3286 castra
1321 3235 1491 3287 metati
1528 3245 1645 3288 sunt
1686 3237 1738 3291 in

149 3312 362 3385 Deplica
389 3313 580 3384 (Num.
615 3317 702 3372 55.
733 3318 844 3389 12).

218 3445 297 3517 (b)
314 3445 467 3500 Nona
491 3446 716 3503 Mansio.
740 3450 850 3506 lloe
879 3466 1072 3508 nomen
1093 3427 1232 3521 apud
1252 3452 1504 3508 Hebrreos
1575 3455 1739 3528 476

146 3545 347 3608 κροῦμα,
381 3538 433 3592 id
459 3549 559 3600 est.
593 3541 811 3608 pulsatio
842 3542 1042 3597 dicitur
1074 3560 1089 3596 :
1111 3544 1265 3612 juxta
1294 3544 1436 3614 quod
1467 3554 1522 3600 ct
1557 3547 1736 3601 Donii-

148 3642 244 3680 niis
273 3629 347 3681 ait
377 3646 390 3681 :
421 3626 634 3683 Pulsate
665 3639 713 3683 et
743 3634 999 3699 aperietur
1026 3632 1163 3687 vobis
1189 3633 1489 3707 (Matt/L7).
1514 3637 1571 3692 In
1599 3638 1735 3693 libro

143 3726 318 3771 autem
363 3718 748 3774 Hebiaicorum
794 3721 1080 3778 Nominnm
1112 3724 1184 3796 (c)
1211 3765 1228 3792 ,
1255 3727 1616 3794 adhesionem,
1648 3748 1730 3784 re.

143 3808 528 3878 missionemque
570 3813 972 3876 transtulimus,
1017 3815 1161 3885 quod
1209 3817 1462 3873 lectorem
1514 3822 1729 3876 turbare

143 3917 245 3954 non
282 3903 462 3958 debet.
498 3901 608 3957 Nec
649 3913 799 3973 putet
838 3921 937 3961 nos
973 3907 1300 3964 dissonantia
1344 3912 1616 3976 scribere;
1659 3914 1729 3968 ibi

140 3993 281 4048 enim
313 3994 473 4063 juxta
503 3993 552 4046 id
579 3992 719 4062 quod
747 3996 903 4064 vulgo
929 3997 1157 4051 habetur
1178 4039 1194 4064 ,
1233 3999 1498 4052 edidimus
1523 4040 1538 4065 ,
1575 4002 1654 4072 (ά)
1685 4007 1728 4058 si

140 4085 375 4138 medium
403 4083 624 4137 verbum
644 4085 908 4138 scribatur
931 4102 1026 4154 per
1045 4103 1182 4141 Bern
1212 4089 1444 4144 litteram
1475 4110 1487 4144 :
1512 4092 1600 4147 liie
1629 4110 1727 4148 au-

141 4183 245 4230 tem
283 4177 338 4231 in
369 4176 634 4232 Hebraico
663 4177 934 4234 volumine
962 4181 1218 4250 scriptum
1261 4187 1435 4252 reperi
1469 4201 1562 4254 per
1602 4203 1724 4255 piis,

141 4266 277 4334 quod
309 4268 639 4324 elementum
673 4272 844 4339 magis
870 4271 1248 4340 pulsationem,
1279 4290 1438 4345 quam
1468 4278 1726 4346 glutinum

140 4369 289 4414 sonat
313 4377 327 4414 :
357 4376 658 4431 sensusque
684 4371 769 4418 est
796 4362 1116 4418 manifestus
1141 4382 1155 4419 :
1187 4376 1308 4435 post
1333 4382 1593 4437 reSponsa
1623 4370 1728 4423 Do-

145 4451 288 4518 mini,
323 4464 442 4522 post
466 4465 713 4510 octavum
755 4471 1036 4512 numerum
1065 4460 1494 4527 resurrectionis,
1523 4461 1721 4520 Christi

144 4541 416 4611 incipimus
439 4557 774 4602 sacramenta
801 4548 1031 4617 pulsare.
1058 4549 1380 4606 Prudentem
1406 4554 1725 4610 studiosum-

145 4646 241 4698 que
262 4633 511 4691 lectorem
541 4649 782 4708 rogatum
804 4640 984 4707 velim,
1014 4649 1071 4695 ut
1096 4642 1230 4698 sciat
1255 4659 1341 4699 ine
1371 4654 1578 4702 vertere
1617 4663 1718 4703 no-

205 4787 427 4896 ga)l.HeI.t)c
448 4794 598 4897 aitque
619 4788 742 4839 inira
765 4797 1047 4841 constanter
1069 4791 1182 4842 Mss.
1208 4793 1410 4858 aliquot,
1437 4804 1539 4846 tum
1567 4803 1713 4851 etiam

224 4858 281 4897 ξω
306 4862 336 4897 ι.
404 4862 574 4897 amca.

148 4855 336 4902 vutgati,
365 4855 574 4902 liaplica.

211 4863 315 4894 Wall
385 4863 402 4894 1
563 4887 574 4898 .

211 4879 280 5012 (ἢ
310 4863 875 5012 lz‘olrfa’sls‘easupplendnm
899 4922 977 4964 est
1001 4915 1177 4963 iterum
1198 4929 1376 4966 nomen
1400 4919 1610 4982 Dephca,
1635 4931 1710 4974 at-

213 4981 240 5012 υ
285 4970 518 5012 ρρθιιάιιιι]
544 4973 589 5012 in
650 4989 741 5012 Iltll‘,
763 4975 983 5012 mmlmn_
1035 4977 1221 5012 nmlu-n
1254 4991 1378 5012 nnnn
1422 4983 1598 5012 lrnnn'n
1622 4993 1690 5012 nn!

211 4927 280 5012 ιἽ
311 4927 336 4954 ι’
347 4927 536 4960 eruisse
553 4927 610 4961 su
627 4927 875 4973 ipienunm
899 4927 977 4964 eSt
1001 4927 1177 4963 iterum
1198 4929 1376 4966 nomen
1400 4927 1610 4982 Dephca,
1635 4931 1707 4974 at-

145 4977 243 5041 que
271 4970 518 5041 regendum
543 4973 592 5021 iii
615 4927 741 5023 Iiuiic
763 4975 987 5034 modum,
1025 4977 1221 5041 nep/ica
1254 4991 1380 5028 nona
1416 4983 1598 5032 Mansio
1621 4993 1707 5035 est.

145 5033 245 5090 Hoc
267 5040 449 5090 nomen,
477 5040 571 5080 etc.

213 5085 272 5162 (c)
311 5085 520 5140 Veteres
541 5094 660 5142 editi
696 5095 1033 5156 adhresionem,
1058 5100 1476 5162 retentionemque,
1520 5105 1709 5156 meliori

145 5144 270 5228 toi-id
291 5162 454 5228 sensu,
478 5165 533 5202 ac
556 5168 689 5228 voce,
717 5144 828 5228 qua;
842 5144 1476 5228 inagis'gtiiiiiilhifmiai'j
1512 5144 1709 5228 ui'ibl'é

147 5209 262 5289 intra
275 5209 461 5289 Δίιιιςιοιέ
495 5209 691 5289 gentili
719 5209 824 5289 _
839 5209 1246 5289 repi'igna'ntibus
1260 5209 1386 5273 Mss.
1396 5209 1711 5289 ﬁtnmﬂhu'ju‘s

147 5271 357 5347 epistola:
381 5281 478 5324 tum
502 5275 610 5347 libri
646 5271 994 5347 Heliraicoruiﬁ
1032 5286 1279 5332 nominum
1294 5271 1712 5347 ,‘é’qiiiiiiis'iﬁ‘iﬁé

146 5341 368 5411 perquam
394 5337 679 5410 emendatus
701 5339 1007 5411 bibliotheca:
1029 5353 1225 5411 nosti-ie,
1239 5337 1386 5408 quem
1405 5337 1505 5396 non
1530 5350 1594 5397 ita
1616 5337 1712 5411 pri?

145 5392 250 5500 gain
289 5399 445 5459 adepti
485 5413 680 5461 sumus,
723 5411 775 5452 et
817 5406 955 5466 cujus
988 5392 1505 5467 posthac—testimonio
1530 5392 1711 5474 ἐξιρἰῶ

215 5468 345 5500 111111⁵.

145 5463 348 5506 utemur.

518 5525 561 5572 si
588 5535 673 5595 pro
701 5525 892 5595 nep/ica
925 5528 1390 5595 scribaturADebca,
1429 5539 1486 5583 ut
1524 5533 1708 5595 legisse

144 5579 603 5683 rtéum‘etvtnﬁtorem
623 5585 731 5636 libri
751 5579 997 5637 nominum
1010 5579 1389 5653 Hebraeorum;
1403 5579 1704 5656 quem'ﬁi'c—r'.

167 5647 303 5687 .atiuo
330 5647 487 5693 vertit.

1503 247 1836 304 EPISTOLA
1873 249 2132 309 LXXVII.

3317 291 3422 350 706

1872 365 2011 478 mina
2029 367 2174 478 juxta
2206 371 2516 478 llebraicam
2541 382 2846 448 Veritatem.
2875 401 3116 478 Aiioquin
3140 413 3196 469 in
3224 416 3434 478 Graecis

2052 458 2063 467 ,
2109 457 2120 468 ,
2282 462 2292 472 ο
2331 464 2341 473 ι
2921 453 3116 478 --νῚ---υ
3140 453 3196 469 ιιι
3225 453 3292 473 \Il
3305 453 3431 478 ww.

1870 461 1924 506 et
1952 453 2152 557 Latinis
2177 460 2443 517 codicibus
2487 480 2678 536 praeter
2721 492 2912 550 pauca,
2956 501 3127 554 omnia
3171 520 3431 580 corrupta

1870 557 2162 580 ’Dmrln|nc
2194 566 2206 578 ο
2256 562 2302 580 nl
2340 555 2500 580 ηιξ-ι.-
2532 575 2653 580 -----
2679 565 2691 580 ι
2925 575 2953 580 -.

1869 545 2165 657 reperimus
2193 566 2207 602 :
2255 562 2309 606 et
2338 555 2500 657 miror
2528 565 2780 628 quosdam
2814 545 3043 633 eruditos
3071 545 3127 639 ei

1868 641 2031 688 sticus
2060 641 2202 694 viros
2227 654 2286 693 ea
2322 645 2552 701 voluisse
2595 655 2899 723 transferre,
2937 679 3053 733 qua:
3078 673 3130 725 in

3169 679 3431 748 Ilebraico

1868 736 1972 776 non
2006 725 2286 795 habentur,
2317 740 2370 786 et
2408 733 2474 789 de
2502 739 2640 792 male
2667 725 3040 818 interpretatis,

1961 759 1972 826 ἶ
2006 759 2286 795 "nouum,
2317 759 2370 786 et
2408 759 2474 789 ue
2502 759 2640 792 iiiaie
2667 759 3040 818 interpretatis,
3072 759 3219 818 ﬁctas
3250 779 3430 841 expia.

1865 823 2107 928 nati-ones
2129 836 2369 928 quaerere
2388 865 2403 889 ,
2431 828 2560 882 utin
2592 840 2836 899 prmsenti
2865 857 2960 906 pro
2988 845 3197 915 Deplica
3229 823 3433 928 (ἠλὲ-

1861 915 1987 973 gant
2015 905 2222 978 Rep/ica
2246 953 2261 976 ,
2307 914 2534 972 litteram
2564 933 2823 990 ponentes
2852 905 2948 997 pro
2968 905 3140 993 littera
3162 984 3178 1008 ,
3204 905 3434 1018 δῖε)ιῶ

1863 1008 1960 1048 nas
1997 1007 2281 1056 etnecsra
2319 1021 2479 1073 parvo
2513 1011 2666 1080 apice
2689 1054 2705 1077 ,
2736 1007 3170 1094 distinguantur,
3196 1046 3253 1088 et
3273 1007 3437 1097 inter:

1863 1093 2138 1194 pretantur
2164 1094 2471 1150 curationem
2502 1115 2522 1152 :
2560 1110 2721 1172 atque
2755 1107 2946 1167 exinde
2985 1120 3336 1194 tropologiam
3364 1093 3441 1186 isi-

1862 1173 2042 1227 milem
2070 1191 2477 1250 prosequuntur.

2473 1299 2539 1352 X.
2581 1300 2800 1361 MANSIO.

1930 1393 2156 1496 I’rofefti
2200 1400 2275 1496 de.
2320 1403 2559 1476 Deplica,
2616 1426 2782 1469 castra
2829 1428 2998 1477 metati
3043 1444 3156 1485 sunt
3210 1437 3261 1490 in
3307 1441 3430 1496 Aliis

1859 1480 2045 1551 (Nam.
2078 1487 2167 1542 55.
2193 1487 2304 1561 15).

1854 1686 1907 1740 in
1933 1688 2024 1742 Siti
2065 1707 2246 1748 eremo
2275 1702 2556 1771 contineri,
2586 1709 2775 1766 eodem
2815 1728 3064 1776 narrante
3102 1723 3257 1780 libro.
3295 1686 3428 1786 Pro-

1854 1779 1998 1876 [εειαὲ
2012 1791 2085 1835 est
2112 1787 2274 1838 omnis
2307 1791 2576 1848 multitudo
2603 1800 2828 1867 ﬁliorum
2869 1806 3035 1863 Israel
3053 1813 3116 1866 de
3143 1779 3304 1872 eremo
3333 1824 3429 1876 Sin

1853 1884 1941 1966 per
1967 1869 2263 1966 dlansiones
2301 1897 2420 1936 suas
2451 1887 2610 1954 juxta
2639 1907 2695 1945 os
2723 1891 2952 1962 Domini,
2983 1911 3028 1953 et
3054 1917 3292 1960 venerunt
3322 1911 3428 1966 Ra-

1852 1958 2065 2060 pliidim.
2097 1962 2178 2066 Ex
2223 1983 2327 2068 quo
2370 1977 2709 2044 perspicuum
2750 1994 2834 2038 est
2877 1958 3056 2056 plures
3092 1994 3425 2068 Mansiones,

1851 2055 2006 2104 unius
2035 2055 2264 2124 regionis
2294 2064 2550 2120 vocabulo
2579 2055 2958 2132 demonstrari.
3009 2055 3426 2154 Interpretatur:

1849 2156 1952 2243 que
1978 2159 2128 2211 ALUS,
2151 2148 2455 2216 fermentum
2481 2174 2500 2210 :
2529 2163 2670 2229 quod
2697 2165 2876 2222 tollens
2900 2174 3101 2240 mulier,
3127 2148 3322 2234 miscuit
3349 2186 3428 2253 fa-

1849 2239 1977 2342 rinae
2012 2239 2134 2342 satis
2183 2243 2362 2308 tribus,
2409 2247 2567 2304 donec
2595 2253 2982 2321 fermentaretur
3022 2239 3177 2320 totum
3211 2239 3420 2342 (Matili.

1850 2325 1940 2435 15.
1963 2326 2075 2400 55).
2104 2330 2160 2385 In
2191 2332 2292 2390 hac
2312 2339 2601 2400 solitudine
2628 2363 2924 2408 murmurat
2953 2361 3183 2428 pepulus
3211 2325 3428 2435 propter

1848 2417 2064 2524 famem,
2093 2433 2146 2478 et
2167 2441 2459 2487 conversus
2489 2438 2705 2507 respicit
2735 2447 2922 2508 procul
2954 2449 3008 2502 in
3035 2453 3174 2507 nube
3202 2417 3426 2524 éloriain

1848 2506 1976 2574 Dei;
2017 2516 2327 2586 accepitque
2354 2535 2578 2592 veSpere
2613 2534 2978 2602 coturnicem,
3009 2548 3063 2593 et
3088 2506 3244 2598 man;
3284 2548 3425 2601 alte-

1846 2601 1955 2656 rius
1981 2603 2086 2660 diei
2116 2623 2307 2664 manna
2337 2611 2522 2682 (Nam.
2552 2617 2664 2688 11).

1913 2691 2074 2795 477
2147 2700 2212 2754 Et
2239 2712 2366 2760 nota
2415 2706 2468 2761 in
2520 2709 2798 2772 Mansione
2843 2719 3051 2776 decima
3103 2725 3420 2788 fermentum

1843 2796 1989 2851 poni,
2019 2796 2215 2858 etpost
2243 2808 2392 2850 esum
2419 2802 2659 2857 carnium
2680 2845 2697 2869 ,
2739 2823 2930 2866 manna
2965 2816 3142 2881 tribui,
3188 2820 3423 2888 impleri-

1842 2889 1945 3036 ῗὲθ
1967 2877 2292 3043 ῗοὲἰριὲῗηη
2323 2904 2336 2940 :
2369 2887 2564 2946 Panem
2589 2895 2900 2966 Angeluram
2921 2877 3242 2963 manducavit
3262 2877 3416 2968 immo

1919 2984 1964 3022 s.
2062 3009 2074 3022 .
2106 2972 2140 3026 5
2167 2975 2172 2981 ’
2205 3011 2218 3026 .

1919 2984 1964 3022 s.
1989 2972 2074 3022 77.
2106 2972 2218 3026 551.

2452 3092 2542 3149 XI.
2582 3095 2804 3155 Mansio.

1910 3191 2141 3262 Profecti
2185 3199 2248 3252 de
2275 3201 2418 3268 Altis,
2448 3217 2615 3259 castra
2643 3212 2817 3264 metati
2859 3225 2974 3268 sunt
3012 3223 3064 3271 in
3093 3219 3370 3292 Raphidim
3401 3245 3421 3284 :

1838 3290 1884 3334 et
1911 3299 2012 3338 non
2036 3297 2147 3341 erat
2171 3290 2240 3343 ibi
2268 3308 2401 3362 aqua
2424 3297 2614 3366 populo
2635 3300 2821 3370 (Num.
2843 3305 2931 3360 55.
2954 3309 3063 3379 14).

1911 3396 2201 3457 Undecima
2230 3403 2431 3462 Mansio
2460 3420 2572 3475 est,
2605 3427 2761 3482 quam
2795 3417 3054 3475 violenter
3094 3423 3417 3496 interpreta-

1838 3497 1942 3543 tam
1972 3489 2025 3546 in
2055 3493 2190 3549 libro
2219 3495 2599 3557 Hebraicornm
2643 3505 2924 3565 Nominiim
2973 3518 3144 3584 "reperi
3167 3561 3180 3581 ,
3214 3522 3335 3574 vidit
3363 3541 3420 3576 os

1835 3582 2096 3650 sufﬁciens
2116 3586 2188 3639 eis
2206 3626 2222 3652 ,
2252 3599 2340 3643 aut
2371 3604 2538 3660 certe,
2567 3597 2689 3650 visio
2716 3599 2818 3653 oris
2844 3601 3052 3670 fortium
3078 3623 3096 3659 :
3119 3611 3416 3682 meliusque

1837 3672 2188 3744 transfertur,
2218 3679 2482 3737 dissolutio
2529 3686 2766 3753 fortium,
2809 3693 2894 3745 vel
2937 3697 3128 3751 sanitas
3173 3672 3416 3772 fortium,

1833 3763 1946 3817 sive
1986 3765 2132 3833 juxta
2177 3772 2553 3839 proprietatem
2598 3777 2788 3846 lingua.-
2828 3780 3008 3850 Syrte,
3053 3763 3279 3842 remissio
3308 3763 3418 3846 ma;

1834 3869 2008 3908 nuum.
2038 3856 2162 3911 llaic
2187 3868 2241 3912 et
2266 3860 2317 3912 in
2341 3861 2524 3915 Exodo
2550 3864 2741 3933 legitur
2762 3868 2912 3936 (Cap.
2948 3872 3032 3924 17.
3063 3874 3118 3943 1)
3151 3889 3264 3941 post
3295 3895 3418 3947 pro-

1833 3942 2114 4000 fectionem
2157 3947 2227 4002 de
2253 3965 2436 4005 eremo
2467 3951 2582 4006 Sin.
2611 3955 2864 4020 Queritur
2905 3958 2956 4012 in
2998 3975 3056 4014 ea
3089 3942 3316 4032 populiis
3347 3972 3418 4022 ob

1832 4036 2078 4091 ardorem
2103 4039 2222 4093 sitis
2249 4057 2263 4094 :
2301 4039 2419 4095 fons
2443 4043 2510 4099 de
2554 4055 2699 4114 petra
2727 4047 2868 4104 Oreb
2898 4055 3163 4123 erumpit,
3209 4067 3262 4112 et
3294 4075 3417 4128 pro-

1831 4125 1944 4180 ﬂuit
1975 4139 1989 4184 :
2018 4136 2070 4182 et
2112 4130 2234 4198 quia
2279 4138 2614 4190 tentaverunt
2661 4138 2860 4202 Deum,
2904 4141 3052 4196 locus
3093 4125 3410 4216 Rapliidini,

1829 4218 2116 4273 tentatiouis
2154 4238 2365 4292 quoque
2387 4265 2402 4290 ,
2430 4225 2481 4279 id
2511 4236 2612 4292 est,
2643 4245 2806 4285 nesse
2843 4230 2933 4304 [al.
2969 4233 3158 4309 Maso],
3187 4242 3414 4298 sortitus

1827 4315 2145 4364 estnomen.
2172 4311 2382 4383 Moyses
2405 4318 2644 4372 ascendit
2666 4319 2715 4372 in
2740 4332 2971 4377 montem
3003 4343 3016 4379 :
3045 4326 3200 4383 Jesus
3221 4343 3410 4388 contra

1829 4401 2046 4456 Amalec
2088 4404 2279 4459 militat
2308 4423 2321 4460 :
2349 4406 2413 4460 ad
2458 4411 2634 4466 crucis
2677 4413 2884 4483 signum
2922 4431 3204 4486 superatur
3231 4423 3408 4478 inimi-

1826 4506 1923 4546 cus
1955 4510 1968 4547 :
1998 4495 2238 4550 remissis
2258 4499 2457 4553 orantis
2480 4501 2945 4585 manibustbostis
2972 4511 3142 4565 victor
3166 4511 3405 4585 insequi-

1827 4591 1932 4637 tur.
1958 4583 2121 4641 Sedet
2149 4586 2355 4660 Moyses
2393 4606 2557 4660 super
2587 4576 2815 4663 lapidein
2850 4598 3048 4653 dictum
3076 4615 3105 4654 a
3147 4576 3409 4659 Zaeliaria

1825 4671 1976 4748 (Cap.
2017 4677 2072 4730 2.
2112 4694 2160 4732 υ.
2198 4679 2290 4752 5),
2330 4682 2418 4750 qui
2463 4693 2669 4752 septem
2703 4686 2927 4741 habebat
2967 4691 3152 4744 oculos
3185 4710 3198 4744 :
3247 4703 3299 4746 et
3346 4695 3401 4748 in

1822 4767 2086 4824 Samuelis
2135 4772 2399 4826 volumine
2446 4777 2744 4844 appellatur
2787 4795 2922 4832 ABEN
2969 4796 3131 4844 sun,
3188 4783 3240 4836 id
3278 4795 3400 4852 est,

1819 4862 1950 4930 lapis
1991 4863 2236 4932 adjutorii
2265 4864 2340 4935 (Ι.
2375 4863 2503 4936 Reg.
2551 4867 2606 4919 4.
2641 4867 2692 4936 1)
2723 4885 2735 4920 :
2778 4879 2832 4922 et
2876 4878 3154 4939 utramque
3185 4889 3403 4929 iiiaiiuin

1817 4953 1932 5022 ejus
1959 4955 2155 5016 Aaron,
2184 4964 2235 5008 et
2280 4954 2374 5018 Ur,
2421 4955 2473 5008 id
2516 4966 2628 5022 est,
2660 4969 2957 5022 montanus,
2988 4960 3282 5032 lncidusque
3310 4982 3401 5019 su-

1816 5053 2033 5098 stentat.
2066 5046 2282 5098 Devicto
2307 5045 2614 5099 adversario
2641 5051 2950 5116 supervenit
2979 5050 3188 5117 Jetliro,
3220 5054 3398 5110 educit

1815 5135 2138 5205 Zeplioram,
2165 5146 2219 5192 et
2241 5148 2522 5208 utrumque
2548 5140 2710 5194 lilium
2732 5159 2747 5206 ;
2771 5142 2862 5195 dat
2883 5144 3166 5200 concilium
3190 5160 3398 5217 septua-

1813 5227 1956 5297 ginta
1979 5228 2262 5283 Seniorum
2299 5248 2312 5284 :
2353 5239 2407 5284 et
2437 5232 2488 5284 in
2518 5241 2698 5302 typum
2742 5233 3000 5289 Ecclesia:
3040 5236 3107 5290 de
3147 5240 3396 5307 gentibus

1812 5330 2167 5391 congregata},
2215 5321 2371 5392 Legis
2397 5323 2469 5396 (f)
2501 5325 2800 5380 imniunitio
2823 5368 2837 5391 ,
2876 5326 3167 5398 Evaiigelio
3201 5346 3393 5400 sugge-

1875 5477 1942 5537 (e)
1968 5475 2185 5550 _Su_gillat
2206 5477 2570 5550 lectionemq.
2592 5479 2733 5528 LXX.
2759 5485 2842 5544 qui
2864 5485 3051 5550 basque.
3097 5485 3177 5534 vel
3226 5488 3393 5550 basem

1812 5537 2005 5599 legunt,
2031 5537 2116 5587 lies
2141 5552 2226 5599 pro
2256 5539 2420 5589 naletli
2441 5543 2585 5590 obvio
2608 5537 3175 5596 errorestilistitueiites.

1878 5599 1948 5667 (Γ)
1978 5600 2222 5667 Victorius
2241 5614 2308 5666 ex.
2331 5601 2443 5650 Mss.
2467 5605 2758 5667 auctoritate
2784 5605 2906 5667 legit
2927 5606 3218 5667 imminutio,
3261 5623 3390 5657 ευπο-

1812 5674 1912 5722 que
1938 5661 2135 5711 lectioni
2156 5675 2214 5711 ex
2237 5663 2500 5715 contextus
2517 5665 2647 5715 serie
2673 5665 2815 5718 [idem
2830 5661 3192 5733 adstruit,quod
3209 5661 3400 5734 iiciiqe
