  <div class='ocr_page' id='page_1' title='image "/cluster/home/n/w/nwhite01/storage/ocr_20150623/22/uva.x000826587/427.png"; bbox 0 0 4056 6184; ppageno 0'>
   <div class='ocr_carea' id='block_1_1' title="bbox 1656 188 1702 202">
    <p class='ocr_par' dir='ltr' id='par_1_1' title="bbox 1656 188 1702 202">
     <span class='ocr_line' id='line_1_1' title="bbox 1656 188 1702 202; baseline -0.022 0"><span class='ocrx_word' id='word_1_1' title='bbox 1656 188 1702 202; x_wconf 39' lang='grc' dir='ltr'><strong>ἐλ</strong></span> 
     </span>
    </p>
   </div>
   <div class='ocr_carea' id='block_1_2' title="bbox 621 284 726 343">
    <p class='ocr_par' dir='ltr' id='par_1_2' title="bbox 621 284 726 343">
     <span class='ocr_line' id='line_1_2' title="bbox 621 284 726 343; baseline -0.038 1"><span class='ocrx_word' id='word_1_2' title='bbox 621 284 726 343; x_wconf 78' lang='grc'><strong>’107</strong></span> 
     </span>
    </p>
   </div>
   <div class='ocr_carea' id='block_1_3' title="bbox 628 379 2208 467">
    <p class='ocr_par' dir='ltr' id='par_1_3' title="bbox 628 379 2208 467">
     <span class='ocr_line' id='line_1_3' title="bbox 628 379 2208 467; baseline -0.016 -11"><span class='ocrx_word' id='word_1_3' title='bbox 628 407 807 463; x_wconf 86' lang='lat' dir='ltr'><strong>rente,</strong></span> <span class='ocrx_word' id='word_1_4' title='bbox 835 394 1156 467; x_wconf 76' lang='lat' dir='ltr'><strong>completur.</strong></span> <span class='ocrx_word' id='word_1_5' title='bbox 1187 385 1416 443; x_wconf 84' lang='lat' dir='ltr'><strong>Pulchre</strong></span> <span class='ocrx_word' id='word_1_6' title='bbox 1444 392 1624 440; x_wconf 87' lang='lat' dir='ltr'><strong>autem</strong></span> <span class='ocrx_word' id='word_1_7' title='bbox 1651 380 1915 436; x_wconf 76' lang='lat' dir='ltr'><strong>dissolutio</strong></span> <span class='ocrx_word' id='word_1_8' title='bbox 1937 420 1955 446; x_wconf 95' lang='lat'><strong>,</strong></span> <span class='ocrx_word' id='word_1_9' title='bbox 1983 394 2048 434; x_wconf 87' lang='lat' dir='ltr'><strong>ac</strong></span> <span class='ocrx_word' id='word_1_10' title='bbox 2069 379 2208 432; x_wconf 85' lang='lat' dir='ltr'><strong>sani-</strong></span> 
     </span>
    </p>
   </div>
   <div class='ocr_carea' id='block_1_4' title="bbox 631 470 2208 560">
    <p class='ocr_par' dir='ltr' id='par_1_4' title="bbox 631 470 2208 560">
     <span class='ocr_line' id='line_1_4' title="bbox 631 470 2208 560; baseline -0.016 -15"><span class='ocrx_word' id='word_1_11' title='bbox 631 501 709 545; x_wconf 91' lang='lat' dir='ltr'><strong>tas</strong></span> <span class='ocrx_word' id='word_1_12' title='bbox 735 488 964 560; x_wconf 81' lang='lat' dir='ltr'><strong>fortium,</strong></span> <span class='ocrx_word' id='word_1_13' title='bbox 993 493 1241 538; x_wconf 70' lang='lat' dir='ltr'><strong>suntsnt</strong></span> <span class='ocrx_word' id='word_1_14' title='bbox 1271 475 1487 541; x_wconf 84' lang='lat' dir='ltr'><strong>dicitur,</strong></span> <span class='ocrx_word' id='word_1_15' title='bbox 1537 473 1622 530; x_wconf 84' lang='lat' dir='ltr'><strong>vel</strong></span> <span class='ocrx_word' id='word_1_16' title='bbox 1649 479 1871 543; x_wconf 76' lang='lat' dir='ltr'><strong>propter</strong></span> <span class='ocrx_word' id='word_1_17' title='bbox 1893 470 2208 560; x_wconf 85' lang='lat' dir='ltr'><strong>dissipatum</strong></span> 
     </span>
    </p>
   </div>
   <div class='ocr_carea' id='block_1_5' title="bbox 634 558 2208 646">
    <p class='ocr_par' dir='ltr' id='par_1_5' title="bbox 634 558 2208 646">
     <span class='ocr_line' id='line_1_5' title="bbox 634 558 2208 646; baseline -0.015 -9"><span class='ocrx_word' id='word_1_18' title='bbox 634 558 887 646; x_wconf 74' lang='lat' dir='ltr'><strong>Amalec,</strong></span> <span class='ocrx_word' id='word_1_19' title='bbox 917 577 1000 630; x_wconf 93' lang='lat' dir='ltr'><strong>vel</strong></span> <span class='ocrx_word' id='word_1_20' title='bbox 1033 581 1252 644; x_wconf 75' lang='lat' dir='ltr'><strong>propter</strong></span> <span class='ocrx_word' id='word_1_21' title='bbox 1295 578 1540 625; x_wconf 79' lang='lat' dir='ltr'><strong>sanatum</strong></span> <span class='ocrx_word' id='word_1_22' title='bbox 1572 566 1754 622; x_wconf 91' lang='lat' dir='ltr'><strong>Israel.</strong></span> <span class='ocrx_word' id='word_1_23' title='bbox 1788 564 1879 619; x_wconf 90' lang='lat' dir='ltr'><strong>Sin</strong></span> <span class='ocrx_word' id='word_1_24' title='bbox 1927 572 2104 616; x_wconf 89' lang='lat' dir='ltr'><strong>autem</strong></span> <span class='ocrx_word' id='word_1_25' title='bbox 2133 558 2208 632; x_wconf 90' lang='lat' dir='ltr'><strong>(a)</strong></span> 
     </span>
    </p>
   </div>
   <div class='ocr_carea' id='block_1_6' title="bbox 632 650 2210 730">
    <p class='ocr_par' dir='ltr' id='par_1_6' title="bbox 632 650 2210 730">
     <span class='ocr_line' id='line_1_6' title="bbox 632 650 2210 730; baseline -0.016 -2"><span class='ocrx_word' id='word_1_26' title='bbox 632 671 973 728; x_wconf 73' lang='lat' dir='ltr'><strong>remissionem</strong></span> <span class='ocrx_word' id='word_1_27' title='bbox 1002 678 1246 718; x_wconf 87' lang='lat' dir='ltr'><strong>manuum</strong></span> <span class='ocrx_word' id='word_1_28' title='bbox 1269 661 1423 730; x_wconf 84' lang='lat' dir='ltr'><strong>juxta</strong></span> <span class='ocrx_word' id='word_1_29' title='bbox 1453 659 1620 729; x_wconf 83' lang='lat' dir='ltr'><strong>Syros</strong></span> <span class='ocrx_word' id='word_1_30' title='bbox 1647 669 1895 711; x_wconf 75' lang='lat' dir='ltr'><strong>RAPHIDII</strong></span> <span class='ocrx_word' id='word_1_31' title='bbox 1925 662 2100 714; x_wconf 89' lang='lat' dir='ltr'><strong>sonat.</strong></span> <span class='ocrx_word' id='word_1_32' title='bbox 2129 650 2210 704; x_wconf 83' lang='lat' dir='ltr'><strong>di-</strong></span> 
     </span>
    </p>
   </div>
   <div class='ocr_carea' id='block_1_7' title="bbox 632 739 2214 827">
    <p class='ocr_par' dir='ltr' id='par_1_7' title="bbox 632 739 2214 827">
     <span class='ocr_line' id='line_1_7' title="bbox 632 739 2214 827; baseline -0.015 -11"><span class='ocrx_word' id='word_1_33' title='bbox 632 773 848 822; x_wconf 87' lang='lat' dir='ltr'><strong>cemus,</strong></span> <span class='ocrx_word' id='word_1_34' title='bbox 881 764 1101 827; x_wconf 77' lang='lat' dir='ltr'><strong>propter</strong></span> <span class='ocrx_word' id='word_1_35' title='bbox 1125 752 1385 808; x_wconf 73' lang='lat' dir='ltr'><strong>offensam</strong></span> <span class='ocrx_word' id='word_1_36' title='bbox 1417 749 1596 818; x_wconf 92' lang='lat' dir='ltr'><strong>populi</strong></span> <span class='ocrx_word' id='word_1_37' title='bbox 1629 765 1642 800; x_wconf 93' lang='lat'>:</span> <span class='ocrx_word' id='word_1_38' title='bbox 1672 747 1795 816; x_wconf 84' lang='lat' dir='ltr'><strong>quia</strong></span> <span class='ocrx_word' id='word_1_39' title='bbox 1819 754 2003 799; x_wconf 88' lang='lat' dir='ltr'><strong>contra</strong></span> <span class='ocrx_word' id='word_1_40' title='bbox 2035 739 2214 795; x_wconf 88' lang='lat' dir='ltr'><strong>Domi-</strong></span> 
     </span>
    </p>
   </div>
   <div class='ocr_carea' id='block_1_8' title="bbox 629 831 2213 911">
    <p class='ocr_par' dir='ltr' id='par_1_8' title="bbox 629 831 2213 911">
     <span class='ocr_line' id='line_1_8' title="bbox 629 831 2213 911; baseline -0.015 -5"><span class='ocrx_word' id='word_1_41' title='bbox 629 867 756 907; x_wconf 88' lang='lat' dir='ltr'><strong>num</strong></span> <span class='ocrx_word' id='word_1_42' title='bbox 785 846 1161 911; x_wconf 88' lang='lat' dir='ltr'><strong>murmuravit,</strong></span> <span class='ocrx_word' id='word_1_43' title='bbox 1187 841 1328 898; x_wconf 92' lang='lat' dir='ltr'><strong>istud</strong></span> <span class='ocrx_word' id='word_1_44' title='bbox 1357 844 1473 911; x_wconf 85' lang='lat' dir='ltr'><strong>loco</strong></span> <span class='ocrx_word' id='word_1_45' title='bbox 1503 853 1696 893; x_wconf 88' lang='lat' dir='ltr'><strong>nomen</strong></span> <span class='ocrx_word' id='word_1_46' title='bbox 1724 834 2050 904; x_wconf 88' lang='lat' dir='ltr'><strong>impositum.</strong></span> <span class='ocrx_word' id='word_1_47' title='bbox 2085 831 2213 884; x_wconf 68' lang='lat' dir='ltr'><strong>llasc</strong></span> 
     </span>
    </p>
   </div>
   <div class='ocr_carea' id='block_1_9' title="bbox 629 923 2213 1013">
    <p class='ocr_par' dir='ltr' id='par_1_9' title="bbox 629 923 2213 1013">
     <span class='ocr_line' id='line_1_9' title="bbox 629 923 2213 1013; baseline -0.015 -15"><span class='ocrx_word' id='word_1_48' title='bbox 629 945 894 1013; x_wconf 77' lang='lat' dir='ltr'><strong>tangimus</strong></span> <span class='ocrx_word' id='word_1_49' title='bbox 923 939 1099 1008; x_wconf 85' lang='lat' dir='ltr'><strong>potius</strong></span> <span class='ocrx_word' id='word_1_50' title='bbox 1127 951 1287 1005; x_wconf 90' lang='lat' dir='ltr'><strong>quam</strong></span> <span class='ocrx_word' id='word_1_51' title='bbox 1314 931 1653 1002; x_wconf 81' lang='lat' dir='ltr'><strong>exponimus,</strong></span> <span class='ocrx_word' id='word_1_52' title='bbox 1685 928 1918 982; x_wconf 86' lang='lat' dir='ltr'><strong>breviter</strong></span> <span class='ocrx_word' id='word_1_53' title='bbox 1949 923 2213 977; x_wconf 83' lang='lat' dir='ltr'><strong>indicasse</strong></span> 
     </span>
    </p>
   </div>
   <div class='ocr_carea' id='block_1_10' title="bbox 629 1014 2211 1101">
    <p class='ocr_par' dir='ltr' id='par_1_10' title="bbox 629 1014 2211 1101">
     <span class='ocr_line' id='line_1_10' title="bbox 629 1014 2211 1101; baseline -0.017 -11"><span class='ocrx_word' id='word_1_54' title='bbox 629 1033 895 1100; x_wconf 86' lang='lat' dir='ltr'><strong>contenti,</strong></span> <span class='ocrx_word' id='word_1_55' title='bbox 937 1029 1081 1101; x_wconf 91' lang='lat' dir='ltr'><strong>quod</strong></span> <span class='ocrx_word' id='word_1_56' title='bbox 1132 1036 1253 1098; x_wconf 89' lang='lat' dir='ltr'><strong>post</strong></span> <span class='ocrx_word' id='word_1_57' title='bbox 1302 1026 1620 1083; x_wconf 76' lang='lat' dir='ltr'><strong>fermentum</strong></span> <span class='ocrx_word' id='word_1_58' title='bbox 1674 1019 1830 1082; x_wconf 88' lang='lat' dir='ltr'><strong>Alus,</strong></span> <span class='ocrx_word' id='word_1_59' title='bbox 1881 1023 1936 1070; x_wconf 90' lang='lat' dir='ltr'><strong>et</strong></span> <span class='ocrx_word' id='word_1_60' title='bbox 1984 1014 2211 1068; x_wconf 79' lang='lat' dir='ltr'><strong>Messam</strong></span> 
     </span>
    </p>
   </div>
   <div class='ocr_carea' id='block_1_11' title="bbox 631 1106 2210 1191">
    <p class='ocr_par' dir='ltr' id='par_1_11' title="bbox 631 1106 2210 1191">
     <span class='ocr_line' id='line_1_11' title="bbox 631 1106 2210 1191; baseline -0.018 -7"><span class='ocrx_word' id='word_1_61' title='bbox 631 1126 919 1191; x_wconf 73' lang='lat' dir='ltr'><strong>Beclesiae,</strong></span> <span class='ocrx_word' id='word_1_62' title='bbox 968 1123 1176 1176; x_wconf 90' lang='lat' dir='ltr'><strong>soleant</strong></span> <span class='ocrx_word' id='word_1_63' title='bbox 1221 1115 1532 1185; x_wconf 81' lang='lat' dir='ltr'><strong>multiplicia</strong></span> <span class='ocrx_word' id='word_1_64' title='bbox 1578 1113 1881 1168; x_wconf 67' lang='lat' dir='ltr'><strong>dmmonum</strong></span> <span class='ocrx_word' id='word_1_65' title='bbox 1930 1106 2210 1161; x_wconf 90' lang='lat' dir='ltr'><strong>adversum</strong></span> 
     </span>
    </p>
   </div>
   <div class='ocr_carea' id='block_1_12' title="bbox 629 1221 1458 1278">
    <p class='ocr_par' dir='ltr' id='par_1_12' title="bbox 629 1221 1458 1278">
     <span class='ocr_line' id='line_1_12' title="bbox 629 1221 1458 1278; baseline -0.017 -4"><span class='ocrx_word' id='word_1_66' title='bbox 629 1233 730 1274; x_wconf 73' lang='lat' dir='ltr'><strong>IOS</strong></span> <span class='ocrx_word' id='word_1_67' title='bbox 759 1221 1088 1272; x_wconf 89' lang='lat' dir='ltr'><strong>tentamenta</strong></span> <span class='ocrx_word' id='word_1_68' title='bbox 1114 1221 1458 1278; x_wconf 72' lang='lat' dir='ltr'><strong>consurgere.</strong></span> 
     </span>
    </p>
   </div>
   <div class='ocr_carea' id='block_1_13' title="bbox 1121 1360 1716 1437">
    <p class='ocr_par' dir='ltr' id='par_1_13' title="bbox 1121 1360 1716 1437">
     <span class='ocr_line' id='line_1_13' title="bbox 1121 1360 1716 1437; baseline -0.012 -20"><span class='ocrx_word' id='word_1_69' title='bbox 1121 1365 1285 1437; x_wconf 65' lang='grc'><strong>478</strong></span> <span class='ocrx_word' id='word_1_70' title='bbox 1337 1361 1454 1417; x_wconf 80' lang='lat' dir='ltr'><strong>XII.</strong></span> <span class='ocrx_word' id='word_1_71' title='bbox 1497 1360 1716 1414; x_wconf 64' lang='lat' dir='ltr'><strong>hisnsto.</strong></span> 
     </span>
    </p>
   </div>
   <div class='ocr_carea' id='block_1_14' title="bbox 703 1486 2216 1574">
    <p class='ocr_par' dir='ltr' id='par_1_14' title="bbox 703 1486 2216 1574">
     <span class='ocr_line' id='line_1_14' title="bbox 703 1486 2216 1574; baseline -0.015 -15"><span class='ocrx_word' id='word_1_72' title='bbox 703 1503 770 1558; x_wconf 87' lang='lat' dir='ltr'><strong>Et</strong></span> <span class='ocrx_word' id='word_1_73' title='bbox 799 1499 1014 1574; x_wconf 74' lang='lat' dir='ltr'><strong>profecti</strong></span> <span class='ocrx_word' id='word_1_74' title='bbox 1047 1499 1110 1553; x_wconf 88' lang='lat' dir='ltr'><strong>de</strong></span> <span class='ocrx_word' id='word_1_75' title='bbox 1139 1494 1417 1567; x_wconf 84' lang='lat' dir='ltr'><strong>Raphidim</strong></span> <span class='ocrx_word' id='word_1_76' title='bbox 1438 1534 1454 1560; x_wconf 95' lang='lat'><strong>,</strong></span> <span class='ocrx_word' id='word_1_77' title='bbox 1500 1501 1669 1545; x_wconf 86' lang='lat' dir='ltr'><strong>castra</strong></span> <span class='ocrx_word' id='word_1_78' title='bbox 1703 1487 1875 1542; x_wconf 89' lang='lat' dir='ltr'><strong>metati</strong></span> <span class='ocrx_word' id='word_1_79' title='bbox 1898 1493 2014 1540; x_wconf 87' lang='lat' dir='ltr'><strong>sunt</strong></span> <span class='ocrx_word' id='word_1_80' title='bbox 2042 1486 2096 1539; x_wconf 89' lang='lat' dir='ltr'><strong>in</strong></span> <span class='ocrx_word' id='word_1_81' title='bbox 2131 1499 2216 1538; x_wconf 86' lang='lat' dir='ltr'><strong>so-</strong></span> 
     </span>
    </p>
   </div>
   <div class='ocr_carea' id='block_1_15' title="bbox 632 1582 1511 1661">
    <p class='ocr_par' dir='ltr' id='par_1_15' title="bbox 632 1582 1511 1661">
     <span class='ocr_line' id='line_1_15' title="bbox 632 1582 1511 1661; baseline -0.017 -9"><span class='ocrx_word' id='word_1_82' title='bbox 632 1595 846 1652; x_wconf 80' lang='lat' dir='ltr'><strong>litudine</strong></span> <span class='ocrx_word' id='word_1_83' title='bbox 869 1593 1018 1648; x_wconf 84' lang='lat' dir='ltr'><strong>Sinai</strong></span> <span class='ocrx_word' id='word_1_84' title='bbox 1045 1590 1235 1661; x_wconf 86' lang='lat' dir='ltr'><strong>(Num.</strong></span> <span class='ocrx_word' id='word_1_85' title='bbox 1273 1587 1363 1641; x_wconf 75' lang='lat'><strong>&#39;55.</strong></span> <span class='ocrx_word' id='word_1_86' title='bbox 1396 1582 1511 1654; x_wconf 79' lang='grc'><strong>15).</strong></span> 
     </span>
    </p>
   </div>
   <div class='ocr_carea' id='block_1_16' title="bbox 706 1708 2220 1782">
    <p class='ocr_par' dir='ltr' id='par_1_16' title="bbox 706 1708 2220 1782">
     <span class='ocr_line' id='line_1_16' title="bbox 706 1708 2220 1782; baseline -0.015 0"><span class='ocrx_word' id='word_1_87' title='bbox 706 1726 1032 1782; x_wconf 89' lang='lat' dir='ltr'><strong>Duodecima</strong></span> <span class='ocrx_word' id='word_1_88' title='bbox 1060 1721 1264 1776; x_wconf 76' lang='lat' dir='ltr'><strong>Mansio</strong></span> <span class='ocrx_word' id='word_1_89' title='bbox 1290 1727 1392 1773; x_wconf 89' lang='lat' dir='ltr'><strong>est.</strong></span> <span class='ocrx_word' id='word_1_90' title='bbox 1422 1715 1615 1771; x_wconf 80' lang='lat' dir='ltr'><strong>Statim</strong></span> <span class='ocrx_word' id='word_1_91' title='bbox 1644 1711 1738 1766; x_wconf 84' lang='lat' dir='ltr'><strong>tibi</strong></span> <span class='ocrx_word' id='word_1_92' title='bbox 1768 1710 1944 1765; x_wconf 80' lang='lat' dir='ltr'><strong>veniat</strong></span> <span class='ocrx_word' id='word_1_93' title='bbox 1989 1708 2042 1762; x_wconf 89' lang='lat' dir='ltr'><strong>in</strong></span> <span class='ocrx_word' id='word_1_94' title='bbox 2069 1721 2220 1762; x_wconf 91' lang='lat' dir='ltr'><strong>men-</strong></span> 
     </span>
    </p>
   </div>
   <div class='ocr_carea' id='block_1_17' title="bbox 635 1795 2219 1886">
    <p class='ocr_par' dir='ltr' id='par_1_17' title="bbox 635 1795 2219 1886">
     <span class='ocr_line' id='line_1_17' title="bbox 635 1795 2219 1886; baseline -0.016 -12"><span class='ocrx_word' id='word_1_95' title='bbox 635 1828 743 1874; x_wconf 90' lang='lat' dir='ltr'><strong>tem</strong></span> <span class='ocrx_word' id='word_1_96' title='bbox 794 1814 1174 1886; x_wconf 83' lang='lat' dir='ltr'><strong>Apostolorum</strong></span> <span class='ocrx_word' id='word_1_97' title='bbox 1217 1823 1496 1864; x_wconf 85' lang='lat' dir='ltr'><strong>numerus.</strong></span> <span class='ocrx_word' id='word_1_98' title='bbox 1525 1804 1642 1862; x_wconf 83' lang='lat' dir='ltr'><strong>Una</strong></span> <span class='ocrx_word' id='word_1_99' title='bbox 1687 1803 1754 1856; x_wconf 91' lang='lat' dir='ltr'><strong>de</strong></span> <span class='ocrx_word' id='word_1_100' title='bbox 1799 1801 2042 1872; x_wconf 89' lang='lat' dir='ltr'><strong>pluribus</strong></span> <span class='ocrx_word' id='word_1_101' title='bbox 2064 1839 2098 1863; x_wconf 61' lang='grc'><strong>,,</strong></span> <span class='ocrx_word' id='word_1_102' title='bbox 2121 1795 2219 1852; x_wconf 89' lang='lat' dir='ltr'><strong>sed</strong></span> 
     </span>
    </p>
   </div>
   <div class='ocr_carea' id='block_1_18' title="bbox 635 1891 2223 1978">
    <p class='ocr_par' dir='ltr' id='par_1_18' title="bbox 635 1891 2223 1978">
     <span class='ocr_line' id='line_1_18' title="bbox 635 1891 2223 1978; baseline -0.015 -14"><span class='ocrx_word' id='word_1_103' title='bbox 635 1909 807 1978; x_wconf 86' lang='lat' dir='ltr'><strong>major</strong></span> <span class='ocrx_word' id='word_1_104' title='bbox 837 1905 912 1978; x_wconf 73' lang='grc' dir='ltr'><strong>(ὁ)</strong></span> <span class='ocrx_word' id='word_1_105' title='bbox 939 1903 1208 1965; x_wconf 88' lang='lat' dir='ltr'><strong>onmibus,</strong></span> <span class='ocrx_word' id='word_1_106' title='bbox 1232 1914 1338 1955; x_wconf 91' lang='lat' dir='ltr'><strong>non</strong></span> <span class='ocrx_word' id='word_1_107' title='bbox 1361 1905 1638 1967; x_wconf 85' lang='lat' dir='ltr'><strong>separatur</strong></span> <span class='ocrx_word' id='word_1_108' title='bbox 1661 1894 1712 1947; x_wconf 92' lang='lat' dir='ltr'><strong>in</strong></span> <span class='ocrx_word' id='word_1_109' title='bbox 1741 1891 1929 1946; x_wconf 85' lang='lat' dir='ltr'><strong>ordine</strong></span> <span class='ocrx_word' id='word_1_110' title='bbox 1961 1908 1976 1943; x_wconf 85' lang='lat'><strong>:</strong></span> <span class='ocrx_word' id='word_1_111' title='bbox 2005 1897 2059 1943; x_wconf 91' lang='lat' dir='ltr'><strong>et</strong></span> <span class='ocrx_word' id='word_1_112' title='bbox 2086 1901 2223 1958; x_wconf 69' lang='lat' dir='ltr'><strong>pra:-</strong></span> 
     </span>
    </p>
   </div>
   <div class='ocr_carea' id='block_1_19' title="bbox 634 1982 2219 2057">
    <p class='ocr_par' dir='ltr' id='par_1_19' title="bbox 634 1982 2219 2057">
     <span class='ocr_line' id='line_1_19' title="bbox 634 1982 2219 2057; baseline -0.015 -1"><span class='ocrx_word' id='word_1_113' title='bbox 634 2001 783 2056; x_wconf 90' lang='lat' dir='ltr'><strong>cellit</strong></span> <span class='ocrx_word' id='word_1_114' title='bbox 805 2001 858 2053; x_wconf 90' lang='lat' dir='ltr'><strong>in</strong></span> <span class='ocrx_word' id='word_1_115' title='bbox 882 1998 1094 2052; x_wconf 90' lang='lat' dir='ltr'><strong>merito.</strong></span> <span class='ocrx_word' id='word_1_116' title='bbox 1113 1995 1194 2050; x_wconf 81' lang='lat' dir='ltr'><strong>Ad</strong></span> <span class='ocrx_word' id='word_1_117' title='bbox 1214 1995 1352 2046; x_wconf 87' lang='lat' dir='ltr'><strong>hunc</strong></span> <span class='ocrx_word' id='word_1_118' title='bbox 1376 1992 1550 2045; x_wconf 89' lang='lat' dir='ltr'><strong>locum</strong></span> <span class='ocrx_word' id='word_1_119' title='bbox 1573 1985 1974 2057; x_wconf 80' lang='lat' dir='ltr'><strong>quadragesima</strong></span> <span class='ocrx_word' id='word_1_120' title='bbox 1997 1982 2219 2051; x_wconf 83' lang='lat' dir='ltr'><strong>septima</strong></span> 
     </span>
    </p>
   </div>
   <div class='ocr_carea' id='block_1_20' title="bbox 635 2072 2221 2161">
    <p class='ocr_par' dir='ltr' id='par_1_20' title="bbox 635 2072 2221 2161">
     <span class='ocr_line' id='line_1_20' title="bbox 635 2072 2221 2161; baseline -0.015 -14"><span class='ocrx_word' id='word_1_121' title='bbox 635 2091 722 2147; x_wconf 90' lang='lat' dir='ltr'><strong>die</strong></span> <span class='ocrx_word' id='word_1_122' title='bbox 765 2090 1122 2161; x_wconf 87' lang='lat' dir='ltr'><strong>perveniunt,</strong></span> <span class='ocrx_word' id='word_1_123' title='bbox 1161 2085 1436 2153; x_wconf 87' lang='lat' dir='ltr'><strong>Scriptura</strong></span> <span class='ocrx_word' id='word_1_124' title='bbox 1485 2081 1741 2135; x_wconf 86' lang='lat' dir='ltr'><strong>dicente:</strong></span> <span class='ocrx_word' id='word_1_125' title='bbox 1788 2096 1807 2127; x_wconf 84' lang='grc'><strong>‹</strong></span> <span class='ocrx_word' id='word_1_126' title='bbox 1842 2076 2021 2130; x_wconf 83' lang='lat' dir='ltr'><strong>Mense</strong></span> <span class='ocrx_word' id='word_1_127' title='bbox 2061 2072 2221 2127; x_wconf 90' lang='lat' dir='ltr'><strong>tertio</strong></span> 
     </span>
    </p>
   </div>
   <div class='ocr_carea' id='block_1_21' title="bbox 633 2165 2223 2252">
    <p class='ocr_par' dir='ltr' id='par_1_21' title="bbox 633 2165 2223 2252">
     <span class='ocr_line' id='line_1_21' title="bbox 633 2165 2223 2252; baseline -0.012 -15"><span class='ocrx_word' id='word_1_128' title='bbox 633 2180 954 2252; x_wconf 80' lang='lat' dir='ltr'><strong>egressionis</strong></span> <span class='ocrx_word' id='word_1_129' title='bbox 1005 2179 1235 2233; x_wconf 90' lang='lat' dir='ltr'><strong>ﬁliorum</strong></span> <span class='ocrx_word' id='word_1_130' title='bbox 1282 2174 1446 2230; x_wconf 88' lang='lat' dir='ltr'><strong>Israel</strong></span> <span class='ocrx_word' id='word_1_131' title='bbox 1490 2172 1556 2227; x_wconf 91' lang='lat' dir='ltr'><strong>de</strong></span> <span class='ocrx_word' id='word_1_132' title='bbox 1599 2170 1868 2241; x_wconf 70' lang='lat' dir='ltr'><strong>Egypto,</strong></span> <span class='ocrx_word' id='word_1_133' title='bbox 1899 2169 1950 2222; x_wconf 93' lang='lat' dir='ltr'><strong>in</strong></span> <span class='ocrx_word' id='word_1_134' title='bbox 1995 2167 2081 2220; x_wconf 88' lang='lat' dir='ltr'><strong>die</strong></span> <span class='ocrx_word' id='word_1_135' title='bbox 2123 2165 2223 2218; x_wconf 87' lang='lat' dir='ltr'><strong>hac</strong></span> 
     </span>
    </p>
   </div>
   <div class='ocr_carea' id='block_1_22' title="bbox 633 2256 2223 2332">
    <p class='ocr_par' dir='ltr' id='par_1_22' title="bbox 633 2256 2223 2332">
     <span class='ocr_line' id='line_1_22' title="bbox 633 2256 2223 2332; baseline -0.013 -3"><span class='ocrx_word' id='word_1_136' title='bbox 633 2274 960 2329; x_wconf 89' lang='lat' dir='ltr'><strong>transierunt</strong></span> <span class='ocrx_word' id='word_1_137' title='bbox 987 2271 1040 2324; x_wconf 91' lang='lat' dir='ltr'><strong>in</strong></span> <span class='ocrx_word' id='word_1_138' title='bbox 1071 2267 1358 2325; x_wconf 88' lang='lat' dir='ltr'><strong>solitudine</strong></span> <span class='ocrx_word' id='word_1_139' title='bbox 1380 2265 1550 2326; x_wconf 89' lang='lat' dir='ltr'><strong>Sinai,</strong></span> <span class='ocrx_word' id='word_1_140' title='bbox 1574 2261 1906 2332; x_wconf 81' lang='lat' dir='ltr'><strong>profectique</strong></span> <span class='ocrx_word' id='word_1_141' title='bbox 1930 2259 1998 2314; x_wconf 93' lang='lat' dir='ltr'><strong>de</strong></span> <span class='ocrx_word' id='word_1_142' title='bbox 2025 2256 2223 2328; x_wconf 80' lang='lat' dir='ltr'><strong>Raphi-</strong></span> 
     </span>
    </p>
   </div>
   <div class='ocr_carea' id='block_1_23' title="bbox 634 2349 2221 2429">
    <p class='ocr_par' dir='ltr' id='par_1_23' title="bbox 634 2349 2221 2429">
     <span class='ocr_line' id='line_1_23' title="bbox 634 2349 2221 2429; baseline -0.011 -10"><span class='ocrx_word' id='word_1_143' title='bbox 634 2363 744 2420; x_wconf 91' lang='lat' dir='ltr'><strong>dim</strong></span> <span class='ocrx_word' id='word_1_144' title='bbox 771 2406 784 2429; x_wconf 89' lang='lat'><strong>,</strong></span> <span class='ocrx_word' id='word_1_145' title='bbox 816 2370 1078 2417; x_wconf 90' lang='lat' dir='ltr'><strong>venerunt</strong></span> <span class='ocrx_word' id='word_1_146' title='bbox 1121 2361 1173 2414; x_wconf 91' lang='lat' dir='ltr'><strong>in</strong></span> <span class='ocrx_word' id='word_1_147' title='bbox 1205 2358 1477 2414; x_wconf 86' lang='lat' dir='ltr'><strong>desertum</strong></span> <span class='ocrx_word' id='word_1_148' title='bbox 1507 2355 1654 2410; x_wconf 87' lang='lat' dir='ltr'><strong>Sinai</strong></span> <span class='ocrx_word' id='word_1_149' title='bbox 1676 2395 1692 2420; x_wconf 93' lang='lat'><strong>,</strong></span> <span class='ocrx_word' id='word_1_150' title='bbox 1738 2361 1792 2407; x_wconf 88' lang='lat' dir='ltr'><strong>et</strong></span> <span class='ocrx_word' id='word_1_151' title='bbox 1831 2361 2007 2406; x_wconf 85' lang='lat' dir='ltr'><strong>castra</strong></span> <span class='ocrx_word' id='word_1_152' title='bbox 2039 2349 2221 2404; x_wconf 88' lang='lat' dir='ltr'><strong>metati</strong></span> 
     </span>
    </p>
   </div>
   <div class='ocr_carea' id='block_1_24' title="bbox 636 2439 2217 2517">
    <p class='ocr_par' dir='ltr' id='par_1_24' title="bbox 636 2439 2217 2517">
     <span class='ocr_line' id='line_1_24' title="bbox 636 2439 2217 2517; baseline -0.01 -10"><span class='ocrx_word' id='word_1_153' title='bbox 636 2461 764 2507; x_wconf 88' lang='lat' dir='ltr'><strong>sunt</strong></span> <span class='ocrx_word' id='word_1_154' title='bbox 788 2453 842 2506; x_wconf 89' lang='lat' dir='ltr'><strong>in</strong></span> <span class='ocrx_word' id='word_1_155' title='bbox 869 2464 1072 2514; x_wconf 87' lang='lat' dir='ltr'><strong>eremo,</strong></span> <span class='ocrx_word' id='word_1_156' title='bbox 1109 2448 1355 2517; x_wconf 86' lang='lat' dir='ltr'><strong>seditque</strong></span> <span class='ocrx_word' id='word_1_157' title='bbox 1377 2446 1451 2501; x_wconf 87' lang='lat' dir='ltr'><strong>ibi</strong></span> <span class='ocrx_word' id='word_1_158' title='bbox 1478 2444 1640 2500; x_wconf 84' lang='lat' dir='ltr'><strong>Israel</strong></span> <span class='ocrx_word' id='word_1_159' title='bbox 1664 2458 1694 2498; x_wconf 94' lang='lat' dir='ltr'><strong>e</strong></span> <span class='ocrx_word' id='word_1_160' title='bbox 1729 2443 1945 2512; x_wconf 76' lang='lat' dir='ltr'><strong>regione</strong></span> <span class='ocrx_word' id='word_1_161' title='bbox 1984 2439 2217 2503; x_wconf 84' lang='lat' dir='ltr'><strong>montis;</strong></span> 
     </span>
    </p>
   </div>
   <div class='ocr_carea' id='block_1_25' title="bbox 637 2530 2226 2614">
    <p class='ocr_par' dir='ltr' id='par_1_25' title="bbox 637 2530 2226 2614">
     <span class='ocr_line' id='line_1_25' title="bbox 637 2530 2226 2614; baseline -0.009 -15"><span class='ocrx_word' id='word_1_162' title='bbox 637 2553 693 2600; x_wconf 91' lang='lat' dir='ltr'><strong>et</strong></span> <span class='ocrx_word' id='word_1_163' title='bbox 712 2543 922 2614; x_wconf 76' lang='lat' dir='ltr'><strong>Moyses</strong></span> <span class='ocrx_word' id='word_1_164' title='bbox 948 2539 1188 2595; x_wconf 83' lang='lat' dir='ltr'><strong>ascendit</strong></span> <span class='ocrx_word' id='word_1_165' title='bbox 1211 2537 1278 2592; x_wconf 88' lang='lat' dir='ltr'><strong>ad</strong></span> <span class='ocrx_word' id='word_1_166' title='bbox 1309 2538 1478 2592; x_wconf 85' lang='lat' dir='ltr'><strong>Deum</strong></span> <span class='ocrx_word' id='word_1_167' title='bbox 1514 2554 1528 2590; x_wconf 89' lang='lat'><strong>:</strong></span> <span class='ocrx_word' id='word_1_168' title='bbox 1554 2535 1870 2604; x_wconf 85' lang='lat' dir='ltr'><strong>vocavitque</strong></span> <span class='ocrx_word' id='word_1_169' title='bbox 1891 2547 2014 2588; x_wconf 90' lang='lat' dir='ltr'><strong>eum</strong></span> <span class='ocrx_word' id='word_1_170' title='bbox 2047 2530 2226 2586; x_wconf 85' lang='lat' dir='ltr'><strong>Domi-</strong></span> 
     </span>
    </p>
   </div>
   <div class='ocr_carea' id='block_1_26' title="bbox 639 2625 2227 2700">
    <p class='ocr_par' dir='ltr' id='par_1_26' title="bbox 639 2625 2227 2700">
     <span class='ocr_line' id='line_1_26' title="bbox 639 2625 2227 2700; baseline -0.008 -9"><span class='ocrx_word' id='word_1_171' title='bbox 639 2651 744 2691; x_wconf 92' lang='lat' dir='ltr'><strong>nus</strong></span> <span class='ocrx_word' id='word_1_172' title='bbox 772 2635 840 2690; x_wconf 93' lang='lat' dir='ltr'><strong>de</strong></span> <span class='ocrx_word' id='word_1_173' title='bbox 882 2642 1064 2690; x_wconf 90' lang='lat' dir='ltr'><strong>monte</strong></span> <span class='ocrx_word' id='word_1_174' title='bbox 1109 2632 1295 2688; x_wconf 89' lang='lat' dir='ltr'><strong>dicens</strong></span> <span class='ocrx_word' id='word_1_175' title='bbox 1330 2649 1350 2683; x_wconf 74' lang='grc' dir='ltr'><strong><em>ι</em></strong></span> <span class='ocrx_word' id='word_1_176' title='bbox 1388 2629 1586 2700; x_wconf 73' lang='lat' dir='ltr'><strong>(Exod.</strong></span> <span class='ocrx_word' id='word_1_177' title='bbox 1636 2628 1723 2684; x_wconf 81' lang='lat' dir='ltr'><strong>I9.</strong></span> <span class='ocrx_word' id='word_1_178' title='bbox 1757 2630 1810 2682; x_wconf 92' lang='grc'><strong>1.</strong></span> <span class='ocrx_word' id='word_1_179' title='bbox 1847 2638 1892 2681; x_wconf 86' lang='lat' dir='ltr'><strong>et</strong></span> <span class='ocrx_word' id='word_1_180' title='bbox 1926 2625 2088 2696; x_wconf 83' lang='lat' dir='ltr'><strong>seqq.)</strong></span> <span class='ocrx_word' id='word_1_181' title='bbox 2125 2641 2140 2680; x_wconf 91' lang='lat'><strong>:</strong></span> <span class='ocrx_word' id='word_1_182' title='bbox 2173 2633 2227 2679; x_wconf 91' lang='lat' dir='ltr'><strong>et</strong></span> 
     </span>
    </p>
   </div>
   <div class='ocr_carea' id='block_1_27' title="bbox 639 2717 2228 2796">
    <p class='ocr_par' dir='ltr' id='par_1_27' title="bbox 639 2717 2228 2796">
     <span class='ocr_line' id='line_1_27' title="bbox 639 2717 2228 2796; baseline -0.009 -12"><span class='ocrx_word' id='word_1_183' title='bbox 639 2728 869 2796; x_wconf 90' lang='lat' dir='ltr'><strong>reliqua.</strong></span> <span class='ocrx_word' id='word_1_184' title='bbox 914 2726 981 2781; x_wconf 83' lang='lat' dir='ltr'><strong>Et</strong></span> <span class='ocrx_word' id='word_1_185' title='bbox 1007 2739 1220 2781; x_wconf 83' lang='lat' dir='ltr'><strong>rursum</strong></span> <span class='ocrx_word' id='word_1_186' title='bbox 1247 2740 1262 2778; x_wconf 93' lang='lat'><strong>:</strong></span> <span class='ocrx_word' id='word_1_187' title='bbox 1297 2739 1318 2775; x_wconf 71' lang='grc' dir='ltr'><strong><em>ι</em></strong></span> <span class='ocrx_word' id='word_1_188' title='bbox 1345 2721 1515 2788; x_wconf 78' lang='lat' dir='ltr'><strong>Vade,</strong></span> <span class='ocrx_word' id='word_1_189' title='bbox 1548 2721 1738 2791; x_wconf 88' lang='lat' dir='ltr'><strong>inquit,</strong></span> <span class='ocrx_word' id='word_1_190' title='bbox 1768 2718 1836 2773; x_wconf 88' lang='lat' dir='ltr'><strong>ad</strong></span> <span class='ocrx_word' id='word_1_191' title='bbox 1866 2717 2141 2788; x_wconf 90' lang='lat' dir='ltr'><strong>populum,</strong></span> <span class='ocrx_word' id='word_1_192' title='bbox 2172 2723 2228 2770; x_wconf 93' lang='lat' dir='ltr'><strong>et</strong></span> 
     </span>
    </p>
   </div>
   <div class='ocr_carea' id='block_1_28' title="bbox 637 2807 2224 2874">
    <p class='ocr_par' dir='ltr' id='par_1_28' title="bbox 637 2807 2224 2874">
     <span class='ocr_line' id='line_1_28' title="bbox 637 2807 2224 2874; baseline -0.01 0"><span class='ocrx_word' id='word_1_193' title='bbox 637 2816 910 2874; x_wconf 87' lang='lat' dir='ltr'><strong>sanctiﬁca</strong></span> <span class='ocrx_word' id='word_1_194' title='bbox 939 2830 1034 2872; x_wconf 87' lang='lat' dir='ltr'><strong>eos</strong></span> <span class='ocrx_word' id='word_1_195' title='bbox 1059 2814 1219 2870; x_wconf 88' lang='lat' dir='ltr'><strong>hodie</strong></span> <span class='ocrx_word' id='word_1_196' title='bbox 1239 2823 1295 2869; x_wconf 91' lang='lat' dir='ltr'><strong>et</strong></span> <span class='ocrx_word' id='word_1_197' title='bbox 1312 2827 1468 2868; x_wconf 88' lang='lat' dir='ltr'><strong>cras:</strong></span> <span class='ocrx_word' id='word_1_198' title='bbox 1491 2820 1546 2867; x_wconf 91' lang='lat' dir='ltr'><strong>et</strong></span> <span class='ocrx_word' id='word_1_199' title='bbox 1573 2811 1752 2865; x_wconf 89' lang='lat' dir='ltr'><strong>lavent</strong></span> <span class='ocrx_word' id='word_1_200' title='bbox 1770 2807 2086 2863; x_wconf 89' lang='lat' dir='ltr'><strong>vestimenta</strong></span> <span class='ocrx_word' id='word_1_201' title='bbox 2106 2819 2224 2871; x_wconf 89' lang='lat' dir='ltr'><strong>sua,</strong></span> 
     </span>
    </p>
   </div>
   <div class='ocr_carea' id='block_1_29' title="bbox 643 2893 2228 2979">
    <p class='ocr_par' dir='ltr' id='par_1_29' title="bbox 643 2893 2228 2979">
     <span class='ocr_line' id='line_1_29' title="bbox 643 2893 2228 2979; baseline -0.008 -16"><span class='ocrx_word' id='word_1_202' title='bbox 643 2911 859 2979; x_wconf 85' lang='lat' dir='ltr'><strong>sintque</strong></span> <span class='ocrx_word' id='word_1_203' title='bbox 887 2906 1059 2977; x_wconf 87' lang='lat' dir='ltr'><strong>parati</strong></span> <span class='ocrx_word' id='word_1_204' title='bbox 1089 2906 1142 2960; x_wconf 94' lang='lat' dir='ltr'><strong>in</strong></span> <span class='ocrx_word' id='word_1_205' title='bbox 1170 2905 1312 2959; x_wconf 88' lang='lat' dir='ltr'><strong>diem</strong></span> <span class='ocrx_word' id='word_1_206' title='bbox 1355 2903 1570 2958; x_wconf 88' lang='lat' dir='ltr'><strong>tertium</strong></span> <span class='ocrx_word' id='word_1_207' title='bbox 1613 2918 1626 2954; x_wconf 90' lang='lat'><strong>:</strong></span> <span class='ocrx_word' id='word_1_208' title='bbox 1659 2901 1781 2970; x_wconf 88' lang='lat' dir='ltr'><strong>quia</strong></span> <span class='ocrx_word' id='word_1_209' title='bbox 1822 2897 1976 2953; x_wconf 86' lang='lat' dir='ltr'><strong>tertia</strong></span> <span class='ocrx_word' id='word_1_210' title='bbox 2019 2895 2107 2952; x_wconf 91' lang='lat' dir='ltr'><strong>die</strong></span> <span class='ocrx_word' id='word_1_211' title='bbox 2133 2893 2228 2950; x_wconf 77' lang='lat' dir='ltr'><strong>de-</strong></span> 
     </span>
    </p>
   </div>
   <div class='ocr_carea' id='block_1_30' title="bbox 646 2989 2229 3063">
    <p class='ocr_par' dir='ltr' id='par_1_30' title="bbox 646 2989 2229 3063">
     <span class='ocr_line' id='line_1_30' title="bbox 646 2989 2229 3063; baseline -0.009 -8"><span class='ocrx_word' id='word_1_212' title='bbox 646 2999 870 3055; x_wconf 89' lang='lat' dir='ltr'><strong>scendet</strong></span> <span class='ocrx_word' id='word_1_213' title='bbox 899 2997 1192 3063; x_wconf 86' lang='lat' dir='ltr'><strong>Dominus,</strong></span> <span class='ocrx_word' id='word_1_214' title='bbox 1224 2995 1440 3050; x_wconf 85' lang='lat' dir='ltr'><strong>vidente</strong></span> <span class='ocrx_word' id='word_1_215' title='bbox 1485 2993 1742 3048; x_wconf 90' lang='lat' dir='ltr'><strong>universo</strong></span> <span class='ocrx_word' id='word_1_216' title='bbox 1785 2989 2020 3062; x_wconf 90' lang='lat' dir='ltr'><strong>p0pulo,</strong></span> <span class='ocrx_word' id='word_1_217' title='bbox 2066 3002 2229 3058; x_wconf 88' lang='lat' dir='ltr'><strong>super</strong></span> 
     </span>
    </p>
   </div>
   <div class='ocr_carea' id='block_1_31' title="bbox 638 3078 2226 3156">
    <p class='ocr_par' dir='ltr' id='par_1_31' title="bbox 638 3078 2226 3156">
     <span class='ocr_line' id='line_1_31' title="bbox 638 3078 2226 3156; baseline -0.01 -8"><span class='ocrx_word' id='word_1_218' title='bbox 638 3101 876 3147; x_wconf 89' lang='lat' dir='ltr'><strong>montem</strong></span> <span class='ocrx_word' id='word_1_219' title='bbox 908 3088 1054 3145; x_wconf 89' lang='lat' dir='ltr'><strong>Sinai</strong></span> <span class='ocrx_word' id='word_1_220' title='bbox 1091 3106 1110 3141; x_wconf 77' lang='lat' dir='ltr'><strong>s</strong></span> <span class='ocrx_word' id='word_1_221' title='bbox 1142 3085 1304 3155; x_wconf 82' lang='lat' dir='ltr'><strong>(Ibid.</strong></span> <span class='ocrx_word' id='word_1_222' title='bbox 1334 3084 1448 3156; x_wconf 86' lang='grc'><strong>10).</strong></span> <span class='ocrx_word' id='word_1_223' title='bbox 1480 3083 1634 3152; x_wconf 84' lang='lat' dir='ltr'><strong>Quod</strong></span> <span class='ocrx_word' id='word_1_224' title='bbox 1663 3092 1718 3137; x_wconf 93' lang='lat' dir='ltr'><strong>et</strong></span> <span class='ocrx_word' id='word_1_225' title='bbox 1752 3081 1952 3137; x_wconf 88' lang='lat' dir='ltr'><strong>factum</strong></span> <span class='ocrx_word' id='word_1_226' title='bbox 1980 3087 2084 3134; x_wconf 89' lang='lat' dir='ltr'><strong>est.</strong></span> <span class='ocrx_word' id='word_1_227' title='bbox 2125 3078 2226 3133; x_wconf 83' lang='lat' dir='ltr'><strong>La-</strong></span> 
     </span>
    </p>
   </div>
   <div class='ocr_carea' id='block_1_32' title="bbox 638 3174 2227 3253">
    <p class='ocr_par' dir='ltr' id='par_1_32' title="bbox 638 3174 2227 3253">
     <span class='ocr_line' id='line_1_32' title="bbox 638 3174 2227 3253; baseline -0.008 -16"><span class='ocrx_word' id='word_1_228' title='bbox 638 3193 943 3253; x_wconf 90' lang='lat' dir='ltr'><strong>veruntque</strong></span> <span class='ocrx_word' id='word_1_229' title='bbox 970 3181 1287 3237; x_wconf 85' lang='lat' dir='ltr'><strong>vestimenta</strong></span> <span class='ocrx_word' id='word_1_230' title='bbox 1313 3193 1406 3234; x_wconf 88' lang='lat' dir='ltr'><strong>sua</strong></span> <span class='ocrx_word' id='word_1_231' title='bbox 1427 3219 1442 3244; x_wconf 93' lang='lat'><strong>,</strong></span> <span class='ocrx_word' id='word_1_232' title='bbox 1469 3185 1525 3233; x_wconf 92' lang='lat' dir='ltr'><strong>et</strong></span> <span class='ocrx_word' id='word_1_233' title='bbox 1552 3177 1620 3231; x_wconf 91' lang='lat' dir='ltr'><strong>ab</strong></span> <span class='ocrx_word' id='word_1_234' title='bbox 1654 3189 1880 3231; x_wconf 81' lang='lat' dir='ltr'><strong>uxorum</strong></span> <span class='ocrx_word' id='word_1_235' title='bbox 1905 3174 2047 3228; x_wconf 92' lang='lat' dir='ltr'><strong>coitu</strong></span> <span class='ocrx_word' id='word_1_236' title='bbox 2072 3186 2227 3242; x_wconf 84' lang='lat' dir='ltr'><strong>sepa-</strong></span> 
     </span>
    </p>
   </div>
   <div class='ocr_carea' id='block_1_33' title="bbox 638 3268 2226 3341">
    <p class='ocr_par' dir='ltr' id='par_1_33' title="bbox 638 3268 2226 3341">
     <span class='ocr_line' id='line_1_33' title="bbox 638 3268 2226 3341; baseline -0.011 -9"><span class='ocrx_word' id='word_1_237' title='bbox 638 3276 792 3341; x_wconf 83' lang='lat' dir='ltr'><strong>ratis,</strong></span> <span class='ocrx_word' id='word_1_238' title='bbox 821 3275 910 3330; x_wconf 91' lang='lat' dir='ltr'><strong>die</strong></span> <span class='ocrx_word' id='word_1_239' title='bbox 938 3273 1096 3328; x_wconf 90' lang='lat' dir='ltr'><strong>tertio</strong></span> <span class='ocrx_word' id='word_1_240' title='bbox 1125 3269 1406 3326; x_wconf 85' lang='lat' dir='ltr'><strong>descendit</strong></span> <span class='ocrx_word' id='word_1_241' title='bbox 1441 3268 1696 3323; x_wconf 89' lang='lat' dir='ltr'><strong>Dominus</strong></span> <span class='ocrx_word' id='word_1_242' title='bbox 1724 3268 1776 3321; x_wconf 91' lang='lat' dir='ltr'><strong>in</strong></span> <span class='ocrx_word' id='word_1_243' title='bbox 1805 3274 2041 3320; x_wconf 91' lang='lat' dir='ltr'><strong>montem</strong></span> <span class='ocrx_word' id='word_1_244' title='bbox 2079 3280 2092 3317; x_wconf 90' lang='lat'><strong>:</strong></span> <span class='ocrx_word' id='word_1_245' title='bbox 2121 3279 2226 3331; x_wconf 88' lang='lat' dir='ltr'><strong>quo</strong></span> 
     </span>
    </p>
   </div>
   <div class='ocr_carea' id='block_1_34' title="bbox 639 3354 2223 3434">
    <p class='ocr_par' dir='ltr' id='par_1_34' title="bbox 639 3354 2223 3434">
     <span class='ocr_line' id='line_1_34' title="bbox 639 3354 2223 3434; baseline -0.01 -11"><span class='ocrx_word' id='word_1_246' title='bbox 639 3368 900 3432; x_wconf 78' lang='lat' dir='ltr'><strong>fumante,</strong></span> <span class='ocrx_word' id='word_1_247' title='bbox 934 3374 990 3422; x_wconf 90' lang='lat' dir='ltr'><strong>et</strong></span> <span class='ocrx_word' id='word_1_248' title='bbox 1017 3365 1245 3434; x_wconf 75' lang='lat' dir='ltr'><strong>fulgore,</strong></span> <span class='ocrx_word' id='word_1_249' title='bbox 1277 3363 1534 3424; x_wconf 91' lang='lat' dir='ltr'><strong>tonitruo,</strong></span> <span class='ocrx_word' id='word_1_250' title='bbox 1564 3359 1832 3430; x_wconf 89' lang='lat' dir='ltr'><strong>caligine,</strong></span> <span class='ocrx_word' id='word_1_251' title='bbox 1863 3372 2028 3422; x_wconf 86' lang='lat' dir='ltr'><strong>voce,</strong></span> <span class='ocrx_word' id='word_1_252' title='bbox 2062 3354 2185 3410; x_wconf 91' lang='lat' dir='ltr'><strong>tuba</strong></span> <span class='ocrx_word' id='word_1_253' title='bbox 2208 3395 2223 3418; x_wconf 94' lang='lat'><strong>,</strong></span> 
     </span>
    </p>
   </div>
   <div class='ocr_carea' id='block_1_35' title="bbox 640 3449 2230 3522">
    <p class='ocr_par' dir='ltr' id='par_1_35' title="bbox 640 3449 2230 3522">
     <span class='ocr_line' id='line_1_35' title="bbox 640 3449 2230 3522; baseline -0.009 -7"><span class='ocrx_word' id='word_1_254' title='bbox 640 3460 947 3516; x_wconf 83' lang='lat' dir='ltr'><strong>mortalium</strong></span> <span class='ocrx_word' id='word_1_255' title='bbox 971 3457 1133 3513; x_wconf 88' lang='lat' dir='ltr'><strong>corda</strong></span> <span class='ocrx_word' id='word_1_256' title='bbox 1174 3453 1527 3517; x_wconf 89' lang='lat' dir='ltr'><strong>terrentibus,</strong></span> <span class='ocrx_word' id='word_1_257' title='bbox 1556 3451 1766 3522; x_wconf 82' lang='lat' dir='ltr'><strong>Moyses</strong></span> <span class='ocrx_word' id='word_1_258' title='bbox 1789 3449 2104 3518; x_wconf 86' lang='lat' dir='ltr'><strong>loquebatur</strong></span> <span class='ocrx_word' id='word_1_259' title='bbox 2125 3487 2141 3512; x_wconf 91' lang='lat'><strong>,</strong></span> <span class='ocrx_word' id='word_1_260' title='bbox 2175 3455 2230 3500; x_wconf 91' lang='lat' dir='ltr'><strong>et</strong></span> 
     </span>
    </p>
   </div>
   <div class='ocr_carea' id='block_1_36' title="bbox 643 3541 2230 3616">
    <p class='ocr_par' dir='ltr' id='par_1_36' title="bbox 643 3541 2230 3616">
     <span class='ocr_line' id='line_1_36' title="bbox 643 3541 2230 3616; baseline -0.012 -9"><span class='ocrx_word' id='word_1_261' title='bbox 643 3552 903 3608; x_wconf 91' lang='lat' dir='ltr'><strong>Dominus</strong></span> <span class='ocrx_word' id='word_1_262' title='bbox 931 3545 1290 3616; x_wconf 88' lang='lat' dir='ltr'><strong>respondebat</strong></span> <span class='ocrx_word' id='word_1_263' title='bbox 1327 3544 1398 3598; x_wconf 92' lang='lat' dir='ltr'><strong>ei.</strong></span> <span class='ocrx_word' id='word_1_264' title='bbox 1426 3541 1784 3610; x_wconf 91' lang='lat' dir='ltr'><strong>Supputemus</strong></span> <span class='ocrx_word' id='word_1_265' title='bbox 1823 3551 2135 3602; x_wconf 87' lang='lat' dir='ltr'><strong>numerum,</strong></span> <span class='ocrx_word' id='word_1_266' title='bbox 2176 3544 2230 3589; x_wconf 90' lang='lat' dir='ltr'><strong>ct</strong></span> 
     </span>
    </p>
   </div>
   <div class='ocr_carea' id='block_1_37' title="bbox 643 3627 2229 3709">
    <p class='ocr_par' dir='ltr' id='par_1_37' title="bbox 643 3627 2229 3709">
     <span class='ocr_line' id='line_1_37' title="bbox 643 3627 2229 3709; baseline -0.012 -11"><span class='ocrx_word' id='word_1_267' title='bbox 643 3643 978 3698; x_wconf 89' lang='lat' dir='ltr'><strong>inveniemus</strong></span> <span class='ocrx_word' id='word_1_268' title='bbox 1019 3634 1460 3709; x_wconf 81' lang='lat' dir='ltr'><strong>quinquagesimo</strong></span> <span class='ocrx_word' id='word_1_269' title='bbox 1500 3631 1585 3685; x_wconf 90' lang='lat' dir='ltr'><strong>die</strong></span> <span class='ocrx_word' id='word_1_270' title='bbox 1611 3629 1933 3699; x_wconf 78' lang='lat' dir='ltr'><strong>egressionis</strong></span> <span class='ocrx_word' id='word_1_271' title='bbox 1970 3627 2134 3681; x_wconf 90' lang='lat' dir='ltr'><strong>Israel</strong></span> <span class='ocrx_word' id='word_1_272' title='bbox 2163 3641 2229 3680; x_wconf 81' lang='lat' dir='ltr'><strong>ex</strong></span> 
     </span>
    </p>
   </div>
   <div class='ocr_carea' id='block_1_38' title="bbox 643 3718 2230 3810">
    <p class='ocr_par' dir='ltr' id='par_1_38' title="bbox 643 3718 2230 3810">
     <span class='ocr_line' id='line_1_38' title="bbox 643 3718 2230 3810; baseline -0.012 -17"><span class='ocrx_word' id='word_1_273' title='bbox 643 3737 874 3810; x_wconf 59' lang='grc' dir='ltr'><strong>[Ευριο</strong></span> <span class='ocrx_word' id='word_1_274' title='bbox 901 3736 952 3789; x_wconf 91' lang='lat' dir='ltr'><strong>in</strong></span> <span class='ocrx_word' id='word_1_275' title='bbox 991 3732 1193 3787; x_wconf 85' lang='lat' dir='ltr'><strong>vertice</strong></span> <span class='ocrx_word' id='word_1_276' title='bbox 1233 3727 1432 3784; x_wconf 88' lang='lat' dir='ltr'><strong>montis</strong></span> <span class='ocrx_word' id='word_1_277' title='bbox 1463 3725 1609 3781; x_wconf 90' lang='lat' dir='ltr'><strong>Sinai</strong></span> <span class='ocrx_word' id='word_1_278' title='bbox 1641 3737 1810 3792; x_wconf 80' lang='lat' dir='ltr'><strong>tegem</strong></span> <span class='ocrx_word' id='word_1_279' title='bbox 1838 3721 2036 3776; x_wconf 88' lang='lat' dir='ltr'><strong>datam.</strong></span> <span class='ocrx_word' id='word_1_280' title='bbox 2062 3718 2230 3810; x_wconf 60' lang='lat' dir='ltr'><strong>Ibide</strong></span> 
     </span>
    </p>
   </div>
   <div class='ocr_carea' id='block_1_39' title="bbox 643 3809 2228 3884">
    <p class='ocr_par' dir='ltr' id='par_1_39' title="bbox 643 3809 2228 3884">
     <span class='ocr_line' id='line_1_39' title="bbox 643 3809 2228 3884; baseline -0.016 1"><span class='ocrx_word' id='word_1_281' title='bbox 643 3837 699 3884; x_wconf 90' lang='lat' dir='ltr'><strong>et</strong></span> <span class='ocrx_word' id='word_1_282' title='bbox 725 3828 1068 3883; x_wconf 88' lang='lat' dir='ltr'><strong>Pentecostes</strong></span> <span class='ocrx_word' id='word_1_283' title='bbox 1093 3821 1396 3878; x_wconf 88' lang='lat' dir='ltr'><strong>celebratur</strong></span> <span class='ocrx_word' id='word_1_284' title='bbox 1411 3815 1744 3877; x_wconf 86' lang='lat' dir='ltr'><strong>solemnitas,</strong></span> <span class='ocrx_word' id='word_1_285' title='bbox 1766 3822 1820 3867; x_wconf 94' lang='lat' dir='ltr'><strong>et</strong></span> <span class='ocrx_word' id='word_1_286' title='bbox 1847 3821 2029 3881; x_wconf 85' lang='lat' dir='ltr'><strong>postea</strong></span> <span class='ocrx_word' id='word_1_287' title='bbox 2055 3809 2228 3863; x_wconf 81' lang='lat' dir='ltr'><strong>Evan-</strong></span> 
     </span>
    </p>
   </div>
   <div class='ocr_carea' id='block_1_40' title="bbox 641 3902 2230 3990">
    <p class='ocr_par' dir='ltr' id='par_1_40' title="bbox 641 3902 2230 3990">
     <span class='ocr_line' id='line_1_40' title="bbox 641 3902 2230 3990; baseline -0.013 -17"><span class='ocrx_word' id='word_1_288' title='bbox 641 3917 768 3990; x_wconf 71' lang='lat' dir='ltr'><strong>gelii</strong></span> <span class='ocrx_word' id='word_1_289' title='bbox 798 3924 1190 3972; x_wconf 88' lang='lat' dir='ltr'><strong>sacramentum</strong></span> <span class='ocrx_word' id='word_1_290' title='bbox 1226 3909 1456 3980; x_wconf 89' lang='lat' dir='ltr'><strong>Spiritus</strong></span> <span class='ocrx_word' id='word_1_291' title='bbox 1493 3905 1664 3962; x_wconf 88' lang='lat' dir='ltr'><strong>sancti</strong></span> <span class='ocrx_word' id='word_1_292' title='bbox 1699 3902 2051 3958; x_wconf 85' lang='lat' dir='ltr'><strong>descensione</strong></span> <span class='ocrx_word' id='word_1_293' title='bbox 2079 3915 2230 3955; x_wconf 92' lang='lat' dir='ltr'><strong>com-</strong></span> 
     </span>
    </p>
   </div>
   <div class='ocr_carea' id='block_1_41' title="bbox 645 3991 2230 4081">
    <p class='ocr_par' dir='ltr' id='par_1_41' title="bbox 645 3991 2230 4081">
     <span class='ocr_line' id='line_1_41' title="bbox 645 3991 2230 4081; baseline -0.011 -18"><span class='ocrx_word' id='word_1_294' title='bbox 645 4010 822 4081; x_wconf 88' lang='lat' dir='ltr'><strong>pletur</strong></span> <span class='ocrx_word' id='word_1_295' title='bbox 851 4023 866 4061; x_wconf 88' lang='lat'><strong>:</strong></span> <span class='ocrx_word' id='word_1_296' title='bbox 897 4015 956 4060; x_wconf 94' lang='lat' dir='ltr'><strong>ut</strong></span> <span class='ocrx_word' id='word_1_297' title='bbox 998 4006 1137 4059; x_wconf 89' lang='lat' dir='ltr'><strong>sicut</strong></span> <span class='ocrx_word' id='word_1_298' title='bbox 1179 4001 1343 4072; x_wconf 90' lang='lat' dir='ltr'><strong>priori</strong></span> <span class='ocrx_word' id='word_1_299' title='bbox 1389 3999 1585 4068; x_wconf 84' lang='lat' dir='ltr'><strong>pepulo</strong></span> <span class='ocrx_word' id='word_1_300' title='bbox 1623 3993 2061 4065; x_wconf 83' lang='lat' dir='ltr'><strong>quinquagesimo</strong></span> <span class='ocrx_word' id='word_1_301' title='bbox 2103 3991 2192 4046; x_wconf 87' lang='lat' dir='ltr'><strong>die</strong></span> <span class='ocrx_word' id='word_1_302' title='bbox 2217 4032 2230 4054; x_wconf 91' lang='lat'><strong>,</strong></span> 
     </span>
    </p>
   </div>
   <div class='ocr_carea' id='block_1_42' title="bbox 647 4083 2235 4160">
    <p class='ocr_par' dir='ltr' id='par_1_42' title="bbox 647 4083 2235 4160">
     <span class='ocr_line' id='line_1_42' title="bbox 647 4083 2235 4160; baseline -0.011 -7"><span class='ocrx_word' id='word_1_303' title='bbox 647 4114 779 4152; x_wconf 82' lang='lat' dir='ltr'><strong>vero</strong></span> <span class='ocrx_word' id='word_1_304' title='bbox 819 4095 1078 4160; x_wconf 73' lang='lat' dir='ltr'><strong>Jubilmo,</strong></span> <span class='ocrx_word' id='word_1_305' title='bbox 1120 4101 1174 4147; x_wconf 87' lang='lat' dir='ltr'><strong>et</strong></span> <span class='ocrx_word' id='word_1_306' title='bbox 1205 4104 1332 4144; x_wconf 88' lang='lat' dir='ltr'><strong>vero</strong></span> <span class='ocrx_word' id='word_1_307' title='bbox 1370 4103 1512 4142; x_wconf 89' lang='lat' dir='ltr'><strong>anno</strong></span> <span class='ocrx_word' id='word_1_308' title='bbox 1561 4085 1944 4150; x_wconf 83' lang='lat' dir='ltr'><strong>Retttissionis,</strong></span> <span class='ocrx_word' id='word_1_309' title='bbox 1995 4092 2051 4138; x_wconf 88' lang='lat' dir='ltr'><strong>et</strong></span> <span class='ocrx_word' id='word_1_310' title='bbox 2093 4083 2235 4137; x_wconf 91' lang='lat' dir='ltr'><strong>veris</strong></span> 
     </span>
    </p>
   </div>
   <div class='ocr_carea' id='block_1_43' title="bbox 649 4176 2232 4258">
    <p class='ocr_par' dir='ltr' id='par_1_43' title="bbox 649 4176 2232 4258">
     <span class='ocr_line' id='line_1_43' title="bbox 649 4176 2232 4258; baseline -0.007 -16"><span class='ocrx_word' id='word_1_311' title='bbox 649 4187 1031 4258; x_wconf 88' lang='lat' dir='ltr'><strong>quinquaginta</strong></span> <span class='ocrx_word' id='word_1_312' title='bbox 1060 4194 1116 4238; x_wconf 89' lang='lat' dir='ltr'><strong>et</strong></span> <span class='ocrx_word' id='word_1_313' title='bbox 1144 4181 1450 4252; x_wconf 89' lang='lat' dir='ltr'><strong>quingentis</strong></span> <span class='ocrx_word' id='word_1_314' title='bbox 1476 4179 1742 4243; x_wconf 84' lang='lat' dir='ltr'><strong>denariis,</strong></span> <span class='ocrx_word' id='word_1_315' title='bbox 1774 4177 1862 4248; x_wconf 91' lang='lat' dir='ltr'><strong>qui</strong></span> <span class='ocrx_word' id='word_1_316' title='bbox 1903 4176 2232 4233; x_wconf 85' lang='lat' dir='ltr'><strong>debitoribus</strong></span> 
     </span>
    </p>
   </div>
   <div class='ocr_carea' id='block_1_44' title="bbox 657 4269 2238 4342">
    <p class='ocr_par' dir='ltr' id='par_1_44' title="bbox 657 4269 2238 4342">
     <span class='ocr_line' id='line_1_44' title="bbox 657 4269 2238 4342; baseline -0.008 -9"><span class='ocrx_word' id='word_1_317' title='bbox 657 4279 1016 4342; x_wconf 90' lang='lat' dir='ltr'><strong>dimittuntur,</strong></span> <span class='ocrx_word' id='word_1_318' title='bbox 1065 4273 1148 4328; x_wconf 85' lang='lat' dir='ltr'><strong>lex</strong></span> <span class='ocrx_word' id='word_1_319' title='bbox 1191 4272 1312 4327; x_wconf 88' lang='lat' dir='ltr'><strong>data</strong></span> <span class='ocrx_word' id='word_1_320' title='bbox 1341 4282 1423 4327; x_wconf 85' lang='lat' dir='ltr'><strong>est</strong></span> <span class='ocrx_word' id='word_1_321' title='bbox 1462 4270 1538 4341; x_wconf 74' lang='grc' dir='ltr'><strong>(ο)</strong></span> <span class='ocrx_word' id='word_1_322' title='bbox 1568 4287 1582 4324; x_wconf 90' lang='lat'><strong>:</strong></span> <span class='ocrx_word' id='word_1_323' title='bbox 1613 4269 1883 4339; x_wconf 82' lang='lat' dir='ltr'><strong>Apostolis</strong></span> <span class='ocrx_word' id='word_1_324' title='bbox 1913 4282 2122 4339; x_wconf 89' lang='lat' dir='ltr'><strong>quoque</strong></span> <span class='ocrx_word' id='word_1_325' title='bbox 2141 4307 2157 4334; x_wconf 90' lang='lat'><strong>,</strong></span> <span class='ocrx_word' id='word_1_326' title='bbox 2183 4277 2238 4321; x_wconf 91' lang='lat' dir='ltr'><strong>ct</strong></span> 
     </span>
    </p>
   </div>
   <div class='ocr_carea' id='block_1_45' title="bbox 653 4444 2240 4518">
    <p class='ocr_par' dir='ltr' id='par_1_45' title="bbox 653 4444 2240 4518">
     <span class='ocr_line' id='line_1_45' title="bbox 653 4444 2240 4518; baseline -0.01 -11"><span class='ocrx_word' id='word_1_327' title='bbox 653 4456 782 4518; x_wconf 83' lang='lat' dir='ltr'><strong>Lex,</strong></span> <span class='ocrx_word' id='word_1_328' title='bbox 808 4464 1029 4518; x_wconf 71' lang='lat' dir='ltr'><strong>quaa_p_er</strong></span> <span class='ocrx_word' id='word_1_329' title='bbox 1051 4450 1266 4518; x_wconf 82' lang='lat' dir='ltr'><strong>Moysem</strong></span> <span class='ocrx_word' id='word_1_330' title='bbox 1305 4445 1824 4518; x_wconf 31' lang='lat' dir='ltr'><strong>signiﬁcatur-“debilis</strong></span> <span class='ocrx_word' id='word_1_331' title='bbox 1847 4450 1965 4518; x_wconf 43' lang='lat' dir='ltr'><strong>erat.</strong></span> <span class='ocrx_word' id='word_1_332' title='bbox 1978 4453 2126 4508; x_wconf 89' lang='lat' dir='ltr'><strong>atque</strong></span> <span class='ocrx_word' id='word_1_333' title='bbox 2149 4444 2240 4518; x_wconf 79' lang='lat' dir='ltr'><strong>i_m-</strong></span> 
     </span>
    </p>
   </div>
   <div class='ocr_carea' id='block_1_46' title="bbox 648 4466 2238 4576">
    <p class='ocr_par' dir='ltr' id='par_1_46' title="bbox 648 4466 2238 4576">
     <span class='ocr_line' id='line_1_46' title="bbox 653 4466 2238 4561; baseline -0.01 -54"><span class='ocrx_word' id='word_1_334' title='bbox 653 4466 782 4518; x_wconf 84' lang='lat' dir='ltr'><strong>Lex,</strong></span> <span class='ocrx_word' id='word_1_335' title='bbox 808 4466 916 4517; x_wconf 68' lang='lat' dir='ltr'><strong>quae</strong></span> <span class='ocrx_word' id='word_1_336' title='bbox 937 4466 1029 4561; x_wconf 59' lang='lat' dir='ltr'><strong>per</strong></span> <span class='ocrx_word' id='word_1_337' title='bbox 1053 4466 1266 4514; x_wconf 76' lang='lat' dir='ltr'><strong>moysem</strong></span> <span class='ocrx_word' id='word_1_338' title='bbox 1305 4466 1622 4512; x_wconf 74' lang='lat' dir='ltr'><strong>sngntncatur,</strong></span> <span class='ocrx_word' id='word_1_339' title='bbox 1645 4466 1824 4496; x_wconf 78' lang='lat' dir='ltr'><strong>uentus</strong></span> <span class='ocrx_word' id='word_1_340' title='bbox 1847 4466 1957 4495; x_wconf 80' lang='lat' dir='ltr'><strong>erat.</strong></span> <span class='ocrx_word' id='word_1_341' title='bbox 1978 4466 2126 4508; x_wconf 75' lang='lat' dir='ltr'><strong>atque</strong></span> <span class='ocrx_word' id='word_1_342' title='bbox 2151 4466 2238 4492; x_wconf 85' lang='lat' dir='ltr'><strong>nu-</strong></span> 
     </span>
     <span class='ocr_line' id='line_1_47' title="bbox 648 4506 2238 4576; baseline -0.009 -7"><span class='ocrx_word' id='word_1_343' title='bbox 648 4521 853 4576; x_wconf 81' lang='lat' dir='ltr'><strong>minuta,</strong></span> <span class='ocrx_word' id='word_1_344' title='bbox 884 4515 955 4576; x_wconf 74' lang='lat' dir='ltr'><strong>ni</strong></span> <span class='ocrx_word' id='word_1_345' title='bbox 971 4512 1005 4561; x_wconf 89' lang='lat' dir='ltr'><strong>il</strong></span> <span class='ocrx_word' id='word_1_346' title='bbox 1029 4514 1159 4576; x_wconf 87' lang='lat' dir='ltr'><strong>enim</strong></span> <span class='ocrx_word' id='word_1_347' title='bbox 1181 4513 1239 4576; x_wconf 78' lang='lat' dir='ltr'><strong>ad</strong></span> <span class='ocrx_word' id='word_1_348' title='bbox 1263 4514 1536 4576; x_wconf 78' lang='lat' dir='ltr'><strong>perfectum</strong></span> <span class='ocrx_word' id='word_1_349' title='bbox 1554 4509 1756 4558; x_wconf 85' lang='lat' dir='ltr'><strong>adduxit</strong></span> <span class='ocrx_word' id='word_1_350' title='bbox 1780 4507 1902 4576; x_wconf 64' lang='lat' dir='ltr'><strong>Lex,</strong></span> <span class='ocrx_word' id='word_1_351' title='bbox 1921 4508 2134 4576; x_wconf 73' lang='lat' dir='ltr'><strong>ejusque</strong></span> <span class='ocrx_word' id='word_1_352' title='bbox 2143 4506 2238 4576; x_wconf 87' lang='lat' dir='ltr'><strong>_de-</strong></span> 
     </span>
    </p>
   </div>
   <div class='ocr_carea' id='block_1_47' title="bbox 648 4567 2238 4644">
    <p class='ocr_par' dir='ltr' id='par_1_47' title="bbox 648 4567 2238 4644">
     <span class='ocr_line' id='line_1_48' title="bbox 648 4567 2238 4644; baseline -0.011 -12"><span class='ocrx_word' id='word_1_353' title='bbox 648 4567 811 4644; x_wconf 66' lang='lat' dir='ltr'><strong>fectus</strong></span> <span class='ocrx_word' id='word_1_354' title='bbox 833 4567 896 4627; x_wconf 80' lang='lat' dir='ltr'><strong>ex</strong></span> <span class='ocrx_word' id='word_1_355' title='bbox 922 4575 1183 4644; x_wconf 51' lang='lat' dir='ltr'><strong>Evangelii</strong></span> <span class='ocrx_word' id='word_1_356' title='bbox 1193 4567 1382 4622; x_wconf 71' lang='lat' dir='ltr'><strong>divitiis</strong></span> <span class='ocrx_word' id='word_1_357' title='bbox 1396 4571 1686 4644; x_wconf 78' lang='lat' dir='ltr'><strong>suppletur;</strong></span> <span class='ocrx_word' id='word_1_358' title='bbox 1706 4569 1897 4644; x_wconf 59' lang='lat' dir='ltr'><strong>namnad</strong></span> <span class='ocrx_word' id='word_1_359' title='bbox 1920 4567 2238 4644; x_wconf 61' lang='lat' dir='ltr'><strong>hii/augebunt</strong></span> 
     </span>
    </p>
   </div>
   <div class='ocr_carea' id='block_1_48' title="bbox 651 4589 2237 4705">
    <p class='ocr_par' dir='ltr' id='par_1_48' title="bbox 651 4589 2237 4705">
     <span class='ocr_line' id='line_1_49' title="bbox 651 4589 2237 4644; baseline -0.01 -12"><span class='ocrx_word' id='word_1_360' title='bbox 651 4589 811 4631; x_wconf 76' lang='lat' dir='ltr'><strong>fectus</strong></span> <span class='ocrx_word' id='word_1_361' title='bbox 833 4591 896 4627; x_wconf 92' lang='lat' dir='ltr'><strong>ex</strong></span> <span class='ocrx_word' id='word_1_362' title='bbox 922 4589 1054 4625; x_wconf 70' lang='lat' dir='ltr'><strong>Lvan</strong></span> <span class='ocrx_word' id='word_1_363' title='bbox 1093 4589 1177 4623; x_wconf 84' lang='lat' dir='ltr'><strong>em</strong></span> <span class='ocrx_word' id='word_1_364' title='bbox 1193 4589 1382 4622; x_wconf 79' lang='lat' dir='ltr'><strong>atvuus</strong></span> <span class='ocrx_word' id='word_1_365' title='bbox 1396 4589 1656 4644; x_wconf 63' lang='lat' dir='ltr'><strong>suppletur</strong></span> <span class='ocrx_word' id='word_1_366' title='bbox 1673 4589 1686 4642; x_wconf 68' lang='grc' dir='ltr'>ξ</span> <span class='ocrx_word' id='word_1_367' title='bbox 1706 4589 1815 4618; x_wconf 82' lang='lat' dir='ltr'><strong>naut</strong></span> <span class='ocrx_word' id='word_1_368' title='bbox 1837 4589 1897 4638; x_wconf 70' lang='lat' dir='ltr'><strong>a_u</strong></span> <span class='ocrx_word' id='word_1_369' title='bbox 1921 4589 2237 4629; x_wconf 71' lang='lat' dir='ltr'><strong>nvaugettuul</strong></span> 
     </span>
     <span class='ocr_line' id='line_1_50' title="bbox 651 4589 2237 4705; baseline -0.009 -12"><span class='ocrx_word' id='word_1_370' title='bbox 651 4643 907 4705; x_wconf 64' lang='lat' dir='ltr'><strong>pertinere</strong></span> <span class='ocrx_word' id='word_1_371' title='bbox 944 4638 1038 4705; x_wconf 87' lang='lat'><strong>70._</strong></span> <span class='ocrx_word' id='word_1_372' title='bbox 1056 4589 1327 4705; x_wconf 46' lang='lat' dir='ltr'><strong>geniorum</strong></span> <span class='ocrx_word' id='word_1_373' title='bbox 1369 4635 1648 4691; x_wconf 76' lang='lat' dir='ltr'><strong>concilium,</strong></span> <span class='ocrx_word' id='word_1_374' title='bbox 1676 4643 1782 4705; x_wconf 67' lang='lat' dir='ltr'><strong>ipse</strong></span> <span class='ocrx_word' id='word_1_375' title='bbox 1806 4629 2133 4705; x_wconf 52' lang='lat' dir='ltr'><strong>literotltytnus</strong></span> <span class='ocrx_word' id='word_1_376' title='bbox 2155 4630 2237 4701; x_wconf 77' lang='lat' dir='ltr'><strong>do-</strong></span> 
     </span>
    </p>
   </div>
   <div class='ocr_carea' id='block_1_49' title="bbox 650 4689 2237 4761">
    <p class='ocr_par' dir='ltr' id='par_1_49' title="bbox 650 4689 2237 4761">
     <span class='ocr_line' id='line_1_51' title="bbox 650 4689 2237 4761; baseline -0.008 -9"><span class='ocrx_word' id='word_1_377' title='bbox 650 4689 893 4754; x_wconf 27' lang='lat' dir='ltr'><strong>cetisw</strong></span> <span class='ocrx_word' id='word_1_378' title='bbox 941 4699 1142 4761; x_wconf 83' lang='lat' dir='ltr'><strong>proinde</strong></span> <span class='ocrx_word' id='word_1_379' title='bbox 1183 4699 1437 4746; x_wconf 83' lang='lat' dir='ltr'><strong>immutare</strong></span> <span class='ocrx_word' id='word_1_380' title='bbox 1470 4707 1564 4761; x_wconf 85' lang='lat' dir='ltr'><strong>non</strong></span> <span class='ocrx_word' id='word_1_381' title='bbox 1587 4689 1864 4761; x_wconf 50' lang='lat' dir='ltr'><strong>operiebat,</strong></span> <span class='ocrx_word' id='word_1_382' title='bbox 1891 4689 2079 4738; x_wconf 73' lang='lat' dir='ltr'><strong>meliori</strong></span> <span class='ocrx_word' id='word_1_383' title='bbox 2106 4692 2237 4739; x_wconf 90' lang='lat' dir='ltr'><strong>enim</strong></span> 
     </span>
    </p>
   </div>
   <div class='ocr_carea' id='block_1_50' title="bbox 649 4753 2239 4820">
    <p class='ocr_par' dir='ltr' id='par_1_50' title="bbox 649 4753 2239 4820">
     <span class='ocr_line' id='line_1_52' title="bbox 649 4753 2239 4820; baseline -0.009 -4"><span class='ocrx_word' id='word_1_384' title='bbox 649 4753 801 4816; x_wconf 80' lang='lat' dir='ltr'><strong>sensu</strong></span> <span class='ocrx_word' id='word_1_385' title='bbox 823 4753 1090 4812; x_wconf 74' lang='lat' dir='ltr'><strong>intmum&#39;tio</strong></span> <span class='ocrx_word' id='word_1_386' title='bbox 1111 4761 1343 4820; x_wconf 85' lang='lat' dir='ltr'><strong>accipitur</strong></span> <span class='ocrx_word' id='word_1_387' title='bbox 1367 4769 1454 4818; x_wconf 86' lang='lat' dir='ltr'><strong>pro</strong></span> <span class='ocrx_word' id='word_1_388' title='bbox 1477 4754 1778 4820; x_wconf 73' lang='lat' dir='ltr'><strong>immunitate</strong></span> <span class='ocrx_word' id='word_1_389' title='bbox 1800 4753 1864 4820; x_wconf 66' lang='lat' dir='ltr'><strong>alt</strong></span> <span class='ocrx_word' id='word_1_390' title='bbox 1882 4764 2055 4820; x_wconf 67' lang='lat' dir='ltr'><strong>onere.</strong></span> <span class='ocrx_word' id='word_1_391' title='bbox 2079 4762 2131 4801; x_wconf 89' lang='lat' dir='ltr'><strong>et</strong></span> <span class='ocrx_word' id='word_1_392' title='bbox 2156 4766 2239 4820; x_wconf 70' lang='lat' dir='ltr'><strong>va-</strong></span> 
     </span>
    </p>
   </div>
   <div class='ocr_carea' id='block_1_51' title="bbox 650 4812 2237 4882">
    <p class='ocr_par' dir='ltr' id='par_1_51' title="bbox 650 4812 2237 4882">
     <span class='ocr_line' id='line_1_53' title="bbox 650 4812 2237 4882; baseline -0.01 -5"><span class='ocrx_word' id='word_1_393' title='bbox 650 4812 844 4877; x_wconf 69' lang='lat' dir='ltr'><strong>catione</strong></span> <span class='ocrx_word' id='word_1_394' title='bbox 867 4825 930 4872; x_wconf 87' lang='lat' dir='ltr'><strong>ab</strong></span> <span class='ocrx_word' id='word_1_395' title='bbox 952 4823 1124 4879; x_wconf 70' lang='lat' dir='ltr'><strong>ofﬁcio,</strong></span> <span class='ocrx_word' id='word_1_396' title='bbox 1149 4812 1245 4882; x_wconf 70' lang='lat' dir='ltr'><strong>qua</strong></span> <span class='ocrx_word' id='word_1_397' title='bbox 1286 4812 1494 4882; x_wconf 60' lang='lat' dir='ltr'><strong>Mei/ses.</strong></span> <span class='ocrx_word' id='word_1_398' title='bbox 1519 4815 1604 4876; x_wconf 87' lang='lat' dir='ltr'><strong>qui</strong></span> <span class='ocrx_word' id='word_1_399' title='bbox 1627 4815 1722 4862; x_wconf 86' lang='lat' dir='ltr'><strong>sub</strong></span> <span class='ocrx_word' id='word_1_400' title='bbox 1743 4812 1895 4882; x_wconf 50' lang='lat' dir='ltr'><strong>Degis</strong></span> <span class='ocrx_word' id='word_1_401' title='bbox 1925 4815 2120 4882; x_wconf 65' lang='lat' dir='ltr'><strong>nomine</strong></span> <span class='ocrx_word' id='word_1_402' title='bbox 2165 4814 2237 4882; x_wconf 89' lang='lat' dir='ltr'><strong>in-_</strong></span> 
     </span>
    </p>
   </div>
   <div class='ocr_carea' id='block_1_52' title="bbox 653 4873 2240 4949">
    <p class='ocr_par' dir='ltr' id='par_1_52' title="bbox 653 4873 2240 4949">
     <span class='ocr_line' id='line_1_54' title="bbox 653 4873 2240 4949; baseline -0.009 -9"><span class='ocrx_word' id='word_1_403' title='bbox 653 4873 914 4949; x_wconf 36' lang='lat' dir='ltr'><strong>{cili—gitur,</strong></span> <span class='ocrx_word' id='word_1_404' title='bbox 937 4889 1056 4949; x_wconf 79' lang='lat' dir='ltr'><strong>tunc</strong></span> <span class='ocrx_word' id='word_1_405' title='bbox 1079 4873 1313 4949; x_wconf 72' lang='lat' dir='ltr'><strong>temporis</strong></span> <span class='ocrx_word' id='word_1_406' title='bbox 1336 4873 1607 4949; x_wconf 67' lang='lat' dir='ltr'><strong>fruebatur,</strong></span> <span class='ocrx_word' id='word_1_407' title='bbox 1629 4888 1738 4925; x_wconf 88' lang='lat' dir='ltr'><strong>cum</strong></span> <span class='ocrx_word' id='word_1_408' title='bbox 1761 4873 1902 4922; x_wconf 73' lang='lat' dir='ltr'><strong>LXX.</strong></span> <span class='ocrx_word' id='word_1_409' title='bbox 1930 4874 2162 4924; x_wconf 89' lang='lat' dir='ltr'><strong>Seniores</strong></span> <span class='ocrx_word' id='word_1_410' title='bbox 2180 4877 2240 4925; x_wconf 88' lang='lat' dir='ltr'><strong>ad</strong></span> 
     </span>
    </p>
   </div>
   <div class='ocr_carea' id='block_1_53' title="bbox 657 4943 2214 5014">
    <p class='ocr_par' dir='ltr' id='par_1_53' title="bbox 657 4943 2214 5014">
     <span class='ocr_line' id='line_1_55' title="bbox 657 4943 2214 5014; baseline -0.004 -19"><span class='ocrx_word' id='word_1_411' title='bbox 657 4943 1072 5014; x_wconf 62' lang='lat' dir='ltr'><strong>podeiregimen</strong></span> <span class='ocrx_word' id='word_1_412' title='bbox 1093 4943 1262 5014; x_wconf 78' lang='lat' dir='ltr'><strong>adsciti</strong></span> <span class='ocrx_word' id='word_1_413' title='bbox 1293 4947 1425 5014; x_wconf 84' lang='lat' dir='ltr'><strong>sunt.</strong></span> <span class='ocrx_word' id='word_1_414' title='bbox 1448 4999 1487 5014; x_wconf 50' lang='lat' dir='ltr'>L</span> <span class='ocrx_word' id='word_1_415' title='bbox 1630 4998 1746 5014; x_wconf 22' lang='grc' dir='ltr'><strong>ΠΛ</strong></span> <span class='ocrx_word' id='word_1_416' title='bbox 1773 4997 1961 5014; x_wconf 24' lang='grc' dir='ltr'><strong>,ΔΑΑ</strong></span> <span class='ocrx_word' id='word_1_417' title='bbox 2168 5013 2171 5014; x_wconf 12' lang='grc' dir='ltr'><em>ν</em></span> <span class='ocrx_word' id='word_1_418' title='bbox 2203 4999 2214 5014; x_wconf 40' lang='grc' dir='ltr'>τ</span> 
     </span>
    </p>
   </div>
   <div class='ocr_carea' id='block_1_54' title="bbox 719 4997 2240 5072">
    <p class='ocr_par' dir='ltr' id='par_1_54' title="bbox 719 4997 2240 5072">
     <span class='ocr_line' id='line_1_56' title="bbox 719 4997 2240 5072; baseline -0.007 -12"><span class='ocrx_word' id='word_1_419' title='bbox 719 4997 791 5072; x_wconf 61' lang='lat' dir='ltr'><strong>(a)</strong></span> <span class='ocrx_word' id='word_1_420' title='bbox 831 4997 1032 5072; x_wconf 63' lang='lat' dir='ltr'><strong>Proprie</strong></span> <span class='ocrx_word' id='word_1_421' title='bbox 1059 5005 1262 5072; x_wconf 81' lang='lat' dir='ltr'><strong>nominis</strong></span> <span class='ocrx_word' id='word_1_422' title='bbox 1287 4999 1596 5072; x_wconf 62' lang='lat' dir='ltr'><strong>etymologia,</strong></span> <span class='ocrx_word' id='word_1_423' title='bbox 1619 4998 1748 5072; x_wconf 85' lang='lat' dir='ltr'><strong>quod</strong></span> <span class='ocrx_word' id='word_1_424' title='bbox 1772 4997 2138 5070; x_wconf 31' lang='lat' dir='ltr'><strong>tandemOIiceat</strong></span> <span class='ocrx_word' id='word_1_425' title='bbox 2159 4999 2240 5072; x_wconf 56' lang='lat' dir='ltr'><strong>ad:</strong></span> 
     </span>
    </p>
   </div>
   <div class='ocr_carea' id='block_1_55' title="bbox 651 5060 2240 5129">
    <p class='ocr_par' dir='ltr' id='par_1_55' title="bbox 651 5060 2240 5129">
     <span class='ocr_line' id='line_1_57' title="bbox 651 5060 2240 5129; baseline -0.007 -7"><span class='ocrx_word' id='word_1_426' title='bbox 651 5060 841 5129; x_wconf 61' lang='lat' dir='ltr'><strong>notare,</strong></span> <span class='ocrx_word' id='word_1_427' title='bbox 866 5060 1151 5118; x_wconf 71' lang='lat' dir='ltr'><strong>deducenda</strong></span> <span class='ocrx_word' id='word_1_428' title='bbox 1175 5074 1251 5115; x_wconf 86' lang='lat' dir='ltr'><strong>est</strong></span> <span class='ocrx_word' id='word_1_429' title='bbox 1273 5080 1300 5113; x_wconf 91' lang='lat' dir='ltr'><strong>a</strong></span> <span class='ocrx_word' id='word_1_430' title='bbox 1320 5060 1443 5123; x_wconf 63' lang='lat'><strong>1791</strong></span> <span class='ocrx_word' id='word_1_431' title='bbox 1473 5060 1648 5110; x_wconf 76' lang='lat' dir='ltr'><strong>minori</strong></span> <span class='ocrx_word' id='word_1_432' title='bbox 1675 5073 1880 5110; x_wconf 87' lang='lat' dir='ltr'><strong>numero</strong></span> <span class='ocrx_word' id='word_1_433' title='bbox 1889 5095 1906 5121; x_wconf 88' lang='lat'><strong>,</strong></span> <span class='ocrx_word' id='word_1_434' title='bbox 1944 5060 2140 5122; x_wconf 83' lang='lat' dir='ltr'><strong>vimque</strong></span> <span class='ocrx_word' id='word_1_435' title='bbox 2164 5063 2240 5111; x_wconf 89' lang='lat' dir='ltr'><strong>sui</strong></span> 
     </span>
    </p>
   </div>
   <div class='ocr_carea' id='block_1_56' title="bbox 651 5132 2242 5199">
    <p class='ocr_par' dir='ltr' id='par_1_56' title="bbox 651 5132 2242 5199">
     <span class='ocr_line' id='line_1_58' title="bbox 651 5132 2242 5199; baseline -0.006 -7"><span class='ocrx_word' id='word_1_436' title='bbox 651 5145 860 5195; x_wconf 88' lang='lat' dir='ltr'><strong>nominis</strong></span> <span class='ocrx_word' id='word_1_437' title='bbox 880 5156 908 5191; x_wconf 85' lang='lat' dir='ltr'><strong>a</strong></span> <span class='ocrx_word' id='word_1_438' title='bbox 928 5143 1114 5198; x_wconf 70' lang='grc' dir='ltr'><strong>πυῃ-ι,</strong></span> <span class='ocrx_word' id='word_1_439' title='bbox 1140 5137 1269 5199; x_wconf 91' lang='lat' dir='ltr'><strong>quod</strong></span> <span class='ocrx_word' id='word_1_440' title='bbox 1293 5141 1372 5185; x_wconf 88' lang='lat' dir='ltr'><strong>est</strong></span> <span class='ocrx_word' id='word_1_441' title='bbox 1392 5139 1612 5192; x_wconf 81' lang='lat' dir='ltr'><strong>strattan,</strong></span> <span class='ocrx_word' id='word_1_442' title='bbox 1649 5133 1868 5194; x_wconf 87' lang='lat' dir='ltr'><strong>obtinet,</strong></span> <span class='ocrx_word' id='word_1_443' title='bbox 1912 5132 2044 5182; x_wconf 88' lang='lat' dir='ltr'><strong>unde</strong></span> <span class='ocrx_word' id='word_1_444' title='bbox 2088 5139 2242 5182; x_wconf 85' lang='lat' dir='ltr'><strong>strata</strong></span> 
     </span>
    </p>
   </div>
   <div class='ocr_carea' id='block_1_57' title="bbox 651 5205 2240 5266">
    <p class='ocr_par' dir='ltr' id='par_1_57' title="bbox 651 5205 2240 5266">
     <span class='ocr_line' id='line_1_59' title="bbox 651 5205 2240 5266; baseline -0.004 -7"><span class='ocrx_word' id='word_1_445' title='bbox 651 5223 743 5261; x_wconf 77' lang='lat' dir='ltr'><strong>seu</strong></span> <span class='ocrx_word' id='word_1_446' title='bbox 786 5221 966 5264; x_wconf 79' lang='lat' dir='ltr'><strong>castra.</strong></span> <span class='ocrx_word' id='word_1_447' title='bbox 1007 5207 1108 5258; x_wconf 88' lang='lat' dir='ltr'><strong>Sed</strong></span> <span class='ocrx_word' id='word_1_448' title='bbox 1141 5206 1532 5266; x_wconf 69' lang='lat' dir='ltr'><strong>Hieronymianae</strong></span> <span class='ocrx_word' id='word_1_449' title='bbox 1576 5205 1814 5254; x_wconf 66' lang='lat' dir='ltr'><strong>subnexus</strong></span> <span class='ocrx_word' id='word_1_450' title='bbox 1845 5205 2240 5266; x_wconf 84' lang='lat' dir='ltr'><strong>interpretationi</strong></span> 
     </span>
    </p>
   </div>
   <div class='ocr_carea' id='block_1_58' title="bbox 651 5265 2240 5332">
    <p class='ocr_par' dir='ltr' id='par_1_58' title="bbox 651 5265 2240 5332">
     <span class='ocr_line' id='line_1_60' title="bbox 651 5265 2240 5332; baseline -0.004 -11"><span class='ocrx_word' id='word_1_451' title='bbox 651 5283 884 5324; x_wconf 86' lang='lat' dir='ltr'><strong>consonat</strong></span> <span class='ocrx_word' id='word_1_452' title='bbox 904 5289 1017 5326; x_wconf 88' lang='lat' dir='ltr'><strong>cum</strong></span> <span class='ocrx_word' id='word_1_453' title='bbox 1040 5270 1209 5332; x_wconf 83' lang='lat' dir='ltr'><strong>primis</strong></span> <span class='ocrx_word' id='word_1_454' title='bbox 1230 5265 1348 5332; x_wconf 82' lang='lat' dir='ltr'><strong>illud</strong></span> <span class='ocrx_word' id='word_1_455' title='bbox 1363 5268 1400 5332; x_wconf 52' lang='lat'><strong>&#39;1:</strong></span> <span class='ocrx_word' id='word_1_456' title='bbox 1405 5265 1598 5332; x_wconf 78' lang='lat' dir='ltr'><strong>halmud</strong></span> <span class='ocrx_word' id='word_1_457' title='bbox 1623 5265 1928 5332; x_wconf 68' lang='lat' dir='ltr'><strong>Dechoroth;</strong></span> <span class='ocrx_word' id='word_1_458' title='bbox 1966 5275 2123 5332; x_wconf 81' lang='lat' dir='ltr'><strong>(mare</strong></span> <span class='ocrx_word' id='word_1_459' title='bbox 2163 5279 2240 5314; x_wconf 76' lang='grc' dir='ltr'><strong>ιιο-</strong></span> 
     </span>
    </p>
   </div>
   <div class='ocr_carea' id='block_1_59' title="bbox 651 5327 2242 5394">
    <p class='ocr_par' dir='ltr' id='par_1_59' title="bbox 651 5327 2242 5394">
     <span class='ocr_line' id='line_1_61' title="bbox 651 5327 2242 5394; baseline -0.004 -14"><span class='ocrx_word' id='word_1_460' title='bbox 651 5341 786 5384; x_wconf 79' lang='lat' dir='ltr'><strong>catus</strong></span> <span class='ocrx_word' id='word_1_461' title='bbox 829 5343 900 5387; x_wconf 78' lang='lat' dir='ltr'><strong>est</strong></span> <span class='ocrx_word' id='word_1_462' title='bbox 940 5327 1074 5388; x_wconf 74' lang='lat' dir='ltr'><strong>locus</strong></span> <span class='ocrx_word' id='word_1_463' title='bbox 1117 5331 1205 5382; x_wconf 77' lang='lat' dir='ltr'><strong>iste</strong></span> <span class='ocrx_word' id='word_1_464' title='bbox 1250 5328 1535 5394; x_wconf 74' lang='lat' dir='ltr'><strong>Rhepltt&#39;dim</strong></span> <span class='ocrx_word' id='word_1_465' title='bbox 1562 5327 1588 5379; x_wconf 81' lang='lat'><strong><em>?</em></strong></span> <span class='ocrx_word' id='word_1_466' title='bbox 1631 5328 1766 5388; x_wconf 88' lang='lat' dir='ltr'><strong>Quod</strong></span> <span class='ocrx_word' id='word_1_467' title='bbox 1811 5327 2041 5376; x_wconf 88' lang='lat' dir='ltr'><strong>nimirum</strong></span> <span class='ocrx_word' id='word_1_468' title='bbox 2101 5331 2242 5387; x_wconf 66' lang='grc' dir='ltr'><strong>ἐγω</strong></span> 
     </span>
    </p>
   </div>
   <div class='ocr_carea' id='block_1_60' title="bbox 652 5397 2142 5463">
    <p class='ocr_par' dir='ltr' id='par_1_60' title="bbox 652 5397 2142 5463">
     <span class='ocr_line' id='line_1_62' title="bbox 652 5397 2142 5463; baseline -0.006 -7"><span class='ocrx_word' id='word_1_469' title='bbox 652 5399 828 5463; x_wconf 62' lang='lat' dir='ltr'><strong>D&#39;ll‘l’,</strong></span> <span class='ocrx_word' id='word_1_470' title='bbox 883 5410 1265 5458; x_wconf 72' lang='lat' dir='ltr'><strong>REMISERUNT</strong></span> <span class='ocrx_word' id='word_1_471' title='bbox 1298 5400 1367 5451; x_wconf 79' lang='lat' dir='ltr'><strong>ibi</strong></span> <span class='ocrx_word' id='word_1_472' title='bbox 1405 5407 1792 5463; x_wconf 53' lang='lat' dir='ltr'><strong>IANUSsuasg</strong></span> <span class='ocrx_word' id='word_1_473' title='bbox 1815 5399 1971 5448; x_wconf 78' lang='lat' dir='ltr'><strong>verbis</strong></span> <span class='ocrx_word' id='word_1_474' title='bbox 1994 5397 2142 5461; x_wconf 81' lang='lat' dir='ltr'><strong>Legis.</strong></span> 
     </span>
    </p>
   </div>
   <div class='ocr_carea' id='block_1_61' title="bbox 717 5459 2239 5534">
    <p class='ocr_par' dir='ltr' id='par_1_61' title="bbox 717 5459 2239 5534">
     <span class='ocr_line' id='line_1_63' title="bbox 717 5459 2239 5534; baseline -0.003 -22"><span class='ocrx_word' id='word_1_475' title='bbox 717 5465 790 5534; x_wconf 79' lang='grc' dir='ltr'><strong>(υ)</strong></span> <span class='ocrx_word' id='word_1_476' title='bbox 816 5459 1019 5534; x_wconf 59' lang='grc' dir='ltr'><strong>Ὺίιίρεᾳ</strong></span> <span class='ocrx_word' id='word_1_477' title='bbox 1042 5471 1194 5534; x_wconf 34' lang='lat' dir='ltr'><strong>ant-ea.</strong></span> <span class='ocrx_word' id='word_1_478' title='bbox 1211 5461 1449 5534; x_wconf 63' lang='lat' dir='ltr'><strong>majorpb</strong></span> <span class='ocrx_word' id='word_1_479' title='bbox 1470 5461 1704 5534; x_wconf 69' lang='lat' dir='ltr'><strong>omnibus.</strong></span> <span class='ocrx_word' id='word_1_480' title='bbox 1744 5459 1849 5510; x_wconf 81' lang='lat' dir='ltr'><strong>Hoc</strong></span> <span class='ocrx_word' id='word_1_481' title='bbox 1887 5459 2069 5534; x_wconf 58' lang='lat' dir='ltr'><strong>autent</strong></span> <span class='ocrx_word' id='word_1_482' title='bbox 2090 5471 2239 5509; x_wconf 85' lang='lat' dir='ltr'><strong>sensu</strong></span> 
     </span>
    </p>
   </div>
   <div class='ocr_carea' id='block_1_62' title="bbox 653 5522 2241 5576">
    <p class='ocr_par' dir='ltr' id='par_1_62' title="bbox 653 5522 2241 5576">
     <span class='ocr_line' id='line_1_64' title="bbox 653 5522 2241 5576; baseline 0.002 -9"><span class='ocrx_word' id='word_1_483' title='bbox 653 5522 868 5571; x_wconf 87' lang='lat' dir='ltr'><strong>omnium</strong></span> <span class='ocrx_word' id='word_1_484' title='bbox 892 5522 1326 5576; x_wconf 79' lang='lat' dir='ltr'><strong>celebratissimum</strong></span> <span class='ocrx_word' id='word_1_485' title='bbox 1350 5523 1651 5572; x_wconf 74' lang='lat' dir='ltr'><strong>Mausionem</strong></span> <span class='ocrx_word' id='word_1_486' title='bbox 1671 5522 1794 5570; x_wconf 87' lang='lat' dir='ltr'><strong>hanc</strong></span> <span class='ocrx_word' id='word_1_487' title='bbox 1817 5529 1958 5571; x_wconf 85' lang='lat' dir='ltr'><strong>vocat</strong></span> <span class='ocrx_word' id='word_1_488' title='bbox 1979 5525 2128 5571; x_wconf 89' lang='lat' dir='ltr'><strong>etiam</strong></span> <span class='ocrx_word' id='word_1_489' title='bbox 2151 5534 2241 5571; x_wconf 83' lang='lat' dir='ltr'><strong>ve-</strong></span> 
     </span>
    </p>
   </div>
   <div class='ocr_carea' id='block_1_63' title="bbox 655 5580 2238 5644">
    <p class='ocr_par' dir='ltr' id='par_1_63' title="bbox 655 5580 2238 5644">
     <span class='ocr_line' id='line_1_65' title="bbox 655 5580 2238 5644; baseline 0.003 -18"><span class='ocrx_word' id='word_1_490' title='bbox 655 5584 939 5644; x_wconf 78' lang='lat' dir='ltr'><strong>t_ur_Auctor</strong></span> <span class='ocrx_word' id='word_1_491' title='bbox 982 5586 1254 5644; x_wconf 88' lang='lat' dir='ltr'><strong>bujusmodi</strong></span> <span class='ocrx_word' id='word_1_492' title='bbox 1292 5591 1527 5634; x_wconf 70' lang='lat' dir='ltr'><strong>tradatus</strong></span> <span class='ocrx_word' id='word_1_493' title='bbox 1551 5586 1598 5632; x_wconf 91' lang='lat' dir='ltr'><strong>in</strong></span> <span class='ocrx_word' id='word_1_494' title='bbox 1623 5584 1906 5644; x_wconf 78' lang='lat' dir='ltr'><strong>Appendice</strong></span> <span class='ocrx_word' id='word_1_495' title='bbox 1943 5583 2160 5644; x_wconf 73' lang='lat' dir='ltr'><strong>Operam</strong></span> <span class='ocrx_word' id='word_1_496' title='bbox 2185 5580 2238 5630; x_wconf 90' lang='lat' dir='ltr'><strong>S.</strong></span> 
     </span>
    </p>
   </div>
   <div class='ocr_carea' id='block_1_64' title="bbox 654 5641 2174 5706">
    <p class='ocr_par' dir='ltr' id='par_1_64' title="bbox 654 5641 2174 5706">
     <span class='ocr_line' id='line_1_66' title="bbox 654 5641 2174 5706; baseline 0.003 -17"><span class='ocrx_word' id='word_1_497' title='bbox 654 5641 914 5706; x_wconf 62' lang='lat' dir='ltr'><strong>Ambrosii,</strong></span> <span class='ocrx_word' id='word_1_498' title='bbox 933 5647 1025 5706; x_wconf 79' lang='lat' dir='ltr'><strong>qui</strong></span> <span class='ocrx_word' id='word_1_499' title='bbox 1046 5641 1394 5706; x_wconf 77' lang='lat' dir='ltr'><strong>Hieronymum</strong></span> <span class='ocrx_word' id='word_1_500' title='bbox 1413 5653 1628 5693; x_wconf 76' lang='lat' dir='ltr'><strong>nostrum</strong></span> <span class='ocrx_word' id='word_1_501' title='bbox 1652 5641 2079 5706; x_wconf 76' lang='lat' dir='ltr'><strong>ibterd_um_ex§cri</strong></span> <span class='ocrx_word' id='word_1_502' title='bbox 2087 5645 2174 5693; x_wconf 85' lang='lat' dir='ltr'><strong>bit.</strong></span> 
     </span>
    </p>
   </div>
   <div class='ocr_carea' id='block_1_65' title="bbox 715 5699 2015 5766">
    <p class='ocr_par' dir='ltr' id='par_1_65' title="bbox 715 5699 2015 5766">
     <span class='ocr_line' id='line_1_67' title="bbox 715 5699 2015 5766; baseline 0.003 -18"><span class='ocrx_word' id='word_1_503' title='bbox 715 5699 790 5762; x_wconf 67' lang='grc' dir='ltr'><strong>(ι’)</strong></span> <span class='ocrx_word' id='word_1_504' title='bbox 824 5701 901 5751; x_wconf 79' lang='lat' dir='ltr'><strong>Al.</strong></span> <span class='ocrx_word' id='word_1_505' title='bbox 925 5699 976 5754; x_wconf 78' lang='lat' dir='ltr'><strong>isi</strong></span> <span class='ocrx_word' id='word_1_506' title='bbox 1001 5699 1262 5766; x_wconf 64' lang='lat' dir='ltr'><strong>Apuleios,</strong></span> <span class='ocrx_word' id='word_1_507' title='bbox 1288 5710 1342 5752; x_wconf 89' lang='lat' dir='ltr'><strong>et</strong></span> <span class='ocrx_word' id='word_1_508' title='bbox 1364 5717 1476 5752; x_wconf 90' lang='lat' dir='ltr'><strong>mox</strong></span> <span class='ocrx_word' id='word_1_509' title='bbox 1501 5706 1753 5755; x_wconf 72' lang='lat' dir='ltr'><strong>milesimo</strong></span> <span class='ocrx_word' id='word_1_510' title='bbox 1775 5700 2015 5757; x_wconf 72' lang='lat' dir='ltr'><strong>vicesimo.</strong></span> 
     </span>
    </p>
   </div>
   <div class='ocr_carea' id='block_1_66' title="bbox 1920 257 2584 323">
    <p class='ocr_par' dir='ltr' id='par_1_66' title="bbox 1920 257 2584 323">
     <span class='ocr_line' id='line_1_68' title="bbox 1920 257 2584 323; baseline -0.014 1"><span class='ocrx_word' id='word_1_511' title='bbox 1920 263 2163 323; x_wconf 80' lang='lat' dir='ltr'><strong>SANCTI</strong></span> <span class='ocrx_word' id='word_1_512' title='bbox 2201 257 2584 320; x_wconf 73' lang='lat' dir='ltr'><strong>IIIERONYMI</strong></span> 
     </span>
    </p>
   </div>
   <div class='ocr_carea' id='block_1_67' title="bbox 3795 258 3898 316">
    <p class='ocr_par' dir='ltr' id='par_1_67' title="bbox 3795 258 3898 316">
     <span class='ocr_line' id='line_1_69' title="bbox 3795 258 3898 316; baseline 0.019 -2"><span class='ocrx_word' id='word_1_513' title='bbox 3795 258 3898 316; x_wconf 72' lang='lat'><strong>708</strong></span> 
     </span>
    </p>
   </div>
   <div class='ocr_carea' id='block_1_68' title="bbox 2317 372 3906 445">
    <p class='ocr_par' dir='ltr' id='par_1_68' title="bbox 2317 372 3906 445">
     <span class='ocr_line' id='line_1_70' title="bbox 2317 372 3906 445; baseline -0.001 -14"><span class='ocrx_word' id='word_1_514' title='bbox 2317 377 2408 445; x_wconf 92' lang='lat' dir='ltr'><strong>qui</strong></span> <span class='ocrx_word' id='word_1_515' title='bbox 2430 391 2550 430; x_wconf 86' lang='lat' dir='ltr'><strong>cum</strong></span> <span class='ocrx_word' id='word_1_516' title='bbox 2579 374 2658 431; x_wconf 89' lang='lat' dir='ltr'><strong>eis</strong></span> <span class='ocrx_word' id='word_1_517' title='bbox 2681 381 2868 440; x_wconf 87' lang='lat' dir='ltr'><strong>erant,</strong></span> <span class='ocrx_word' id='word_1_518' title='bbox 2913 373 2966 429; x_wconf 92' lang='lat' dir='ltr'><strong>in</strong></span> <span class='ocrx_word' id='word_1_519' title='bbox 2987 380 3200 429; x_wconf 88' lang='lat' dir='ltr'><strong>centum</strong></span> <span class='ocrx_word' id='word_1_520' title='bbox 3227 372 3413 445; x_wconf 88' lang='lat' dir='ltr'><strong>viginti</strong></span> <span class='ocrx_word' id='word_1_521' title='bbox 3449 372 3702 429; x_wconf 66' lang='lat' dir='ltr'><strong>ﬂosaicae</strong></span> <span class='ocrx_word' id='word_1_522' title='bbox 3731 373 3906 430; x_wconf 64' lang='lat' dir='ltr'><strong>etatis</strong></span> 
     </span>
    </p>
   </div>
   <div class='ocr_carea' id='block_1_69' title="bbox 2316 464 3906 537">
    <p class='ocr_par' dir='ltr' id='par_1_69' title="bbox 2316 464 3906 537">
     <span class='ocr_line' id='line_1_71' title="bbox 2316 464 3906 537; baseline -0.001 -13"><span class='ocrx_word' id='word_1_523' title='bbox 2316 483 2542 524; x_wconf 87' lang='lat' dir='ltr'><strong>numero</strong></span> <span class='ocrx_word' id='word_1_524' title='bbox 2569 465 2904 533; x_wconf 87' lang='lat' dir='ltr'><strong>constitutis,</strong></span> <span class='ocrx_word' id='word_1_525' title='bbox 2945 464 3282 522; x_wconf 84' lang='lat' dir='ltr'><strong>descenderit</strong></span> <span class='ocrx_word' id='word_1_526' title='bbox 3306 465 3536 537; x_wconf 88' lang='lat' dir='ltr'><strong>Spiritus</strong></span> <span class='ocrx_word' id='word_1_527' title='bbox 3565 473 3792 521; x_wconf 86' lang='lat' dir='ltr'><strong>sanctus</strong></span> <span class='ocrx_word' id='word_1_528' title='bbox 3811 505 3828 532; x_wconf 92' lang='lat'><strong>,</strong></span> <span class='ocrx_word' id='word_1_529' title='bbox 3853 474 3906 522; x_wconf 91' lang='lat' dir='ltr'><strong>et</strong></span> 
     </span>
    </p>
   </div>
   <div class='ocr_carea' id='block_1_70' title="bbox 2313 551 3904 628">
    <p class='ocr_par' dir='ltr' id='par_1_70' title="bbox 2313 551 3904 628">
     <span class='ocr_line' id='line_1_72' title="bbox 2313 551 3904 628; baseline -0.002 -15"><span class='ocrx_word' id='word_1_530' title='bbox 2313 559 2498 614; x_wconf 85' lang='lat' dir='ltr'><strong>divisis</strong></span> <span class='ocrx_word' id='word_1_531' title='bbox 2518 558 2712 628; x_wconf 85' lang='lat' dir='ltr'><strong>linguis</strong></span> <span class='ocrx_word' id='word_1_532' title='bbox 2736 555 3090 622; x_wconf 87' lang='lat' dir='ltr'><strong>credentium,</strong></span> <span class='ocrx_word' id='word_1_533' title='bbox 3114 565 3257 611; x_wconf 92' lang='lat' dir='ltr'><strong>totus</strong></span> <span class='ocrx_word' id='word_1_534' title='bbox 3292 551 3613 626; x_wconf 81' lang='lat' dir='ltr'><strong>Evangelica</strong></span> <span class='ocrx_word' id='word_1_535' title='bbox 3644 555 3904 625; x_wconf 65' lang='lat' dir='ltr'><strong>pradica-</strong></span> 
     </span>
    </p>
   </div>
   <div class='ocr_carea' id='block_1_71' title="bbox 2318 645 3907 716">
    <p class='ocr_par' dir='ltr' id='par_1_71' title="bbox 2318 645 3907 716">
     <span class='ocr_line' id='line_1_73' title="bbox 2318 645 3907 716; baseline 0 -14"><span class='ocrx_word' id='word_1_536' title='bbox 2318 649 2462 703; x_wconf 91' lang='lat' dir='ltr'><strong>tione</strong></span> <span class='ocrx_word' id='word_1_537' title='bbox 2493 647 2724 702; x_wconf 88' lang='lat' dir='ltr'><strong>mundus</strong></span> <span class='ocrx_word' id='word_1_538' title='bbox 2752 647 2995 716; x_wconf 87' lang='lat' dir='ltr'><strong>expletus</strong></span> <span class='ocrx_word' id='word_1_539' title='bbox 3037 648 3126 701; x_wconf 85' lang='lat' dir='ltr'><strong>sit.</strong></span> <span class='ocrx_word' id='word_1_540' title='bbox 3157 645 3395 714; x_wconf 87' lang='lat' dir='ltr'><strong>Longum</strong></span> <span class='ocrx_word' id='word_1_541' title='bbox 3441 654 3525 700; x_wconf 90' lang='lat' dir='ltr'><strong>est</strong></span> <span class='ocrx_word' id='word_1_542' title='bbox 3566 646 3612 700; x_wconf 92' lang='lat' dir='ltr'><strong>si</strong></span> <span class='ocrx_word' id='word_1_543' title='bbox 3640 646 3907 716; x_wconf 86' lang='lat' dir='ltr'><strong>replicare</strong></span> 
     </span>
    </p>
   </div>
   <div class='ocr_carea' id='block_1_72' title="bbox 2315 736 3907 808">
    <p class='ocr_par' dir='ltr' id='par_1_72' title="bbox 2315 736 3907 808">
     <span class='ocr_line' id='line_1_74' title="bbox 2315 736 3907 808; baseline 0.001 -18"><span class='ocrx_word' id='word_1_544' title='bbox 2315 739 2472 793; x_wconf 88' lang='lat' dir='ltr'><strong>velim</strong></span> <span class='ocrx_word' id='word_1_545' title='bbox 2494 779 2510 805; x_wconf 90' lang='lat'><strong>,</strong></span> <span class='ocrx_word' id='word_1_546' title='bbox 2537 738 2679 808; x_wconf 89' lang='lat' dir='ltr'><strong>quod</strong></span> <span class='ocrx_word' id='word_1_547' title='bbox 2711 738 2765 792; x_wconf 92' lang='lat' dir='ltr'><strong>in</strong></span> <span class='ocrx_word' id='word_1_548' title='bbox 2793 739 2910 807; x_wconf 83' lang='lat' dir='ltr'><strong>lege</strong></span> <span class='ocrx_word' id='word_1_549' title='bbox 2940 747 3261 808; x_wconf 62' lang='lat' dir='ltr'><strong>praeceptum</strong></span> <span class='ocrx_word' id='word_1_550' title='bbox 3289 737 3359 790; x_wconf 92' lang='lat' dir='ltr'><strong>sit</strong></span> <span class='ocrx_word' id='word_1_551' title='bbox 3389 753 3402 790; x_wconf 92' lang='lat'>:</span> <span class='ocrx_word' id='word_1_552' title='bbox 3441 736 3715 804; x_wconf 90' lang='lat' dir='ltr'><strong>quomodo</strong></span> <span class='ocrx_word' id='word_1_553' title='bbox 3743 737 3907 792; x_wconf 71' lang='lat' dir='ltr'><strong>fabri-</strong></span> 
     </span>
    </p>
   </div>
   <div class='ocr_carea' id='block_1_73' title="bbox 2315 826 3909 898">
    <p class='ocr_par' dir='ltr' id='par_1_73' title="bbox 2315 826 3909 898">
     <span class='ocr_line' id='line_1_75' title="bbox 2315 826 3909 898; baseline 0 -15"><span class='ocrx_word' id='word_1_554' title='bbox 2315 837 2490 883; x_wconf 91' lang='lat' dir='ltr'><strong>catum</strong></span> <span class='ocrx_word' id='word_1_555' title='bbox 2519 829 2920 883; x_wconf 87' lang='lat' dir='ltr'><strong>tabernaculum</strong></span> <span class='ocrx_word' id='word_1_556' title='bbox 2943 869 2956 893; x_wconf 92' lang='lat'><strong>,</strong></span> <span class='ocrx_word' id='word_1_557' title='bbox 2989 843 3108 898; x_wconf 66' lang='lat' dir='ltr'><strong>quae</strong></span> <span class='ocrx_word' id='word_1_558' title='bbox 3159 827 3394 881; x_wconf 85' lang='lat' dir='ltr'><strong>varietas</strong></span> <span class='ocrx_word' id='word_1_559' title='bbox 3425 826 3721 882; x_wconf 84' lang='lat' dir='ltr'><strong>hostiarum</strong></span> <span class='ocrx_word' id='word_1_560' title='bbox 3740 870 3754 890; x_wconf 89' lang='lat'><strong>,</strong></span> <span class='ocrx_word' id='word_1_561' title='bbox 3785 844 3909 897; x_wconf 71' lang='lat' dir='ltr'><strong>quas</strong></span> 
     </span>
    </p>
   </div>
   <div class='ocr_carea' id='block_1_74' title="bbox 2317 917 3913 992">
    <p class='ocr_par' dir='ltr' id='par_1_74' title="bbox 2317 917 3913 992">
     <span class='ocr_line' id='line_1_76' title="bbox 2317 917 3913 992; baseline 0.001 -22"><span class='ocrx_word' id='word_1_562' title='bbox 2317 933 2564 972; x_wconf 86' lang='lat' dir='ltr'><strong>vasorum</strong></span> <span class='ocrx_word' id='word_1_563' title='bbox 2595 918 2896 984; x_wconf 90' lang='lat' dir='ltr'><strong>diversitas,</strong></span> <span class='ocrx_word' id='word_1_564' title='bbox 2914 933 3034 988; x_wconf 64' lang='lat' dir='ltr'><strong>quae</strong></span> <span class='ocrx_word' id='word_1_565' title='bbox 3058 918 3363 972; x_wconf 85' lang='lat' dir='ltr'><strong>indumenta</strong></span> <span class='ocrx_word' id='word_1_566' title='bbox 3380 917 3682 983; x_wconf 83' lang='lat' dir='ltr'><strong>Pontiﬁcis,</strong></span> <span class='ocrx_word' id='word_1_567' title='bbox 3738 918 3913 992; x_wconf 65' lang='grc'><strong>479</strong></span> 
     </span>
    </p>
   </div>
   <div class='ocr_carea' id='block_1_75' title="bbox 2316 1007 3909 1079">
    <p class='ocr_par' dir='ltr' id='par_1_75' title="bbox 2316 1007 3909 1079">
     <span class='ocr_line' id='line_1_77' title="bbox 2316 1007 3909 1079; baseline 0.001 -18"><span class='ocrx_word' id='word_1_568' title='bbox 2316 1023 2436 1077; x_wconf 75' lang='lat' dir='ltr'><strong>qua:</strong></span> <span class='ocrx_word' id='word_1_569' title='bbox 2479 1007 2828 1063; x_wconf 90' lang='lat' dir='ltr'><strong>Sacerdotum</strong></span> <span class='ocrx_word' id='word_1_570' title='bbox 2860 1049 2876 1075; x_wconf 96' lang='lat'><strong>,</strong></span> <span class='ocrx_word' id='word_1_571' title='bbox 2908 1018 2962 1063; x_wconf 91' lang='lat' dir='ltr'><strong>et</strong></span> <span class='ocrx_word' id='word_1_572' title='bbox 3016 1008 3322 1062; x_wconf 89' lang='lat' dir='ltr'><strong>Levitarum</strong></span> <span class='ocrx_word' id='word_1_573' title='bbox 3375 1008 3711 1063; x_wconf 67' lang='lat' dir='ltr'><strong>cmremonize</strong></span> <span class='ocrx_word' id='word_1_574' title='bbox 3731 1050 3748 1074; x_wconf 92' lang='lat'><strong>,</strong></span> <span class='ocrx_word' id='word_1_575' title='bbox 3774 1011 3909 1079; x_wconf 84' lang='lat' dir='ltr'><strong>quid</strong></span> 
     </span>
    </p>
   </div>
   <div class='ocr_carea' id='block_1_76' title="bbox 2317 1097 3912 1167">
    <p class='ocr_par' dir='ltr' id='par_1_76' title="bbox 2317 1097 3912 1167">
     <span class='ocr_line' id='line_1_78' title="bbox 2317 1097 3912 1167; baseline 0.001 -16"><span class='ocrx_word' id='word_1_576' title='bbox 2317 1100 2525 1167; x_wconf 79' lang='lat' dir='ltr'><strong>egerint</strong></span> <span class='ocrx_word' id='word_1_577' title='bbox 2555 1118 2568 1153; x_wconf 93' lang='lat'><strong>:</strong></span> <span class='ocrx_word' id='word_1_578' title='bbox 2597 1098 2866 1167; x_wconf 90' lang='lat' dir='ltr'><strong>quomodo</strong></span> <span class='ocrx_word' id='word_1_579' title='bbox 2893 1097 3122 1166; x_wconf 89' lang='lat' dir='ltr'><strong>populus</strong></span> <span class='ocrx_word' id='word_1_580' title='bbox 3162 1109 3477 1152; x_wconf 87' lang='lat' dir='ltr'><strong>numeratus</strong></span> <span class='ocrx_word' id='word_1_581' title='bbox 3516 1099 3606 1152; x_wconf 88' lang='lat' dir='ltr'><strong>sit.</strong></span> <span class='ocrx_word' id='word_1_582' title='bbox 3642 1097 3756 1153; x_wconf 81' lang='lat' dir='ltr'><strong>Hoc</strong></span> <span class='ocrx_word' id='word_1_583' title='bbox 3792 1107 3912 1152; x_wconf 86' lang='lat' dir='ltr'><strong>tan-</strong></span> 
     </span>
    </p>
   </div>
   <div class='ocr_carea' id='block_1_77' title="bbox 2320 1187 3912 1257">
    <p class='ocr_par' dir='ltr' id='par_1_77' title="bbox 2320 1187 3912 1257">
     <span class='ocr_line' id='line_1_79' title="bbox 2320 1187 3912 1257; baseline 0 -14"><span class='ocrx_word' id='word_1_584' title='bbox 2320 1199 2428 1244; x_wconf 93' lang='lat' dir='ltr'><strong>tum</strong></span> <span class='ocrx_word' id='word_1_585' title='bbox 2456 1189 2660 1255; x_wconf 89' lang='lat' dir='ltr'><strong>dicam,</strong></span> <span class='ocrx_word' id='word_1_586' title='bbox 2701 1188 2841 1257; x_wconf 90' lang='lat' dir='ltr'><strong>quod</strong></span> <span class='ocrx_word' id='word_1_587' title='bbox 2883 1189 3055 1242; x_wconf 90' lang='lat' dir='ltr'><strong>media</strong></span> <span class='ocrx_word' id='word_1_588' title='bbox 3085 1202 3206 1256; x_wconf 87' lang='lat' dir='ltr'><strong>pars</strong></span> <span class='ocrx_word' id='word_1_589' title='bbox 3232 1187 3426 1254; x_wconf 84' lang='lat' dir='ltr'><strong>Exodi,</strong></span> <span class='ocrx_word' id='word_1_590' title='bbox 3456 1197 3511 1243; x_wconf 91' lang='lat' dir='ltr'><strong>et</strong></span> <span class='ocrx_word' id='word_1_591' title='bbox 3537 1197 3682 1243; x_wconf 86' lang='lat' dir='ltr'><strong>totus</strong></span> <span class='ocrx_word' id='word_1_592' title='bbox 3710 1189 3912 1244; x_wconf 74' lang='lat' dir='ltr'><strong>Levitio</strong></span> 
     </span>
    </p>
   </div>
   <div class='ocr_carea' id='block_1_78' title="bbox 2317 1278 3910 1346">
    <p class='ocr_par' dir='ltr' id='par_1_78' title="bbox 2317 1278 3910 1346">
     <span class='ocr_line' id='line_1_80' title="bbox 2317 1278 3910 1346; baseline 0 -14"><span class='ocrx_word' id='word_1_593' title='bbox 2317 1293 2411 1333; x_wconf 88' lang='lat' dir='ltr'><strong>cus</strong></span> <span class='ocrx_word' id='word_1_594' title='bbox 2437 1279 2593 1343; x_wconf 86' lang='lat' dir='ltr'><strong>liber,</strong></span> <span class='ocrx_word' id='word_1_595' title='bbox 2635 1289 2688 1332; x_wconf 90' lang='lat' dir='ltr'><strong>et</strong></span> <span class='ocrx_word' id='word_1_596' title='bbox 2726 1278 3084 1333; x_wconf 87' lang='lat' dir='ltr'><strong>Numerorum</strong></span> <span class='ocrx_word' id='word_1_597' title='bbox 3115 1288 3380 1346; x_wconf 72' lang='lat' dir='ltr'><strong>prtccepta</strong></span> <span class='ocrx_word' id='word_1_598' title='bbox 3426 1290 3531 1332; x_wconf 90' lang='lat' dir='ltr'><strong>n0n</strong></span> <span class='ocrx_word' id='word_1_599' title='bbox 3574 1279 3822 1343; x_wconf 82' lang='lat' dir='ltr'><strong>modica,</strong></span> <span class='ocrx_word' id='word_1_600' title='bbox 3859 1288 3910 1333; x_wconf 88' lang='lat' dir='ltr'><strong>et</strong></span> 
     </span>
    </p>
   </div>
   <div class='ocr_carea' id='block_1_79' title="bbox 2321 1355 3910 1438">
    <p class='ocr_par' dir='ltr' id='par_1_79' title="bbox 2321 1355 3910 1438">
     <span class='ocr_line' id='line_1_81' title="bbox 2321 1355 3910 1438; baseline 0.003 -15"><span class='ocrx_word' id='word_1_601' title='bbox 2321 1384 2416 1438; x_wconf 92' lang='lat' dir='ltr'><strong>per</strong></span> <span class='ocrx_word' id='word_1_602' title='bbox 2452 1355 2688 1438; x_wconf 83' lang='lat' dir='ltr'><strong>singulas</strong></span> <span class='ocrx_word' id='word_1_603' title='bbox 2726 1367 2910 1437; x_wconf 82' lang='lat' dir='ltr'><strong>populi</strong></span> <span class='ocrx_word' id='word_1_604' title='bbox 2944 1369 3112 1422; x_wconf 87' lang='lat' dir='ltr'><strong>tribus</strong></span> <span class='ocrx_word' id='word_1_605' title='bbox 3139 1367 3475 1435; x_wconf 88' lang='lat' dir='ltr'><strong>distributio,</strong></span> <span class='ocrx_word' id='word_1_606' title='bbox 3521 1377 3578 1423; x_wconf 94' lang='lat' dir='ltr'><strong>et</strong></span> <span class='ocrx_word' id='word_1_607' title='bbox 3609 1369 3910 1428; x_wconf 74' lang='lat' dir='ltr'><strong>oblationes</strong></span> 
     </span>
    </p>
   </div>
   <div class='ocr_carea' id='block_1_80' title="bbox 2322 1459 3912 1540">
    <p class='ocr_par' dir='ltr' id='par_1_80' title="bbox 2322 1459 3912 1540">
     <span class='ocr_line' id='line_1_82' title="bbox 2322 1459 3912 1540; baseline 0.002 -27"><span class='ocrx_word' id='word_1_608' title='bbox 2322 1460 2620 1529; x_wconf 90' lang='lat' dir='ltr'><strong>principum</strong></span> <span class='ocrx_word' id='word_1_609' title='bbox 2667 1459 2721 1512; x_wconf 87' lang='lat' dir='ltr'><strong>itt</strong></span> <span class='ocrx_word' id='word_1_610' title='bbox 2754 1459 2852 1514; x_wconf 87' lang='lat' dir='ltr'><strong>hac</strong></span> <span class='ocrx_word' id='word_1_611' title='bbox 2897 1459 3173 1540; x_wconf 53' lang='lat' dir='ltr'><strong>Mat‘jone</strong></span> <span class='ocrx_word' id='word_1_612' title='bbox 3215 1459 3498 1529; x_wconf 65' lang='lat' dir='ltr'><strong>descriptae</strong></span> <span class='ocrx_word' id='word_1_613' title='bbox 3539 1461 3684 1527; x_wconf 90' lang='lat' dir='ltr'><strong>sint,</strong></span> <span class='ocrx_word' id='word_1_614' title='bbox 3719 1462 3912 1516; x_wconf 88' lang='lat' dir='ltr'><strong>multo-</strong></span> 
     </span>
    </p>
   </div>
   <div class='ocr_carea' id='block_1_81' title="bbox 2319 1549 3912 1619">
    <p class='ocr_par' dir='ltr' id='par_1_81' title="bbox 2319 1549 3912 1619">
     <span class='ocr_line' id='line_1_83' title="bbox 2319 1549 3912 1619; baseline 0.001 -15"><span class='ocrx_word' id='word_1_615' title='bbox 2319 1564 2546 1619; x_wconf 88' lang='lat' dir='ltr'><strong>rumque</strong></span> <span class='ocrx_word' id='word_1_616' title='bbox 2575 1550 2902 1603; x_wconf 83' lang='lat' dir='ltr'><strong>voluminum</strong></span> <span class='ocrx_word' id='word_1_617' title='bbox 2934 1550 3223 1619; x_wconf 87' lang='lat' dir='ltr'><strong>disputatio</strong></span> <span class='ocrx_word' id='word_1_618' title='bbox 3247 1549 3371 1605; x_wconf 91' lang='lat' dir='ltr'><strong>huic</strong></span> <span class='ocrx_word' id='word_1_619' title='bbox 3402 1552 3518 1604; x_wconf 92' lang='lat' dir='ltr'><strong>loco</strong></span> <span class='ocrx_word' id='word_1_620' title='bbox 3539 1551 3797 1607; x_wconf 80' lang='lat' dir='ltr'><strong>sufﬁcere</strong></span> <span class='ocrx_word' id='word_1_621' title='bbox 3821 1553 3912 1606; x_wconf 85' lang='lat' dir='ltr'><strong>vix</strong></span> 
     </span>
    </p>
   </div>
   <div class='ocr_carea' id='block_1_82' title="bbox 2322 1638 3916 1710">
    <p class='ocr_par' dir='ltr' id='par_1_82' title="bbox 2322 1638 3916 1710">
     <span class='ocr_line' id='line_1_84' title="bbox 2322 1638 3916 1710; baseline 0.001 -16"><span class='ocrx_word' id='word_1_622' title='bbox 2322 1641 2508 1710; x_wconf 77' lang='lat' dir='ltr'><strong>possit.</strong></span> <span class='ocrx_word' id='word_1_623' title='bbox 2559 1638 2944 1710; x_wconf 66' lang='lat' dir='ltr'><strong>Interprefatur</strong></span> <span class='ocrx_word' id='word_1_624' title='bbox 2968 1651 3146 1695; x_wconf 89' lang='lat' dir='ltr'><strong>autem</strong></span> <span class='ocrx_word' id='word_1_625' title='bbox 3178 1657 3312 1695; x_wconf 75' lang='lat' dir='ltr'><strong>sum</strong></span> <span class='ocrx_word' id='word_1_626' title='bbox 3355 1641 3504 1706; x_wconf 84' lang='lat' dir='ltr'><strong>rubi;</strong></span> <span class='ocrx_word' id='word_1_627' title='bbox 3535 1658 3641 1696; x_wconf 92' lang='lat' dir='ltr'><strong>non</strong></span> <span class='ocrx_word' id='word_1_628' title='bbox 3695 1658 3834 1696; x_wconf 91' lang='lat' dir='ltr'><strong>unus</strong></span> <span class='ocrx_word' id='word_1_629' title='bbox 3861 1653 3916 1696; x_wconf 91' lang='lat' dir='ltr'><strong>ut</strong></span> 
     </span>
    </p>
   </div>
   <div class='ocr_carea' id='block_1_83' title="bbox 2322 1729 3917 1801">
    <p class='ocr_par' dir='ltr' id='par_1_83' title="bbox 2322 1729 3917 1801">
     <span class='ocr_line' id='line_1_85' title="bbox 2322 1729 3917 1801; baseline 0.001 -17"><span class='ocrx_word' id='word_1_630' title='bbox 2322 1745 2481 1798; x_wconf 87' lang='lat' dir='ltr'><strong>supra</strong></span> <span class='ocrx_word' id='word_1_631' title='bbox 2511 1730 2564 1783; x_wconf 91' lang='lat' dir='ltr'><strong>in</strong></span> <span class='ocrx_word' id='word_1_632' title='bbox 2605 1730 2894 1784; x_wconf 88' lang='lat' dir='ltr'><strong>solitudine</strong></span> <span class='ocrx_word' id='word_1_633' title='bbox 2925 1730 3059 1796; x_wconf 92' lang='lat' dir='ltr'><strong>Sin,</strong></span> <span class='ocrx_word' id='word_1_634' title='bbox 3093 1729 3186 1784; x_wconf 89' lang='lat' dir='ltr'><strong>sed</strong></span> <span class='ocrx_word' id='word_1_635' title='bbox 3218 1731 3402 1800; x_wconf 83' lang='lat' dir='ltr'><strong>plures</strong></span> <span class='ocrx_word' id='word_1_636' title='bbox 3431 1748 3444 1783; x_wconf 89' lang='lat'><strong>:</strong></span> <span class='ocrx_word' id='word_1_637' title='bbox 3492 1740 3551 1785; x_wconf 93' lang='lat' dir='ltr'><strong>ut</strong></span> <span class='ocrx_word' id='word_1_638' title='bbox 3600 1731 3671 1785; x_wconf 90' lang='lat' dir='ltr'><strong>ibi</strong></span> <span class='ocrx_word' id='word_1_639' title='bbox 3715 1732 3917 1801; x_wconf 85' lang='lat' dir='ltr'><strong>princi-</strong></span> 
     </span>
    </p>
   </div>
   <div class='ocr_carea' id='block_1_84' title="bbox 2326 1820 3918 1889">
    <p class='ocr_par' dir='ltr' id='par_1_84' title="bbox 2326 1820 3918 1889">
     <span class='ocr_line' id='line_1_86' title="bbox 2326 1820 3918 1889; baseline 0.002 -15"><span class='ocrx_word' id='word_1_640' title='bbox 2326 1820 2466 1888; x_wconf 91' lang='lat' dir='ltr'><strong>pium</strong></span> <span class='ocrx_word' id='word_1_641' title='bbox 2497 1821 2601 1884; x_wconf 90' lang='lat' dir='ltr'><strong>sit,</strong></span> <span class='ocrx_word' id='word_1_642' title='bbox 2637 1820 2721 1874; x_wconf 93' lang='lat' dir='ltr'><strong>hic</strong></span> <span class='ocrx_word' id='word_1_643' title='bbox 2746 1820 3034 1889; x_wconf 86' lang='lat' dir='ltr'><strong>perfectio;</strong></span> <span class='ocrx_word' id='word_1_644' title='bbox 3088 1820 3156 1874; x_wconf 92' lang='lat' dir='ltr'><strong>ibi</strong></span> <span class='ocrx_word' id='word_1_645' title='bbox 3202 1820 3506 1888; x_wconf 83' lang='lat' dir='ltr'><strong>solitarius,</strong></span> <span class='ocrx_word' id='word_1_646' title='bbox 3543 1837 3803 1877; x_wconf 90' lang='lat' dir='ltr'><strong>numerus</strong></span> <span class='ocrx_word' id='word_1_647' title='bbox 3830 1822 3918 1877; x_wconf 91' lang='lat' dir='ltr'><strong>hic</strong></span> 
     </span>
    </p>
   </div>
   <div class='ocr_carea' id='block_1_85' title="bbox 2326 1911 3919 1983">
    <p class='ocr_par' dir='ltr' id='par_1_85' title="bbox 2326 1911 3919 1983">
     <span class='ocr_line' id='line_1_87' title="bbox 2326 1911 3919 1983; baseline 0.001 -19"><span class='ocrx_word' id='word_1_648' title='bbox 2326 1911 2627 1981; x_wconf 84' lang='lat' dir='ltr'><strong>multiplex.</strong></span> <span class='ocrx_word' id='word_1_649' title='bbox 2662 1911 2819 1966; x_wconf 82' lang='lat' dir='ltr'><strong>Aliud</strong></span> <span class='ocrx_word' id='word_1_650' title='bbox 2846 1920 2931 1967; x_wconf 92' lang='lat' dir='ltr'><strong>est</strong></span> <span class='ocrx_word' id='word_1_651' title='bbox 2951 1912 3095 1966; x_wconf 90' lang='lat' dir='ltr'><strong>enim</strong></span> <span class='ocrx_word' id='word_1_652' title='bbox 3122 1927 3306 1978; x_wconf 90' lang='lat' dir='ltr'><strong>unam,</strong></span> <span class='ocrx_word' id='word_1_653' title='bbox 3335 1923 3390 1968; x_wconf 88' lang='lat' dir='ltr'><strong>et</strong></span> <span class='ocrx_word' id='word_1_654' title='bbox 3415 1913 3559 1969; x_wconf 88' lang='lat' dir='ltr'><strong>aliud</strong></span> <span class='ocrx_word' id='word_1_655' title='bbox 3585 1929 3778 1969; x_wconf 87' lang='lat' dir='ltr'><strong>omnes</strong></span> <span class='ocrx_word' id='word_1_656' title='bbox 3803 1929 3919 1983; x_wconf 80' lang='lat' dir='ltr'><strong>gra-</strong></span> 
     </span>
    </p>
   </div>
   <div class='ocr_carea' id='block_1_86' title="bbox 2325 2000 2743 2072">
    <p class='ocr_par' dir='ltr' id='par_1_86' title="bbox 2325 2000 2743 2072">
     <span class='ocr_line' id='line_1_88' title="bbox 2325 2000 2743 2072; baseline -0.002 -15"><span class='ocrx_word' id='word_1_657' title='bbox 2325 2003 2424 2057; x_wconf 86' lang='lat' dir='ltr'><strong>tias</strong></span> <span class='ocrx_word' id='word_1_658' title='bbox 2447 2000 2743 2072; x_wconf 84' lang='lat' dir='ltr'><strong>possidere.</strong></span> 
     </span>
    </p>
   </div>
   <div class='ocr_carea' id='block_1_87' title="bbox 2916 2134 3311 2192">
    <p class='ocr_par' dir='ltr' id='par_1_87' title="bbox 2916 2134 3311 2192">
     <span class='ocr_line' id='line_1_89' title="bbox 2916 2134 3311 2192; baseline 0 -3"><span class='ocrx_word' id='word_1_659' title='bbox 2916 2134 3049 2189; x_wconf 81' lang='lat' dir='ltr'><strong>XIII.</strong></span> <span class='ocrx_word' id='word_1_660' title='bbox 3088 2135 3311 2192; x_wconf 67' lang='lat' dir='ltr'><strong>MANSIO.</strong></span> 
     </span>
    </p>
   </div>
   <div class='ocr_carea' id='block_1_88' title="bbox 2397 2245 3914 2317">
    <p class='ocr_par' dir='ltr' id='par_1_88' title="bbox 2397 2245 3914 2317">
     <span class='ocr_line' id='line_1_90' title="bbox 2397 2245 3914 2317; baseline 0.003 -17"><span class='ocrx_word' id='word_1_661' title='bbox 2397 2245 2467 2301; x_wconf 87' lang='lat' dir='ltr'><strong>Et</strong></span> <span class='ocrx_word' id='word_1_662' title='bbox 2493 2246 2708 2317; x_wconf 76' lang='lat' dir='ltr'><strong>profecti</strong></span> <span class='ocrx_word' id='word_1_663' title='bbox 2747 2247 2810 2301; x_wconf 84' lang='lat' dir='ltr'><strong>de</strong></span> <span class='ocrx_word' id='word_1_664' title='bbox 2833 2247 3106 2302; x_wconf 83' lang='lat' dir='ltr'><strong>solitudine</strong></span> <span class='ocrx_word' id='word_1_665' title='bbox 3147 2249 3333 2316; x_wconf 82' lang='lat' dir='ltr'><strong>Sinai,</strong></span> <span class='ocrx_word' id='word_1_666' title='bbox 3378 2258 3543 2303; x_wconf 87' lang='lat' dir='ltr'><strong>castra</strong></span> <span class='ocrx_word' id='word_1_667' title='bbox 3583 2250 3760 2304; x_wconf 85' lang='lat' dir='ltr'><strong>metati</strong></span> <span class='ocrx_word' id='word_1_668' title='bbox 3797 2262 3914 2306; x_wconf 83' lang='lat' dir='ltr'><strong>sunt</strong></span> 
     </span>
    </p>
   </div>
   <div class='ocr_carea' id='block_1_89' title="bbox 2325 2340 3610 2413">
    <p class='ocr_par' dir='ltr' id='par_1_89' title="bbox 2325 2340 3610 2413">
     <span class='ocr_line' id='line_1_91' title="bbox 2325 2340 3610 2413; baseline 0.002 -21"><span class='ocrx_word' id='word_1_669' title='bbox 2325 2340 2382 2395; x_wconf 88' lang='lat' dir='ltr'><strong>in</strong></span> <span class='ocrx_word' id='word_1_670' title='bbox 2431 2340 2674 2408; x_wconf 83' lang='lat' dir='ltr'><strong>sepulcris</strong></span> <span class='ocrx_word' id='word_1_671' title='bbox 2702 2342 3122 2411; x_wconf 72' lang='lat' dir='ltr'><strong>concupiscentiae</strong></span> <span class='ocrx_word' id='word_1_672' title='bbox 3153 2340 3341 2413; x_wconf 83' lang='lat' dir='ltr'><strong>(Nunt.</strong></span> <span class='ocrx_word' id='word_1_673' title='bbox 3371 2342 3462 2397; x_wconf 78' lang='lat'><strong>35.</strong></span> <span class='ocrx_word' id='word_1_674' title='bbox 3493 2341 3610 2412; x_wconf 87' lang='grc'><strong>16).</strong></span> 
     </span>
    </p>
   </div>
   <div class='ocr_carea' id='block_1_90' title="bbox 2397 2451 3916 2524">
    <p class='ocr_par' dir='ltr' id='par_1_90' title="bbox 2397 2451 3916 2524">
     <span class='ocr_line' id='line_1_92' title="bbox 2397 2451 3916 2524; baseline 0.003 -18"><span class='ocrx_word' id='word_1_675' title='bbox 2397 2451 2578 2506; x_wconf 87' lang='lat' dir='ltr'><strong>Tertia</strong></span> <span class='ocrx_word' id='word_1_676' title='bbox 2605 2451 2812 2508; x_wconf 90' lang='lat' dir='ltr'><strong>decima</strong></span> <span class='ocrx_word' id='word_1_677' title='bbox 2837 2452 3072 2519; x_wconf 82' lang='lat' dir='ltr'><strong>Mansio,</strong></span> <span class='ocrx_word' id='word_1_678' title='bbox 3104 2453 3257 2523; x_wconf 84' lang='lat' dir='ltr'><strong>cujus</strong></span> <span class='ocrx_word' id='word_1_679' title='bbox 3300 2469 3496 2509; x_wconf 80' lang='lat' dir='ltr'><strong>nomen</strong></span> <span class='ocrx_word' id='word_1_680' title='bbox 3530 2453 3608 2524; x_wconf 90' lang='lat' dir='ltr'><strong>(d)</strong></span> <span class='ocrx_word' id='word_1_681' title='bbox 3651 2469 3718 2510; x_wconf 89' lang='lat' dir='ltr'><strong>ex</strong></span> <span class='ocrx_word' id='word_1_682' title='bbox 3751 2454 3916 2510; x_wconf 84' lang='lat' dir='ltr'><strong>inter-</strong></span> 
     </span>
    </p>
   </div>
   <div class='ocr_carea' id='block_1_91' title="bbox 2329 2543 3915 2617">
    <p class='ocr_par' dir='ltr' id='par_1_91' title="bbox 2329 2543 3915 2617">
     <span class='ocr_line' id='line_1_93' title="bbox 2329 2543 3915 2617; baseline 0.003 -20"><span class='ocrx_word' id='word_1_683' title='bbox 2329 2543 2629 2614; x_wconf 90' lang='lat' dir='ltr'><strong>pretatione</strong></span> <span class='ocrx_word' id='word_1_684' title='bbox 2653 2544 2854 2599; x_wconf 85' lang='lat' dir='ltr'><strong>editum</strong></span> <span class='ocrx_word' id='word_1_685' title='bbox 2885 2554 2987 2613; x_wconf 89' lang='lat' dir='ltr'><strong>est,</strong></span> <span class='ocrx_word' id='word_1_686' title='bbox 3020 2545 3159 2615; x_wconf 92' lang='lat' dir='ltr'><strong>apud</strong></span> <span class='ocrx_word' id='word_1_687' title='bbox 3188 2546 3442 2601; x_wconf 65' lang='lat' dir='ltr'><strong>Hebraeos</strong></span> <span class='ocrx_word' id='word_1_688' title='bbox 3479 2547 3795 2617; x_wconf 87' lang='lat' dir='ltr'><strong>appellatur</strong></span> <span class='ocrx_word' id='word_1_689' title='bbox 3820 2560 3915 2602; x_wconf 70' lang='lat' dir='ltr'><strong>cs-</strong></span> 
     </span>
    </p>
   </div>
   <div class='ocr_carea' id='block_1_92' title="bbox 2330 2634 3920 2704">
    <p class='ocr_par' dir='ltr' id='par_1_92' title="bbox 2330 2634 3920 2704">
     <span class='ocr_line' id='line_1_94' title="bbox 2330 2634 3920 2704; baseline 0.003 -17"><span class='ocrx_word' id='word_1_690' title='bbox 2330 2647 2540 2688; x_wconf 75' lang='lat' dir='ltr'><strong>nuonn</strong></span> <span class='ocrx_word' id='word_1_691' title='bbox 2572 2634 2640 2704; x_wconf 77' lang='grc' dir='ltr'><strong>(ε)</strong></span> <span class='ocrx_word' id='word_1_692' title='bbox 2671 2649 2940 2689; x_wconf 73' lang='grc' dir='ltr'><strong>ΑττιιΑνΑ.</strong></span> <span class='ocrx_word' id='word_1_693' title='bbox 2987 2635 3082 2689; x_wconf 88' lang='lat' dir='ltr'><strong>Est</strong></span> <span class='ocrx_word' id='word_1_694' title='bbox 3111 2645 3290 2692; x_wconf 88' lang='lat' dir='ltr'><strong>autem</strong></span> <span class='ocrx_word' id='word_1_695' title='bbox 3315 2651 3503 2691; x_wconf 89' lang='lat' dir='ltr'><strong>sensus</strong></span> <span class='ocrx_word' id='word_1_696' title='bbox 3535 2637 3622 2691; x_wconf 91' lang='lat' dir='ltr'><strong>ille</strong></span> <span class='ocrx_word' id='word_1_697' title='bbox 3646 2637 3715 2691; x_wconf 88' lang='lat' dir='ltr'><strong>de</strong></span> <span class='ocrx_word' id='word_1_698' title='bbox 3741 2636 3920 2691; x_wconf 83' lang='lat' dir='ltr'><strong>Evan-</strong></span> 
     </span>
    </p>
   </div>
   <div class='ocr_carea' id='block_1_93' title="bbox 2327 2725 3918 2798">
    <p class='ocr_par' dir='ltr' id='par_1_93' title="bbox 2327 2725 3918 2798">
     <span class='ocr_line' id='line_1_95' title="bbox 2327 2725 3918 2798; baseline 0.003 -19"><span class='ocrx_word' id='word_1_699' title='bbox 2327 2725 2488 2794; x_wconf 87' lang='lat' dir='ltr'><strong>gelio,</strong></span> <span class='ocrx_word' id='word_1_700' title='bbox 2515 2725 2656 2796; x_wconf 88' lang='lat' dir='ltr'><strong>quod</strong></span> <span class='ocrx_word' id='word_1_701' title='bbox 2685 2725 2842 2781; x_wconf 80' lang='lat' dir='ltr'><strong>.lesus</strong></span> <span class='ocrx_word' id='word_1_702' title='bbox 2871 2726 3173 2797; x_wconf 86' lang='lat' dir='ltr'><strong>baptizatus</strong></span> <span class='ocrx_word' id='word_1_703' title='bbox 3215 2728 3396 2782; x_wconf 87' lang='lat' dir='ltr'><strong>statim</strong></span> <span class='ocrx_word' id='word_1_704' title='bbox 3426 2743 3456 2782; x_wconf 90' lang='lat' dir='ltr'><strong>a</strong></span> <span class='ocrx_word' id='word_1_705' title='bbox 3495 2727 3698 2798; x_wconf 87' lang='lat' dir='ltr'><strong>Spiritu</strong></span> <span class='ocrx_word' id='word_1_706' title='bbox 3723 2729 3918 2784; x_wconf 91' lang='lat' dir='ltr'><strong>ductus</strong></span> 
     </span>
    </p>
   </div>
   <div class='ocr_carea' id='block_1_94' title="bbox 2331 2822 3915 2897">
    <p class='ocr_par' dir='ltr' id='par_1_94' title="bbox 2331 2822 3915 2897">
     <span class='ocr_line' id='line_1_96' title="bbox 2331 2822 3915 2897; baseline 0.002 -21"><span class='ocrx_word' id='word_1_707' title='bbox 2331 2830 2415 2876; x_wconf 87' lang='lat' dir='ltr'><strong>est</strong></span> <span class='ocrx_word' id='word_1_708' title='bbox 2444 2823 2496 2877; x_wconf 91' lang='lat' dir='ltr'><strong>in</strong></span> <span class='ocrx_word' id='word_1_709' title='bbox 2523 2822 2818 2888; x_wconf 91' lang='lat' dir='ltr'><strong>desertum,</strong></span> <span class='ocrx_word' id='word_1_710' title='bbox 2848 2833 2902 2878; x_wconf 89' lang='lat' dir='ltr'><strong>ct</strong></span> <span class='ocrx_word' id='word_1_711' title='bbox 2923 2832 3156 2877; x_wconf 85' lang='lat' dir='ltr'><strong>tentatus</strong></span> <span class='ocrx_word' id='word_1_712' title='bbox 3176 2822 3271 2897; x_wconf 88' lang='lat' dir='ltr'><strong>[al.</strong></span> <span class='ocrx_word' id='word_1_713' title='bbox 3302 2823 3602 2896; x_wconf 68' lang='lat' dir='ltr'><strong>leniebatur]</strong></span> <span class='ocrx_word' id='word_1_714' title='bbox 3627 2839 3658 2878; x_wconf 86' lang='lat' dir='ltr'><strong>a</strong></span> <span class='ocrx_word' id='word_1_715' title='bbox 3682 2824 3915 2879; x_wconf 88' lang='lat' dir='ltr'><strong>diabolo.</strong></span> 
     </span>
    </p>
   </div>
   <div class='ocr_carea' id='block_1_95' title="bbox 2332 2903 3916 2984">
    <p class='ocr_par' dir='ltr' id='par_1_95' title="bbox 2332 2903 3916 2984">
     <span class='ocr_line' id='line_1_97' title="bbox 2332 2903 3916 2984; baseline 0.003 -18"><span class='ocrx_word' id='word_1_716' title='bbox 2332 2911 2514 2983; x_wconf 90' lang='lat' dir='ltr'><strong>Itaque</strong></span> <span class='ocrx_word' id='word_1_717' title='bbox 2535 2921 2590 2967; x_wconf 91' lang='lat' dir='ltr'><strong>et</strong></span> <span class='ocrx_word' id='word_1_718' title='bbox 2616 2903 2778 2968; x_wconf 83' lang='lat' dir='ltr'><strong>Israel</strong></span> <span class='ocrx_word' id='word_1_719' title='bbox 2806 2923 2926 2984; x_wconf 91' lang='lat' dir='ltr'><strong>post</strong></span> <span class='ocrx_word' id='word_1_720' title='bbox 2953 2914 3272 2970; x_wconf 79' lang='lat' dir='ltr'><strong>familiarem</strong></span> <span class='ocrx_word' id='word_1_721' title='bbox 3297 2930 3417 2969; x_wconf 89' lang='lat' dir='ltr'><strong>cum</strong></span> <span class='ocrx_word' id='word_1_722' title='bbox 3456 2915 3684 2969; x_wconf 90' lang='lat' dir='ltr'><strong>Domino</strong></span> <span class='ocrx_word' id='word_1_723' title='bbox 3707 2928 3916 2970; x_wconf 85' lang='lat' dir='ltr'><strong>sermo-</strong></span> 
     </span>
    </p>
   </div>
   <div class='ocr_carea' id='block_1_96' title="bbox 2333 3007 3918 3076">
    <p class='ocr_par' dir='ltr' id='par_1_96' title="bbox 2333 3007 3918 3076">
     <span class='ocr_line' id='line_1_98' title="bbox 2333 3007 3918 3076; baseline 0.003 -18"><span class='ocrx_word' id='word_1_724' title='bbox 2333 3019 2479 3071; x_wconf 89' lang='lat' dir='ltr'><strong>nem,</strong></span> <span class='ocrx_word' id='word_1_725' title='bbox 2511 3015 2788 3075; x_wconf 86' lang='lat' dir='ltr'><strong>postquam</strong></span> <span class='ocrx_word' id='word_1_726' title='bbox 2819 3007 2963 3076; x_wconf 85' lang='lat' dir='ltr'><strong>juxta</strong></span> <span class='ocrx_word' id='word_1_727' title='bbox 2991 3015 3228 3062; x_wconf 90' lang='lat' dir='ltr'><strong>montem</strong></span> <span class='ocrx_word' id='word_1_728' title='bbox 3270 3007 3415 3064; x_wconf 92' lang='lat' dir='ltr'><strong>Sinai</strong></span> <span class='ocrx_word' id='word_1_729' title='bbox 3449 3016 3814 3065; x_wconf 75' lang='lat' dir='ltr'><strong>commoratus</strong></span> <span class='ocrx_word' id='word_1_730' title='bbox 3839 3015 3918 3063; x_wconf 77' lang='lat' dir='ltr'><strong>est</strong></span> 
     </span>
    </p>
   </div>
   <div class='ocr_carea' id='block_1_97' title="bbox 2332 3087 3917 3169">
    <p class='ocr_par' dir='ltr' id='par_1_97' title="bbox 2332 3087 3917 3169">
     <span class='ocr_line' id='line_1_99' title="bbox 2332 3087 3917 3169; baseline 0.006 -22"><span class='ocrx_word' id='word_1_731' title='bbox 2332 3108 2473 3149; x_wconf 91' lang='lat' dir='ltr'><strong>anno</strong></span> <span class='ocrx_word' id='word_1_732' title='bbox 2508 3110 2614 3149; x_wconf 89' lang='lat' dir='ltr'><strong>uno</strong></span> <span class='ocrx_word' id='word_1_733' title='bbox 2654 3107 2704 3150; x_wconf 90' lang='lat' dir='ltr'><strong>et</strong></span> <span class='ocrx_word' id='word_1_734' title='bbox 2741 3096 2932 3151; x_wconf 83' lang='lat' dir='ltr'><strong>diebus</strong></span> <span class='ocrx_word' id='word_1_735' title='bbox 2978 3109 3212 3167; x_wconf 87' lang='lat' dir='ltr'><strong>quatuor</strong></span> <span class='ocrx_word' id='word_1_736' title='bbox 3233 3087 3412 3166; x_wconf 72' lang='lat' dir='ltr'><strong>,mira</strong></span> <span class='ocrx_word' id='word_1_737' title='bbox 3441 3099 3805 3169; x_wconf 81' lang='lat' dir='ltr'><strong>dispositione</strong></span> <span class='ocrx_word' id='word_1_738' title='bbox 3831 3115 3917 3156; x_wconf 87' lang='lat' dir='ltr'><strong>ca-</strong></span> 
     </span>
    </p>
   </div>
   <div class='ocr_carea' id='block_1_98' title="bbox 2332 3187 3918 3262">
    <p class='ocr_par' dir='ltr' id='par_1_98' title="bbox 2332 3187 3918 3262">
     <span class='ocr_line' id='line_1_100' title="bbox 2332 3187 3918 3262; baseline 0.006 -24"><span class='ocrx_word' id='word_1_739' title='bbox 2332 3194 2562 3238; x_wconf 86' lang='lat' dir='ltr'><strong>strorum</strong></span> <span class='ocrx_word' id='word_1_740' title='bbox 2592 3200 2850 3254; x_wconf 79' lang='lat' dir='ltr'><strong>egressus</strong></span> <span class='ocrx_word' id='word_1_741' title='bbox 2879 3187 2929 3240; x_wconf 91' lang='lat' dir='ltr'><strong>in</strong></span> <span class='ocrx_word' id='word_1_742' title='bbox 2955 3187 3298 3244; x_wconf 89' lang='lat' dir='ltr'><strong>solitudinem</strong></span> <span class='ocrx_word' id='word_1_743' title='bbox 3331 3188 3402 3260; x_wconf 80' lang='grc' dir='ltr'><strong>(Ῑ)</strong></span> <span class='ocrx_word' id='word_1_744' title='bbox 3431 3205 3657 3256; x_wconf 65' lang='lat' dir='ltr'><strong>rusum,</strong></span> <span class='ocrx_word' id='word_1_745' title='bbox 3692 3207 3817 3262; x_wconf 74' lang='lat' dir='ltr'><strong>qua:</strong></span> <span class='ocrx_word' id='word_1_746' title='bbox 3842 3193 3918 3247; x_wconf 81' lang='lat' dir='ltr'><strong>in-</strong></span> 
     </span>
    </p>
   </div>
   <div class='ocr_carea' id='block_1_99' title="bbox 2334 3278 3918 3348">
    <p class='ocr_par' dir='ltr' id='par_1_99' title="bbox 2334 3278 3918 3348">
     <span class='ocr_line' id='line_1_101' title="bbox 2334 3278 3918 3348; baseline 0.004 -20"><span class='ocrx_word' id='word_1_747' title='bbox 2334 3283 2676 3344; x_wconf 87' lang='lat' dir='ltr'><strong>terpretatur,</strong></span> <span class='ocrx_word' id='word_1_748' title='bbox 2705 3292 2915 3346; x_wconf 85' lang='lat' dir='ltr'><strong>onager,</strong></span> <span class='ocrx_word' id='word_1_749' title='bbox 2945 3287 3037 3330; x_wconf 90' lang='lat' dir='ltr'><strong>aut</strong></span> <span class='ocrx_word' id='word_1_750' title='bbox 3063 3278 3260 3347; x_wconf 79' lang='lat' dir='ltr'><strong>feritas,</strong></span> <span class='ocrx_word' id='word_1_751' title='bbox 3288 3279 3467 3348; x_wconf 86' lang='lat' dir='ltr'><strong>ibique</strong></span> <span class='ocrx_word' id='word_1_752' title='bbox 3494 3282 3794 3335; x_wconf 81' lang='lat' dir='ltr'><strong>suecutnbit</strong></span> <span class='ocrx_word' id='word_1_753' title='bbox 3821 3298 3918 3336; x_wconf 57' lang='lat' dir='ltr'><strong>ma.</strong></span> 
     </span>
    </p>
   </div>
   <div class='ocr_carea' id='block_1_100' title="bbox 2332 3365 3916 3444">
    <p class='ocr_par' dir='ltr' id='par_1_100' title="bbox 2332 3365 3916 3444">
     <span class='ocr_line' id='line_1_102' title="bbox 2332 3365 3916 3444; baseline 0.004 -24"><span class='ocrx_word' id='word_1_754' title='bbox 2332 3365 2396 3420; x_wconf 73' lang='lat' dir='ltr'><strong>la:</strong></span> <span class='ocrx_word' id='word_1_755' title='bbox 2422 3367 2606 3422; x_wconf 69' lang='lat' dir='ltr'><strong>bestiae</strong></span> <span class='ocrx_word' id='word_1_756' title='bbox 2627 3407 2642 3434; x_wconf 94' lang='lat'><strong>,</strong></span> <span class='ocrx_word' id='word_1_757' title='bbox 2675 3366 2951 3426; x_wconf 86' lang='lat' dir='ltr'><strong>fastidiens</strong></span> <span class='ocrx_word' id='word_1_758' title='bbox 2980 3371 3253 3424; x_wconf 64' lang='lat' dir='ltr'><strong>caelestem</strong></span> <span class='ocrx_word' id='word_1_759' title='bbox 3283 3386 3470 3440; x_wconf 88' lang='lat' dir='ltr'><strong>panem</strong></span> <span class='ocrx_word' id='word_1_760' title='bbox 3492 3412 3507 3436; x_wconf 94' lang='lat'><strong>,</strong></span> <span class='ocrx_word' id='word_1_761' title='bbox 3554 3382 3608 3425; x_wconf 90' lang='lat' dir='ltr'><strong>et</strong></span> <span class='ocrx_word' id='word_1_762' title='bbox 3636 3371 3916 3444; x_wconf 63' lang='lat' dir='ltr'><strong>Egyptio-</strong></span> 
     </span>
    </p>
   </div>
   <div class='ocr_carea' id='block_1_101' title="bbox 2333 3460 3914 3532">
    <p class='ocr_par' dir='ltr' id='par_1_101' title="bbox 2333 3460 3914 3532">
     <span class='ocr_line' id='line_1_103' title="bbox 2333 3460 3914 3532; baseline 0.004 -20"><span class='ocrx_word' id='word_1_763' title='bbox 2333 3473 2451 3512; x_wconf 88' lang='lat' dir='ltr'><strong>rttm</strong></span> <span class='ocrx_word' id='word_1_764' title='bbox 2520 3473 2710 3512; x_wconf 89' lang='lat' dir='ltr'><strong>carnes</strong></span> <span class='ocrx_word' id='word_1_765' title='bbox 2759 3460 3112 3527; x_wconf 88' lang='lat' dir='ltr'><strong>desiderans,</strong></span> <span class='ocrx_word' id='word_1_766' title='bbox 3163 3462 3376 3532; x_wconf 89' lang='lat' dir='ltr'><strong>quando</strong></span> <span class='ocrx_word' id='word_1_767' title='bbox 3424 3465 3621 3517; x_wconf 89' lang='lat' dir='ltr'><strong>multos</strong></span> <span class='ocrx_word' id='word_1_768' title='bbox 3685 3466 3914 3519; x_wconf 88' lang='lat' dir='ltr'><strong>subitum</strong></span> 
     </span>
    </p>
   </div>
   <div class='ocr_carea' id='block_1_102' title="bbox 2334 3549 3918 3630">
    <p class='ocr_par' dir='ltr' id='par_1_102' title="bbox 2334 3549 3918 3630">
     <span class='ocr_line' id='line_1_104' title="bbox 2334 3549 3918 3630; baseline 0.009 -31"><span class='ocrx_word' id='word_1_769' title='bbox 2334 3549 2540 3602; x_wconf 89' lang='lat' dir='ltr'><strong>voravit</strong></span> <span class='ocrx_word' id='word_1_770' title='bbox 2566 3549 2903 3616; x_wconf 87' lang='lat' dir='ltr'><strong>incendium;</strong></span> <span class='ocrx_word' id='word_1_771' title='bbox 2932 3563 2986 3605; x_wconf 93' lang='lat' dir='ltr'><strong>et</strong></span> <span class='ocrx_word' id='word_1_772' title='bbox 3017 3553 3377 3610; x_wconf 88' lang='lat' dir='ltr'><strong>intercedente</strong></span> <span class='ocrx_word' id='word_1_773' title='bbox 3402 3553 3583 3626; x_wconf 78' lang='lat' dir='ltr'><strong>Moyse</strong></span> <span class='ocrx_word' id='word_1_774' title='bbox 3612 3555 3798 3630; x_wconf 73' lang='lat' dir='ltr'><strong>(Nam.</strong></span> <span class='ocrx_word' id='word_1_775' title='bbox 3832 3559 3918 3614; x_wconf 88' lang='grc'><strong>11.</strong></span> 
     </span>
    </p>
   </div>
   <div class='ocr_carea' id='block_1_103' title="bbox 2338 3640 3919 3718">
    <p class='ocr_par' dir='ltr' id='par_1_103' title="bbox 2338 3640 3919 3718">
     <span class='ocr_line' id='line_1_105' title="bbox 2338 3640 3919 3718; baseline 0.006 -24"><span class='ocrx_word' id='word_1_776' title='bbox 2338 3641 2389 3695; x_wconf 93' lang='grc'><strong>1.</strong></span> <span class='ocrx_word' id='word_1_777' title='bbox 2417 3650 2465 3695; x_wconf 87' lang='lat' dir='ltr'><strong>et</strong></span> <span class='ocrx_word' id='word_1_778' title='bbox 2492 3640 2568 3713; x_wconf 74' lang='grc' dir='ltr'><strong>Ξ),</strong></span> <span class='ocrx_word' id='word_1_779' title='bbox 2590 3643 2807 3697; x_wconf 90' lang='lat' dir='ltr'><strong>humum</strong></span> <span class='ocrx_word' id='word_1_780' title='bbox 2851 3659 3013 3699; x_wconf 85' lang='lat' dir='ltr'><strong>vorax</strong></span> <span class='ocrx_word' id='word_1_781' title='bbox 3045 3645 3258 3701; x_wconf 84' lang='lat' dir='ltr'><strong>flamma</strong></span> <span class='ocrx_word' id='word_1_782' title='bbox 3291 3649 3811 3718; x_wconf 82' lang='lat' dir='ltr'><strong>consumpsit.Ttmc</strong></span> <span class='ocrx_word' id='word_1_783' title='bbox 3835 3666 3919 3704; x_wconf 83' lang='lat' dir='ltr'><strong>ac-</strong></span> 
     </span>
    </p>
   </div>
   <div class='ocr_carea' id='block_1_104' title="bbox 2335 3731 3918 3806">
    <p class='ocr_par' dir='ltr' id='par_1_104' title="bbox 2335 3731 3918 3806">
     <span class='ocr_line' id='line_1_106' title="bbox 2335 3731 3918 3806; baseline 0.005 -21"><span class='ocrx_word' id='word_1_784' title='bbox 2335 3731 2537 3800; x_wconf 89' lang='lat' dir='ltr'><strong>cipiunt</strong></span> <span class='ocrx_word' id='word_1_785' title='bbox 2561 3733 2886 3799; x_wconf 88' lang='lat' dir='ltr'><strong>coturnices,</strong></span> <span class='ocrx_word' id='word_1_786' title='bbox 2920 3744 2974 3789; x_wconf 90' lang='lat' dir='ltr'><strong>et</strong></span> <span class='ocrx_word' id='word_1_787' title='bbox 3003 3751 3172 3806; x_wconf 88' lang='lat' dir='ltr'><strong>usque</strong></span> <span class='ocrx_word' id='word_1_788' title='bbox 3196 3737 3262 3791; x_wconf 88' lang='lat' dir='ltr'><strong>ad</strong></span> <span class='ocrx_word' id='word_1_789' title='bbox 3296 3753 3547 3792; x_wconf 87' lang='lat' dir='ltr'><strong>nauseam</strong></span> <span class='ocrx_word' id='word_1_790' title='bbox 3580 3754 3644 3793; x_wconf 90' lang='lat' dir='ltr'><strong>ac</strong></span> <span class='ocrx_word' id='word_1_791' title='bbox 3667 3743 3918 3794; x_wconf 85' lang='lat' dir='ltr'><strong>\‘0tttilttm</strong></span> 
     </span>
    </p>
   </div>
   <div class='ocr_carea' id='block_1_105' title="bbox 2337 3821 3920 3901">
    <p class='ocr_par' dir='ltr' id='par_1_105' title="bbox 2337 3821 3920 3901">
     <span class='ocr_line' id='line_1_107' title="bbox 2337 3821 3920 3901; baseline 0.006 -26"><span class='ocrx_word' id='word_1_792' title='bbox 2337 3821 2618 3876; x_wconf 89' lang='lat' dir='ltr'><strong>devorant.</strong></span> <span class='ocrx_word' id='word_1_793' title='bbox 2666 3824 2943 3894; x_wconf 88' lang='lat' dir='ltr'><strong>Eliguntur</strong></span> <span class='ocrx_word' id='word_1_794' title='bbox 2987 3829 3317 3897; x_wconf 83' lang='lat' dir='ltr'><strong>septuaginta</strong></span> <span class='ocrx_word' id='word_1_795' title='bbox 3347 3828 3691 3901; x_wconf 84' lang='lat' dir='ltr'><strong>Presbyteri;</strong></span> <span class='ocrx_word' id='word_1_796' title='bbox 3727 3833 3920 3886; x_wconf 83' lang='lat' dir='ltr'><strong>vadunt</strong></span> 
     </span>
    </p>
   </div>
   <div class='ocr_carea' id='block_1_106' title="bbox 2337 3913 3920 3984">
    <p class='ocr_par' dir='ltr' id='par_1_106' title="bbox 2337 3913 3920 3984">
     <span class='ocr_line' id='line_1_108' title="bbox 2337 3913 3920 3984; baseline 0.009 -19"><span class='ocrx_word' id='word_1_797' title='bbox 2337 3913 2402 3966; x_wconf 84' lang='lat' dir='ltr'><strong>ad</strong></span> <span class='ocrx_word' id='word_1_798' title='bbox 2441 3914 2638 3968; x_wconf 90' lang='lat' dir='ltr'><strong>ostium</strong></span> <span class='ocrx_word' id='word_1_799' title='bbox 2663 3916 3013 3983; x_wconf 76' lang='lat' dir='ltr'><strong>tabernaculi,</strong></span> <span class='ocrx_word' id='word_1_800' title='bbox 3044 3919 3150 3973; x_wconf 91' lang='lat' dir='ltr'><strong>duo</strong></span> <span class='ocrx_word' id='word_1_801' title='bbox 3176 3930 3476 3984; x_wconf 86' lang='lat' dir='ltr'><strong>remanent,</strong></span> <span class='ocrx_word' id='word_1_802' title='bbox 3506 3922 3712 3977; x_wconf 82' lang='lat' dir='ltr'><strong>IIeltlad</strong></span> <span class='ocrx_word' id='word_1_803' title='bbox 3753 3935 3808 3979; x_wconf 88' lang='lat' dir='ltr'><strong>et</strong></span> <span class='ocrx_word' id='word_1_804' title='bbox 3828 3924 3920 3979; x_wconf 70' lang='lat' dir='ltr'><strong>ille-</strong></span> 
     </span>
    </p>
   </div>
   <div class='ocr_carea' id='block_1_107' title="bbox 2337 4003 3919 4079">
    <p class='ocr_par' dir='ltr' id='par_1_107' title="bbox 2337 4003 3919 4079">
     <span class='ocr_line' id='line_1_109' title="bbox 2337 4003 3919 4079; baseline 0.006 -21"><span class='ocrx_word' id='word_1_805' title='bbox 2337 4003 2479 4070; x_wconf 89' lang='lat' dir='ltr'><strong>dad,</strong></span> <span class='ocrx_word' id='word_1_806' title='bbox 2513 4020 2616 4060; x_wconf 88' lang='lat' dir='ltr'><strong>non</strong></span> <span class='ocrx_word' id='word_1_807' title='bbox 2659 4006 2866 4076; x_wconf 91' lang='lat' dir='ltr'><strong>imperii</strong></span> <span class='ocrx_word' id='word_1_808' title='bbox 2913 4010 3280 4079; x_wconf 83' lang='lat' dir='ltr'><strong>negligentes,</strong></span> <span class='ocrx_word' id='word_1_809' title='bbox 3313 4012 3408 4067; x_wconf 88' lang='lat' dir='ltr'><strong>sed</strong></span> <span class='ocrx_word' id='word_1_810' title='bbox 3451 4013 3755 4070; x_wconf 88' lang='lat' dir='ltr'><strong>humilitate</strong></span> <span class='ocrx_word' id='word_1_811' title='bbox 3799 4016 3919 4069; x_wconf 90' lang='lat' dir='ltr'><strong>sub-</strong></span> 
     </span>
    </p>
   </div>
   <div class='ocr_carea' id='block_1_108' title="bbox 2342 4098 3922 4176">
    <p class='ocr_par' dir='ltr' id='par_1_108' title="bbox 2342 4098 3922 4176">
     <span class='ocr_line' id='line_1_110' title="bbox 2342 4098 3922 4176; baseline 0.005 -24"><span class='ocrx_word' id='word_1_812' title='bbox 2342 4098 2513 4166; x_wconf 87' lang='lat' dir='ltr'><strong>ntissi,</strong></span> <span class='ocrx_word' id='word_1_813' title='bbox 2541 4099 2670 4154; x_wconf 92' lang='lat' dir='ltr'><strong>dum</strong></span> <span class='ocrx_word' id='word_1_814' title='bbox 2701 4115 2759 4155; x_wconf 83' lang='lat' dir='ltr'><strong>se</strong></span> <span class='ocrx_word' id='word_1_815' title='bbox 2796 4101 3000 4156; x_wconf 89' lang='lat' dir='ltr'><strong>honore</strong></span> <span class='ocrx_word' id='word_1_816' title='bbox 3031 4103 3360 4159; x_wconf 86' lang='lat' dir='ltr'><strong>arbitrantur</strong></span> <span class='ocrx_word' id='word_1_817' title='bbox 3393 4105 3656 4176; x_wconf 80' lang='lat' dir='ltr'><strong>indignos.</strong></span> <span class='ocrx_word' id='word_1_818' title='bbox 3691 4105 3848 4162; x_wconf 88' lang='lat' dir='ltr'><strong>Unde</strong></span> <span class='ocrx_word' id='word_1_819' title='bbox 3874 4116 3922 4161; x_wconf 86' lang='lat' dir='ltr'><strong>et</strong></span> 
     </span>
    </p>
   </div>
   <div class='ocr_carea' id='block_1_109' title="bbox 2342 4190 3924 4268">
    <p class='ocr_par' dir='ltr' id='par_1_109' title="bbox 2342 4190 3924 4268">
     <span class='ocr_line' id='line_1_111' title="bbox 2342 4190 3924 4268; baseline 0.004 -25"><span class='ocrx_word' id='word_1_820' title='bbox 2342 4190 2596 4245; x_wconf 86' lang='lat' dir='ltr'><strong>absentes</strong></span> <span class='ocrx_word' id='word_1_821' title='bbox 2625 4192 2979 4262; x_wconf 84' lang='lat' dir='ltr'><strong>prophetam;</strong></span> <span class='ocrx_word' id='word_1_822' title='bbox 3009 4202 3352 4266; x_wconf 77' lang='lat' dir='ltr'><strong>saturataque</strong></span> <span class='ocrx_word' id='word_1_823' title='bbox 3377 4199 3596 4268; x_wconf 91' lang='lat' dir='ltr'><strong>populo,</strong></span> <span class='ocrx_word' id='word_1_824' title='bbox 3620 4199 3740 4251; x_wconf 81' lang='lat' dir='ltr'><strong>dum</strong></span> <span class='ocrx_word' id='word_1_825' title='bbox 3761 4199 3924 4252; x_wconf 83' lang='lat' dir='ltr'><strong>adhuc</strong></span> 
     </span>
    </p>
   </div>
   <div class='ocr_carea' id='block_1_110' title="bbox 2340 4285 3921 4358">
    <p class='ocr_par' dir='ltr' id='par_1_110' title="bbox 2340 4285 3921 4358">
     <span class='ocr_line' id='line_1_112' title="bbox 2340 4285 3921 4358; baseline 0.003 -21"><span class='ocrx_word' id='word_1_826' title='bbox 2340 4299 2469 4338; x_wconf 71' lang='lat' dir='ltr'><strong>escae</strong></span> <span class='ocrx_word' id='word_1_827' title='bbox 2510 4295 2674 4339; x_wconf 84' lang='lat' dir='ltr'><strong>essent</strong></span> <span class='ocrx_word' id='word_1_828' title='bbox 2698 4285 2752 4338; x_wconf 88' lang='lat' dir='ltr'><strong>in</strong></span> <span class='ocrx_word' id='word_1_829' title='bbox 2795 4300 2884 4340; x_wconf 88' lang='lat' dir='ltr'><strong>ore</strong></span> <span class='ocrx_word' id='word_1_830' title='bbox 2911 4302 3082 4340; x_wconf 84' lang='lat' dir='ltr'><strong>eorum</strong></span> <span class='ocrx_word' id='word_1_831' title='bbox 3105 4327 3118 4350; x_wconf 90' lang='lat'><strong>,</strong></span> <span class='ocrx_word' id='word_1_832' title='bbox 3151 4289 3230 4340; x_wconf 90' lang='lat' dir='ltr'><strong>ira</strong></span> <span class='ocrx_word' id='word_1_833' title='bbox 3261 4287 3355 4342; x_wconf 85' lang='lat' dir='ltr'><strong>Dei</strong></span> <span class='ocrx_word' id='word_1_834' title='bbox 3393 4291 3619 4343; x_wconf 86' lang='lat' dir='ltr'><strong>ascendit</strong></span> <span class='ocrx_word' id='word_1_835' title='bbox 3647 4306 3800 4358; x_wconf 85' lang='lat' dir='ltr'><strong>super</strong></span> <span class='ocrx_word' id='word_1_836' title='bbox 3824 4307 3921 4352; x_wconf 81' lang='lat' dir='ltr'><strong>eos,</strong></span> 
     </span>
    </p>
   </div>
   <div class='ocr_carea' id='block_1_111' title="bbox 2341 4376 3927 4450">
    <p class='ocr_par' dir='ltr' id='par_1_111' title="bbox 2341 4376 3927 4450">
     <span class='ocr_line' id='line_1_113' title="bbox 2341 4376 3927 4450; baseline 0.001 -20"><span class='ocrx_word' id='word_1_837' title='bbox 2341 4386 2387 4430; x_wconf 89' lang='lat' dir='ltr'><strong>et</strong></span> <span class='ocrx_word' id='word_1_838' title='bbox 2410 4376 2591 4429; x_wconf 90' lang='lat' dir='ltr'><strong>occidit</strong></span> <span class='ocrx_word' id='word_1_839' title='bbox 2638 4377 2848 4448; x_wconf 80' lang='lat' dir='ltr'><strong>pingues</strong></span> <span class='ocrx_word' id='word_1_840' title='bbox 2883 4394 3089 4442; x_wconf 86' lang='lat' dir='ltr'><strong>eorum,</strong></span> <span class='ocrx_word' id='word_1_841' title='bbox 3119 4390 3165 4433; x_wconf 87' lang='lat' dir='ltr'><strong>et</strong></span> <span class='ocrx_word' id='word_1_842' title='bbox 3212 4380 3394 4434; x_wconf 88' lang='lat' dir='ltr'><strong>electos</strong></span> <span class='ocrx_word' id='word_1_843' title='bbox 3424 4379 3590 4434; x_wconf 85' lang='lat' dir='ltr'><strong>Israel</strong></span> <span class='ocrx_word' id='word_1_844' title='bbox 3635 4382 3927 4450; x_wconf 76' lang='lat' dir='ltr'><strong>preepedieit</strong></span> 
     </span>
    </p>
   </div>
   <div class='ocr_carea' id='block_1_112' title="bbox 2344 4466 3929 4538">
    <p class='ocr_par' dir='ltr' id='par_1_112' title="bbox 2344 4466 3929 4538">
     <span class='ocr_line' id='line_1_114' title="bbox 2344 4466 3929 4538; baseline 0.004 -17"><span class='ocrx_word' id='word_1_845' title='bbox 2344 4466 2460 4537; x_wconf 88' lang='lat' dir='ltr'><strong>(Ps.</strong></span> <span class='ocrx_word' id='word_1_846' title='bbox 2489 4467 2578 4522; x_wconf 86' lang='lat'><strong>77.</strong></span> <span class='ocrx_word' id='word_1_847' title='bbox 2603 4468 2658 4538; x_wconf 83' lang='lat'><strong>5)</strong></span> <span class='ocrx_word' id='word_1_848' title='bbox 2696 4485 2708 4522; x_wconf 93' lang='lat'><strong>:</strong></span> <span class='ocrx_word' id='word_1_849' title='bbox 2733 4484 2802 4524; x_wconf 86' lang='lat' dir='ltr'><strong>tte</strong></span> <span class='ocrx_word' id='word_1_850' title='bbox 2825 4469 2890 4523; x_wconf 87' lang='lat' dir='ltr'><strong>ad</strong></span> <span class='ocrx_word' id='word_1_851' title='bbox 2921 4471 3119 4524; x_wconf 89' lang='lat' dir='ltr'><strong>malum</strong></span> <span class='ocrx_word' id='word_1_852' title='bbox 3148 4472 3407 4526; x_wconf 88' lang='lat' dir='ltr'><strong>velociter</strong></span> <span class='ocrx_word' id='word_1_853' title='bbox 3431 4483 3714 4528; x_wconf 90' lang='lat' dir='ltr'><strong>currerent</strong></span> <span class='ocrx_word' id='word_1_854' title='bbox 3738 4493 3751 4527; x_wconf 92' lang='lat'>:</span> <span class='ocrx_word' id='word_1_855' title='bbox 3790 4473 3929 4527; x_wconf 89' lang='lat' dir='ltr'><strong>unde</strong></span> 
     </span>
    </p>
   </div>
   <div class='ocr_carea' id='block_1_113' title="bbox 2343 4561 3931 4634">
    <p class='ocr_par' dir='ltr' id='par_1_113' title="bbox 2343 4561 3931 4634">
     <span class='ocr_line' id='line_1_115' title="bbox 2343 4561 3931 4634; baseline 0.001 -19"><span class='ocrx_word' id='word_1_856' title='bbox 2343 4571 2398 4615; x_wconf 91' lang='lat' dir='ltr'><strong>et</strong></span> <span class='ocrx_word' id='word_1_857' title='bbox 2420 4561 2720 4630; x_wconf 87' lang='lat' dir='ltr'><strong>appellatus</strong></span> <span class='ocrx_word' id='word_1_858' title='bbox 2750 4571 2832 4617; x_wconf 87' lang='lat' dir='ltr'><strong>est</strong></span> <span class='ocrx_word' id='word_1_859' title='bbox 2857 4563 3033 4631; x_wconf 87' lang='lat' dir='ltr'><strong>locus,</strong></span> <span class='ocrx_word' id='word_1_860' title='bbox 3062 4564 3296 4634; x_wconf 85' lang='lat' dir='ltr'><strong>sepulcra</strong></span> <span class='ocrx_word' id='word_1_861' title='bbox 3321 4567 3785 4631; x_wconf 66' lang='lat' dir='ltr'><strong>concupiscendos;</strong></span> <span class='ocrx_word' id='word_1_862' title='bbox 3821 4567 3931 4618; x_wconf 82' lang='lat' dir='ltr'><strong>sive</strong></span> 
     </span>
    </p>
   </div>
   <div class='ocr_carea' id='block_1_114' title="bbox 2343 4651 3922 4725">
    <p class='ocr_par' dir='ltr' id='par_1_114' title="bbox 2343 4651 3922 4725">
     <span class='ocr_line' id='line_1_116' title="bbox 2343 4651 3922 4725; baseline 0.001 -19"><span class='ocrx_word' id='word_1_863' title='bbox 2343 4661 2402 4707; x_wconf 92' lang='lat' dir='ltr'><strong>ut</strong></span> <span class='ocrx_word' id='word_1_864' title='bbox 2473 4651 2639 4724; x_wconf 61' lang='lat'><strong>580</strong></span> <span class='ocrx_word' id='word_1_865' title='bbox 2717 4653 2768 4707; x_wconf 91' lang='lat' dir='ltr'><strong>in</strong></span> <span class='ocrx_word' id='word_1_866' title='bbox 2800 4653 3141 4725; x_wconf 80' lang='lat' dir='ltr'><strong>Septuaginta</strong></span> <span class='ocrx_word' id='word_1_867' title='bbox 3171 4655 3414 4724; x_wconf 78' lang='lat' dir='ltr'><strong>legimus,</strong></span> <span class='ocrx_word' id='word_1_868' title='bbox 3447 4656 3686 4708; x_wconf 87' lang='lat' dir='ltr'><strong>memoria</strong></span> <span class='ocrx_word' id='word_1_869' title='bbox 3713 4656 3922 4708; x_wconf 54' lang='lat' dir='ltr'><strong>deside.</strong></span> 
     </span>
    </p>
   </div>
   <div class='ocr_carea' id='block_1_115' title="bbox 2344 4745 3933 4816">
    <p class='ocr_par' dir='ltr' id='par_1_115' title="bbox 2344 4745 3933 4816">
     <span class='ocr_line' id='line_1_117' title="bbox 2344 4745 3933 4816; baseline 0.001 -18"><span class='ocrx_word' id='word_1_870' title='bbox 2344 4746 2431 4798; x_wconf 86' lang='lat' dir='ltr'><strong>rii.</strong></span> <span class='ocrx_word' id='word_1_871' title='bbox 2455 4751 2532 4816; x_wconf 84' lang='lat' dir='ltr'><strong>(g)</strong></span> <span class='ocrx_word' id='word_1_872' title='bbox 2563 4745 2640 4801; x_wconf 80' lang='lat' dir='ltr'><strong>Ex</strong></span> <span class='ocrx_word' id='word_1_873' title='bbox 2671 4746 2865 4816; x_wconf 91' lang='lat' dir='ltr'><strong>quibus</strong></span> <span class='ocrx_word' id='word_1_874' title='bbox 2894 4747 3144 4802; x_wconf 88' lang='lat' dir='ltr'><strong>omnibus</strong></span> <span class='ocrx_word' id='word_1_875' title='bbox 3173 4763 3272 4802; x_wconf 88' lang='lat' dir='ltr'><strong>nos</strong></span> <span class='ocrx_word' id='word_1_876' title='bbox 3299 4763 3484 4803; x_wconf 83' lang='lat' dir='ltr'><strong>omnes</strong></span> <span class='ocrx_word' id='word_1_877' title='bbox 3511 4748 3770 4800; x_wconf 89' lang='lat' dir='ltr'><strong>docemur</strong></span> <span class='ocrx_word' id='word_1_878' title='bbox 3789 4787 3806 4811; x_wconf 93' lang='lat'><strong>,</strong></span> <span class='ocrx_word' id='word_1_879' title='bbox 3845 4747 3933 4816; x_wconf 91' lang='lat' dir='ltr'><strong>qui</strong></span> 
     </span>
    </p>
   </div>
   <div class='ocr_carea' id='block_1_116' title="bbox 2345 4877 3934 5004">
    <p class='ocr_par' dir='ltr' id='par_1_116' title="bbox 2345 4877 3934 5004">
     <span class='ocr_line' id='line_1_118' title="bbox 2345 4877 3934 5004; baseline -0.001 -75"><span class='ocrx_word' id='word_1_880' title='bbox 2345 4880 2485 4992; x_wconf 41' lang='lat' dir='ltr'><strong>ull(.da)</strong></span> <span class='ocrx_word' id='word_1_881' title='bbox 2501 4879 2822 5004; x_wconf 47' lang='grc' dir='ltr'><strong>δῐξιῖιᾶἰὶἔθοιθ</strong></span> <span class='ocrx_word' id='word_1_882' title='bbox 2847 4880 3047 4944; x_wconf 84' lang='lat' dir='ltr'><strong>vulgati,</strong></span> <span class='ocrx_word' id='word_1_883' title='bbox 3073 4895 3185 4933; x_wconf 85' lang='lat' dir='ltr'><strong>cum</strong></span> <span class='ocrx_word' id='word_1_884' title='bbox 3206 4878 3622 4947; x_wconf 81' lang='lat' dir='ltr'><strong>interpretatione;</strong></span> <span class='ocrx_word' id='word_1_885' title='bbox 3654 4877 3934 4928; x_wconf 85' lang='lat' dir='ltr'><strong>emendan-</strong></span> 
     </span>
     <span class='ocr_line' id='line_1_119' title="bbox 2527 4958 2710 4989; baseline 0 0"><span class='ocrx_word' id='word_1_886' title='bbox 2527 4958 2551 4989; x_wconf 65' lang='grc' dir='ltr'><strong>ί.</strong></span> <span class='ocrx_word' id='word_1_887' title='bbox 2700 4979 2710 4989; x_wconf 93' lang='grc'><strong>.</strong></span> 
     </span>
    </p>
   </div>
   <div class='ocr_carea' id='block_1_117' title="bbox 2527 4958 2710 4989">
    <p class='ocr_par' dir='ltr' id='par_1_117' title="bbox 2527 4958 2710 4989">
     <span class='ocr_line' id='line_1_120' title="bbox 2527 4958 2710 4989; baseline 0 0"><span class='ocrx_word' id='word_1_888' title='bbox 2527 4958 2710 4989; x_wconf 69' lang='grc' dir='ltr'><strong>ιτιυιιδ.</strong></span> 
     </span>
    </p>
   </div>
   <div class='ocr_carea' id='block_1_118' title="bbox 2409 5001 3932 5073">
    <p class='ocr_par' dir='ltr' id='par_1_118' title="bbox 2409 5001 3932 5073">
     <span class='ocr_line' id='line_1_121' title="bbox 2409 5001 3932 5073; baseline -0.002 -20"><span class='ocrx_word' id='word_1_889' title='bbox 2409 5003 2477 5066; x_wconf 80' lang='lat' dir='ltr'><strong>(e)</strong></span> <span class='ocrx_word' id='word_1_890' title='bbox 2513 5001 2632 5073; x_wconf 75' lang='lat' dir='ltr'><strong>Mss.</strong></span> <span class='ocrx_word' id='word_1_891' title='bbox 2653 5003 2836 5073; x_wconf 69' lang='lat' dir='ltr'><strong>aliquot</strong></span> <span class='ocrx_word' id='word_1_892' title='bbox 2871 5019 2984 5073; x_wconf 86' lang='lat' dir='ltr'><strong>cu_m__</strong></span> <span class='ocrx_word' id='word_1_893' title='bbox 3018 5007 3366 5073; x_wconf 76' lang='lat' dir='ltr'><strong>vetustioribus</strong></span> <span class='ocrx_word' id='word_1_894' title='bbox 3401 5003 3547 5073; x_wconf 77' lang='lat' dir='ltr'><strong>editis</strong></span> <span class='ocrx_word' id='word_1_895' title='bbox 3591 5006 3739 5073; x_wconf 64' lang='lat' dir='ltr'><strong>Attica</strong></span> <span class='ocrx_word' id='word_1_896' title='bbox 3755 5013 3782 5073; x_wconf 76' lang='lat'><strong>,&#39;_</strong></span> <span class='ocrx_word' id='word_1_897' title='bbox 3803 5001 3932 5073; x_wconf 75' lang='lat' dir='ltr'><strong>male</strong></span> 
     </span>
    </p>
   </div>
   <div class='ocr_carea' id='block_1_119' title="bbox 2347 5059 3931 5126">
    <p class='ocr_par' dir='ltr' id='par_1_119' title="bbox 2347 5059 3931 5126">
     <span class='ocr_line' id='line_1_122' title="bbox 2347 5059 3931 5126; baseline -0.004 -9"><span class='ocrx_word' id='word_1_898' title='bbox 2347 5059 2514 5116; x_wconf 75' lang='lat' dir='ltr'><strong>autem</strong></span> <span class='ocrx_word' id='word_1_899' title='bbox 2537 5059 2916 5126; x_wconf 13' lang='lat' dir='ltr'><strong>postiEt&#39;asmunt</strong></span> <span class='ocrx_word' id='word_1_900' title='bbox 2930 5069 3172 5118; x_wconf 87' lang='lat' dir='ltr'><strong>Victorius</strong></span> <span class='ocrx_word' id='word_1_901' title='bbox 3192 5068 3389 5117; x_wconf 88' lang='lat' dir='ltr'><strong>aliunde</strong></span> <span class='ocrx_word' id='word_1_902' title='bbox 3407 5066 3668 5118; x_wconf 83' lang='lat' dir='ltr'><strong>induxerat</strong></span> <span class='ocrx_word' id='word_1_903' title='bbox 3687 5059 3931 5126; x_wconf 61' lang='grc' dir='ltr'><strong>(εἰρηνοιὴ</strong></span> 
     </span>
    </p>
   </div>
   <div class='ocr_carea' id='block_1_120' title="bbox 2347 5125 3929 5191">
    <p class='ocr_par' dir='ltr' id='par_1_120' title="bbox 2347 5125 3929 5191">
     <span class='ocr_line' id='line_1_123' title="bbox 2347 5125 3929 5191; baseline -0.003 -13"><span class='ocrx_word' id='word_1_904' title='bbox 2347 5125 2548 5191; x_wconf 37' lang='lat' dir='ltr'><strong>Ataave.’</strong></span> <span class='ocrx_word' id='word_1_905' title='bbox 2565 5125 2673 5191; x_wconf 69' lang='lat' dir='ltr'><strong>Sed</strong></span> <span class='ocrx_word' id='word_1_906' title='bbox 2683 5141 2831 5191; x_wconf 82' lang='lat' dir='ltr'><strong>quam</strong></span> <span class='ocrx_word' id='word_1_907' title='bbox 2855 5131 2904 5177; x_wconf 90' lang='lat' dir='ltr'><strong>in</strong></span> <span class='ocrx_word' id='word_1_908' title='bbox 2930 5129 3156 5191; x_wconf 82' lang='lat' dir='ltr'><strong>legendis</strong></span> <span class='ocrx_word' id='word_1_909' title='bbox 3199 5129 3426 5179; x_wconf 69' lang='lat' dir='ltr'><strong>Hebraeis</strong></span> <span class='ocrx_word' id='word_1_910' title='bbox 3461 5127 3712 5176; x_wconf 88' lang='lat' dir='ltr'><strong>vocabulis</strong></span> <span class='ocrx_word' id='word_1_911' title='bbox 3749 5125 3929 5191; x_wconf 72' lang='lat' dir='ltr'><strong>Masso-</strong></span> 
     </span>
    </p>
   </div>
   <div class='ocr_carea' id='block_1_121' title="bbox 2345 5187 3931 5252">
    <p class='ocr_par' dir='ltr' id='par_1_121' title="bbox 2345 5187 3931 5252">
     <span class='ocr_line' id='line_1_124' title="bbox 2345 5187 3931 5252; baseline -0.003 -13"><span class='ocrx_word' id='word_1_912' title='bbox 2345 5190 2580 5239; x_wconf 85' lang='lat' dir='ltr'><strong>retbicam</strong></span> <span class='ocrx_word' id='word_1_913' title='bbox 2627 5187 2716 5235; x_wconf 39' lang='lat' dir='ltr'><strong>illi‘</strong></span> <span class='ocrx_word' id='word_1_914' title='bbox 2739 5187 3012 5252; x_wconf 66' lang='lat' dir='ltr'><strong>sequuntur</strong></span> <span class='ocrx_word' id='word_1_915' title='bbox 3050 5193 3320 5251; x_wconf 87' lang='lat' dir='ltr'><strong>rationem,</strong></span> <span class='ocrx_word' id='word_1_916' title='bbox 3358 5191 3506 5239; x_wconf 89' lang='lat' dir='ltr'><strong>tertio</strong></span> <span class='ocrx_word' id='word_1_917' title='bbox 3541 5200 3742 5251; x_wconf 85' lang='lat' dir='ltr'><strong>quoque</strong></span> <span class='ocrx_word' id='word_1_918' title='bbox 3784 5189 3931 5236; x_wconf 84' lang='lat' dir='ltr'><strong>verbo</strong></span> 
     </span>
    </p>
   </div>
   <div class='ocr_carea' id='block_1_122' title="bbox 2346 5253 3138 5314">
    <p class='ocr_par' dir='ltr' id='par_1_122' title="bbox 2346 5253 3138 5314">
     <span class='ocr_line' id='line_1_125' title="bbox 2346 5253 3138 5314; baseline -0.003 -12"><span class='ocrx_word' id='word_1_919' title='bbox 2346 5253 2706 5314; x_wconf 60' lang='lat' dir='ltr'><strong>cistigarepon</strong></span> <span class='ocrx_word' id='word_1_920' title='bbox 2731 5259 2884 5310; x_wconf 86' lang='lat' dir='ltr'><strong>vacat,</strong></span> <span class='ocrx_word' id='word_1_921' title='bbox 2911 5261 2963 5302; x_wconf 90' lang='lat' dir='ltr'><strong>et</strong></span> <span class='ocrx_word' id='word_1_922' title='bbox 2985 5254 3138 5314; x_wconf 84' lang='lat' dir='ltr'><strong>piget.</strong></span> 
     </span>
    </p>
   </div>
   <div class='ocr_carea' id='block_1_123' title="bbox 2409 5310 3930 5430">
    <p class='ocr_par' dir='ltr' id='par_1_123' title="bbox 2409 5310 3930 5430">
     <span class='ocr_line' id='line_1_126' title="bbox 2409 5310 3930 5430; baseline -0.003 -70"><span class='ocrx_word' id='word_1_923' title='bbox 2409 5310 2490 5375; x_wconf 60' lang='lat' dir='ltr'><strong>(fi</strong></span> <span class='ocrx_word' id='word_1_924' title='bbox 2520 5310 2646 5391; x_wconf 60' lang='lat' dir='ltr'><strong>Diale</strong></span> <span class='ocrx_word' id='word_1_925' title='bbox 2668 5315 2801 5393; x_wconf 49' lang='lat' dir='ltr'><strong>Im;</strong></span> <span class='ocrx_word' id='word_1_926' title='bbox 2819 5310 3082 5376; x_wconf 71' lang='lat' dir='ltr'><strong>scripserat</strong></span> <span class='ocrx_word' id='word_1_927' title='bbox 3103 5314 3410 5364; x_wconf 69' lang='lat' dir='ltr'><strong>Martianasus</strong></span> <span class='ocrx_word' id='word_1_928' title='bbox 3433 5324 3522 5373; x_wconf 80' lang='lat' dir='ltr'><strong>pro</strong></span> <span class='ocrx_word' id='word_1_929' title='bbox 3540 5316 3709 5430; x_wconf 57' lang='lat' dir='ltr'><strong>PRD;</strong></span> <span class='ocrx_word' id='word_1_930' title='bbox 3739 5311 3830 5359; x_wconf 90' lang='lat' dir='ltr'><strong>nisi</strong></span> <span class='ocrx_word' id='word_1_931' title='bbox 3852 5311 3930 5367; x_wconf 86' lang='lat' dir='ltr'><strong>sit,</strong></span> 
     </span>
     <span class='ocr_line' id='line_1_127' title="bbox 2424 5380 3930 5430; baseline -0.002 0"><span class='ocrx_word' id='word_1_932' title='bbox 2424 5394 2618 5430; x_wconf 77' lang='lat' dir='ltr'><strong>promus</strong></span> <span class='ocrx_word' id='word_1_933' title='bbox 2639 5381 2939 5430; x_wconf 66' lang='lat' dir='ltr'><strong>designaret-</strong></span> <span class='ocrx_word' id='word_1_934' title='bbox 2966 5385 3096 5430; x_wconf 89' lang='lat' dir='ltr'><strong>unde</strong></span> <span class='ocrx_word' id='word_1_935' title='bbox 3121 5384 3326 5430; x_wconf 86' lang='lat' dir='ltr'><strong>nominis</strong></span> <span class='ocrx_word' id='word_1_936' title='bbox 3349 5385 3536 5430; x_wconf 78' lang='lat' dir='ltr'><strong>interpr</strong></span> <span class='ocrx_word' id='word_1_937' title='bbox 3573 5382 3693 5430; x_wconf 87' lang='lat' dir='ltr'><strong>tatio</strong></span> <span class='ocrx_word' id='word_1_938' title='bbox 3717 5380 3930 5428; x_wconf 87' lang='lat' dir='ltr'><strong>haurire-</strong></span> 
     </span>
    </p>
   </div>
   <div class='ocr_carea' id='block_1_124' title="bbox 2347 5380 3932 5446">
    <p class='ocr_par' dir='ltr' id='par_1_124' title="bbox 2347 5380 3932 5446">
     <span class='ocr_line' id='line_1_128' title="bbox 2347 5380 3932 5446; baseline -0.003 -15"><span class='ocrx_word' id='word_1_939' title='bbox 2347 5390 2404 5432; x_wconf 91' lang='lat' dir='ltr'><strong>ut</strong></span> <span class='ocrx_word' id='word_1_940' title='bbox 2424 5382 2618 5445; x_wconf 82' lang='lat' dir='ltr'><strong>propius</strong></span> <span class='ocrx_word' id='word_1_941' title='bbox 2639 5380 2940 5446; x_wconf 61' lang='lat' dir='ltr'><strong>designaret,</strong></span> <span class='ocrx_word' id='word_1_942' title='bbox 2966 5385 3096 5433; x_wconf 91' lang='lat' dir='ltr'><strong>unde</strong></span> <span class='ocrx_word' id='word_1_943' title='bbox 3121 5384 3326 5446; x_wconf 86' lang='lat' dir='ltr'><strong>nominis</strong></span> <span class='ocrx_word' id='word_1_944' title='bbox 3349 5380 3693 5443; x_wconf 73' lang='lat' dir='ltr'><strong>interpretatio</strong></span> <span class='ocrx_word' id='word_1_945' title='bbox 3717 5380 3932 5428; x_wconf 82' lang='lat' dir='ltr'><strong>haurire-</strong></span> 
     </span>
    </p>
   </div>
   <div class='ocr_carea' id='block_1_125' title="bbox 2348 5444 3932 5504">
    <p class='ocr_par' dir='ltr' id='par_1_125' title="bbox 2348 5444 3932 5504">
     <span class='ocr_line' id='line_1_129' title="bbox 2348 5444 3932 5504; baseline -0.005 -10"><span class='ocrx_word' id='word_1_946' title='bbox 2348 5444 2444 5504; x_wconf 86' lang='lat' dir='ltr'><strong>tur,</strong></span> <span class='ocrx_word' id='word_1_947' title='bbox 2469 5455 2645 5491; x_wconf 85' lang='lat' dir='ltr'><strong>nomen</strong></span> <span class='ocrx_word' id='word_1_948' title='bbox 2671 5444 2788 5493; x_wconf 83' lang='lat' dir='ltr'><strong>illud</strong></span> <span class='ocrx_word' id='word_1_949' title='bbox 2812 5445 3070 5504; x_wconf 85' lang='lat' dir='ltr'><strong>conﬁnxit;</strong></span> <span class='ocrx_word' id='word_1_950' title='bbox 3114 5453 3191 5494; x_wconf 84' lang='lat' dir='ltr'><strong>est</strong></span> <span class='ocrx_word' id='word_1_951' title='bbox 3215 5445 3346 5494; x_wconf 89' lang='lat' dir='ltr'><strong>enim</strong></span> <span class='ocrx_word' id='word_1_952' title='bbox 3371 5457 3397 5490; x_wconf 89' lang='lat' dir='ltr'><strong>a</strong></span> <span class='ocrx_word' id='word_1_953' title='bbox 3423 5449 3533 5502; x_wconf 68' lang='grc' dir='ltr'><strong>κὊ</strong></span> <span class='ocrx_word' id='word_1_954' title='bbox 3551 5479 3564 5499; x_wconf 87' lang='grc'><em>,</em></span> <span class='ocrx_word' id='word_1_955' title='bbox 3605 5454 3808 5503; x_wconf 84' lang='lat' dir='ltr'><strong>onager,</strong></span> <span class='ocrx_word' id='word_1_956' title='bbox 3848 5451 3932 5487; x_wconf 62' lang='lat' dir='ltr'><strong>nc.</strong></span> 
     </span>
    </p>
   </div>
   <div class='ocr_carea' id='block_1_126' title="bbox 2346 5510 3934 5685">
    <p class='ocr_par' dir='ltr' id='par_1_126' title="bbox 2346 5510 3934 5685">
     <span class='ocr_line' id='line_1_130' title="bbox 2346 5510 3934 5594; baseline -0.006 -29"><span class='ocrx_word' id='word_1_957' title='bbox 2346 5529 2459 5589; x_wconf 76' lang='lat' dir='ltr'><strong>men</strong></span> <span class='ocrx_word' id='word_1_958' title='bbox 2660 5514 2760 5564; x_wconf 89' lang='lat' dir='ltr'><strong>Sed</strong></span> <span class='ocrx_word' id='word_1_959' title='bbox 2783 5516 3077 5588; x_wconf 80' lang='lat' dir='ltr'><strong>quandoque</strong></span> <span class='ocrx_word' id='word_1_960' title='bbox 3098 5527 3268 5588; x_wconf 81' lang='lat' dir='ltr'><strong>sonum</strong></span> <span class='ocrx_word' id='word_1_961' title='bbox 3291 5513 3441 5585; x_wconf 78' lang='lat' dir='ltr'><strong>vocis,</strong></span> <span class='ocrx_word' id='word_1_962' title='bbox 3456 5524 3549 5584; x_wconf 79' lang='lat' dir='ltr'><strong>non</strong></span> <span class='ocrx_word' id='word_1_963' title='bbox 3569 5510 3762 5560; x_wconf 76' lang='lat' dir='ltr'><strong>litteras</strong></span> <span class='ocrx_word' id='word_1_964' title='bbox 3781 5519 3934 5579; x_wconf 78' lang='lat' dir='ltr'><strong>atten-</strong></span> 
     </span>
     <span class='ocr_line' id='line_1_131' title="bbox 2346 5571 3932 5685; baseline -0.009 -54"><span class='ocrx_word' id='word_1_965' title='bbox 2346 5579 2853 5685; x_wconf 45' lang='lat' dir='ltr'><strong>gﬁﬁahﬁeronymum</strong></span> <span class='ocrx_word' id='word_1_966' title='bbox 2879 5590 2928 5625; x_wconf 80' lang='lat' dir='ltr'><strong>tn</strong></span> <span class='ocrx_word' id='word_1_967' title='bbox 2951 5576 3210 5626; x_wconf 74' lang='lat' dir='ltr'><strong>Hebraicis</strong></span> <span class='ocrx_word' id='word_1_968' title='bbox 3229 5577 3509 5623; x_wconf 77' lang='lat' dir='ltr'><strong>nominibus</strong></span> <span class='ocrx_word' id='word_1_969' title='bbox 3532 5571 3932 5634; x_wconf 75' lang='lat' dir='ltr'><strong>interpretandis,</strong></span> 
     </span>
    </p>
   </div>
   <div class='ocr_carea' id='block_1_127' title="bbox 2407 5654 2551 5690">
    <p class='ocr_par' dir='ltr' id='par_1_127' title="bbox 2407 5654 2551 5690">
     <span class='ocr_line' id='line_1_132' title="bbox 2407 5654 2551 5690; baseline -0.007 -2"><span class='ocrx_word' id='word_1_970' title='bbox 2407 5654 2534 5690; x_wconf 70' lang='lat' dir='ltr'><strong>nssat</strong></span> <span class='ocrx_word' id='word_1_971' title='bbox 2541 5676 2551 5687; x_wconf 91' lang='lat'><strong>.</strong></span> 
     </span>
    </p>
   </div>
   <div class='ocr_carea' id='block_1_128' title="bbox 2345 5651 3934 5766">
    <p class='ocr_par' dir='ltr' id='par_1_128' title="bbox 2345 5651 3934 5766">
     <span class='ocr_line' id='line_1_133' title="bbox 2345 5651 3934 5766; baseline -0.011 -5"><span class='ocrx_word' id='word_1_972' title='bbox 2345 5651 2684 5766; x_wconf 47' lang='grc' dir='ltr'><strong>ωιξὲΐιέυνη</strong></span> <span class='ocrx_word' id='word_1_973' title='bbox 2707 5697 2929 5752; x_wconf 83' lang='lat' dir='ltr'><strong>laudatus</strong></span> <span class='ocrx_word' id='word_1_974' title='bbox 2967 5697 3144 5749; x_wconf 82' lang='lat' dir='ltr'><strong>Auctor</strong></span> <span class='ocrx_word' id='word_1_975' title='bbox 3166 5698 3215 5748; x_wconf 86' lang='lat' dir='ltr'><strong>in</strong></span> <span class='ocrx_word' id='word_1_976' title='bbox 3237 5693 3461 5758; x_wconf 77' lang='lat' dir='ltr'><strong>Append.</strong></span> <span class='ocrx_word' id='word_1_977' title='bbox 3487 5693 3712 5759; x_wconf 75' lang='lat' dir='ltr'><strong>Opes-um</strong></span> <span class='ocrx_word' id='word_1_978' title='bbox 3744 5692 3800 5745; x_wconf 88' lang='lat' dir='ltr'><strong>S.</strong></span> <span class='ocrx_word' id='word_1_979' title='bbox 3827 5692 3934 5744; x_wconf 73' lang='lat' dir='ltr'><strong>An:-</strong></span> 
     </span>
    </p>
   </div>
  </div>
