4056 6184
230 326 341 400 ita

231 466 452 527 stupore
476 467 529 513 et
554 456 807 511 miraculo
821 454 1019 511 Christi
1047 456 1462 525 magnitudinem
1483 458 1756 512 confiteris
1781 476 1796 512 :

235 547 388 602 Vides
423 548 492 601 ibi
530 547 722 599 mullos
751 546 964 600 virtutis
994 555 1096 600 tua:
1119 547 1296 600 socios
1323 565 1335 600 :
1365 547 1471 601 noli
1517 549 1682 600 altum
1711 556 1796 601 8a-

232 650 382 706 pere,
412 638 501 691 sed
527 639 669 691 time.
707 637 963 691 Dominus
990 638 1132 692 enim
1167 638 1410 707 superbis
1436 638 1664 705 resistit,
1698 637 1803 705 hu-V

230 729 445 782 milibus
474 736 648 782 autem
678 728 769 782 dat
818 728 1043 798 gratiam
1077 729 1217 800 (Jac.
1251 729 1328 798 ι).
1360 726 1427 782 ΕΙ.
1451 730 1538 798 qui
1567 736 1626 783 se
1656 726 1802 783 exal-

230 828 325 879 tat,
355 819 529 872 videat
569 832 634 873 tte
676 818 833 873 cadat
878 821 957 888 (i.
989 818 1109 874 Cor.
1142 806 1255 889 ιθ).
1293 810 1531 875 Potentes
1571 829 1797 891 potenter

224 910 472 961 tormenta
519 909 774 978 patientur
803 905 962 978 (Sap.
990 909 1045 964 6.
1079 911 1153 979 7).
1185 910 1357 966 Tuto:
1394 923 1666 966 vnururul
1695 926 1794 965 cu-

224 1007 337 1050 stos
366 1006 491 1051 est:
536 998 800 1051 Securitas
852 998 917 1051 ad
968 998 1172 1068 lapsum
1224 1000 1411 1055 facilis.
1444 1000 1595 1056 Unde
1637 1010 1691 1056 et
1739 1001 1791 1055 in

219 1088 459 1156 quodam
511 1088 745 1151 I‘salmo,
774 1090 1055 1157 postquam
1102 1090 1359 1158 propheta
1408 1091 1651 1145 dixerat:
1683 1090 1794 1145 Do-

218 1178 388 1231 minus
409 1179 536 1247 regit
562 1194 655 1241 me,
678 1189 722 1231 et
737 1179 868 1231 nihil
890 1180 1201 1245 mihitiem’t,
1223 1181 1400 1235 inloco
1420 1197 1622 1251 pascuae
1637 1174 1704 1234 ibi
1716 1197 1797 1235 me

213 1270 485 1322 collocarit
510 1252 630 1337 (Ps.
657 1254 749 1323 22.
781 1269 842 1339 2)
865 1288 879 1323 :
905 1270 1079 1340 jungit
1106 1273 1373 1334 timorem,
1391 1273 1479 1341 qui
1505 1282 1687 1325 custos
1709 1281 1791 1326 eSt

214 1359 589 1427 beatitudinis,
613 1373 667 1417 et
690 1364 851 1419 infert
876 1382 889 1418 :
929 1362 1085 1435 Virga
1106 1374 1191 1417 tua
1212 1374 1257 1417 et
1277 1362 1489 1417 baculus
1511 1366 1646 1427 tuus,
1678 1364 1790 1432 ipsa

213 1470 297 1505 me
323 1456 586 1508 cometam
610 1466 728 1509 sunt
752 1452 917 1526 (Ibid.
948 1458 1027 1525 4).
1058 1456 1123 1510 Et
1148 1468 1231 1509 est
1260 1470 1449 1509 sensus
1480 1471 1495 1507 :
1527 1452 1652 1508 dum
1681 1460 1789 1508 ter-

211 1543 398 1598 tnenta
439 1543 693 1611 formido,
726 1546 933 1600 servavi
977 1547 1221 1615 gratiam,
1249 1561 1408 1615 quam
1452 1559 1783 1615 acceperam.

772 1652 961 1707 XXIV.
1004 1653 1225 1709 Mmsno.

288 1740 351 1815 Et
379 1763 591 1833 profecti
620 1750 682 1817 de
720 1744 943 1831 Thalam,
970 1762 1136 1818 castra
1175 1764 1346 1819 »κειαιὶ
1372 1770 1492 1818 sunt
1519 1766 1571 1818 in
1620 1754 1783 1818 There

209 1853 398 1923 (Num.
432 1855 517 1908 33.
548 1854 663 1923 27).

284 1962 542 2017 \‘icesima
570 1972 760 2033 quarta
802 1963 1044 2029 lalisio,
1089 1979 1248 2034 quam
1296 1965 1537 2019 nonnulli
1610 1963 1772 2036 5.85

206 2062 420 2107 vertunt
454 2053 506 2107 in
557 2054 824 2118 malitiam,
856 2053 941 2109 vel
973 2064 1258 2123 pastui-am,
1300 2065 1398 2109 nec
1443 2068 1691 2109 errarent
1732 2056 1778 2109 si

204 2147 304 2209 per
336 2142 397 2194 Ai
440 2142 668 2197 litteram
726 2143 1069 2208 scriberetur,
1116 2148 1259 2199 nunc
1301 2159 1428 2199 vero
1470 2160 1592 2200 cum
1639 2146 1780 2215 aspi-

205 2230 347 2283 ratio
392 2230 584 2300 doplex
634 2230 688 2285 in
732 2241 971 2287 extrema
1015 2233 1085 2287 sit
1122 2232 1351 2303 syllaba,
1392 2236 1592 2289 erroris
1618 2249 1777 2288 causa

200 2319 490 2375 nianifbsta
517 2330 618 2375 est.
648 2320 761 2376 Hoc
786 2321 980 2376 eodem
1009 2323 1269 2379 vocabulo
1296 2333 1350 2379 et
1370 2324 1557 2381 iisdem
1587 2326 1776 2381 litteris

198 2412 462 2482 Scriptum
515 2411 729 2466 invenio
776 2422 982 2481 patrem
1032 2415 1323 2482 Abraham,
1351 2416 1442 2487 qui
1493 2418 1544 2472 in
1576 2418 1652 2487 (α)
1682 2434 1774 2472 su-

202 2502 448 2571 pradicto
479 2506 788 2572 apocrypho
816 2503 1091 2560 Geneseos
1117 2507 1404 2574 volumine,
1427 2509 1628 2564 abactis
1654 2522 1775 2565 cor-

202 2591 307 2657 vis,
337 2592 426 2660 qui
461 2593 735 2647 hominum
764 2593 1029 2649 frumenta
1060 2598 1361 2665 vastabant,
1393 2602 1660 2667 abactoris,
1691 2602 1774 2656 vel

200 2682 487 2750 depulsoria
515 2685 737 2738 sortitus
785 2695 868 2739 est
898 2702 1115 2741 nomen.
1148 2687 1326 2757 Itaque
1369 2698 1421 2743 et
1459 2704 1557 2744 nos
1598 2691 1772 2746 imite-

197 2786 320 2828 mur
347 2774 554 2831 Thare:
598 2786 651 2832 et
680 2778 922 2835 volucres
952 2782 1071 2836 caeli
1100 2798 1217 2851 qua:
1246 2782 1394 2851 juxta
1420 2784 1557 2839 viam
1598 2795 1770 2839 satum

200 2865 434 2921 triticum
481 2867 743 2925 devorare
786 2870 1064 2938 festinant,
1107 2872 1322 2926 solliciti
1368 2875 1765 2942 prohibeamus.

195 2956 328 3012 Nam
360 2969 414 3014 et
442 2960 711 3015 Abraham
742 2961 1049 3018 Patriarcha
1073 2965 1123 3017 in
1157 2974 1281 3035 typo
1310 2966 1538 3029 Israelis,
1566 2966 1640 3037 (ὑ)
1674 2967 1769 3022 ho-

194 3050 419 3105 Stiarum
452 3052 637 3108 divisit
685 3054 921 3109 membra
960 3055 1229 3119 sacrificii,
1260 3072 1379 3125 quae
1406 3071 1436 3111 a
1464 3058 1769 3114 volucribus

194 3157 303 3199 non
330 3143 459 3197 sinit
486 3142 732 3197 devorari
762 3142 914 3213 (Gen.
950 3146 1037 3201 15;
1074 3146 1191 3215 Il);
1239 3156 1293 3199 et
1326 3146 1397 3215 (c)
1430 3155 1766 3216 contempto-

194 3240 311 3288 rem
334 3232 547 3286 oculum
567 3232 824 3287 effodiunt
852 3236 997 3288 corvi
1025 3235 1091 3289 de
1115 3236 1476 3303 convallibus;
1505 3251 1767 3306 verusque

192 3324 413 3394 Moyses
444 3323 591 3377 ducit
619 3322 1040 3394 Ethiopissam;
1069 3334 1122 3380 et
1150 3325 1294 3380 Elias
1328 3340 1357 3379 a
1388 3328 1564 3382 corvis
1592 3330 1765 3397 pasci-'-

192 3423 301 3467 tur.
329 3414 384 3468 Si
410 3414 658 3468 habueris
688 3430 961 3483 pavorem,
987 3416 1246 3470 sollicitus
1267 3417 1409 3473 eris;
1434 3418 1481 3472 si
1507 3418 1765 3475 sollicitus

190 3504 381 3571 fueris,
416 3506 500 3559 leo
527 3505 578 3559 in
601 3506 785 3561 caulas
812 3506 992 3561 ovium
1026 3516 1234 3561 tuarum
1271 3507 1491 3564 introire
1520 3522 1624 3565 non
1666 3524 1763 3581 po;

194 3600 319 3649 terit
352 3613 364 3648 :
396 3597 536 3665 quod
566 3597 649 3653 vel
692 3598 758 3653 ad
788 3599 1105 3669 prmpositos
1150 3600 1531 3667 Ecclesiarum,
1564 3605 1645 3659 vel
1695 3606 1763 3661 ad

187 3687 486 3742 cttstodiam
518 3690 658 3745 refer
703 3691 894 3746 animae
944 3703 1082 3758 ture,
1110 3692 1177 3748 ad
1220 3709 1378 3765 quam
1424 3694 1527 3759 leo,
1572 3696 1760 3752 diabo-

187 3777 291 3842 lus,
326 3793 418 3846 per
457 3778 671 3835 diversa
715 3782 966 3838 vitiorum
1016 3782 1276 3839 foramina
1321 3784 1527 3855 ingredi
1573 3788 1760 3844 nititur

184 3867 266 3938 (l.
292 3867 433 3922 Pen".
456 3870 532 3941 5).
1354 3904 1357 3905 ν

762 3979 924 4035 XXV.
965 3980 1184 4036 Massno.

260 4094 328 4158 Et
374 4105 584 4175 profecti
630 4104 693 4159 de
727 4104 929 4172 Tltare,
969 4116 1135 4160 castra
1172 4108 1342 4161 metati
1382 4119 1499 4163 sunt
1538 4111 1592 4165 iit
1642 4111 1756 4167 lle-

181 4196 303 4251 tltca
326 4193 510 4265 (Num.
542 4196 632 4250 53.
660 4194 771 4265 98).

256 4306 517 4363 Vicesima
539 4309 718 4379 quinta
742 4309 945 4364 Mansio
968 4310 1188 4364 vertitur
1212 4311 1262 4366 in
1290 4323 1310 4363 α
1341 4312 1696 4370 dulcedinem.
1726 4333 1745 4369 ι

182 4399 484 4454 Ascendisti
520 4400 570 4453 in
601 4401 894 4464 excelsum,
923 4399 1213 4455 admiratus
1237 4416 1295 4456 es
1334 4404 1585 4458 virtutunt
1624 4407 1751 4460 cho-

182 4503 273 4544 ros
292 4531 306 4553 ,
338 4489 556 4544 timuisti
584 4491 816 4556 ruinam,
846 4490 1072 4560 abegisti
1114 4491 1475 4557 insidiatores,
1501 4493 1671 4549 dulcis
1698 4507 1749 4551 te

183 4580 423 4649 protinus
450 4578 651 4635 fructus
674 4580 872 4635 laboris
900 4580 1197 4651 insequitur
1226 4598 1240 4634 :
1266 4583 1388 4637 etin
1420 4598 1622 4638 morem
1653 4585 1745 4639 lit-

183 4679 437 4734 terarum,
468 4670 706 4725 radicum
752 4671 1178 4739 amaritudinem,
1206 4687 1483 4742 pomorum
1514 4677 1744 4731 suavitas

181 4761 562 4828 compensabit,
585 4770 639 4815 et
666 4760 811 4817 dices
844 4780 857 4817 :
891 4779 910 4813 ι
938 4762 1105 4828 Quam
1135 4763 1307 4819 dulcia
1338 4764 1577 4821 faucibus
1607 4770 1740 4824 meis

179 4851 390 4920 eloquia
428 4859 537 4919 tua,
588 4864 750 4923 super
791 4854 896 4909 mel
945 4855 1027 4909 ori
1070 4871 1191 4911 meo
1217 4874 1236 4908 ι
1286 4856 1402 4927 (Ps.
1436 4860 1558 4913 ill.
1595 4861 1739 4930 103).

179 4941 551 5012 Sponsumque
588 4945 681 5000 tibi
720 4946 907 5002 audies
943 4947 1310 5003 concinentem
1340 4968 1354 5004 :
1390 4968 1409 5002 ι
1437 4950 1536 5005 Mel
1570 4952 1741 5007 distil-

246 5070 500 5142 ,a)‘l’arva
524 5072 755 5142 Genesis,
779 5089 869 5128 seu
892 5092 1005 5139 una
1025 5093 1175 5141 τινωις.
1200 5080 1387 5131 Caetera
1422 5082 1588 5131 confer
1627 5097 1737 5135 cum

195 5132 306 5180 ibro
328 5132 579 5180 Nominum
598 5136 653 5183 ad
679 5132 797 5187 hanc
816 5154 983 5188 vocem
995 5132 1070 5189 ἐἰ
1093 5132 1327 5191 numeris.

241 5192 313 5253 (ὸ)
349 5193 724 5265 Proﬂouiarwn
744 5211 997 5260 perperam
1023 5203 1068 5249 in
1089 5202 1569 5265 hucusquevulgatis
1590 5208 1741 5255 omni-

172 5254 269 5324 pus
295 5261 399 5302 erat
416 5260 466 5324 et
486 5253 691 5306 hostium
708 5295 721 5314 ,
744 5253 949 5324 quorum
973 5269 1138 5324 typus,
1169 5253 1308 5312 sicu'ti
1334 5253 1558 5323 lsraElis,
1585 5253 1740 5315 Abra-

170 5314 284 5377 ham
321 5316 492 5377 supino
530 5328 697 5367 errore
739 5314 1166 5371 dicebaturI'Tum
1205 5332 1382 5372 caetera
1407 5314 1558 5374 etiam
1585 5314 1743 5377 minus

170 5376 499 5449 cohaerebant.
524 5377 622 5449 Nos
646 5392 705 5449 ex
729 5378 943 5449 itabano,
969 5384 1049 5444 qui
1075 5382 1229 5449 locum
1253 5384 1378 5434 hunc
1399 5394 1657 5449 antequam
1680 5376 1743 5437 ab

170 5437 408 5498 imperitis
430 5436 640 5508 librariis
656 5436 1206 5506 vitiaretur,eiscripsit
1223 5481 1237 5505 ,
1259 5436 1548 5505 germanam.
1570 5436 1739 5498 lectio?

168 5509 284 5546 nem
309 5510 657 5549 exnresstmus.

230 5558 301 5633 (c)
335 5557 518 5633 diludit
539 5559 653 5633 illud
664 5561 909 5633 'Proverb.
933 5564 1012 5613 30.
1040 5565 1115 5613 17.
1147 5582 1171 5613 α
1194 5565 1415 5633 Oculum,
1434 5571 1515 5633 qui
1535 5570 1738 5633 subsan-

166 5626 248 5685 nat
272 5626 494 5691 patrem,
523 5629 575 5691 et
594 5624 675 5683 qui
698 5623 908 5691 despicit
924 5633 1115 5691 partum
1136 5629 1305 5677 matris
1325 5623 1426 5681 sua:
1440 5623 1740 5691 ,‘sulfodient

163 5691 292 5788 ῧὲῧέ
303 5684 433 5733 corvi
459 5682 521 5731 de
544 5682 856 5735 torrentibus.
878 5682 1019 5736 LXX.
1048 5700 1084 5737 ιιι
1108 5706 1177 5739 τῶν
1210 5703 1392 5755 φθόῃ-..ν
1407 5733 1419 5754 ,
1440 5682 1505 5745 de
1545 5694 1738 5746 conval-

184 5753 308 5792 IDUS.

1536 322 1867 401 ἱερῆς-νοω
1902 322 2176 403 'Lxx'vni.

3378 371 3483 427 7M

1920 460 2029 513 lant
2083 462 2219 515 labia
2270 472 2378 529 tua,
2426 467 2579 519 Soror
2629 482 2744 521 mea
2797 472 2988 539 sponsa
3021 478 3039 527 δ
3075 478 3245 548 (Cant.
3280 483 3333 537 4.
3368 488 3479 556 Η).

1914 551 2049 616 Qun
2070 560 2196 608 εκιήι
2225 558 2401 610 suavis
2426 556 2701 626 disciplina
2726 561 2750 614 ?
2771 565 2897 632 quid
2920 569 3221 627 eruditione
3252 551 3483 635 melius?

1912 642 2039 711 quid
2067 644 2274 700 dulcius
2303 646 2575 703 Domino?
2604 668 2624 703 ι
2655 649 2896 721 Gustate,
2924 665 2979 711 et
3004 660 3198 725 videte,
3229 681 3353 733 quot
3376 670 3481 727 iam

1910 737 2091 790 suavis
2126 748 2211 792 est
2249 738 2504 797 Dominus
2535 759 2555 795 ι
2592 743 2709 813 (Ps.
2743 746 2830 802 33.
2866 748 2945 817 9).
2978 749 3132 806 Unde
3168 767 3224 809 et
3255 760 3481 819 Samson

1908 826 1997 895 qui
2036 827 2287 897 abegerat
2322 845 2353 885 a
2396 831 2656 889 fructibus
2698 837 2809 893 suis
2852 848 2997 904 aves,
3032 852 3082 897 et
3112 847 3316 915 vulpes,
3362 865 3480 919 qua:

1906 920 2268 974 extertninant
2288 925 2492 989 vineas,
2523 926 2885 997 colligaverat,
2919 931 3235 1004 leonemque
3256 937 3478 996 interfe-

1890 1017 2051 1061 cerat
2113 1011 2449 1081 rugientem,
2508 1013 2685 1071 favum
2746 1018 2949 1076 invenit
2998 1023 3050 1077 in
3114 1039 3208 1081 ore
3284 1033 3477 1086 mortui

1900 1096 2050 1169 (Iud.
2088 1100 2195 1172 tt).

2460 1214 2649 1274 XXVI.
2689 1220 2906 1279 MANSIO.

1972 1316 2039 1371 Et
2096 1320 2309 1390 profecti
2362 1324 2424 1377 de
2483 1325 2686 1381 Mel/ica
2716 1371 2730 1393 ,
2798 1344 2963 1388 castra
3022 1340 3194 1392 mctati
3247 1353 3363 1395 sunt
3418 1346 3471 1398 in
3526 1374 3529 1379 -

1898 1408 2140 1482 Asmona)
2170 1410 2329 1466 Num.
2358 1416 2449 1470 35.
2473 1415 2589 1488 9.9).

1963 1517 2129 1591 486
2203 1522 2465 1581 Vicesima
2495 1538 2643 1584 sexta
2674 1530 3330 1608 Mansioinlittguauostra
3350 1564 3369 1596 ε
3393 1544 3468 1601 fc-

1897 1608 2239 1665 Stinatioucm
2273 1630 2293 1664 ι
2323 1624 2481 1669 sonat
2506 1633 2519 1668 :
2542 1617 2692 1686 juxta
2711 1620 2836 1675 illud
2864 1625 3003 1693 quod
3030 1629 3306 1687 inPsalmo
3335 1638 3467 1688 seri,

1894 1695 2051 1791 bitur,
2137 1700 2363 1791 Venient
2392 1705 2549 1775 legati
2569 1723 2632 1763 ex
2658 1709 2892 1780 Egypto
2918 1733 2936 1764 ι
2963 1715 3079 1784 (Ps.
3102 1719 3187 1772 67.
3207 1722 3331 1791 52).
3360 1724 3465 1779 Pro

1897 1801 1915 1834 ι
1948 1785 2133 1852 legatis
2167 1807 2185 1838 ι
2214 1789 2267 1843 in
2318 1790 2543 1849 Hebraeo
2571 1836 2586 1861 ,
2620 1814 2639 1847 ‹
2680 1798 2987 1856 festinantes
3022 1823 3040 1856 ι
3096 1785 3318 1876 legimus
3354 1829 3368 1864 :
3408 1824 3465 1868 ut

1893 1884 2170 1944 postquam
2198 1878 2381 1937 dulces
2418 1882 2621 1940 fructus
2666 1887 2863 1945 laboris
2908 1896 3310 1965 messuerimus,
3353 1917 3459 1957 non

1887 1965 2052 2020 simus
2081 1969 2260 2037 quiete
2287 1976 2523 2029 contenti
2565 1986 2622 2031 et
2665 1979 2777 2034 alio
2802 1997 2816 2047 ;
2844 1983 2936 2037 sed
2980 1996 3190 2041 rursum
3231 1989 3296 2043 ad
3326 1992 3461 2047 ulte-

1886 2055 2025 2147 riora
2056 2068 2422 2130 prOperantes,
2469 2066 2847 2127 obliviscamur
2879 2077 3289 2147 pra-teritorum,
3321 2093 3375 2138 et
3406 2088 3456 2139 in

1886 2144 2058 2202 futura
2090 2163 2187 2205 nos
2210 2154 2582 2210 extendamus.

2437 2267 2646 2323 XXVII.
2688 2271 2907 2331 Massa).

1957 2372 2023 2426 Et
2069 2380 2281 2448 profecti
2323 2382 2384 2435 de
2430 2382 2671 2451 Asmoua,
2714 2400 2880 2442 castra
2907 2391 2987 2463 (ἀ)
3032 2397 3205 2449 metati
3251 2412 3363 2453 sunt
3401 2403 3453 2461 in

1884 2461 2139 2520 Μοδενοιή
2165 2468 2346 2539 (Nam.
2383 2473 2471 2525 55.
2502 2475 2614 2543 50).

1952 2573 2216 2632 Vicesima
2247 2583 2469 2650 septima
2496 2585 2696 2642 Mansio
2726 2606 2745 2641 ι
2775 2590 3005 2661 vincula,
3040 2614 3059 2648 ι
3090 2598 3202 2654 sive
3235 2619 3254 2651 ι
3284 2602 3445 2659 disci-

1878 2663 2049 2731 plinas
2079 2682 2099 2718 ι
2132 2678 2309 2735 sonat,
2359 2683 2413 2726 ut
2444 2673 2637 2730 festino
2676 2681 2841 2749 gradu
2876 2699 3159 2755 pergamus
3183 2690 3248 2745 ad
3276 2697 3447 2764 magi-

1877 2763 2036 2821 stros,
2064 2764 2114 2811 et
2136 2772 2320 2814 eorum
2352 2770 2581 2819 teramus
2604 2767 2804 2835 limina,
2838 2788 2906 2826 ετ
2945 2787 3229 2836 Ρηεοερτλ
3258 2763 3445 2839 viaru-

1878 2857 2009 2913 TUI,
2062 2862 2125 2902 ac
2174 2852 2427 2921 mysteria
2478 2854 2893 2928 Scripturarum,
2944 2866 3151 2923 vincula
3199 2882 3444 2941 putemus

1876 2944 2071 2991 :eterna
2103 2940 2287 3008 :juxta
2325 2943 2452 2998 illud
2494 2948 2636 3015 quod
2675 2949 2727 3004 in
2755 2951 2888 3006 Isaia
2923 2955 3157 3012 dicitur:
3196 2980 3215 3013 ι
3250 2962 3317 3018 Ει
3347 2966 3445 3020 Sa-

1876 3024 2015 3079 haim
2049 3029 2144 3083 viri
2174 3031 2429 3088 sublimes
2469 3036 2534 3090 ad
2582 3045 2633 3092 te
2674 3043 2997 3113 transibunt,
3046 3056 3102 3103 et
3146 3052 3217 3106 tui
3249 3067 3439 3123 erunt;

1874 3125 1994 3217 post
2035 3127 2089 3217 te
2131 3120 2477 3178 ambulabunt
2518 3126 2679 3182 vincti
2720 3133 2942 3187 manicis
2971 3150 2990 3188 ο
3021 3137 3171 3208 (lsai.
3202 3143 3291 3197 45.
3328 3120 3439 3217 Η).

1873 3204 1940 3306 Iit
1986 3224 2003 3256 ι
2035 3206 2247 3277 Paulus,
2296 3212 2506 3269 vinctus
2555 3216 2681 3272 Jesu
2728 3222 2920 3277 cur;in
2951 3240 2970 3276 ι
3011 3204 3222 3297 (Ep/tes.
3270 3234 3322 3288 3.
3359 3204 3439 3306 4).

1872 3294 2109 3365 Duplicia
2150 3310 2274 3354 sunt
2302 3302 2354 3356 in
2392 3304 2681 3383 Scripturis
2710 3312 2913 3368 vincula
2947 3294 3161 3389 (aqua:
3188 3294 3437 3391 quamdiu

1870 3390 2013 3459 rupit
2050 3390 2294 3459 Samson,
2325 3396 2447 3451 vicit
2477 3399 2741 3458 inimicos.
2774 3405 2840 3459 Et
2877 3407 2942 3461 de
2989 3390 3267 3471 meretrice
3313 3420 3441 3489 legi-

1870 3494 2008 3547 mus,
2042 3498 2060 3532 t
2087 3482 2355 3539 vinculum
2386 3488 2437 3541 in
2470 3492 2712 3547 manibus
2740 3494 2854 3563 ejus
2889 3515 2907 3547 ι
2941 3497 3107 3569 (Eccl.
3143 3504 3193 3557 7.
3223 3506 3335 3579 27).
3364 3482 3438 3565 iit

1869 3584 1933 3624 ex
1960 3585 2185 3640 persona
2228 3574 2438 3632 Domini
2469 3580 2715 3649 dicentis,
2756 3598 2773 3635 t
2812 3586 3182 3658 Dirntnpamus
3217 3574 3435 3657 Vincula

1867 3676 2073 3729 eorum,
2126 3675 2181 3720 et
2234 3668 2573 3738 projiciamus
2625 3688 2655 3726 a
2707 3675 2863 3730 nobis
2910 3679 3092 3749 jogum
3146 3687 3377 3755 ipsorum
3411 3711 3429 3743 ο

1871 3751 2038 3823 (Psal.
2066 3755 2120 3808 2.
2150 3758 2229 3824 3).
2257 3757 2325 3812 Et
2352 3761 2499 3825 alibi,
2534 3780 2552 3813 ι
2581 3762 2826 3832 Laqueus
2845 3775 3104 3824 Cutttt‘ittts
3126 3751 3229 3838 est,
3259 3791 3312 3833 et
3338 3799 3436 3837 nos

1868 3841 2076 3897 liberati
2118 3860 2301 3898 sumus
2329 3864 2347 3897 ι
2386 3848 2555 3916 (Psal.
2601 3851 2722 3904 1‘23.
2757 3855 2834 3921 7).
2865 3856 3078 3912 Cuntsrt
3109 3878 3285 3918 mrsu
3319 3872 3434 3922 vin-

1867 3933 1983 3985 cola
2016 3934 2309 3988 Voluntaria
2334 3946 2476 4003 sunt,
2504 3948 2558 3992 et
2587 3950 2859 3997 vertuntur
2900 3946 2951 3998 in
2981 3952 3273 4017 amplexus.
3308 3959 3435 4025 Quis

1865 4033 2091 4090 cumque
2142 4022 2224 4076 his
2278 4024 2431 4079 fuerit
2468 4028 2765 4098 colligatus,
2799 4033 2960 4101 dicet,
2997 4057 3015 4090 ι
3051 4039 3273 4099 Sinistra
3316 4022 3434 4117 ejus

1864 4110 1963 4164 sub
1991 4112 2164 4180 capite
2194 4128 2342 4179 tneo;
2388 4126 2443 4171 et
2471 4116 2658 4173 dextra
2704 4121 2821 4191 ejus
2865 4130 3249 4197 complectetur
3289 4110 3372 4192 me
3404 4158 3423 4192 ο

1863 4201 2032 4269 (Cant.
2064 4203 2119 4256 ε.
2153 4204 2230 4274 6).

2399 4321 2631 4378 XXVIII.
2672 4325 2905 4386 MANSIO.’

1930 4428 1998 4483 Et
2025 4433 2237 4503 profecti
2268 4432 2331 4487 de
2382 4434 2660 4505 Moserotlt,
2693 4450 2860 4496 castra
2891 4450 3062 4503 ’κειαιὶ
3089 4462 3204 4506 sunt
3232 4456 3285 4511 in
3320 4457 3427 4514 Bs-

1858 4521 2069 4590 uejacan
2100 4521 2282 4592 (Nunt.
2310 4525 2397 4579 33.
2426 4527 2537 4597 3f).
3416 4522 3421 4529 ⁸

1929 4632 2186 4688 Vicesima
2224 4644 2407 4690 octava
2437 4636 2639 4695 Mansio
2670 4643 2983 4702 transfertur
3026 4649 3078 4704 in
3115 4669 3132 4701 ι
3166 4652 3304 4709 filios
3331 4673 3426 4713 ne-

1854 4722 2139 4790 cessitatis,
2171 4738 2190 4776 ι
2222 4740 2315 4781 seu
2343 4738 2361 4779 ι
2395 4728 2662 4785 stridoris.
2695 4749 2715 4783 ι
2749 4734 2802 4788 Si
2838 4736 2908 4789 ab
2938 4753 3045 4793 uno
3075 4740 3300 4811 incipias
3326 4762 3423 4800 nua-

1853 4829 2024 4879 mero,
2053 4824 2106 4869 ct
2128 4818 2376 4885 paulatim
2403 4821 2605 4875 addens
2635 4822 2700 4876 ad
2729 4827 3016 4893 septimum
3044 4846 3209 4900 usque
3235 4815 3422 4902 perve-

1853 4905 1988 4971 nias,
2034 4908 2313 4962 vicesimus
2342 4918 2564 4963 octavus
2605 4912 2835 4968 efficitur
2863 4931 3136 4973 numerus.
3171 4921 3269 4988 Qui
3314 4927 3423 4981 sint

1852 4994 1938 5048 isti
1968 4995 2056 5050 filii
2098 4999 2452 5063 necessitatis,
2478 4999 2723 5055 Psalmus
2753 5004 2865 5072 ipse
2889 5019 2989 5061 nos
3017 5008 3205 5066 doceat
3233 5030 3246 5066 :
3276 5030 3293 5065 ι
3324 5017 3418 5069 Af-

1850 5083 1985 5139 ferte
2015 5086 2234 5140 Domino
2262 5086 2353 5140 filii
2376 5088 2489 5151 Dei,
2513 5088 2698 5145 afferte
2723 5091 2949 5149 Domino
2975 5096 3111 5152 filios
3139 5102 3361 5158 arietum
3392 5114 3411 5158 ὸ

1850 5172 1968 5242 (Ps.
1986 5172 2075 5227 28.
2104 5175 2180 5242 l).
2211 5175 2341 5241 Qtue
2365 5185 2449 5230 est
2476 5186 2617 5231 tanta
2636 5182 2947 5249 necessitas,
2969 5202 3089 5255 quae
3113 5190 3415 5251 nolentibus

1848 5262 2193 5332 imponatur?
2228 5263 2362 5318 Cum
2408 5265 2602 5322 divinis
2649 5268 2942 5339 Scripturis
2968 5276 3132 5333 fueris
3154 5282 3414 5350 eruditus,

1847 5362 1903 5409 et
1927 5354 2071 5424 leges
2100 5365 2281 5408 earum
2322 5362 2386 5410 ac
2417 5358 2712 5413 testimonia
2743 5362 2952 5417 vincula
2994 5368 3181 5423 scieris
3222 5373 3419 5429 veritas

1850 5446 1916 5501 tis
1941 5461 1956 5509 ;
1985 5445 2277 5501 contendes
2302 5461 2421 5501 cum
2439 5448 2778 5518 adversariis,
2794 5453 2983 5522 ligabis
3002 5472 3116 5525 eos,
3133 5471 3186 5516 et
3215 5446 3418 5523 vinctos

1846 5535 2012 5591 duces
2061 5536 2114 5589 in
2144 5537 2538 5606 captivitatem;
2570 5549 2623 5594 et
2650 5541 2715 5597 de
2747 5543 2987 5601 hostibus
3029 5552 3293 5619 quondam
3347 5556 3415 5629 (ε)

1910 5692 1988 5814 (tt)
2022 5691 2158 5756 Apud
2176 5691 2440 5750 Rabanum,
2459 5706 2573 5764 gum
2596 5694 2779 5758 dirupi:
2801 5706 3011 5768 Sangam,
3035 5710 3132 5754 etc.

1930 5756 1978 5814 e)
2015 5754 2066 5804 In
2094 5754 2341 5814 plerisque
2365 5754 2607 5809 codmtbus
2632 5770 2721 5810 vox
2746 5757 2932 5814 misera
2954 5764 3132 5814 dCSldCI

1930 5756 1978 5817 e)
2015 5754 2077 5804 In‘
2094 5754 2341 5819 plerisque
2365 5754 2607 5831 codicibus
2623 5754 2721 5810 vos
2746 5757 2932 5835 miseris
2954 5754 3276 5840 desideratur.
