4056 6184
641 291 746 346 735

640 404 856 461 miseris
893 410 1053 471 atque
1076 395 1313 466 captivis,
1388 390 1550 462 687
1625 388 1822 442 liberos
1868 387 1961 442 Dei
2025 387 2210 452 facies,

642 509 702 550 ut
721 504 940 566 repente
959 493 1102 543 diras
1131 501 1253 542 cum
1281 483 1412 538 Sion
1445 500 1459 535 :
1494 501 1514 533 ι
1544 481 1658 550 Ego
1685 479 1884 533 sterilis
1910 489 1965 533 et
1993 494 2099 532 non
2125 493 2220 548 pa-

644 589 806 650 riens,
834 580 1199 650 transmigrata
1222 586 1277 631 et
1295 575 1526 644 captiva,
1549 584 1604 628 et
1625 574 1756 627 istos
1780 572 1902 642 quis
1922 569 2218 626 contrivit?

647 681 754 747 Ego
783 673 1036 729 destituta
1074 678 1128 724 et
1157 668 1294 732 sola,
1324 676 1380 721 et
1418 666 1506 719 isti
1531 665 1620 718 ubi
1646 662 1846 719 erant?
1877 681 1898 714 ι
1934 661 2088 733 (Isai.
2117 660 2212 716 L9.

642 771 734 837 2I)
763 766 970 820 Miraris
999 764 1188 816 Isaiam
1219 778 1232 811 ε
1259 758 1501 828 ejusdem
1531 757 1730 812 Psalmi
1766 762 2103 812 sacramenta
2128 768 2222 808 co-

634 875 854 932 gnosce.
891 875 910 908 ι
947 855 1062 909 Vox
1088 853 1295 907 Domini
1325 853 1377 904 in
1400 851 1617 915 virtute,
1649 863 1749 900 vox
1774 845 1987 900 Domini
2014 846 2067 898 in
2106 858 2221 898 ma-

634 952 961 1025 grrifimntia,
981 964 1081 1001 vox
1106 945 1313 1000 Domini
1336 942 1722 1028 confringetztis
1735 938 1926 994 cedros
1949 957 1969 989 ι
1986 935 2106 1006 (Ps.

634 1017 714 1112 λ),
749 1046 806 1090 ut
832 1046 1114 1107 postquam
1143 1029 1482 1083 adversarios
1523 1025 1761 1093 fregerit,
1790 1033 1844 1076 et
1887 1019 2222 1118 concussorit

633 1133 881 1185 desertos
923 1125 1072 1195 prius
1099 1119 1338 1192 gentium
1387 1116 1632 1188 papulas,
1665 1123 2033 1182 praeparentur
2073 1116 2218 1162 cervi

636 1223 691 1274 in
720 1216 1013 1281 montibus,
1044 1223 1099 1268 et
1140 1212 1209 1266 sit
1238 1209 1465 1264 dilectus
1509 1209 1650 1260 sicut
1679 1207 1816 1260 filius
1860 1204 2219 1268 unicurnium,

633 1311 690 1363 in
715 1307 1019 1378 temploque
1044 1304 1160 1372 ejus
1186 1314 1374 1354 omnes
1394 1297 1575 1352 dicant
1603 1295 1852 1366 gloriam.
1884 1293 2054 1348 Porro
2076 1289 2220 1360 quod

641 1402 922 1461 vertimus,
955 1415 975 1448 ι
1004 1396 1141 1450 filios
1171 1391 1443 1456 stridoris,
1475 1409 1496 1442 ι
1528 1389 1595 1442 ad
1623 1389 1770 1441 illum
1801 1400 2018 1440 sensum
2053 1381 2220 1447 refer,

637 1493 780 1562 quod
812 1492 1004 1544 timore
1047 1485 1292 1556 supplicii
1335 1491 1388 1538 et
1430 1480 1548 1551 ejus
1576 1480 1607 1533 l-
1630 1481 1676 1532 ci
1706 1477 1795 1531 ubi
1823 1495 1843 1528 ι
1873 1487 1956 1530 est
1983 1474 2137 1528 ﬂetus
2166 1480 2223 1527 et

639 1583 840 1638 stridor
860 1580 1103 1635 dentium
1129 1596 1151 1630 ι
1177 1573 1328 1647 (Luc.
1352 1574 1465 1640 I3),
1488 1572 1747 1624 deserens
1772 1566 1970 1621 diaboli
1987 1563 2219 1629 vincula,

637 1673 854 1728 Cbristo
885 1670 1109 1725 Domino
1144 1664 1475 1721 credentium
1504 1661 1656 1714 turba
1684 1659 1821 1714 colla
1852 1657 2148 1712 submittat.

1196 1776 1402 1844 XXIX.
1430 1773 1653 1829 Msssro.

713 1899 781 1954 Et
809 1897 1023 1971 profecti
1063 1887 1126 1948 de
1160 1892 1302 1946 Bone
1343 1892 1518 1956 incon,
1564 1897 1734 1941 castra
1783 1885 1955 1940 metati
1996 1894 2113 1939 sunt
2162 1884 2216 1938 in

644 1999 818 2045 monte
847 1984 1063 2056 Gadgad
1089 1981 1276 2053 (Nam.
1300 1981 1388 2035 33.
1416 1977 1534 2049 32).

713 2099 980 2155 Vicesima
1019 2109 1159 2150 nona
1201 2090 1407 2147 ﬂansio
1441 2090 1823 2160 interpretatur
1869 2105 1888 2138 ι
1920 2087 2161 2152 nuntius,
2195 2103 2216 2138 ι

638 2194 752 2247 sive
800 2209 820 2243 ι
847 2185 1157 2258 expeditio,
1190 2202 1210 2237 ι
1255 2193 1311 2239 et
1357 2201 1376 2235 ι
1403 2181 1663 2236 accinctio
1691 2197 1711 2232 ι
1761 2179 1842 2234 vel
1883 2190 2030 2234 certe
2057 2177 2222 2248 (quod

638 2300 737 2339 nos
761 2283 940 2340 verius
965 2276 1306 2349 arbitramur)
1334 2287 1608 2338 κατοαοπὴ,
1636 2272 1689 2327 id
1718 2281 1822 2336 est,
1863 2289 1882 2322 ι
1907 2271 2163 2325 concisio.
2196 2287 2215 2321 ι

639 2374 790 2430 Haud
839 2374 995 2428 aliter
1019 2384 1301 2442 possumus
1347 2366 1585 2437 magistri
1630 2363 2012 2434 discipulorum
2062 2371 2222 2432 atque

644 2464 978 2520 credentium
1004 2476 1098 2515 cos
1128 2460 1304 2514 facere
1330 2457 1470 2512 filios
1495 2456 1858 2519 necessitatis,
1889 2455 1989 2509 nisi
2019 2469 2223 2524 prwce-

645 2568 823 2626 ptores
861 2568 1047 2610 eorum
1072 2551 1517 2606 interfecerimus.
1545 2546 1804 2604 Crudeles
1840 2549 2009 2601 simus
2038 2548 2089 2600 in
2131 2561 2226 2601 oc-

641 2647 847 2702 cisione
884 2659 1069 2700 eorum
1099 2659 1112 2695 :
1147 2658 1252 2695 non
1293 2648 1472 2710 parcat
1513 2652 1704 2692 manus
1741 2648 1943 2700 nostra,
1991 2652 2222 2702 armum,

641 2743 734 2788 aut
783 2742 1086 2789 extremum
1133 2729 1388 2784 auricula:
1437 2727 1505 2783 de
1554 2741 1650 2782 ore
1689 2725 1866 2782 leonis
1917 2726 2222 2780 extrahere.

646 2842 669 2877 ι
697 2822 1010 2878 Maledictus
1039 2821 1129 2890 qui
1172 2819 1299 2874 facit
1344 2832 1482 2888 opus
1511 2817 1722 2872 Domini
1772 2817 2128 2887 negligenter,
2172 2826 2227 2870 et

638 2917 730 2988 qui
778 2915 1026 2987 prohibet
1075 2913 1307 2984 gladium
1356 2925 1510 2966 suum
1546 2925 1576 2963 a
1631 2909 1890 2980 sanguine
1918 2928 1938 2961 ι
1971 2908 2104 2981 (Jer.
2133 2908 2223 2963 l8.

640 3011 754 3079 I0).
789 3007 942 3064 Unde
979 3016 1035 3062 et
1062 3003 1265 3060 David:
1299 3020 1318 3055 ι
1350 3001 1406 3058 In
1452 3001 1735 3064 matutino,
1785 3001 1972 3070 inquit,
2022 2997 2226 3054 interﬁ-

639 3101 846 3155 ciebam
872 3111 1061 3154 omnes
1089 3103 1399 3168 peccatores
1425 3101 1584 3148 terra:
1617 3110 1636 3144 ι
1673 3089 1848 3161 (Psal.
1882 3091 2004 3146 I00.
2039 3090 2117 3154 8).
2150 3090 2226 3146 De

641 3194 828 3248 nuntio
853 3202 1058 3257 autem,
1089 3199 1144 3246 et
1167 3189 1502 3244 accinctione
1533 3185 1650 3241 bzec
1675 3185 1908 3241 breviter
1939 3199 2225 3254 possumus

636 3286 841 3351 dicere,
869 3281 1012 3354 quod
1053 3281 1174 3335 liliis
1214 3278 1553 3334 necessitatis
1610 3276 1843 3348 grandes
1871 3275 1937 3330 ad
1969 3276 2222 3329 virtutem

639 3374 889 3429 stimulos
915 3383 1284 3442 suggeramus,
1329 3383 1454 3423 cum
1508 3367 1589 3422 eis
1632 3368 2054 3422 nuntiaverimus
2082 3383 2223 3437 pra:-

643 3466 750 3520 tnia
779 3465 1100 3528 futurorum,
1131 3470 1184 3515 et
1209 3461 1476 3514 accinctos
1507 3459 1644 3514 inire
1681 3458 1820 3513 bella
1858 3459 2222 3514 docuerimus.

644 3557 846 3612 Ilornm
891 3553 1052 3608 trium
1091 3551 1346 3623 qnidquld
1388 3551 1642 3620 magister
1680 3549 1890 3618 fecerit,
1937 3551 1990 3605 in
2042 3562 2225 3608 monte

640 3644 906 3703 consistit.

1212 3733 1382 3790 XXX.
1424 3733 1650 3789 Msssxo.

711 3854 781 3910 Et
801 3851 1014 3926 profecti
1033 3851 1097 3906 de
1123 3859 1292 3905 monte
1328 3847 1566 3920 Gadgad,
1605 3856 1774 3902 castra
1815 3847 1988 3902 metati
2019 3857 2134 3904 sunt
2168 3848 2221 3903 in

635 3947 904 4006 Jetabatlta
927 3943 1116 4015 (Nunt.
1147 3943 1238 3998 55.
1260 3942 1374 4013 55).

710 4059 1008 4115 Tricesima
1056 4055 1262 4111 Mansio
1309 4073 1328 4107 ι
1361 4054 1573 4111 bonitas
1609 4073 1630 4107 ι
1683 4054 2065 4126 interpretatur
2091 4096 2107 4122 ,
2164 4067 2224 4113 ut

642 4166 770 4208 cum
810 4147 1215 4219 pervenerimus
1252 4146 1318 4202 ad
1360 4146 1654 4218 perfectum
1707 4149 1900 4214 virum,
1946 4150 1998 4204 in
2042 4164 2224 4204 sacer-

641 4242 875 4299 dotalem
910 4239 1158 4312 gradum,
1195 4249 1251 4296 et
1289 4241 1341 4295 in
1378 4251 1591 4296 :etatem
1636 4241 1984 4310 plenitudinis
2022 4241 2221 4300 Christi

643 4333 858 4405 (Ephes.
903 4331 983 4399 ι),
1025 4331 1077 4386 in
1121 4345 1224 4402 qua
1271 4339 1325 4385 et
1369 4331 1776 4407 Ezecltiel_crat
1803 4332 1950 4402 juxta
2003 4335 2220 4390 ﬂuvium

639 4423 856 4479 Cliobar
895 4419 1107 4494 (Emit.
1139 4420 1296 4490 1.1),
1369 4419 1534 4492 ἥδε
1607 4423 1873 4492 possimus
1893 4441 2013 4480 cum
2058 4421 2222 4482 David

641 4509 698 4563 in
731 4506 1003 4562 tricesimo
1029 4503 1242 4559 Psalmo
1262 4517 1506 4558 canere.t
1537 4502 1594 4558 In
1632 4514 1700 4570 te,
1724 4506 1965 4586 Domine,
1985 4512 2220 4579 speravi,

641 4614 752 4654 non
793 4593 1093 4651 confundar
1131 4593 1184 4648 in
1229 4601 1506 4648 atternnm.
1541 4593 1728 4649 Pastor
1759 4613 1779 4647 ι
1824 4597 1966 4652 enim
2002 4617 2021 4650 ε
2052 4603 2223 4658 bonus

644 4688 794 4759 ponit
817 4687 1051 4743 animam
1077 4698 1229 4740 suam
1259 4698 1355 4754 pro
1377 4684 1568 4738 ovibus
1598 4685 1710 4739 suis
1741 4704 1760 4738 ι
1789 4687 1971 4756 (loan.
1999 4692 2112 4762 I0).

1210 4793 1408 4850 XXXI.
1448 4794 1670 4850 Muszo.
1705 4827 1732 4850 ς.

711 4911 780 4968 Ει
808 4911 1022 4984 profecti
1049 4910 1112 4965 de
1139 4907 1434 4976 hiabat/ta,
1467 4922 1638 4966 castra
1680 4915 1852 4968 metati
1877 4927 1995 4971 sunt
2034 4919 2086 4974 in
2116 4920 2226 4977 lle-

641 5006 797 5059 brona
825 5003 1012 5074 (Num.
1046 5003 1136 5058 33.
1159 5002 1273 5074 54).

712 5115 1006 5172 Tricesima
1040 5116 1208 5186 prima
1236 5113 1440 5171 Mansio
1484 5116 1868 5188 interpretatur
1896 5123 1974 5195 (α)
1997 5135 2224 5198 παρῆεν.

703 5229 795 5304 (ιι).
812 5226 978 5304 multis
995 5225 1494 5304 contenditbeatlnus
1503 5228 1768 5293 Episwpus
1785 5232 2050 5296 legendum
2071 5254 2226 5304 περαίω-

639 5316 698 5348 οις
716 5329 728 5348 ,
752 5291 798 5339 id
823 5297 899 5362 est
923 5291 1153 5362 transitus
1175 5291 1281 5338 sive
1302 5291 1522 5362 transitio
1540 5329 1554 5350 ,
1583 5291 1689 5352 pro'
1707 5291 1938 5362 πτμλςζσις,
1960 5313 2103 5362 quam
2118 5291 2221 5354 ’νο-

637 5364 748 5400 cem
772 5352 1009 5399 subnexze
1032 5348 1422 5424 Hieronymiana:
1443 5348 1832 5412 interi-metallum
1853 5348 2156 5424 repugnare,
2171 5348 2226 5416 et

637 5418 814 5478 suapte
838 5418 1007 5459 natura
1032 5411 1192 5471 potius
1212 5411 1475 5478 adventum
1489 5447 1502 5467 ,
1520 5411 1609 5478 seu
1636 5423 1814 5475 Ineter
1834 5411 2095 5471 adventum
2116 5411 2223 5478 vnit

638 5470 913 5538 signiﬁcare
934 5470 1080 5538 quain
1101 5471 1378 5538 transitum.
1397 5471 1500 5538 lius
1522 5470 1875 5538 ferefeamdem
1901 5481 1949 5529 in
1968 5470 2222 5538 utriusoite

640 5500 913 5532 mbu|u~alc
934 5500 1080 5532 quam
1102 5500 1137 5517 ιι
1149 5500 1378 5519 auo-usus.
1401 5500 1500 5520 tu»
1523 5500 1627 5523 to":
1652 5500 1875 5527 culmen]
1901 5500 1949 5529 Ill
1968 5500 2095 5534 Ull‘lu
2158 5502 2220 5538 ue

640 5532 780 5601 vocis
797 5531 1165 5601 compositione,
1193 5530 1383 5601 Graecis
1395 5532 1734 5601 Scriptoribus
1749 5538 1910 5598 ignota
1926 5579 1940 5601 ,
1965 5500 2220 5599 diﬂicﬁta-

641 5589 2220 5674 saeuieeeznesemmerelies-aus;cerialia-

855 5645 1428 5729 Wigminvejijajur.
1467 5652 1576 5729 Ιιξτὶξ
1615 5645 2222 5729 fortasse

637 5710 861 5766 rideatur
885 5715 1092 5769 meum;
1112 5710 1348 5770 propriorl
1373 5713 1630 5778 vocabulo,
1657 5729 1712 5768 ac
1733 5729 1902 5772 sensu.

1913 273 2146 330 SiNCTI
2191 273 2442 329 IIIEI’ION
2455 276 2568 329 ι’)ιι

3819 276 3916 336 716

2319 413 2413 453 eg,
2446 388 2499 442 id
2537 396 2643 456 861,
2677 406 2697 441 ι
2726 391 3002 459 transitu,
3035 410 3055 444 1
3103 392 3215 448 sive
3246 409 3264 442 Ι
3295 391 3566 448 transitio.
3601 409 3626 444 ι
3661 393 3747 449 Ad
3780 395 3911 452 hanc

2322 483 2471 536 venit
2507 497 2671 538 verus
2705 483 2985 549 Hebraeus,
3019 484 3074 538 id
3111 494 3214 551 est,
3253 490 3477 556 ιφὶτκ.
3513 487 3636 542 sive
3668 506 3690 540 ι
3718 491 3915 544 transi-

2326 579 2410 625 tor
2440 591 2460 623 ι
2490 573 2581 641 qui
2603 572 2784 629 dicere
2805 584 2983 644 potest
3013 592 3028 628 :
3064 595 3084 627 ι
3110 575 3401 632 Transiens
3426 576 3627 632 videbo
3649 579 3909 635 visionem

2325 663 2466 718 hanc
2507 680 2754 735 magnam
2785 685 2806 718 ι
2841 666 3032 735 (Exod.
3065 669 3121 723 3.
3164 669 3256 738 3);
3287 669 3354 724 de
3396 685 3500 738 qua
3541 681 3602 726 et
3629 671 3918 728 Psalmista

2323 758 2508 810 anit:
2545 776 2566 810 ι
2598 758 2662 811 Et
2696 774 2802 814 non
2827 760 3183 829 dixeruntqui
3212 763 3584 831 prmleribant,
3611 764 3920 821 benedictio

2327 847 2535 902 Domini
2557 864 2719 918 super
2737 865 2835 904 vos
2857 871 2876 902 ι
2904 851 3021 923 (Ps.
3053 853 3173 907 I28.
3197 855 3276 921 8).
3303 854 3550 910 Praeterit
3569 858 3718 913 enim
3745 859 3918 930 figura

2327 936 2486 1007 hujus
2511 942 2695 994 mundi
2723 942 2800 1011 (1.
2832 941 2952 996 Cor.
2976 944 3057 1010 7),
3089 954 3142 998 et
3171 955 3456 1015 propterea
3485 951 3657 1002 sancti
3685 953 3916 1018 cupiunt

2325 1029 2392 1083 ad
2427 1030 2648 1084 meliora
2678 1033 2930 1100 transire,
2962 1050 3063 1088 nec
3091 1037 3342 1104 praesenti
3369 1047 3512 1092 statu
3541 1043 3803 1106 contenti,
3829 1043 3909 1096 in-

2323 1123 2625 1192 gemiscant
2653 1125 2910 1193 quotidie.
2941 1145 2959 1177 ι
2992 1127 3118 1182 [Iac
3148 1129 3461 1184 recordatus
3495 1146 3641 1198 sum,
3665 1143 3723 1188 et
3749 1133 3907 1189 eludi

2325 1215 2378 1268 in
2434 1229 2523 1270 me
2575 1215 2808 1270 animam
2855 1234 3068 1282 meam,
3121 1221 3373 1289 quoniam
3419 1226 3666 1280 transibo
3721 1226 3773 1280 in
3830 1227 3906 1280 Io.

2325 1318 2446 1357 cum
2478 1304 2807 1360 tabernaculi
2850 1307 3185 1365 admirabilis
3215 1325 3384 1381 usjue
3418 1313 3485 1367 ad
3511 1313 3740 1370 domum
3771 1317 3861 1371 Dei
3881 1336 3898 1368 ι

2326 1395 2446 1464 (Ps.
2470 1398 2563 1451 41.
2590 1397 2668 1468 5).
2717 1399 2940 1455 Ilultum
2984 1411 3088 1466 est,
3133 1404 3179 1457 si
3217 1404 3287 1459 de
3323 1406 3574 1461 omnibus
3621 1408 3904 1479 Scripturis

2324 1503 2489 1558 super
2519 1489 2686 1545 verbo
2731 1491 3067 1548 transitionis
3099 1495 3263 1550 velim
3299 1499 3547 1568 exempla
3590 1515 3901 1567 congerere.

2878 1596 3093 1653 XXXII.
3133 1599 3335 1656 Slusw

2399 1707 2468 1761 Et
2494 1709 2708 1779 profecti
2732 1710 2796 1764 de
2822 1710 3086 1781 Hebrona,
3109 1726 3279 1769 castra
3306 1717 3479 1772 uiolati
3505 1729 3626 1772 sunt
3650 1719 3705 1774 iu
3732 1722 3906 1775 Αεὶοηο

2329 1799 2495 1854 ϐιώεν
2524 1801 2708 1866 (Num.
2741 1805 2831 1858 55.
2865 1806 2980 1876 55).

2398 1917 2689 1974 Tricesima
2736 1921 2970 1976 secunda
3012 1921 3217 1978 Hansio
3259 1925 3578 1980 transfertur
3617 1926 3673 1980 in
3722 1945 3744 1978 ι
3774 1927 3905 1997 ligus

2326 2010 2449 2076 viri,
2485 2029 2507 2062 ι
2532 2011 2649 2066 sive
2679 2012 2756 2081 (b)
2787 2031 2807 2064 ι
2832 2013 3130 2070 dolationes
3171 2015 3425 2082 hominis,
3454 2034 3475 2069 ι
3504 2018 3646 2088 quod
3691 2020 3905 2089 signiti-

2326 2102 2535 2156 eantius
2581 2100 2767 2158 Graece
2808 2103 3003 2160 dicitur
3057 2116 3326 2175 ξυλειιςμοι
3366 2111 3530 2179 ἄψ
3551 2148 3568 2173 ,
3630 2111 3904 2164 scribitur-

2327 2208 2431 2262 que
2461 2208 2556 2263 per
2586 2212 2606 2246 ι
2637 2195 2699 2249 Ai
2729 2213 2750 2248 ι
2786 2196 3039 2261 litteram,
3066 2213 3192 2262 non,
3236 2207 3295 2253 ut
3328 2199 3500 2255 Grmci
3529 2210 3584 2256 et
3611 2201 3787 2256 Latini
3822 2218 3904 2257 αι

2328 2295 2470 2353 rant,
2495 2302 2591 2356 per
2641 2307 2661 2340 ι
2692 2287 2888 2344 Gimel.
2926 2307 2946 2342 ι
2997 2289 3155 2346 Unde
3194 2291 3247 2346 in
3289 2292 3581 2348 solitudine
3629 2293 3904 2349 multitudo

2329 2378 2614 2450 lignorum,
2642 2383 2743 2437 nisi
2783 2382 2926 2452 quod
2963 2383 3134 2440 seduli
3177 2393 3234 2440 et
3259 2385 3531 2457 diligentis
3559 2388 3802 2459 magistri
3829 2390 3903 2443 di-

2329 2471 2550 2540 sciplina
2591 2481 2942 2541 monstratur,
2969 2474 3231 2530 caedentis
3253 2477 3393 2546 ligna
3421 2477 3697 2548 informia,
3738 2490 3792 2535 et
3819 2480 3906 2534 do-

2330 2561 2488 2616 lantis
2522 2563 2871 2635 facientisque
2895 2581 3018 2620 vasa
3042 2569 3277 2635 diversa,
3305 2585 3425 2640 qua:
3454 2571 3505 2624 in
3534 2571 3697 2625 dumo
3726 2589 3904 2642 magna

2330 2655 2630 2708 necessaria
2675 2656 2839 2710 sunt?
2877 2655 2955 2726 (2.
2987 2656 3124 2711 Tim.
3156 2659 3213 2729 2)
3263 2660 3493 2715 Possunt
3538 2680 3558 2713 ι
3592 2663 3904 2733 lignationes

2328 2746 2450 2811 viri,
2483 2765 2502 2798 ι
2535 2748 2768 2802 saltuum
2813 2760 2870 2805 et
2907 2752 3143 2805 omnium
3175 2753 3427 2808 arborum
3465 2770 3687 2826 genera,
3719 2772 3784 2811 ac
3820 2773 3905 2828 per

2330 2835 2434 2890 boc
2467 2838 2801 2894 credentium
2841 2842 3236 2898 multitudinem
3270 2843 3517 2914 figurare,
3558 2845 3775 2902 dicente
3815 2849 3907 2902 Da-

2330 2927 2457 2982 vid:
2493 2947 2512 2980 ι
2549 2929 2849 2986 Invenimus
2877 2948 2996 2988 eam
3039 2935 3092 2988 in
3135 2938 3340 3006 eampis
3381 2937 3529 2992 silvae
3558 2957 3579 2990 ι
3609 2938 3733 3006 (Ps.
3765 2941 3902 3010 151).

2331 3020 2619 3092 ﬂuensque
2665 3024 2897 3078 solitudo
2937 3026 3145 3080 Pbaran
3177 3027 3364 3082 decem
3411 3037 3470 3084 et
3509 3041 3632 3085 octo
3674 3034 3906 3088 continet

2331 3112 2656 3180 Mansiones,
2688 3132 2810 3186 qua:
2836 3117 3119 3188 descripta:
3160 3119 3214 3173 in
3257 3121 3522 3192 catalogo,
3555 3122 3606 3176 in
3647 3123 3905 3193 superiori

2331 3207 2521 3263 itinere
2550 3227 2655 3264 non
2683 3220 2972 3280 ponuntttr.

2869 3305 3108 3361 XXXilI.
3149 3306 3370 3362 Msxsto.

2400 3412 2468 3467 Et
2493 3415 2708 3485 profecti
2747 3417 2810 3469 de
2854 3415 3241 3484 Asion-Gabcr,
3283 3427 3450 3472 castra
3496 3421 3671 3473 mrtuti
3712 3430 3826 3474 sunt
3859 3421 3904 3474 iu

2330 3502 2524 3558 deserto
2546 3505 2641 3559 Sin
2670 3521 2690 3558 :
2717 3503 2844 3559 Ila'c
2873 3519 2945 3560 est
2973 3507 3134 3562 Gades
3162 3507 3350 3576 (Num.
3388 3510 3479 3565 35.
3509 3511 3625 3581 36).

2401 3614 2670 3683 Quaeritur
2705 3632 2801 3672 cur
2828 3629 3014 3673 octava
3053 3619 3258 3675 Mansio
3289 3637 3428 3676 tmnc
3456 3624 3721 3677 tricesima
3755 3625 3900 3679 tertia

2331 3721 2450 3762 €830
2471 3709 2694 3763 dicatur.
2716 3710 2822 3764 Sed
2845 3712 3118 3767 sciendum
3136 3714 3276 3782 quod
3301 3715 3445 3783 prior
3461 3731 3556 3784 per
3585 3734 3602 3768 ι
3632 3715 3862 3772 Samecb
3881 3736 3897 3768 ο

2331 3799 2561 3854 litteram
2598 3801 2882 3870 scribitur,
2915 3804 3400 3876 interpretaturque
3449 3826 3468 3858 α
3500 3809 3663 3862 rubus
3693 3851 3709 3876 ,
3740 3828 3763 3862 ι
3795 3812 3903 3865 sive

2336 3909 2356 3944 ι
2404 3893 2584 3947 odium
2618 3911 2632 3946 :
2671 3913 2690 3946 ι
2765 3891 2937 3966 489
3008 3897 3123 3952 lucc
3170 3909 3346 3954 autem
3373 3915 3468 3969 per
3500 3919 3519 3953 ι
3563 3901 3703 3957 Sade
3729 3943 3746 3967 ,
3778 3921 3796 3954 ι
3855 3903 3906 3949 ει

2331 3984 2402 4056 (c)
2426 3987 2646 4041 vertitur
2692 3987 2745 4042 in
2796 4006 2814 4038 ι
2849 3988 3178 4043 mandatum.
3215 4010 3235 4042 ι
3292 3991 3533 4062 lllndque
3561 3995 3705 4064 quod
3731 3996 3902 4065 jungi-

2333 4084 2437 4139 tur,
2471 4093 2491 4128 ι
2523 4075 2720 4142 Cades,
2755 4095 2776 4129 ι
2812 4094 2917 4132 non
2951 4089 3008 4133 ut
3034 4080 3276 4150 plerique
3304 4083 3593 4149 azstimant,
3625 4104 3644 4136 σ
3669 4096 3848 4140 sancta
3882 4105 3898 4137 ι

2331 4169 2525 4224 dicitur
2555 4186 2570 4224 :
2597 4169 2689 4224 sed
2736 4187 2756 4221 t
2789 4180 3010 4236 mutata,
3049 4191 3068 4224 ι
3094 4174 3214 4228 sive
3247 4192 3264 4224 ι
3298 4177 3574 4230 translata.
3609 4195 3629 4229 ι
3661 4176 3905 4246 Legimus

2331 4261 2386 4317 in
2411 4247 2608 4318 Genesi
2639 4260 2790 4332 (cap.
2829 4262 2920 4318 28.
2949 4279 2997 4317 υ.
3038 4262 3134 4334 2l)
3169 4265 3318 4334 juxta
3361 4267 3674 4322 Ilebraieam
3711 4269 3907 4324 Veritao

2335 4361 2463 4418 tem,
2511 4353 2602 4407 ubi
2638 4351 2805 4408 Judas
2850 4355 3188 4410 meretricem
3232 4365 3425 4426 putans
3472 4358 3726 4425 Thamar,
3770 4359 3908 4414 dona

2334 4446 2666 4500 transmisit:
2693 4453 2750 4500 et
2783 4454 3061 4515 sequester
3089 4463 3370 4503 munerttm
3413 4450 3730 4523 interrogat,
3768 4471 3786 4504 ι
3826 4452 3910 4507 ubi

2331 4548 2415 4590 est
2441 4535 2655 4602 cadesa,
2692 4554 2712 4587 i
2747 4535 2850 4591 boc
2893 4544 2998 4601 est,
3045 4555 3064 4590 ι
3093 4548 3348 4605 scortum,
3382 4557 3402 4591 ι
3447 4541 3598 4610 cujus
3639 4541 3856 4597 habitus
3883 4558 3912 4595 a

2333 4631 2546 4684 cmteris
2575 4627 2787 4682 feminis
2817 4629 3130 4685 immutatus
3153 4641 3258 4688 est.
3287 4633 3344 4686 In
3383 4634 3561 4688 multis
3585 4649 3802 4706 quoque
3830 4636 3913 4691 Io-

2331 4723 2410 4776 eis
2438 4721 2540 4776 lioc
2571 4721 2710 4776 idem
2737 4723 3057 4792 reperimus.
3088 4724 3180 4780 Sin
3217 4735 3396 4782 autem
3429 4745 3449 4778 σ
3478 4737 3656 4781 saneta
3685 4745 3708 4780 ι
3741 4730 3915 4785 inter-

2335 4824 2608 4885 pretatur,
2658 4823 2784 4871 κατὰ
2835 4821 3108 4889 ἀντιφρασιν
3163 4829 3247 4874 est
3286 4817 3675 4890 intelligendum
3720 4816 3741 4874 ἐ
3776 4838 3918 4892 quo-

2334 4908 2494 4962 modo
2518 4909 2699 4964 Parca:
2736 4909 2987 4964 dicuntur
3027 4911 3097 4964 ab
3127 4927 3194 4966 eo
3234 4912 3374 4982 quod
3421 4911 3637 4966 minime
3665 4925 3915 4982 parcant.

2333 5008 2389 5056 ct
2430 5000 2650 5068 bellum,
2700 5001 2841 5071 quod
2887 5015 3220 5072 nequaquam
3263 5003 3461 5059 bellum
3505 5003 3594 5071 sit,
3647 5013 3704 5060 et
3741 5005 3914 5073 lucus,

2402 5179 2476 5242 (b)
2509 5179 2637 5230 Olim
2663 5179 2997 5256 dedoluioncs
3018 5193 3036 5231 :
3060 5180 3509 5256 deind0_Vict_qrins
3533 5196 3792 5246 perperam
3813 5196 3915 5256 ξιιλιτ

2334 5257 2548 5314 uio-mam
2583 5256 2668 5303 pro
2693 5255 2898 5314 ξνλριισιωὶ
2932 5252 3062 5307 ἀνδρὸς
3079 5281 3093 5300 ,
3132 5243 3262 5313 quod
3299 5243 3496 5315 codices
3527 5243 3732 5315 Quoque
3769 5248 3914 5295 nostri

2336 5306 2636 5377 confirmant:
2663 5304 2867 5377 [inlitum
2893 5303 3002 5377 loco
3024 5317 3200 5377 nomen
3226 5303 3425 5377 lignatio
3446 5319 3554 5377 tan,
3578 5308 3722 5377 abeo
3743 5322 3917 5377 nempe

2335 5366 2416 5429 qui
2442 5364 2687 5429 Sabbatbo
2711 5365 2843 5429 ligna
2865 5366 3092 5427 collegit,
3119 5371 3184 5429 et_
3196 5364 3355 5429 morte
3377 5369 3610 5418 multatus
3633 5376 3738 5429 est,
3775 5364 3917 5418 Num.

2336 5426 2414 5494 I3.
2440 5427 2519 5474 δὲ.
2547 5425 2699 5494 Porro
2720 5425 2778 5476 Ai
2799 5425 3019 5494 litteram
3043 5425 3131 5494 pro
3151 5425 3312 5475 Glmel
3335 5429 3399 5477 ab
3421 5430 3634 5494 antiquis
3673 5425 3920 5494 interpre-

2336 5487 2465 5551 tibus
2488 5490 2667 5551 szepius
2688 5490 2830 5549 sumi,
2858 5489 3009 5538 multa
3032 5487 3238 5551 probant
3271 5492 3502 5551 exempla
3517 5487 3609 5550 ,ὐι
3632 5505 3729 5540 non
3752 5487 3922 5542 de'fue-

2334 5548 2417 5605 rit,
2442 5551 2523 5610 qui
2549 5550 2810 5614 arbitratus
2849 5551 2942 5607 sit,
2983 5548 3226 5614 duplicem
3265 5548 3382 5599 Olim
3406 5548 3562 5614 fuisse
3597 5553 3708 5614 ejus
3746 5554 3924 5606 littera

2339 5611 2800 5679 pronuntiationem,
2826 5624 3028 5679 quarum
3051 5611 3204 5679 altera
3211 5614 3369 5679 ~t_|_uasi
3392 5613 3510 5676 gain
3532 5611 3810 5679 diceretur.

2397 5670 2469 5730 (c)
2503 5671 2623 5720 I’uta
2645 5677 2745 5726 rm
2768 5670 3014 5734 prrbcepir,
3040 5674 3144 5721 sive
3166 5685 3194 5721 a
3211 5671 3271 5720 ’Β
3289 5670 3925 5740 ρνιεὶ-εριωη,ηιιιπάαιωπ;

2336 5751 2447 5790 aute
2471 5746 2635 5794 tamen
2658 5743 2777 5794 satis
2809 5741 3021 5794 violenta
3047 5743 3192 5807 inter;
3209 5747 3388 5796 relatio
3413 5754 3488 5798 est
3513 5749 3674 5798 nobis.
