4056 6184
190 301 298 357 ’ῖιῖ

188 415 337 485 quod
369 413 590 469 minime
629 412 824 467 luceat.
871 409 927 464 ln
960 408 1058 462 hac
1100 407 1374 462 Mansione
1418 405 1643 460 moritur
1670 404 1776 458 bla-

189 505 293 570 ria,
340 515 396 559 et
429 504 729 574 sepelitur:
763 509 818 554 et
863 507 1082 569 propter
1127 511 1294 566 aquas
1336 494 1779 551 eoutradictionis

189 597 408 667 Moyses
433 607 483 650 et
510 597 685 648 Aaron
710 590 986 646 oll'endunt
1014 589 1317 651 Dominum,
1346 596 1400 642 et
1427 584 1778 656 prohibentur

189 689 426 743 transire
439 686 748 749 Iordanem,
773 684 1060 752 missisque
1081 681 1279 736 nuntiis
1295 681 1360 733 ad
1382 679 1572 743 Edom,
1600 687 1778 732 trans-

187 781 298 834 itus
335 781 551 849 petitur,
597 791 695 831 nec
725 777 1063 846 impetratur.
1106 773 1236 838 Quis
1264 772 1476 824 timeret
1505 777 1624 840 post
1662 777 1780 821 tan-

184 880 270 924 tns
303 868 579 939 profectus
609 882 852 921 murmur
881 864 1084 934 populi,
1125 871 1180 917 et
1203 861 1464 916 oll‘ensam
1493 859 1778 927 magistro-

181 975 338 1025 rum,
389 968 444 1013 et
481 960 580 1012 vim
623 957 880 1012 transitus
913 953 1242 1025 denegatos‘l
1279 951 1504 1007 Videtur
1552 949 1680 1004 mihi
1723 950 1774 1003 in

178 1051 346 1106 Maria
380 1050 670 1121 l’rophctia
712 1057 921 1102 mortua
951 1065 965 1101 :
994 1047 1046 1101 in
1074 1047 1256 1118 Moyse
1283 1053 1336 1099 et
1365 1045 1541 1098 Aaron
1569 1041 1694 1111 Legi
1723 1051 1777 1096 et

175 1141 500 1200 Sacerdotio
525 1140 839 1196 Iudaeorum
868 1138 987 1192 linis
1015 1138 1298 1208 impositus
1324 1153 1336 1188 :
1369 1133 1512 1206 quod
1541 1147 1642 1188 nec
1674 1133 1774 1200 ipsi

172 1233 252 1289 ad.
270 1243 478 1288 terram
518 1231 957 1302 repromissionis
988 1228 1374 1284 transcendere
1400 1227 1632 1290 valeant,
1675 1239 1776 1279 nec

170 1323 498 1378 credentem
539 1323 794 1392 p0pulum
819 1321 886 1374 de
912 1318 1201 1374 solitudine
1232 1316 1391 1386 hujus
1419 1315 1602 1369 mundi
1641 1315 1774 1370 edu-

173 1431 328 1470 cere.
364 1416 431 1469 Et
462 1425 584 1468 nota
607 1413 750 1484 quod
779 1421 897 1482 post
924 1421 1150 1466 mortem
1172 1409 1495 1480 Prophetice,
1529 1416 1586 1463 et
1608 1421 1772 1477 aquas

170 1506 653 1568 contradictionis;
702 1503 994 1559 ldumaaum
1041 1501 1134 1575 [aL
1167 1497 1465 1572 idmuceam]
1514 1513 1770 1555 carncum

169 1606 336 1666 atipte
369 1604 644 1650 terrenum
677 1595 906 1649 transire
938 1609 1041 1647 non
1075 1591 1281 1662 possint
1311 1609 1324 1646 :
1357 1601 1557 1646 etcum
1590 1590 1772 1644 multis

172 1686 429 1756 precibus
470 1694 525 1739 et
551 1693 746 1739 conatu
777 1683 916 1737 viam
961 1698 1066 1736 non
1110 1684 1436 1750 impetrent;
1478 1679 1574 1735 sed
1611 1694 1769 1749 egre-

170 1778 350 1832 diatur
382 1775 556 1830 Edom
596 1775 854 1830 adversus
901 1789 996 1829 eos
1039 1774 1091 1828 in
1134 1773 1332 1843 populo
1375 1771 1566 1838 multo,
1618 1781 1675 1826 et
1717 1773 1768 1824 in

171 1885 332 1923 manu
371 1868 519 1924 forti.
561 1866 933 1936 lnterpretatio
973 1879 1184 1934 quoque
1224 1863 1459 1918 nominis
1508 1862 1666 1917 morti
1713 1871 1767 1917 et

167 1960 414 2024 otl'ensaz,
443 1969 502 2015 et
527 1966 720 2029 negato
747 1956 999 2012 transilui
1027 1954 1299 2011 convenit.
1326 1953 1424 2010 Ubi
1449 1955 1592 2008 enim
1616 1970 1766 2008 man-

165 2050 374 2127 datum,
407 2049 485 2104 ibi
520 2058 574 2106 et
600 2058 874 2119 peccatum
905 2067 920 2103 :
950 2048 1038 2104 ubi
1071 2057 1372 2117 peccatum,
1405 2047 1477 2100 ibi
1509 2046 1711 2102 offensa
1745 2065 1760 2101 :

165 2143 255 2195 ubi
284 2141 522 2208 oﬂ'ensa,
552 2141 624 2196 ibi
664 2156 831 2196 mors.
879 2140 1004 2196 Haec
1029 2152 1114 2196 est
1140 2139 1347 2194 Mansio
1373 2137 1441 2194 de
1467 2153 1575 2210 qua
1606 2139 1762 2194 Psal-

161 2231 328 2287 mista
369 2232 540 2295 canit,
597 2250 617 2284 ι
642 2229 1016 2305 Commovebit
1053 2231 1314 2287 Dominus
1347 2231 1619 2288 desertum
1662 2229 1763 2284 Ca-

159 2321 259 2376 des
293 2341 313 2375 ι
350 2321 531 2392 (Psal.
560 2321 651 2378 as.
677 2322 735 2392 8)

721 2452 960 2508 XXXIV.
1003 2453 1227 2509 Mausm.

230 2583 298 2636 Et
329 2582 558 2654 profecti
580 2583 644 2637 de
664 2581 848 2648 Gades,
876 2593 1045 2637 castra
1073 2583 1243 2636 θηριαιὶ
1258 2592 1375 2638 sunt
1396 2583 1446 2636 in
1473 2583 1546 2636 0r
1571 2592 1754 2650 monte,

159 2677 210 2731 iu
243 2685 479 2730 extremo
505 2684 653 2728 terrae
679 2673 869 2728 Edam.
894 2674 1230 2744 Ascenditque
1251 2675 1421 2728 Aaron
1446 2673 1682 2728 sacerdos
1708 2674 1761 2728 in

164 2777 380 2822 montem
409 2767 512 2832 υτ,
544 2767 691 2832 iuxta
726 2775 1034 2836 praeceptum
1073 2763 1302 2830 Domini,
1328 2775 1390 2819 et
1431 2775 1660 2819 mortuus
1685 2774 1760 2818 est

167 2862 236 2916 ibi
273 2877 410 2914 anno
463 2858 853 2929 quadragesimo
896 2856 1200 2927 egressionis
1237 2857 1460 2925 ﬁliorum
1487 2854 1654 2909 Israel
1697 2856 1762 2910 dc

168 2963 302 3007 terra
330 2951 576 3023 ﬁgi/pii,
623 2966 793 3005 mense
817 2951 1011 3020 quinto,
1047 2951 1212 3021 prima
1256 2950 1338 3004 die
1367 2949 1571 3004 mensis.
1606 2947 1762 3002 Erat-

166 3061 262 3115 que
300 3045 476 3098 Aaron
509 3053 708 3096 centum
733 3043 909 3113 viginti
935 3043 1089 3096 trium
1113 3059 1359 3095 annorum
1383 3041 1588 3111 quando
1619 3056 1758 3094 mor-

167 3145 283 3189 tuus
304 3143 376 3190 est
406 3136 461 3188 in
498 3142 669 3186 monte
698 3132 792 3186 0r.
827 3131 888 3200 Et
920 3133 1112 3185 audivit
1147 3131 1465 3186 Chananwus
1484 3147 1574 3186 rex
1594 3131 1754 3197 Arad,

165 3228 256 3296 qui
329 3225 500 3298 490
573 3225 828 3278 habitabat
851 3224 917 3276 ad
963 3225 1203 3278 Austrum
1231 3226 1281 3276 in
1314 3233 1447 3277 terra
1473 3223 1718 3278 Chanaan
1741 3263 1757 3290 ,

167 3317 305 3388 quod
328 3319 580 3372 venissent
599 3316 696 3385 ﬁlii
726 3315 894 3396 Israel
923 3312 1115 3386 (Num.
1145 3315 1236 3370 55.
1272 3315 1336 3369 17
1367 3323 1412 3368 et
1438 3315 1572 3384 sqq.)

241 3453 544 3522 Trigesima
570 3459 756 3521 quarta
782 3450 984 3506 Mansio
1007 3458 1110 3518 est,
1137 3465 1296 3518 quam
1323 3449 1563 3520 plerique
1590 3449 1760 3505 inter-
1790 3501 1798 3506 .

171 3552 451 3610 pretantur
469 3560 490 3594 ι
521 3542 702 3598 lumen
727 3561 740 3598 :
768 3560 788 3597 ι
811 3542 887 3614 (a)
914 3556 1013 3597 nec
1026 3549 1291 3609 errarent,
1319 3542 1363 3597 si
1382 3556 1478 3611 per
1498 3559 1518 3594 ι
1543 3540 1712 3611 Aleph
1735 3557 1758 3594 ι

174 3633 410 3688 litteram
455 3632 807 3699 scriberetur.
831 3634 934 3688 Alii
984 3651 1003 3686 ι
1035 3631 1249 3703 pellem,
1283 3651 1304 3685 ι
1350 3641 1406 3687 et
1433 3631 1534 3703 ipsi
1573 3647 1760 3687 verum

173 3726 435 3792 dicerent,
481 3725 527 3781 si
570 3734 714 3782 esset
763 3745 783 3778 ι
813 3725 876 3780 Ai
907 3744 926 3778 ι
972 3725 1225 3796 positum.
1263 3724 1516 3779 Nonnulli
1565 3742 1584 3777 ι
1615 3723 1759 3779 fora-

174 3833 322 3883 men,
352 3838 372 3873 »
405 3817 550 3889 quod
579 3826 762 3889 posset
804 3818 997 3888 accipi,
1037 3818 1081 3872 si
1115 3835 1134 3868 ι
1165 3816 1301 3872 lleth
1330 3834 1350 3868 ι
1388 3815 1610 3871 haberet
1649 3816 1762 3870 ele-

175 3920 440 3967 mentum.
481 3909 617 3966 Cum
681 3919 860 3964 autem
922 3910 1128 3979 legatur
1175 3923 1272 3978 per
1321 3926 1340 3960 ι
1374 3907 1485 3972 He;
1523 3924 1542 3958 ι
1596 3907 1764 3976 magis

181 4021 202 4055 ι
231 4019 389 4060 mons
413 4022 434 4055 ι
477 4001 796 4072 intelligitur
826 4018 840 4054 :
869 4009 924 4054 et
951 3999 1052 4069 legi
1082 4007 1278 4068 potest,
1311 4015 1331 4048 ι
1362 3997 1621 4053 Ascemlit
1653 3997 1760 4050 Aa-

175 4109 277 4148 ron
308 4091 565 4148 sacerdos
607 4092 661 4146 in
706 4089 903 4145 montis
943 4097 1200 4152 montem,
1237 4105 1257 4139 ι
1291 4087 1343 4141 id
1371 4094 1475 4153 est,
1517 4085 1571 4140 in
1599 4085 1764 4139 verti-

175 4199 297 4238 cem
345 4182 484 4252 ejus.
535 4181 617 4236 Ex
661 4195 770 4250 quo
815 4177 1290 4233 animadvertimus
1333 4191 1438 4230 non
1484 4175 1539 4230 in
1582 4183 1764 4230 monte

179 4275 524 4346 simpliciter,
575 4273 670 4329 sed
710 4275 763 4327 in
802 4271 1000 4327 montis
1041 4279 1222 4326 monte
1251 4269 1565 4325 Pontiﬁcem
1613 4283 1763 4324 mor-

182 4377 350 4436 tuum,
391 4377 450 4423 ut
490 4368 683 4440 dignus
729 4367 878 4421 locus
912 4365 1120 4420 meritis
1160 4363 1303 4418 illius
1342 4368 1752 4417 monstraretur.

181 4457 402 4514 Moritur
429 4467 611 4514 autem
655 4471 721 4514 eo
758 4453 921 4520 anno,
969 4469 1076 4526 quo
1116 4469 1284 4509 novus
1313 4452 1542 4523 populus
1582 4467 1768 4521 repro-

183 4550 457 4605 missionis
484 4558 686 4605 terram
718 4548 1012 4602 intraturus
1040 4553 1176 4609 erat,
1210 4543 1261 4597 in
1292 4543 1549 4598 extremis
1572 4541 1768 4596 tinibus

185 4650 341 4696 terra:
368 4642 747 4697 ldumteorum.
780 4639 847 4694 Et
873 4653 1179 4709 quanquam
1221 4637 1274 4690 in
1305 4643 1485 4690 monte
1510 4634 1764 4690 sacerdo-

185 4731 316 4788 tium
369 4734 628 4790 Eleazaro
674 4731 786 4787 ﬁlio
829 4730 1196 4801 dereliquerit,
1247 4729 1467 4800 Lexque
1512 4743 1627 4793 eos,
1675 4726 1766 4797 qui

189 4835 306 4876 eam
337 4822 698 4894 impleverim,
738 4821 992 4893 perducat
1013 4820 1079 4875 ad
1102 4835 1370 4874 summum
1401 4837 1415 4872 :
1450 4829 1624 4874 tamen
1654 4819 1767 4888 ipsa

190 4911 487 4969 sublimitas
515 4930 622 4970 non
653 4922 736 4970 est
763 4923 908 4968 ﬂans
934 4912 1133 4967 ﬂuenta
1158 4911 1431 4976 Iordanis,
1464 4911 1560 4980 sed
1587 4909 1640 4964 in
1669 4925 1769 4964 cx-

193 4999 378 5054 tremis
406 5010 736 5060 terrenornm
776 5018 1002 5076 operum
1039 5003 1234 5059 finibus
1269 5020 1282 5056 ε
1313 5011 1368 5058 et
1401 5001 1601 5074 plangit
1643 5017 1766 5058 eum

255 5179 329 5242 (a)
341 5181 596 5250 __}_Iebralca
621 5187 809 5236 nomina
831 5186 960 5250 heie,
982 5192 1133 5250 atque
1149 5185 1262 5237 alibi
1284 5198 1424 5250 saepe
1439 5199 1529 5236 nos
1548 5185 1770 5250 adposui-

193 5241 602 5321 musilllud‘vero
620 5241 1013 5321 praetereundum
1035 5241 1130 5321 lion
1151 5257 1245 5307 est.
1263 5241 1529 5321 11110313981
1551 5241 1764 5321 Μᾲῖδῗδε

193 5307 446 5378 omnisque
468 5307 672 5378 historia
705 5311 753 5358 in
779 5307 845 5359 0r
868 5319 1034 5360 monte
1069 5312 1239 5378 Aaron
1256 5307 1574 5378 sacerdotem
1609 5307 1766 5378 tradat

195 5368 508 5428 gocubuisse,
550 5371 598 5420 in
635 5370 910 5422 Deuteron.
937 5378 1100 5421 tamen
1134 5385 1178 5421 c.
1221 5373 1300 5422 10.
1326 5385 1369 5420 v.
1409 5372 1457 5420 6.
1499 5377 1577 5421 est
1605 5387 1628 5416 ιι
1651 5368 1765 5419 Filii

196 5421 346 5475 Israel
370 5443 471 5481 mos
482 5421 626 5482 erunt
648 5421 804 5482 castra
827 5446 889 5483 ex
914 5432 1102 5482 Berotb
1129 5431 1338 5482 ﬁliorum
1360 5431 1506 5482 Iacan
1531 5433 1581 5480 in
1605 5431 1767 5480 Mose-

195 5489 384 5566 £31291
395 5491 560 5566 Aetoli
570 5500 787 5543 mortuus
807 5507 864 5566 ac
885 5493 1109 5555 sepultus
1132 5501 1228 5566 est,
1253 5507 1340 5566 pro
1358 5507 1461 5566 quo
1482 5492 1767 5566 Sacerdotio

199 5543 388 5616 [unctus
411 5561 487 5602 est
506 5553 721 5613 Eleazar,
745 5572 767 5600 ι
799 5543 921 5613 etc.,
945 5543 1095 5616 quam
1109 5543 1542 5616 contradictionem
1565 5555 1767 5616 obcan-

199 5603 326 5683 ηιξκιε
347 5619 492 5683 atque
516 5603 735 5683 inversas
755 5603 1036 5683 ιίέιίιειὶῃῖοε
1057 5603 1251 5683 xxvii.
1286 5603 1514 5683 XX_Vl_l_l__
1534 5622 1588 5665 et
1618 5613 1765 5683 sxy.

204 5678 312 5737 esse
343 5675 532 5747 quidam
553 5679 868 5748 arbitrantur,
891 5677 970 5727 alii
995 5676 1242 5742 explicant
1281 5677 1595 5741 probabilius.
1623 5675 1767 5727 Adito

206 5741 245 5777 si
270 5729 403 5784 lubet
427 5749 530 5799 ejus
553 5737 643 5790 loc:
669 5740 986 5802 interpretes.

1509 288 1840 348 EPISTULA
1884 287 2147 351 LXXVII.

3366 312 3484 371 “‘8'

1894 408 2120 476 populus
2166 409 2375 480 triginta
2416 411 2623 468 diebus.
2666 414 2742 486 (ὁ)
2774 418 2947 472 Aaron
2981 421 3269 494 plangitur,
3317 425 3474 483 Iesus

1893 517 1999 554 non
2065 503 2352 573 plangitur.
2410 504 2465 560 In
2532 521 2668 562 LEGB
2732 509 3041 568 Descsssus
3097 515 3164 569 ad
3227 517 3468 585 inferos;

1888 591 1940 646 in
1983 592 2274 664 Evangelio
2318 594 2384 650 ad
2433 597 2736 667 paradisum
2779 602 3202 673 transmigratio.
3252 610 3468 664 Andivit

1884 698 2099 753 quoque
2124 683 2457 740 Chananteus
2491 688 2632 758 quod
2677 691 2916 746 venisset
2946 691 3132 757 Israel,
3164 705 3218 750 et
3263 697 3314 752 in
3342 699 3463 762 loco

1884 778 2282 846 exploratorum
2309 821 2325 847 ,
2391 781 2480 836 tibi
2535 783 2804 852 quondam
2855 783 3147 842 otl'endisse
3207 775 3459 859 populum

1883 873 1960 940 lc)
1986 882 2231 940 noverat,
2263 875 2424 930 infert
2451 877 2787 946 przrlium,et
2807 879 3080 949 captivum
3105 880 3251 936 ducit
3280 882 3466 940 Israel.

1881 963 2221 1036 Rursumque
2264 967 2316 1021 in
2346 967 2536 1022 eodem
2562 968 2683 1023 loco
2702 979 2965 1040 pugnatur
2993 989 3007 1026 :
3038 987 3106 1026 ex
3135 983 3260 1028 voto
3293 976 3462 1032 victor

1879 1056 2130 1121 vincitur,
2177 1058 2303 1113 victi
2345 1069 2620 1129 superant,
2660 1060 3067 1131 appellaturque
3118 1079 3315 1120 nomen
3358 1066 3464 1122 loci
3501 1119 3506 1126 .

1887 1165 1907 1200 ι
1936 1147 2154 1214 Ηοιυιιίει,
2191 1167 2208 1200 ι
2264 1150 2317 1204 id
2364 1162 2486 1216 est,
2545 1170 2564 1203 ι
2607 1151 2916 1206 anathema.
2953 1171 2972 1206 ι
3027 1152 3228 1209 Eadem
3281 1156 3463 1212 dicere
3502 1136 3509 1206 ξ

1880 1238 2012 1293 mihi
2053 1254 2160 1293 non
2207 1250 2289 1294 est
2317 1242 2548 1310 pigrum,
2579 1243 2879 1312 legentibus
2904 1245 3287 1311 necessarium,
3319 1249 3462 1317 quod

1877 1344 2094 1400 semper
2121 1329 2384 1384 humanus
2408 1341 2580 1386 status
2611 1333 2662 1386 in
2710 1333 2866 1402 hujus
2891 1334 3072 1388 swculi
3105 1335 3186 1389 via
3215 1335 3458 1403 ﬂuctuet,

1876 1429 1931 1474 et
1966 1420 2102 1474 alius
2128 1420 2180 1474 in
2218 1421 2378 1487 valle,
2428 1423 2564 1476 alius
2594 1424 2646 1478 in
2677 1424 2904 1494 campis,
2935 1425 3073 1481 alius
3110 1427 3373 1482 moriatur
3403 1430 3458 1483 in

1875 1518 2060 1570 monte
2097 1526 2112 1563 :
2145 1525 2245 1564 nec
2291 1511 2342 1564 in
2392 1522 2576 1568 monte
2620 1513 2958 1584 simpliciter,
3011 1515 3105 1571 sed
3160 1517 3211 1572 in
3262 1519 3460 1572 montis

1875 1610 2082 1666 monte,
2115 1600 2170 1655 id
2200 1610 2304 1667 est,
2338 1602 2390 1655 in
2420 1603 2636 1658 excelso
2661 1605 2883 1660 vertice.
2936 1604 3179 1677 Cumque
3226 1623 3325 1663 nos
3365 1609 3459 1663 Dei

1873 1690 2074 1745 auxilio
2098 1690 2384 1746 destitutos
2415 1691 2584 1748 hostis
2619 1694 2896 1758 invaserit,
2923 1694 3243 1765 duxeritque
3283 1700 3456 1767 capti-

1872 1795 2000 1845 vos;
2033 1796 2137 1834 non
2167 1781 2521 1851 desperemus
2548 1784 2798 1848 salutem,
2827 1785 2921 1840 sed
2951 1786 3144 1840 iterum
3185 1803 3456 1843 armeinur

1871 1872 1938 1928 ad
1965 1873 2230 1943 przelium.
2261 1873 2445 1931 Potest
2488 1873 2623 1940 fieri,
2667 1883 2726 1930 ut
2752 1877 3048 1942 vincamus,
3077 1877 3166 1932 ubi
3196 1880 3318 1932 victi
3347 1880 3452 1934 fui-

1870 1979 2010 2028 mus,
2035 1973 2091 2020 et
2113 1965 2165 2020 in
2194 1965 2382 2021 eodem
2407 1966 2525 2023 loco
2547 1967 2962 2039 triumphemus,
2987 1969 3075 2024 ubi
3106 1969 3304 2026 fuimus
3329 1981 3452 2026 ante

1867 2055 2082 2126 Captivi.

2240 2170 2460 2227 XXXV.
2487 2181 2543 2228 et
2569 2171 2810 2228 XXXV].
2842 2171 3064 2228 Mausw.

1939 2281 2006 2337 Et
2037 2284 2250 2355 profecti
2278 2284 2340 2339 de
2374 2293 2544 2340 monte
2579 2283 2670 2350 0r,
2699 2294 2866 2340 castra
2905 2285 3080 2338 ntetati
3104 2293 3222 2339 sunt
3251 2284 3303 2338 in
3332 2283 3450 2339 Sel-

1866 2393 2036 2431 mona.
2084 2375 2410 2446 Profectique
2442 2377 2506 2431 de
2557 2375 2823 2443 Sclmona,
2872 2387 3110 2431 venerunt
3150 2376 3204 2430 in
3242 2373 3449 2431 Pltluon

1867 2469 2053 2541 (Num.
2087 2471 2172 2526 15.
2199 2470 2288 2525 41.
2321 2479 2368 2523 et
2393 2469 2506 2540 42).

1935 2583 2098 2658 49],
2173 2583 2268 2638 lla:
2286 2582 2406 2638 dua:
2433 2581 2754 2650 Mansiones,
2775 2582 3041 2639 tricesima
3073 2582 3253 2653 quinta
3281 2591 3334 2638 et
3353 2583 3448 2636 tri-

1863 2675 2062 2730 cesima
2111 2682 2260 2728 sexta
2310 2675 2364 2728 in
2413 2672 2601 2728 ordine
2645 2673 2881 2729 historiae
2929 2688 3036 2728 non
3078 2673 3443 2735 inveniuntur.

1864 2766 1960 2822 sed
2008 2766 2266 2836 scriptum
2297 2773 2383 2820 est
2423 2780 2520 2835 pro
2567 2765 2666 2820 eis.
2709 2784 2727 2817 ι
2755 2765 2969 2836 Egressi
3001 2773 3126 2819 sunt
3152 2763 3220 2819 de
3262 2775 3448 2820 monte

1862 2858 1957 2927 0r,
1989 2873 2086 2929 per
2125 2857 2266 2912 viam
2306 2858 2470 2912 maris
2497 2855 2684 2922 Rubri,
2731 2867 2786 2912 et
2822 2856 3203 2911 circumierunt
3247 2866 3441 2909 terram

1864 2950 2032 3006 Edom
2060 2969 2079 3002 ι
2117 2948 2304 3021 (Nunt.
2333 2948 2424 3003 2|.
2457 2949 2538 3016 4).
2582 2948 2658 3002 Ex
2684 2963 2790 3018 quo
2831 2946 3131 3004 ostenditur
3163 2947 3214 3010 in
3248 2945 3446 3018 ﬁnibus

1863 3053 2024 3108 atque
2051 3041 2331 3096 circumitu
2363 3049 2516 3095 terra:
2543 3039 2715 3094 Edom
2739 3053 2831 3093 eas
2857 3037 3076 3107 positas.
3106 3037 3214 3094 Nec
3252 3052 3447 3092 secun-

1863 3132 1990 3188 dum
2019 3146 2222 3186 morem
2253 3131 2445 3200 legitur
2475 3147 2488 3182 :
2527 3147 2545 3181 ι
2585 3130 2648 3184 Et
2677 3127 2897 3199 profecti
2927 3126 2994 3182 de
3024 3135 3206 3182 monte
3227 3125 3320 3190 0r,
3347 3141 3440 3180 ca-

1864 3234 1974 3280 stra
2015 3225 2199 3280 metati
2243 3234 2366 3278 sunt
2411 3223 2464 3277 in
2500 3223 2774 3288 Selmona,
2813 3239 2832 3273 ι
2868 3220 2983 3275 sive
3025 3238 3043 3272 ι
3073 3220 3124 3275 in
3153 3219 3383 3282 Phinon,
3419 3236 3439 3270 ι

1864 3317 1960 3373 sed
1989 3326 2111 3388 post
2137 3316 2394 3370 ambitum
2425 3323 2582 3372 terrze
2610 3313 2961 3368 ldummorum
2986 3313 3132 3370 venit
3171 3310 3236 3366 ad
3263 3319 3445 3366 extre-

1864 3424 2031 3472 mum,
2061 3416 2116 3462 et
2144 3407 2237 3472 ait,
2268 3423 2286 3458 ι
2319 3405 2548 3460 Profecti
2579 3404 2672 3459 lilii
2703 3403 2864 3458 Israel
2891 3412 3064 3458 castra
3099 3403 3282 3457 metati
3318 3413 3446 3456 sunt

1865 3500 1918 3555 in
1946 3499 2118 3555 Oboth
2152 3517 2171 3551 ι
2205 3496 2393 3567 (Nunt.
2423 3498 2513 3554 55.
2561 3496 2676 3565 45).
2717 3495 2826 3551 Nec
2864 3494 3021 3562 dixit,
3054 3491 3275 3565 profecti
3321 3503 3448 3548 sunt.

1864 3593 1934 3650 de
1960 3592 2041 3666 (tl)
2072 3593 2163 3648 illo
2199 3601 2253 3646 et
2281 3591 2374 3646 illo
2399 3591 2540 3656 loco,
2568 3591 2690 3661 quia
2727 3588 2859 3644 duas
2887 3587 3192 3643 Mansioues
3231 3585 3446 3641 silentio

1864 3684 2306 3757 przetermiserat,
2339 3696 2472 3753 quas
2514 3697 2634 3735 eum
2673 3681 2726 3734 in
2767 3680 3144 3750 supputatione
3194 3677 3440 3744 tacuerit,

1866 3777 2042 3834 reddit
2081 3776 2137 3830 in
2173 3789 2400 3829 summa.
2436 3773 2609 3827 Prima
2637 3771 2840 3826 Mansio
2871 3789 2889 3821 ι
2923 3771 3196 3836 Selinona,
3227 3789 3246 3822 ι
3281 3770 3446 3824 inter-

1869 3877 2111 3938 pretatur
2146 3882 2166 3916 ι
2202 3863 2553 3935 imaguncula.
2594 3881 2613 3913 ι
2645 3859 2891 3916 Secunda
2936 3878 2954 3909 ι
2991 3859 3220 3923 Phiuon,
3249 3877 3269 3912 ι
3291 3859 3448 3913 dimi-

1869 3958 2052 4014 nutive
2077 3975 2095 4008 ι
2130 3969 2213 4017 os,
2241 3971 2260 4004 ι
2309 3953 2376 4007 ab
2405 3967 2520 4018 ore,
2563 3966 2668 4005 non
2695 3951 2762 4005 ab
2803 3964 2946 4013 osse,
2991 3949 3244 4019 intellige.
3278 3949 3336 4003 ln
3366 3951 3451 4004 his

1872 4047 2051 4103 Aaron
2082 4053 2318 4106 mortuo,
2348 4050 2680 4096 murmurant
2719 4050 2905 4094 contra
2934 4039 3102 4093 Deum
3128 4047 3182 4093 et
3205 4037 3446 4109 Moysen,

1872 4151 2067 4194 manna
2111 4134 2410 4198 fastidiunt,
2441 4149 2472 4186 a
2515 4132 2856 4203 serpentibus
2892 4131 3260 4195 vulnerantur,
3287 4141 3362 4186 'et
3394 4131 3447 4184 in

1873 4238 2057 4300 typum
2097 4227 2408 4290 Salvatoris,
2456 4225 2545 4294 qui
2577 4240 2760 4279 verum
2797 4223 3183 4294 antiquumque
3225 4235 3452 4290 serpen-

1873 4330 1983 4377 tem
2025 4320 2078 4374 in
2118 4318 2356 4390 patibulo
2395 4317 2572 4373 crucis
2598 4314 2966 4385 triumphavit,
3005 4313 3208 4369 diaboli
3249 4329 3454 4370 venena

1872 4423 2211 4483 superantur.
2259 4409 2412 4466 Unde
2455 4420 2510 4464 et
2539 4407 2872 4477 imaguncula
2910 4421 3054 4462 vera:
3077 4420 3456 4476 expressaeque

1874 4505 2120 4576 imaginis
2156 4502 2276 4558 Filii
2307 4503 2422 4566 Dei,
2451 4500 2758 4556 Passionem
2782 4498 2899 4570 ejus
2925 4498 3138 4554 intuens
3161 4512 3452 4554 conserva-

1871 4607 2082 4664 turzet
2117 4595 2260 4666 quod
2299 4593 2462 4650 corde
2505 4593 2699 4659 credit,
2750 4608 2844 4647 ore
2891 4591 3220 4662 pronuntiat,
3271 4591 3452 4660 legens

1875 4689 2006 4744 illud
2051 4687 2296 4758 Apostoli
2329 4703 2343 4741 :
2381 4683 2612 4756 (Corde
2657 4683 2896 4739 creditur
2938 4683 3005 4736 ad
3028 4681 3314 4750 justitiam,
3354 4695 3450 4734 ore

1873 4789 2050 4835 autem
2095 4778 2362 4834 confessio
2393 4777 2452 4831 lit
2489 4775 2556 4831 ad
2597 4776 2824 4830 salutem
2855 4793 2874 4826 ι
2901 4773 3076 4845 (Rom.
3111 4772 3196 4826 l0.
3233 4769 3341 4842 10).
3370 4771 3458 4824 δίο

1873 4870 2091 4940 mulque
2130 4879 2252 4924 nota
2275 4909 2290 4933 ,
2313 4867 2454 4938 quod
2487 4876 2710 4934 utraque
2751 4865 2954 4919 Mansio
2979 4861 3048 4936 (e)
3092 4869 3457 4932 ὑποκορτισικῶς

1805 5002 1807 5004 -
1872 4961 2193 5030 appellatur,
2220 4959 2341 5028 quia
2380 4972 2445 5011 ex
2478 4964 2628 5024 parte
2657 4954 2919 5020 videmus,
2948 4962 3004 5008 et
3041 4967 3110 5006 ex
3144 4961 3294 5022 parte
3330 4967 3452 5021 pro-

1876 5051 2156 5121 phetamus
2186 5057 2275 5103 :et
2306 5065 2325 5098 ι
2357 5059 2498 5117 nunc
2525 5061 2619 5114 per
2645 5043 2917 5114 speculum
2959 5041 3200 5097 videmus
3240 5043 3290 5098 in
3330 5043 3464 5098 :cni-

1874 5151 2052 5214 gmate
2085 5159 2104 5192 ι
2137 5140 2213 5212 (l.
2244 5139 2364 5193 Cor.
2390 5136 2505 5208 25).

1941 5364 2021 5428 (b)
2047 5360 2222 5428 Confer
2255 5357 2514 5428 Epistolam
2537 5357 2633 5428 βε).
2661 5357 2720 5407 ad
2755 5354 2958 5428 Paulam
2996 5367 3130 5404 num.
3175 5354 3229 5404 3.
3255 5354 3338 5404 ubi
3375 5365 3463 5415 per

1877 5417 2019 5492 quam
2044 5417 2322 5492 elegantem
2346 5421 2453 5492 ejus
2473 5421 2549 5470 rei
2571 5431 2765 5492 causam
2789 5417 2950 5489 allert.

1942 5489 2014 5551 (ε)
2047 5479 2206 5551 Anien
2231 5479 2391 5551 minus
2413 5482 2679 5551 hene_erat
2702 5479 2915 5551 plurium
2937 5490 3144 5528 numero
3161 5513 3175 5540 ,
3201 5485 3430 5527 noverant
3447 5509 3463 5535 ,

1876 5543 2040 5602 ineunt
2061 5545 2301 5610 prrelitgn,
2324 5550 2369 5594 et
2393 5557 2505 5610 mox
2520 5543 2728 5610 lincunt:

1965 5612 2021 5673 d)
2056 5601 2195 5673 Apud
2218 5601 2402 5673 Babae.
2429 5605 2492 5673 de
2513 5603 2669 5673 illoin
2690 5602 2829 5673 illum
2848 5601 3025 5673 locum.

1965 5613 2021 5673 d)
2056 5613 2195 5672 Apud
2220 5613 2402 5656 ltahan.
2429 5613 2492 5655 de
2513 5613 2598 5655 illo
2619 5617 2669 5654 in
2690 5613 2829 5654 tuum
2848 5613 3025 5653 locant.

1941 5613 2010 5735 ie)
2043 5672 2200 5735 Iduest
2221 5666 2518 5732 diminutive,
2547 5665 2734 5719 scilicet
2756 5665 3079 5732 imaguncuta,
3102 5669 3146 5714 et
3167 5674 3370 5730 parvum
3391 5673 3463 5721 os,

1884 5731 2243 5786 siv‘e'oscillum.
