4056 6184
131 335 224 390 721

133 449 380 504 fuerimus
404 461 456 500 tu
478 426 743 499 vm'nt'rttl
992 451 1222 494 cum“
1250 431 1544 496 constituti,
1574 439 1699 484 tunc

134 546 290 597 totius
318 538 495 593 mundi
525 538 724 599 ruinas,
755 542 810 589 et
835 532 1072 586 omnium
1100 536 1442 600 peccatorum
1480 521 1700 594 respici-

133 649 248 686 mus
287 631 602 684 vastitatem.
645 626 788 681 Pene
832 623 982 679 obliti
1027 637 1233 684 sumus,
1277 628 1531 675 curreme
1580 630 1700 670 ora-

135 725 290 787 tione,
341 720 540 785 dicere,
594 731 761 788 quare
810 735 828 769 ι
866 713 1187 771 Dibon-Gad
1219 732 1236 764 ι
1297 713 1698 779 interpretetur,

137 833 154 865 ι
190 813 393 867 fortiter
419 809 686 864 intellecta
726 807 973 862 tentatio.
1007 823 1026 858 ι
1060 805 1188 859 Post
1227 798 1544 856 Dibon-Gad
1571 797 1702 870 geri-

132 915 212 959 tur
241 902 430 958 bellum
459 910 646 955 contra
673 899 814 953 Seon
843 911 1022 967 regem
1070 895 1465 948 Amorrieorum
1494 932 1509 955 ,
1546 898 1600 944 et
1625 887 1704 957 υς

131 1009 304 1065 regem
339 991 547 1057 Busan;
578 999 632 1046 et
652 988 930 1053 discimus,
966 985 1109 1056 quod
1149 999 1271 1038 cum
1299 983 1606 1036 venerimus
1635 978 1704 1033 ad

130 1099 410 1152 summum,
457 1093 512 1138 ct
553 1084 619 1138 de
652 1083 796 1136 fonte
842 1079 1137 1149 principum
1187 1090 1476 1146 regumque
1504 1070 1704 1126 biberi-

130 1194 262 1241 tuus,
295 1175 649 1230 ascendentes
669 1172 734 1226 ad
763 1180 994 1225 montem
1020 1169 1246 1238 Phasga,
1278 1181 1382 1220 non
1415 1163 1706 1219 debeamus

127 1271 321 1325 elevari
349 1270 402 1322 in
433 1267 763 1335 superbiam,
793 1264 886 1318 sed
916 1261 1008 1334 [ιιι.
1041 1261 1106 1333 si]
1141 1260 1462 1330 propositam
1493 1255 1647 1310 nobis
1676 1269 1708 1309 e

125 1359 396 1415 contrario
421 1357 764 1414 solitudinem
793 1355 1119 1409 noverimus.
1152 1353 1288 1405 Ante
1329 1349 1706 1404 contritionem

125 1453 265 1510 enim
297 1451 540 1506 elevatur
568 1463 663 1503 cor
700 1447 818 1508 viri,
863 1454 917 1498 et
956 1452 1082 1497 ante
1123 1441 1346 1512 gloriam
1376 1437 1704 1493 humiliantur.

730 1559 839 1614 XL.
882 1559 1103 1613 Maasw.

200 1677 261 1731 Et
284 1675 499 1745 profecti
526 1673 590 1728 de
621 1672 809 1726 Dibon-
821 1669 936 1723 Gad
955 1711 969 1732 ,
1001 1678 1169 1722 castra
1199 1667 1369 1721 melati
1388 1675 1506 1721 sunt
1533 1666 1585 1719 in
1613 1635 1712 1718 Αι-’

130 1787 241 1824 mon
269 1765 595 1822 Deblatltaim
628 1762 823 1834 (Nunt.
856 1762 948 1816 55.
976 1759 1090 1830 46).

195 1899 609 1968 Quadragesima
625 1895 828 1951 Mansio
844 1894 1070 1948 vertitur
1090 1892 1140 1945 in
1161 1888 1235 1961 (a)
1259 1898 1597 1958 contemptum
1617 1903 1710 1956 pa-

130 1992 379 2050 tatharum
401 2033 414 2056 ,
455 1991 568 2043 sive
597 1986 1004 2058 opprobriorum.
1048 1981 1114 2036 Et
1132 1997 1227 2050 per
1249 1981 1387 2034 hanc
1416 1979 1706 2044 discimus,

127 2084 301 2137 omnia
327 2081 506 2136 dulcia
525 2090 578 2134 et
607 2078 888 2134 illecebras
913 2078 1245 2145 voluptatum
1273 2076 1326 2130 in
1359 2073 1556 2130 smculo
1582 2087 1711 2127 con-

129 2174 465 2238 temnendas,
493 2187 590 2227 nec
616 2171 866 2225 inebriari
899 2185 996 2224 nos
1024 2169 1220 2224 debere
1249 2168 1396 2233 vino,
1423 2169 1474 2221 in
1501 2182 1608 2236 quo
1628 2173 1711 2219 est

126 2266 328 2321 luxuria
372 2263 535 2337 (Eph.
568 2263 645 2332 5).
680 2262 782 2316 Mel
823 2277 927 2315 non
969 2259 1190 2315 offertur
1215 2259 1269 2312 in
1300 2256 1578 2313 sacriticiis
1615 2255 1710 2310 Dci

125 2356 311 2428 (Leuit.
339 2356 420 2422 9.),
452 2363 508 2409 et
538 2367 663 2408 cera
692 2366 810 2422 quae
836 2351 1010 2406 dulcia
1038 2351 1310 2414 continet,
1355 2363 1459 2403 non
1487 2349 1629 2404 lucet
1656 2348 1711 2402 in

123 2446 532 2508 Tabernaeulo,
575 2444 670 2499 sed
709 2444 886 2498 oleum
935 2442 1276 2510 purissimum
1324 2439 1539 2513 (Exod.
1581 2439 1709 2509 25),

124 2537 262 2607 quod
286 2537 354 2591 de
375 2537 533 2590 olivm
563 2534 832 2604 profertur
855 2531 1225 2586 amaritudine.
1251 2531 1345 2584 Mcl
1373 2530 1512 2585 enim
1542 2528 1714 2584 distila

125 2631 195 2685 lat
235 2646 265 2685 a
314 2629 472 2684 labiis
507 2626 745 2682 mulieris
776 2623 1116 2692 meretricis(
1150 2621 1304 2677 Prov.
1344 2622 1378 2677 5
1409 2624 1462 2692 );
1493 2621 1561 2676 de
1607 2634 1712 2691 quo

124 2734 248 2792 puto
285 2722 435 2792 iusta
467 2720 718 2792 mysticus
745 2719 1040 2773 intellectus
1079 2727 1320 2787 gustasse
1344 2715 1630 2779 Jonatltan,
1659 2722 1714 2770 et

126 2815 258 2873 forte
305 2813 734 2883 deprehensum,
778 2810 860 2864 vix
913 2808 1088 2878 populi
1139 2808 1386 2877 precibus
1434 2807 1710 2861 liberatum

125 2908 198 2974 (Ι.
245 2905 372 2976 Reg.
419 2904 528 2972 I4).
577 2901 730 2971 Quod
770 2909 951 2956 autem
989 2899 1276 2970 opprobria
1323 2897 1712 2954 contemnenda

123 2998 259 3062 sint;
301 3004 357 3051 et
379 3037 395 3063 ,
429 2995 476 3050 si
503 2994 638 3050 falso
667 2993 1005 3060 objiciuntur,
1039 2990 1425 3047 beatitudinem
1471 2983 1710 3060 pariant,

123 3089 374 3146 Salvator
402 3088 718 3162 plenissime
746 3086 925 3143 docet.

724 3222 862 3311 XLI.
898 3221 1120 3278 Maasxo.

193 3337 263 3390 Et
289 3335 510 3408 profecti
539 3335 602 3389 de
627 3333 1184 3398 Almon-Deblathaim,
1217 3342 1384 3389 castra
1403 3335 1573 3388 metati
1598 3344 1715 3388 sunt

122 3429 172 3482 in
214 3426 475 3482 montibus
505 3426 711 3480 Abarim
730 3466 746 3493 ,
779 3435 958 3481 contra
982 3427 1166 3494 [aciem
1196 3423 1347 3479 Nubo
1389 3424 1591 3511 (Num.
1622 3427 1710 3482 '53.

123 3518 252 3588 t1).
1698 3529 1701 3531 ·

191 3629 609 3700 Quadragesima
649 3629 822 3699 prima
877 3627 1081 3684 Mansio
1129 3629 1355 3684 vertitur
1401 3629 1452 3684 in
1501 3639 1715 3686 montes

125 3721 532 3782 transeuntium,
562 3727 616 3774 et
644 3728 728 3774 est
765 3729 950 3774 contra
979 3717 1169 3774 faciem
1199 3720 1397 3774 montis
1427 3719 1596 3788 Nabo,
1624 3722 1714 3776 ubi

128 3814 354 3867 moritur
403 3821 458 3868 et
498 3812 752 3881 sepelitur
797 3812 1042 3883 Moyses,
1087 3821 1230 3867 terra
1282 3811 1717 3882 repromissionis

127 3913 250 3958 ante
273 3911 567 3974 conspecta
593 3901 826 3971 (Denter.
854 3901 966 3972 3i).
995 3901 1143 3956 Nubo
1166 3904 1570 3972 interpretatur,
1595 3922 1719 3960 con-

128 3998 311 4065 clusio,
339 3998 391 4050 in
430 4012 534 4066 qua
563 3995 747 4049 linitur
779 3995 908 4060 Lex,
937 4005 991 4048 et
1017 4010 1122 4048 non
1149 3996 1420 4050 invenitur
1450 3997 1568 4066 ejus
1598 4012 1709 4053 me-

127 4089 320 4142 moria.
345 4087 519 4140 Porro
544 4085 713 4154 gratia
746 4084 1021 4152 Evangelii
1050 4084 1248 4152 absque
1278 4085 1388 4138 ullo
1418 4087 1521 4141 line
1548 4088 1720 4142 tendi-

129 4186 234 4233 tur.
270 4175 330 4230 ln
357 4189 574 4229 omnem
604 4183 802 4228 terram
843 4173 1008 4229 exivit
1043 4187 1206 4228 sonus
1230 4173 1348 4244 ejus
1379 4191 1392 4229 :
1422 4184 1476 4231 ct
1504 4177 1555 4231 in
1587 4177 1722 4233 lines

191 4333 263 4394 (α)
298 4331 566 4381 Eam-mem
620 4330 732 4381 bino
768 4342 1010 4394 aurorem
1059 4328 1344 4394 sustulimus
1384 4343 1448 4380 ex
1489 4332 1717 4394 ingenio,

129 4391 253 4442 Mss.
286 4395 418 4442 enim
461 4404 652 4451 omnes,
677 4393 858 4453 pariter
881 4396 1029 4454 atque
1069 4391 1190 4454 editi
1226 4391 1476 4454 depravati
1513 4391 1642 4449 sunt,
1668 4391 1721 4454 ut

133 4458 312 4504 nemini
345 4463 464 4505 ante.
488 4466 579 4516 nos
612 4452 934 4516 interpretum
950 4452 1055 4501 'ulla
1077 4452 1276 4515 quidem
1294 4452 1471 4516 'mendi
1509 4452 1721 4516 suspicio

132 4517 424 4566 sulmluerrt.
443 4513 745 4579 Deblatlwim
769 4515 892 4564 verti
915 4513 966 4563 in
987 4513 1307 4579 contemptum
1320 4513 1719 4579 plagarum'pari

134 4590 303 4626 omnes
339 4590 584 4627 consensu
607 4575 782 4637 legunt
800 4588 950 4633 (cum
973 4587 1138 4637 neque
1161 4575 1260 4624 ullo
1283 4575 1424 4626 modo
1449 4590 1510 4626 ex
1537 4575 1718 4634 emno-

135 4650 265 4702 mine
290 4638 565 4702 huiusmodi
589 4638 876 4702 srguitieatio
899 4639 1183 4702 extorqueri
1205 4639 1394 4702 possit;
1423 4639 1718 4702 etsubnexa

140 4697 418 4763 llieronyim
453 4697 814 4763 interpretatio,
853 4711 953 4763 qua
964 4697 1143 4763 omnia
1181 4697 1364 4756 dulcia,
1385 4705 1432 4748 et
1467 4699 1719 4763 illecebras

136 4759 428 4822 uolaptu'ttmt
449 4759 820 4822 committendas
843 4759 1070 4822 explicat,
1098 4762 1307 4808 immane
1329 4767 1562 4822 quantum
1583 4776 1611 4809 a
1634 4761 1717 4812 tali

133 4820 284 4884 distet
329 4823 636 4884 etymologia.
685 4820 1217 4884 I'roindelsufl'ecimus
1257 4820 1565 4884 palm/tarum
1612 4822 1718 4874 loco

136 4881 427 4947 plagarum}
457 4881 802 4947 t’alatlatgetzim
826 4896 890 4932 ex
914 4881 1085 4947 Graeco
1105 4881 1270 4944 πάλαιηζ
1293 4882 1590 4947 Hieronymo
1612 4885 1717 4946 ipso

137 4951 269 5006 teste
294 4945 343 4990 in
363 4944 620 4995 Nummum
655 4945 798 4998 libro.
825 4963 846 4990 et
865 4950 934 5006 est
969 4944 1120 4994 Massa
1139 4978 1154 5001 ,
1189 4957 1299 5006 qua:
1326 4944 1719 5006 idcgre'centibus

137 5002 503 5079 licisncotnpingi
526 5006 666 5079 solet,
691 5019 834 5079 quam
872 5005 1071 5078 Hebrazi
1110 5002 1372 5079 Delielatlt,
1402 5004 1719 5079 firmet-Pala-

139 5064 273 5129 tltam
307 5073 598 5129 nuncupant.
630 5084 652 5109 ι
695 5064 868 5118 Fusius
897 5081 1018 5116 vero
1059 5070 1107 5116 in
1147 5067 1280 5117 Osee
1317 5068 1362 5116 1.
1400 5069 1465 5116 de
1508 5067 1715 5129 palatba.

144 5141 168 5190 ξι
191 5124 297 5183 Est,
323 5124 498 5190 inquit,
525 5140 676 5176 massa
714 5131 958 5190 pinguium
995 5132 1284 5186 caricarum,
1309 5141 1431 5190 quas
1463 5124 1521 5190 in'
1535 5142 1719 5178 morem

138 5184 349 5251 laterum
366 5186 654 5251 figuramus,
681 5184 838 5251 utdiit
860 5189 1021 5239 illaesa:
1045 5184 1380 5251 permaneant,
1406 5187 1614 5246 calami,
1649 5197 1720 5238 at-

135 5248 551 5314 queimpingunt.
571 5265 594 5295 ι
621 5249 925 5300 Deblathaim
945 5248 1106 5314 itaque
1127 5251 1331 5314 plurium
1355 5264 1562 5314 numero,
1577 5257 1722 5302 erunt

517 5313 714 5384 et_ipse,
737 5324 885 5384 quem
905 5308 1050 5384 paulo
1072 5308 1193 5384 ante
1208 5313 1512 5371 adduximus,
1525 5313 1720 5384 ductor

161 5371 251 5420 ibri
274 5372 340 5443 de
363 5371 510 5421 XLII.
547 5371 874 5446 Mansionipus
904 5371 953 5422 in
976 5374 1257 5483 Aligendice
1297 5387 1499 5448 operum
1524 5373 1575 5423 S.
1601 5374 1718 5422 Am-

161 5434 309 5483 )rosit.
341 5451 363 5479 ι
385 5434 491 5482 Vox
514 5435 636 5483 haec.
661 5437 832 5483 inautt.
857 5434 1030 5483 Almon
1103 5434 1360 5483 eblatltatm
1382 5441 1508 5483 Sicut
1531 5441 1608 5483 est
1629 5437 1718 5483 du-

141 5431 309 5498 brosii,
341 5451 363 5479 ι
385 5434 491 5498 vox
514 5435 832 5498 haec,lnquit,
857 5431 1034 5484 Almon
1055 5431 1360 5498 Deblatltaim
1382 5437 1508 5483 sicut
1531 5441 1608 5498 est
1629 5437 1719 5483 du-

141 5491 354 5552 plex,ita
375 5501 427 5543 et
443 5495 538 5544 duo
555 5491 748 5556 indicat,
771 5491 949 5559 nempe
972 5503 1298 5559 coritemptum
1317 5496 1508 5559 flauum,
1535 5495 1624 5559 hoc
1647 5503 1723 5546 est

141 5562 478 5622 contemptum
495 5563 710 5606 terrente
732 5558 1020 5622 dulcedinis,
1044 5558 1161 5607 licus
1171 5558 1388 5622 namque
1411 5558 1722 5622 dulcedinem

141 5617 431 5675 ostendunt,
460 5625 608 5684 »_e°.c.
628 5652 644 5677 ,
667 5617 1070 5684 quemadmodum
1118 5617 1534 5684 et_Hiei-onymus
1571 5621 1722 5669 inter.-

143 5685 380 5793 ﬁrtlzttztur,
401 5685 455 5728 ut
471 5678 537 5730 de
561 5678 903 5732 emendatione
922 5690 1084 5732 nostra
1106 5693 1161 5732 ac
1184 5678 1724 5744 lectione'neqllaqllam

178 5753 209 5789 tt
227 5755 256 5790 n
283 5754 354 5793 es.

178 5753 354 5793 ιιυιιθὸ.

1420 317 1749 374 EPISTULA
1793 315 2075 371 LXXVIII.

3290 323 3398 376 72':

1882 427 2044 500 5.95
2071 426 2216 481 orbis
2239 436 2392 481 teme
2420 427 2578 482 verba
2602 427 2766 497 ipsius
2789 426 2959 497 (Psal.
2986 429 3094 497 18).
3121 431 3400 504 Simulque

1810 521 2090 575 c0nsidcra
2111 563 2124 584 ,
2165 520 2306 590 quod
2337 520 2594 574 habitatio
2626 521 3016 576 transeuntium
3047 524 3099 577 in
3128 527 3397 582 montibus

1810 614 1910 668 sita
1937 614 2028 681 sit,
2058 622 2113 669 et
2132 614 2306 669 adhuc
2329 615 2566 684 profectu
2595 614 2846 686 indigeat.
2872 615 3002 671 Post
3020 627 3230 672 montes
3251 620 3395 675 enim

1813 706 2070 776 plurimos
2091 705 2156 760 ad
2185 707 2503 776 campestria
2527 704 2682 760 Moab
2706 715 2760 760 et
2781 705 3029 760 Iordanis
3055 706 3250 763 Ilucnta
3275 710 3402 766 des-

1811 798 2123 865 condimus,
2172 800 2265 870 qui
2315 800 2728 870 interpretatur,
2782 799 2856 872 (b)
2910 801 3191 857 descensio.
3243 803 3402 890 Nutu.

1813 921 1962 974 satu,
1996 917 2049 964 ut
2071 909 2261 964 crebro
2291 910 2545 976 diximus,
2579 921 2684 964 tam
2716 911 3080 981 periculosum
3111 922 3215 977 est,
3240 930 3399 984 quam

1811 999 1993 1068 gloria:
2031 1000 2293 1070 cupiditas
2331 1010 2384 1056 et
2415 1001 2672 1071 jactantia
2698 1045 2711 1068 ,
2745 1013 2798 1057 et
2827 1006 3039 1058 animus
3072 1005 3400 1061 conscientia

1815 1089 2071 1144 virtutum
2101 1098 2337 1147 tumens.

2398 1201 2560 1258 XLII.
2595 1201 2817 1259 Msxsm.

1889 1313 1953 1367 Et
1979 1316 2190 1386 profecti
2214 1316 2276 1370 de
2299 1317 2549 1370 montibus
2567 1315 2798 1384 Abarim,
2821 1327 2985 1372 castra
3010 1320 3182 1374 ntetati
3207 1331 3322 1374 sunt
3350 1338 3403 1374 in

1815 1406 2179 1469 campestribus
2209 1403 2360 1459 Moab
2387 1423 2541 1474 super
2567 1405 2848 1462 Jordanem
2864 1410 3018 1477 juxta
3049 1407 3277 1476 Iericho,
3308 1411 3403 1463 ibi-

1813 1511 1911 1565 que
1937 1495 2156 1562 ﬁxerunt
2197 1498 2435 1551 tentoria.
2468 1498 2541 1551 Ab
2585 1498 2736 1552 domo
2776 1499 3064 1555 solitudinis
3101 1517 3254 1571 usque
3279 1501 3403 1554 Abel

1817 1584 1996 1649 Sitim,
2026 1586 2077 1638 in
2103 1587 2316 1656 planitie
2338 1585 2492 1641 Moab
2522 1586 2708 1656 (Num.
2737 1589 2826 1643 55.
2860 1589 2950 1643 48.
2980 1599 3026 1642 et
3053 1589 3167 1660 b9).

1888 1697 1944 1755 ln
1979 1699 2384 1769 quadragesima
2413 1701 2650 1756 secunda
2671 1743 2686 1766 ,
2711 1717 2833 1771 qua:
2855 1711 2911 1758 ct
2931 1712 3172 1758 extrema
3197 1704 3403 1759 Mansin

1815 1799 1915 1853 est,
1945 1789 2146 1842 cursim
2173 1805 2292 1858 quae
2322 1789 2430 1844 sint
2455 1802 2607 1859 gesta
2637 1806 2934 1845 narremus.
2968 1791 3230 1846 Residens
3258 1794 3310 1846 in
3337 1810 3407 1847 ea

1758 1877 1760 1879 ’
1817 1881 2044 1950 populus
2063 1895 2092 1934 a
2120 1880 2307 1935 Divino
2328 1881 2568 1948 Balaam,
2597 1896 2758 1953 quem
2789 1882 3041 1937 mercede
3069 1883 3404 1938 conduxerat

1818 1971 1978 2026 Balac
2007 1970 2146 2026 filius
2166 1969 2396 2041 Sephor,
2431 1971 2524 2026 Dei
2547 1971 2788 2042 iussione
2818 1972 3178 2039 benedicilur,
3207 1984 3258 2028 ct
3285 1988 3404 2029 meo

1817 2060 2033 2115 lt‘diCliO
2072 2070 2306 2116 mutatur
2357 2062 2410 2115 in
2441 2061 2664 2118 laudes:
2696 2063 2840 2117 audit
2875 2079 3060 2118 Vocem
3092 2065 3299 2119 Domini
3335 2081 3404 2120 ex

1816 2150 2042 2221 profano
2086 2166 2184 2206 oro
2241 2161 2617 2216 resonantem,
2681 2151 2888 2207 Orietur
2935 2154 3083 2208 stella
3126 2171 3190 2208 ea:
3215 2154 3400 2217 Iacob.

1817 2252 1863 2296 et
1911 2249 2176 2314 consurget
2221 2244 2370 2295 homo
2413 2241 2477 2296 de
2517 2241 2682 2296 Israel
2721 2257 2740 2297 :
2774 2253 2822 2297 et
2868 2244 3108 2313 percutiet
3151 2245 3403 2315 principes

1820 2333 1996 2398 Maab,
2025 2345 2071 2388 et
2098 2335 2309 2388 vastabit
2335 2344 2543 2389 cunctos
2573 2335 2708 2402 ﬁlios
2731 2335 2878 2402 Setlt,
2909 2347 2954 2390 et
2976 2337 3071 2390 erit
3101 2337 3269 2391 Edam
3297 2339 3403 2392 lur—

1817 2428 2014 2481 reditas
2039 2429 2145 2497 ejus
2176 2425 2366 2497 (Num.
2396 2425 2488 2481 2b.
2519 2427 2605 2482 17.
2631 2427 2740 2497 18).
2773 2426 3088 2482 Fornicatur
3112 2444 3233 2484 cum
3266 2430 3402 2484 lilia-

1819 2517 1922 2572 bus
1943 2516 2152 2570 Madian
2177 2532 2191 2568 :
2224 2525 2279 2570 et
2308 2515 2537 2571 Pbinces
2563 2515 2706 2571 Illius
2730 2516 2974 2583 Eleazar,
3002 2518 3205 2572 uelatus
3226 2518 3401 2572 zelum

1821 2609 2069 2676 Domini,
2123 2608 2297 2663 Zamri
2351 2619 2406 2664 et
2453 2620 2686 2664 suorlutn
2734 2609 3126 2666 Madianitidem
3171 2611 3402 2680 pugione

1819 2701 2080 2771 transﬁgit
2108 2717 2122 2754 :
2154 2701 2296 2756 unde
2319 2710 2371 2757 et
2400 2702 2607 2771 accepit
2629 2703 2906 2771 praemium
2929 2702 2980 2757 itt
3007 2713 3265 2758 atemam
3288 2718 3404 2758 me-

1817 2793 2043 2848 moriam
2062 2833 2077 2860 ,
2110 2808 2322 2848 arnmm
2351 2794 2603 2848 victimae.
2642 2793 2962 2850 Numeratur
2987 2811 3199 2851 rursum
3229 2811 3400 2865 popu-

1818 2885 1902 2940 lus
1924 2883 2111 2958 (Nam.
2142 2884 2257 2955 26),
2285 2885 2355 2954 (ο)
2390 2893 2449 2940 ιιι
2475 2885 2774 2940 interfectis
2798 2886 3066 2956 pessimis,
3099 2895 3269 2940 novus
3301 2903 3402 2956 po-

1821 2975 1976 3046 pulus
2006 2975 2096 3030 Dei
2121 2985 2428 3030 censeatur.
2471 2974 2813 3046 lntcrpellant
2857 2976 3090 3046 quinque
3130 2978 3252 3031 lilia:
3284 2976 3403 3032 Sal-

1818 3068 1993 3138 phaad
2015 3111 2030 3136 ,
2060 3077 2116 3124 et
2143 3085 2206 3124 ex
2237 3069 2435 3139 judicio
2478 3069 2684 3122 Domini
2728 3067 3096 3123 ltmrcditatem
3133 3071 3402 3140 accipiunt

1820 3159 1960 3214 inter
1985 3159 2179 3216 fratres
2204 3175 2331 3215 suos
2362 3159 2548 3230 (Num.
2579 3159 2669 3214 28.
2695 3158 2774 3228 6),
2807 3173 2906 3214 nec
2927 3159 3190 3216 femineus
3219 3175 3248 3215 a
3277 3175 3403 3232 pos-

1820 3253 2063 3308 sessione
2095 3253 2189 3307 Dei
2220 3267 2382 3308 sexus
2421 3251 2742 3308 excluditur.
2774 3253 2932 3308 Jesus
2961 3253 3128 3325 Moysi
3157 3255 3210 3309 in
3242 3270 3406 3310 mon-

1819 3352 1928 3400 tem
1961 3344 2218 3408 succedit,
2250 3352 2304 3398 et
2334 3343 2412 3415 (ά)
2440 3342 2598 3398 discit
2637 3360 2665 3395 a
2693 3343 2834 3414 Lege
2854 3385 2868 3410 ,
2901 3359 3022 3414 quae
3048 3346 3404 3415 spiritualiter

1819 3435 2016 3491 oﬂ‘erre
2039 3435 2232 3492 debeat
2262 3436 2313 3490 in
2345 3435 2607 3493 Ecclesia.
2633 3435 2868 3491 Primum
2895 3437 3020 3508 quid
3047 3453 3141 3507 per
3161 3439 3402 3510 singulos

1834 3526 1972 3593 dies,
2003 3527 2198 3583 deinde
2220 3526 2346 3598 quid
2392 3527 2443 3582 in
2469 3527 2710 3594 sabbato,
2745 3528 2872 3598 quid
2899 3528 2951 3583 in
2977 3528 3249 3596 Kalendis,
3274 3531 3403 3600 quid

1779 3615 1782 3624 ’
1823 3618 1879 3672 in
1912 3617 2147 3684 Pascha,
2190 3617 2316 3689 quid
2361 3617 2412 3672 in
2458 3617 2809 3685 Pentecoste,
2855 3619 2981 3689 quid
3022 3620 3402 3676 ineNeomenia

1823 3709 2023 3764 mensis
2059 3708 2291 3779 septimi,
2322 3708 2448 3777 quid
2475 3709 2525 3762 iu
2553 3707 2768 3778 Jejunio
2794 3708 3036 3777 ejusdem
3066 3711 3286 3775 mensis,
3315 3711 3404 3764 die

1821 3799 2030 3856 decimo
2056 3816 2070 3852 :
2095 3799 2221 3868 quid
2252 3800 2302 3852 in
2324 3799 2654 3867 Scenopegia
2677 3838 2690 3861 ,
2720 3797 2934 3867 quando
2961 3798 3194 3863 figuntur
3223 3799 3404 3854 tuber.-

1821 3890 2032 3953 nacula,
2063 3888 2269 3943 decima
2292 3888 2475 3956 quinta
2501 3887 2588 3940 die
2609 3887 2898 3954 supradicti
2970 3885 3135 3956 496
3183 3889 3403 3943 mensis.

1824 3977 2062 4034 Usorum
2103 3986 2160 4031 et
2203 3976 2428 4029 ﬁliarum
2459 3984 2581 4030 vota
2619 3975 2820 4046 absque
2848 3976 3163 4031 auctoritate
3191 3985 3403 4047 patrum

1819 4080 1878 4125 et
1903 4070 2137 4123 virorum
2160 4082 2310 4123 cassa
2342 4078 2744 4133 memorantur;
2777 4068 2974 4124 bellum
3000 4079 3186 4126 contra
3214 4070 3407 4127 Madia-

1823 4160 2004 4214 nitas:
2033 4167 2089 4213 et
2115 4173 2263 4214 mors
2293 4158 2462 4212 Divini
2505 4158 2748 4224 Balaam,
2787 4169 2840 4214 et
2868 4159 3062 4229 praeda
3102 4160 3318 4229 divisio,
3351 4173 3408 4218 et

1823 4249 2026 4304 oblatio
2068 4263 2134 4303 ex
2163 4263 2225 4302 ea
2270 4249 2323 4304 in
2371 4249 2716 4304 tabernaculo
2762 4249 2876 4305 Dei.
2928 4251 3090 4306 Pritni
3131 4251 3320 4308 Ruben
3349 4263 3408 4311 et

1823 4340 1939 4397 Gad
1973 4350 2030 4397 et
2065 4340 2283 4396 dimidia
2323 4342 2491 4397 tribus
2534 4341 2808 4408 Manasse,
2852 4345 2988 4398 ultra
3030 4343 3317 4402 lordanem
3351 4347 3406 4403 in

1823 4448 2008 4488 eremo
2046 4433 2441 4504 possessionem
2471 4434 2760 4504 accipiunz.
2791 4434 3022 4490 Plurima
3061 4437 3204 4492 enim
3236 4437 3406 4495 habe-

1827 4524 1954 4580 bant
1975 4525 2212 4595 jumenta
2235 4567 2250 4592 ,
2281 4535 2336 4581 et
2361 4525 2590 4582 necdum
2625 4525 2692 4579 ad
2722 4525 2772 4580 id
2797 4537 3071 4594 venerant,
3101 4540 3158 4585 ut
3186 4541 3410 4601 possent

1824 4615 2068 4672 habitare
2091 4631 2211 4672 cum
2239 4615 2484 4688 Templo.
2519 4616 2751 4671 Docetur
2784 4619 3009 4687 populus
3029 4659 3044 4684 ,
3076 4629 3132 4674 ut
3159 4619 3212 4674 in
3241 4619 3409 4675 Terra

1885 4748 1960 4814 (b)
1976 4749 2055 4800 Sic
2073 4750 2296 4812 equidem
2318 4750 2426 4814 Syri
2441 4749 2705 4800 Jordanem
2722 4762 2748 4798 a
2760 4750 3211 4814 descensuvocant;
3230 4758 3408 4814 estque

1822 4809 2014 4874 Syriaca
2039 4809 2431 4874 pronuntiatione
2467 4817 2598 4874 τττο,
2641 4812 2771 4873 quod
2810 4812 3012 4862 Hebraei
3077 4809 3207 4861 duali
3257 4809 3407 4864 forma

1819 4881 2047 4931 dicerent
2072 4887 2247 4946 Dt'n't,
2289 4881 2485 4932 Graecis'
2508 4887 2674 4931 autem
2711 4894 2776 4930 ex
2799 4882 2893 4930 alia
2926 4881 3214 4945 etymologia
3247 4883 3410 4944 placet

1821 4951 2069 5029 appellare
2088 4959 2274 5029 ιρρδάγης,
2295 4952 2434 5029 quasi
2455 4964 2516 5000 ex
2538 4951 2726 5029 duabus
2736 4951 2994 5029 Bebraicis
3007 4953 3424 5029 vocibusrl'flfm

1822 5020 1868 5068 id
1886 5027 1981 5077 est,
1999 5019 2353 5083 fluviuspanis,
2372 5032 2516 5083 quam
2540 5023 2854 5083 sententiam,
2874 5027 2976 5069 tum
2999 5019 3111 5083 alibi
3132 5019 3284 5083 saepe,
3307 5028 3407 5072 tum

1823 5080 2068 5149 przecipue
2090 5084 2140 5129 iu
2165 5080 2598 5149 questionibusin
2632 5080 2866 5149 Genesim
2905 5093 3011 5149 cap.
3050 5081 3126 5130 ll.
3170 5080 3409 5149 Hierony-

1821 5154 1932 5189 mus
1955 5141 2142 5202 probat,
2164 5142 2265 5196 ubi,
2290 5148 2415 5199 Dan,
2441 5141 2617 5210 inquit,
2642 5153 2764 5190 unus
2785 5153 2812 5190 e
2833 5141 3036 5204 fontibus
3055 5149 3123 5214 est
3144 5141 3373 5212 Δοτάᾳηῦ
3389 5156 3409 5194 :

1822 5199 2071 5266 tuunaIter
2089 5207 2284 5266 uocatur
2305 5209 2410 5260 Jor,
2428 5202 2554 5266 quod
2576 5207 3079 5266 interpretaturetuw
3099 5203 3232 5254 idest
3255 5218 3404 5266 rivus;

1822 5214 2071 5265 namauer
2089 5214 2284 5250 vocatur
2305 5214 2410 5260 Jor,
2428 5214 2554 5263 quoa
2576 5214 2920 5264 interpretatur
2945 5214 3079 5266 μυρον
3099 5214 3232 5254 tuest
3255 5218 3404 5256 rwus.

1889 5261 1960 5333 (ς)
1992 5261 2438 5333 npudnﬂabanum,
2461 5261 2678 5323 aliosque
2710 5263 2869 5333 editos
2890 5262 3068 5333 libros,
3102 5265 3284 5328 junctis
3317 5265 3416 5316 ali.-~

1824 5322 1946 5386 quot
1966 5322 2114 5371 etiam
2136 5322 2249 5372 Mss.
2275 5323 2464 5371 additur
2486 5322 2800 5373 numerantur
2822 5330 2868 5374 et
2892 5322 3075 5376 unum
3103 5322 3120 5328 ⁷

1839 5445 1855 5456 _
1893 5382 1961 5456 (Δ)
1999 5383 2278 5456 Hinc‘totus
2297 5382 2638 5456 Babbi‘nis'mus
2660 5391 2713 5434 et
2733 5385 2860 5434 ratio
2893 5402 2965 5456 se.
3001 5394 3243 5456 Sanam
3286 5401 3412 5456 pen-

1824 5443 1927 5512 det,
1949 5443 2209 5512 quamsie
2229 5443 2486 5512 deinde__S_.
2510 5444 2692 5512 Doctor
2732 5449 2951 5512 exponit,
2978 5460 3034 5498 sc
3055 5443 3224 5512 si'prte
3259 5443 3414 5512 oculis

1825 5504 2052 5571 habuerit
2067 5505 2395 5555 Pharisaicum
2413 5504 2531 5558 illud
2553 5504 2946 5571 acroamafquod
2974 5516 3054 5560 est
3089 5504 3230 5562 initio
3250 5511 3413 5562 About

1833 5564 2056 5648 ,νωτπὸ
2082 5593 2260 5646 nm
2294 5593 2446 5645 tm
2488 5595 2619 5650 nm
2659 5564 2952 5673 bap'riun
2984 5610 3006 5639 α
3030 5592 3191 5644 Moses
3226 5594 3290 5645 de
3333 5595 3411 5645 Si-

1828 5679 1907 5746 nai
1931 5677 2115 5742 Legem
2138 5680 2348 5743 accepit,
2372 5682 2608 5735 tributum
2632 5696 2770 5746 vero,
2809 5685 2914 5736 sive
2950 5685 3246 5739 oblationum
3291 5689 3412 5738 ratio

1831 5740 1990 5793 Josute
2008 5740 2374 5812 praecenta'est.
2391 5759 2415 5792 ι
