4056 6184
695 255 807 315 723

696 381 882 429 sancta
913 370 1050 427 idola
1077 369 1340 431 destruat;
1367 372 1421 420 ct
1450 363 1625 419 nullus
1648 363 1718 418 de
1758 362 1920 433 priori
1961 361 2264 420 habitatore

691 474 961 519 servetur.
994 458 1316 514 Describitur
1339 456 1465 510 olita
1501 455 1676 524 cupita
1709 454 2012 524 provincia,
2047 461 2102 510 et
2135 453 2274 506 dua—

698 568 814 607 rum
835 550 994 606 semis
1020 549 1249 602 tribuum
1279 545 1564 602 hereditas
1587 557 1884 615 separatur.
1913 544 2274 598 Numerantur

691 643 926 696 tribuum
953 623 1222 708 principes
1242 678 1258 702 ,
1285 637 1377 708 qui
1405 636 1625 692 Terram
1658 647 1899 691 sanctam
1930 635 2162 691 debeant
2189 637 2275 690 iu-

692 731 854 785 troire
887 727 908 799 (
932 727 1093 782 Nutu.
1120 727 1234 798 δέ).
1265 727 1623 798 Quadraginta
1651 728 1786 783 duas
1813 728 1975 782 urbes
1998 742 2120 781 cum
2148 727 2274 782 sub-

688 820 906 875 urbanis
945 821 1057 875 suis
1099 834 1268 889 usque
1308 819 1374 872 ad
1416 819 1563 874 tnille
1593 833 1782 888 passus
1823 834 1919 888 per
1956 818 2272 885 cireuitum,

687 911 886 968 Levita:
906 913 1195 982 accipiunt,
1225 919 1303 974 tot
1331 927 1578 978 numero,
1603 922 1733 982 quot
1755 920 1810 966 et
1835 913 1952 968 istae
1974 921 2096 966 sunt
2125 911 2273 965 Man-

686 1003 891 1058 siones.
925 1001 993 1057 Et
1033 1003 1304 1058 adduntur
1333 1002 1675 1072 fugitivorum
1703 1018 1798 1058 sex
1827 1003 1948 1058 alite
1988 1003 2268 1066 ciritates,

687 1103 800 1149 tres
826 1095 964 1149 intra
993 1094 1282 1152 Iordanem
1304 1136 1320 1160 ,
1347 1105 1400 1149 et
1430 1105 1537 1150 tres
1565 1103 1714 1150 trans
1738 1093 2047 1159 Iordanem,
2083 1103 2140 1147 ttt
2166 1094 2274 1147 sint

686 1186 849 1242 simul
876 1185 1224 1256 quadraginta
1251 1196 1374 1240 octo
1401 1185 1587 1254 (Num.
1611 1187 1727 1257 35).
1760 1185 1897 1254 Quid
1927 1187 2270 1255 fugitivorum

687 1275 889 1346 suscipi
911 1319 925 1339 ,
956 1277 1043 1347 qui
1073 1275 1298 1331 interﬁci
1332 1277 1593 1340 debeant,
1624 1279 1713 1348 qui
1751 1292 1920 1348 usque
1949 1277 2018 1330 ad
2045 1287 2271 1330 mortem

688 1368 965 1424 Pontiﬁcis
987 1370 1212 1424 maximi
1232 1369 1515 1424 reservari.
1535 1368 1786 1424 Succedit
1802 1369 2272 1424 Deuteronomium

692 1459 929 1514 secunda
976 1459 1120 1526 Lex,
1164 1461 1240 1530 (a)
1289 1459 1688 1514 meditatoriutn
1734 1459 2059 1529 Evangelii:
2095 1459 2275 1527 ibique

689 1548 929 1605 breviter
968 1551 1226 1604 discimus
1269 1567 1389 1620 qua:
1431 1550 1568 1604 inter
1614 1549 1822 1604 Pbaran
1873 1558 1929 1603 et
1974 1547 2176 1617 Topbcl
2220 1555 2275 1602 et

689 1639 869 1694 Laban
895 1653 950 1694 et
975 1641 1234 1706 Azcrotb,
1263 1653 1312 1696 ct
1339 1643 1452 1695 loca
1480 1657 1663 1707 aurea,
1696 1641 1906 1709 ahjecto
1931 1640 2066 1694 Juda
2097 1639 2275 1696 infeli-

689 1731 932 1795 cissimo,
963 1731 1210 1784 undecim
1242 1732 1453 1785 dierum
1484 1732 1567 1785 via
1609 1731 1676 1786 de
1713 1731 1962 1796 Choreb,
2007 1746 2103 1800 per
2131 1732 2271 1784 viam

694 1823 894 1875 montis
919 1821 1041 1877 Seir
1069 1838 1236 1892 usque
1263 1823 1328 1876 ad
1352 1823 1724 1878 Gades-Barac
1750 1823 1960 1894 Moyses
1987 1825 2181 1892 populo
2206 1831 2275 1878 sit

691 1911 938 1977 loeutus,
984 1924 1035 1968 et
1069 1923 1366 1968 extremum
1396 1925 1553 1968 canat
1589 1911 1864 1968 Canticum
1892 1913 2122 1981 (Denter.
2155 1913 2269 1981 52),

690 2005 744 2059 in
771 2020 876 2074 quo
914 2006 1251 2074 apertissime
1290 2005 1568 2076 Syuagoga
1613 2006 1911 2076 projicitur,
1947 2015 2001 2060 et
2035 2005 2269 2060 Ecclesia

691 2095 918 2149 Domino
943 2096 1247 2163 copulatur,
1283 2114 1302 2146 ι
1338 2098 1700 2166 ltnpinguatus
1743 2106 1824 2151 est
1856 2105 1909 2149 et
1947 2096 2272 2150 incrassatus

685 2199 750 2239 ac
790 2183 1077 2249 dilatatns,
1114 2195 1169 2240 et
1197 2188 1550 2241 recalcitravit
1575 2186 1803 2242 dilectus
1825 2229 1840 2252 ,
1882 2198 1934 2242 et
1963 2189 2160 2242 oblitus
2189 2196 2274 2242 est

686 2273 779 2328 Dei
809 2272 1108 2330 Salvatoris
1146 2276 1250 2330 sui.
1285 2294 1306 2328 ι
1346 2276 1415 2330 Et
1452 2277 1644 2331 iterum
1675 2295 1688 2329 :
1728 2295 1747 2328 ι
1778 2276 2067 2332 Geueratio
2098 2277 2269 2345 pessi-

686 2378 814 2418 ma:
848 2364 941 2418 lilii
968 2365 1260 2420 incruditi:
1293 2366 1392 2435 ipsi
1419 2366 1487 2420 ad
1515 2367 1912 2422 aemulationem
1952 2383 2037 2423 me
2074 2383 2269 2437 provo-

686 2463 946 2509 caverunt
971 2455 1024 2509 in
1053 2470 1124 2510 eo
1147 2457 1238 2526 qui
1269 2471 1376 2511 non
1403 2465 1522 2512 erat
1544 2458 1703 2513 Deus.
1735 2456 2086 2514 lrritaverunt
2106 2475 2192 2514 me
2215 2461 2269 2516 in

687 2546 1024 2616 sculptilibus
1045 2547 1156 2603 suis
1181 2567 1196 2602 :
1225 2556 1281 2604 et
1305 2564 1404 2620 ego
1438 2551 1617 2607 zelare
1643 2551 1742 2606 hos
1770 2552 1960 2606 faciam
1987 2553 2230 2608 nationes
2249 2593 2266 2619 ,

687 2645 743 2691 et
771 2647 962 2694 contra
988 2648 1201 2708 gentem
1231 2640 1449 2695 stultam
1479 2642 1701 2696 irritabo
1731 2657 1824 2697 eos
1858 2662 1878 2696 ι
1916 2642 2145 2713 (lerem.
2187 2645 2267 2710 5).

685 2729 1087 2786 Benedicuntur
1108 2731 1200 2786 lilii
1232 2731 1415 2788 Israel.
1441 2733 1510 2788 Et
1534 2749 1723 2790 rursus
1749 2734 1801 2789 in
1825 2733 2079 2791 Simeone
2105 2735 2270 2792 ludas

685 2820 1024 2877 miserandus
1047 2823 1372 2880 excluditur.
1402 2827 1658 2882 Ascendit
1683 2826 1892 2899 Moyses
1920 2829 1986 2882 ad
2031 2837 2268 2884 montem

684 2905 834 2964 Nubo
854 2953 871 2978 ,
913 2912 966 2967 in
993 2913 1248 2970 verticem
1278 2915 1518 2986 Phasga,
1553 2917 1641 2986 qui
1673 2927 1756 2973 est
1783 2929 1968 2973 contra
2011 2919 2264 2974 Iericho:

683 3008 738 3054 et
763 3003 997 3057 ostendit
1021 3005 1070 3060 ei
1097 3004 1350 3059 Dominus
1378 3021 1594 3061 omnem
1627 3016 1822 3062 terram
1861 3008 2058 3064 Galaad
2101 3026 2268 3081 usque

683 3087 844 3161 Μ
940 3092 1076 3158 Dan,
1097 3103 1157 3148 et
1177 3093 1516 3164 Neplttltalim
1539 3105 1592 3151 et
1612 3096 1868 3166 Epitraim
1887 3109 1940 3152 et
1961 3098 2262 3167 Manassen,

683 3188 740 3233 et
770 3181 1072 3237 universam
1105 3192 1302 3239 terram
1330 3185 1465 3242 Juda
1486 3228 1502 3254 ,
1532 3203 1701 3258 usque
1737 3188 1803 3245 ad
1836 3206 1983 3246 utare
2013 3207 2263 3262 magnum

681 3280 870 3327 contra
900 3283 1142 3330 austrum
1165 3314 1179 3336 .
1205 3286 1258 3330 et
1291 3277 1563 3346 regionem
1591 3291 1946 3348 campestrem
1978 3281 2262 3339 Ierichon?

684 3361 773 3425 tis,
803 3362 1032 3422 civitatis
1064 3365 1382 3433 palmarum,
1407 3383 1574 3438 usque
1599 3370 1768 3441 Segor
1792 3373 1969 3442 (Deut.
1993 3375 2106 3447 54).
2131 3375 2264 3443 Quis

683 3459 860 3517 potest
905 3461 1052 3509 tanta
1098 3467 1256 3512 nosse
1295 3459 1588 3526 mysteria?
1632 3461 1707 3530 (ι)
1755 3463 1886 3529 Quis
1925 3464 1980 3518 in
2007 3468 2262 3522 extremis

683 3537 872 3609 Legis,
923 3551 978 3596 et
1025 3541 1186 3613 ltujns
1233 3546 1354 3601 vita:
1406 3548 1602 3604 ﬁnibus
1645 3554 1970 3609 constitutus
2015 3557 2261 3628 intelligit

681 3644 897 3702 semper
921 3633 1019 3688 sibi
1056 3649 1176 3691 esse
1203 3640 1543 3708 pugnandum
1572 3658 1588 3696 :
1615 3651 1670 3698 et
1697 3654 1821 3700 tunc
1850 3647 2062 3716 plenam
2086 3651 2260 3707 victo-

680 3721 814 3777 riam
843 3723 980 3792 dari,
1008 3727 1054 3782 si
1083 3727 1242 3784 fuerit
1264 3731 1314 3785 in
1337 3735 1744 3803 campestribus,
1775 3738 1897 3794 siin
1924 3741 2070 3796 Attat.
2093 3758 2256 3809 εισι-ιιι,

676 3813 820 3882 quod
848 3813 1251 3890 interpretatur,
1284 3822 1450 3878 luctus
1477 3826 1776 3895 spinarum,
1808 3828 2012 3886 ﬂeverit
2043 3836 2258 3905 antiqua

673 3914 930 3973 peccata,
977 3918 1031 3962 et
1080 3911 1296 3980 spinas,
1347 3929 1468 3984 qua:
1515 3916 1908 3975 suﬁ'ocaverunt
1958 3935 2255 3980 sementem

673 3999 829 4054 verbi
855 3998 949 4054 Dei
973 3999 1122 4069 (Luc.
1149 4003 1228 4070 8),
1255 4015 1308 4058 et
1333 4005 1400 4061 de
1424 4009 1615 4076 quibus
1639 4010 1902 4080 Propheta
1927 4013 2054 4070 dicit
2077 4033 2091 4068 :
2131 4015 2256 4071 Ver-

672 4097 816 4142 satus
837 4105 957 4142 sunt
980 4091 1039 4143 in
1060 4093 1282 4158 miseria,
1310 4096 1434 4151 dum
1459 4100 1584 4154 mihi
1602 4103 1874 4174 conﬁgitur
1899 4108 2049 4176 spina
2075 4108 2250 4177 (Psal.

671 4175 760 4231 3d.
792 4179 854 4245 4)
882 4196 894 4233 :
922 4188 977 4234 et
1015 4190 1140 4237 tunc
1179 4198 1538 4256 prmparatus,
1571 4192 1853 4252 deﬁciente
1896 4175 2116 4266 suum,
2153 4202 2254 4258 sub

669 4266 806 4322 duce
831 4267 959 4323 Jesu
987 4269 1275 4330 Iordanem
1306 4286 1541 4335 transeat
1570 4283 1716 4352 (los.
1747 4287 1808 4359 ὅ)
1837 4307 1850 4342 :
1881 4298 1937 4344 et
1964 4292 2250 4348 circumci-

667 4373 763 4416 sus
800 4359 979 4417 cultro
1017 4361 1326 4436 Evangelii,
1372 4371 1602 4439 primum
1643 4380 1892 4435 comedat
1933 4383 2002 4438 de
2039 4388 2248 4442 cmlesti

667 4464 804 4518 [sane
835 4467 849 4504 :
880 4461 934 4505 et
972 4466 1216 4510 occurrat
1257 4459 1307 4513 ei
1354 4462 1604 4530 princeps
1640 4471 1969 4527 exercituum
2018 4475 2138 4541 Dei,
2192 4488 2248 4533 ut

667 4555 850 4596 verum
886 4543 1084 4599 Pascha
1126 4561 1459 4619 nequaquam
1489 4555 1540 4607 in
1568 4554 1816 4626 {Egyptm
1847 4562 1943 4616 sed
1970 4565 2021 4619 in
2051 4567 2245 4624 ﬁnibus

666 4631 847 4686 Terra!
875 4645 1073 4696 sancta:
1112 4639 1376 4695 comedat.
1420 4641 1466 4696 0
1494 4647 1805 4720 profundum
1835 4653 2124 4710 divitiarum
2161 4678 2246 4712 stt-

664 4723 892 4790 pietttite,
918 4734 963 4777 ct
991 4727 1216 4782 scientite
1249 4729 1342 4783 Dei
1360 4774 1373 4792 ,
1405 4749 1556 4801 quam
1581 4736 1929 4796 iuscrutubjlia
1959 4757 2078 4802 sunt
2095 4750 2242 4816 judi-

659 4813 740 4866 ciu
763 4814 872 4882 ejus
890 4855 906 4879 ,
937 4828 982 4868 et
1010 4817 1082 4887 (c)
1113 4819 1474 4890 inuestigabilrs
1499 4826 1598 4879 vias
1621 4827 1780 4882 illius.
1817 4831 1938 4898 Quis
1965 4813 2166 4906 sapiens
2193 4852 2238 4896 et

656 4907 900 4984 intelliget
930 4911 1383 4984 Itmc.’iutelligens
1413 4927 1457 4971 et
1485 4928 1750 4993 cognoscet
1775 4927 1878 4980 ea?
1915 4929 2048 5000 Quia
2075 4948 2235 4994 rectte

722 5081 1118 5164 (mollitae-itidem
1143 5092 1646 5164 voceﬂeditatorium
1669 5099 1757 5150 lib.
1787 5111 1954 5156 contra
1985 5107 2228 5164 Jovioian.

879 5149 1062 5224 gilius»
1200 5155 1375 5204 eodem
1399 5170 1576 5224 sensu:
1600 5147 1768 5212 suitur
1791 5147 2006 5216 hstiith

1387 5204 1510 5290 Sid:

952 5267 1125 5352 legum
1168 5277 1361 5352 quidam
1387 5277 1500 5327 Mss.
1519 5267 2230 5352 ,‘éi'niititiiié,“llio"i’t§"i;i'é‘£i

648 5329 1105 5404 pretatisoeipsum
1128 5329 1324 5404 quoque
1334 5352 1443 5404 non
1467 5329 1620 5404 caret.

716 5383 1065 5468 (b)__!ie_tori_us
1081 5383 1164 5468 ηυξ
1185 5383 1742 5468 έεὼίρίῆὲιῖιξῖᾁῖἰὶοιε,
1772 5409 1819 5458 id
1839 5419 1918 5461 est
1941 5411 2025 5468 itte
2048 5416 2229 5468 intelli-

648 5452 860 5554 ἐξ,εῆῗὶ
882 5452 930 5498 in
953 5452 1191 5504 extremis
1210 5455 1354 5522 legis,
1387 5470 1441 5513 et.
1463 5452 1610 5528 hujus
1615 5452 1751 5518 ivité
1772 5452 2228 5531 ἶῖηἷῦἶιέῃῶἧζιῖίδί

713 5562 777 5625 (ε)
815 5565 992 5634 “imm
1012 5572 1053 5618 Si
1077 5574 1143 5621 ita
1167 5589 1232 5648 ex
1257 5584 1418 5630 veteri
1459 5598 1628 5638 errore
1667 5603 1755 5653 pro
1795 5592 2220 5660 iniuvestigabiles,

645 5615 837 5672 lectore
859 5629 1144 5676 Inconsulta-
1169 5635 1304 5676 Hier,
1335 5647 1491 5676 ηκιιίο
1554 5660 1713 5676 ann-un
1747 5657 1899 5676 .........:-
1941 5671 2025 5676 ---μ
2053 5661 2064 5676 ι
2139 5663 2185 5676 ι..
2208 5667 2217 5676 .

645 5635 837 5672 sectore
859 5635 1144 5708 Inconsulto,
1169 5635 1512 5747 Hienfosuit,
1551 5635 1714 5711 admit;
1727 5635 2220 5718 'm§§i§"§ii3&'

644 5689 783 5734 recte
810 5681 1021 5745 legent,
1047 5695 1095 5739 at
1119 5694 1253 5744 uobts
1277 5711 1328 5747 ut
1362 5702 1395 5750 tl
1419 5703 1543 5756 ultra
1567 5709 1680 5759 Mss.
1707 5711 1851 5764 ﬁdem
1873 5714 2006 5767 licet.

1995 247 2237 307 S,\.\'CTl
2279 248 2575 305 lllERON'Y
2585 251 2655 306 .lll

3899 271 3994 328 735

2383 363 2483 418 viae
2521 363 2736 418 Domini
2761 382 2776 418 ε
2805 376 2857 420 et
2882 364 3012 436 justi
3039 367 3385 430 ambulabunt
3413 374 3468 431 in
3499 376 3609 435 eis.
3643 379 3963 440 Pravaria

2385 464 2528 512 tores
2549 468 2727 512 autem
2757 469 3010 515 corruent
3037 461 3090 516 in
3113 464 3235 519 illis.

2804 574 3136 632 EPISTOLA
3177 579 3397 638 LXXIX
3436 582 3541 657 (ά).

2974 706 3043 745 ΑΒ
3079 706 3138 746 ελ
3146 708 3365 748 ΜἸΠΔΙ.

2382 794 2648 850 Salvinam
2692 799 2954 854 mulierem
3005 801 3374 866 nobilissimam
3419 806 3484 862 de
3525 807 3772 867 Nebridii
3817 820 3981 871 mariti

2454 899 2612 944 morte
2655 891 2967 960 consolatur,
3009 904 3055 949 et
3095 907 3208 968 post
3248 903 3437 960 mortui
3480 903 3581 958 viri
3618 907 3836 977 laudes,
3886 929 3977 982 quo

2450 981 2601 1034 modo
2629 985 2917 1053 superstites
2941 1002 3005 1039 ex
3026 1003 3083 1040 eo
3110 990 3378 1058 parvulos,
3405 994 3646 1064 educare,
3675 981 3977 1071 qualemque

2448 1071 2561 1140 ipsa
2585 1074 2737 1130 vitam
2764 1075 3027 1136 traducere
3052 1079 3247 1149 debeat,
3278 1084 3442 1154 docet,
3475 1097 3524 1140 et
3547 1104 3580 1142 α
3608 1093 3855 1155 secandis
3885 1112 3972 1150 us-

2451 1163 2570 1232 ptiis
2597 1163 2913 1221 dehortatur.

2450 1276 2501 1331 l.
2541 1275 2759 1341 Vereor,
2797 1295 2864 1334 ne
2891 1280 3126 1337 ofﬁcium
3169 1294 3388 1356 putetur
3425 1289 3693 1359 ambitio;
3740 1304 3800 1350 et
3837 1300 3972 1368 quod

2379 1366 2522 1425 illius
2549 1371 2796 1439 exemplo
2836 1371 3094 1439 facimus,
3138 1377 3231 1445 qui
3271 1378 3347 1432 ait
3378 1397 3392 1433 :
3429 1380 3621 1438 Discite
3647 1403 3681 1438 a
3711 1403 3826 1452 me,
3855 1366 3970 1459 quia

2377 1458 2512 1512 mitis
2539 1475 2649 1512 sum
2677 1471 2724 1514 et
2750 1461 2955 1518 humilis
2983 1466 3135 1519 corde
3161 1466 3378 1537 (Matth.
3411 1473 3498 1528 tt.
3528 1474 3647 1546 29),
3677 1458 3880 1548 gloriati
3897 1482 3966 1535 fa-

2378 1562 2501 1603 cere
2531 1552 2859 1619 appetitione
2883 1554 3126 1611 dicamur
3150 1577 3163 1612 :
3197 1569 3250 1615 et
3277 1578 3383 1616 non
3411 1565 3626 1621 viduam
3656 1571 3896 1642 alloqui,
3921 1586 3966 1629 et

2379 1639 2431 1693 in
2457 1642 2697 1710 angustia
2729 1647 3114 1715 constitutam;
3147 1651 3241 1706 sed
3283 1655 3418 1709 aula:
3445 1671 3544 1711 nos
3575 1659 3858 1718 insinuare
3887 1682 3964 1720 re-

2376 1730 2599 1798 gali;et
2624 1737 2722 1787 sub
2771 1737 3054 1794 occasione
3125 1739 3291 1814 ἀπ
3363 1751 3663 1817 scrruonis,
3708 1755 3962 1810 amicitias

2377 1824 2674 1889 potentium
2720 1843 2987 1896 qua-rere.
3016 1831 3170 1898 Quod
3201 1836 3401 1906 liquido
3448 1856 3553 1894 non
3584 1845 3830 1912 putabit,
3884 1853 3961 1916 qui

2376 1910 2559 1966 scierit
2584 1930 2702 1970 esse
2729 1931 3052 1990 praeceptum
3075 1965 3089 1986 .
3123 1923 3404 1989 Personam
3434 1910 3678 2002 pauperis
3703 1910 3960 1993 nonac-ci-

2378 2002 2486 2069 pies
2509 2004 2560 2058 in
2580 2007 2769 2070 judicio
2795 2008 2982 2079 (Leuit.
3008 2015 3091 2069 l9.
3121 2017 3212 2087 15)
3239 2038 3252 2071 :
3284 2035 3351 2076 ne
3382 2023 3482 2077 sub
3511 2036 3775 2093 pratextu
3808 2032 3957 2086 mise-

2373 2642 2680 2710 quotidiana
2723 2648 2973 2719 exempla
3017 2654 3405 2722 suppeditant:
3451 2676 3678 2731 quorum
3722 2669 3862 2724 alter
3906 2674 3948 2725 in

2372 2733 2598 2787 summis
2626 2734 2828 2792 divitiis
2848 2741 3058 2797 amicus
3078 2743 3169 2799 Dei
3199 2745 3334 2814 fuit;
3364 2750 3454 2805 alii
3483 2756 3723 2822 quotidie
3755 2759 3806 2813 in
3836 2776 3946 2818 see.

2374 2820 2573 2878 leribus
2602 2825 2956 2898 deprehensi,
2995 2849 3182 2904 pcenas
3213 2839 3417 2910 legibus
3446 2820 3684 2909 solvunt.
3721 2852 3944 2923 Alloqui-

2372 2927 2494 2968 mur
2520 2915 2678 2985 igitur
2705 2934 2994 2990 pauperem
3018 2926 3088 2995 (Γ)
3125 2928 3370 2998 divitem,
3394 2943 3451 2988 ut
3472 2939 3680 2996 nesciat
3699 2940 3810 3010 ipsa

2373 3005 2628 3072 possidet.
2655 3008 2838 3080 Neque
2853 3014 2995 3069 enim
3017 3022 3343 3090 marsupium
3365 3025 3480 3095 ejus
3501 3005 3847 3101 discutimus,
3857 3005 3941 3092 sed

2369 3095 2563 3149 animat
2609 3100 2916 3166 puritatem.
2970 3105 3264 3176 Loquimur
3290 3113 3354 3166 ad
3397 3131 3550 3183 eam,
3583 3117 3738 3190 cujus
3769 3095 3940 3180 faciem

2369 3185 2711 3255 ignoramus,
2760 3203 2812 3248 et
2843 3195 3066 3253 virtutes
3103 3203 3383 3272 novimus,
3415 3224 3575 3277 quam
3624 3215 3781 3270 nobis
3816 3218 3939 3271 fama

2368 3466 2426 3511 ut
2449 3461 2754 3531 exemplum
2781 3464 3015 3538 conjugii
3043 3469 3287 3540 dederit,
3315 3478 3391 3532 sic
3425 3481 3563 3547 tulit,
3596 3493 3653 3537 ttt
3678 3501 3799 3541 enm
3829 3461 3936 3556 pro;

2366 3549 2564 3612 fectum
2583 3554 2828 3612 crederet
2851 3555 2944 3629 [aL
2972 3563 3244 3637 crederes],
3270 3584 3379 3623 non
3398 3573 3676 3628 amissum.
3698 3549 3936 3634 Orbitatis

2365 3643 2696 3712 magnitudo,
2727 3648 3002 3718 religionis
3030 3656 3242 3710 occasio
3285 3658 3401 3721 fuit.
3440 3661 3754 3725 Nebridium
3793 3686 3932 3724 suum

2363 3732 2442 3786 sic
2469 3736 2659 3802 qumrit
2687 3738 3004 3809 absentem,
3033 3754 3091 3799 ut
3121 3746 3172 3800 in
3199 3749 3412 3806 Cltristo
3441 3770 3757 3823 prtuseptem
3786 3779 3931 3819 nove

2363 3823 2456 3877 rit.
2487 3822 2596 3884 Cur
2629 3841 2757 3897 ergo
2793 3829 2859 3884 ad
2897 3846 3017 3888 eam
3053 3837 3375 3908 scribimus,
3402 3822 3566 3914 quam
3609 3852 3934 3919 ignoramus?

2364 3913 2579 3984 Triplex
2621 3920 2871 3980 nimirum
2918 3938 3075 3983 causa
3108 3937 3208 3983 est.
3255 3913 3431 3993 Prima
3452 3977 3472 4001 ,
3497 3913 3744 4010 quia'pro
3771 3945 3932 4004 ofﬁcio

2361 4001 2657 4062 Sacerdotii
2687 4025 2874 4069 omnes
2899 4013 3234 4075 Christianos
3257 4022 3488 4082 filiorum
3513 4001 3634 4084 loco
3647 4001 3928 4104 diligimus,

2361 4103 2416 4149 et
2448 4100 2713 4165 profectus
2754 4117 2939 4162 eorum
2981 4120 3164 4164 nostra
3203 4121 3286 4166 est
3323 4115 3514 4184 gloria.
3563 4100 3775 4190 Altch
3819 4128 3928 4196 quia

2359 4196 2511 4255 pater
2547 4188 2782 4246 defuncti
2829 4195 3012 4251 intima
3058 4200 3186 4254 mihi
3229 4208 3625 4265 necessitudine
3665 4188 3930 4285 copulatus

2356 4275 2472 4331 fttit.
2505 4279 2752 4335 Extrema
2773 4297 2938 4354 ,"qua:
2969 4297 3023 4342 et
3038 4291 3289 4358 validior,
3321 4299 3464 4364 quod
3495 4300 3611 4354 lilio
3636 4275 3758 4358 meo
3787 4307 3929 4362 Avito

2355 4370 2560 4436 roganti
2589 4386 2782 4442 negare
2814 4375 2941 4435 nihil
2978 4381 3124 4448 potui
3150 4399 3164 4446 ;
3197 4384 3285 4453 qtti
3315 4387 3520 4444 crebris
3551 4391 3744 4449 litteris
3777 4397 3930 4456 luter-

2355 4459 2686 4527 pellatricem
2727 4465 2844 4519 duri
2871 4468 3070 4536 judicis
3109 4473 3322 4529 viduam
3364 4479 3526 4548 (Luc.
3557 4483 3612 4551 8)
3645 4501 3927 4556 superans,

2352 4560 2405 4605 ct
2431 4553 2715 4610 multorum
2742 4558 2896 4624 milii,
2925 4561 2990 4615 ad
3014 4579 3147 4643 quos
3171 4579 3293 4625 ante
3315 4586 3478 4643 super
3501 4577 3687 4632 eadem
3715 4586 3930 4642 materia

2351 4641 2690 4711 scripseram,
2720 4650 2962 4719 exempla
2988 4641 3315 4726 proponens,
3339 4641 3410 4716 ita
3431 4664 3649 4720 snﬁ'udit
3671 4672 3928 4734 pudorem

2350 4734 2614 4801 tta-gnatis,
2644 4744 2701 4794 ut
2746 4739 2864 4806 plus
2903 4745 3305 4804 considerarem
3356 4753 3481 4822 quid
3529 4756 3618 4810 ille
3667 4775 3928 4832 cuperet,

2347 4837 2509 4890 quam
2526 4825 2654 4893 quid
2675 4842 2760 4883 me
2785 4828 2965 4887 facere
2988 4841 3330 4898 conveniret.

2416 4914 2472 4968 2.
2504 4916 2653 4973 Alius
2682 4917 2906 4978 forsitan
2937 4923 3120 4982 laudet
3149 4929 3494 5003 Nebridium,
3539 4938 3686 5008 quod
3723 4941 3792 5000 de
3835 4961 3925 5000 so-

2345 5020 2468 5060 rore
2494 5005 2567 5079 (g)
2581 5023 2874 5079 generatus
2891 5015 3164 5087 Augustae,
3241 5023 3412 5098 499
3477 5039 3531 5084 et
3553 5005 3608 5084 in
3625 5043 3923 5094 matertera:

2429 5119 2480 5190 ιη
2509 5121 2648 5190 _Alias
2669 5125 2727 5190 9._
2744 5127 2930 5190 Scripta
2951 5132 3086 5190 circa
3108 5147 3190 5184 au.
3218 5137 3329 5188 £00.

2426 5181 2579 5264 Elii?
2589 5181 3091 5264 _€1_"ide!".."!0minum
3114 5181 3358 5264 ξίῖτὶιιὶέἓεὲί
3390 5205 3574 5262 pariter
3597 5215 3650 5262 et
3672 5209 3786 5260 Mss.
3812 5211 3914 5264 libri

2340 5243 2735 5332 ἓξξῖηῖηεέεξῡυξι
2751 5252 2849 5332 sit“.
2867 5259 3031 5332 una!
3053 5243 3139 5332 sui
3153 5243 3890 5332 ίάῖα“έξέ“αέ’ἱῑὲιὲἔὶ..“ηῗ›³σῗέὲιιῗιῖ
3899 5243 3912 5332 Σ

2339 5305 3615 5393 ﬁt‘.‘ﬁ£.'."i°}£.."2‘1199_993%erretiéiiibrféiwﬁglé
3643 5305 3916 5393 me";

2339 5361 2791 5450 litterae'oecursum
2815 5387 2857 5450 aj
2867 5361 3045 5450 pare—at
3065 5361 3389 5450 ﬂebili—ﬁt.

2373 5426 2626 5518 ξιεακᾶξξξξτ
2650 5426 3075 5518 Ἦὺςωιὲὲιηὶιξάιῃ
3094 5426 3712 5518 ξῷιῆὶᾷἇῦξῖᾖὶ
3721 5426 3912 5518 nam:

2335 5437 2462 5538 quod
2485 5437 2626 5481 aliter
2650 5437 2862 5504 habeant
2883 5437 3075 5507 quidam
3094 5439 3292 5510 codices
3312 5437 3596 5507 unumquod
3615 5437 3913 5518 auehi:

2335 5487 2718 5568 “regiquam-tat
2757 5508 2802 5542 to
2833 5506 3080 5568 sequenti
3117 5499 3268 5563 Epist.
3313 5504 3395 5554 8‘5.
3437 5509 3497 5557 ad
3545 5510 3819 5566 Pammaclt.
3863 5527 3913 5568 et

2335 5545 2580 5602 Oceanum
2603 5551 2666 5601 de
2692 5545 2940 5638 err‘oribus'
2975 5545 3912 5638 Origeitf

2333 5621 2664 5681 personarum,
2690 5616 2776 5681 sed
2799 5629 2958 5668 rerum
2983 5616 3193 5676 poridere
3205 5621 3301 5681 jus!

3304 5623 3534 5680 iccindw'u
3555 5623 3647 5685 est.

2397 5670 2472 5752 ςρ.
2497 5670 2661 5752 eis;
2676 5670 3739 5752 eum-emanat

2405 5727 2473 5794 (εἰ)
2499 5730 2664 5783 'l'Olattt
2686 5727 3140 5800 prosapographiatu
3162 5727 3276 5792 ltuit:
3287 5727 3905 5827 .accipe,
