4056 6184
202 297 306 354 723

204 410 437 468 nutritus
463 409 582 463 sinu
609 406 715 477 (α),
742 399 1097 458 invictissimo
1114 396 1347 468 Principi
1375 397 1445 452 ita
1466 409 1622 458 casus
1648 393 1769 460 fuit,

204 513 262 558 ut
291 503 339 557 ei
368 501 646 570 conjugem
672 494 1056 552 nobilissimam
1079 498 1342 563 quareret
1362 531 1378 555 ,
1418 498 1473 544 et
1514 486 1780 542 bellis-ci-

202 595 396 649 vilibus
422 591 653 647 Africam
691 585 1041 642 dissidentem
1067 624 1082 647 ,
1122 583 1222 637 hac
1247 582 1397 637 velut
1440 578 1628 634 obside
1676 576 1778 632 sibi

202 685 361 740 fidam
389 681 652 737 redderet.
683 677 810 732 Mihi
836 691 864 729 a
889 674 1155 746 principio
1176 673 1355 727 statim
1387 669 1516 724 illud
1539 677 1622 724 est
1644 682 1780 737 pra:-

201 775 502 838 dicandum,
535 770 675 842 quod
703 769 854 840 quasi
879 767 1070 821 vicina!
1098 765 1289 820 mortis
1329 761 1604 832 praescius,
1638 761 1780 813 inter

199 868 457 936 fulgorem
485 863 670 932 palatii
696 903 711 925 ,
749 871 806 916 et
833 861 1100 914 bonorum
1129 857 1358 913 culmina
1403 870 1522 924 qum
1565 861 1778 907 :ctatem

198 956 492 1022 anteibant,
521 955 600 1009 sic
631 955 784 1015 vixit,
809 962 868 1006 ut
896 965 955 1006 se
980 951 1046 1005 ad
1078 948 1347 1005 Christum
1376 945 1622 1002 crederet
1651 956 1777 1012 pro.

198 1051 480 1106 lecturum.
505 1048 668 1103 Sacra
695 1052 877 1099 narrat
906 1042 1148 1107 historia,
1178 1038 1485 1095 Cornelium
1509 1034 1780 1091 centurio-

196 1154 320 1195 nem
345 1138 584 1194 cohortis
613 1136 808 1191 Italicae
825 1135 876 1187 in
897 1142 1101 1188 tantum
1124 1139 1401 1200 acceptum
1427 1128 1558 1192 Deo,
1587 1134 1645 1179 ut
1671 1127 1782 1178 An-

195 1231 376 1300 gelum
421 1230 488 1284 ad
532 1243 656 1284 eum
698 1227 968 1292 mitteret,
1002 1233 1056 1279 et
1095 1239 1256 1278 omne
1285 1221 1594 1292 mysterium
1617 1257 1635 1283 ,
1674 1232 1780 1286 quo

196 1324 392 1379 Petrus
431 1321 498 1378 de
524 1319 951 1376 eircumcisionis
979 1316 1240 1387 angustiis
1267 1311 1688 1368 transferebatur
1713 1307 1780 1361 ad

195 1415 444 1484 prmputii
491 1412 824 1468 latitudinem
845 1452 862 1477 ,
903 1408 970 1464 ad
996 1408 1140 1462 illius
1166 1409 1354 1461 merita
1385 1404 1651 1475 pertinere
1679 1399 1779 1455 do-

196 1515 381 1570 ceret,
427 1505 518 1574 qui
564 1503 768 1573 primus
794 1501 862 1556 ab
905 1499 1164 1570 Apostolo
1193 1497 1520 1566 baptizatus,
1556 1493 1780 1547 salutem

199 1598 447 1653 Gentium
479 1594 767 1649 dedicavit.
800 1591 1176 1661 Scriptumque
1207 1599 1288 1644 est
1325 1589 1392 1643 de
1420 1602 1484 1642 eo
1512 1605 1526 1640 :
1557 1585 1684 1638 Erat
1710 1588 1785 1638 vtr

199 1689 404 1759 quidam
425 1688 478 1740 in
500 1685 751 1752 Casarea,
781 1684 982 1759 nomine
1007 1681 1287 1743 Cornelius,
1317 1677 1542 1732 centurio
1565 1675 1784 1730 cohortis

199 1757 311 1846 qua:
335 1781 523 1834 dicitur
552 1777 771 1842 Italica,
808 1757 1108 1845 religiosus,
1151 1782 1198 1829 et
1243 1773 1420 1824 timens
1460 1768 1628 1821 Deum
1667 1782 1784 1818 cum

201 1873 337 1927 omni
365 1872 517 1926 domo
553 1887 679 1935 sua,
723 1869 914 1939 faciens
943 1865 1285 1933 eleemosynas
1322 1859 1509 1912 multas
1541 1856 1673 1928 plebi
1689 1895 1704 1920 ,
1734 1863 1785 1908 et

201 1981 352 2019 orans
383 1963 548 2017 Deum
585 1977 778 2030 semper
816 1957 952 2031 (Act.
987 1955 1073 2010 10.
1109 1957 1161 2008 1.
1188 1951 1266 2022 2).
1300 1949 1568 2024 Quidquid
1597 1948 1662 2003 de
1692 1947 1784 2001 illo

201 2055 415 2119 dicitur,
466 2053 570 2107 hoc
613 2051 829 2104 nomine
869 2053 1231 2108 commutato,
1277 2043 1329 2096 in
1373 2039 1626 2096 Nebridio
1664 2051 1786 2092 meo

200 2145 434 2199 vindico.
479 2141 567 2197 Sic
594 2142 871 2211 religiosus
901 2140 1031 2204 fuit,
1065 2145 1119 2191 et
1147 2142 1353 2190 amator
1393 2131 1694 2203 pudicitim,
1729 2139 1788 2182 ut

203 2237 356 2305 virgo
383 2235 670 2289 sortiretur
692 2247 910 2286 uxorem
941 2246 954 2284 :
989 2230 1065 2284 sic
1094 2227 1288 2282 timens
1316 2225 1481 2280 Deum
1509 2237 1630 2278 cum
1660 2221 1784 2276 uni-

199 2343 355 2384 versa
371 2328 540 2383 domo
552 2343 666 2391 sua,
682 2336 741 2379 ut
756 2323 954 2379 oblitus
969 2321 1264 2390 dignitatis,
1282 2331 1441 2372 omne
1455 2314 1785 2370 consortium

197 2436 318 2476 cum
348 2418 630 2474 Mouachis
661 2417 878 2471 haberet
908 2423 960 2469 et
1010 2411 1232 2466 Clericis
1262 2427 1276 2463 :
1311 2417 1590 2477 tantasque
1637 2405 1783 2461 elec-

197 2527 460 2585 mosynas
489 2511 687 2565 faceret
715 2508 769 2562 in
803 2505 1014 2576 populis
1033 2545 1048 2570 ,
1079 2510 1138 2557 ut
1163 2501 1307 2555 fores
1336 2500 1454 2567 ejus
1494 2509 1784 2568 pauperum

195 2619 258 2660 ac
298 2601 567 2658 debilium
608 2598 917 2654 obsiderent
955 2593 1224 2651 examina.
1256 2591 1414 2645 Certe
1454 2591 1532 2644 sic
1574 2601 1788 2656 semper

198 2709 360 2753 orans
386 2694 598 2760 Deum,
626 2699 684 2747 ut
710 2689 784 2747 illi
829 2686 970 2760 quod
1012 2686 1270 2758 optimum
1303 2689 1481 2749 esset,
1525 2677 1784 2736 eveniret.

203 2789 401 2860 Raptus
424 2795 534 2851 est,
566 2801 628 2840 ne
652 2783 846 2837 malitia
877 2787 1087 2834 mutaret
1117 2786 1330 2831 mentem
1363 2775 1501 2845 ejus,
1531 2771 1651 2840 quia
1677 2768 1790 2838 pla-

204 2885 304 2936 cita
338 2889 444 2934 erat
476 2877 586 2932 Deo
615 2877 784 2930 animo
821 2873 960 2927 itlius
987 2870 1154 2941 (Sap.
1183 2869 1238 2922 4.
1272 2866 1382 2935 11).
1420 2862 1570 2920 Unde
1607 2870 1660 2916 et
1688 2873 1787 2929 ego

204 2990 418 3045 possunt
446 2987 609 3040 super
628 2984 695 3023 eo
719 2981 848 3022 vere
867 2966 1013 3019 abuti
1036 2960 1276 3032 Apostoli
1307 2971 1437 3011 voce
1462 2997 1478 3021 ,
1507 2953 1736 3008 dicentis
1769 2967 1784 3005 :

204 3067 268 3125 In
297 3067 506 3120 veritate
531 3060 774 3134 cognovi,
803 3057 1042 3133 quoniam
1086 3069 1186 3105 non
1217 3061 1288 3104 est
1326 3060 1658 3118 personarum
1695 3058 1786 3095 ac-

203 3171 374 3231 ceptor
398 3157 573 3219 Deus;
602 3155 691 3206 sed
715 3152 768 3204 in
794 3149 930 3203 onmi
956 3146 1232 3222 proposito,
1258 3143 1344 3212 qui
1372 3142 1506 3193 timet
1532 3137 1713 3197 Deum,
1742 3143 1790 3187 et

205 3226 446 3321 operatur
467 3247 740 3319 justitiam,
769 3250 1004 3311 acceptus
1032 3249 1102 3292 est
1132 3239 1207 3290 ilti
1230 3235 1366 3308 (Act.
1395 3233 1480 3288 10.
1505 3231 1620 3299 51).
1643 3226 1787 3282 Nihil

205 3342 390 3396 nocuit
417 3336 667 3393 militanti
693 3333 1121 3405 paludamentum
1145 3372 1160 3396 ,
1193 3338 1247 3382 et
1275 3325 1519 3381 baltheus
1541 3365 1556 3389 ,
1597 3332 1651 3377 et
1676 3322 1788 3390 Ap-

205 3433 504 3504 paritorum
536 3437 767 3482 caterva:
796 3443 809 3478 :
843 3424 966 3495 quia
996 3422 1095 3477 sub
1138 3420 1318 3474 habitu
1349 3417 1602 3480 alterius,
1633 3413 1788 3469 alteri

205 3525 489 3580 militabat.
540 3520 690 3578 Sicut
715 3535 745 3575 e
787 3517 1059 3573 contrario
1096 3515 1218 3570 aliis
1257 3513 1389 3568 nihil
1438 3510 1656 3582 prodest
1685 3508 1790 3564 vile

205 3619 508 3687 palliolum,
541 3614 686 3668 furva
717 3611 915 3677 tunica,
942 3609 1185 3682 corporis
1214 3607 1443 3668 illuvies.
1467 3613 1522 3658 ct
1541 3604 1789 3658 simulata

207 3717 520 3780 paupertas,
552 3706 594 3759 si
623 3703 852 3757 nominis
878 3701 1188 3771 dignitatem
1212 3698 1463 3768 Operibus
1488 3696 1785 3751 destruant.

206 3800 478 3869 Legimus,
500 3806 556 3851 et
627 3795 788 3866 500
860 3795 911 3847 in
937 3793 1227 3861 Evangelio
1255 3791 1320 3845 de
1347 3790 1454 3844 alio
1481 3789 1794 3844 centurione

209 3890 418 3944 Domini
450 3885 814 3941 testimonium
837 3902 848 3936 :
876 3882 984 3935 Nec
998 3882 1050 3934 in
1069 3880 1234 3934 Israel
1250 3890 1440 3932 tantam
1463 3879 1614 3946 [idem
1632 3877 1796 3930 inveni

207 3981 427 4051 (Matth.
453 3979 507 4032 8.
535 3976 647 4045 10).
677 3974 740 4028 Et
768 3982 825 4028 ut
849 3973 916 4027 ad
944 3973 1220 4041 superiora
1245 3969 1548 4035 redeamus,
1574 3969 1793 4036 Joseph,

207 4073 299 4142 qui
325 4079 380 4124 ct
412 4070 465 4122 in
489 4073 726 4136 egestate
753 4072 808 4118 et
833 4063 884 4117 in
913 4061 1111 4116 divitiis
1139 4059 1284 4115 dedit
1304 4059 1668 4127 experimenta
1691 4059 1797 4111 vir-

210 4174 417 4228 tutum,
450 4160 541 4236 qul
572 4167 623 4213 et
662 4171 851 4212 servus
893 4163 948 4210 et
971 4152 1220 4213 dominus
1241 4193 1255 4217 ,
1286 4151 1466 4206 docuit
1507 4151 1699 4203 anima:
1730 4149 1796 4202 li-

209 4245 498 4317 bertatem,
532 4264 710 4306 nonne
734 4256 850 4318 post
876 4245 1210 4309 Pharaonem
1236 4243 1397 4314 regiis
1429 4250 1646 4295 ornatus
1672 4240 1798 4294 insi-

211 4427 476 4480 Nebrldius
523 4438 644 4487 ergo
667 4428 822 4485 pater,
847 4435 1077 4487 quocum
1098 4417 1268 4470 intima
1285 4415 1633 4487 necessitudine
1656 4428 1799 4487 cenu-

213 4477 363 4543 iam
376 4477 538 4540 fuisse
558 4477 615 4537 se
637 4477 832 4535 dixerat
850 4477 992 4532 modo
1012 4482 1354 4544 Hieronymus,
1377 4479 1458 4544 ille
1485 4477 1798 4544 videturNe-

214 4538 418 4610 bvid'ius.
441 4538 508 4600 de
530 4562 628 4612 quo
651 4538 1216 4612 ἱιῃθτιιυω-Αιηητίξηυέ
1234 4538 1797 4612 Μένᾳυηίί¹¹²⁵ιιίῖαυη¹θς²

218 4622 270 4662 et
290 4601 416 4661 anno
434 4601 562 4662 ὅϐὗί
574 4607 864 4659 Praefectum
901 4607 1134 4655 Przetorio
1158 4618 1248 4662 per
1271 4603 1525 4653 Orientem
1553 4601 1702 4649 tuisse
1722 4601 1799 4648 di-

217 4677 299 4724 cit.
322 4674 482 4736 Hujus
505 4672 630 4721 [ilius
650 4669 917 4720 Nebridius
946 4668 1110 4736 iunior
1145 4662 1800 4736 Salvium-nostra:“maritus

221 4722 342 4800 is;
354 4722 608 4800 ρὲηὲνιιιιιξ
619 4722 1128 4800 βφβονρνείίμίθυδιίεο
1155 4735 1270 4800 WE!
1291 4724 1434 4800 Ατέίςε.
1451 4722 1666 4800 “rei”?
1689 4736 1801 4796 εοητ

221 4785 630 4857 ξιιςιέῖῐιιεοᾱυείἰ
655 4785 1044 4857 Magni._Sal_vina
1067 4785 1186 4857 vero
1209 4786 1302 4836 (ilia
1328 4785 1542 4836 Gildonis
1559 4791 1691 4857 erat,
1717 4785 1800 4846 qui

265 4829 698 4906 ἤὶιῆξόἶὶδῇἰὲ
919 4829 1068 4900 frater
1091 4849 1207 4907 fuit,
1249 4829 1803 4916 épqiué“}iii{rdi§'iu_‘.{6

223 4916 333 4979 5:13.
370 4931 576 4979 regnum
616 4917 709 4974 sub
745 4907 1378 4979 Brittanorumupatrgcinio
1401 4911 1573 4979 tenuit.
1611 4907 1686 4956 De
1727 4908 1803 4959 his

229 4975 365 5038 plura
388 4971 510 5038 apud
535 4971 769 5025 Atnm’ian.
791 4973 1059 5038 Marcellin.
1087 4971 1171 5022 lib.
1300 4985 1404 5033 cap.
1431 4971 1479 5019 5.
1506 4977 1717 5038 et_seqq.

283 4992 365 5023 ura
388 4992 510 5086 ramo
535 4992 769 5025 Atnmtan.
793 4992 1059 5025 marcentn.
1088 4992 1171 5022 ιιυ.
1199 4992 1274 5021 zu.
1300 4992 1404 5033 cap.
1431 4992 1479 5019 υ.
1506 4992 1557 5018 et
1579 4992 1717 5031 seqq.

277 5037 362 5108 is)
407 5099 418 5108 .
446 5037 928 5108 ίπξιίιυιιιᾞιθοαρδίο
949 5035 1142 5108 κέλευον
1165 5034 1247 5096 qui
1275 5030 1804 5108 Mwl'at'lﬁ‘fﬁbi‘f‘.’

231 5093 448 5149 Gildouis
469 5099 616 5154 fratre
641 5099 981 5159 triumphasset
1001 5093 1127 5150 circa
1147 5093 1325 5144 annum
1338 5093 1450 5159 571.
1469 5093 1804 5159 quinquennio

232 5168 339 5220 post
362 5160 423 5222 ad
444 5151 696 5222 imperium
736 5151 952 5222 evectus,
979 5165 1221 5222 metuens.
1252 5170 1315 5204 ne
1352 5155 1443 5202 sub
1481 5151 1803 5222 Gild:ir_ie_ite-

229 5213 338 5270 rum
360 5213 523 5270 Africa
550 5233 578 5270 a
599 5221 830 5270 Romanis
862 5213 1124 5277 deficeret,
1170 5217 1410 5278 Nepotem
1450 5227 1591 5278 suum
1626 5213 1804 5278 Nebri-

228 5281 360 5331 dium
384 5283 590 5333 Salvinae
628 5281 846 5338 Gildouis
881 5280 988 5342 [illic
1019 5273 1275 5342 coniugem
1295 5277 1449 5336 dedit,
1476 5275 1649 5342 ct_hac
1672 5273 1806 5325 velut

230 5344 398 5395 obside
424 5346 570 5403 pacis,
595 5337 806 5393 Africam
828 5343 918 5392 sibi
942 5341 1082 5391 fidam
1104 5337 1330 5397 reddidit,
1355 5337 1581 5403 quamdiu
1597 5337 1704 5403 ipse
1728 5349 1806 5403 re-

261 5409 408 5456 navit.
424 5399 623 5456 'Bellum
647 5405 780 5455 enim
805 5404 1103 5454 Gildonicum
1125 5403 1279 5450 tribus
1310 5399 1481 5450 saltem
1505 5399 1644 5448 annis
1679 5401 1755 5444 est
1779 5409 1806 5445 a

261 5466 483 5515 'heodosii
506 5475 684 5515 morte.
709 5465 836 5515 Hinc
873 5465 996 5514 tufra
1027 5464 1209 5513 dicitur
1231 5462 1524 5515 Hieronymo
1545 5458 1806 5510 Nebridius

308 5471 483 5518 eodosii

241 5544 263 5571 ιι
283 5521 658 5588 eontuber'ualis,
685 5537 738 5579 et
774 5526 1128 5588 condiscipulus
1156 5521 1594 5588 Augustorum...”
1619 5521 1808 5581 Purpu-

233 5596 443 5652 ratorum
467 5585 778 5652 propinquus,
801 5585 1341 5652 socium—consobrinus,
1365 5585 1537 5652 iisdem
1562 5596 1671 5652 cum
1705 5596 1807 5651 am-

235 5649 401 5719 bubus
428 5643 598 5719 studiis
637 5643 888 5719 eruditus,
911 5643 1073 5719 antqua:
1103 5649 1182 5719 Ide
1222 5648 1454 5719 Arcadio,
1502 5652 1554 5695 et
1597 5643 1808 5694 llonot'io

237 5707 492 5778 Theodosii
516 5713 675 5777 Magni
701 5713 808 5764 liliis
832 5707 1146 5774 intelligenda
1169 5717 1298 5760 sunt.

506 5475 684 5534 morte.
709 5465 836 5517 Hinc
873 5465 996 5534 Infra
1027 5464 1209 5534 dicitur
1231 5462 1524 5534 Hieronymo
1545 5458 1808 5534 Nebridius

1507 275 1839 335 EPISTOLA
1880 271 2092 331 LXXIX
2107 317 2121 331 .

3363 281 3466 338 ’⁷26

1886 391 2076 461 gnibus
2095 432 2110 456 ,
2141 391 2218 447 sic
2249 390 2361 447 Deo
2388 404 2545 447 carus
2577 389 2672 447 fuit
2691 431 2708 456 ,
2739 398 2794 446 ut
2825 406 2986 462 super
3013 407 3202 450 omnes
3230 391 3464 451 Patriar-

1885 481 2043 548 chas,
2087 482 2313 536 duarum
2360 483 2594 537 tribuum
2638 490 2786 552 pater
2817 484 3008 538 lieret?
3054 485 3236 540 Daniel
3265 495 3320 540 et
3358 496 3466 542 tres

1884 573 2032 642 pueri
2056 573 2134 628 sic
2159 581 2422 642 prmerant
2444 573 2749 645 Babylonia:
2775 573 2851 643 (b)
2880 573 3092 643 opibus,
3126 586 3179 631 et
3205 577 3282 631 sic
3314 587 3466 632 erant

1883 661 2024 717 inter
2046 663 2313 732 principes
2341 662 2605 728 civitatis,
2645 669 2704 716 ut
2738 662 2920 717 habitu
2949 662 3467 731 Nabuchodonosor,

1885 753 1995 807 Deo
2039 762 2222 809 mente
2264 754 2551 809 servirent.
2597 753 2961 808 Mardochmus
3004 763 3060 810 et
3106 755 3300 810 Esther
3328 758 3458 814 inter

1884 857 2173 912 purpuram
2193 884 2207 906 ,
2235 843 2464 898 sericum
2485 883 2500 905 ,
2527 851 2582 898 et
2610 858 2850 912 gemmas
2868 884 2883 908 ,
2913 844 3220 913 superbiam
3249 844 3464 901 humili-

1883 941 1994 987 tate
2023 933 2293 1001 viecrunt,
2325 934 2567 1005 tantique
2589 933 2738 990 fuere
2763 936 2962 1004 meriti,
2993 943 3050 990 ut
3075 938 3270 1008 captivi
3297 937 3466 996 victo.

1884 1021 1983 1076 bus
2012 1023 2360 1093 imperarent.

1923 1151 1925 1153 ι
1954 1113 2008 1168 3.
2057 1112 2184 1168 Haec
2213 1114 2341 1168 illud
2372 1115 2541 1170 tendit
2567 1117 2741 1171 oratio
2760 1159 2775 1183 ,
2805 1125 2864 1172 ut
2903 1119 3183 1174 ostendam
3217 1136 3468 1190 Juvencm

1883 1217 2060 1257 meum
2083 1206 2512 1274 conjunctionem
2535 1208 2730 1278 regalis
2751 1211 3044 1280 sanguinis,
3069 1221 3122 1267 et
3142 1212 3468 1270 amuentiam

1884 1292 2187 1348 divitiarum
2209 1337 2222 1358 ,
2255 1305 2417 1366 atque
2447 1297 2672 1368 insignia
2703 1301 2981 1368 potestatis
3000 1342 3016 1365 ,
3058 1304 3339 1358 materiam
3370 1304 3468 1358 ha-

1885 1383 2069 1440 buisse
2096 1387 2352 1442 virtutum
2372 1431 2387 1453 ,
2429 1389 2642 1446 dicente
2670 1390 2996 1448 Ecclesiaste
3025 1411 3037 1447 :
3073 1395 3219 1450 Sicut
3257 1400 3472 1466 protegit

1885 1477 2170 1544 sapientia,
2214 1478 2287 1531 sic
2328 1480 2542 1550 protegit
2584 1489 2636 1534 et
2675 1483 2888 1550 pecunia
2919 1483 3104 1551 (Eccl.
3133 1486 3188 1539 7.
3217 1486 3328 1556 15).
3360 1486 3474 1542 Nec

1885 1567 2065 1620 statim
2119 1569 2244 1622 illud
2290 1568 2416 1625 huic
2471 1573 2778 1628 testimonio
2827 1584 3076 1644 putemus
3124 1578 3408 1633 adversum
3453 1599 3469 1633 :

1886 1655 2045 1709 Amen
2074 1657 2188 1711 dico
2215 1659 2350 1713 vobis
2368 1701 2384 1726 ,
2415 1661 2617 1731 difﬁcile
2643 1663 2786 1717 dives
2810 1665 3018 1718 intrabit
3042 1667 3094 1720 in
3137 1683 3345 1738 regnum
3370 1686 3470 1723 cor-

1887 1747 2052 1801 lorum
2093 1750 2320 1821 (Matth.
2352 1753 2440 1807 19.
2466 1753 2556 1809 25.
2589 1755 2706 1822 24).
2753 1755 2820 1809 Et
2849 1771 3062 1812 rursum
3092 1776 3104 1813 :
3136 1758 3263 1812 Dico
3299 1761 3468 1824 vobis,

1886 1838 2089 1907 [acilius
2127 1848 2200 1894 est
2226 1842 2473 1896 cautelam
2502 1860 2592 1910 per
2620 1844 2851 1912 foramen
2879 1862 3000 1900 acus
3040 1849 3289 1913 transire,
3321 1865 3470 1921 quam

1887 1928 2089 1983 divitem
2113 1932 2302 1986 intrare
2325 1935 2378 1986 in
2403 1949 2613 2004 regnum
2632 1936 2872 1990 calorum
2902 1938 3096 2004 (Mare.
3126 1940 3212 1993 10.
3235 1940 3326 1995 24.
3351 1940 3467 2012 23).

1888 2019 2134 2090 Alioquin
2162 2021 2420 2078 Zachmus
2442 2025 2778 2095 publicanus,
2801 2043 2958 2098 quem
2982 2029 3304 2084 ditissimum
3327 2047 3471 2087 com~

1890 2125 2153 2170 memorat
2179 2115 2474 2187 Scriptura,
2507 2129 2693 2175 contra
2722 2120 2860 2175 hanc
2889 2124 3209 2178 sententiam
3237 2125 3471 2181 salvatus

1889 2206 2175 2261 videbitur.
2202 2207 2308 2263 Sed
2334 2209 2605 2278 quomodo
2625 2211 2766 2281 quod
2794 2211 2935 2281 apud
2958 2212 3201 2268 homines
3226 2215 3471 2284 impossi-

1890 2296 1999 2352 bile
2022 2307 2126 2360 est,
2150 2299 2288 2367 apud
2323 2301 2483 2354 Deum
2511 2301 2764 2370 possibile
2787 2303 2899 2370 fiat,
2923 2303 3163 2372 Apostoli
3187 2305 3471 2360 consilium

1891 2387 2048 2442 docet
2083 2389 2365 2444 scribentis
2394 2391 2462 2444 ad
2501 2391 2862 2446 Timotheum.
2905 2392 3160 2449 Divitibus
3189 2396 3344 2467 hujus
3373 2413 3472 2451 sa!-

1889 2479 1994 2532 culi
2013 2481 2249 2550 pracipe,
2275 2498 2376 2534 non
2403 2483 2613 2551 superbe
2631 2499 2826 2552 sapere,
2861 2500 2952 2537 nec
2977 2501 3184 2554 sperare
3202 2486 3253 2538 in
3282 2486 3473 2539 incerto

1891 2570 2178 2623 divitiarum
2204 2587 2443 2638 suarum,
2473 2572 2562 2626 sed
2591 2573 2644 2625 in
2674 2571 2784 2626 Deo
2815 2573 2944 2639 vivo,
2977 2575 3064 2643 qui
3094 2584 3300 2643 praestat
3331 2576 3476 2628 nobis

1889 2662 2060 2715 omnia
2084 2662 2398 2716 abundanter
2417 2664 2485 2716 ad
2511 2664 2785 2734 fruendum
2815 2665 2890 2735 (1.
2919 2664 3050 2719 Tim.
3075 2667 3130 2722 6.
3165 2668 3270 2738 17).
3305 2667 3474 2724 Bene-

1890 2750 2102 2815 faciant,
2131 2751 2326 2807 divites
2345 2753 2452 2806 sint
2477 2754 2528 2805 in
2552 2753 2810 2822 operibus
2833 2754 3005 2820 bonis,
3037 2755 3191 2822 facile
3219 2757 3472 2822 tribuant;

1889 2843 2303 2907 communicent,
2337 2843 2700 2897 thesaurizent
2722 2843 2822 2898 sibi
2847 2843 3252 2900 fundamentum
3275 2846 3472 2901 bonum

1893 2934 1943 2989 in
1973 2935 2240 3000 futurum,
2285 2944 2342 2989 ut
2380 2935 2786 3005 apprehendant
2817 2951 2999 2992 veram
3039 2937 3224 2992 vitam.
3276 2939 3477 2995 Didici-

1890 3042 2011 3080 mus
2039 3027 2308 3098 quomodo
2347 3028 2588 3082 camelos
2617 3028 2838 3084 introire
2880 3031 3049 3099 possit
3093 3045 3189 3100 per
3237 3031 3475 3088 foramen

1891 3132 2018 3170 acus
2050 3135 2062 3170 :
2095 3118 2364 3186 quomodo
2388 3117 2458 3191 (c)
2484 3118 2684 3172 animal
2709 3127 3030 3187 tortuosum,
3063 3120 3309 3191 deposito
3337 3138 3475 3194 pon-

1893 3210 2020 3264 dere
2044 3211 2374 3264 sarcinarum
2392 3251 2408 3277 ,
2442 3218 2682 3264 assumat
2708 3211 2807 3265 sibi
2838 3226 3039 3280 pennas
3065 3213 3327 3268 columbae
3355 3214 3473 3286 (Ps.

1892 3300 2003 3372 51),
2031 3309 2086 3355 et
2115 3301 2417 3371 requiescat
2445 3301 2498 3355 in
2537 3302 2701 3356 ramis
2728 3297 2936 3358 arboris
2955 3343 2972 3370 ,
3001 3318 3121 3373 qua:
3165 3304 3234 3360 de
3278 3305 3478 3374 sinapis

1893 3403 2134 3449 semente
2176 3395 2440 3448 succrevit
2479 3393 2709 3465 (Matth.
2745 3393 2865 3465 15).
2898 3394 3146 3465 Legimus
3187 3395 3239 3449 in
3314 3396 3476 3470 501

1895 3485 2060 3552 Isaia,
2111 3487 2347 3540 camelos
2401 3485 2607 3557 Madian
2637 3494 2690 3540 et
2731 3485 2877 3555 Epha
2904 3494 2959 3541 et
2995 3487 3134 3542 Saba
3157 3529 3171 3551 ,
3204 3503 3392 3542 aurum
3423 3498 3479 3544 et

1897 3576 2019 3631 thus
2044 3577 2110 3631 ad
2135 3577 2320 3631 urbem
2351 3576 2561 3630 Domini
2589 3575 2934 3645 deportantes
2957 3575 3106 3649 (Isai.
3133 3575 3241 3650 60).
3270 3577 3322 3631 ln
3355 3589 3480 3649 typo

1897 3665 2086 3722 horum
2111 3666 2464 3731 camelorum,
2493 3667 2780 3722 lsmaelitae
2806 3666 3165 3737 negotiatores
3193 3677 3396 3723 stacten
3426 3677 3482 3722 et

1897 3760 2187 3832 thymiama
2205 3802 2220 3826 ,
2251 3769 2305 3815 et
2335 3759 2567 3814 resinam
2591 3799 2605 3825 ,
2633 3775 2752 3828 quzt:
2779 3760 3018 3813 nascitur
3042 3759 3093 3811 in
3121 3759 3318 3814 Galaad
3344 3759 3477 3832 (Jer.

1898 3851 1974 3922 8),
2001 3861 2056 3905 et
2077 3861 2254 3905 cutem
2286 3849 2597 3903 vulneribus
2625 3849 2864 3913 obducit,
2897 3848 3162 3919 Egyptiis
3189 3849 3437 3904 deferunt
3463 3869 3479 3906 :

1902 3951 2169 4009 tantaeque
2199 3940 2470 3998 felicitatis
2490 3948 2635 4002 sunt,
2665 3947 2720 3992 ut
2741 3947 2923 3993 emant
2948 3949 3003 3992 et
3026 3939 3256 3992 vendant
3282 3939 3480 4011 Ioseph

1905 4031 2056 4102 (Gen.
2089 4028 2204 4101 57),
2245 4040 2300 4085 et
2329 4027 2734 4083 mercimonium
2765 4043 2953 4083 eorum
2991 4027 3138 4083 salus
3176 4029 3356 4083 mundi
3389 4030 3478 4083 sit.

1903 4125 2066 4180 Docet
2103 4121 2369 4191 ct‘jEsopi
2408 4119 2620 4188 fabula,
2653 4120 2868 4190 plenum
2909 4119 3079 4176 muris
3109 4130 3346 4176 ventrem
3390 4135 3485 4190 per

1901 4223 2184 4284 angustum
2215 4211 2456 4267 foramen
2482 4211 2667 4282 egredi
2697 4227 2801 4267 non
2834 4212 3034 4268 valere.

1973 4307 2028 4361 4.
2049 4305 2192 4375 Ergo
2215 4303 2499 4359 Nebridius
2530 4318 2681 4358 meus
2709 4303 2948 4373 quotidie
2985 4303 3110 4368 illud
3151 4304 3434 4359 revolvens
3463 4320 3479 4355 :

1910 4417 1930 4450 ι
1962 4398 2063 4466 Qui
2085 4395 2479 4452 voluntdivites
2510 4395 2628 4449 fieri
2649 4437 2664 4462 ,
2698 4395 2940 4450 incidunt
2967 4395 3019 4449 in
3049 4396 3398 4451 tentationem
3424 4405 3478 4449 ct

1904 4493 2153 4562 laqueum
2179 4487 2399 4554 diaboli,
2433 4496 2489 4544 et
2511 4487 2778 4542 desideria
2813 4487 2974 4542 multa
3003 4506 3020 4539 ι
3059 4487 3133 4559 (1.
3164 4486 3297 4542 Tim.
3327 4487 3378 4542 6.
3399 4486 3481 4557 9).

1904 4582 2172 4655 Quidquid
2200 4591 2255 4637 et
2285 4581 2626 4651 Imperatoris
2659 4579 2868 4650 largitio
2888 4621 2902 4646 ,
2951 4589 3006 4634 et
3037 4579 3257 4633 honoris
3289 4579 3479 4632 insula:

1903 4674 2182 4740 dederant,
2203 4673 2254 4726 in
2283 4686 2412 4727 usus
2435 4686 2726 4742 pauperum
2743 4669 3074 4724 conferebat.
3093 4667 3324 4722 Noverat
3345 4669 3487 4721 enim

1904 4782 1934 4821 a
1976 4767 2202 4821 Domino
2236 4779 2357 4820 esse
2396 4772 2756 4834 praeceptum:
2780 4760 2873 4814 «Si
2907 4759 2988 4812 vis
3027 4757 3296 4826 perfectus
3335 4771 3490 4822 esse,

1905 4861 2060 4926 vade,
2086 4858 2261 4915 vende
2284 4857 2462 4912 omnia
2493 4869 2614 4923 qua:
2641 4853 2810 4907 habes
2832 4892 2847 4916 ,
2869 4861 2923 4905 et
2942 4850 3008 4904 da
3042 4849 3364 4919 pauperibus
3390 4891 3402 4912 ,
3430 4858 3485 4903 ct

1905 4955 2050 5020 veni,
2073 4968 2300 5022 sequere
2327 4965 2440 5004 me»
2469 4947 2683 5019 (Matth.
2710 4945 2918 5014 l9.2l).
2951 4943 3017 4998 Et
3047 4943 3167 5013 quia
3193 4943 3328 4996 hanc
3358 4957 3481 4996 scn-

1907 5046 2126 5100 tentiam
2156 5041 2383 5112 implere
2411 5055 2516 5094 non
2541 5047 2768 5107 poterat,
2805 5036 3006 5089 habens
3029 5048 3248 5088 uxorem
3279 5042 3333 5087 et
3361 5048 3486 5101 par-

1908 5138 2060 5191 vulos
2083 5135 2299 5198 liberos,
2327 5141 2379 5187 et
2402 5129 2621 5184 multam
2653 5127 2908 5182 familiam
2935 5167 2948 5191 ,
2978 5124 3206 5180 faciebat
3225 5125 3327 5179 sibi
3355 5124 3490 5177 ami-

1977 5267 2037 5331 (b)
2076 5263 2362 5332 Legendum
2391 5259 2648 5332 operibus,
2675 5268 2730 5332 ut.
2755 5259 2951 5332 quidam
2993 5257 3129 5332 Mss.‘
3151 5259 3254 5332 nso
3276 5256 3496 5332 viciario

1911 5319 2041 5380 teste
2065 5319 2298 5383 retinent,
2319 5333 2369 5374 et
2391 5323 2572 5384 liquido
2593 5319 2857 5384 constagt'e}
2881 5319 3079 5384 Daniel.
3098 5319 3292 5384 2349.3
3311 5319 3497 5384 (hausti-

1911 5377 2004 5441 tuit
2025 5377 2461 5438 Nabuchodonosm‘
2505 5395 2654 5445 super
2696 5377 2906 5445 091$le
2951 5381 3209 5445 provincia:
3247 5378 3497 5429 Babilonis

1911 5451 2140 5562 Sf'drach,
2167 5447 2362 5507 Misach,
2393 5453 2444 5495 et
2466 5441 2746 5505 Abd'euago.
2772 5460 2794 5487 ι
2825 5441 3002 5510 Escusi
3041 5449 3204 5491 tamen
3236 5454 3410 5491 omnes
3441 5447 3494 5488 et.

1915 5531 1944 5562 υ
1966 5515 2136 5562 erioue
2171 5523 2316 5559 manu
2358 5506 2544 5556 exarati
2581 5504 2780 5562 habent,
2805 5501 2990 5562 opibus,
3015 5503 3089 5553 sic
3127 5500 3254 5553 forte
3278 5503 3342 5552 ab
3363 5515 3492 5550 ama-

1914 5500 2142 5579 pierique
2171 5523 2316 5559 manu
2350 5500 2544 5570 exarati
2581 5500 2990 5579 habiantpopibus,
3015 5503 3089 5553 sic
3127 5500 3254 5553 forte
3278 5503 3342 5552 ab
3363 5515 3492 5550 ama-

1915 5565 2086 5626 nuensi
2114 5572 2387 5622 litterarum
2410 5565 2697 5629 Compendio
2718 5565 2966 5629 scriptum.

1983 5623 2042 5701 (ὲ)
2081 5634 2256 5686 (letifer
2287 5623 2664 5701 Commentarios
2699 5629 2748 5701 in
2788 5623 3065 5701 llatthaeum
3087 5641 3190 5690 cap.
3225 5627 3296 5678 19.
3322 5625 3414 5678 sub
3438 5623 3494 5672 ti.

1921 5689 2051 5762 nem,
2082 5707 2132 5750 et
2155 5708 2263 5760 quae
2287 5696 2335 5744 in
2359 5706 2470 5744 eum
2493 5690 2648 5740 locum
2671 5689 2968 5739 adnotantes.
