4056 6184
616 212 726 271 737.

617 339 713 380 cos
755 324 824 381 de
871 326 1049 396 iniquo
1104 338 1363 388 mamona,
1387 323 1474 395 qui
1505 337 1562 380 se
1589 327 1883 396 reciperent
1906 329 1958 382 in
1987 339 2186 385 mterna

619 416 958 470 tabernacula
987 416 1136 486 (Luc.
1165 414 1274 484 i6).
1295 413 1403 469 Nec
1420 415 1586 470 semel
1604 415 1883 484 abjiciebat
1897 420 2184 486 sarcinam,

616 507 757 574 quod
787 507 1019 561 fecerunt
1044 503 1285 572 Apostoli
1305 543 1320 569 ,
1346 513 1552 574 patrem
1577 546 1593 573 ,
1627 517 1742 612 rete
1765 547 1780 572 ,
1809 517 1864 562 et
1883 509 2186 612 naviculam

617 596 974 663 relinquentes
995 591 1017 665 (
1036 591 1236 662 ld.5):
1269 594 1360 650 sed
1389 611 1454 652 ex
1500 599 1823 666 :equalitate,
1852 599 2078 654 aliorum
2100 600 2184 655 in-

614 685 749 752 opia:
763 698 912 736 suam
928 682 1303 737 abundantiam
1323 687 1771 756 communicabat,
1787 698 1842 744 ut
1865 700 2048 758 postea
2064 691 2184 745 illo-

613 787 727 826 rmn
747 771 948 825 divitia:
969 813 986 839 ,
1019 771 1176 842 hujus
1202 774 1544 845 indigentiam
1572 788 1932 835 sustentarent
1961 781 2034 851 (Ξ.
2060 779 2182 836 Cor.

610 862 687 931 8).
715 861 822 918 Scit
846 864 980 932 ipsa,
1003 865 1086 918 cui
1115 864 1328 934 libellus
1353 866 1442 922 hic
1467 869 1718 924 scribitur
1737 910 1751 935 ,
1781 887 1865 926 me
1892 887 1998 926 non
2033 883 2180 940 nota,

609 952 702 1006 sed
728 953 906 1008 audita
946 969 1168 1011 narrare
1193 974 1208 1010 :
1241 973 1339 1013 nec
1363 974 1426 1014 ex
1467 960 1645 1030 aliquo
1674 962 1725 1016 in
1756 979 1842 1018 me
1872 964 2130 1019 beneﬁcio
2159 1003 2176 1031 ,

606 1044 922 1114 scriptorum
955 1062 1103 1102 more
1127 1047 1459 1117 Graecorum,
1486 1054 1706 1122 gratiam
1730 1055 1902 1124 lingua
1932 1057 2178 1112 reddere.

607 1132 800 1189 Procul
830 1150 861 1188 a
889 1134 1206 1193 Christianis
1226 1141 1322 1194 ista
1346 1144 1600 1212 suspicio.
1641 1163 1660 1195 ι
1698 1146 1960 1200 Habentes
1983 1149 2180 1202 victum

605 1231 664 1282 et
689 1225 937 1280 vestitum
957 1267 973 1294 ,
994 1227 1076 1282 bis
1099 1231 1334 1286 contenti
1355 1247 1541 1288 sumus
1575 1252 1592 1286 ι
1627 1234 1706 1307 (ι.
1735 1235 1864 1292 Tim.
1889 1237 1941 1292 6.
1967 1237 2046 1306 8).
2077 1238 2178 1293 Ubi

605 1315 711 1370 vile
737 1317 1033 1372 olusculum
1057 1360 1073 1385 ,
1105 1329 1160 1376 et
1179 1322 1409 1377 cibarius
1435 1327 1584 1393 panis
1603 1367 1620 1393 ,
1650 1335 1704 1380 et
1731 1328 1879 1382 cibus
1917 1339 2199 1400 potusque

604 1405 914 1476 moderatus
943 1410 1060 1465 :ibi
1091 1412 1292 1468 divitia;
1316 1429 1694 1482 supervacuae,
1721 1418 1790 1472 ibi
1813 1419 1957 1472 nulla
1989 1421 2180 1477 adula-

607 1496 698 1560 tio,
730 1514 846 1566 qua:
876 1500 956 1554 vel
989 1503 1257 1573 prazcipue
1282 1503 1511 1559 fructum
1546 1510 1782 1576 respicit.
1829 1509 1905 1564 Ex
1933 1526 2039 1580 quo
2067 1514 2180 1588 col-

605 1583 785 1652 ligitur
813 1629 828 1653 ,
871 1587 1028 1645 ﬁdele
1067 1606 1188 1647 esse
1231 1594 1629 1663 testimonium,
1663 1599 1804 1667 quod
1833 1616 2027 1656 causas
2071 1617 2179 1658 non

605 1673 768 1729 habet
788 1680 1098 1735 mentiendi.

675 1764 821 1819 5.Ac
844 1781 910 1821 ne
938 1770 1056 1838 quis
1080 1779 1228 1839 putet
1253 1788 1341 1828 me
1361 1775 1504 1831 solas
1533 1777 1584 1832 in
1610 1778 1860 1835 Nebridio
1887 1786 2177 1853 pra-dicare

604 1855 1005 1929 cleemnsynas,
1037 1877 1336 1933 quanquam
1381 1877 1435 1921 et
1485 1868 1581 1923 has
1608 1873 1912 1928 exercuisse
1951 1876 2021 1931 sit
2063 1894 2179 1932 ma-

602 1960 784 2013 gnum,
805 1947 871 2002 de
889 1950 1080 2018 quibus
1094 1951 1316 2009 dicitur:
1345 1975 1364 2008 ‹
1387 1958 1681 2029 Sicutaqua
1700 1964 1958 2034 extinguit
1975 1967 2172 2036 ignem,

602 2038 673 2090 ita
698 2040 1032 2110 eleemosyna
1054 2043 1311 2114 extinguit
1330 2061 1604 2116 peccatum
1631 2071 1649 2102 ι
1672 2051 1857 2124 (Ecrli.
1882 2057 1934 2111 5.
1959 2058 2072 2128 55),
2104 2059 2170 2114 ad

600 2139 820 2184 caeteras
847 2132 1066 2188 virtutes
1089 2135 1205 2204 ejus
1234 2144 1466 2207 veniam,
1490 2157 1622 2212 quas
1643 2146 1880 2217 singulas
1908 2150 1959 2203 in
1990 2153 2172 2216 paucis

598 2217 902 2275 hominibus
927 2221 1402 2292 deprehendimus.
1429 2232 1557 2299 Quis
1588 2235 1858 2292 fornacem
1887 2243 2027 2310 regis
2053 2243 2166 2296 Ba-

596 2307 798 2377 hylouii
823 2311 939 2367 sine
959 2314 1239 2372 adustione
1265 2319 1532 2390 ingressus
1557 2325 1856 2399 est?(l)au.
1884 2307 1971 2402 3.)
2000 2333 2166 2400 Cujus

595 2397 947 2455 adolescentis
988 2403 1233 2475 {Egyptia
1281 2409 1495 2466 domina
1548 2397 1762 2483 pallium
1813 2437 1917 2476 non
1951 2397 2170 2482 tenuit?

598 2485 749 2554 (Gen.
777 2488 894 2557 39.)
936 2493 1062 2560 Qua:
1091 2513 1226 2552 uxor
1247 2500 1264 2569 (
1285 2504 1351 2571 (ι)
1381 2504 1618 2560 Eunuchi
1652 2509 1826 2565 nullos
1853 2525 2004 2568 creat
2031 2516 2168 2572 li'oe-

596 2592 684 2631 ros
757 2579 916 2652 502
995 2586 1263 2656 voluptate
1290 2600 1552 2648 transacta
1573 2597 1778 2665 ?Quem
1797 2600 2066 2659 hominum
2080 2607 2181 2660 di-e

593 2674 823 2738 sputatio
865 2675 952 2729 illa
996 2692 1102 2732 non
1149 2689 1386 2737 terreat:
1425 2705 1443 2737 ι
1482 2687 1646 2744 Video
1688 2693 1846 2748 aliam
1895 2697 2062 2766 legem
2113 2701 2166 2756 in

591 2762 850 2818 membris
871 2767 1020 2830 meis,
1052 2784 1438 2840 repugnantem
1464 2777 1564 2847 legi
1590 2785 1787 2837 mentis
1809 2801 1966 2854 mete,
1996 2798 2048 2844 et
2076 2805 2166 2845 ca-

590 2851 790 2920 ptivum
810 2870 894 2910 me
912 2857 1192 2916 ducentem
1222 2863 1274 2916 in
1300 2864 1416 2934 lege
1443 2871 1665 2937 peccati,
1683 2889 1803 2943 qua:
1824 2878 1976 2932 estin
2005 2896 2165 2936 mem-

589 2942 699 2996 bris
729 2945 886 3000 meis?
909 2968 928 3000 ο
960 2951 1135 3019 (Itoni.
1161 2953 1210 3006 7.
1235 2954 1306 3010 25
1332 2956 1354 3026 )
1382 2957 1570 3014 Mirum
1602 2942 1745 3018 dictu
1771 2977 1854 3022 est
1881 3009 1897 3036 ,
1929 2973 2162 3030 nutritus

587 3035 640 3089 in
686 3039 882 3106 palatio
903 3082 918 3107 ,
950 3046 1348 3116 contubernalis
1373 3062 1427 3108 et
1453 3057 1849 3129 condiscipulus
1881 3066 2160 3137 Augusto-

585 3142 700 3180 rum
728 3128 976 3201 [Arcadii
1017 3145 1072 3191 et
1101 3139 1390 3216 Honorii],
1417 3162 1644 3216 quorum
1671 3128 1870 3211 mensa:
1891 3128 2161 3220 ministrat

582 3217 726 3272 orbis
745 3259 762 3286 ,
791 3231 847 3276 et
871 3233 1025 3281 terrae
1047 3244 1110 3283 ac
1137 3233 1302 3287 maria
1347 3239 1613 3306 serviunt,
1649 3242 1787 3300 inter
1833 3263 2013 3305 rerum
2037 3268 2156 3308 omo

582 3307 728 3361 nium
756 3310 1165 3384 abundantiam,
1199 3321 1252 3374 in
1283 3325 1453 3391 primo
1481 3332 1652 3386 aetatis
1685 3332 1816 3391 flore
1845 3348 2004 3396 tanta:
2060 3359 2157 3401 ve-

583 3398 851 3453 recundia:
880 3402 996 3467 fuit,
1030 3414 1085 3460 ut
1109 3409 1418 3478 virginalem
1443 3418 1696 3484 pudorem
1724 3426 1982 3496 vinceret,
2007 3441 2157 3489 et‘ne

582 3486 755 3542 levem
788 3491 1004 3558 quidem
1029 3496 1248 3554 obsceni
1279 3508 1510 3560 rumoris
1540 3509 1592 3563 in
1619 3528 1678 3566 se
1703 3513 1934 3572 fabulam
1965 3523 2145 3580 daret.

582 3577 787 3634 Deinde
814 3597 1224 3654 purpuratorum
1247 3595 1592 3667 propinquos,
1623 3605 1801 3660 socius
1821 3649 1836 3674 ,
1868 3577 2150 3670 consobri;

582 3686 683 3726 nus
703 3712 719 3739 ,
751 3674 938 3732 iisdem
969 3693 1090 3736 cum
1113 3685 1372 3744 ambobus
1398 3692 1588 3748 studiis
1609 3699 1849 3757 eruditus
1878 3704 1899 3776 (
1915 3721 2032 3775 qua)
2062 3725 2150 3766 res

581 3766 740 3820 etiam
783 3780 1127 3830 externorum
1157 3789 1364 3836 mentes
1391 3784 1494 3840 sibi
1523 3791 1798 3863 conciliat)
1831 3811 1936 3850 non
1961 3809 2041 3853 est
2071 3801 2152 3856 in-

578 3855 735 3912 ﬂatus
759 3863 1009 3932 superbia
1035 3907 1050 3930 ,
1077 3882 1179 3924 nec
1205 3881 1430 3928 caeteros
1458 3875 1704 3936 homines
1728 3884 1952 3942 adducta
1976 3891 2148 3949 fronte

575 3955 930 4022 contempsit:
960 3958 1055 4012 sed
1097 3964 1305 4019 cunctis
1369 3971 1649 4038 amabilis,
1695 3976 1840 4046 ipsos
1882 3983 2151 4055 principes

573 4041 791 4097 amabat
815 4053 872 4098 ut
895 4044 1114 4114 fratres,
1143 4057 1498 4114 venerabatur
1521 4072 1578 4116 ut
1604 4041 1852 4125 dominos
1926 4082 1980 4128 et
2005 4041 2150 4132 inil-

574 4130 751 4185 lorum
787 4134 993 4204 salute,
1037 4154 1188 4196 suam
1215 4146 1442 4203 salutem
1473 4155 1698 4234 positam
1727 4159 2012 4219 fatebatur.
2045 4167 2142 4222 Mi-

573 4220 772 4277 nistros
795 4233 969 4280 autem
993 4242 1201 4298 eorum,
1223 4244 1278 4290 et
1305 4239 1607 4300 universum
1635 4229 1877 4307 ordinem
1928 4257 2126 4324 palatii,

572 4325 681 4380 quo
704 4315 897 4385 regalis
923 4316 1288 4390 frequentatur
1313 4331 1553 4401 ambitio,
1577 4338 1658 4392 sic
1679 4341 1780 4394 sibi
1802 4315 2027 4401 caritate
2049 4363 2140 4402 so-

572 4399 759 4470 ciarat,
787 4414 844 4459 ut
867 4409 955 4476 qui
977 4413 1166 4468 merito
1187 4417 1464 4478 inferiores
1484 4436 1655 4492 erant,
1681 4431 1870 4488 ofﬁciis
1899 4450 1958 4490 se
1984 4452 2138 4504 pares

570 4495 976 4555 arbitrarentur.
1006 4503 1228 4563 Difﬁcile
1253 4509 1391 4566 factu
1419 4524 1501 4569 est
1519 4555 1534 4581 ,
1563 4519 1787 4587 gloriam
1822 4526 2016 4582 virtute
2041 4546 2134 4584 su-

569 4597 758 4653 perare
791 4604 804 4640 :
832 4598 886 4644 et
911 4591 976 4645 ab
1003 4593 1086 4648 his
1105 4595 1250 4668 diligi
1275 4641 1290 4667 ,
1327 4618 1460 4672 quos
1488 4610 1780 4674 pnecedas.
1813 4613 1939 4680 Qum
1971 4619 2126 4674 vidua

568 4690 673 4730 non
696 4677 850 4750 hujus
879 4685 1077 4738 auxilio
1099 4699 1394 4746 sustentata
1414 4696 1535 4749 est?
1561 4699 1678 4768 quis
1705 4705 1936 4771 pupillus
1959 4724 2062 4762 non
2088 4711 2140 4766 in

565 4781 633 4821 eo
652 4773 848 4839 reperit
879 4779 1111 4843 patrem?
1150 4779 1332 4836 Tutius
1358 4783 1587 4842 Orientis
1613 4791 1858 4864 Episcopi
1895 4799 1959 4852 ad
1999 4802 2140 4858 hunc

565 4861 882 4918 miserorum
911 4881 1118 4934 preces,
1137 4879 1190 4924 et
1215 4871 1564 4932 laborantium
1597 4880 1858 4940 desideria
1887 4890 2141 4948 confere-

561 4949 709 5010 bant.
739 4954 1001 5026 Quidquid
1027 4960 1094 5013 ab
1117 4960 1441 5032 hnperatore
1483 4973 1772 5042 poscebat,
1801 4978 2136 5054 eleemosyna

564 5041 616 5094 in
646 5058 928 5113 pauperes,
956 5050 1182 5116 pretium
1207 5056 1562 5126 captivorum,
1584 5064 1949 5125 misericordia
1982 5073 2032 5127 in
2057 5074 2136 5129 af-

562 5132 737 5190 ﬂictos
761 5146 898 5191 erat.
945 5139 1095 5196 Unde
1120 5154 1175 5199 et
1205 5145 1304 5216 ipsi
1329 5150 1608 5224 Principes
1650 5158 1878 5217 libenter
1905 5176 2133 5233 praesta-

622 5333 894 5433 ξρπξςξξξξε.
899 5339 1276 5433 iiTgliEaliiorem
1283 5358 1582 5433 sententiam
1604 5363 1674 5433 sic
1690 5364 1835 5427 vulgo
1853 5371 2097 5433 explicant
2119 5389 2132 5423 :

558 5396 912 5454 qum'Eunuchi
937 5396 1058 5451 uiror
1080 5414 1156 5458 est
1176 5445 1189 5469 ,
1203 5396 2131 5494 ’έίίιίὶἷὲόῡιῖὶῖιιί

559 5453 669 5494 aliis
691 5458 809 5494 viris
830 5459 1146 5494 allnﬁunnm..-
1183 5478 1233 5494 ..ο
1262 5473 1440 5494 ειμι---
1468 5492 1508 5494 ,η
1583 5490 1591 5494 .
1609 5483 1632 5494 η
1656 5485 1706 5494 η.
1761 5489 1772 5494 -

559 5453 669 5549 :"is
691 5458 809 5549 νίξῑε
830 5453 1163 5549 ’ἀηδίκςεφέξ
1176 5453 1445 5542 iniisse;
1461 5453 2130 5549 ἐδέξῖῖὸῐνῑϊὲξξξιξδέεὶζέε

592 5527 728 5549 .Ilnllt'
768 5531 780 5549 I
808 5529 987 5549 nnmnn
1029 5537 1122 5549 nn...
1165 5544 1232 5549 ---
1262 5545 1306 5549 ,ῃ
1344 5537 1354 5546 ι
1398 5537 1422 5549 ο-

1074 5512 1163 5525 -.τ-ν
1187 5512 1237 5518 --
1259 5512 1374 5523 "vv.
1387 5512 1440 5524 vo
1461 5512 1502 5526 ιιι
1515 5512 1623 5530 ovs:
1651 5512 1806 5536 UUVIU
1829 5512 1957 5542 Cllllll

559 5512 780 5586 Eunuchi
808 5529 988 5584 nomen
1013 5523 1122 5594 heic
1145 5530 1233 5578 loci
1257 5537 1507 5598 accipitur,
1532 5555 1626 5590 non
1661 5558 1752 5605 eo,
1786 5562 1883 5610 quo
1919 5555 2132 5618 dignitas

559 5584 666 5618 cum
704 5582 880 5618 firmus
918 5580 1086 5618 lthlllu
1123 5589 1170 5618 ί..
1210 5591 1356 5618 ιιι-ηε..
1395 5599 1495 5618 ---ι-
1544 5605 1576 5618 -·
1651 5606 1694 5618 ϊ
1755 5614 1764 5618 ι

766 5575 778 5586 ο
839 5576 848 5584 -
1015 5583 1024 5591 .
1049 5584 1059 5594 .
1148 5575 1232 5578 "'-
1259 5575 1507 5598 “'v'r'-“"r
1533 5575 1626 5590 ιιυι·
1661 5575 1752 5605 συ,
1786 5575 1883 5610 quu
1919 5575 2126 5618 ulgnttas

558 5584 666 5618 eum
704 5582 880 5634 prtnns
918 5580 1091 5654 nobilis
1123 5589 1170 5636 in
1210 5591 1359 5659 Regis
1394 5599 1499 5648 aula
1539 5605 1864 5668 signiﬁcatur;
1889 5621 1941 5664 οι
1981 5632 2126 5680 quem

558 5643 734 5680 reapse
760 5634 963 5680 praefert
983 5637 1255 5680 Putnam...
1299 5668 1440 5680 .........
1464 5661 1555 5680 ηε.--
1673 5666 1717 5680 ..
1751 5674 1761 5680 .
1833 5673 1842 5680 .

558 5643 734 5691 reapse
758 5634 963 5694 praefert
983 5634 1889 5723 mephitris‘fiiaaiii'Eiini’iiiil'iiﬁiiiiii.

1914 212 2151 270 SANCTI
2192 214 2442 270 lllEllON
2454 215 2566 272 YMI

3780 238 3895 292 79.8

2295 331 2438 398 bant,
2481 331 2622 402 quod
2664 334 2924 405 sciebant,
2974 353 3084 394 non
3123 342 3247 408 uni,
3276 342 3368 400 sed
3411 347 3654 418 pluribus
3695 354 3889 410 indul-

2293 421 2426 490 geri.

2362 513 2417 568 6.
2449 512 2584 582 Quid
2633 517 2768 573 ultra
2813 519 3155 580 differimus?
3219 527 3397 585 Omnis
3457 549 3577 590 caro
3652 541 3882 610 imarum,

2292 613 2339 657 et
2364 608 2526 661 euntis
2550 610 2713 678 gloria
2740 613 2847 682 ejus
2875 616 3024 682 quasi
3048 617 3147 686 ﬂos
3177 622 3299 691 [nam
3339 622 3389 694 (1
3403 627 3497 679 sai.
3529 628 3621 684 ιο.
3655 608 3739 700 ﬁ).
3769 608 3884 690 Re;

2291 709 2440 750 versa
2469 707 2552 753 est
2579 709 2716 754 terra
2744 703 2796 757 in
2825 713 3019 760 terram
3043 723 3195 765 suam
3220 730 3234 765 :
3259 713 3509 772 dormivit
3534 720 3584 774 in
3618 722 3878 795 Domino,

2290 795 2345 840 et
2381 789 2654 856 appositus
2684 801 2767 846 est
2801 795 2867 849 ad
2916 807 3092 866 patres
3131 815 3259 855 suos
3281 844 3298 869 ,
3339 805 3532 874 plenus
3571 810 3780 868 dierum
3809 834 3878 873 ac

2291 873 2508 934 luminis
2537 921 2552 942 .
2586 891 2638 936 et
2685 885 2916 941 nutritus
2958 888 3010 941 in
3052 902 3329 948 senectute
3371 897 3535 955 bona.
3562 900 3687 957 Cani
3721 907 3871 962 enim

2290 963 2521 1024 hominis
2559 982 2684 1026 sunt
2711 974 2973 1044 sapientia
3002 979 3118 1049 ejus
3150 983 3310 1054 (Sap.
3339 986 3418 1057 4).
3460 989 3515 1043 In
3540 991 3684 1048 brevi
3707 1006 3874 1054 mtate

2291 1063 2528 1128 tempora
2555 1064 2720 1118 multa
2751 1069 3056 1137 complevit.
3091 1072 3363 1132 Tenemus
3390 1095 3486 1149 pro
3513 1099 3578 1138 eo
3613 1086 3868 1145 dulcissi-

2289 1161 2406 1202 mos
2437 1149 2651 1206 liberos.
2681 1150 2830 1211 Uxor
2853 1160 3008 1215 heres
3038 1165 3304 1232 pudicitia:
3345 1173 3454 1242 (ο)
3499 1178 3731 1243 pretium
3762 1193 3866 1236 est.

2287 1236 2570 1297 Nebridius
2600 1248 2785 1316 pusio,
2816 1261 3019 1318 patrem
3051 1236 3412 1327 qmerentibus
3433 1236 3674 1325 exhibet.

2360 1330 2450 1386 Sic
2481 1337 2652 1392 oculos
2671 1381 2684 1404 ,
2713 1342 2784 1394 sic
2806 1343 2893 1398 ille
2918 1362 3096 1402 manus
3114 1391 3129 1415 ,
3177 1353 3251 1405 sic
3279 1371 3370 1408 ora
3399 1359 3586 1428 ferebat
3609 1363 3863 1435 (ιΕιιείά.

2287 1421 2375 1475 lib.
2395 1424 2470 1492 5).
2490 1424 2728 1484 Scintilla
2751 1433 2946 1504 vigoris
2969 1448 3172 1507 paterni
3203 1443 3345 1502 lucet
3372 1421 3424 1503 in
3451 1449 3561 1506 ﬁlio
3585 1421 3682 1510 :‘et
3715 1460 3864 1514 simi-

2285 1509 2453 1567 litudo
2485 1533 2690 1573 morum
2716 1539 2812 1592 per
2837 1530 3114 1596 speculum
3143 1537 3320 1590 carnis
3344 1552 3654 1612 erumpens.
3702 1548 3864 1623 503

2297 1602 2330 1623 ,ν
2455 1619 2465 1623 _
2622 1614 2632 1623 .

3503 1602 3518 1612 .
3703 1602 3859 1623 vi“

2284 1602 2520 1676 Ingentes
2547 1614 2742 1669 animos
2771 1630 2986 1688 augusto
3029 1623 3080 1676 in
3117 1637 3316 1695 pectore
3356 1644 3518 1688 versat
3545 1637 3756 1710 (Georg.
3783 1647 3859 1713 4).

3549 1694 3562 1706 .
3705 1694 3752 1710 ,ν
3791 1694 3858 1713 'I‘

2285 1694 2531 1768 Jungitur
2559 1704 2606 1756 ei
2627 1719 2879 1773 germana
2901 1751 2916 1774 ,
2947 1728 3185 1770 rosarum
3223 1730 3276 1774 ct
3305 1721 3537 1780 liiiorum
3561 1731 3812 1789 calathus
3843 1778 3858 1802 ,

2281 1790 2460 1843 eboris
2487 1795 2726 1865 ostriquc
2755 1804 3156 1861 commercium.
3185 1808 3272 1865 Sic
3289 1814 3450 1870 refert
3478 1833 3573 1875 ore
3601 1834 3807 1891 patrem
3833 1869 3852 1892 ,

2285 1888 2340 1932 ut
2380 1881 2444 1934 ad
2475 1896 2804 1943 venustatem
2836 1898 3152 1964 propensior
3192 1902 3281 1956 sit.
3313 1904 3400 1961 Sic
3429 1919 3652 1967 matrem
3693 1917 3856 1973 mixta

2283 1971 2450 2042 pingit
2497 1975 2882 2051 similitudine,
2923 1995 2979 2041 ut
3027 1989 3080 2044 in
3137 2008 3244 2048 uno
3295 2013 3523 2069 corpore
3572 2015 3858 2080 utrumque

2278 2074 2555 2130 agnoscas.
2588 2067 2664 2121 lta
2697 2073 2874 2127 suavis
2906 2085 2988 2130 cst
3009 2119 3024 2143 ,
3069 2091 3121 2133 et
3168 2067 3422 2142 mellitula
3449 2132 3464 2154 ,
3501 2104 3558 2147 ut
3586 2067 3856 2158 honor-sit

2278 2154 2517 2210 (nnnium
2549 2163 2993 2233 propinquorum.
3024 2171 3172 2228 Hanc
3201 2184 3384 2236 tenere
3407 2198 3510 2238 non
3535 2186 3855 2261 dedignatur

2277 2244 2544 2316 Augustus
2575 2267 2589 2303 :
2623 2253 2758 2311 hanc
2787 2256 2970 2316 fovere
3001 2264 3031 2331 -(
3055 2265 3121 2336 c)
3149 2267 3200 2322 in
3229 2273 3348 2328 sinu
3377 2275 3582 2348 Regina
3615 2283 3846 2345 laetatur.

2276 2336 2528 2396 Certatim
2557 2344 2624 2399 ad
2655 2362 2712 2401 se
2738 2366 2926 2407 omnes
2955 2358 3186 2426 rapiunt.
3217 2363 3420 2422 Pendet
3441 2336 3504 2424 evx
3529 2375 3675 2430 collo
3700 2419 3714 2443 ,
3741 2379 3853 2436 ha:-

2275 2440 2356 2483 ret
2386 2432 2439 2486 in
2462 2433 2692 2494 brachiis
2713 2442 3062 2512 singulorum.
3092 2450 3312 2510 Carrula
3339 2468 3500 2531 atque
3527 2465 3847 2542 balbutiens,

2277 2517 2463 2542 12.-,---..
2496 2525 2567 2542 ,ην
2666 2531 2675 2538 ο
2818 2532 2842 2542 ι.
2917 2536 2927 2542 .
2973 2537 2983 2542 -
3026 2540 3033 2542 .

2276 2517 2467 2589 lingua:
2488 2525 2783 2586 offensione
2813 2532 2870 2588 ﬁt
2896 2536 3122 2599 dulcior.

2348 2610 2398 2663 7.
2435 2612 2610 2670 Habes
2651 2618 2809 2687 igitur
2831 2664 2846 2688 ,
2871 2624 3118 2697 Salvina,
3145 2649 3279 2704 quos
3350 2644 3553 2701 nutrias
3576 2688 3593 2715 ,
3627 2651 3680 2705 in
3722 2657 3838 2724 qui-

2274 2696 2370 2753 bus
2414 2703 2579 2759 rirum
2627 2709 2900 2769 absentem
2947 2727 3128 2777 tenere
3174 2735 3224 2778 te
3252 2731 3454 2786 credas.
3493 2735 3624 2792 Ecce
3665 2696 3800 2797 here-

2271 2789 2404 2844 ditas
2436 2792 2657 2865 Domini,
2681 2801 2782 2868 ﬁlii
2808 2822 3013 2876 merces,
3042 2815 3238 2882 fructus
3264 2822 3582 2894 ventris(Ps.
3602 2789 3638 2884 vl
3757 2789 3837 2905 :5).

3044 2881 3050 2882 ,
3466 2881 3479 2894 ι
3620 2881 3636 2884 ‘
3653 2881 3738 2887 —"
3763 2881 3837 2905 'I'

2270 2881 2375 2938 Pro
2401 2901 2507 2941 uno
2534 2889 2749 2950 homine
2773 2897 2909 2954 duos
2937 2901 3078 2959 filios
3107 2913 3354 2980 recepisti
3377 2955 3392 2981 ,
3421 2929 3610 2975 auctus
3635 2935 3714 2978 est
3741 2943 3837 2980 nu.

2269 2987 2450 3028 merus
2476 2979 2731 3037 caritatis.
2764 2985 3032 3060 Quidquid
3057 2979 3289 3054 debebas
3320 2979 3549 3076 marito,
3583 3014 3751 3071 redde
3782 3020 3839 3071 li-

2268 3060 2374 3115 liis.
2415 3065 2614 3124 Amore
2657 3079 3000 3141 prtcsentinm
3043 3087 3279 3144 absentis
3333 3093 3659 3157 desiderium
3701 3114 3835 3161 tent-

2268 3165 2418 3222 pera.
2469 3155 2584 3214 Non
2633 3175 2713 3218 est
2744 3170 2888 3235 parvi
2915 3176 3051 3241 apud
3084 3177 3246 3235 Deum
3277 3187 3485 3255 meriti,
3527 3155 3665 3248 bene

2264 3243 2515 3303 educare.
2556 3253 2694 3308 Audi
2737 3257 3050 3326 Apostolum
3103 3243 3578 3337 commonentcm:
3615 3303 3633 3336 ι
3665 3285 3831 3345 Vidua

2263 3335 2491 3404 eligatur
2517 3359 2620 3396 non
2653 3348 2832 3404 minus
2861 3367 3124 3412 annorum
3171 3368 3443 3436 sexaginta
3471 3413 3486 3438 ,
3524 3390 3644 3443 qua:
3672 3368 3828 3438 fuerit

2263 3427 2420 3480 unius
2451 3431 2548 3484 viri
2575 3449 2740 3523 uxor,
2775 3440 2826 3493 in
2886 3443 3040 3500 bonis
3080 3453 3331 3520 operibus
3363 3459 3563 3518 habens
3595 3468 3832 3525 testimo-

2263 3517 2431 3586 nium,
2464 3523 2508 3575 si
2539 3526 2675 3581 filios
2714 3509 2984 3603 educavit,
3017 3541 3061 3593 si
3091 3541 3371 3614 hospitalis
3401 3551 3518 3620 fuit,
3547 3557 3591 3610 si
3618 3573 3830 3616 sancto-

2261 3623 2377 3662 rum
2405 3613 2568 3681 pedes
2595 3618 2759 3688 lavit,
2805 3627 2851 3678 si
2879 3626 3101 3686 afflictis
3120 3613 3458 3696 abundanter
3483 3613 3710 3714 prtebuit
3737 3695 3752 3719 ,
3785 3657 3825 3708 si

2259 3712 2417 3758 omne
2461 3719 2594 3775 opus
2640 3710 2833 3768 bonum
2888 3720 3166 3778 subsecuta
3217 3737 3299 3783 est
3327 3733 3414 3801 (1.
3454 3710 3586 3790 Τίνι.
3615 3740 3668 3794 5.
3703 3710 3756 3796 9:
3785 3756 3829 3798 et

2259 3791 2388 3863 10).
2421 3795 2654 3854 Didicisti
2683 3806 2978 3878 catalogum
3019 3813 3272 3872 virtutum
3297 3791 3506 3880 tuarum
3535 3870 3550 3894 ,
3578 3791 3829 3899 quid'de;

2258 3881 2386 3939 beas
2413 3891 2616 3946 nomini
2650 3903 2738 3949 tuo
2757 3938 2772 3964 ,
2796 3901 2988 3968 quibus
3013 3908 3220 3964 meritis
3246 3917 3538 3972 secundum
3564 3923 3828 3990 pudicitia:

2255 3976 2473 4043 gradum
2500 3983 2796 4050 possideas.
2823 3988 2932 4046 Nec
2960 4002 3011 4048 te
3035 4010 3282 4070 moveat,
3317 4007 3456 4074 quod
3485 4019 3826 4084 semgenaria

2256 4066 2484 4136 eligatur
2521 4073 2673 4128 vidua
2706 4118 2721 4143 ,
2768 4088 2822 4133 et
2847 4092 2998 4150 putes
3028 4066 3452 4152 adolescetithlas
3477 4100 3545 4156 ab
3572 4066 3827 4174 Apostolo

2254 4157 2548 4225 reprobari.
2602 4161 2668 4217 Et
2712 4176 2764 4221 te
2807 4171 2966 4228 crede
3013 4176 3136 4247 eligi
3173 4181 3242 4236 ab
3303 4200 3405 4251 eo,
3438 4191 3527 4258 qui
3558 4157 3822 4265 discipulo

3087 4243 3110 4247 _
3392 4243 3404 4251 ,
3453 4243 3472 4258 _
3520 4243 3523 4244 ν
3565 4243 3814 4265 -.-ηπ-,ν

2252 4243 2464 4304 dixerat
2493 4267 2508 4304 :
2539 4250 2704 4310 Nemo
2742 4259 3134 4320 adolescentiam
3159 4280 3298 4326 (nam
3324 4287 3612 4335 contemnat
3637 4285 3656 4352 (
3679 4284 3814 4342 Ibid.

2251 4337 2304 4390 4.
2345 4340 2408 4393 l2
2436 4349 2492 4406 );
2526 4360 2629 4400 non
2681 4353 3062 4412 continentiam
3088 4400 3104 4426 ,
3151 4363 3244 4418 sed
3292 4377 3532 4428 aetatem.

2250 4443 2436 4487 omnes
2461 4451 2579 4504 quae
2604 4449 2728 4495 ante
2753 4449 3034 4516 sexaginta
3064 4468 3232 4510 annos
3262 4458 3491 4517 viduatae
3517 4477 3644 4522 sunt
3665 4511 3680 4536 ,
3723 4472 3822 4527 hac

2253 4520 2366 4590 lege
2396 4527 2658 4595 accipient
2687 4535 2924 4590 maritos.
2961 4539 3064 4596 Sed
3088 4546 3206 4613 quia
3237 4550 3420 4606 rudem
3447 4554 3644 4613 Christi
3669 4561 3821 4616 insti-

2251 4611 2431 4666 tuebat
2461 4615 2774 4686 Ecclesiam,
2795 4633 2849 4679 et
2875 4631 3017 4683 omni
3046 4611 3220 4689 ordini
3249 4641 3582 4711 providebat,
3628 4653 3823 4716 prteci-

2249 4713 2456 4772 pneque
2487 4711 2839 4780 pauperibus,
2883 4732 3106 4787 quorum
3150 4725 3198 4780 ci
3245 4743 3370 4782 cura
3413 4748 3530 4787 cum
3573 4736 3818 4798 Barnaba

2247 4787 2422 4847 fuerat
2449 4795 2763 4857 demandata
2794 4822 2808 4869 ;
2841 4807 2957 4862 illas
2979 4814 3087 4867 vult
3109 4816 3358 4874 Ecclesia:
3383 4823 3568 4890 opibus
3593 4837 3814 4884 susten-

2247 4885 2368 4951 tari,
2387 4902 2506 4955 qua:
2535 4895 2763 4962 propriis
2785 4901 3028 4957 manibus
3053 4921 3158 4960 non
3187 4921 3384 4978 queunt
3409 4914 3668 4981 laborare,
3695 4937 3818 4990 quae

2245 4989 2370 5030 vere
2399 4977 2568 5033 vidua:
2593 4993 2750 5052 sunt,
2782 5006 2912 5057 quas
2946 5001 3001 5048 et
3038 5006 3169 5051 tetas
3192 4977 3412 5071 probat,
3441 5017 3495 5060 et
3539 5009 3663 5063 vita.
3697 5011 3816 5069 Heli

2246 5063 2507 5124 Sacerdos
2536 5073 2758 5131 offendit
2783 5079 2947 5136 Deum
2989 5085 3060 5139 ob
3098 5063 3224 5143 vitia
3269 5093 3582 5154 liberorum.
3617 5101 3758 5171 Ergo
3785 5121 3816 5162 e

2244 5160 2514 5215 contrario
2545 5165 2782 5232 placatur
2820 5170 2958 5227 Deus
2987 5175 3272 5235 virtutibus
3301 5198 3488 5240 eorum
3513 5229 3528 5253 ,
3560 5208 3579 5242 ι
3615 5192 3661 5246 si
3688 5209 3813 5262 per-

2243 5251 2537 5307 manserint
2610 5256 2770 5329 505.
2846 5262 2900 5316 in
2949 5265 3052 5321 ﬁde
3102 5280 3154 5323 et
3195 5274 3438 5342 caritate,
3458 5288 3510 5333 et
3534 5286 3816 5343 sanctitate

2242 5339 2318 5412 (ά)
2351 5356 2470 5398 cum
2501 5347 2780 5414 pudicitia:
2805 5353 2824 5423 (
2851 5355 2902 5410 1.
2930 5356 3059 5413 Tim.
3085 5361 3139 5416 2.
3170 5364 3236 5418 l5
3265 5365 3333 5433 ).‹
3362 5339 3734 5442 Οτίηιοιιιθρ,

2303 5499 2938 5588 (Ξζὲἓοξὶιέἓιιῑεῖἱίὲεξψηι
2954 5529 3074 5588 tace
3089 5518 3293 5588 ρνςειίιιηι
3306 5495 3818 5588 οπηδεα,ἀίδιρι-ςίυη-

2238 5562 2481 5632 εξερρόῳς
2513 5562 2645 5632 Uxor
2656 5569 2802 5632 [teres
2819 5562 3068 5632 pudicitiae
3087 5562 3172 5628 Eii.

2406 5625 2605 5698 aliquot
2629 5629 2740 5677 Mss.
2765 5623 3328 5698 ξηβηηίῖἑῷἇῖῆτηιην.

2306 5683 2382 5746 ((1)
2419 5683 2561 5748 Vulg.
2588 5701 2694 5739 cum
2717 5683 3005 5760 sobrietate,
3019 5683 3172 5761 quam
3185 5683 3452 5756 i'eetionem
3477 5713 3681 5773 minimc
3709 5733 3817 5783 pro-
