4056 6184
595 256 693 311 πί
725 296 734 304 ,
1894 221 2136 299 SANCTI
2177 240 2187 294 l

2300 237 2557 294 RONYMI
3773 256 3876 314 πα

597 371 710 425 bra!
737 371 1028 432 orationes,
1064 375 1115 420 nt
1143 377 1330 420 onmes
1369 359 1753 430 cogitationum
1798 355 2026 426 sagittae,
2058 354 2178 423 qui-

600 461 702 517 bus
729 459 1089 524 adolescentia
1122 452 1324 524 percuti
1350 452 1517 518 solet,
1550 447 1853 520 hujusmodi
1881 447 2068 518 clypeo
2098 459 2183 499 re-

602 519 1157 621 pellatttur.'/Diflicile
1181 551 1284 609 est,
1313 543 1443 612 quin
1469 519 1648 611 potius
1674 538 2029 608 impossibile,
2060 551 2181 606 per-

603 642 960 698 turbationum
983 635 1145 691 initiis
1163 649 1347 690 carere
1377 632 1704 704 quempiam,
1721 645 1854 701 quas
1880 628 2185 699 signiﬁcan-

602 736 705 787 tius
735 730 906 787 Grtcci
955 728 1032 802 (a)
1075 732 1362 798 πρσπαθιίας
1419 733 1612 780 vocant
1644 741 1658 776 :
1689 738 1808 790 nos,
1856 730 1917 776 ut
1962 719 2181 774 verbum

597 830 869 876 vertamus
893 835 925 875 e
952 818 1141 883 verba,
1172 819 1550 887 antepassiones
1579 827 1866 886 possumus
1893 810 2092 872 dicere,
2118 823 2183 864 eo

597 909 738 981 quod
768 909 1034 965 incentiva
1061 909 1334 974 vitiorum,
1364 907 1604 961 omnium
1634 905 1850 959 titilleut
1875 903 2106 966 animos,
2130 907 2185 954 et

603 1004 754 1074 quasi
784 1003 838 1058 in
867 1001 1163 1058 meditullio
1191 1009 1433 1055 nostrum
1453 997 1708 1068 judicium
1733 997 1822 1059 sit,
1842 995 1924 1048 vel
1953 993 2186 1063 abjicere

599 1097 826 1167 cogitata
851 1136 866 1160 ,
898 1096 983 1151 vel
1012 1093 1271 1164 recipere.
1306 1091 1456 1148 Unde
1501 1099 1555 1146 et
1585 1099 1787 1144 naturze
1829 1086 2088 1142 Dominus
2131 1083 2183 1136 in

601 1187 897 1258 Evangelio
936 1185 1255 1256 loquebatur
1285 1201 1298 1237 :
1335 1201 1354 1233 t
1396 1183 1470 1237 De
1495 1180 1659 1236 corde
1687 1186 1884 1233 exeunt
1909 1173 2187 1245 cogitatio-

602 1293 701 1332 nes
730 1277 905 1340 mala‘,
937 1274 1246 1340 homicidia,
1271 1272 1556 1338 adulteria,
1589 1269 1988 1330 lornicationes,
2022 1265 2183 1330 furta,

602 1367 734 1421 falsa
767 1365 1072 1421 testimonia
1095 1406 1109 1429 ,
1152 1364 1503 1434 blasphemia:
1537 1380 1556 1413 ι
1590 1359 1803 1433 (Matth.
1838 1359 1924 1413 15.
1965 1356 2074 1422 19).
2112 1356 2187 1409 Ex

601 1473 709 1527 qtto
731 1457 1071 1527 perspicuum
1093 1464 1194 1520 est,
1216 1455 1365 1525 juxta
1395 1454 1616 1508 alterius
1648 1451 1769 1507 libri
1799 1449 2185 1515 testimonium,

603 1548 893 1616 proclivius
916 1562 1040 1602 esse
1059 1561 1154 1602 cor
1176 1546 1413 1600 hominis
1438 1561 1466 1597 a
1497 1544 1720 1614 pueritia
1749 1543 1815 1598 ad
1840 1543 2035 1596 malum
2066 1539 2190 1613 (Ge-

604 1654 712 1692 ucs.
742 1638 796 1708 8)
825 1655 838 1692 :
871 1647 926 1693 et
954 1639 1093 1692 inter
1130 1651 1293 1704 opera
1333 1636 1514 1690 carnis
1543 1643 1598 1688 et
1624 1633 1862 1703 Spiritus,
1902 1648 2021 1699 qum
2048 1631 2192 1698 Apo-

604 1728 777 1782 stolus
793 1739 1072 1782 enumerat
1095 1726 1290 1796 (Galat.
1310 1727 1390 1794 5),
1413 1725 1640 1780 mediam
1661 1725 1892 1778 animam
1912 1721 2184 1788 ﬂuctuare,

607 1833 750 1874 nunc
776 1818 910 1883 haec,
943 1833 1086 1872 nunc
1117 1818 1205 1871 illa
1229 1817 1560 1886 cupientem.

751 1906 892 1960 Nam
919 1908 1052 1962 vitiis
1073 1923 1216 1961 nemo
1241 1909 1350 1961 sine
1379 1906 1602 1961 nascitur
1629 1920 1648 1960 :
1673 1907 1891 1976 optimus
1917 1905 2002 1960 ille
2027 1912 2118 1970 est,

753 1999 854 2067 Qui
881 1999 1102 2054 minimis
1132 2008 1333 2072 urgetur

1390 2086 1603 2161 (Horat.
1635 2085 1720 2142 lib.
1755 2087 1806 2142 1.
1839 2087 1955 2142 Sat.
1984 2087 2064 2158 5).

608 2179 754 2234 velut
778 2178 822 2234 si

643 2195 754 2235 etut
778 2195 822 2234 st

749 2271 968 2344 Egregia
989 2273 1241 2342 inspersos
1262 2271 1600 2341 reprehendas
1621 2287 1832 2341 corpore
1851 2287 2016 2328 meras

1483 2361 1646 2433 (Ibid.
1678 2363 1794 2418 Sal.
1827 2362 1905 2434 6).

610 2457 722 2512 lloc
746 2465 828 2512 est
847 2456 988 2526 quod
1016 2456 1136 2512 aliis
1157 2458 1335 2514 verbis
1360 2459 1631 2531 Propheta
1656 2460 1922 2531 signiﬁcat
1954 2478 1967 2515 :
1999 2458 2195 2513 Turba-

612 2557 691 2600 tus
711 2563 844 2611 sum,
867 2555 911 2600 et
938 2562 1038 2599 non
1076 2563 1187 2600 sunt
1225 2548 1421 2602 locutus
1452 2547 1568 2616 (Ps.
1599 2551 1685 2606 7G.
1712 2551 1789 2620 5).
1823 2551 1887 2604 Et
1918 2551 1969 2604 in
1998 2551 2187 2604 eodem

609 2629 880 2685 volumine
913 2646 927 2684 :
956 2629 1268 2697 Irascimiiti,
1298 2641 1345 2685 et
1369 2633 1523 2686 nolite
1549 2650 1759 2702 peccare
1783 2632 1899 2704 (Ps.
1933 2634 1986 2687 ι.
2010 2634 2089 2703 5).
2124 2632 2193 2687 Et

610 2719 739 2775 illttd
764 2721 996 2776 Architre
1016 2719 1290 2778 Tarentini
1307 2721 1372 2776 ad
1397 2722 1631 2777 villicum
1657 2723 2011 2794 negligentem
2038 2741 2052 2778 :
2075 2722 2193 2778 Jam

609 2819 664 2866 te
690 2811 1002 2867 verberibus
1027 2827 1356 2879 enecassem,
1379 2814 1480 2868 nisi
1511 2813 1679 2870 iratus
1706 2829 1903 2870 essem.
1936 2813 2025 2868 Ira
2060 2815 2197 2870 enim

609 2903 708 2958 viri
751 2904 1008 2976 justitiam
1041 2903 1139 2959 Dei
1175 2921 1276 2959 non
1305 2915 1547 2976 operatur
1579 2904 1781 2975 (Iacob.
1810 2905 1902 2960 20.
1937 2905 2014 2977 1).
2042 2906 2194 2974 Quod

608 2994 678 3050 de
707 3009 809 3050 una
857 2995 1262 3066 perturbatione
1287 2995 1490 3052 dictum
1538 3006 1642 3061 est,
1671 2996 1970 3052 referamus
1995 2996 2064 3050 ad
2089 3011 2197 3052 οω-

610 3095 770 3141 teras.
805 3087 882 3157 (b)
908 3087 1068 3143 Stcur
1096 3101 1265 3143 IBASCI
1295 3086 1528 3143 hominis
1558 3097 1660 3154 est,
1694 3097 1749 3143 et
1775 3089 1907 3143 iram
1934 3103 2037 3144 non
2069 3103 2193 3158 per-

613 3179 795 3244 licere,
827 3178 1116 3234 Christiani
1141 3197 1155 3233 :
1175 3179 1255 3235 sic
1274 3180 1451 3235 omnis
1471 3195 1598 3234 caro
1625 3180 1953 3250 concupiscit
1980 3180 2194 3251 quidem

609 3283 697 3336 ea,
725 3284 846 3339 qua:
870 3271 1050 3324 carnis
1067 3279 1192 3324 sunt
1219 3285 1234 3336 ;
1259 3279 1315 3325 et
1334 3271 1651 3340 quibusdam
1680 3272 1947 3328 illecebris
1969 3273 2034 3327 ad
2062 3288 2197 3327 mor-
2232 3280 2236 3286 ‘

609 3361 1044 3416 tifcrasanimam
1073 3362 1376 3431 voluptates
1398 3363 1701 3418 trahitzsed
1748 3363 1908 3435 507
1954 3373 2196 3422 nostrum

608 3460 711 3514 est,
737 3451 1028 3519 voluptatis
1047 3450 1298 3506 ardorem
1317 3453 1519 3520 majore
1534 3451 1731 3506 Christi
1758 3468 1942 3509 amore
1967 3456 2194 3510 restrin-

608 3557 761 3612 gere,
794 3550 848 3596 et
875 3541 1160 3620 I‘asciviens
1189 3541 1280 3615 [al.
1312 3542 1542 3616 lascivia]
1567 3543 1864 3613 jumentum
1894 3545 2058 3602 frenis
2083 3548 2196 3604 ine-

613 3631 719 3687 dia:
761 3631 1048 3703 sttbjttgare
1080 3649 1094 3687 :
1128 3641 1186 3687 ut
1225 3647 1330 3687 non
1372 3633 1668 3700 libidinem,
1700 3635 1794 3689 sed
1825 3636 1970 3692 cibos
1993 3649 2196 3708 quaerat

607 3738 673 3778 ac
700 3721 990 3790 desideret,
1020 3739 1088 3778 ετ
1115 3737 1380 3780 sessonstt
1409 3722 1665 3795 Spiritum
1696 3724 1972 3795 Sanctum,
2004 3729 2193 3786 mode-

609 3825 728 3872 rato
756 3826 916 3887 atque
939 3817 1240 3887 composito
1271 3827 1450 3887 portet
1478 3819 1710 3874 incessu.

680 3909 768 3965 10.
800 3907 1068 3978 Quorsum
1097 3910 1234 3975 ista;
1267 3908 1334 3965 Ut
1354 3909 1626 3965 hominem
1653 3925 1777 3966 esse
1807 3920 1858 3966 te
1888 3914 2121 3980 noveris,
2139 3927 2194 3971 et.

608 4002 952 4072 passionibtts
973 4002 1242 4067 humanis,
1276 4001 1376 4056 nisi
1405 4003 1630 4066 caveris,
1666 4003 1964 4073 snhjacere.
2002 4005 2076 4060 De
2095 4022 2190 4061 co-

606 4095 731 4158 dem
772 4093 948 4148 cuncti
991 4092 1114 4148 facti
1143 4107 1332 4148 sumus
1359 4093 1491 4160 luto,
1527 4093 1713 4148 iisdem
1740 4097 1999 4166 compacti
2030 4112 2192 4154 exor-

605 4183 733 4239 diis.
767 4183 824 4238 ln
853 4183 1028 4238 serico
1053 4191 1109 4239 et
1152 4183 1205 4238 in
1233 4183 1425 4254 pannis
1451 4184 1638 4239 eadem
1670 4186 1832 4244 libido
1861 4188 2186 4245 dominatur.

605 4272 717 4328 Nec
738 4288 923 4343 regum
953 4287 1214 4343 purpuras
1236 4276 1407 4340 timet,
1431 4289 1529 4330 nec
1546 4275 1960 4333 mendicantium
1986 4281 2191 4349 spernit

604 4367 932 4438 squalorem.
948 4365 1219 4438 Multoque
1232 4367 1427 4424 melius
1441 4376 1543 4434 est,
1559 4371 1894 4426 stomachum
1914 4380 1964 4426 te
1981 4371 2185 4441 dolere,

604 4474 769 4526 quam
813 4468 1046 4514 mentem
1081 4459 1390 4530 :imperare
1429 4462 1674 4531 corpori,
1723 4478 1881 4532 quam
1931 4466 2136 4520 servire
2169 4483 2183 4520 :

607 4565 795 4621 gressu
842 4550 1116 4628 vacillare,
1149 4565 1308 4622 quam
1358 4552 1633 4623 pudicitia.
1676 4554 1786 4609 Nec
1826 4557 2003 4609 statim
2034 4555 2186 4612 nobis

604 4643 935 4713 pmnilentia:
963 4643 1202 4715 subsidia
1226 4644 1585 4709 blandiantur,
1609 4661 1727 4715 qua:
1745 4655 1870 4702 sunt
1892 4647 2183 4703 infelicium

601 4734 862 4791 remedia.
883 4735 1190 4792 Cavendum
1216 4745 1300 4792 est
1325 4736 1536 4803 vulnus,
1566 4736 1707 4806 quod
1732 4737 1918 4794 dolore
1944 4749 2181 4796 curatur.

599 4824 760 4880 Aliud
801 4833 904 4893 est,
935 4827 1140 4896 integra
1185 4840 1321 4881 nave
1363 4834 1419 4881 et
1457 4826 1621 4882 salvis
1651 4828 1938 4895 mcrcibus,
1973 4843 2180 4900 portum

597 4915 789 4972 salutis
815 4916 1018 4972 intrare
1044 4933 1057 4969 :
1084 4916 1251 4982 aliud,
1277 4917 1478 4972 nudum
1509 4917 1715 4973 lucrere
1746 4918 1958 4987 lttbttltl',
1986 4929 2040 4975 et
2065 4937 2184 4977 cre-

597 5007 708 5064 bris
748 5009 1006 5064 ﬂuctuum
1037 5009 1348 5065 recursibus
1371 5008 1438 5064 ad
1485 5010 1778 5078 asperrima
1820 5025 1946 5067 saxa
1978 5009 2177 5071 collidi.

594 5095 810 5155 Nesciat
825 5099 980 5155 vidua
1003 5099 1250 5169 digamite
1270 5100 1676 5173 indulgentiam,
1702 5117 1801 5158 nec
1817 5105 2024 5160 noverit
2051 5106 2178 5162 illud

657 5265 921 5380 (aniliter
940 5270 1135 5334 quidam
1151 5271 1266 5321 Mss.
1285 5278 1338 5321 et
1360 5279 1502 5322 vetus
1522 5271 1674 5322 editio
1687 5285 1867 5335 upwéh,
1890 5273 1971 5324 vel
1993 5286 2173 5338 κμςάτη.

590 5341 844 5380 mendose.

657 5390 720 5456 (b)
757 5391 876 5459 Huc
887 5391 998 5443 facit
1017 5391 1148 5455 quod
1172 5393 1346 5459 alicubi
1369 5394 1744 5459 S._Augustiuus
1764 5395 2018 5459 distinguit
2041 5398 2172 5448 inter

591 5449 760 5520 facere
782 5452 980 5520 malum,
1008 5449 1062 5504 εὶ
1085 5455 1324 5520 perlicere
1346 5449 1556 5520 malum";
1581 5469 1690 5520 nam
1714 5456 1880 5505 facere
1904 5449 2080 5506 malum
2105 5473 2170 5508 ex

588 5512 698 5570 ejus
721 5512 980 5579 sententia
993 5523 1073 5564 est.
1087 5512 1294 5579 tentari,
1319 5512 1563 5579 perlicere
1584 5516 1781 5575 malum,
1799 5524 1890 5579 est
1908 5520 2171 5568 tentationi

585 5573 928 5639 succumbere.
949 5576 1104 5639 Porro
1128 5576 1250 5625 infra
1275 5573 1419 5639 epist.
1441 5579 1500 5627 ad
1523 5573 1893 5639 Demetriadem
1919 5579 2060 5639 paulo
2084 5579 2169 5628 ali-

584 5638 858 5704 ter‘itosjtpr
880 5633 1010 5704 idem
1033 5635 1232 5704 Hieron.
1259 5633 1827 5704 {ritsci_.inqtttt,homiuis
1849 5633 1938 5701 est,
1956 5647 1999 5690 et
2022 5638 2170 5704 liuent

581 5686 856 5740 Iracundia:
875 5689 1132 5756 imponere,
1160 5686 1431 5749 Christiani.

2287 353 2527 422 Aposttili
2560 370 2572 406 :
2610 353 2795 408 Melius
2822 363 2894 408 est
2923 355 3133 426 nubere,
3160 365 3313 430 quam
3339 362 3421 416 uri
3451 363 3529 433 (l.
3564 364 3686 420 Cor.
3713 369 3770 422 'l.
3796 373 3868 439 9).

2286 443 2440 499 Tolle
2469 443 2608 514 quod
2641 444 2792 514 pejus
2818 455 2902 501 est
2927 448 3029 510 uri,
3061 458 3112 503 et
3159 464 3253 518 per
3295 466 3355 506 se
3382 452 3583 510 bonutn
3627 474 3735 514 non
3779 466 3878 519 erit

2287 534 2512 591 nubere.
2549 536 2738 591 Proiml
2777 539 2884 592 sint
2912 537 2983 610 (c)
3017 538 3406 599 [hereticorum
3433 547 3738 607 calumniaz.
3768 553 3879 609 Sei-

2287 643 2407 682 mus
2430 629 2750 684 honorabiles
2776 632 3000 714 nuptias,
3024 643 3070 686 et
3097 634 3259 690 cubile
3283 639 3669 697 immaculatum
3692 645 3875 717 (Hebr.

2291 720 2378 774 15.
2420 721 2499 790 4).
2548 721 2720 775 Etiam
2765 723 2833 777 de
2880 723 3134 780 Paradiso
3165 729 3424 798 expulsus
3472 734 3666 801 Adam,
3718 754 3878 794 unam

2290 827 2512 866 uxorem
2559 811 2764 868 habuit.
2799 813 3009 869 Primus
3048 815 3278 873 Lamech
3327 821 3646 881 maledictns
3672 836 3727 884 et
3755 843 3880 883 san-

2288 903 2598 973 guinarius,
2630 916 2685 961 et
2723 905 2790 962 de
2834 905 2963 962 Cain
3007 909 3176 980 stirpe
3216 911 3568 985 descendens,
3604 919 3681 992 (tl)
3713 937 3879 977 unam

2289 1007 2494 1051 eaStam
2524 997 2703 1052 divisit
2728 999 2780 1053 in
2811 999 2969 1064 duas,
3002 1011 3056 1056 et
3083 1002 3407 1072 plantarium
3434 1007 3675 1079 digamia:
3709 1015 3882 1082 proti'

2290 1103 2392 1142 nus
2421 1089 2603 1144 diluvii
2631 1106 2784 1160 poena
2803 1093 3084 1148 subvertit.
3115 1095 3269 1152 Unde
3295 1098 3422 1154 illud
3446 1103 3711 1172 Apostoli,
3735 1108 3879 1177 quod

2291 1179 2662 1238 fornicationis
2691 1192 2833 1240 metu
2857 1185 3135 1255 indulgere
3157 1191 3516 1260 compellitur,
3545 1196 3793 1252 scribens
3813 1200 3880 1254 ad

2291 1270 2632 1329 Timotheum
2668 1295 2682 1332 :
2716 1295 2735 1328 t
2789 1277 2925 1332 Volo
2969 1278 3402 1339 adolescentulas
3445 1287 3687 1356 nubere,
3739 1291 3880 1348 filios

2292 1377 2596 1433 procreare,
2644 1369 2830 1424 matris
2855 1369 3084 1426 familias
3124 1386 3265 1441 esse,
3312 1376 3511 1432 nullam
3540 1381 3879 1440 occasionem

2291 1453 2420 1510 dare
2462 1457 2772 1514 adversario
2807 1460 3074 1517 maledicti
3113 1479 3272 1520 causa
3321 1486 3340 1520 ι
3375 1467 3458 1539 (1.
3492 1469 3623 1527 Tim.
3659 1475 3716 1530 5.
3767 1477 3877 1548 H).

2293 1545 2360 1599 Et
2406 1561 2504 1601 cur
2551 1549 2867 1620 indulserit,
2897 1553 3076 1608 statim
3117 1556 3382 1626 subjecit:
3415 1579 3434 1612 t
3469 1561 3584 1617 Jam
3634 1545 3879 1635 qumdam

2292 1634 2694 1694 declinaverunt
2729 1651 2848 1710 post
2895 1641 3167 1700 Satanam.
3209 1665 3228 1698 ι
3265 1647 3342 1704 Ex
3371 1667 3476 1720 quo
3508 1634 3877 1728 intelligimus,

2294 1725 2445 1780 illum
2475 1743 2580 1783 non
2614 1731 2878 1788 stantibus
2904 1750 3159 1790 coronam
3181 1779 3200 1804 ,
3228 1741 3321 1794 sed
3340 1740 3642 1812 iacentibus
3661 1725 3876 1806 manum

2294 1817 2591 1888 porrigere.
2622 1821 2753 1877 Vide
2779 1823 2955 1894 qualia
2983 1825 3089 1882 sint
3109 1831 3343 1886 secunda
3375 1835 3737 1907 matrimonia,
3760 1858 3879 1912 qua:

2294 1908 2638 1977 lupanaribus
2669 1916 3042 1984 prmferuntur,
3079 1937 3098 1970 t
3132 1923 3253 1990 quia
3284 1922 3687 1985 declinaverunt
3727 1908 3879 2004 qua:-

2295 1999 2419 2057 dam
2449 2015 2569 2073 post
2610 2005 2880 2065 Satanam.
2912 2030 2931 2063 ι
2965 2009 3090 2068 Ideo
3131 2015 3526 2074 adolescentula
3557 1999 3880 2096 vidua,'qu:e

2295 2105 2355 2147 se
2379 2108 2484 2148 non
2509 2105 2682 2164 potest
2704 2102 3002 2170 continere,
3027 2105 3114 2161 vel
3141 2122 3246 2163 non
3273 2108 3406 2179 vult,
3433 2113 3680 2170 maritum
3705 2119 3879 2186 potius

2294 2183 2538 2255 accipiat,
2571 2203 2727 2258 quam
2755 2190 3044 2250 diabolum.

2370 2274 2456 2329 11.
2484 2275 2707 2334 Pulchra
2737 2282 2985 2340 nimirum
3006 2296 3060 2342 et
3079 2292 3376 2358 appetenda
3401 2309 3508 2362 res,
3531 2313 3649 2368 qua:
3670 2298 3880 2356 Satanas

2295 2372 2696 2438 comparatione
2736 2378 3043 2447 suscipitur.
3086 2382 3370 2441 Fornicata
3411 2397 3494 2443 est
3533 2393 3800 2460 quondam
3826 2403 3880 2449 et

2294 2456 2592 2518 Jerusalem
2614 2506 2630 2532 ,
2658 2476 2711 2521 ct
2751 2467 3064 2528 divaricavit
3095 2475 3256 2542 pedes
3281 2492 3407 2533 suos
3440 2482 3591 2536 omni
3613 2488 3876 2542 tanseunti

2301 2546 2518 2627 (Ezrch.
2547 2556 2633 2612 16.
2665 2557 2783 2629 2").
2816 2560 2869 2614 In
2901 2560 3134 2634 Egyplo
3171 2566 3398 2637 primum
3428 2569 3753 2642 devirgi'nata
3775 2586 3876 2641 est,

2299 2647 2461 2719 508
2533 2659 2588 2703 et
2631 2649 2702 2703 ibi
2726 2648 2905 2706 fractae
2932 2663 3058 2708 sunt
3096 2671 3342 2713 mamma:
3366 2660 3503 2730 ejus.
3533 2659 3774 2736 Cumque
3811 2668 3880 2722 ad

2298 2743 2508 2798 deserta
2539 2742 2806 2810 venisset,
2838 2753 2895 2799 et
2923 2761 3193 2804 morarum
3221 2750 3384 2822 Moysi
3425 2753 3663 2811 ductoris
3706 2760 3876 2828 impa-

2300 2831 2462 2898 tiens,
2495 2834 2645 2902 quasi
2675 2844 2843 2890 (nstro
2871 2837 3102 2894 libidinis
3133 2840 3412 2898 furibunda
3440 2845 3699 2905 dixisset:
3727 2869 3746 2903 ι
3789 2851 3878 2907 [sti

2298 2933 2423 3014 sunt
2451 2925 2521 2979 dii
2543 2925 2614 2980 tui
2641 2925 2829 2994 lsrael,
2853 2930 2942 2999 qui
2963 2939 3014 2986 te
3044 2931 3342 2991 eduxerunt
3367 2936 3433 2993 de
3452 2947 3592 2996 terra
3619 2940 3832 3014 Egypti
3852 2964 3871 2997 ι

2303 3013 2498 3104 (Exod.
2533 3017 2622 3072 32.
2655 3019 2732 3089 ι),
2787 3023 2990 3091 accepit
3034 3035 3301 3096 prtccepta
3336 3044 3441 3084 non
3463 3030 3622 3098 bona,
3650 3013 3879 3104 etjusti-

2299 3103 2578 3161 lirationes
2607 3109 2887 3177 pessimas,
2923 3111 2976 3167 in
3001 3113 3194 3184 quibus
3221 3133 3326 3172 non
3349 3119 3571 3188 viveret,
3599 3125 3694 3180 sed
3721 3103 3877 3197 puni-

2299 3204 2447 3250 retur
2475 3213 2488 3250 :
2517 3198 2652 3266 Quid
2685 3215 2813 3270 ergo
2842 3202 3059 3272 mirum,
3086 3205 3134 3261 si
3169 3216 3223 3262 et
3253 3209 3657 3270 lascivientibus
3683 3217 3883 3286 viduis,

2297 3286 2366 3343 de
2401 3289 2594 3359 quibus
2646 3292 2696 3346 in
2741 3293 2846 3348 alio
2890 3294 3011 3351 loco
3053 3299 3343 3368 Apostolus
3386 3301 3638 3360 dixerat:
3672 3325 3692 3358 ι
3747 3309 3877 3365 Cum

2298 3378 2580 3434 luxuriata:
2611 3380 2807 3437 fuerint
2834 3384 2886 3438 in
2915 3385 3154 3455 Christo,
3179 3391 3380 3448 nubere
3410 3395 3594 3454 volunt
3622 3397 3883 3458 habentes

2297 3473 2691 3531 damnationem
2715 3519 2730 3542 ,
2755 3479 2877 3550 quia
2903 3481 3132 3550 primam
3163 3483 3320 3540 ﬁdem
3351 3487 3558 3544 irritam
3585 3489 3828 3549 fecerunt
3856 3515 3875 3547 ι

2298 3563 2374 3635 (1.
2421 3563 2554 3618 Tim.
2587 3566 2640 3621 5.
2677 3568 2801 3639 11),
2848 3573 3114 3627 concessit
3174 3574 3422 3645 digamite
3470 3593 3731 3652 prmcepta
3773 3601 3880 3641 non

2298 3655 2458 3720 bona,
2492 3666 2545 3711 et
2583 3659 2995 3726 justifieationes
3039 3665 3343 3735 pessimas;
3369 3669 3438 3724 ita
3481 3673 3772 3730 secundum
3800 3678 3882 3732 in-

2295 3747 2523 3821 dulgens
2552 3753 2797 3807 maritum
2821 3795 2836 3822 ,
2868 3763 2926 3810 ut
2967 3765 3017 3811 et
3051 3759 3286 3824 tertium,
3319 3770 3372 3815 et
3401 3761 3444 3816 si
3477 3763 3687 3833 liberet,
3717 3768 3878 3824 etiam

2251 3901 2253 3904 ,
2297 3840 2610 3896 vicesimum
2637 3860 2652 3909 ;
2682 3854 2738 3898 ut
2759 3846 3076 3916 scirentsibi
3102 3864 3204 3903 non
3232 3858 3336 3905 tam
3357 3855 3498 3908 viros
3523 3854 3698 3926 datos,
3717 3873 3880 3929 quam

2295 3931 2569 3990 adulteros
2593 3937 2937 4007 amputatos?
2969 3937 3110 4003 llaec,
3136 3939 3243 3994 lilia
3271 3941 3322 3996 in
3345 3940 3553 3998 Christo
3575 3947 3875 4014 carissima,

2296 4024 2526 4090 incnlco,
2574 4036 2629 4082 et
2673 4030 2916 4086 crebrius
2949 4041 3153 4102 repeto,
3183 4044 3238 4088 ut
3271 4037 3624 4104 posteriorum
3668 4041 3830 4096 oblita
3856 4083 3872 4107 ,

2294 4117 2347 4173 in
2377 4119 2556 4188 priora
2589 4129 2638 4177 te
2660 4123 2953 4177 extendas:
2973 4122 3176 4181 habens
3203 4126 3275 4180 tui
3297 4127 3502 4184 ordinis
3523 4145 3656 4201 quas
3681 4147 3874 4202 sequa-

2293 4209 2389 4276 ris,
2411 4209 2592 4265 Judith
2620 4211 2687 4268 de
2717 4212 2937 4269 llebrzra
2969 4213 3210 4282 liiStoria,
3240 4226 3293 4273 et
3319 4219 3524 4274 Annam
3549 4221 3710 4276 ﬁliam
3732 4223 3881 4280 Pha—

2295 4303 2468 4357 nuelis
2496 4303 2563 4359 de
2583 4303 2860 4376 Evangelii
2885 4307 3128 4363 claritate
3157 4306 3251 4380 [aL
3275 4308 3529 4383 caritate].
3551 4326 3671 4382 quae
3687 4314 3880 4372 diebus

2292 4405 2345 4450 et
2385 4396 2632 4452 noctibus
2670 4397 3021 4453 versabantur
3068 4400 3120 4454 in
3163 4399 3406 4471 Tcmplo,
3449 4412 3504 4458 et
3545 4406 3876 4462 orationibus

2294 4493 2455 4556 atque
2504 4487 2724 4557 jejuuiis
2783 4487 3092 4544 thesaurum
3150 4491 3416 4562 pudicitia:
3461 4497 3874 4555 conservabant.

2292 4573 2444 4633 Unde
2470 4588 2522 4632 et
2545 4579 2710 4634 altera
2727 4579 2777 4634 in
2793 4588 2920 4652 typo
2940 4581 3214 4649 Ecclesiae,
3235 4581 3507 4639 diabolum
3529 4587 3875 4657 capitetrtin~

2288 4670 2461 4736 cavit;
2490 4671 2660 4726 altera
2699 4671 3030 4729 Salvatorem
3077 4674 3262 4730 mundi
3305 4676 3471 4746 prima
3501 4680 3759 4748 suscepit,
3789 4695 3879 4734 sa-

2288 4772 2685 4818 cramentorum
2715 4767 2928 4820 conseia
2961 4765 3280 4822 futurorum.
3314 4767 3444 4822 Illud
3474 4770 3524 4822 in
3563 4769 3710 4825 calce
3751 4785 3878 4826 ser-

2286 4854 2463 4908 monis
2508 4868 2728 4923 quazso,
2760 4863 2818 4909 ut
2864 4854 3177 4925 brevitatem
3220 4856 3402 4920 libelli,
3447 4871 3550 4911 non
3589 4856 3657 4912 de
3686 4857 3879 4930 inopia

2285 4941 2690 5014 eloquii,veldc
2717 4945 2954 4999 materia:
2978 4946 3279 5013 sterilitate,
3298 4946 3388 5000 sed
3418 4945 3483 5000 de
3511 4945 3731 5017 pudoris
3758 4963 3876 5002 nta-

2284 5035 2562 5107 gnitudine
2591 5034 2826 5090 mstimcs
2851 5031 3112 5091 accidisse
3136 5052 3152 5102 ;
3193 5035 3319 5091 dum
3351 5051 3541 5091 vereor
3570 5037 3763 5107 ignotis
3786 5052 3878 5092 mc

2283 5128 2373 5184 ditt
2406 5130 2652 5200 ingerere
2669 5127 2907 5196 auribus,
2937 5137 2989 5184 et
3010 5129 3279 5184 occultum
3306 5130 3593 5200 legentium
3610 5129 3876 5202 judicium

2283 5219 2621 5288 pertimesco.
3648 5205 3663 5217 ’

2351 5328 2410 5404 (c)
2449 5330 2574 5404 Puta
2596 5329 2999 5404 Novatianorum,
3026 5330 3455 5404 Montanistarum,
3482 5331 3838 5404 Calaphrygum
3857 5371 3875 5396 ,

2281 5392 2366 5465 qui
2390 5392 2629 5465 Secundus
2650 5394 2842 5465 nuptias
2861 5392 3195 5465 damnabanti
3208 5393 3303 5465 nisi
3327 5392 3878 5465 siproprius‘adfersg;

2280 5430 2380 5516 iiiis
2390 5430 3872 5516 ’ὲῖιᾌέ”ᾗθῖἶιὶὢῖῆςῑιῖ”ἕξῗςῖξί1ιὲιῖΪῶίἿοὶἵίιὶιἬῧιῖἳέξ

2280 5513 2492 5564 Doctore
2515 5513 2572 5564 in'
2587 5513 2874 5579 perversum
2893 5513 3016 5563 trahi
3031 5513 3249 5579 sensum,
3267 5513 3606 5579 ae'pcrperam
3631 5516 3878 5579 explicari

2281 5585 2540 5644 tantopere
2560 5573 3008 5644 calumniabantur.
3030 5573 3209 5644 confer
3236 5573 3396 5637 epis't.
3440 5573 3520 5626 Z8.
3551 5573 3713 5641 atque
3737 5579 3880 5643 ipsos

2279 5635 2444 5695 contra
2465 5637 2773 5685 Iovinianum
2799 5635 2947 5683 libros
2969 5636 3160 5695 passim.

2347 5694 2417 5762 (tl)
2458 5699 2650 5749 Primus
2673 5697 2897 5746 nimirum
2917 5694 3036 5746 duas
3058 5695 3222 5745 habuit
3257 5707 3458 5748 uxores.

4045 2751 4056 3049 Ε
