4056 6184
114 338 213 400 733

559 450 881 510 EPISTULA
921 447 1112 505 Lxxx
1138 448 1239 516 (a).

113 580 238 635 Sive
280 579 559 634 Panum
589 575 807 627 llcrrmt
834 569 899 623 In
928 567 1104 621 Libros
1134 571 1277 617 unm
1318 564 1531 613 APKQN
1564 553 1691 609 0m-

813 676 982 718 CENIS.

122 783 354 851 Ruflinus
376 790 428 832 ut
456 777 720 846 Origeuem
753 775 909 828 veluti
936 773 999 826 ab
1027 768 1295 838 adscriptis
1320 764 1575 819 erroribus
1598 775 1693 812 ex-

183 882 489 942 purgatum,
517 869 716 921 cunctis
745 864 1007 935 legendum
1034 859 1291 921 obtrudat,
1328 855 1690 922 Hieronymum

180 979 288 1017 sua:
312 961 573 1015 sententiae
596 958 789 1011 socium
827 954 1022 1015 laudat,
1056 963 1099 1005 et
1128 948 1550 1019 Origenianarum
1580 941 1692 1009 opi-

180 1059 391 1112 nionum
419 1057 667 1125 {antorem
706 1049 942 1102 mentitur
968 1061 1121 1116 :quw
1144 1059 1223 1097 res
1248 1040 1525 1095 maximum
1566 1036 1694 1088 inter

179 1159 445 1217 utrumque
468 1142 733 1197 dissidium
758 1138 968 1209 peperit.

183 1285 234 1337 l.
274 1300 293 1333 ι
332 1280 457 1335 Scio
485 1293 641 1348 quam
667 1275 928 1346 plurimos
958 1273 1179 1326 fratrum
1207 1266 1442 1324 scientia:
1468 1263 1696 1333 scriptu—

115 1389 300 1427 rarum
332 1369 599 1425 desiderio
626 1375 963 1437 provocatos,
990 1361 1297 1433 peposcisse
1320 1359 1387 1413 ab
1412 1354 1696 1426 aliquantis

110 1462 340 1518 eruditis
370 1460 516 1524 viris,
538 1466 593 1511 et
622 1457 929 1511 Graecarum
955 1454 1250 1507 litterarum
1279 1448 1482 1519 peritis,
1507 1443 1699 1499 utOri-

112 1566 304 1622 genem
333 1547 631 1602 Romanum
654 1545 913 1609 facerent,
941 1554 995 1597 et
1013 1542 1214 1596 Latinis
1247 1539 1464 1605 auribus
1536 1536 1698 1605 509

116 1644 187 1715 (ιι)
221 1642 610 1698 condonarent.
645 1638 789 1692 Inter
835 1651 970 1707 quos
998 1636 1158 1689 etiam
1200 1633 1362 1686 frater
1400 1640 1455 1684 et
1494 1630 1694 1696 collega

118 1747 301 1790 uoster
342 1732 409 1786 ab
448 1729 715 1801 Episcopo
742 1729 969 1782 Damaso
994 1726 1330 1794 deprecatus,
1363 1735 1485 1774 cum
1516 1718 1699 1771 Homi-

116 1825 213 1881 Iias
238 1826 374 1881 duas
400 1822 467 1879 de
494 1823 715 1877 Cautieo
744 1820 1081 1875 Canticorum
1108 1817 1159 1870 iu
1186 1814 1431 1868 Latinum
1459 1818 1694 1864 transtu-

116 1919 264 1973 lisset
290 1932 356 1971 ex
378 1916 588 1981 Crzeco,
610 1914 682 1967 ita
713 1912 763 1965 in
792 1911 885 1965 illo
911 1924 1076 1979 Opere
1102 1915 1288 1960 ornate
1311 1900 1697 1972 magnificoque

117 2012 372 2079 praelatus
414 2017 516 2072 est,
549 2016 600 2059 ιιι
633 2004 802 2059 cuivis
828 2000 1039 2071 legendi
1065 1999 1371 2065 Origenem,
1402 2000 1457 2049 et
1496 1992 1697 2045 avidis-

118 2105 249 2156 sime
300 2097 641 2170 perquirendi
694 2095 1018 2150 desiderium
1064 2093 1465 2149 commoveret,
1513 2084 1696 2139 dicens

120 2196 261 2249 illius
288 2194 482 2247 animae
512 2190 798 2244 convenire
826 2186 966 2257 quod
989 2186 1185 2247 dictum
1216 2189 1329 2237 est:
1353 2199 1372 2232 ι
1404 2178 1703 2234 introduxit

118 2301 205 2339 me
247 2298 343 2337 rex
371 2283 424 2335 in
450 2281 750 2336 cubiculum
792 2292 989 2347 suumr
1020 2275 1166 2329 Cant.
1201 2274 1249 2327 l.
1278 2272 1357 2339 ’5)
1405 2271 1520 2340 (l);
1555 2284 1573 2319 ι
1611 2282 1700 2321 as-

117 2388 309 2431 serens
332 2373 409 2445 (ε)
436 2370 578 2442 quod
620 2383 742 2423 cum
770 2368 822 2421 in
852 2366 1062 2421 caeteris
1092 2364 1240 2418 libris
1283 2376 1470 2415 omnes
1501 2360 1698 2426 vincat,

120 2468 169 2520 in
195 2464 436 2518 Canticis
456 2461 794 2517 Canticorum
821 2458 980 2513 etiam
1010 2456 1122 2525 ipse
1151 2469 1209 2509 se
1238 2453 1441 2506 vicerit.
1474 2452 1553 2521 (ά)
1581 2451 1704 2505 Pol-

121 2560 307 2612 lieetur
336 2569 472 2610 sane
507 2554 557 2607 in
590 2554 704 2621 ipsa
745 2548 1084 2612 Prtefatione,
1116 2561 1176 2601 se
1206 2554 1259 2600 et
1289 2545 1434 2612 ipsos
1474 2544 1529 2596 in
1558 2542 1700 2596 Can-

121 2654 219 2704 tica
244 2647 595 2702 Canticorum
641 2642 835 2705 libros,
865 2650 919 2694 et
944 2639 1077 2691 alios
1113 2650 1269 2707 quam
1304 2633 1559 2702 plurimos
1586 2632 1705 2687 Ori-

120 2744 287 2813 genis,
309 2738 576 2794 Romanis
596 2735 813 2790 auribus
834 2731 1169 2802 largiturum.
1186 2730 1288 2784 Sed
1311 2730 1420 2791 ille,
1446 2736 1502 2782 ut
1526 2727 1702 2792 video,

121 2838 169 2890 iu
196 2830 576 2905 styloproprio
598 2828 831 2897 placens,
860 2839 974 2879 rem
994 2822 1213 2891 majoris
1237 2819 1421 2890 gloriae
1445 2818 1703 2888 sequitur,

121 2937 174 2979 ut
204 2934 352 2993 pater
403 2919 554 2975 verbi
594 2917 663 2971 sit
706 2917 903 2986 potius,
930 2928 1088 2983 quam
1130 2912 1412 2980 interpres.
1443 2908 1551 2964 Nos
1579 2922 1706 2978 ergo

120 3032 228 3072 rem
256 3016 322 3070 ab
352 3014 460 3069 illo
489 3010 701 3082 quidem
747 3016 977 3075 emptam
1004 3002 1277 3072 sequimur
1300 3010 1354 3057 et
1378 3001 1654 3071 probatam
1688 3016 1703 3053 ε

119 3107 209 3163 sed
238 3122 342 3162 non
386 3104 558 3173 aequis
592 3096 913 3167 eloquentia:
943 3094 1175 3158 viribus,
1205 3092 1334 3146 tanti
1378 3092 1473 3145 viri
1513 3104 1708 3144 ornare

118 3209 413 3269 possumus
441 3194 603 3249 dicta.
626 3190 778 3247 Unde
804 3202 993 3241 vereor
1019 3201 1085 3240 ne
1109 3184 1237 3238 vitio
1256 3198 1377 3237 meo
1399 3183 1450 3237 id
1480 3182 1707 3247 accidat,

119 3302 177 3345 ut
200 3292 246 3346 is
271 3292 391 3356 vir,
423 3302 581 3357 quem
605 3285 714 3350 ille,
744 3282 972 3334 alterum
1003 3286 1123 3348 post
1149 3276 1433 3346 Apostolos
1461 3273 1712 3330 Ecclesia

126 3385 401 3438 doctorem
432 3376 670 3432 scienti:e
705 3387 768 3428 ac
805 3370 1080 3439 sapientia:
1124 3367 1313 3420 merito
1351 3363 1713 3435 comprobavit

132 3472 221 3545 [ιιι.
251 3467 569 3541 comprobat]
607 3465 783 3536 inopia
815 3460 1078 3517 sermonis
1105 3458 1270 3512 nostri
1302 3457 1460 3526 longe
1485 3470 1603 3510 esse
1634 3456 1713 3511 in-

134 3540 295 3620 ferior
320 3540 585 3616 videatur.
1054 3540 1055 3543 “

201 3656 256 3708 2.
283 3674 301 3707 ι
326 3650 482 3721 Quod
499 3665 598 3720 ego
622 3660 765 3715 stupe
787 3643 877 3716 [ιιι.
900 3639 1127 3712 Saepius]
1149 3638 1495 3696 considerans
1520 3639 1714 3693 retice-

137 3750 275 3812 bam,
303 3762 399 3802 nec
431 3742 509 3815 (2)
528 3741 937 3811 deprecantibus
958 3750 1042 3789 me
1068 3733 1437 3805 frequenterin
1462 3731 1562 3785 hoc
1581 3744 1716 3799 Opus

138 3841 388 3895 fratribus
429 3835 753 3891 annuebam.
782 3830 889 3886 Sed
940 3839 1028 3883 tua
1059 3828 1139 3881 vis
1160 3868 1175 3894 ,
1216 3824 1524 3879 fidelissime
1554 3821 1717 3875 frater

139 3931 353 3993 blaeari,
383 3936 532 3981 tanta
560 3933 642 3978 est
666 3963 682 3988 ,
710 3922 795 3976 cui
818 3920 1085 3973 obsistere
1114 3932 1182 3970 ne
1208 3915 1471 3983 imperitia
1502 3911 1717 3981 quidem

140 4030 351 4092 potest;
380 4021 601 4086 propter
626 4009 767 4081 quod
796 4024 863 4063 ne
895 4016 947 4061 te
970 4007 1108 4059 ultra
1136 4015 1241 4057 tam
1267 4017 1482 4073 gravem
1509 4013 1719 4070 paterer

138 4122 492 4171 exactorem,
547 4103 708 4159 etiam
765 4109 949 4155 contra
1005 4096 1113 4169 [aL
1167 4094 1344 4166 citra]
1392 4094 1720 4164 propositum

141 4216 323 4257 meum
346 4195 485 4253 cessi
506 4210 521 4247 :
549 4207 613 4249 ea
639 4201 814 4247 tamen
839 4189 955 4259 lege
969 4199 1126 4257 atque
1146 4184 1355 4250 ordine,
1383 4183 1459 4255 ('5)
1484 4190 1540 4236 ut
1558 4197 1726 4250 quan-

89 4327 91 4331 ι
145 4305 256 4349 tum
285 4290 407 4346 ﬁeri
433 4294 633 4359 potest,
666 4278 1074 4351 interpretando
1098 4291 1291 4346 sequar
1314 4276 1551 4344 regulam
1585 4287 1722 4341 pra:-

145 4398 443 4443 ccssorum.
469 4381 535 4435 Et
563 4377 683 4449 ejus
710 4375 980 4446 praecipue
1010 4371 1106 4425 viri
1139 4367 1540 4439 (Hieronymi),
1574 4365 1726 4435 cujus

147 4479 395 4549 superius
420 4474 644 4529 fecimus
663 4470 1024 4529 mentionem;
1057 4463 1145 4534 qui
1181 4477 1305 4516 cum
1332 4462 1469 4515 ultra
1505 4469 1725 4529 septua-

152 4571 291 4640 ginta
320 4566 532 4623 libellos
559 4560 830 4630 Origenis,
863 4571 999 4625 quos
1039 4551 1374 4608 llomiliticos
1416 4550 1724 4619 appellavit,

150 4661 447 4730 aliquantos
467 4655 625 4710 etiam
642 4652 711 4707 de
726 4649 911 4705 Tomis
928 4649 979 4701 in
997 4643 1307 4715 Apostolum
1329 4642 1541 4712 scriptis
1563 4649 1731 4694 trans-

154 4751 363 4805 tulisset
389 4749 441 4802 in
470 4746 744 4808 Latinum,
778 4741 831 4794 in
878 4738 1071 4808 quibus
1110 4749 1231 4789 eum
1268 4733 1537 4803 aliquanta
1556 4730 1727 4786 ol‘fen-

156 4842 331 4896 dicula
384 4840 725 4895 inveniantur
756 4835 809 4888 in
858 4831 1069 4894 Gratco,
1118 4829 1188 4882 ita
1218 4826 1459 4881 elimavit
1513 4826 1728 4889 omnia,

160 4931 577 5001 interpretando,
602 4940 761 4999 atque
789 4926 1051 4997 purgavit,
1078 4930 1136 4976 ut
1166 4919 1299 4975 nihil
1320 4920 1372 4973 in
1402 4918 1507 4972 illis
1531 4915 1672 4987 quod
1699 4931 1730 4971 a

329 5144 403 5194 Ad
429 5134 650 5194 veterem
670 5142 836 5190 Jacobi
866 5136 1060 5189 Merlini
1094 5134 1504 5194 Origeniauorum
1526 5140 1731 5194 operum

167 5191 668 5257 ωὶὶῐυᾱὲῖυῑᾼητέυυ
694 5203 849 5250 locum
874 5200 1161 5262 exegimus,
1333 5196 1469 5240 esset
1493 5191 1541 5261 in
1563 5191 1732 5238 Bene-

164 5251 348 5319 dict-iu.—
353 5251 468 5318 éifni
475 5251 726 5317 donarent.
761 5272 816 5312 In
838 5274 929 5323 quo
945 5299 959 5317 ,
974 5251 1080 5323 ἴδια.
1107 5256 1208 5306 Sed
1230 5251 1513 5323 Hieronymi
1535 5262 1732 5323 nomen,

165 5330 291 5393 quod
333 5336 475 5380 vetus
519 5326 599 5377 illa
640 5326 791 5376 editio
832 5321 1093 5386 exprimit,
1139 5330 1234 5366 nou
1276 5321 1548 5378 putavimus
1590 5321 1739 5373 appo-

168 5392 395 5441 nendum.

232 5431 405 5513 ῑεῖῑέὶ
432 5452 606 5502 eadem
630 5447 849 5513 editione
875 5442 1092 5513 νοεμιὲω
1116 5451 1244 5513 τίφην
1271 5431 1737 5513 θίγε.νὲιὲΡὶίὲίέἓὲ

167 5496 626 5571 Μῦἕιιί-ἔιιιῆἰῖἷέιε
642 5496 930 5571 amovimus.
957 5506 1084 5571 intra
1103 5503 1197 5571 alia
1220 5496 1425 5571 subinde
1446 5496 1740 5571 recepimus.

238 5556 655 5637 iiiiiiig'sige}
670 5556 923 5637 penesl‘.
948 5566 1012 5615 de
1038 5565 1080 5613 la
1103 5564 1212 5612 Rue
1236 5561 1419 5637 dictum
1442 5564 1512 5608 est
1533 5556 1647 5620 quia
1667 5564 1745 5604 In-

169 5630 384 5685 tro'dim't
402 5648 459 5685 ec
478 5647 588 5682 mox
611 5630 722 5681 cuin
746 5630 910 5689 editis,
935 5638 1153 5690 asserens
1173 5635 1285 5674 eum
1308 5634 1388 5690 ee.-

230 5679 652 5756 '(véiﬂileriiuuset
672 5679 1020 5746 Genebra'rdus
1041 5693 1085 5739 et
1109 5679 1477 5749 deprecantibus
1496 5692 1630 5732 me...
1652 5689 1746 5730 non

174 5756 453 5810 minuebant.

225 5081 295 5208 se;
324 5090 382 5132 In
403 5081 607 5143 antiquis
624 5078 906 5132 editionibus
929 5076 1003 5147 63'
1038 5083 1091 5147 tn
1117 5069 1490 5145 Benedictinam.
1516 5073 1665 5117 caret.

246 5147 273 5195 b
329 5144 403 5194 Ad
429 5152 650 5208 veterem
670 5142 836 5208 Jacobi
866 5136 1060 5208 Merlin:
1094 5134 1665 5208 Origemauoru‘mhop‘eﬁr‘i

1450 314 1781 378 l-IPlSTOlA
1821 307 2038 365 LXXX.

3270 289 3378 350 13$

1805 424 1908 480 fide
1935 430 2116 477 nostra
2142 418 2409 488 discrepet
2428 458 2443 480 ,
2470 410 2690 471 Latinus
2731 414 2898 468 lector
2928 409 3189 465 inveniat.
3217 408 3377 463 “Illic

1800 529 1934 585 ergo
1952 514 2115 569 etiam
2144 525 2277 576 nos,
2321 510 2446 563 licet
2485 521 2591 561 nou
2638 502 2957 573 eloquentia:
3000 502 3205 555 viribus
3231 535 3246 565 ,
3296 499 3381 551 tli-

1799 608 2039 676 seiplinte
2080 614 2259 659 tamen
2296 602 2493 672 regulis
2546 600 2599 653 in
2641 602 2897 667 quantum
2947 606 3233 661 possumus
3282 605 3373 644 sc-

1801 701 2038 771 quimur,
2092 699 2441 753 observantes
2464 693 2686 756 scilicet,
2720 704 2787 744 ne
2816 685 2930 759 [aL
2958 682 3055 755 ut]
3082 698 3142 738 ea
3168 698 3285 751 qua:
3324 681 3379 736 in

1800 792 1951 846 libris
1988 788 2237 859 Origenis
2261 803 2288 841 a
2310 788 2490 855 seipse
2517 780 2875 851 discrepantia
2904 775 3250 830 inveniuntur
3298 772 3379 824 al-

1798 892 1901 952 que
1928 881 2220 945 contraria,
2254 877 2608 948 proferamus.
2632 872 2799 941 Cujus
2818 866 3145 923 diversitatis
3160 876 3377 917 causam

1801 973 2008 1041 plenius
2034 971 2127 1025 tibi
2154 971 2207 1025 iu
2254 967 2620 1038 Apologetieo,
2650 979 2811 1033 quem
2835 957 3243 1028 Pamphilianus
3282 969 3380 1023 pro

1800 1061 1952 1115 libris
1980 1062 2147 1129 ipsius
2173 1059 2421 1129 Origeuis
2473 1055 2634 1128 510
2693 1050 2927 1121 scripsit,
2951 1044 3384 1112 edidimus,bre-

1799 1150 2021 1205 vissimo
2047 1150 2230 1204 libello
2250 1146 2614 1218 superaddite,
2638 1146 2687 1198 in
2706 1158 2811 1211 quo
2832 1137 3190 1201 evidentibus,
3211 1144 3268 1188 ut
3290 1149 3381 1187 ar-

1803 1242 1993 1304 bitror,
2023 1239 2391 1309 probamentis
2421 1243 2705 1304 corruptos
2730 1246 2850 1286 esse
2876 1232 2926 1284 in
2951 1242 3113 1297 quam
3138 1212 3384 1295 plurimis

1806 1332 1875 1386 ab
1927 1331 2209 1386 Hazreticis
2251 1339 2304 1385 et
2335 1326 2608 1383 malettolis
2640 1325 2802 1379 libros
2829 1323 2945 1390 ejus
2993 1317 3369 1373 ostendimus:

1802 1432 1858 1478 et
1886 1422 2017 1477 istos
2059 1421 2328 1492 praecipue
2348 1461 2363 1486 ,
2398 1434 2532 1489 quos
2560 1432 2701 1471 nunc
2731 1414 2902 1483 exigis
2931 1419 2989 1464 ut
3026 1410 3378 1478 interpreter,

1804 1512 1856 1566 id
1882 1520 1984 1577 est,
2014 1524 2118 1583 περ(
2141 1512 2342 1581 Α’ρχῶν,
2366 1508 2508 1580 quod
2528 1508 2591 1561 de
2617 1503 2902 1575 principiis,
2930 1500 3015 1557 vel
3036 1500 3098 1552 de
3118 1499 3382 1569 principa-

1804 1603 1936 1656 tibus
1966 1601 2077 1673 [ιιι.
2110 1598 2498 1670 potestatibus],
2542 1597 2645 1651 diei
2670 1602 2880 1665 potest,
2906 1590 2998 1661 qui
3023 1598 3149 1644 sunt
3193 1601 3381 1642 revera

1805 1694 1937 1746 alias
1963 1702 2017 1747 et
2032 1691 2401 1745 obscurissimi
2420 1699 2474 1743 et
2493 1685 2819 1741 difficillimi.
2850 1684 2924 1736 De
2953 1680 3114 1735 rebus
3140 1679 3286 1732 enim
3310 1676 3383 1729 ibi

1805 1782 1994 1836 talibus
2026 1780 2096 1849 (ε)
2119 1780 2388 1848 disputat,
2423 1778 2475 1831 iu
2504 1776 2700 1845 quibus
2728 1769 3044 1839 Philosophi
3098 1768 3244 1821 omni
3286 1779 3383 1817 sua

1804 1881 1962 1927 (etate
1977 1874 2314 1939 consumpta,
2349 1866 2484 1922 nihil
2516 1866 2754 1920 invenire
2790 1867 3097 1932 potuerunt.
3133 1856 3229 1910 llic
3254 1869 3385 1908 vero

1805 1972 1988 2017 noster
2013 1968 2271 2030 quantum
2301 1957 2477 2029 potuit
2504 1956 2557 2010 id
2585 1956 2713 2025 egit,
2750 1961 2811 2006 ut
2834 1948 3094 2004 creatoris
3131 1944 3287 1998 fidem
3330 1952 3386 1996 et

1803 2062 2103 2109 ereatarum
2123 2064 2300 2106 rerum
2321 2048 2579 2103 rationem
2604 2044 2711 2117 [aL
2730 2052 3075 2097 creaturarum
3097 2029 3382 2104 naturam],

1804 2161 1965 2215 quam
1989 2144 2066 2198 illi
2107 2144 2173 2197 ad
2203 2142 2529 2210 impietatem
2560 2143 2860 2198 traxerunt,
2893 2132 2959 2186 ad
2989 2131 3240 2200 pietatem
3268 2124 3386 2194 ipse

1804 2214 2163 2290 converteret.
2208 2231 2389 2287 Sicubi
2432 2244 2561 2299 ergo
2604 2243 2701 2281 nos
2732 2228 2785 2280 in
2834 2224 2983 2279 libris
3028 2221 3147 2291 ejus
3182 2214 3384 2287 aliquid

1806 2336 1990 2382 contra
2025 2324 2135 2396 |al.
2162 2321 2338 2394 circa]
2369 2322 2420 2376 id
2448 2320 2754 2375 invenimus
2777 2358 2795 2384 ,
2823 2314 2966 2387 quod
2992 2312 3059 2368 ab
3081 2328 3146 2366 eo
3175 2301 3385 2365 ca-teris

1808 2419 1939 2473 locis
1969 2394 2198 2473 fideliter
2222 2415 2288 2470 de
2306 2414 2566 2469 Triuitate
2584 2411 2689 2484 [aL
2711 2411 2773 2463 de
2792 2410 2976 2479 pietate
3004 2406 3083 2470 de,
3106 2394 3237 2472 ete.]
3254 2400 3374 2453 fue-

1808 2520 1893 2567 rat
1936 2511 2215 2565 definitum
2242 2549 2258 2574 ,
2299 2506 2461 2562 veluti
2512 2505 2869 2559 adulteratum
2909 2499 3011 2553 hoc
3040 2507 3094 2552 et
3124 2496 3382 2559 alienum,

1806 2612 1896 2657 aut
1920 2600 2377 2673 prtetermisimus,
2424 2607 2515 2651 aut
2539 2593 2831 2651 secundum
2858 2606 2976 2648 eam
3000 2590 3234 2660 regulam
3253 2602 3382 2657 pro-

1808 2694 2047 2760 tulimus,
2078 2706 2235 2761 quam
2258 2690 2325 2746 ab
2350 2690 2468 2760 ipso
2493 2687 2799 2757 frequenter
2820 2684 3121 2739 invenimus
3150 2679 3387 2735 afﬁrma-

1811 2796 1939 2840 tam.
1988 2784 2045 2839 Si
2074 2798 2176 2853 qua
2232 2796 2393 2846 sane,
2452 2780 2596 2833 velut
2641 2778 2831 2848 peritis
2870 2776 2983 2845 jam
3008 2784 3061 2829 et
3089 2771 3386 2828 scientibus

1811 2878 2058 2946 loquens,
2104 2874 2231 2929 dum
2260 2871 2492 2926 breviter
2521 2870 2751 2923 transire
2771 2867 2885 2920 vult
2905 2906 2919 2929 ,
2948 2863 3227 2919 obscurius
3256 2876 3387 2931 pro-

1813 2969 1933 3023 tulit
1962 2985 1976 3020 :
2007 2980 2106 3019 nos
2134 2973 2190 3017 ut
2218 2961 2551 3017 manifestior
2572 2960 2724 3013 fieret
2749 2959 2918 3022 locus,
2950 2969 3010 3009 ea
3034 2968 3153 3023 qua:
3178 2953 3245 3008 de
3274 2953 3388 3022 ipsa

1813 3060 1943 3114 rein
1973 3057 2094 3111 aliis
2110 3055 2227 3124 ejus
2249 3052 2399 3107 libris
2426 3051 2662 3120 apertius
2692 3049 2991 3117 legeremus
3012 3086 3028 3112 ,
3072 3044 3387 3114 adjecimus,

1815 3146 2178 3220 explanationi
2214 3143 2527 3207 studentes;
2577 3138 2711 3192 nihil
2744 3148 2920 3192 tamen
2961 3145 3204 3190 nostrum
3243 3134 3385 3189 dixi-

1814 3257 1935 3296 mus
1972 3257 1985 3293 :
2020 3237 2113 3293 sed
2157 3236 2281 3289 licet
2306 3235 2357 3287 iu
2387 3232 2506 3285 aliis
2538 3230 2667 3284 locis
2692 3270 2709 3294 ,
2748 3229 2889 3283 dicta
2920 3241 3014 3281 sua
3065 3235 3240 3280 tamen
3292 3224 3393 3295 ipsi

1816 3325 2286 3398 reddidimus[al.
2310 3324 2404 3378 sibi
2448 3319 2764 3392 reddimus].
2797 3320 2909 3375 Hoc
2963 3329 3140 3373 autem
3198 3317 3395 3372 ideirco

1818 3427 1871 3481 in
1898 3422 2215 3480 Prmfatioue
2235 3414 2572 3479 eommonui;
2600 3428 2667 3467 ne
2697 3410 2833 3466 forte
2868 3410 3282 3465 calumniatores
3314 3409 3395 3480 (4)

1818 3517 1941 3572 inde
1962 3530 2020 3570 se
2043 3509 2363 3569 criminandi
2386 3514 2635 3578 putarent
2666 3503 2938 3557 invenisse
2961 3502 3262 3556 materiam.
3291 3500 3398 3557 Sed

1818 3609 2052 3665 viderint
2106 3605 2245 3676 ipsi,
2275 3601 2402 3674 quid
2442 3597 2681 3670 perversi
2710 3605 2766 3651 et
2807 3593 3129 3650 contentiosi
3154 3592 3399 3647 homines

1818 3711 1997 3774 agant.

1894 3795 1948 3848 5.
1983 3787 2409 3846 «Νοιιὶεἰιιιειίιῐι
2440 3791 2619 3837 tantus
2640 3779 2813 3843 labor,
2835 3776 2879 3831 si
2913 3786 3088 3830 tamen
3118 3776 3398 3831 orantibus

1822 3884 1976 3939 vobis
2006 3883 2149 3935 Deus
2174 3876 2424 3931 annuerit
2448 3873 2553 3945 [ιιι.
2571 3871 2760 3941 juverit
2782 3877 2867 3919 aut
2887 3864 3176 3935 adiuverit],
3204 3865 3404 3921 idcirco

1825 3981 2109 4041 susceptus
2133 3976 2239 4031 est,
2264 3980 2369 4019 non
2401 3974 2457 4016 ut
2482 3960 2935 4016 caluinuiosorum
2955 3972 3046 4010 ora
3073 3956 3180 4027 [al.
3207 3956 3403 4010 calum-

1826 4066 1985 4121 niosis
2014 4060 2101 4132 os]
2124 4056 2288 4132 (quod
2312 4055 2427 4111 fieri
2458 4069 2562 4108 non
2588 4060 2782 4121 potest,
2809 4050 2926 4104 licet
2944 4048 3079 4103 forte
3109 4047 3272 4101 etiam
3303 4046 3408 4102 hoc

1832 4160 1973 4214 Deus
1986 4149 2593 4221 faciet)el-iuderemus;
2624 4144 2717 4197 sed
2751 4154 2807 4197 ut
2835 4141 3093 4212 prolicere
3116 4138 3184 4193 ad
3219 4140 3404 4195 scien-

1832 4249 1959 4303 tiam
1990 4257 2168 4299 rerum
2189 4240 2514 4301 volentibus,
2548 4233 2826 4289 materiam
2856 4230 3239 4301 pra-heremus.
3271 4230 3407 4284 Illud

1832 4352 1963 4393 sane
1988 4348 2224 4399 omnem,
2256 4330 2344 4400 qui
2364 4329 2463 4383 hos
2495 4327 2659 4381 libros
2682 4324 2764 4379 vel
2789 4322 3151 4389 descripturus
3175 4329 3291 4386 est,
3324 4322 3410 4376 vel

1835 4432 2089 4491 lecturus,
2123 4426 2174 4479 in
2200 4429 2490 4491 conspectu
2517 4418 2607 4473 Dei
2639 4416 2814 4471 Patris
2841 4422 2895 4469 et
2914 4412 3038 4467 Filii
3086 4424 3143 4468 et
3180 4414 3413 4483 Spiritus

1836 4524 2018 4581 Sancti
2049 4527 2326 4576 contestor
2375 4524 2535 4585 atque
2579 4510 2873 4574 convenio,
2926 4523 3026 4579 per
3058 4506 3223 4563 futuri
3264 4509 3415 4578 regni

1838 4619 2020 4681 fidem,
2052 4630 2144 4686 per
2170 4608 2582 4668 resurrectionis
2620 4622 2686 4662 ex
2742 4604 2968 4660 mortuis
2991 4613 3413 4667 sacramentum,

1836 4724 1935 4782 per
1964 4708 2114 4763 illum
2146 4703 2236 4773 qui
2264 4709 2599 4773 prmparatus
2622 4705 2705 4752 est
2725 4695 2939 4750 diabolo
2979 4702 3033 4748 et
3057 4693 3261 4761 angelis
3304 4692 3419 4746 suis

1838 4813 2096 4859 teternum
2128 4798 2325 4868 ignem,
2346 4795 2422 4849 sic
2446 4809 2550 4847 non
2588 4789 2738 4843 illum
2760 4788 2933 4841 locum
2961 4791 3159 4837 telerna
3185 4782 3415 4837 hau-edi-

1904 4936 1981 4999 (d)
2013 4930 2215 4999 Minime
2235 4940 2355 4979 vero
2375 4926 2422 4974 id
2448 4923 2512 4996 ibi
2530 4922 2860 4999 Hieronymus
3172 4914 3269 4999 Sed
3288 4914 3423 4966 Prae-

1842 4976 2438 5049 fationem-advaamasum
2464 4976 2769 5049 inllomilias
2788 4982 2852 5049 de
2874 4976 3071 5049 Cautico
3093 4976 3417 5049 Canticorum,

1842 5037 2083 5110 ὲῖὶιῖᾝιὶὶ
2098 5037 2236 5112 1qu
2259 5046 2618 5112 iad.E_use_bium
2642 5053 2722 5112 est
2736 5077 2750 5100 ,
2786 5044 2847 5112 in
2866 5037 3237 5102 quatuordet-im
3268 5037 3420 5102 super

1842 5102 2088 5171 ᾗὲἱιιιῖἑιζ
2113 5102 2346 5163 Homilies
2366 5105 2587 5171 Bullinus
2608 5102 2872 5171 eotdundit.

1915 5161 2181 5244 ῐῆῖέτῦά
2206 5173 2448 5244 deputati
2465 5161 3423 5244 ,ίῐιρέιηέίῗὲιξΪξνρὲἓίέἱθὶξξιῗσιδηηω

1849 5222 2313 5306 muniant—{quarum
2336 5222 2584 5306 Ope’infra
2619 5229 2835 5287 quaedam
2851 5222 3051 5306 leviora
3087 5222 3421 5273 cmeudamus.

1935 5286 2178 5365 3ἷέίάθῶ
2202 5295 2252 5365 ἔτι
2274 5286 2513 5365 συαῖττιέηιι
2531 5286 3173 5365 θ,ι,Ξ¹⁵ξξξ.Ρΐέεξ¹Ξέ⁴Ξ³32ζ“’Ζ⁸·

1935 5305 1987 5365 5)
2026 5305 2178 5349 fidem
2202 5305 2252 5345 in
2274 5305 2505 5355 quantum
2531 5305 2584 5336 Cl.
2605 5305 2715 5335 mox
2738 5305 3173 5348 prwaeccswrum.

1914 5305 1988 5426 ξι)
2020 5358 2305 5426 “gendum
2326 5348 2931 5426 οωηέπεο.θεὶὲἐέεῑ.νΐῖ.³,2ζ9
2952 5342 3084 5426 ξῖ²1¹ἰν
3098 5343 3428 5426 Ηιὲῖἷῗίδὲῗῖῗ·

1850 5405 2247 5483 ὀυῖιῖἐῖιιῖἶῖίυ-ιιω
2286 5428 2407 5483 sane
2431 5411 2694 5483 lid‘ejussolr
2709 5405 2926 5483 Bullinus
3283 5405 3424 5455 Hier.

1853 5466 2256 5538 ixiiécuihi-Liib.
2284 5479 2330 5526 l.
2356 5466 2637 5538 testatum}
2650 5470 2944 5538 Quoddixi,
2960 5466 3153 5538 iterum,
3174 5466 3428 5538 illancausa

1856 5528 2201 5610 é‘éifilﬁiijgm
2223 5539 2372 5610 sancti
2400 5535 2614 5610 episcopi
2638 5528 2842 5610 Joannis
2867 5528 3121 5610 epistolam
3154 5530 3218 5578 de
3244 5528 3347 5610 fide
3369 5528 3430 5577 ad

1855 5591 2419 5665 Eibilﬁﬁ‘l‘ueomuuin
2433 5591 2674 5665 scriptam
2696 5591 2934 5665 criminati
2957 5597 3089 5665 sunt,
3111 5591 3303 5653 quando
3320 5604 3430 5640 eor-

1858 5656 2572 5737 ιῖιίξειυιηεριιιηῑφιίυιιηεεξςξρ
2594 5657 2708 5737 quia
2731 5656 2980 5719 ungebam
3003 5665 3135 5717 esse.
3162 5666 3305 5715 ίιυειιη

1860 5722 2009 5797 item;
2034 5730 2211 5781 idcirco
2234 5728 2413 5777 iterum
2435 5722 2588 5785 posui.
2614 5735 2636 5766 ι
