4056 6184
183 310 289 371 757

183 429 482 483 hominibus
509 444 682 497 pacem
707 425 972 495 habentcs(
983 417 1128 479 Rom.
1154 423 1240 477 12.
1268 421 1378 488 l8).
1408 421 1472 474 Et
1495 419 1771 488 propheta.

183 520 309 572 Pax
331 561 345 583 ,
379 535 504 588 pax.
539 517 598 571 Et
636 518 720 571 ubi
750 527 818 570 est
860 517 1002 585 pax?
1040 514 1174 583 (λεν.
1209 513 1261 567 4.
1293 511 1377 566 10.
1402 511 1554 580 juxt.‘
1579 506 1777 576 LXX).

182 610 333 664 Nihil
381 611 529 665 enim
566 609 763 678 grande
803 617 884 661 est
907 649 922 672 ,
955 621 1136 676 pacem
1164 618 1295 659 voce
1329 600 1658 672 pra-tendere
1683 642 1697 662 ,
1727 607 1782 653 et

183 718 358 770 Opere
379 702 679 756 destruere.
710 700 865 754 Aliud
890 700 1004 764 niti,
1025 698 1165 752 aliud
1186 697 1552 751 demonstrare
1569 711 1583 747 :
1603 693 1780 746 verbis

183 809 390 848 sonare
413 793 754 848 concordiam
785 809 798 845 :
830 809 888 848 re
912 791 1126 861 exigere
1161 789 1488 845 servitutem.
1520 785 1782 839 Volumus

181 898 233 938 et
266 899 370 938 nos
394 900 609 954 pacem;
634 895 688 939 et
709 899 816 938 non
837 884 1006 937 solum
1027 881 1303 935 volumus:
1325 880 1418 933 sed
1437 885 1491 932 et
1511 889 1778 947 rogamus.

182 976 290 1031 Sed
326 991 518 1046 pacem
548 975 768 1042 Christi,
798 989 980 1044 pacem
1006 988 1187 1028 veram
1208 1013 1222 1037 ,
1253 985 1435 1041 pacem
1464 969 1580 1023 sine
1608 966 1784 1021 inimi—

182 1069 349 1132 citiis,
379 1083 567 1139 pacem
597 1068 775 1138 inqua
799 1083 902 1122 non
929 1066 998 1122 sit
1025 1065 1221 1120 bellum
1249 1062 1570 1126 involutum;
1598 1072 1782 1128 pacem

183 1174 310 1226 qua:
341 1175 456 1212 non
486 1167 542 1212 ut
569 1157 900 1212 adversarios
926 1155 1200 1224 subjiciat,
1229 1152 1322 1208 sed
1347 1160 1406 1205 ut
1433 1150 1632 1204 amicos
1655 1147 1784 1217 jun-

181 1257 297 1316 gat.
331 1247 476 1315 Quid
506 1247 919 1301 dominationem
946 1259 1127 1314 pacem
1147 1257 1431 1306 vocamus;
1453 1249 1506 1295 et
1533 1255 1637 1292 non
1663 1237 1786 1292 red-

185 1338 374 1390 dimus
400 1335 684 1405 unicuique
705 1336 780 1389 rei
805 1334 1118 1389 vocabulum
1146 1331 1334 1386 suum?
1361 1329 1458 1385 Ubi
1481 1328 1661 1383 odium
1682 1334 1783 1381 est.

184 1427 544 1495 appellentur
575 1425 862 1480 inimicitia:
892 1442 904 1477 :
936 1424 1025 1477 ubi
1063 1423 1254 1477 caritas
1275 1462 1288 1486 ,
1317 1421 1389 1474 ibi
1421 1416 1786 1473 tantummodo

193 1531 302 1585 pax
335 1526 577 1570 vocetur.
611 1515 717 1569 Nos
747 1530 844 1570 nee
878 1514 1171 1568 Ecclesium
1202 1511 1532 1574 scindimus,
1561 1521 1733 1577 neque
1755 1520 1786 1560 a

189 1618 408 1677 patrum
451 1607 824 1661 communione
865 1605 1186 1660 dividimur:
1212 1605 1305 1658 sed
1336 1603 1402 1655 ab
1433 1600 1561 1670 ipsis
1584 1640 1598 1664 ,
1630 1609 1685 1652 nt
1717 1598 1786 1651 ita

191 1700 396 1764 dicam,
430 1699 762 1754 incunabulis
789 1699 1053 1752 catholico
1078 1711 1264 1750 smnus
1292 1697 1426 1748 lacte
1451 1693 1652 1746 nutriti.
1682 1690 1786 1744 Ne-

191 1805 283 1844 mo
315 1805 547 1860 namqne
575 1791 744 1861 magis
772 1789 1177 1845 Ecclesiasticus
1205 1795 1288 1841 est
1311 1827 1325 1850 ,
1355 1801 1512 1854 quam
1539 1784 1625 1852 qui
1653 1797 1788 1835 nun-

191 1897 355 1951 quam
390 1882 675 1936 lncreticus
707 1881 822 1935 fuit.
855 1880 961 1935 Sed
1004 1881 1306 1949 ignoramus
1335 1876 1537 1944 absque
1565 1874 1787 1927 caritate

194 1973 360 2047 514
437 1965 621 2045 pacem
657 2013 671 2040 ,
700 1973 816 2028 sine
867 1988 995 2042 pace
1039 1969 1487 2025 communionem.
1539 1953 1787 2034 Legimus

191 2085 412 2138 quoque
449 2070 498 2121 in
525 2065 813 2136 Evangelio
837 2084 849 2118 :
877 2065 936 2120 Si
963 2063 1114 2130 offers
1141 2078 1323 2115 mimus
1349 2070 1486 2113 tuam
1512 2058 1578 2109 ad
1603 2057 1784 2118 altare,

191 2168 240 2212 et
284 2159 354 2211 ibi
397 2158 696 2212 recordatus
726 2157 882 2225 [ueris
901 2197 914 2219 ,
942 2156 1058 2224 quia
1089 2158 1242 2224 frater
1273 2161 1388 2204 tuus
1420 2148 1565 2202 habet
1595 2145 1788 2214 aliquid

189 2256 471 2303 adversum
501 2257 576 2312 te,
615 2248 806 2300 dimitte
836 2247 905 2298 ibi
940 2260 1120 2297 manus
1159 2252 1300 2294 tuum
1330 2257 1498 2293 coram
1524 2237 1711 2300 altari,
1741 2243 1788 2288 et

192 2341 323 2394 vade
353 2340 498 2409 prius
525 2337 836 2391 reconciliari
863 2337 1010 2408 fratri
1037 2345 1158 2398 tuo;
1185 2345 1230 2387 et
1261 2342 1376 2385 tunc
1405 2331 1600 2384 veniens
1619 2371 1634 2395 ,
1662 2326 1789 2393 oﬂ'er

191 2447 380 2484 manus
430 2440 576 2483 tuum
605 2429 624 2500 (
651 2428 836 2483 Matth.
876 2429 929 2483 5.
973 2429 1059 2482 l3.
1099 2426 1169 2480 24
1196 2425 1319 2495 ).-Si
1353 2437 1568 2477 tnnnera
1609 2432 1788 2475 nostra

191 2525 396 2592 abSque
453 2537 580 2591 pace
607 2521 800 2575 oll‘erre
830 2536 933 2575 non
961 2533 1245 2589 possumus
1278 2536 1290 2570 :
1319 2526 1516 2586 quanto
1545 2515 1710 2584 magis
1737 2523 1791 2568 et

190 2615 387 2670 Christi
414 2629 623 2683 Corpus
648 2613 927 2680 accipere?
953 2612 1065 2678 Qua
1091 2611 1415 2665 con-cientia
1440 2608 1504 2662 ad
1533 2606 1788 2661 Euchari-

191 2707 346 2762 stiatn
374 2706 582 2761 Clu-isti
607 2707 679 2776 (a)
705 2704 974 2768 accedam,
1003 2711 1057 2757 et
1085 2701 1418 2770 respondebo
1444 2701 1635 2764 Amen,
1663 2697 1788 2751 dum

191 2801 258 2855 de
285 2799 522 2854 caritate
550 2798 785 2852 dubitem
817 2795 1173 2866 porrigentis?
1681 2841 1686 2844 .

264 2894 318 2949 5.
350 2893 559 2958 Quaeso
582 2900 651 2955 te,
677 2899 731 2944 ut
759 2890 1022 2960 patienter
1048 2903 1133 2942 me
1158 2887 1363 2953 audias,
1393 2901 1487 2940 nec
1517 2885 1790 2940 veritatem

191 2985 563 3039 adulationem
595 2991 764 3054 putes.
797 2981 1158 3050 Quisquamne
1186 2980 1276 3033 tibi
1306 2979 1496 3033 invitus
1549 2991 1791 3032 commu-

192 3076 366 3129 nicat?
435 3075 782 3143 quisquamne
824 3081 1035 3127 extenta
1093 3085 1248 3123 manu
1290 3069 1444 3123 vertit
1484 3067 1668 3121 faciem
1695 3083 1710 3130 ;
1741 3075 1794 3119 et
1831 3131 1835 3135 _

191 3168 330 3222 inter
371 3181 569 3224 sacras
611 3165 797 3238 epulas
836 3163 984 3222 inda:
1025 3162 1264 3220 osculum
1303 3157 1558 3233 porrigit?
1589 3156 1667 3210 Ad
1697 3155 1792 3209 ad-

189 3273 408 3317 ventum
455 3302 468 3322 ,
502 3261 574 3329 (li)
610 3268 666 3313 nt
707 3274 828 3314 reor
851 3301 866 3326 ,
898 3267 1046 3311 tntnn
1081 3271 1185 3310 non
1226 3263 1381 3324 pavet
1419 3248 1792 3307 Mo‘nacliorum

192 3353 378 3418 turba;
451 3352 546 3406 sed
619 3350 1006 3420 gaudetzcum
1068 3347 1308 3401 certatim
1360 3343 1450 3397 tibi
1505 3341 1798 3412 procedunt

192 3447 400 3504 obviam
430 3489 442 3508 ,
468 3453 521 3499 ct
542 3444 608 3498 de
631 3443 795 3499 eremi
822 3440 1054 3497 latibulis
1079 3446 1354 3499 exeuntes,
1380 3451 1473 3490 sua
1499 3446 1551 3488 te
1576 3433 1796 3501 cupiunt

201 3539 510 3594 humilitate
533 3549 806 3606 superare.
834 3533 963 3602 Quis
987 3547 1079 3587 eos
1105 3529 1373 3599 compellit
1399 3525 1587 3581 exire?
1611 3524 1796 3578 Nonne

210 3647 360 3686 amor
387 3629 506 3686 tui?
531 3629 659 3695 Quis
685 3643 782 3697 per
805 3641 1039 3680 ercnutm
1067 3633 1339 3695 separatos
1365 3622 1414 3695 in
1441 3634 1600 3672 unum
1625 3618 1797 3687 cogit?

209 3723 397 3778 Nonne
445 3731 533 3774 tua
575 3716 827 3774 dilectio?
856 3717 926 3786 (c)
959 3719 1150 3770 Amare
1194 3728 1334 3768 enim
1382 3724 1574 3781 parcns
1617 3711 1795 3764 debet.

211 3819 385 3870 Amat
429 3827 626 3883 parens
655 3820 708 3864 et
737 3810 1028 3879 Episcopus
1053 3807 1248 3869 debet,
1281 3820 1383 3858 non
1416 3803 1608 3856 timeri.
1643 3799 1797 3854 Anti-

211 3921 313 3975 qua
345 3903 611 3960 sententia
641 3909 721 3952 est
749 3916 764 3953 :
795 3915 938 3968 quem
965 3899 1136 3950 metuit
1164 3897 1293 3982 qqis,
1325 3895 1431 3946 odit
1459 3909 1477 3946 :
1502 3909 1644 3962 quem
1670 3893 1796 3955 odit,

210 3996 419 4065 periisse
462 3991 599 4056 cupit
624 3988 814 4058 (Apud
843 3987 1001 4040 Cicer.
1033 3985 1121 4037 lib.
1151 3980 1486 4052 ἳζοπὶίὶον.)
1518 3980 1615 4052 (l).
1652 3980 1800 4034 Unde

211 4093 268 4139 et
294 4083 347 4137 in
377 4079 578 4135 nostris
601 4077 790 4142 literis,
814 4089 934 4129 cum
978 4073 1122 4126 initia
1151 4074 1491 4140 parvulorum
1514 4073 1564 4123 in
1609 4071 1800 4124 timore

211 4171 552 4232 consistant,
593 4164 812 4235 perfecta
847 4163 1044 4216 dilectio
1089 4164 1229 4232 [oras
1267 4161 1414 4212 mittit
1454 4161 1681 4213 timorem
1714 4161 1799 4227 (i.

211 4263 373 4319 Joan.
402 4262 457 4316 4.
489 4256 618 4330 l8).
651 4255 766 4310 Non
794 4253 988 4325 quaeris
1027 4252 1310 4306 Monachus
1339 4249 1430 4302 tibi
1462 4263 1580 4302 esse
1619 4249 1799 4317 subje-

212 4363 330 4412 ctos
356 4371 369 4408 :
394 4351 516 4408 ideo
543 4347 710 4417 magis
735 4344 1003 4415 subjectos
1029 4342 1215 4412 habes.
1244 4339 1324 4394 Tu
1349 4337 1508 4393 oll'ers
1532 4338 1796 4405 osculum,

301 4525 348 4588 α)
385 4524 693 4588 Veronensis
719 4521 848 4588 liber
867 4553 880 4578 ,
919 4518 1002 4588 qui
1027 4530 1155 4588 unus
1179 4522 1290 4588 est,
1316 4527 1414 4578 quo
1437 4527 1546 4588 cum
1570 4514 1677 4588 lnge
1701 4517 1803 4588 epi-

217 4575 347 4638 ειοῑέί
361 4575 571 4637 conferri
598 4575 1051 4649 potui_t_lnoh_énim
1077 4578 1164 4627 Ms-
1187 4575 1403 4649 οράίρέπη
1435 4575 1587 4649 “ilum
1614 4575 1803 4649 Matii"

219 4662 356 4699 naeus
378 4649 564 4698 invenit
581 4638 708 4707 [aut
730 4638 973 4694 Victorius
995 4638 1250 4707 memorat)
1276 4639 1374 4707 duo
1398 4639 1549 4707 verba
1568 4639 1800 4688 accedam

218 4715 264 4758 et
289 4725 381 4759 nou
397 4700 632 4770 agnoscit,
651 4707 795 4770 idque
807 4707 992 4755 rectius
1009 4711 1062 4752 ut
1086 4703 1276 4751 videtur
1295 4714 1308 4758 ;
1333 4701 1424 4770 hoc
1447 4700 1629 4770 quippe
1646 4713 1802 4770 unum

219 4749 381 4820 {ciui
393 4749 822 4821 iii'e'ié'ﬁl'aiﬁéité'
834 4749 947 4816 esse
953 4749 959 4751 Ἴ
969 4749 1112 4814 Quen
1135 4749 1436 4824 respondere
1454 4749 1801 4824 Eucharistiam

222 4834 492 4939 Eli-rigenti
514 4867 530 4892 ,
568 4831 633 4880 de
657 4833 794 4894 cujus
818 4828 1036 4902 caritate.
1056 4822 1268 4873 dubites.
1309 4823 1430 4872 Nam
1453 4824 1566 4893 olim
1591 4822 1640 4892 in
1661 4834 1800 4896 sacro

300 4894 540 4939 charisma
579 4900 688 4939 actu
711 4901 970 4939 porrigens
987 4887 1202 4939 dicebat.
1224 4893 1409 4939 corpus
1431 4884 1648 4939 Christi;
1673 4896 1799 4933 aect-

248 4881 540 4960 thcliariStizi:
579 4900 688 4942 actu
711 4881 970 4960 porrigens
987 4887 1202 4941 dicebat,
1224 4893 1409 4948 corpus
1431 4881 1648 4960 cla-isti;
1673 4886 1799 4960 acci-

228 4951 512 5020 ltie_ns_v_ero
533 4944 875 5020 respondebit?
884 4962 1046 5020 amen,
1071 4960 1214 5016 quam
1238 4944 1623 5020 vocem-rursum
1646 4944 1799 5020 subji-

227 5005 391 5071 ciebat
413 5013 486 5061 bis
507 5005 705 5062 calicem
733 5014 969 5062 tradentis
987 5045 1001 5067 ,
1026 5005 1228 5071 Sanguis
1247 5007 1439 5071 paristi
1455 5042 1470 5066 ,
1493 5006 1630 5071 calix
1667 5005 1795 5058 vitia.

227 5067 354 5140 Iliae
380 5073 693 5140 Augustinus
723 5074 882 5140 Serm.
923 5067 1172 5140 272.363.
1200 5069 1400 5140 edition.
1445 5067 1605 5140 {mdis
1615 5076 1800 5140 corpus

227 5129 437 5194 Christi;
461 5128 507 5183 Et
545 5136 800 5194 respondes
839 5145 1000 5183 Amen.
1034 5132 1096 5182 Et
1127 5129 1207 5178 lib.
1245 5128 1338 5194 12ζ
1342 5136 1549 5194 contra
1569 5128 1800 5194 Faustum

229 5203 333 5254 cap.
363 5190 436 5244 1οζ
469 5213 491 5241 α
517 5190 680 5244 Habet
709 5194 836 5242 enim
859 5204 1282 5255 magnamrvoccm
1305 5190 1482 5255 Christi
1519 5190 1726 5255 Sapguis
1751 5192 1800 5240 in

230 5250 402 5315 terris,
438 5271 546 5306 cum
573 5268 634 5305 eo
670 5263 866 5315 accepto
889 5250 1550 5315 alfomnibusreispondetur
1569 5250 1794 5315 Amen.)

227 5313 338 5378 για.
364 5311 602 5369 Clement.
627 5311 827 5368 Coustit.
854 5317 935 5365 lib.
960 5317 1007 5366 8.
1033 5329 1137 5378 cap.
1168 5314 1240 5378 19.
1267 5311 1494 5376 Cvrillnm
1519 5311 1716 5378 Cateelt.
1748 5313 1798 5362 5.

227 5377 535 5430 Ambrosium
559 5381 623 5429 de
647 5377 948 5427 Sacrameut.
977 5379 1060 5427 lib.
1090 5373 1151 5423 ’4.
1195 5373 1442 5438 insignem
1484 5387 1604 5425 vero
1644 5373 1802 5423 locum

228 5439 746 5506 receleapudgEuscb.
771 5439 896 5506 Hist.
924 5439 956 5487 Ι.
980 5441 1027 5489 6.
1053 5453 1096 5488 c.
1123 5438 1198 5506 43ἒ

299 5499 362 5625 ΙἽ
400 5496 496 5554 Pio
533 5504 722 5552 duabus
743 5501 924 5571 vocalis
945 5509 994 5550 ut
1019 5512 1129 5550 reor
1149 5534 1164 5558 ,
1189 5497 1491 5569 Veronensis
1513 5497 1602 5548 Ms.
1633 5496 1798 5561 igitur.

317 5576 344 5611 ε
403 5563 620 5625 Utroque
645 5567 692 5614 iu
716 5564 821 5614 loco
855 5563 1098 5612 Victorius
1119 5573 1304 5625 amart,
1328 5574 1435 5625 cum
1461 5563 1666 5623 primum
1689 5573 1798 5609 cou-

317 5559 360 5626 c)
403 5563 620 5626 Utroque
645 5567 692 5614 iu
716 5564 821 5614 loco
855 5563 1098 5612 Victorius
1119 5559 1304 5626 amari,
1328 5574 1438 5626 cum
1461 5559 1668 5623 primum
1689 5573 1802 5609 cou-

230 5621 332 5686 ste't
349 5621 502 5686 activa
527 5621 869 5677 terminatione
889 5638 946 5676 ac
961 5637 1112 5686 sensu
1133 5623 1325 5672 debere
1342 5621 1460 5686 legi.

300 5683 360 5750 (η
397 5686 482 5738 Est
500 5687 642 5738 Ennii
665 5687 790 5751 apud
813 5686 1037 5752 Ciceroni.
1062 5685 1156 5734 loc.
1183 5687 1263 5733 cit.
1281 5681 1426 5752 quem
1445 5688 1676 5752 metuunt,
1696 5681 1804 5733 adc-

235 5745 382 5812 runt',
402 5763 542 5813 quem
563 5745 762 5815 quisque
783 5749 885 5803 odit
907 5745 1107 5812 periisse
1129 5745 1325 5810 expetit.

1550 295 1880 363 EPISTULA
1919 295 2111 356 LXXX

3363 309 3467 365 758

1889 417 1965 472 illi
1994 416 2127 470 colla
2157 415 2495 471 submittunt.
2528 401 2759 471 Exhibes
2788 417 3030 486 tnilitem,
3059 429 3114 475 et
3139 419 3330 476 dnccin
3363 425 3467 480 ini-

1885 516 2083 576 petras,
2112 506 2260 574 quasi
2288 521 2422 559 umis
2453 507 2504 559 in
2539 507 2775 574 pluribus
2799 523 2878 572 cs,
2910 517 2968 562 ut
2994 512 3067 564 sis
3097 528 3232 566 unus
3255 529 3318 567 ex
3349 515 3467 583 pln-

1884 599 2051 652 ribus.
2084 599 2200 652 Cito
2241 597 2541 667 indignatur
2571 599 2786 653 libertas
2806 641 2820 664 ,
2847 600 2891 654 si
2933 602 3266 670 opprimitur.
3298 605 3465 662 Nemo

1885 688 2004 757 plus
2032 689 2276 758 impetrat
2299 687 2338 742 a’
2358 687 2796 758 libet-0(2),quam
2825 689 2912 758 qui
2942 691 3142 745 servire
3174 709 3278 746 non
3301 697 3462 765 Cogit.

1883 778 2139 833 Novimus
2164 780 2410 834 Canones
2445 777 2870 835 Ecclesiasticos.
2900 781 3014 835 Non
3047 783 3349 852 ignoramus
3373 802 3465 841 or-

1884 871 2037 924 dines
2058 872 2382 940 singulorum
2405 890 2417 925 :
2437 881 2490 926 et
2517 873 2743 927 lectione
2764 882 2820 927 et
2839 875 3160 942 qnotidianis
3181 879 3462 947 exemplis,

1885 976 2054 1031 usque
2099 962 2164 1016 ad
2211 962 2347 1016 hanc
2389 971 2601 1018 :ctatem
2647 964 2808 1018 multa
2835 965 2914 1037 (ιι)
2942 966 3262 1035 didicimus,
3305 971 3466 1024 multa

1883 1055 2088 1124 experti
2137 1071 2337 1109 sumus.
2380 1056 2477 1122 Qui
2525 1057 2892 1124 scorpionibus
2933 1058 3128 1125 caedit;
3172 1068 3227 1114 et
3274 1061 3468 1116 lumbis

1890 1147 2054 1216 patris
2095 1145 2291 1201 habere
2311 1163 2369 1202 se
2391 1156 2538 1216 putat
2573 1147 2764 1218 digitos
2786 1151 3099 1218 gressiores,
3118 1152 3226 1206 cito
3248 1163 3467 1223 regnum

1881 1237 2149 1291 'ntansueti
2182 1236 2341 1292 David
2367 1237 2587 1307 dissipat
2615 1238 2691 1310 (5.
2718 1237 2826 1308 Reg
2879 1239 2989 1309 ΓΞ).
3019 1240 3176 1295 Certe
3200 1241 3470 1298 Romanus

1888 1327 2134 1396 pupulas,
2155 1343 2221 1382 ne
2257 1328 2307 1381 in
2325 1342 2447 1398 rege
2475 1329 2689 1399 quidem
2765 1330 2922 1402 515
2997 1331 3296 1400 superbiam
3331 1334 3466 1388 tulit.

1890 1417 2006 1472 Dux
2031 1418 2116 1472 ille
2142 1417 2414 1474 lsraelitici
2443 1421 2723 1485 exercitus,
2752 1425 2840 1490 qui
2868 1422 3049 1477 decem
3076 1423 3246 1494 plagis
3267 1424 3470 1480 afﬂixe-

1891 1517 1972 1563 rat
2010 1508 2295 1580 Egyptnm
2321 1551 2336 1575 ,
2364 1519 2419 1564 ct
2445 1511 2510 1572 ad
2541 1511 2691 1580 cujus
2721 1512 2997 1582 imperium
3026 1514 3219 1569 omium
3246 1525 3298 1569 et
3328 1521 3470 1571 terra

1889 1609 1944 1654 et
1971 1601 2134 1653 maria
2156 1601 2478 1666 serviebant,
2508 1601 2646 1656 inter
2666 1612 2886 1656 cunctos
2909 1597 3170 1671 homines,
3191 1619 3324 1674 quos
3345 1613 3471 1660 tunc

1891 1699 2031 1744 terra
2063 1693 2370 1759 generavit,
2405 1693 3222 1762 mansuetissimuspraedicatur.
3260 1698 3321 1750 Et
3350 1699 3472 1755 ideo

1885 1795 1986 1848 per
2011 1779 2353 1848 quadraginta
2380 1795 2548 1834 annos
2577 1782 2802 1835 obtinuit
2833 1784 3204 1852 principatum,
3228 1788 3348 1856 quia
3377 1803 3471 1856 po-

1891 1871 2099 1922 testatis
2124 1870 2425 1936 superbiam
2456 1870 2750 1925 lenitate-et
2774 1874 3178 1928 mansuetudine
3206 1884 3472 1945 tempera-

1891 1957 2000 2013 bat.
2029 1957 2390 2024 l.apidabatur
2417 1974 2446 2012 a
2476 1961 2700 2028 populo,
2730 1969 2784 2014 et
2813 1976 2910 2030 pro
2936 1962 3290 2032 lapidantibus
3318 1981 3471 2036 rogat-

1891 2048 2012 2113 bat;
2053 2048 2178 2119 quin
2231 2050 2404 2117 potius
2441 2050 2606 2104 deleri
2656 2052 2768 2121 ipse
2806 2053 2918 2106 vult
2955 2053 3020 2107 de
3063 2055 3197 2108 libro
3239 2056 3328 2110 Dei
3355 2098 3370 2122 ,
3403 2073 3473 2114 ne

1891 2143 2208 2194 etmniissus
2249 2141 2348 2195 sibi
2397 2156 2521 2211 grex
2569 2152 2770 2212 pereat.
2829 2143 3081 2212 Cupiebat
3123 2145 3263 2200 enim
3323 2147 3471 2201 illum

1892 2230 2083 2284 imitari
2126 2230 2399 2285 Pastorem
2428 2271 2442 2294 ,
2475 2245 2630 2298 quem
2661 2231 2862 2286 sciebat
2889 2233 3046 2286 etiam
3077 2245 3315 2289 errantes
3343 2246 3474 2291 oves

1892 2320 2002 2372 suis
2030 2319 2262 2373 humeris
2287 2327 2635 2388 portaturum.
2670 2319 2873 2387 Pastor,
2905 2322 3090 2392 inquit,
3121 2324 3278 2378 bonus
3330 2328 3474 2394 pauit

1892 2412 2114 2464 animant
2135 2429 2276 2464 suam
2299 2427 2390 2480 pro
2405 2411 2695 2465 ovibussuis
2712 2411 2891 2480 (Joan.
2917 2413 3002 2467 10.
3032 2415 3050 2466 vl
3067 2415 3138 2481 l).
3165 2414 3292 2468 Boni
3317 2418 3471 2486 quip-

1894 2519 1960 2573 pe
1987 2504 2210 2573 pastoris
2236 2503 2526 2572 discipulus
2553 2513 2696 2572 optat
2726 2504 3005 2559 anathema
3033 2521 3152 2560 esse
3181 2522 3274 2576 pro
3303 2509 3476 2562 fratri-

1893 2594 1991 2648 bus
2013 2595 2122 2648 suis
2139 2593 2314 2662 (Rom.
2331 2593 2385 2648 9.
2405 2596 2480 2664 4),
2506 2603 2662 2664 atque
2681 2597 2938 2664 cognatis,
2957 2597 3046 2665 qui
3073 2608 3194 2651 sunt
3222 2597 3476 2654 Israelita:

1893 2686 2182 2740 secundum
2209 2701 2445 2741 carnem.
2494 2687 2558 2741 Et
2589 2690 2630 2741 si
2661 2687 2751 2742 ille
2782 2690 2956 2758 perire
2983 2690 3124 2758 cupit
3147 2729 3162 2752 ,
3194 2705 3259 2745 ne
3288 2692 3476 2759 perditi

1895 2787 2112 2848 pereant
2136 2798 2148 2832 :
2172 2791 2370 2849 qttanlo
2393 2781 2559 2849 magis
2584 2780 2735 2834 bonis
2765 2781 3071 2848 parentibus
3095 2783 3474 2850 providct‘tdtnn

1894 2880 1993 2938 cst,
2017 2891 2081 2926 ne
2108 2873 2173 2924 ad
2205 2872 2527 2928 iracundiam
2561 2882 2848 2940 provocent
2879 2873 3014 2924 iilios
3039 2881 3252 2933 suos,et
3279 2874 3475 2929 nimie-

1898 2973 2004 3018 tate
2029 2963 2237 3018 duritia:
2257 3002 2274 3030 ,
2303 2963 2461 3017 etiam
2491 2962 2790 3016 lenissimo:
2809 3003 2822 3026 ,
2851 2976 3069 3032 asperos
3094 2976 3210 3017 esse
3239 2965 3480 3035 compel-

1897 3052 2035 3108 lant?
3134 3065 3141 3071 ”

1968 3143 2020 3198 4.
2063 3142 2296 3212 Epistola
2329 3139 2468 3211 cogit
2498 3153 2583 3196 me
2612 3141 2824 3195 brevius
2854 3141 2995 3209 loqui
3023 3181 3037 3207 ,
3067 3141 3219 3197 dolor
3247 3143 3475 3213 longius.

1897 3234 2090 3294 Scribit
2120 3238 2167 3291 in
2200 3235 2308 3292 suis
2331 3233 2451 3297 ills.
2478 3241 2532 3289 ut
2561 3232 2648 3290 ille
2672 3233 2780 3289 vult
2805 3233 3056 3305 paciticis,
3084 3243 3136 3288 ut
3163 3249 3261 3306 ego
3282 3235 3476 3304 sentio,

1897 3329 2311 3384 mordacissimis
2342 3328 2549 3393 litteris,
2575 3326 2714 3396 quod
2743 3341 3007 3396 nunquam
3034 3340 3064 3380 a
3095 3341 3180 3380 me
3204 3328 3361 3382 hcsus
3387 3331 3477 3396 sit,

1899 3435 1998 3474 nec
2029 3419 2199 3474 dictus
2241 3419 2539 3472 haereticus.
2585 3417 2826 3485 Quonam
2865 3418 3023 3487 igitur
3061 3417 3219 3471 modo
3245 3435 3330 3473 me
3367 3420 3480 3490 ipse

1901 3510 2062 3575 laedit,
2086 3517 2430 3579 a-grotantcm
2460 3508 2648 3562 morbo
2678 3507 2927 3577 pessimo,
2948 3517 3001 3562 et
3021 3506 3273 3562 rebellem
3297 3509 3483 3565 Eccle-

1900 3605 1992 3658 sia:
2019 3603 2317 3656 ventilans?
2343 3602 2422 3656 Ab
2449 3602 2565 3655 aliis
2591 3601 2890 3664 lacessitus,
2914 3605 3141 3654 accurrit
3160 3600 3483 3657 adversariis

1901 3711 2142 3766 parcere,
2174 3693 2368 3749 ltcdere
2399 3709 2502 3746 non
2531 3691 2850 3747 laedentem?
2881 3691 3174 3760 Antequam
3202 3692 3480 3748 ordinare-

1903 3798 1988 3842 tur
2017 3787 2176 3841 l‘ralcr
2206 3800 2356 3838 mens
2381 3783 2803 3854 (Pantiniaans),
2834 3795 3098 3849 nunquam
3139 3780 3235 3851 [aL
3263 3783 3481 3854 nullam]

1903 3878 2033 3931 dixit
2069 3877 2228 3928 fuisse
2264 3875 2401 3926 inter
2436 3887 2494 3925 se
2523 3882 2578 3924 et
2617 3880 2857 3924 sanctum
2895 3869 3088 3936 Papam
3130 3870 3482 3938 Epiphanintn

1904 3968 1971 4021 de
2016 3964 2351 4034 dogmatibus
2389 3961 2760 4030 qumstioncm.
2793 3959 2856 4011 Et
2883 3973 2999 4026 quae
3028 3974 3148 4012 eum
3182 3961 3314 4012 ratio
3340 3976 3485 4015 com-

1906 4056 2154 4127 pellebat,
2189 4053 2325 4107 sicut
2354 4053 2467 4120 ipse
2497 4048 2705 4104 tandem
2738 4048 2942 4113 scribit,
2967 4050 3042 4118 (e)
3071 4048 3192 4103 inde
3222 4050 3361 4105 inter
3387 4067 3482 4122 po-

1907 4145 2060 4215 pulos
2106 4143 2413 4211 disputare,
2455 4140 2596 4194 unde
2641 4153 2798 4193 nemo
2841 4138 3146 4208 quaerebat?
3189 4139 3300 4195 Scit
3341 4143 3486 4198 cnim

1914 4234 2193 4307 prudentia
2219 4241 2305 4287 tua
2334 4231 2657 4301 periculosas
2677 4245 2795 4285 esse
2815 4227 3117 4299 hujusmodi
3141 4232 3482 4299 quaestiones,

1907 4336 1962 4384 et
1999 4326 2128 4381 nihil
2165 4339 2284 4379 esse
2329 4323 2490 4377 tutius
2517 4335 2674 4390 quam
2719 4329 2934 4376 tacere:
2965 4321 3063 4375 nisi
3102 4321 3235 4376 forte
3270 4337 3488 4377 necesse

1908 4429 1989 4476 est
2016 4419 2157 4488 loqui
2182 4418 2248 4471 de
2273 4413 2585 4486 grandibus.
2615 4413 2772 4469 Certe
2796 4412 2935 4483 quod
2965 4413 3091 4468 illud
3116 4421 3315 4468 tantum
3344 4415 3489 4484 inch

1908 4513 2052 4567 nium
2085 4509 2385 4580 iltmtenque
2409 4505 2498 4579 [aL
2531 4503 2844 4578 [aliumque]
2865 4505 3181 4574 eloquentia:
3209 4505 3325 4566 fuit.
3355 4516 3411 4560 ut
3436 4507 3490 4561 in

1908 4618 2014 4657 uno
2044 4601 2295 4655 Ecclesia:
2324 4607 2578 4660 tractatu,
2606 4607 2794 4650 cuncta
2825 4595 3292 4663 comprehendisse
3321 4609 3382 4650 se
3403 4597 3488 4650 dia

1905 4701 1991 4748 cat
2013 4734 2027 4756 ,
2059 4691 2124 4745 tle
2163 4690 2354 4760 quibus
2395 4687 2616 4757 singulis
2657 4685 2900 4740 novimus
2929 4684 3318 4740 eruditissimos
3344 4685 3491 4739 viros

1908 4784 2108 4838 inlinita
2137 4795 2386 4836 versuum
2431 4778 2589 4832 millia
2634 4774 3054 4844 conscripsisse?
3097 4773 3200 4828 Sed
3232 4773 3333 4827 hoc
3361 4773 3489 4843 quid

1906 4875 1971 4930 ad
2003 4875 2122 4928 me?
2143 4872 2356 4927 Noverit
2383 4870 2470 4924 ille
2495 4869 2581 4938 qui
2601 4867 2820 4930 audivit,
2849 4865 2979 4920 sciat
3011 4865 3122 4934 ipse
3145 4863 3232 4934 qui
3253 4864 3487 4934 scripsit,

1905 4981 2096 5035 meque
2127 4963 2193 5018 ab
2216 4960 2548 5017 accusatione
2580 4959 2658 5012 sui
2688 4958 2800 5026 ipse
2827 4955 2984 5010 etiam
3013 4952 3217 5007 liberet.
3253 4954 3364 5023 Ego
3390 4970 3490 5010 nec

1908 5060 2153 5118 interfui,
2186 5071 2283 5110 nec
2324 5052 2522 5107 audivi.
2564 5050 2714 5106 Unus
2749 5064 2780 5103 e
2826 5047 3024 5119 popqu
3055 5059 3213 5110 smn,
3259 5046 3366 5100 imo
3421 5062 3490 5102 ne

1907 5167 2044 5208 unus
2067 5150 2278 5220 quidem
2299 5187 2316 5214 ,
2342 5146 2464 5218 quia
2493 5144 2672 5202 multis
2697 5139 3064 5204 clamantibus,
3107 5137 3270 5211 διε
3328 5141 3486 5194 tacui.

1906 5241 2252 5297 Conferamus
2282 5235 2553 5305 arguentis
2570 5230 2904 5297 accusatique
2935 5243 3189 5298 personas
3217 5248 3230 5284 :
3259 5238 3310 5286 et
3341 5230 3491 5300 cujus

1909 5331 1988 5386 vel
2019 5329 2263 5384 meritum
2289 5369 2304 5394 ,
2338 5325 2418 5381 vel
2447 5325 2552 5378 vita
2580 5363 2595 5388 ,
2624 5321 2708 5376 vel
2739 5319 2975 5376 doctrina
3013 5321 3347 5390 prrcesserit
3369 5361 3383 5389 ,
3418 5321 3493 5377 illi

1910 5421 2076 5491 magis
2105 5416 2568 5474 accommodemus
2599 5412 2780 5468 ﬁdem.
3429 5415 3435 5424 '

1995 5555 2045 5619 ά]
2080 5555 2220 5619 Idem
2245 5553 2345 5619 Ms._
2368 5549 2515 5619 itaita
2535 5549 2780 5619 dedimus.

1994 5609 2052 5692 ej:
2075 5616 2377 5692 veropensis
2400 5612 2529 5692 liber
2548 5648 2576 5692 ζ
2657 5611 2744 5692 die
2913 5609 3178 5692 temperantis
3201 5612 3486 5675 disputaret.

1912 5671 2118 5731 Gravius
2137 5677 2252 5728 inde
2289 5675 2378 5726 diu
2400 5675 2523 5725 inter
2545 5671 2744 5737 populos
2767 5671 3032 5734 disputare.
3281 5671 3290 5675 '
3429 5707 3434 5713 .

1977 5742 2049 5806 (ξ)
2085 5740 2137 5790 in
2163 5739 2271 5790 aliis
2293 5738 2432 5788 libris
2455 5745 2598 5790 Nemo
2622 5734 2730 5800 plus
2750 5733 2957 5798 imperat
2979 5731 3148 5796 libero,
3175 5742 3272 5784 etc.
