4056 6184
690 390 747 446 5.
791 387 1044 453 Videsne,
1066 383 1206 456 quod
1230 380 1447 443 clausis,
1476 385 1532 432 ut
1556 376 1769 439 dicitur,
1795 374 1964 429 oculis
1992 389 2199 427 summa

620 496 848 552 qumque
878 479 1223 548 perstringam
1257 490 1272 525 :
1301 485 1406 525 non
1434 479 1540 522 tam
1571 469 1826 536 eloquens
1852 465 1993 534 quod
2026 475 2204 522 mente

622 571 862 640 concepi.
884 583 1040 638 quam
1069 564 1306 618 indicans
1329 561 1454 632 quid
1486 560 1759 615 reticeam.
1782 557 1859 626 (α)
1883 556 2123 611 Intellexi
2150 563 2206 610 et

624 660 836 732 probavi
881 655 1333 724 dispensationem
1378 650 1396 724 [
1417 651 1491 704 al.
1537 646 1970 718 disputationem]
2017 655 2160 701 tuam
2183 685 2200 712 ,

620 751 759 820 quod
810 745 1196 802 Ecclesiastica:
1239 744 1352 813 paci
1395 741 1722 804 cotisuleus,
1764 739 1916 809 quasi
1963 737 2204 792 sireneos

619 851 801 893 cantus
829 838 1070 892 obturata
1100 849 1228 889 aure
1256 833 1564 904 pertransis.
1595 830 1804 900 Alioqui
1829 830 1956 900 quia
1984 844 2013 881 a
2039 843 2203 898 parva

618 938 772 984 :etate
796 927 964 981 sacris
989 926 1179 980 litteris
1191 923 1431 980 eruditus
1450 937 1530 987 es,
1547 921 1685 976 nosti
1705 935 1809 990 quo
1834 934 1992 973 sensu
2015 933 2204 972 unum-

620 1019 869 1089 quodque
910 1018 1116 1071 dicatur
1159 1033 1172 1068 :
1209 1013 1479 1084 quomodo
1521 1014 1575 1066 in
1620 1011 1882 1080 ambiguis
1926 1009 2204 1063 sententiis

629 1108 750 1180 [ης.
776 1108 1043 1178 antbiguas
1065 1103 1356 1176 ualentius]
1389 1116 1510 1159 tuus
1535 1117 1710 1158 sermo
1737 1102 1975 1164 libratus,
1997 1109 2052 1154 et
2075 1098 2206 1154 alie-

620 1217 690 1255 na
734 1216 840 1255 non
877 1200 1137 1264 damnet,
1178 1209 1233 1252 et
1270 1205 1449 1252 nostra
1486 1211 1591 1249 non
1631 1193 1877 1262 deneget.
1929 1191 2034 1246 Sed
2074 1190 2204 1245 iides

619 1309 750 1363 pura
793 1302 848 1348 et
904 1301 1088 1362 aperta
1135 1289 1403 1344 confessio
1467 1303 1572 1341 non
1611 1285 1799 1356 quaerit
1859 1282 2108 1352 strophas
2150 1289 2206 1338 et

616 1395 925 1455 argumenta
951 1385 1254 1438 verborum.
1282 1379 1435 1448 Quod
1460 1377 1774 1448 simpliciter
1796 1375 2050 1438 creditur,
2074 1373 2202 1427 sim-

619 1480 825 1549 pliciter
849 1477 1207 1534 conﬁtendum
1233 1483 1334 1530 est.
1362 1473 1612 1528 Poteram
1641 1469 1857 1539 quidem
1884 1467 2049 1520 libere
2074 1480 2203 1534 pro.

617 1571 871 1636 clamare,
894 1578 948 1623 et
971 1569 1110 1622 inter
1131 1565 1338 1636 gladios
1361 1577 1574 1631 quoque
1602 1561 1856 1629 ignesque
1881 1555 2203 1624 Babylonios

617 1660 798 1715 dicere
828 1677 841 1712 :
871 1672 968 1712 cur
1012 1656 1156 1711 aliud
1201 1653 1551 1724 respondetur
1591 1665 1749 1719 quam
1789 1646 2081 1718 quaeritur?
2110 1661 2205 1700 cur

619 1763 726 1802 non
753 1747 976 1816 simplex
1005 1755 1108 1810 est,
1135 1758 1236 1799 nec
1260 1750 1443 1812 aperta
1471 1737 1777 1795 confessio?
1808 1738 1998 1790 Totum
2031 1735 2203 1800 timet,

620 1850 789 1894 totum
821 1846 1079 1907 temperat
1098 1877 1113 1899 ,
1147 1845 1313 1890 totum
1341 1833 1589 1902 relinquit
1620 1831 1946 1899 ambiguum,
1975 1837 2030 1884 ct
2055 1827 2205 1896 quasi

619 1943 783 2000 super
805 1930 996 1984 aristas
1020 1926 1278 1996 graditur.
1307 1925 1506 1980 Verum
1528 1923 1703 1977 studio
1729 1931 1785 1976 et
1810 1919 2206 1990 exspectatione

622 2021 767 2089 pacis
788 2059 804 2086 ,
834 2020 1069 2074 fervente
1096 2014 1371 2071 stomacho
1392 2055 1410 2080 ,
1441 2015 1598 2069 verba
1629 2027 1734 2066 non
1760 2009 2028 2080 quomodo
2054 2025 2205 2079 qua:-

620 2123 829 2176 runtur,
855 2109 1157 2180 respondet.
1182 2110 1257 2178 (b)
1282 2107 1506 2162 Laedunt
1529 2106 1694 2160 libere
1719 2103 1829 2168 alii,
1853 2117 1987 2172 quos
2010 2100 2206 2155 ltedere

620 2196 779 2250 laesus
808 2195 922 2264 ipse
955 2209 1059 2248 non
1085 2192 1267 2246 audet.
1298 2192 1409 2260 Ego
1439 2189 1648 2243 interim
1678 2188 1809 2242 sileo
1837 2203 1851 2238 :
1882 2200 2022 2238 nunc
2048 2194 2101 2236 et
2125 2183 2206 2237 di-

619 2285 1011 2355 spensationem
1033 2299 1205 2339 meam
1229 2283 1308 2337 vel
1340 2279 1656 2350 imperitiam
1679 2275 1961 2341 simulabo,
1986 2275 2069 2328 vel
2092 2289 2206 2330 me-

621 2383 752 2430 tum.
799 2374 935 2442 Quid
975 2374 1102 2428 mihi
1140 2372 1408 2428 accusanti
1449 2369 1682 2424 facturus
1719 2379 1802 2423 est
1825 2406 1842 2435 ,
1875 2367 1963 2436 qui
2000 2375 2056 2420 ut
2092 2366 2205 2435 ipse

624 2477 870 2532 testatur,
904 2465 1148 2520 laudandi
1179 2463 1443 2518 detrahit?

651 2568 653 2571 ’
697 2559 752 2615 6.
794 2559 922 2612 Tota
950 2555 1068 2627 ejus
1096 2556 1353 2626 Epistula,
1383 2569 1489 2608 non
1522 2562 1626 2606 lam
1656 2550 2015 2620 espositione,
2045 2562 2205 2619 quam

621 2649 790 2705 nostri
810 2647 904 2720 [al.
926 2646 1132 2718 nostris]
1152 2648 1302 2716 plena
1323 2654 1403 2700 est
1423 2641 1780 2698 contumeliis.
1806 2640 2006 2694 Nomen
2025 2655 2203 2693 meum

625 2741 827 2810 absque
853 2739 976 2794 ullis
1000 2739 1189 2793 officiis
1212 2779 1227 2803 ,
1258 2737 1450 2806 quibus
1477 2750 1582 2789 non
1622 2734 1844 2788 invicem
1874 2733 2090 2801 palpare
2112 2746 2202 2785 so-

621 2833 793 2888 lemus
824 2830 1087 2896 homines,
1113 2828 1418 2899 frequenter
1446 2826 1754 2891 assumitur,
1779 2825 2034 2892 carpitur,
2068 2837 2203 2876 ven-

621 2922 838 2987 tiiatur,
870 2919 943 2990 (c)
987 2919 1139 2990 quasi
1185 2917 1255 2974 de
1297 2917 1433 2972 libro
1475 2915 1766 2970 viventium
1808 2913 2020 2968 deletus
2059 2911 2201 2966 sint:

619 3013 768 3083 quasi
799 3012 937 3067 illius
966 3027 1051 3066 me
1075 3010 1263 3064 litterae
1303 3007 1732 3079 suggillaverint;
1779 3015 1870 3059 aut
1905 3003 2202 3058 istiusmodi

620 3119 788 3174 nugas
834 3117 1063 3173 unquam
1114 3101 1414 3172 quzcsierim
1440 3141 1456 3166 ,
1500 3099 1588 3170 qui
1633 3099 1702 3153 ab
1743 3098 2100 3152 adolescentia
2149 3097 2204 3151 in

623 3193 930 3250 Mouasterii
963 3195 1177 3248 clausus
1201 3193 1409 3248 cellulis
1431 3231 1446 3260 ,
1479 3194 1647 3260 magis
1672 3204 1790 3244 esse
1816 3189 2072 3245 voluerim
2103 3189 2203 3243 ali-

620 3286 768 3358 quid,
791 3301 949 3357 quam
978 3285 1166 3340 videri.
1192 3283 1459 3351 Quosdam
1487 3297 1552 3337 ex
1579 3282 1731 3336 nobis
1757 3282 1832 3336 sic
1853 3296 1973 3336 cum
2002 3282 2204 3336 honore

619 3378 874 3448 appellat,
896 3386 955 3431 ut
977 3376 1192 3439 laceret,
1216 3376 1366 3444 quasi
1386 3384 1442 3428 et
1466 3388 1564 3428 nos
1589 3389 1692 3428 non
1720 3375 1982 3444 possimus
2001 3373 2201 3440 dicere,

619 3485 740 3538 quae
768 3481 926 3522 nemo
949 3475 1105 3519 tacet.
1134 3466 1174 3518 E
1199 3480 1354 3521 servo
1374 3463 1634 3518 Clericum
1657 3463 1849 3519 factum
1872 3467 2200 3530 criminatur,

620 3573 742 3612 cum
767 3567 821 3612 et
850 3556 962 3626 ipse
991 3554 1275 3610 nonnullos
1302 3553 1623 3623 cjuscetnodi
1647 3553 1882 3608 Clericos
1905 3554 2124 3617 habeat;
2149 3566 2204 3610 ct

621 3650 929 3704 Onesimum
957 3646 1143 3717 legerit
1167 3647 1304 3700 inter
1328 3644 1470 3700 l'auli
1494 3653 1730 3699 renatum
1750 3645 1954 3697 vincula
1972 3688 1986 3709 ,
2013 3645 2202 3700 Diaco-

620 3757 746 3796 num
776 3738 1002 3807 cepisse
1022 3753 1140 3792 esse
1157 3736 1224 3792 dc
1245 3752 1399 3791 servo
1425 3735 1672 3804 (Philem.
1704 3733 1786 3804 i).
1810 3733 2199 3806 Sycophantam

617 3832 839 3902 iactitat,
874 3839 928 3883 et
963 3843 1028 3883 ne
1061 3828 1287 3898 probare
1318 3836 1554 3896 rogatur,
1579 3825 1790 3880 audisse
1825 3841 1884 3880 se
1919 3826 2065 3880 dicit.
2089 3826 2133 3880 Ο
2159 3828 2201 3879 si

618 3931 675 3977 et
701 3920 828 3976 tnihi
903 3918 1058 3990 517
1135 3918 1325 3973 liberet
1354 3918 1552 3984 dicere,
1581 3932 1699 3986 qua:
1731 3917 1878 3970 multi
1909 3918 2200 3984 clamitant,

621 4023 674 4068 et
699 4014 922 4067 aliorum
951 4009 1242 4064 maledictis
1266 4011 1660 4079 acquiesccrem
1682 4024 1696 4073 ;
1722 4008 1830 4078 jam
1854 4020 1904 4063 et
1932 4026 2028 4064 nos
2053 4011 2206 4064 intel-

620 4105 810 4176 ligeret
834 4102 972 4157 scire
995 4116 1113 4171 qua:
1138 4116 1324 4156 omnes
1350 4099 1542 4167 sciunt,
1569 4109 1623 4154 et
1651 4114 1736 4154 me
1761 4115 1971 4171 quoque
1995 4102 2200 4168 audire,

621 4211 741 4265 quae
771 4192 947 4248 nullus
974 4192 1200 4262 ignorat.
1231 4189 1370 4246 Dicit
1395 4193 1444 4246 ei
1475 4191 1618 4245 velut
1644 4191 1858 4260 prmmia
1885 4205 1982 4261 pro
2005 4191 2205 4246 Calum-

621 4289 707 4342 nia
757 4285 1016 4340 restituta.
1047 4282 1176 4350 Quis
1218 4292 1324 4337 tam
1365 4293 1606 4353 argutum
1637 4292 1691 4338 et
1717 4283 1918 4339 callens
1946 4299 2050 4338 non
2080 4299 2201 4354 per-

621 4377 897 4432 horrescat
925 4373 1229 4443 ingenium?
1251 4374 1370 4444 quis
1393 4383 1541 4428 tanto
1568 4373 1736 4443 possit
1759 4374 2075 4444 eloquentia:
2101 4374 2205 4429 ful-

623 4465 751 4520 tnini
775 4462 865 4536 [ιιι.
891 4461 1112 4534 ﬂumini]
1135 4461 1492 4532 respondere?
1513 4462 1650 4530 Quid
1671 4471 1753 4518 est
1781 4464 1922 4534 plus,
1943 4465 2206 4521 sustinere

620 4555 963 4619 calumniam,
986 4568 1052 4607 an
1079 4553 1288 4608 facere?
1314 4553 1582 4607 Accusare
1603 4568 1760 4622 quem
1789 4564 1966 4623 postea
1992 4555 2202 4626 diligas,

619 4665 686 4704 an
718 4647 956 4720 peccanti
980 4644 1072 4718 [ιιι.
1099 4644 1310 4718 peccati]
1340 4645 1546 4700 veniam
1579 4645 1845 4700 tribuere?
1871 4646 2005 4713 Quid
2033 4648 2206 4703 minus

589 4747 596 4752 ‘
621 4739 921 4805 ferendum,
947 4738 1014 4793 dc
1041 4735 1364 4808 sycophanta
1387 4734 1462 4806 (d)
1482 4733 1718 4789 Edilem
1750 4733 1882 4801 fieri,
1912 4751 1978 4791 an
2005 4737 2208 4793 Consu-

623 4831 730 4887 Iem
753 4830 776 4885 τ
805 4830 920 4885 Scit
946 4837 999 4884 et
1027 4829 1139 4898 ipse
1167 4827 1290 4897 quid
1321 4837 1521 4880 taceant
1548 4867 1565 4892 ,
1593 4824 1718 4896 quid
1749 4826 1935 4897 loquar
1961 4869 1975 4895 ,
2005 4831 2129 4899 quid
2153 4839 2209 4886 et

622 4937 722 4994 ego
767 4921 1025 4978 audierim
1057 4936 1071 4974 :
1099 4919 1224 4990 quid
1267 4933 1362 4989 pro
1401 4915 1598 4974 Christi
1644 4927 1788 4974 metu
1833 4917 2058 4976 fortasse
2101 4937 2206 4977 non

623 5014 864 5071 credam.

691 5168 757 5238 (ᾳ)
793 5137 1044 5238 Yetustior
1067 5164 1218 5238 editio
1241 5159 1462 5238 Intellexi
1505 5165 1584 5222 te;
1607 5167 1661 5211 et
1679 5172 1811 5221 mox,
1835 5158 1962 5225 quod
1983 5160 2112 5211 enim
2131 5173 2209 5212 ec-

625 5224 907 5280 clesiastij
928 5225 1038 5289 paci
1054 5224 1325 5276 consuleres

692 5290 754 5356 (li)
792 5282 1127 5356 Ctim'eadem
1165 5285 1422 5356 vetustiori
1457 5284 1673 5334 editione
1718 5291 1884 5333 noster
1927 5283 2016 5333 Ms.
2043 5282 2207 5334 libere

625 5348 805 5404 licitere
839 5351 981 5413 lautis
1000 5348 1102 5413 ipse
1123 5360 1218 5413 non
1237 5351 1400 5396 audet.

714 5414 758 5478 c)
795 5412 977 5478 Nescio
999 5404 1060 5458 a'u
1081 5410 1247 5478 verius
1271 5415 1437 5457 noster
1460 5406 1556 5478 iis.
1577 5404 1733 5478 altera
1755 5404 1846 5478 hac
1868 5405 2039 5478 vocula
2062 5405 2204 5478 quasi

624 5467 816 5533 omissa,
841 5473 991 5520 habet
1011 5483 1106 5519 una
1127 5470 1260 5519 serie
1283 5483 1296 5519 :
1329 5486 1351 5514 ι
1369 5470 1504 5531 quasi
1527 5468 1591 5517 de
1616 5467 1739 5517 libro
1763 5468 2032 5518 viventium
2059 5467 2203 5518 dele-

625 5539 706 5582 tus
725 5535 834 5582 sim.
861 5531 993 5579 illius
1015 5544 1093 5579 me
1118 5529 1297 5579 littera:
1319 5526 1710 5582 suggillaverint.

693 5543 834 5590 islm,
861 5543 993 5579 unus
1015 5544 1093 5579 me
1118 5543 1297 5579 littera:
1319 5543 1710 5591 suggtuaverint.

693 5590 763 5653 (α)
786 5589 1068 5650 Simplicem
1088 5591 1436 5653 Presbyterum
1453 5588 1615 5653 didi“,
1635 5588 1932 5653 Episwpum]
1945 5603 2064 5640 vero
2085 5590 2207 5653 Con:

623 5650 853 5720 sul’ijteie
871 5658 1138 5720 potntiarat,
1164 5650 1524 5720 exprobratque
1545 5650 1625 5699 J0.
1647 5650 2052 5712 JcrosOlymitano
2075 5651 2203 5715 quod

623 5713 686 5766 de
709 5709 1017 5776 Sycophanta
1039 5709 1192 5760 factus
1213 5708 1348 5758 esset
1369 5708 1651 5776 Episcopus.

1911 258 2152 317 SANCTI
2192 261 2566 318 lllERONYII

3791 269 3904 327 7ιῦ

2382 377 2435 430 7.
2465 375 2697 429 Hilarius
2724 378 2866 429 vertit
2893 375 3180 447 Oiigaau.
3197 379 3566 452 -—0rigenem
3599 400 3689 440 c
3715 393 3907 457 arguit

2309 467 2536 520 vertisse
2575 469 2628 522 in
2667 467 2939 522 Latinum.
2968 468 3080 523 lloc
3106 485 3214 524 non
3236 473 3386 528 solus
3419 491 3523 545 ego
3548 476 3683 543 feci.
3715 481 3819 534 sed
3848 494 3905 537 et

2307 557 2600 611 Confessor
2626 559 2860 614 Hilarius
2889 559 3017 614 fecit
3047 579 3061 614 :
3089 570 3145 616 et
3174 571 3351 618 tamen
3395 577 3626 638 uterque
3647 581 3905 629 nostrum

2309 649 2469 701 noxia
2485 665 2709 719 quaeque
2725 649 3073 716 detrunmns,
3092 653 3242 707 utilia
3259 657 3551 712 transtulit.
3566 658 3740 730 Legat
3760 663 3903 732 ipse,

2311 740 2388 807 (ε)
2426 740 2472 794 si
2503 740 2653 795 novit
2685 741 2940 811 (arbitror
2971 743 3117 800 enim
3152 759 3278 800 eum
3321 748 3536 804 assidua
3577 751 3905 810 confabula-

2311 830 2458 884 tione
2487 839 2545 884 et
2571 831 2885 900 quotidiano
2927 832 3238 890 Latinorum
3278 840 3554 895 consortio
3592 841 3904 902 Romanum

2310 935 2416 974 non
2463 922 2709 991 ignorare
2752 926 3094 994 sermonem)
3123 936 3218 980 aut
3252 927 3299 982 si
3338 940 3489 984 certe
3527 933 3739 1000 penitus
3779 951 3901 990 non

2307 1011 2559 1076 imbibit,
2589 1013 3010 1084 interpretentur
3037 1017 3088 1070 ei
3116 1018 3210 1087 qui
3231 1018 3409 1074 solent
3427 1059 3445 1086 ,
3470 1030 3527 1074 et
3565 1030 3694 1078 tunc
3718 1026 3861 1079 sciet
3879 1068 3899 1092 ,

2307 1118 2398 1159 me
2425 1105 2477 1158 in
2509 1104 2611 1159 hoc
2637 1107 2753 1173 ipso
2785 1106 3112 1162 laudandum
3138 1123 3260 1164 esse
3283 1109 3426 1178 quod
3455 1109 3714 1167 detrahit.
3745 1113 3902 1170 Sicut

2308 1197 2451 1248 enim
2478 1196 2974 1264 interpretationem
3001 1208 3057 1253 et
3088 1199 3156 1269 (ι’)
3197 1200 3451 1255 idiomata
3492 1202 3897 1274 Scripturarum

2308 1286 2528 1358 Origeni
2549 1304 2762 1358 semper
2776 1291 3015 1357 attribui,
3037 1291 3109 1345 ita
3129 1292 3438 1362 dogmatum
3456 1286 3897 1356 constantissime

2307 1381 2506 1435 abstuli
2534 1384 2834 1437 veritatem.
2863 1382 3128 1453 Numquid
3149 1399 3249 1454 ego
3277 1385 3333 1438 in
3361 1387 3571 1442 turbam
3601 1389 3758 1444 mitto
3777 1393 3898 1446 Oti-

2306 1486 2501 1540 geuem
2521 1473 2544 1525 2
2568 1473 2825 1543 numquid
2845 1483 3074 1529 caeteros
3091 1475 3474 1532 Tractatores?
3495 1477 3623 1532 Scio
3637 1479 3721 1550 (ς)
3737 1483 3896 1537 aliter

2309 1563 2509 1618 habere
2538 1566 2825 1634 Apostolos
2848 1603 2866 1631 ,
2893 1565 3051 1620 aliter
3089 1565 3325 1636 reliquos
3361 1567 3727 1625 Tractatores.
3771 1571 3894 1628 Illos

2308 1671 2524 1725 semper
2551 1671 2676 1710 vera
2718 1657 2900 1711 dicere
2918 1696 2935 1721 ,
2961 1656 3092 1711 istos
3119 1657 3172 1711 in
3197 1657 3518 1726 quibusdam
3548 1669 3606 1714 ut
3645 1660 3894 1719 homines

2307 1748 2577 1802 aberrare.
2611 1748 2815 1802 Novum
2848 1748 3177 1804 defensionis
3214 1748 3308 1820 [aL
3337 1751 3568 1824 malitia]
3595 1768 3792 1823 genus,
3816 1758 3893 1811 sic

2307 1839 2555 1910 Origenis
2581 1840 2708 1893 vitia
2735 1857 2842 1895 non
2871 1856 3090 1910 negare,
3116 1851 3176 1896 ut
3195 1856 3316 1896 cum
3346 1843 3441 1898 illo
3461 1853 3689 1901 carteros
3712 1848 3893 1902 crimi-

2309 1933 2475 1987 neris.
2507 1931 2765 1986 Videlicet
2791 1947 2912 1986 cum
2942 1930 3013 2004 [al
3056 1931 3224 2004 quem]
3251 1942 3437 2002 aperte
3463 1933 3757 1992 defendere
3783 1954 3889 1992 non

2307 2023 2526 2086 audeas,
2555 2025 2843 2078 multorum
2867 2025 3025 2078 simili
3054 2039 3239 2079 errore
3267 2027 3487 2080 tuearis.
3505 2025 3584 2099 (Ii)
3613 2027 3720 2083 Sex
3747 2030 3890 2085 mille

2308 2116 2553 2186 Origenis
2597 2123 2771 2168 tomos
2802 2129 2907 2168 non
2938 2123 3150 2184 poterat
3186 2117 3468 2186 quisquam
3511 2118 3691 2188 legere
3712 2161 3728 2183 ,
3758 2133 3889 2189 quos

2309 2208 2401 2262 ille
2431 2222 2536 2261 non
2568 2206 2783 2275 scripsit
2811 2224 2823 2259 :
2849 2206 3160 2275 faciliusque
3180 2206 3344 2260 credo
3365 2216 3557 2263 testem
3585 2208 3748 2278 hujus
3775 2226 3888 2266 ser-

2308 2300 2505 2363 monis,
2531 2313 2690 2368 quam
2718 2307 2990 2352 auctorem
3016 2312 3136 2352 esse
3160 2299 3463 2354 mentitum.

2380 2388 2435 2443 8.
2459 2387 2701 2441 Fratrem
2727 2403 2900 2445 meum
2920 2386 3343 2458 (Paulinianum)
3375 2403 3589 2444 causam
3612 2388 3745 2444 dicit
3775 2406 3890 2447 esse

2305 2477 2591 2532 discordia:
2622 2476 2816 2547 518:
2849 2477 3486 2547 hominem,quiquicscit
3505 2479 3558 2533 in
3580 2479 3886 2536 Monasterii

2308 2570 2538 2632 cellula;
2570 2581 2624 2623 et
2661 2570 2981 2624 Clericatum
3028 2585 3133 2622 non
3177 2571 3432 2625 honorem
3472 2572 3884 2640 interpretatur,

2309 2661 2403 2716 sed
2419 2675 2574 2715 onus.
2595 2662 2832 2728 Cumque
2855 2675 2953 2714 nos
2983 2676 3149 2730 usque
3168 2660 3234 2714 ad
3259 2671 3575 2731 prmsentem
3604 2663 3751 2719 diem
3774 2665 3887 2719 ﬁcta

2311 2755 2457 2823 pacis
2485 2753 2798 2806 ostensione
2829 2751 3106 2804 iactaverit
3130 2792 3145 2816 ,
3176 2753 3594 2808 Occidentalium
3626 2755 3887 2811 Sacerdo-

2309 2855 2421 2900 tum
2449 2844 2747 2899 commovit
2771 2858 2951 2907 aures,
2985 2843 3170 2898 dicens
3199 2859 3321 2898 eum
3350 2843 3814 2902 adolescentulum
3839 2855 3890 2902 et

2309 2954 2446 3010 pene
2478 2952 2699 3008 puerum
2730 2937 2784 2988 in
2818 2935 3046 3003 parmcia
3077 2950 3171 2990 sua
3203 2932 3478 2991 Bethleem
3509 2935 3885 3009 Presbyterum

2308 3034 2678 3085 constitutum.
2711 3025 2765 3081 Si
2794 3029 2895 3080 hoc
2921 3042 3105 3080 verum
3131 3035 3234 3092 est,
3262 3026 3440 3081 cuncti
3463 3020 3734 3082 Palaestini
3762 3029 3885 3099 Ενίο

2306 3125 2452 3193 scopi
2498 3138 2602 3176 non
2650 3121 2914 3190 ignorant.
2958 3119 3334 3175 Motiasterium
3364 3121 3508 3175 enim
3540 3125 3712 3176 sancti
3741 3137 3887 3193 papa

2308 3213 2594 3287 Epiphanii
2643 3213 2859 3266 nomine
2902 3209 3068 3266 Vetus
3115 3210 3180 3282 (i)
3226 3211 3426 3266 dictum
3453 3251 3468 3276 ,
3510 3214 3564 3266 in
3593 3228 3701 3282 quo
3734 3216 3887 3269 frater

2306 3323 2462 3363 meus
2495 3305 2771 3359 ordinatus
2802 3312 2881 3356 est
2912 3301 3199 3374 Presbyter
3221 3342 3238 3368 ,
3269 3303 3322 3358 in
3361 3303 3885 3374 Eleutheropolitano

2309 3396 2578 3454 territorio
2605 3436 2620 3461 ,
2653 3403 2706 3450 et
2733 3411 2838 3448 non
2867 3394 2918 3448 in
2948 3392 3174 3448 Ailiensi
3216 3394 3374 3447 situm
3417 3402 3519 3450 est.
3564 3395 3736 3451 Porro
3762 3409 3886 3451 aetas

2305 3491 2424 3560 ejus
2449 3499 2503 3544 et
2537 3485 2857 3542 Beatitudini
2897 3496 2999 3539 lUiD
3035 3495 3159 3539 nota
3185 3493 3269 3540 est
3292 3527 3307 3549 ,
3343 3496 3397 3540 et
3425 3501 3546 3540 cum
3573 3487 3638 3540 ad
3677 3489 3884 3559 triginta

2306 3595 2566 3634 annorum
2597 3579 2766 3647 spatia
2792 3578 2902 3644 jam
2927 3578 3248 3644 pervenerit,
3280 3586 3406 3645 puto
3429 3592 3546 3631 eam
3578 3577 3631 3630 in
3658 3577 3759 3632 hoc
3784 3595 3883 3632 non

2305 3687 2426 3727 esse
2452 3668 2966 3740 reprehendendatn,
2985 3670 3268 3738 qumjuxta
3292 3667 3602 3738 mysterium
3633 3671 3884 3740 assnrnpti

2308 3764 2538 3820 hominis
2570 3763 2621 3816 in
2643 3762 2857 3815 Christo
2887 3759 3118 3829 perfecta
3147 3768 3248 3813 est.
3274 3759 3606 3815 Recordetur
3631 3761 3764 3834 legis
3791 3779 3884 3816 an-

2311 3860 2494 3930 tiguzr,
2527 3866 2579 3912 et
2611 3865 2730 3926 post
2756 3854 2938 3960 viginti
2970 3855 3203 3923 quinque
3232 3867 3400 3907 annos
3430 3867 3458 3906 a
3483 3845 3718 3907 Levitica
3749 3852 3883 3909 tribu

2373 3996 2443 4058 fe)
2479 3994 2684 4058 August.
2708 3987 2864 4055 Epist.
2889 3985 2998 4040 179.
3032 4002 3147 4058 quae
3164 3989 3224 4058 _ad
3248 3989 3378 4058 hunc
3399 3988 3626 4058 eumdem
3651 3988 3885 4058 Joannem

2307 4049 2782 4119 1(ξιλοὲιοιιῐιῖἱιειιιειιιῐΔ
2800 4059 2910 4111 est,
2945 4049 3065 4119 eum
3081 4052 3200 4100 dicit
3236 4064 3321 4119 per
3361 4049 3886 4119 uitet-praenuntiam

2309 4110 2627 4170 litterus'suas
2643 4152 2657 4174 ,
2683 4116 2878 4177 Latinas
2914 4113 3139 4177 scilicet;
3165 4120 3216 4160 et
3238 4110 3444 4177 Drosius
3465 4110 3664 4177 quoque
3688 4113 3739 4162 in
3760 4116 3884 4177 Apo-

2309 4181 2356 4230 ln
2375 4195 2407 4226 ν.
2435 4179 2714 4247 imperitum
2739 4175 2922 4224 Latina:
2948 4174 3127 4236 lingua:
3160 4186 3273 4221 eum
3295 4174 3450 4222 innuit
3472 4175 3642 4221 luisse.

2359 4198 2435 4304 Ἷῃ
2478 4241 2750 4304 Veronens.
2786 4247 3024 4304 ἱηεηινῆμηι
3051 4236 3139 4283 Ms.
3180 4234 3306 4283 alius
3328 4235 3453 4304 apud
3490 4235 3642 4283 Gravit

2478 4234 2750 4288 \v'eronens.
2786 4234 3139 4299 θηηιημτέωε.
3180 4234 3306 4283 alius
3328 4235 3453 4299 apud
3490 4235 3713 4283 Gravium
3749 4250 3886 4299 ιη..)-

2309 4296 2442 4366 μτᾏὶἰ
2462 4313 2516 4350 ro
2537 4301 2784 4366 imputata:
2822 4296 2932 4366 ilex
2957 4305 3127 4366 autem
3152 4304 3296 4366 vetus
3338 4296 3514 4366 editio,
3539 4308 3728 4366 semper
3750 4296 3884 4348 attri-

2283 4355 2441 4434 iuta:
2467 4361 2667 4434 transivi
2686 4396 2701 4422 ,
2732 4359 2803 4411 sic
2849 4357 3140 4421 impietatem
3183 4357 3462 4422 dogmatum
3503 4355 3695 4408 abstuli.
3742 4367 3885 4409 Nm-

2309 4426 2456 4491 quid.
2483 4431 2581 4491 ac.

2397 4478 2453 4551 ω’
2487 4485 2643 4534 Antea
2665 4496 2799 4551 ,_non
2810 4489 2985 4551 _tamen
3001 4481 3117 4551 _s_iue
3140 4478 3500 4551 solmco.,‘erat,
3526 4480 3725 4551 me
3747 4480 3887 4551 aliter

2279 4529 2282 4532 ’
2310 4529 2984 4610 ΙιαόἶῖεέῖῥᾶξιίξιᾶέξΡῦἶῇιὸ,
3001 4529 3090 4592 iis.
3127 4529 3366 4610 sunth
3389 4529 3593 4610 trieteris
3608 4529 3887 4610 nutrias.

2311 4610 2398 4661 bus
2420 4603 2686 4661 socio'me?
2721 4604 2863 4655 aliter
2902 4603 3078 4666 habere
3112 4603 3383 4666 Apostolus,
3409 4609 3505 4650 etc.
3529 4603 3887 4666 quodaltcrum

2310 4686 2495 4722 comma
2518 4669 2677 4718 hiulco
2718 4680 2866 4717 sensu
2889 4665 3117 4715 scribitur
3135 4663 3374 4727 {restitui
3400 4663 3566 4727 autem
3587 4663 3729 4727 facile
3753 4673 3889 4727 pote-

2312 4736 2395 4794 rit,
2421 4735 2462 4782 si
2489 4732 2691 4794 verbum
2709 4727 3140 4794 sciointerseras:
3167 4722 3622 4794 Numquid-aetat
3645 4722 3888 4794 fractam-

2311 4780 2592 4846 ril—i'ussorio
2614 4789 2730 4841 me?
2752 4788 2856 4839 Scio
2877 4785 3019 4838 aliter
3041 4786 3217 4836 habere
3242 4780 3617 4849 .-tpostol03._elc-
3643 4780 3744 4849 Νοθ
3770 4797 3890 4836 "cro

2311 4843 2626 4906 nteivoculam
2652 4851 2867 4914 expungi
2879 4851 3038 4914 _satius
3055 4843 3622 4914 azstimantes,_monitutu
3644 4843 3891 4914 lectorem

2291 4905 2570 4967 ‘voluimus.
2595 4913 2693 4963 Sed
2716 4905 2975 4962 notandum
3001 4915 3080 4959 est
3116 4921 3316 4971 quoque
3351 4905 3639 4971 '[rartatoﬂs
3675 4907 3890 4971 vocab“.

2313 4966 2431 5037 lum,
2452 4979 2658 5039 ejusque
2683 4974 2756 5039 vis
2775 4986 2833 5022 ac
2855 4966 3152 5039 diii'ereutia;
3175 4966 3272 5033 qu'a
3297 4966 3587 5039 authenticis
3607 4969 3888 5039 auctoribus

2312 5027 2593 5102 Prophetis;
2610 5044 2670 5102 _et
2691 5032 2938 5102 Apostolis
2961 5027 3434 5102 propie'opponitur.
3453 5027 3742 5102 Vincentius
3764 5027 3887 5102 Liri-

2313 5089 2481 5151 neu'sis
2517 5089 2991 5152 in'Comn'ionitorio',
3024 5089 3345 5150 (Doctores,
3369 5090 3559 5153 inquit,
3582 5090 3665 5153 qui
3687 5089 3883 5140 Tracta-

2313 5150 2450 5213 tores
2471 5174 2599 5210 nunc
2620 5155 2926 5220 appellantur
2949 5150 3127 5217 ,quos
3163 5153 3239 5201 hic
3276 5154 3406 5220 idem
3437 5150 3700 5220 Apostolus
3737 5153 3882 5220 etiam

2311 5212 2585 5286 Prophetas
2606 5212 2850 5286 iu'terdum
2871 5212 3132 5286 nuncupat,
3162 5228 3224 5264 eo
3246 5213 3375 5276 quod
3398 5224 3487 5274 per
3512 5225 3601 5262 eos
3622 5212 3886 5275 Propheta-

2310 5278 2425 5336 runi
2443 5284 2666 5342 mysteria
2693 5280 2880 5342 populis
2901 5278 3201 5342 aperiuntur.

2379 5333 2445 5410 (It)
2483 5333 2536 5394 S.
2562 5333 2878 5410 Epiphaniam
2901 5333 3276 5410 criminabantur
3531 5343 3624 5410 ζει
3644 5333 3858 5410 Ruﬁnus
3873 5372 3886 5392 ,

2310 5394 2445 5473 quod
2463 5415 2534 5456 tot
2557 5394 2788 5466 Oiigenis
2811 5400 2962 5450 libros
2983 5412 3041 5448 se
3065 5397 3247 5460 legisse
3289 5397 3514 5446 dixisset.
3537 5394 3746 5445 Hieron.
3770 5409 3891 5444 con-

2311 5479 2386 5522 tra
2407 5468 2649 5518 Bullinum
2672 5464 2753 5513 lib.
2772 5464 2818 5512 2.
2858 5459 3064 5524 Apolog.
3098 5477 3121 5524 ς
3139 5458 3317 5524 Ne_r_ue
3356 5456 3525 5524 mittas
3546 5457 3606 5504 ad
3630 5471 3722 5524 ses
3746 5456 3889 5524 millia

2307 5515 2782 5598 ῆμῑιηόὲῦιῆῥνίρᾳήε
2803 5562 2818 5582 ,
2855 5515 2976 5586 quos
3010 5515 3194 5581 legisse
3218 5518 3425 5566 Beatum
3466 5515 3648 5580 Papam
3681 5517 3891 5581 15pm-

2310 5595 2442 5643 nium
2473 5590 2758 5639 criminaris.
2783 5603 2806 5630 ι

2372 5639 2440 5715 (ii
2464 5651 2657 5701 Erasm.
2681 5655 2819 5715 vetus
2843 5648 2909 5696 ad
2918 5644 3110 5715 _dictznn
3137 5653 3154 5691 :
3180 5639 3252 5690 his
3295 5643 3430 5690 retas
3451 5639 3640 5691 addita
3659 5675 3674 5702 ,
3700 5646 3862 5689 utrum

2311 5707 2452 5780 que't
2465 5715 2621 5771 itiosc,
2647 5717 2699 5761 ut
2721 5708 2882 5758 nullus
2901 5707 3102 5757 dubitat.
