4056 6184
109 304 214 358 ιιι

67 435 71 438 ·
123 417 242 486 eligi
291 416 342 468 in
372 403 740 468 Sacerdotium
785 396 1406 486 pervidehit(Num.
1434 394 1606 486 Antei
1633 393 1686 445 in

125 484 552 562 hoc-testimonio
579 497 696 552 salo
735 492 1047 548 llebraicam
1087 488 1328 556 sequitur
1358 484 1647 538 Veritatem
1675 521 1688 542 ,

125 597 329 652 noverit
377 590 584 658 triginta
629 597 888 638 annorum
933 579 1044 634 ﬁeri
1084 574 1452 632 Sacerdotem.
1507 574 1582 625 Ac
1627 585 1694 622 ne

127 687 345 741 forsitan
371 683 529 743 dicat,
568 675 744 729 Vetera
765 671 1094 732 traitsierunt,
1128 675 1174 720 et
1204 669 1342 736 facta
1371 671 1490 716 sunt
1521 661 1693 712 omnia

125 794 252 831 nova
282 776 355 842 (9..
385 772 501 827 Cor.
532 769 584 823 5.
618 765 734 835 i7),
768 761 950 817 audiat
974 774 1099 814 cum
1132 756 1456 812 Timotheo:
1481 751 1695 842 Adoles-

125 839 334 921 centioin
363 871 500 914 tuam
543 872 686 911 nemo
716 861 1002 907 contemnat
1045 849 1121 919 (i.
1154 845 1287 900 Tim.
1315 846 1371 900 ὁ.
1397 842 1510 912 12).
1538 839 1698 896 Certe

128 959 244 1022 ipse
262 950 474 1022 quando
501 947 795 1016 Episcopus
818 940 1096 996 ordinatus
1123 945 1228 1002 est,
1251 950 1355 989 non
1381 930 1700 1022 multum_ah

125 1019 207 1107 ea,
239 1019 295 1097 in
319 1055 427 1111 qua
455 1051 600 1092 nunc
629 1035 796 1089 frater
822 1044 976 1086 meus
1001 1039 1114 1095 est,
1141 1027 1376 1082 distabat
1398 1033 1574 1078 aetate.
1604 1019 1700 1074 Vel

126 1137 167 1189 si
200 1137 298 1186 hoc
332 1133 384 1184 in
416 1126 697 1198 Episcopis
737 1125 890 1188 licet,
936 1122 989 1176 in
1024 1118 1359 1190 Presbyteris
1391 1132 1498 1170 non
1541 1115 1697 1175 licet,

126 1239 192 1278 ne
219 1237 313 1290 per
341 1217 691 1286 antiphrasim
717 1230 746 1268 a
773 1228 872 1268 suo
897 1211 1113 1265 nomine
1141 1210 1446 1276 discrepare
1477 1205 1699 1258 videan-

127 1326 210 1365 tur
230 1312 306 1381 (l)
330 1327 344 1362 :
367 1324 462 1363 cur
483 1309 598 1377 ipse
617 1315 709 1360 aut
728 1303 865 1373 ejus,
886 1311 977 1356 aut
1004 1302 1223 1355 minoris
1244 1299 1450 1361 mtatis;
1481 1306 1534 1349 et
1559 1293 1701 1364 quod

127 1401 208 1453 his
233 1399 465 1465 amplius
494 1407 598 1460 est,
628 1393 927 1448 ministrum
959 1390 1178 1444 alterius
1209 1386 1462 1441 Ecclesiae
1491 1384 1702 1437 ordina-

127 1492 199 1544 vit
227 1485 650 1558 Presbyterum?
679 1483 830 1550 Quod
861 1483 906 1536 si
939 1497 1044 1534 non
1078 1487 1252 1549 potest
1292 1491 1474 1546 pacem
1508 1474 1705 1527 habere

127 1597 244 1634 cum
294 1579 456 1632 fratre
483 1594 496 1628 :
522 1577 622 1630 nisi
667 1589 791 1627 cum
837 1571 1053 1626 subdito
1078 1609 1092 1632 ,
1135 1577 1190 1621 et
1217 1563 1569 1621 ordinationis
1594 1578 1705 1615 sine

131 1673 203 1737 (ιι)
226 1668 497 1738 Episcopo
523 1665 884 1726 renuntiante,
913 1659 1146 1715 ostendit
1172 1672 1229 1710 se
1256 1671 1360 1710 non
1387 1665 1491 1708 tam
1517 1669 1704 1723 pacem

129 1775 357 1828 cupere,
390 1771 547 1824 quam
592 1756 693 1809 sub
733 1752 878 1822 pacis
919 1750 1202 1804 occasione
1245 1746 1574 1807 vindictam;
1609 1757 1707 1796 nec

129 1851 281 1905 aliter
299 1849 497 1919 quietis
523 1854 578 1901 et
601 1848 746 1915 pacis
777 1845 885 1896 otio
910 1857 1029 1895 esse
1055 1848 1364 1894 contentum
1387 1879 1403 1904 ,
1435 1836 1536 1890 nisi
1567 1836 1708 1888 ime—

130 1957 276 2010 grum
307 1939 505 1992 habeat
531 1935 674 2004 quod
707 1935 959 1988 minatur.
996 1930 1166 1984 Etiam
1194 1929 1239 1981 si
1269 1929 1381 1997 ipse
1407 1941 1529 1981 eum
1559 1925 1707 1979 ordi-

132 2037 310 2083 nasset
335 2069 349 2092 ,
382 2035 441 2082 et
483 2026 563 2080 sic
605 2024 796 2078 secreti
840 2028 1044 2074 amator
1087 2019 1361 2088 quiescere
1401 2017 1600 2078 vellet;
1642 2029 1709 2068 ne

130 2119 412 2188 quidquam
442 2123 740 2170 exerceret.
784 2112 944 2184 519
981 2109 1134 2175 Quod
1176 2108 1219 2161 si
1244 2107 1538 2162 Ecclesiam
1563 2104 1707 2159 sciu-

127 2211 273 2263 tlcret
303 2250 315 2271 ,
345 2207 480 2262 nihil
510 2207 557 2260 ei
601 2205 820 2258 deberet
851 2209 1042 2271 pr.eter
1081 2199 1340 2253 honorem
1370 2196 1579 2252 cunctis
1606 2193 1709 2250 Sa-

113 2300 438 2354 cerdotibus
467 2295 724 2350 debitum.
1407 2333 1409 2336 .

196 2391 250 2446 9.
283 2390 580 2454 liuet-sque
634 2381 875 2452 apologia
933 2380 1084 2447 eius,
1135 2378 1242 2431 imo
1293 2376 1602 2445 catcgoria,
1657 2384 1711 2426 et

129 2481 414 2538 laciniosus
453 2485 639 2531 contra
684 2489 784 2528 nos
826 2487 1005 2526 sermo
1037 2477 1337 2538 protractus
1366 2477 1465 2520 est.
1492 2465 1588 2519 Cui
1614 2476 1713 2531 ego

131 2572 342 2642 quidem
370 2570 423 2623 iu
459 2565 698 2636 Epistola
722 2562 956 2616 breviter
978 2559 1391 2629 praeteriensque
1420 2553 1667 2623 respomli
1695 2591 1711 2614 ,

139 2675 196 2718 ut.
219 2679 284 2718 ex
316 2662 398 2714 his
421 2673 545 2729 qute
570 2657 712 2719 dixi,
740 2654 1024 2721 intelligat,
1051 2650 1177 2720 quid
1207 2649 1462 2702 tacuerint
1488 2662 1504 2710 ;
1532 2654 1587 2698 et
1613 2657 1712 2697 no-

140 2756 276 2810 verit
309 2768 406 2807 nos
433 2751 682 2805 homines
711 2759 830 2799 esse
862 2741 1120 2796 rationale
1144 2740 1362 2801 animal,
1393 2747 1448 2792 et
1476 2734 1714 2806 pruden-

126 2847 265 2900 tiam
294 2859 443 2898 suam
493 2854 652 2910 posse
694 2835 1028 2903 intelligere:
1056 2845 1155 2886 nec
1192 2832 1261 2885 ita
1295 2829 1469 2884 obtusi
1500 2826 1712 2890 cordis,

127 2945 199 2990 .ut
242 2937 410 2989 instar
455 2933 740 2986 brutorum
784 2923 1126 2985 animalium,
1177 2919 1462 2974 verborum
1511 2927 1717 2970 tantum

143 3042 329 3082 sonum
359 3033 414 3078 et
443 3037 552 3076 non
581 3017 875 3074 sententias
903 3013 1201 3067 audiamus.
1233 3011 1381 3065 Nunc
1409 3024 1590 3078 qttznso
1621 3018 1672 3060 te
1697 3047 1716 3072 ,

142 3129 202 3173 ut
237 3118 448 3172 veniam
498 3113 700 3166 tribuas
742 3106 913 3162 dolori
952 3119 1106 3166 meo;
1149 3103 1228 3156 Ετ
1265 3115 1307 3155 8|
1340 3113 1610 3154 surnnnuu
1638 3106 1719 3150 est

143 3208 483 3279 respondisse
506 3242 525 3269 ,
573 3202 740 3256 multo
780 3197 850 3251 sit
886 3195 1166 3264 superbius
1205 3206 1506 3246 accusasse.
1543 3191 1724 3253 Quan-

141 3313 299 3368 quam
331 3296 404 3350 ita
436 3289 829 3360 responderim,
858 3299 912 3340 nt
937 3284 1206 3339 silentium
1235 3283 1410 3352 potius
1436 3295 1614 3352 meum
1642 3280 1723 3332 in-

142 3389 432 3442 dicaverim
464 3427 481 3446 ,
533 3398 690 3451 quam
739 3394 1066 3434 sermonem.
1116 3375 1251 3443 Quid
1304 3371 1489 3444 procul
1537 3385 1722 3442 pacem

144 3487 411 3549 quasrunt,
435 3484 492 3531 et
521 3473 708 3527 volunt
732 3486 849 3526 eam
882 3469 1034 3523 nobis
1053 3467 1122 3521 ab
1144 3468 1260 3520 aliis
1286 3461 1577 3533 imperari?
1606 3461 1725 3515 Sint

147 3568 373 3638 paciiici,
407 3577 460 3621 et
492 3563 634 3618 illico
662 3577 762 3631 pax
793 3568 1064 3628 sequetur.
1092 3558 1198 3612 Cur
1225 3556 1438 3608 nomine
1459 3552 1726 3607 Sanctitu-

148 3659 290 3712 diuis
334 3668 438 3710 tua:
481 3663 670 3708 contra
713 3665 811 3704 nos
851 3664 946 3718 pro
989 3656 1194 3701 terrore
1237 3645 1562 3706 abutuntur,
1603 3657 1723 3696 cum

150 3748 386 3818 Epistula
407 3755 499 3800 tua
528 3758 710 3813 pacem
739 3751 793 3795 et
819 3737 1278 3792 mansuetudinem
1306 3743 1493 3787 snnet:
1516 3732 1724 3784 illormn

150 3817 307 3892 verba
339 3836 596 3891 duritiem
626 3827 1055 3886 comminemur?
1098 3826 1333 3893 Denique
1359 3836 1513 3889 quam
1549 3817 1729 3887 pacili-

148 3942 240 3982 cas
265 3938 320 3982 et
344 3927 410 3980 ad
434 3922 780 3979 concordiam
813 3918 1136 3987 pertinentes
1165 3930 1260 3984 per
1289 3913 1546 3966 lsidorum
1571 3911 1728 3963 l’res-

149 4019 401 4089 hylerutn
434 4014 643 4066 litteras
673 4009 826 4061 nobis
856 4006 1082 4067 miseris,
1105 4004 1228 4057 hinc
1254 4004 1560 4070 probamus,
1591 3999 1731 4068 quod

151 4111 271 4163 illas
295 4107 372 4176 (ὁ)
402 4106 496 4174 qui
539 4116 721 4170 pacem
753 4101 884 4150 falso
919 4097 1157 4166 jactant,
1183 4095 1408 4148 reddere
1445 4091 1726 4145 noluerint.

156 4200 369 4266 Eligant
415 4196 597 4261 itaque
644 4189 784 4259 quod
819 4187 1003 4241 volunt
1035 4205 1048 4239 :
1083 4187 1189 4239 Aut
1227 4185 1350 4238 boni
1393 4197 1577 4236 sumus
1599 4221 1615 4246 ,
1645 4189 1736 4234 aut

156 4289 305 4342 ntali.
352 4286 410 4340 Si
458 4283 586 4337 boni
615 4322 629 4346 ,
661 4281 933 4333 dimittant
977 4277 1256 4346 quiescere
1289 4291 1302 4326 :
1332 4273 1375 4325 si
1417 4271 1576 4336 ntali,
1610 4270 1734 4340 quid

159 4379 422 4433 malorum
452 4383 717 4443 expetunt
746 4370 1056 4422 societatem
1084 4368 1106 4419 ’ἒ
1136 4366 1399 4433 Quantum
1433 4363 1606 4416 valeat
1637 4363 1736 4415 lm-

161 4469 354 4521 tuilitas
383 4508 397 4532 ,
429 4463 804 4533 experimento
830 4458 1036 4512 didicit.
1069 4457 1166 4524 Qui
1196 4470 1336 4508 nunc
1365 4453 1589 4518 dissuit,
1619 4469 1737 4522 qua!

162 4571 260 4610 suo
287 4555 516 4610 consilio
547 4553 675 4605 olitn
718 4549 978 4618 disjuncta
1008 4546 1226 4599 sociavit
1253 4586 1267 4608 ,
1301 4545 1489 4611 probat
1511 4558 1567 4596 se
1599 4557 1738 4595 nunc

133 4691 135 4693 .
160 4646 227 4699 ad
257 4646 483 4698 alterius
509 4643 837 4696 voluntatem
865 4679 878 4700 ,
915 4647 1037 4689 tunc
1068 4637 1310 4704 copulata
1338 4634 1664 4701 discerpere.

233 4735 322 4789 10.
355 4734 590 4788 Exilium
621 4735 944 4801 impetratum
987 4728 1302 4797 Hieronymo
1331 4726 1392 4778 ab
1421 4725 1642 4779 Joanne.
1671 4753 1742 4764 —

165 4823 344 4892 Nuper
373 4826 531 4878 nobis
563 4824 848 4892 postulavit
878 4831 930 4874 et
961 4819 1263 4890 impetravit
1293 4819 1509 4872 exilium
1541 4838 1554 4872 :
1581 4827 1744 4887 atque

163 4917 366 4968 utinam
402 4915 626 4982 implere
668 4915 968 4983 potuisset,
1000 4924 1055 4966 ut
1084 4913 1222 4966 sicut
1261 4911 1336 4964 illi
1367 4912 1615 4966 voluntas
1645 4912 1743 4965 im-

166 5017 386 5076 putatur
416 5021 510 5074 pro
541 5023 742 5076 opere;
771 5010 840 5062 ita
867 5017 922 5063 et
959 5025 1056 5062 nos
1085 5024 1189 5062 non
1222 5007 1396 5061 solum
1428 5008 1699 5063 voluntate
1723 5049 1739 5074 ,

166 5097 261 5152 scd
292 5106 347 5152 et
373 5097 566 5152 eﬂ'ectu
607 5114 858 5153 coronam
894 5100 1211 5156 haberemus
1253 5099 1418 5153 cxihi.
1451 5099 1743 5154 Fundendo

167 5188 485 5257 sanguinem
507 5228 524 5256 ,
553 5199 607 5243 et
637 5189 887 5258 patiendo
922 5193 1090 5260 magis
1113 5232 1127 5257 ,
1155 5207 1314 5262 quam
1345 5190 1590 5246 faciendo
1616 5207 1744 5245 con-

227 5341 303 5405 (a)
333 5338 532 5406 Vulgati
555 5343 1122 5406 Episcoporemmtiantc.
1147 5345 1269 5394 'l‘um
1295 5345 1469 5394 eodem
1485 5357 1632 5394 sensu
1652 5343 1740 5392 Ms.

169 5404 380 5468 etvetus
401 5404 570 5464 editio,
594 5404 624 5451 ⁷ι
645 5404 737 5454 nec
759 5404 962 5468 alterius
983 5409 1153 5468 quiete
1171 5443 1185 5466 ,
1212 5416 1262 5456 et
1284 5409 1385 5457 otio
1408 5421 1519 5458 esse
1543 5415 1745 5456 conten-

171 5471 300 5522 tum.
327 5466 585 5514 dummodo
604 5468 849 5524 integrum
871 5466 1076 5523 habeat,
1100 5484 1121 5511 ι
1154 5477 1249 5516 etc.

233 5526 297 5592 (ὸ)
324 5525 587 5592 _Vi_ctoriu_s_
614 5526 743 5574 male
766 5539 874 5585 qua:
905 5539 994 5588 pro
1031 5528 1114 5592 qui
1152 5529 1274 5590 legit
1297 5543 1310 5578 :
1335 5528 1426 5579 Ms.
1453 5535 1619 5581 autem
1661 5542 1748 5592 pro

174 5587 704 5660 βίὲρξιέἓιυεξὲείίεβεξ
785 5647 814 5660 η
907 5587 918 5588 ί
997 5587 1054 5642 -’
1184 5599 1192 5660 ζ

234 5650 298 5716 (ll
336 5649 476 5710 Quod
498 5647 759 5711 Presbyter
781 5647 954 5697 Cra-cc
975 5661 1134 5709 senex
1159 5651 1236 5700 sit.

599 5733 660 5792 5.
708 5733 1077 5794 thnoxrm
1120 5735 1168 5794 Ι.

1437 276 1772 334 EPISTULA
1814 274 2070 330 LXXXII.

3272 283 3380 339 762

1802 391 2069 457 tumelias,
2094 390 2290 446 Christi
2316 390 2532 445 {nudata
2563 401 2645 446 est
2673 393 2929 447 Ecclesia.
2954 395 3373 454 Peaszcurtost-

1800 499 1897 539 ιυι
1925 484 2120 546 crevit,
2138 483 2410 553 martyriis
2437 489 2695 537 coronata
2722 490 2827 538 est.
2851 485 2956 538 Aut
2981 486 3026 539 si
3052 489 3137 541 isti
3167 489 3266 542 soli
3296 488 3372 559 (c)

1797 573 1946 642 juxta
1971 589 2105 643 quos
2129 573 2387 642 degimus,
2419 583 2598 626 amant
2634 572 2886 640 rigorem,
2914 582 2969 626 et
2989 590 3092 626 non
3115 590 3380 633 noverunt

1804 663 2230 731 persecutionem
2277 662 2579 727 sustinere,
2630 662 2723 714 sed
2777 662 2986 722 lacere;
3027 673 3150 716 sunt
3190 675 3242 718 et
3290 667 3380 722 hic

1803 752 1972 807 Judaei
1990 770 2004 806 :
2023 763 2146 806 sunt
2169 752 2432 806 variorum
2454 750 2760 820 dogmatum
2782 752 3051 816 llaretici,
3073 762 3127 806 ct
3148 755 3379 811 maxime

1805 843 1968 916 520
2039 842 2385 911 impurissimi
2437 841 2739 906 Manicltzei,
2783 856 2880 896 cur
2905 857 3090 896 eorum
3122 857 3190 897 ne
3220 845 3384 899 verbo

1805 934 2017 1002 quidem
2047 933 2350 1002 quempiam
2382 934 2582 988 audent
2624 933 2862 988 laedere?
2889 931 2999 988 Nos
3025 933 3172 988 solos
3199 937 3385 1002 expel-

1808 1024 1920 1079 lere
1945 1024 2206 1094 cupiunt?
2234 1023 2342 1080 Nos
2372 1024 2473 1079 soli
2502 1024 2592 1094 qui
2623 1024 2882 1078 Ecclesiae
2901 1025 3382 1091 communieamus,

1810 1113 2100 1170 Eeclesiam
2122 1115 2367 1170 scindere
2391 1115 2620 1170 dicimur
2640 1115 2665 1168 ἲ
2693 1113 2802 1170 Oro
2827 1125 2900 1178 te,
2927 1129 3103 1170 nonne
3124 1131 3275 1186 :equa
3299 1129 3386 1170 est

1782 1205 1908 1260 ~isla
1939 1207 2224 1275 postulatio
2250 1248 2266 1273 ,
2301 1214 2358 1260 ut
2383 1215 2476 1260 aut
2505 1207 2626 1260 illos
2653 1205 2934 1261 nobiscum
2959 1207 3229 1276 expellant
3248 1248 3264 1273 ,
3293 1216 3389 1261 aut

1809 1313 1907 1353 nos
1932 1313 2055 1352 cum
2091 1298 2196 1352 illis
2235 1297 2494 1352 teneant?
2524 1297 2635 1352 Nisi
2664 1296 2806 1366 quod
2838 1298 2890 1351 in
2921 1313 2987 1352 eo
3017 1298 3183 1368 magis
3216 1300 3388 1353 hono-

1746 1445 1751 1450 ,
1808 1398 1968 1456 rant,
1996 1404 2132 1460 quos
2155 1389 2343 1444 saltem
2370 1388 2530 1444 exilio
2558 1389 2626 1444 ab
2667 1388 2942 1445 Hzcreticis
2970 1399 3239 1459 separant.
3273 1390 3389 1444 Mo-

1811 1482 2034 1542 nachus,
2062 1479 2196 1548 proh
2220 1478 2396 1544 dolor,
2421 1477 2693 1532 Monachis
2723 1490 2776 1532 et
2802 1479 3035 1532 minatur
3059 1488 3113 1532 et
3137 1479 3388 1547 impetrat

1808 1569 1904 1640 {aL
1937 1568 2197 1641 imperial]
2225 1570 2440 1624 exilium
2465 1609 2480 1632 ,
2518 1578 2574 1624 et
2613 1568 2716 1623 hoc
2754 1569 3044 1623 Monachus
3069 1609 3085 1634 ,
3118 1570 3391 1639 Apostoli-

1811 1675 1930 1712 eam
1956 1658 2273 1713 Cathedram
2301 1658 2499 1712 habere
2529 1672 2590 1712 se
2607 1657 2838 1727 jactans.
2871 1657 2986 1712 Non
3021 1659 3169 1712 novit
3197 1659 3392 1712 terrori

1813 1751 1959 1804 natio
1988 1751 2086 1804 ista
2117 1751 2503 1814 Succmnbere,
2547 1759 2602 1805 et
2646 1750 2974 1818 impendenti
3001 1752 3178 1820 gladio
3224 1753 3393 1822 magis

1811 1841 2050 1896 cervices
2072 1882 2087 1906 ,
2117 1855 2274 1910 quam
2318 1855 2509 1894 manus
2532 1839 2770 1908 subjicit.
2795 1840 2927 1907 Quis
2948 1857 3071 1894 nam
3101 1841 3394 1895 Monachu-

1812 1946 1930 1986 rum
1971 1930 2092 1985 exul
2137 1931 2319 1999 patria:
2344 1970 2358 1994 ,
2392 1946 2497 1984 non
2538 1930 2660 1985 exul
2705 1941 2787 1984 εει
2826 1931 3050 1984 mundi?
3087 1931 3224 1998 Quid
3254 1946 3394 2001 opus

1813 2031 1896 2076 est
1938 2024 2257 2076 auctoritate
2295 2021 2542 2090 publica;
2583 2029 2638 2075 et
2676 2020 2943 2089 Rescripti
2988 2022 3268 2090 impendiis
3292 2063 3308 2089 ,
3339 2033 3396 2078 et

1816 2123 1926 2167 toto
1970 2114 2100 2166 orbe
2147 2112 2514 2166 discursibus?
2554 2111 2758 2180 Tangat
2801 2111 2992 2166 saltem
3041 2112 3300 2180 digitulo,
3339 2123 3397 2166 et

1816 2207 1956 2259 ultro
1997 2204 2280 2258 exibimus.
2316 2203 2524 2257 Domini
2561 2214 2632 2257 est
2673 2213 2844 2267 terra,
2887 2212 2934 2257 et
2977 2203 3240 2272 plenitudo
3276 2203 3391 2272 ejus

1815 2295 1933 2366 (Ps.
1966 2296 2056 2349 23.
2087 2295 2162 2363 i).
2189 2293 2451 2349 Cunts'rus
2481 2297 2596 2349 loco
2621 2310 2724 2348 non
2755 2303 2962 2349 tenetur
2991 2294 3248 2349 inclusus.

1888 2386 1976 2441 ll.
2005 2385 2272 2461 Prccterea
2297 2427 2310 2448 ,
2345 2385 2488 2455 quod
2530 2384 2717 2439 scribit
2746 2400 2844 2438 nos
2872 2383 2953 2455 (ά)
2979 2400 3077 2454 per
3103 2395 3174 2448 te,
3205 2393 3260 2438 et
3283 2383 3397 2439 Ro-

1818 2492 2030 2530 manam
2082 2476 2374 2532 Ecclesiam
2403 2476 2801 2531 conmmuicare
2830 2478 2878 2529 ei
2905 2517 2920 2540 ,
2953 2491 2980 2527 a
3011 2491 3112 2544 qua
3155 2475 3401 2530 videmur

1817 2567 2197 2621 communione
2219 2568 2450 2636 separati
2481 2583 2492 2617 :
2519 2581 2624 2620 non
2651 2581 2870 2621 necesse
2890 2574 2973 2621 est
2995 2567 3070 2620 ire
3092 2576 3195 2619 tam
3218 2567 3397 2636 longe,

1818 2668 1873 2714 et
1903 2661 1987 2713 hic
2017 2661 2067 2714 in
2109 2659 2389 2714 Palgestina
2421 2659 2610 2713 eodem
2644 2658 2801 2712 modo
2830 2659 2878 2713 ei
2905 2659 3198 2728 jungimur.
3233 2658 3298 2712 Et
3332 2675 3401 2713 ne

1822 2753 1923 2806 hoc
1946 2751 2086 2820 quod
2118 2749 2302 2819 procul
2333 2750 2436 2812 sit,
2472 2751 2523 2803 in
2556 2749 2730 2803 viculo
2763 2749 3036 2803 Bethleem
3065 2748 3403 2818 Presbyteris

1819 2843 1965 2909 ejus,
1995 2851 2249 2911 quantum
2279 2841 2328 2893 in
2358 2839 2515 2893 nobis
2554 2846 2669 2902 est,
2702 2839 3081 2891 communione
3109 2837 3395 2891 sociamur.

1823 2935 1900 2988 Ex
1929 2950 2036 3001 quo
2068 2934 2404 3002 perSpicunm
2443 2939 2555 2992 est,
2590 2929 2832 2984 dolorem
2873 2930 3142 2998 proprium
3183 2943 3403 2983 causam

1825 3025 2080 3080 Ecclesiae
2123 3039 2226 3078 non
2271 3021 2560 3092 putandum
2591 3039 2605 3074 :
2638 3035 2734 3074 nec
2763 3019 3097 3074 stomachum
3129 3020 3282 3073 unius
3309 3023 3405 3071 ho-

1823 3116 2021 3179 minis,
2062 3115 2169 3168 imo
2214 3129 2309 3183 prr
2358 3113 2506 3166 illtun
2548 3113 2814 3177 aliorum,
2858 3111 3092 3180 generali
3145 3110 3405 3166 Ecclesia:

1824 3204 2088 3260 vocabulo
2128 3203 2560 3269 nuncupandum.
2591 3204 2927 3271 Quapropter
2952 3201 3095 3271 quod
3126 3202 3177 3256 in
3207 3201 3408 3272 princi-

1828 3296 1916 3366 pio
1943 3294 2199 3362 Epistolm
2220 3293 2350 3352 dixi.
2371 3294 2528 3348 etiam
2551 3307 2692 3347 nunc
2715 3302 2921 3362 repeto,
2944 3307 3043 3346 uos
3059 3291 3194 3347 velle
3219 3307 3406 3361 pacem

1827 3385 2066 3446 Christi,
2100 3393 2284 3452 optare
2324 3382 2667 3436 concordiam
2695 3400 2706 3434 :
2732 3391 2784 3435 et
2827 3390 2878 3436 le
2916 3395 3108 3452 rogare
3132 3422 3147 3448 ,
3175 3392 3227 3435 ut
3259 3382 3407 3438 illum

1829 3472 1921 3547 [ιιι.
1953 3472 2090 3546 illos]
2120 3489 2222 3527 mo.
2248 3489 2340 3527 eas
2362 3516 2374 3535 ,
2411 3489 2591 3542 pacem
2621 3489 2726 3527 non
2755 3482 3098 3542 extorquere,
3126 3472 3220 3528 sed
3249 3474 3405 3529 velle.

1830 3567 1912 3622 Sit
1956 3567 2346 3636 pra'lcritarum
2392 3573 2696 3618 nostrarum
2740 3564 3181 3618 contumeliarum
3224 3564 3412 3619 dolore

1830 3667 2138 3712 coatentus.
2173 3657 2422 3711 Veterata
2463 3657 2685 3710 vulnera
2708 3696 2722 3719 ,
2752 3656 2942 3710 saltem
2987 3671 3122 3709 nova
3163 3655 3414 3711 obliteret

1831 3751 2073 3804 caritate.
2121 3748 2202 3802 Sit
2247 3748 2366 3800 talis
2388 3788 2402 3812 ,
2433 3747 2605 3815 qualis
2631 3757 2756 3800 ante
2782 3747 2877 3799 fuit
2899 3787 2912 3807 ,
2942 3747 3157 3815 quando
3186 3761 3284 3800 nos
3313 3763 3412 3801 suo

1834 3842 2058 3894 arbitrio
2085 3840 2358 3908 diligebat.
2387 3837 2556 3890 Verba
2600 3838 2650 3891 ei
2691 3836 2758 3890 de
2798 3837 2974 3889 alieno
3002 3836 3278 3890 stomacho
3305 3853 3410 3890 non

1835 3931 2022 3985 ﬂuant.
2060 3930 2244 3984 Faciat
2269 3927 2411 3998 quod
2441 3928 2553 3980 vult
2576 3968 2590 3992 ,
2623 3937 2677 3980 et
2708 3942 2812 3979 non
2844 3925 2984 3994 quod
3009 3925 3146 3979 velle
3170 3931 3413 3994 compel-

1836 4022 1982 4076 litur.
2012 4021 2131 4073 Λυσι·
2154 4033 2305 4082 QUAS!
2328 4017 2599 4073 PONTIFBX
2619 4016 2827 4070 cuuctis
2853 4015 3127 4083 aequaliter
3148 4015 3372 4083 imperet
3397 4035 3413 4080 ;

1838 4121 1930 4166 aut
1958 4110 2109 4180 quasi
2162 4110 2396 4163 imitator
2436 4107 2678 4176 Apostoli
2705 4147 2720 4173 ,
2751 4107 3120 4161 universorum
3152 4107 3310 4162 saluti
3347 4123 3415 4163 ex

1839 4215 1994 4268 mquo
2020 4199 2236 4254 serviat.
2269 4198 2322 4254 Si
2351 4197 2510 4252 talem
2532 4212 2589 4251 se
2616 4196 2922 4266 prmbuerit,
2952 4196 3092 4252 ultro
3119 4199 3418 4267 praebemus

1842 4307 2054 4356 manus,
2077 4291 2413 4346 extendimus
2443 4288 2656 4343 brachia
2683 4307 2697 4353 ;
2727 4289 2930 4343 amicos
3002 4289 3159 4362 521
3234 4299 3289 4346 et
3319 4307 3417 4361 pa-

1844 4394 2024 4438 rentes
2069 4384 2296 4446 haheat;
2326 4391 2381 4436 et
2403 4381 2599 4434 sentiat
2636 4381 2690 4434 in
2733 4379 2948 4434 Christo
2967 4422 2982 4448 ,
3011 4381 3148 4436 sicut
3170 4383 3420 4438 omnibus

1842 4476 2088 4541 Sanctis,
2138 4476 2207 4528 ita
2258 4482 2314 4528 et
2357 4459 2456 4526 sibi
2506 4488 2601 4526 nos
2650 4487 2772 4528 esse
2821 4472 3112 4542 subjectos.
3160 4491 3179 4526 t
3213 4473 3421 4530 Caritas

1845 4565 2049 4634 patiens
2077 4575 2158 4618 est
2182 4604 2198 4628 ,
2230 4565 2424 4618 caritas
2449 4563 2674 4632 benigna
2697 4572 2814 4630 est,
2842 4565 3037 4619 caritas
3063 4580 3166 4618 non
3197 4566 3420 4618 aemula-

1846 4667 1930 4711 tur
1953 4698 1966 4722 ,
2003 4672 2106 4710 non
2137 4655 2352 4709 inilatttr
2377 4697 2391 4719 ,
2421 4655 2596 4709 omnia
2636 4655 2902 4719 sustinet,
2933 4656 3110 4709 omnia
3137 4655 3306 4708 credit
3338 4655 3414 4724 (1.

1845 4747 1962 4804 Cor.
1991 4747 2102 4818 15).
2130 4747 2457 4802 Cunctarum
2487 4747 2738 4800 virtutum
2779 4755 2948 4799 mater
2974 4753 3056 4798 est
3079 4745 3270 4798 caritas
3295 4760 3310 4809 ;
3359 4755 3419 4800 et

1909 4921 1982 4983 (ο)
2014 4921 2257 4983 Emendat
2279 4920 2586 4970 Veronensis
2608 4920 2710 4983 Ms.
2735 4923 2784 4970 in
2807 4920 2952 4983 editis
2975 4920 3106 4967 enim
3144 4926 3287 4969 antea
3311 4931 3421 4973 erat

1837 4980 1988 5046 jnattu
2009 4983 2133 5044 quod
2159 4981 2378 5046 legimus,
2405 4983 2598 5039 vitiose,
2623 4989 2677 5031 ut
2698 4980 2878 5043 liquido
2899 4987 3087 5030 constat
3110 4994 3172 5030 ex
3195 4984 3425 5033 orationis

1847 5045 1998 5102 serie,
2026 5050 2078 5092 et
2101 5045 2311 5091 auctoris
2336 5049 2528 5102 mente.

1919 5103 1984 5166 ,ιη
2011 5104 2284 5166 Sequimur
2307 5101 2396 5166 Ver
2410 5103 2604 5166 ooensis
2615 5101 2866 5166 signatque
2884 5113 2947 5148 ex
2960 5107 3098 5166 parte
3109 5104 3296 5151 veteris
3319 5105 3423 5152 edi-

1851 5160 1992 5231 tionis
2005 5160 2146 5211 [idem
2161 5176 2174 5222 ;
2191 5163 2273 5210 alii
2287 5162 2414 5210 enim
2431 5161 2777 5231 impressilibri
2788 5160 2925 5219 falso,
2931 5160 2988 5231 et
3000 5164 3261 5231 incongrua
3274 5178 3425 5214 sensu

1850 5226 2111 5282 habebant,
2135 5221 2220 5271 nos
2243 5233 2441 5284 pergere
2459 5227 2628 5284 tecum
2644 5230 2868 5284 Romam»,
2895 5228 2939 5270 et
2954 5221 3196 5284 _Lcclc8ﬁe
3217 5237 3426 5275 commn-

1849 5287 2013 5336 nicare
2045 5281 2116 5351 ei,
2143 5281 2250 5331 etc."
2265 5281 2366 5330 tum
2389 5287 2534 5351 vetus
2557 5281 2704 5330 editio
2725 5282 2850 5330 haud
2873 5282 3001 5351 male
3024 5295 3055 5330 a
3065 5295 3169 5351 quo
3193 5284 3426 5343 jnbemur

1852 5345 2174 5411 communione
2197 5342 2434 5411 separari.
2458 5342 2771 5411 Nuncaute'tn
2793 5342 3270 5411 perspieueﬂiertm.
3285 5360 3424 5411 arcu,

1852 5422 1946 5457 non
1969 5406 2063 5455 sibi
2084 5415 2205 5466 Opus
2225 5400 2337 5452 esse
2353 5400 2611 5466 Theophili
2631 5417 2686 5452 ac
2707 5400 2934 5466 Romanae
2957 5404 3189 5466 Ecclesiae
3213 5400 3426 5458 commul

1852 5474 2048 5519 nionem
2059 5464 2277 5528 preferre
2301 5465 2350 5512 in
2371 5465 2603 5531 medium,
2631 5478 2694 5515 ne
2710 5464 3190 5531 abderosolymitaua
3213 5475 3428 5531 separari

1855 5525 2095 5592 νωρεῳιῖ,
2119 5538 2226 5592 cum
2252 5525 2489 5592 eo__modo_
2506 5525 2556 5572 iu
2580 5527 2680 5592 ipsa
2709 5525 3060 5592 Palaestinanac
3097 5540 3186 5588 per
3209 5525 3429 5592 ejusdem

1853 5587 2269 5650 .ierosolymitana:
2304 5586 2537 5638 Ecclesia:
2587 5586 2906 5650 Presbyteros
2942 5587 3036 5636 sibi
3091 5586 3428 5645 communione

1859 5649 2067 5714 iunctos,
2090 5651 2149 5697 ab
2170 5649 2272 5710 ipsa
2293 5661 2392 5700 non
2419 5657 2692 5711 separetur.

2543 5734 2564 5813 (
2580 5724 3070 5816 Vingt-Quatre.)
