  <div class='ocr_page' id='page_1' title='image "/cluster/home/n/w/nwhite01/storage/ocr_20150623/22/uva.x000826587/446.png"; bbox 0 0 4056 6184; ppageno 0'>
   <div class='ocr_carea' id='block_1_1' title="bbox 160 274 273 333">
    <p class='ocr_par' dir='ltr' id='par_1_1' title="bbox 160 274 273 333">
     <span class='ocr_line' id='line_1_1' title="bbox 160 274 273 333; baseline -0.027 0"><span class='ocrx_word' id='word_1_1' title='bbox 160 274 273 333; x_wconf 61' lang='grc'><strong>’165</strong></span> 
     </span>
    </p>
   </div>
   <div class='ocr_carea' id='block_1_2' title="bbox 162 356 1754 457">
    <p class='ocr_par' dir='ltr' id='par_1_2' title="bbox 162 356 1754 457">
     <span class='ocr_line' id='line_1_2' title="bbox 162 356 1754 457; baseline -0.011 -17"><span class='ocrx_word' id='word_1_2' title='bbox 162 384 297 457; x_wconf 75' lang='lat' dir='ltr'><strong>rint)</strong></span> <span class='ocrx_word' id='word_1_3' title='bbox 322 382 717 441; x_wconf 83' lang='lat' dir='ltr'><strong>detrahendqu</strong></span> <span class='ocrx_word' id='word_1_4' title='bbox 749 390 851 445; x_wconf 89' lang='lat' dir='ltr'><strong>est,</strong></span> <span class='ocrx_word' id='word_1_5' title='bbox 886 393 984 434; x_wconf 85' lang='lat' dir='ltr'><strong>nec</strong></span> <span class='ocrx_word' id='word_1_6' title='bbox 1012 374 1303 433; x_wconf 82' lang='lat' dir='ltr'><strong>amicorum</strong></span> <span class='ocrx_word' id='word_1_7' title='bbox 1329 373 1592 430; x_wconf 87' lang='lat' dir='ltr'><strong>laudanda</strong></span> <span class='ocrx_word' id='word_1_8' title='bbox 1629 356 1754 425; x_wconf 81' lang='lat' dir='ltr'><strong>sunt</strong></span> 
     </span>
    </p>
   </div>
   <div class='ocr_carea' id='block_1_3' title="bbox 169 465 1754 541">
    <p class='ocr_par' dir='ltr' id='par_1_3' title="bbox 169 465 1754 541">
     <span class='ocr_line' id='line_1_3' title="bbox 169 465 1754 541; baseline -0.01 -12"><span class='ocrx_word' id='word_1_9' title='bbox 169 478 297 531; x_wconf 89' lang='lat' dir='ltr'><strong>vitia</strong></span> <span class='ocrx_word' id='word_1_10' title='bbox 326 496 341 541; x_wconf 86' lang='lat'><strong>;</strong></span> <span class='ocrx_word' id='word_1_11' title='bbox 370 494 438 533; x_wconf 77' lang='grc' dir='ltr'><strong>ιτ</strong></span> <span class='ocrx_word' id='word_1_12' title='bbox 486 488 863 539; x_wconf 71' lang='lat' dir='ltr'><strong>uauuquooous</strong></span> <span class='ocrx_word' id='word_1_13' title='bbox 903 486 1008 525; x_wconf 90' lang='lat' dir='ltr'><strong>non</strong></span> <span class='ocrx_word' id='word_1_14' title='bbox 1043 481 1389 539; x_wconf 84' lang='lat' dir='ltr'><strong>personarum</strong></span> <span class='ocrx_word' id='word_1_15' title='bbox 1410 508 1425 532; x_wconf 95' lang='lat'><strong>,</strong></span> <span class='ocrx_word' id='word_1_16' title='bbox 1457 465 1550 518; x_wconf 87' lang='lat' dir='ltr'><strong>sed</strong></span> <span class='ocrx_word' id='word_1_17' title='bbox 1577 477 1754 517; x_wconf 88' lang='lat' dir='ltr'><strong>rerum</strong></span> 
     </span>
    </p>
   </div>
   <div class='ocr_carea' id='block_1_4' title="bbox 170 554 1754 635">
    <p class='ocr_par' dir='ltr' id='par_1_4' title="bbox 170 554 1754 635">
     <span class='ocr_line' id='line_1_4' title="bbox 170 554 1754 635; baseline -0.013 -13"><span class='ocrx_word' id='word_1_18' title='bbox 170 567 417 635; x_wconf 87' lang='lat' dir='ltr'><strong>pondere</strong></span> <span class='ocrx_word' id='word_1_19' title='bbox 460 563 797 633; x_wconf 72' lang='lat' dir='ltr'><strong>iudicandum</strong></span> <span class='ocrx_word' id='word_1_20' title='bbox 836 572 935 615; x_wconf 89' lang='lat' dir='ltr'><strong>est.</strong></span> <span class='ocrx_word' id='word_1_21' title='bbox 980 560 1245 613; x_wconf 74' lang='lat' dir='ltr'><strong>Mordetur</strong></span> <span class='ocrx_word' id='word_1_22' title='bbox 1277 566 1331 610; x_wconf 89' lang='lat' dir='ltr'><strong>et</strong></span> <span class='ocrx_word' id='word_1_23' title='bbox 1371 556 1446 625; x_wconf 90' lang='lat' dir='ltr'><strong>(a)</strong></span> <span class='ocrx_word' id='word_1_24' title='bbox 1490 554 1754 613; x_wconf 81' lang='lat' dir='ltr'><strong>Lucilius,</strong></span> 
     </span>
    </p>
   </div>
   <div class='ocr_carea' id='block_1_5' title="bbox 173 645 1759 726">
    <p class='ocr_par' dir='ltr' id='par_1_5' title="bbox 173 645 1759 726">
     <span class='ocr_line' id='line_1_5' title="bbox 173 645 1759 726; baseline -0.01 -15"><span class='ocrx_word' id='word_1_25' title='bbox 173 657 321 726; x_wconf 87' lang='lat' dir='ltr'><strong>quod</strong></span> <span class='ocrx_word' id='word_1_26' title='bbox 353 657 707 723; x_wconf 83' lang='lat' dir='ltr'><strong>incomposito</strong></span> <span class='ocrx_word' id='word_1_27' title='bbox 731 664 910 708; x_wconf 89' lang='lat' dir='ltr'><strong>currat</strong></span> <span class='ocrx_word' id='word_1_28' title='bbox 942 652 1113 721; x_wconf 82' lang='lat' dir='ltr'><strong>pede;</strong></span> <span class='ocrx_word' id='word_1_29' title='bbox 1155 659 1212 703; x_wconf 91' lang='lat' dir='ltr'><strong>et</strong></span> <span class='ocrx_word' id='word_1_30' title='bbox 1254 659 1430 703; x_wconf 87' lang='lat' dir='ltr'><strong>tamen</strong></span> <span class='ocrx_word' id='word_1_31' title='bbox 1470 647 1610 700; x_wconf 84' lang='lat' dir='ltr'><strong>sales</strong></span> <span class='ocrx_word' id='word_1_32' title='bbox 1642 645 1759 712; x_wconf 82' lang='lat' dir='ltr'><strong>ejus</strong></span> 
     </span>
    </p>
   </div>
   <div class='ocr_carea' id='block_1_6' title="bbox 170 744 943 814">
    <p class='ocr_par' dir='ltr' id='par_1_6' title="bbox 170 744 943 814">
     <span class='ocr_line' id='line_1_6' title="bbox 170 744 943 814; baseline -0.006 -14"><span class='ocrx_word' id='word_1_33' title='bbox 170 745 438 814; x_wconf 85' lang='lat' dir='ltr'><strong>leposque</strong></span> <span class='ocrx_word' id='word_1_34' title='bbox 474 744 769 798; x_wconf 75' lang='lat' dir='ltr'><strong>laudantur.</strong></span> <span class='ocrx_word' id='word_1_35' title='bbox 936 802 943 809; x_wconf 44' lang='grc'>,</span> 
     </span>
    </p>
   </div>
   <div class='ocr_carea' id='block_1_7' title="bbox 244 827 1757 902">
    <p class='ocr_par' dir='ltr' id='par_1_7' title="bbox 244 827 1757 902">
     <span class='ocr_line' id='line_1_7' title="bbox 244 827 1757 902; baseline -0.011 -11"><span class='ocrx_word' id='word_1_36' title='bbox 244 837 301 891; x_wconf 80' lang='lat'><strong>3.</strong></span> <span class='ocrx_word' id='word_1_37' title='bbox 345 837 482 889; x_wconf 87' lang='lat' dir='ltr'><strong>Dum</strong></span> <span class='ocrx_word' id='word_1_38' title='bbox 513 850 686 889; x_wconf 88' lang='lat' dir='ltr'><strong>essem</strong></span> <span class='ocrx_word' id='word_1_39' title='bbox 721 833 933 902; x_wconf 78' lang='lat' dir='ltr'><strong>juvenis</strong></span> <span class='ocrx_word' id='word_1_40' title='bbox 954 873 970 897; x_wconf 91' lang='lat'><strong>,</strong></span> <span class='ocrx_word' id='word_1_41' title='bbox 999 832 1136 885; x_wconf 90' lang='lat' dir='ltr'><strong>miro</strong></span> <span class='ocrx_word' id='word_1_42' title='bbox 1165 829 1402 884; x_wconf 83' lang='lat' dir='ltr'><strong>discendi</strong></span> <span class='ocrx_word' id='word_1_43' title='bbox 1430 827 1641 882; x_wconf 83' lang='lat' dir='ltr'><strong>ferebar</strong></span> <span class='ocrx_word' id='word_1_44' title='bbox 1668 839 1757 876; x_wconf 85' lang='lat' dir='ltr'><strong>ar-</strong></span> 
     </span>
    </p>
   </div>
   <div class='ocr_carea' id='block_1_8' title="bbox 169 919 1758 996">
    <p class='ocr_par' dir='ltr' id='par_1_8' title="bbox 169 919 1758 996">
     <span class='ocr_line' id='line_1_8' title="bbox 169 919 1758 996; baseline -0.01 -14"><span class='ocrx_word' id='word_1_45' title='bbox 169 927 327 991; x_wconf 90' lang='lat' dir='ltr'><strong>dore,</strong></span> <span class='ocrx_word' id='word_1_46' title='bbox 354 942 457 982; x_wconf 89' lang='lat' dir='ltr'><strong>nec</strong></span> <span class='ocrx_word' id='word_1_47' title='bbox 479 927 627 996; x_wconf 84' lang='lat' dir='ltr'><strong>juxta</strong></span> <span class='ocrx_word' id='word_1_48' title='bbox 647 924 1001 995; x_wconf 88' lang='lat' dir='ltr'><strong>quorumdam</strong></span> <span class='ocrx_word' id='word_1_49' title='bbox 1023 921 1511 991; x_wconf 68' lang='lat' dir='ltr'><strong>praesumptionem,</strong></span> <span class='ocrx_word' id='word_1_50' title='bbox 1538 919 1650 985; x_wconf 83' lang='lat' dir='ltr'><strong>ipse</strong></span> <span class='ocrx_word' id='word_1_51' title='bbox 1673 929 1758 967; x_wconf 91' lang='lat' dir='ltr'><strong>me</strong></span> 
     </span>
    </p>
   </div>
   <div class='ocr_carea' id='block_1_9' title="bbox 166 1006 1759 1087">
    <p class='ocr_par' dir='ltr' id='par_1_9' title="bbox 166 1006 1759 1087">
     <span class='ocr_line' id='line_1_9' title="bbox 166 1006 1759 1087; baseline -0.008 -15"><span class='ocrx_word' id='word_1_52' title='bbox 166 1019 349 1073; x_wconf 85' lang='lat' dir='ltr'><strong>docui.</strong></span> <span class='ocrx_word' id='word_1_53' title='bbox 405 1018 790 1087; x_wconf 79' lang='lat' dir='ltr'><strong>Apollinarium</strong></span> <span class='ocrx_word' id='word_1_54' title='bbox 834 1015 1194 1069; x_wconf 82' lang='lat' dir='ltr'><strong>Laodicenum</strong></span> <span class='ocrx_word' id='word_1_55' title='bbox 1242 1010 1419 1065; x_wconf 79' lang='lat' dir='ltr'><strong>audivi</strong></span> <span class='ocrx_word' id='word_1_56' title='bbox 1465 1006 1759 1063; x_wconf 71' lang='lat' dir='ltr'><strong>Antiochia:</strong></span> 
     </span>
    </p>
   </div>
   <div class='ocr_carea' id='block_1_10' title="bbox 165 1098 1760 1177">
    <p class='ocr_par' dir='ltr' id='par_1_10' title="bbox 165 1098 1760 1177">
     <span class='ocr_line' id='line_1_10' title="bbox 165 1098 1760 1177; baseline -0.008 -15"><span class='ocrx_word' id='word_1_57' title='bbox 165 1108 512 1177; x_wconf 74' lang='lat' dir='ltr'><strong>frequenter,</strong></span> <span class='ocrx_word' id='word_1_58' title='bbox 554 1120 610 1165; x_wconf 90' lang='lat' dir='ltr'><strong>et</strong></span> <span class='ocrx_word' id='word_1_59' title='bbox 637 1107 812 1171; x_wconf 81' lang='lat' dir='ltr'><strong>colui;</strong></span> <span class='ocrx_word' id='word_1_60' title='bbox 840 1116 893 1161; x_wconf 91' lang='lat' dir='ltr'><strong>et</strong></span> <span class='ocrx_word' id='word_1_61' title='bbox 932 1121 1051 1160; x_wconf 93' lang='lat' dir='ltr'><strong>cum</strong></span> <span class='ocrx_word' id='word_1_62' title='bbox 1080 1120 1166 1159; x_wconf 92' lang='lat' dir='ltr'><strong>me</strong></span> <span class='ocrx_word' id='word_1_63' title='bbox 1208 1105 1260 1157; x_wconf 93' lang='lat' dir='ltr'><strong>in</strong></span> <span class='ocrx_word' id='word_1_64' title='bbox 1291 1100 1489 1156; x_wconf 89' lang='lat' dir='ltr'><strong>sanctis</strong></span> <span class='ocrx_word' id='word_1_65' title='bbox 1517 1098 1760 1166; x_wconf 84' lang='lat' dir='ltr'><strong>Scriptu-</strong></span> 
     </span>
    </p>
   </div>
   <div class='ocr_carea' id='block_1_11' title="bbox 164 1185 1758 1266">
    <p class='ocr_par' dir='ltr' id='par_1_11' title="bbox 164 1185 1758 1266">
     <span class='ocr_line' id='line_1_11' title="bbox 164 1185 1758 1266; baseline -0.009 -13"><span class='ocrx_word' id='word_1_66' title='bbox 164 1199 243 1253; x_wconf 89' lang='lat' dir='ltr'><strong>ris</strong></span> <span class='ocrx_word' id='word_1_67' title='bbox 265 1198 536 1264; x_wconf 90' lang='lat' dir='ltr'><strong>erudiret,</strong></span> <span class='ocrx_word' id='word_1_68' title='bbox 561 1211 828 1266; x_wconf 93' lang='lat' dir='ltr'><strong>nunquam</strong></span> <span class='ocrx_word' id='word_1_69' title='bbox 886 1193 1047 1265; x_wconf 62' lang='lat'><strong>525</strong></span> <span class='ocrx_word' id='word_1_70' title='bbox 1096 1194 1235 1247; x_wconf 93' lang='lat' dir='ltr'><strong>illius</strong></span> <span class='ocrx_word' id='word_1_71' title='bbox 1266 1189 1654 1246; x_wconf 86' lang='lat' dir='ltr'><strong>contentiosum</strong></span> <span class='ocrx_word' id='word_1_72' title='bbox 1681 1185 1758 1256; x_wconf 91' lang='lat' dir='ltr'><strong>(b)</strong></span> 
     </span>
    </p>
   </div>
   <div class='ocr_carea' id='block_1_12' title="bbox 163 1279 1760 1358">
    <p class='ocr_par' dir='ltr' id='par_1_12' title="bbox 163 1279 1760 1358">
     <span class='ocr_line' id='line_1_12' title="bbox 163 1279 1760 1358; baseline -0.009 -15"><span class='ocrx_word' id='word_1_73' title='bbox 163 1304 336 1358; x_wconf 83' lang='lat' dir='ltr'><strong>super</strong></span> <span class='ocrx_word' id='word_1_74' title='bbox 365 1303 530 1343; x_wconf 89' lang='lat' dir='ltr'><strong>sensu</strong></span> <span class='ocrx_word' id='word_1_75' title='bbox 572 1289 762 1358; x_wconf 86' lang='lat' dir='ltr'><strong>dogma</strong></span> <span class='ocrx_word' id='word_1_76' title='bbox 796 1289 1023 1354; x_wconf 83' lang='lat' dir='ltr'><strong>suscepi.</strong></span> <span class='ocrx_word' id='word_1_77' title='bbox 1071 1284 1187 1338; x_wconf 72' lang='lat' dir='ltr'><strong>iam</strong></span> <span class='ocrx_word' id='word_1_78' title='bbox 1225 1282 1374 1337; x_wconf 90' lang='lat' dir='ltr'><strong>canis</strong></span> <span class='ocrx_word' id='word_1_79' title='bbox 1413 1279 1760 1349; x_wconf 87' lang='lat' dir='ltr'><strong>spargebatur</strong></span> 
     </span>
    </p>
   </div>
   <div class='ocr_carea' id='block_1_13' title="bbox 162 1369 1755 1449">
    <p class='ocr_par' dir='ltr' id='par_1_13' title="bbox 162 1369 1755 1449">
     <span class='ocr_line' id='line_1_13' title="bbox 162 1369 1755 1449; baseline -0.009 -17"><span class='ocrx_word' id='word_1_80' title='bbox 162 1387 356 1449; x_wconf 87' lang='lat' dir='ltr'><strong>caput,</strong></span> <span class='ocrx_word' id='word_1_81' title='bbox 384 1388 443 1433; x_wconf 87' lang='lat' dir='ltr'><strong>et</strong></span> <span class='ocrx_word' id='word_1_82' title='bbox 466 1381 773 1448; x_wconf 90' lang='lat' dir='ltr'><strong>magistrum</strong></span> <span class='ocrx_word' id='word_1_83' title='bbox 799 1377 975 1446; x_wconf 88' lang='lat' dir='ltr'><strong>potius</strong></span> <span class='ocrx_word' id='word_1_84' title='bbox 993 1389 1149 1444; x_wconf 89' lang='lat' dir='ltr'><strong>quam</strong></span> <span class='ocrx_word' id='word_1_85' title='bbox 1171 1372 1491 1441; x_wconf 87' lang='lat' dir='ltr'><strong>discipulum</strong></span> <span class='ocrx_word' id='word_1_86' title='bbox 1516 1369 1755 1423; x_wconf 87' lang='lat' dir='ltr'><strong>decebat.</strong></span> 
     </span>
    </p>
   </div>
   <div class='ocr_carea' id='block_1_14' title="bbox 163 1456 1757 1528">
    <p class='ocr_par' dir='ltr' id='par_1_14' title="bbox 163 1456 1757 1528">
     <span class='ocr_line' id='line_1_14' title="bbox 163 1456 1757 1528; baseline -0.009 -7"><span class='ocrx_word' id='word_1_87' title='bbox 163 1466 395 1521; x_wconf 81' lang='lat' dir='ltr'><strong>Perrexi</strong></span> <span class='ocrx_word' id='word_1_88' title='bbox 449 1476 628 1520; x_wconf 81' lang='lat' dir='ltr'><strong>tamen</strong></span> <span class='ocrx_word' id='word_1_89' title='bbox 666 1464 1041 1520; x_wconf 83' lang='lat' dir='ltr'><strong>Alexandriam</strong></span> <span class='ocrx_word' id='word_1_90' title='bbox 1070 1504 1084 1527; x_wconf 92' lang='lat'><strong>,</strong></span> <span class='ocrx_word' id='word_1_91' title='bbox 1130 1461 1308 1516; x_wconf 80' lang='lat' dir='ltr'><strong>audivi</strong></span> <span class='ocrx_word' id='word_1_92' title='bbox 1350 1460 1628 1528; x_wconf 83' lang='lat' dir='ltr'><strong>Didymum</strong></span> <span class='ocrx_word' id='word_1_93' title='bbox 1659 1474 1673 1510; x_wconf 88' lang='lat'><strong>:</strong></span> <span class='ocrx_word' id='word_1_94' title='bbox 1706 1456 1757 1508; x_wconf 91' lang='lat' dir='ltr'><strong>in</strong></span> 
     </span>
    </p>
   </div>
   <div class='ocr_carea' id='block_1_15' title="bbox 165 1549 1761 1626">
    <p class='ocr_par' dir='ltr' id='par_1_15' title="bbox 165 1549 1761 1626">
     <span class='ocr_line' id='line_1_15' title="bbox 165 1549 1761 1626; baseline -0.007 -15"><span class='ocrx_word' id='word_1_95' title='bbox 165 1558 354 1611; x_wconf 89' lang='lat' dir='ltr'><strong>multis</strong></span> <span class='ocrx_word' id='word_1_96' title='bbox 376 1557 429 1611; x_wconf 84' lang='lat' dir='ltr'><strong>ei</strong></span> <span class='ocrx_word' id='word_1_97' title='bbox 456 1557 652 1626; x_wconf 78' lang='lat' dir='ltr'><strong>gratias</strong></span> <span class='ocrx_word' id='word_1_98' title='bbox 671 1571 789 1625; x_wconf 87' lang='lat' dir='ltr'><strong>ago.</strong></span> <span class='ocrx_word' id='word_1_99' title='bbox 816 1555 968 1622; x_wconf 86' lang='lat' dir='ltr'><strong>Quod</strong></span> <span class='ocrx_word' id='word_1_100' title='bbox 994 1554 1214 1619; x_wconf 83' lang='lat' dir='ltr'><strong>nescivi,</strong></span> <span class='ocrx_word' id='word_1_101' title='bbox 1236 1551 1399 1607; x_wconf 89' lang='lat' dir='ltr'><strong>didici</strong></span> <span class='ocrx_word' id='word_1_102' title='bbox 1423 1569 1436 1602; x_wconf 92' lang='lat'>:</span> <span class='ocrx_word' id='word_1_103' title='bbox 1460 1549 1601 1620; x_wconf 92' lang='lat' dir='ltr'><strong>quod</strong></span> <span class='ocrx_word' id='word_1_104' title='bbox 1626 1549 1761 1601; x_wconf 89' lang='lat' dir='ltr'><strong>scie-</strong></span> 
     </span>
    </p>
   </div>
   <div class='ocr_carea' id='block_1_16' title="bbox 162 1638 1757 1718">
    <p class='ocr_par' dir='ltr' id='par_1_16' title="bbox 162 1638 1757 1718">
     <span class='ocr_line' id='line_1_16' title="bbox 162 1638 1757 1718; baseline -0.011 -14"><span class='ocrx_word' id='word_1_105' title='bbox 162 1649 315 1713; x_wconf 83' lang='lat' dir='ltr'><strong>bam,</strong></span> <span class='ocrx_word' id='word_1_106' title='bbox 346 1648 446 1703; x_wconf 92' lang='lat' dir='ltr'><strong>illo</strong></span> <span class='ocrx_word' id='word_1_107' title='bbox 472 1647 546 1718; x_wconf 87' lang='lat' dir='ltr'><strong>(c)</strong></span> <span class='ocrx_word' id='word_1_108' title='bbox 575 1647 822 1711; x_wconf 90' lang='lat' dir='ltr'><strong>docente,</strong></span> <span class='ocrx_word' id='word_1_109' title='bbox 854 1662 959 1700; x_wconf 91' lang='lat' dir='ltr'><strong>non</strong></span> <span class='ocrx_word' id='word_1_110' title='bbox 986 1644 1213 1714; x_wconf 87' lang='lat' dir='ltr'><strong>perdidi.</strong></span> <span class='ocrx_word' id='word_1_111' title='bbox 1258 1642 1520 1697; x_wconf 87' lang='lat' dir='ltr'><strong>Putabant</strong></span> <span class='ocrx_word' id='word_1_112' title='bbox 1546 1655 1631 1693; x_wconf 91' lang='lat' dir='ltr'><strong>me</strong></span> <span class='ocrx_word' id='word_1_113' title='bbox 1659 1638 1757 1689; x_wconf 89' lang='lat' dir='ltr'><strong>ho-</strong></span> 
     </span>
    </p>
   </div>
   <div class='ocr_carea' id='block_1_17' title="bbox 164 1728 1759 1795">
    <p class='ocr_par' dir='ltr' id='par_1_17' title="bbox 164 1728 1759 1795">
     <span class='ocr_line' id='line_1_17' title="bbox 164 1728 1759 1795; baseline -0.009 -1"><span class='ocrx_word' id='word_1_114' title='bbox 164 1741 343 1795; x_wconf 87' lang='lat' dir='ltr'><strong>mines</strong></span> <span class='ocrx_word' id='word_1_115' title='bbox 374 1738 539 1793; x_wconf 90' lang='lat' dir='ltr'><strong>ﬁnem</strong></span> <span class='ocrx_word' id='word_1_116' title='bbox 569 1737 761 1792; x_wconf 82' lang='lat' dir='ltr'><strong>fecisse</strong></span> <span class='ocrx_word' id='word_1_117' title='bbox 787 1736 1048 1791; x_wconf 89' lang='lat' dir='ltr'><strong>discendi.</strong></span> <span class='ocrx_word' id='word_1_118' title='bbox 1081 1734 1212 1788; x_wconf 87' lang='lat' dir='ltr'><strong>Veni</strong></span> <span class='ocrx_word' id='word_1_119' title='bbox 1243 1747 1451 1787; x_wconf 88' lang='lat' dir='ltr'><strong>rursum</strong></span> <span class='ocrx_word' id='word_1_120' title='bbox 1485 1728 1759 1794; x_wconf 79' lang='lat' dir='ltr'><strong>Jerosuly-</strong></span> 
     </span>
    </p>
   </div>
   <div class='ocr_carea' id='block_1_18' title="bbox 164 1821 1755 1896">
    <p class='ocr_par' dir='ltr' id='par_1_18' title="bbox 164 1821 1755 1896">
     <span class='ocr_line' id='line_1_18' title="bbox 164 1821 1755 1896; baseline -0.01 -10"><span class='ocrx_word' id='word_1_121' title='bbox 164 1847 310 1886; x_wconf 85' lang='lat' dir='ltr'><strong>mam</strong></span> <span class='ocrx_word' id='word_1_122' title='bbox 334 1841 391 1885; x_wconf 90' lang='lat' dir='ltr'><strong>et</strong></span> <span class='ocrx_word' id='word_1_123' title='bbox 414 1830 710 1885; x_wconf 82' lang='lat' dir='ltr'><strong>Bethleem.</strong></span> <span class='ocrx_word' id='word_1_124' title='bbox 734 1830 851 1896; x_wconf 89' lang='lat' dir='ltr'><strong>Quo</strong></span> <span class='ocrx_word' id='word_1_125' title='bbox 879 1828 1079 1890; x_wconf 86' lang='lat' dir='ltr'><strong>labore,</strong></span> <span class='ocrx_word' id='word_1_126' title='bbox 1104 1840 1209 1894; x_wconf 87' lang='lat' dir='ltr'><strong>quo</strong></span> <span class='ocrx_word' id='word_1_127' title='bbox 1231 1824 1403 1894; x_wconf 90' lang='lat' dir='ltr'><strong>pretio</strong></span> <span class='ocrx_word' id='word_1_128' title='bbox 1439 1821 1755 1876; x_wconf 86' lang='lat' dir='ltr'><strong>Baraninam</strong></span> 
     </span>
    </p>
   </div>
   <div class='ocr_carea' id='block_1_19' title="bbox 164 1908 1758 1987">
    <p class='ocr_par' dir='ltr' id='par_1_19' title="bbox 164 1908 1758 1987">
     <span class='ocr_line' id='line_1_19' title="bbox 164 1908 1758 1987; baseline -0.008 -12"><span class='ocrx_word' id='word_1_129' title='bbox 164 1930 496 1975; x_wconf 89' lang='lat' dir='ltr'><strong>nocturnum</strong></span> <span class='ocrx_word' id='word_1_130' title='bbox 541 1920 699 1974; x_wconf 83' lang='lat' dir='ltr'><strong>habui</strong></span> <span class='ocrx_word' id='word_1_131' title='bbox 747 1918 1160 1987; x_wconf 70' lang='lat' dir='ltr'><strong>prmceptoreml</strong></span> <span class='ocrx_word' id='word_1_132' title='bbox 1207 1912 1455 1967; x_wconf 78' lang='lat' dir='ltr'><strong>Timebat</strong></span> <span class='ocrx_word' id='word_1_133' title='bbox 1495 1911 1637 1965; x_wconf 91' lang='lat' dir='ltr'><strong>enim</strong></span> <span class='ocrx_word' id='word_1_134' title='bbox 1665 1908 1758 1962; x_wconf 70' lang='grc'><strong>111.</strong></span> 
     </span>
    </p>
   </div>
   <div class='ocr_carea' id='block_1_20' title="bbox 163 2000 1753 2077">
    <p class='ocr_par' dir='ltr' id='par_1_20' title="bbox 163 2000 1753 2077">
     <span class='ocr_line' id='line_1_20' title="bbox 163 2000 1753 2077; baseline -0.008 -12"><span class='ocrx_word' id='word_1_135' title='bbox 163 2012 313 2066; x_wconf 75' lang='lat' dir='ltr'><strong>rlzeos</strong></span> <span class='ocrx_word' id='word_1_136' title='bbox 333 2051 351 2077; x_wconf 95' lang='lat'><strong>,</strong></span> <span class='ocrx_word' id='word_1_137' title='bbox 383 2021 442 2066; x_wconf 90' lang='lat' dir='ltr'><strong>et</strong></span> <span class='ocrx_word' id='word_1_138' title='bbox 470 2011 601 2065; x_wconf 86' lang='lat' dir='ltr'><strong>mihi</strong></span> <span class='ocrx_word' id='word_1_139' title='bbox 634 2011 859 2065; x_wconf 89' lang='lat' dir='ltr'><strong>alterum</strong></span> <span class='ocrx_word' id='word_1_140' title='bbox 890 2007 1176 2064; x_wconf 78' lang='lat' dir='ltr'><strong>exhibebat</strong></span> <span class='ocrx_word' id='word_1_141' title='bbox 1202 2005 1545 2059; x_wconf 86' lang='lat' dir='ltr'><strong>Nicodemum</strong></span> <span class='ocrx_word' id='word_1_142' title='bbox 1575 2000 1753 2067; x_wconf 70' lang='lat' dir='ltr'><strong>(Jotm.</strong></span> 
     </span>
    </p>
   </div>
   <div class='ocr_carea' id='block_1_21' title="bbox 160 2093 1757 2175">
    <p class='ocr_par' dir='ltr' id='par_1_21' title="bbox 160 2093 1757 2175">
     <span class='ocr_line' id='line_1_21' title="bbox 160 2093 1757 2175; baseline -0.011 -15"><span class='ocrx_word' id='word_1_143' title='bbox 160 2107 217 2161; x_wconf 78' lang='lat'><strong>3.</strong></span> <span class='ocrx_word' id='word_1_144' title='bbox 253 2106 331 2175; x_wconf 84' lang='lat' dir='ltr'><strong>l).</strong></span> <span class='ocrx_word' id='word_1_145' title='bbox 378 2104 588 2159; x_wconf 85' lang='lat' dir='ltr'><strong>Horum</strong></span> <span class='ocrx_word' id='word_1_146' title='bbox 618 2103 854 2156; x_wconf 89' lang='lat' dir='ltr'><strong>omnium</strong></span> <span class='ocrx_word' id='word_1_147' title='bbox 897 2101 1201 2167; x_wconf 85' lang='lat' dir='ltr'><strong>frequenter</strong></span> <span class='ocrx_word' id='word_1_148' title='bbox 1239 2098 1291 2150; x_wconf 93' lang='lat' dir='ltr'><strong>in</strong></span> <span class='ocrx_word' id='word_1_149' title='bbox 1323 2093 1595 2163; x_wconf 86' lang='lat' dir='ltr'><strong>opusculis</strong></span> <span class='ocrx_word' id='word_1_150' title='bbox 1626 2094 1757 2143; x_wconf 65' lang='lat' dir='ltr'><strong>unus</strong></span> 
     </span>
    </p>
   </div>
   <div class='ocr_carea' id='block_1_22' title="bbox 161 2186 1755 2257">
    <p class='ocr_par' dir='ltr' id='par_1_22' title="bbox 161 2186 1755 2257">
     <span class='ocr_line' id='line_1_22' title="bbox 161 2186 1755 2257; baseline -0.011 -4"><span class='ocrx_word' id='word_1_151' title='bbox 161 2198 304 2253; x_wconf 88' lang='lat' dir='ltr'><strong>facio</strong></span> <span class='ocrx_word' id='word_1_152' title='bbox 336 2199 693 2251; x_wconf 80' lang='lat' dir='ltr'><strong>mentionem.</strong></span> <span class='ocrx_word' id='word_1_153' title='bbox 718 2191 878 2247; x_wconf 83' lang='lat' dir='ltr'><strong>Certe</strong></span> <span class='ocrx_word' id='word_1_154' title='bbox 904 2189 1210 2257; x_wconf 81' lang='lat' dir='ltr'><strong>Apollinarii</strong></span> <span class='ocrx_word' id='word_1_155' title='bbox 1233 2197 1288 2242; x_wconf 90' lang='lat' dir='ltr'><strong>et</strong></span> <span class='ocrx_word' id='word_1_156' title='bbox 1310 2186 1515 2257; x_wconf 87' lang='lat' dir='ltr'><strong>Didymi</strong></span> <span class='ocrx_word' id='word_1_157' title='bbox 1541 2186 1679 2238; x_wconf 91' lang='lat' dir='ltr'><strong>inter</strong></span> <span class='ocrx_word' id='word_1_158' title='bbox 1699 2202 1755 2236; x_wconf 72' lang='lat' dir='ltr'><strong>se</strong></span> 
     </span>
    </p>
   </div>
   <div class='ocr_carea' id='block_1_23' title="bbox 160 2281 1757 2358">
    <p class='ocr_par' dir='ltr' id='par_1_23' title="bbox 160 2281 1757 2358">
     <span class='ocr_line' id='line_1_23' title="bbox 160 2281 1757 2358; baseline -0.011 -15"><span class='ocrx_word' id='word_1_159' title='bbox 160 2288 361 2358; x_wconf 88' lang='lat' dir='ltr'><strong>dogma</strong></span> <span class='ocrx_word' id='word_1_160' title='bbox 392 2285 721 2340; x_wconf 81' lang='lat' dir='ltr'><strong>contrarium</strong></span> <span class='ocrx_word' id='word_1_161' title='bbox 752 2291 854 2336; x_wconf 88' lang='lat' dir='ltr'><strong>est.</strong></span> <span class='ocrx_word' id='word_1_162' title='bbox 888 2281 1078 2349; x_wconf 79' lang='lat' dir='ltr'><strong>Rapiat</strong></span> <span class='ocrx_word' id='word_1_163' title='bbox 1108 2294 1192 2333; x_wconf 92' lang='lat' dir='ltr'><strong>me</strong></span> <span class='ocrx_word' id='word_1_164' title='bbox 1228 2292 1356 2347; x_wconf 88' lang='lat' dir='ltr'><strong>ergo</strong></span> <span class='ocrx_word' id='word_1_165' title='bbox 1392 2285 1617 2344; x_wconf 86' lang='lat' dir='ltr'><strong>utraque</strong></span> <span class='ocrx_word' id='word_1_166' title='bbox 1648 2284 1757 2327; x_wconf 84' lang='lat' dir='ltr'><strong>tur-</strong></span> 
     </span>
    </p>
   </div>
   <div class='ocr_carea' id='block_1_24' title="bbox 160 2369 1757 2439">
    <p class='ocr_par' dir='ltr' id='par_1_24' title="bbox 160 2369 1757 2439">
     <span class='ocr_line' id='line_1_24' title="bbox 160 2369 1757 2439; baseline -0.011 -5"><span class='ocrx_word' id='word_1_167' title='bbox 160 2396 250 2434; x_wconf 91' lang='lat' dir='ltr'><strong>ma</strong></span> <span class='ocrx_word' id='word_1_168' title='bbox 283 2379 565 2432; x_wconf 79' lang='lat' dir='ltr'><strong>diversum</strong></span> <span class='ocrx_word' id='word_1_169' title='bbox 596 2375 916 2428; x_wconf 88' lang='lat' dir='ltr'><strong>altrinsecus</strong></span> <span class='ocrx_word' id='word_1_170' title='bbox 935 2412 951 2434; x_wconf 95' lang='lat'><strong>,</strong></span> <span class='ocrx_word' id='word_1_171' title='bbox 978 2372 1100 2439; x_wconf 87' lang='lat' dir='ltr'><strong>quia</strong></span> <span class='ocrx_word' id='word_1_172' title='bbox 1141 2369 1449 2438; x_wconf 87' lang='lat' dir='ltr'><strong>magistrum</strong></span> <span class='ocrx_word' id='word_1_173' title='bbox 1476 2374 1757 2431; x_wconf 87' lang='lat' dir='ltr'><strong>utrumque</strong></span> 
     </span>
    </p>
   </div>
   <div class='ocr_carea' id='block_1_25' title="bbox 157 2453 1755 2529">
    <p class='ocr_par' dir='ltr' id='par_1_25' title="bbox 157 2453 1755 2529">
     <span class='ocr_line' id='line_1_25' title="bbox 157 2453 1755 2529; baseline -0.013 -6"><span class='ocrx_word' id='word_1_174' title='bbox 157 2468 451 2523; x_wconf 90' lang='lat' dir='ltr'><strong>conﬁteor.</strong></span> <span class='ocrx_word' id='word_1_175' title='bbox 481 2465 537 2519; x_wconf 89' lang='lat' dir='ltr'><strong>Si</strong></span> <span class='ocrx_word' id='word_1_176' title='bbox 566 2462 781 2529; x_wconf 87' lang='lat' dir='ltr'><strong>expedit</strong></span> <span class='ocrx_word' id='word_1_177' title='bbox 803 2460 981 2515; x_wconf 76' lang='lat' dir='ltr'><strong>odisse</strong></span> <span class='ocrx_word' id='word_1_178' title='bbox 1017 2459 1291 2519; x_wconf 89' lang='lat' dir='ltr'><strong>homines,</strong></span> <span class='ocrx_word' id='word_1_179' title='bbox 1323 2465 1376 2510; x_wconf 84' lang='lat' dir='ltr'><strong>et</strong></span> <span class='ocrx_word' id='word_1_180' title='bbox 1404 2465 1613 2524; x_wconf 85' lang='lat' dir='ltr'><strong>gentem</strong></span> <span class='ocrx_word' id='word_1_181' title='bbox 1654 2453 1755 2506; x_wconf 84' lang='lat' dir='ltr'><strong>ali-</strong></span> 
     </span>
    </p>
   </div>
   <div class='ocr_carea' id='block_1_26' title="bbox 160 2543 1751 2627">
    <p class='ocr_par' dir='ltr' id='par_1_26' title="bbox 160 2543 1751 2627">
     <span class='ocr_line' id='line_1_26' title="bbox 160 2543 1751 2627; baseline -0.009 -19"><span class='ocrx_word' id='word_1_182' title='bbox 160 2572 324 2627; x_wconf 89' lang='lat' dir='ltr'><strong>quam</strong></span> <span class='ocrx_word' id='word_1_183' title='bbox 364 2553 661 2618; x_wconf 88' lang='lat' dir='ltr'><strong>detestari,</strong></span> <span class='ocrx_word' id='word_1_184' title='bbox 690 2552 827 2606; x_wconf 84' lang='lat' dir='ltr'><strong>miro</strong></span> <span class='ocrx_word' id='word_1_185' title='bbox 851 2550 976 2604; x_wconf 88' lang='lat' dir='ltr'><strong>odio</strong></span> <span class='ocrx_word' id='word_1_186' title='bbox 1000 2547 1255 2601; x_wconf 85' lang='lat' dir='ltr'><strong>adversor</strong></span> <span class='ocrx_word' id='word_1_187' title='bbox 1278 2544 1355 2617; x_wconf 91' lang='grc'><strong>(1)</strong></span> <span class='ocrx_word' id='word_1_188' title='bbox 1382 2543 1751 2598; x_wconf 89' lang='lat' dir='ltr'><strong>circumcisos.</strong></span> 
     </span>
    </p>
   </div>
   <div class='ocr_carea' id='block_1_27' title="bbox 164 2635 1753 2723">
    <p class='ocr_par' dir='ltr' id='par_1_27' title="bbox 164 2635 1753 2723">
     <span class='ocr_line' id='line_1_27' title="bbox 164 2635 1753 2723; baseline -0.013 -19"><span class='ocrx_word' id='word_1_189' title='bbox 164 2649 349 2723; x_wconf 63' lang='lat' dir='ltr'><strong>Usqup</strong></span> <span class='ocrx_word' id='word_1_190' title='bbox 377 2645 544 2700; x_wconf 83' lang='lat' dir='ltr'><strong>hodie</strong></span> <span class='ocrx_word' id='word_1_191' title='bbox 578 2643 721 2698; x_wconf 90' lang='lat' dir='ltr'><strong>enim</strong></span> <span class='ocrx_word' id='word_1_192' title='bbox 761 2646 1154 2711; x_wconf 84' lang='lat' dir='ltr'><strong>persequuntur</strong></span> <span class='ocrx_word' id='word_1_193' title='bbox 1193 2635 1475 2690; x_wconf 89' lang='lat' dir='ltr'><strong>Dominum</strong></span> <span class='ocrx_word' id='word_1_194' title='bbox 1515 2641 1753 2687; x_wconf 90' lang='lat' dir='ltr'><strong>nostrum</strong></span> 
     </span>
    </p>
   </div>
   <div class='ocr_carea' id='block_1_28' title="bbox 159 2724 1748 2802">
    <p class='ocr_par' dir='ltr' id='par_1_28' title="bbox 159 2724 1748 2802">
     <span class='ocr_line' id='line_1_28' title="bbox 159 2724 1748 2802; baseline -0.008 -9"><span class='ocrx_word' id='word_1_195' title='bbox 159 2741 349 2795; x_wconf 74' lang='lat' dir='ltr'><strong>Jesum</strong></span> <span class='ocrx_word' id='word_1_196' title='bbox 379 2736 657 2792; x_wconf 84' lang='lat' dir='ltr'><strong>Christum</strong></span> <span class='ocrx_word' id='word_1_197' title='bbox 699 2735 752 2787; x_wconf 91' lang='lat' dir='ltr'><strong>in</strong></span> <span class='ocrx_word' id='word_1_198' title='bbox 795 2730 1077 2802; x_wconf 83' lang='lat' dir='ltr'><strong>synagogis</strong></span> <span class='ocrx_word' id='word_1_199' title='bbox 1104 2729 1332 2784; x_wconf 69' lang='lat' dir='ltr'><strong>Satanae.</strong></span> <span class='ocrx_word' id='word_1_200' title='bbox 1367 2725 1592 2794; x_wconf 88' lang='lat' dir='ltr'><strong>Objiciat</strong></span> <span class='ocrx_word' id='word_1_201' title='bbox 1621 2724 1748 2780; x_wconf 90' lang='lat' dir='ltr'><strong>mihi</strong></span> 
     </span>
    </p>
   </div>
   <div class='ocr_carea' id='block_1_29' title="bbox 162 2820 1755 2904">
    <p class='ocr_par' dir='ltr' id='par_1_29' title="bbox 162 2820 1755 2904">
     <span class='ocr_line' id='line_1_29' title="bbox 162 2820 1755 2904; baseline -0.012 -17"><span class='ocrx_word' id='word_1_202' title='bbox 162 2833 456 2904; x_wconf 82' lang='lat' dir='ltr'><strong>quispiam,</strong></span> <span class='ocrx_word' id='word_1_203' title='bbox 485 2844 584 2883; x_wconf 89' lang='lat' dir='ltr'><strong>cur</strong></span> <span class='ocrx_word' id='word_1_204' title='bbox 609 2827 877 2881; x_wconf 84' lang='lat' dir='ltr'><strong>hominem</strong></span> <span class='ocrx_word' id='word_1_205' title='bbox 899 2822 1139 2878; x_wconf 72' lang='lat' dir='ltr'><strong>Judzeum</strong></span> <span class='ocrx_word' id='word_1_206' title='bbox 1165 2820 1439 2874; x_wconf 88' lang='lat' dir='ltr'><strong>habuerim</strong></span> <span class='ocrx_word' id='word_1_207' title='bbox 1464 2826 1755 2886; x_wconf 57' lang='lat' dir='ltr'><strong>praecepto-</strong></span> 
     </span>
    </p>
   </div>
   <div class='ocr_carea' id='block_1_30' title="bbox 164 2906 1756 2986">
    <p class='ocr_par' dir='ltr' id='par_1_30' title="bbox 164 2906 1756 2986">
     <span class='ocr_line' id='line_1_30' title="bbox 164 2906 1756 2986; baseline -0.013 -9"><span class='ocrx_word' id='word_1_208' title='bbox 164 2937 278 2977; x_wconf 86' lang='lat' dir='ltr'><strong>rem</strong></span> <span class='ocrx_word' id='word_1_209' title='bbox 301 2923 326 2975; x_wconf 72' lang='grc' dir='ltr'><strong><em>ΐ</em></strong></span> <span class='ocrx_word' id='word_1_210' title='bbox 368 2921 436 2974; x_wconf 86' lang='lat' dir='ltr'><strong>Et</strong></span> <span class='ocrx_word' id='word_1_211' title='bbox 462 2918 621 2972; x_wconf 87' lang='lat' dir='ltr'><strong>audet</strong></span> <span class='ocrx_word' id='word_1_212' title='bbox 652 2916 866 2986; x_wconf 90' lang='lat' dir='ltr'><strong>quidam</strong></span> <span class='ocrx_word' id='word_1_213' title='bbox 901 2912 1140 2982; x_wconf 83' lang='lat' dir='ltr'><strong>proferre</strong></span> <span class='ocrx_word' id='word_1_214' title='bbox 1163 2911 1365 2964; x_wconf 85' lang='lat' dir='ltr'><strong>litteras</strong></span> <span class='ocrx_word' id='word_1_215' title='bbox 1396 2923 1543 2961; x_wconf 86' lang='lat' dir='ltr'><strong>meas</strong></span> <span class='ocrx_word' id='word_1_216' title='bbox 1571 2907 1638 2960; x_wconf 88' lang='lat' dir='ltr'><strong>ad</strong></span> <span class='ocrx_word' id='word_1_217' title='bbox 1669 2906 1756 2958; x_wconf 85' lang='lat' dir='ltr'><strong>Di-</strong></span> 
     </span>
    </p>
   </div>
   <div class='ocr_carea' id='block_1_31' title="bbox 162 3000 1755 3085">
    <p class='ocr_par' dir='ltr' id='par_1_31' title="bbox 162 3000 1755 3085">
     <span class='ocr_line' id='line_1_31' title="bbox 162 3000 1755 3085; baseline -0.01 -17"><span class='ocrx_word' id='word_1_218' title='bbox 162 3015 386 3085; x_wconf 77' lang='lat' dir='ltr'><strong>dymum</strong></span> <span class='ocrx_word' id='word_1_219' title='bbox 410 3055 426 3078; x_wconf 95' lang='lat'><strong>,</strong></span> <span class='ocrx_word' id='word_1_220' title='bbox 458 3011 609 3081; x_wconf 86' lang='lat' dir='ltr'><strong>quasi</strong></span> <span class='ocrx_word' id='word_1_221' title='bbox 650 3009 717 3064; x_wconf 86' lang='lat' dir='ltr'><strong>ad</strong></span> <span class='ocrx_word' id='word_1_222' title='bbox 756 3005 1099 3077; x_wconf 73' lang='lat' dir='ltr'><strong>Magistrum?</strong></span> <span class='ocrx_word' id='word_1_223' title='bbox 1128 3003 1339 3059; x_wconf 84' lang='lat' dir='ltr'><strong>Grande</strong></span> <span class='ocrx_word' id='word_1_224' title='bbox 1364 3002 1567 3056; x_wconf 89' lang='lat' dir='ltr'><strong>crimen</strong></span> <span class='ocrx_word' id='word_1_225' title='bbox 1595 3000 1755 3053; x_wconf 81' lang='lat' dir='ltr'><strong>disci-</strong></span> 
     </span>
    </p>
   </div>
   <div class='ocr_carea' id='block_1_32' title="bbox 165 3093 1753 3174">
    <p class='ocr_par' dir='ltr' id='par_1_32' title="bbox 165 3093 1753 3174">
     <span class='ocr_line' id='line_1_32' title="bbox 165 3093 1753 3174; baseline -0.01 -16"><span class='ocrx_word' id='word_1_226' title='bbox 165 3105 315 3174; x_wconf 89' lang='lat' dir='ltr'><strong>puli,</strong></span> <span class='ocrx_word' id='word_1_227' title='bbox 370 3105 415 3157; x_wconf 92' lang='lat' dir='ltr'><strong>si</strong></span> <span class='ocrx_word' id='word_1_228' title='bbox 468 3102 742 3155; x_wconf 85' lang='lat' dir='ltr'><strong>hominem</strong></span> <span class='ocrx_word' id='word_1_229' title='bbox 792 3098 1055 3152; x_wconf 89' lang='lat' dir='ltr'><strong>eruditum</strong></span> <span class='ocrx_word' id='word_1_230' title='bbox 1107 3107 1160 3149; x_wconf 91' lang='lat' dir='ltr'><strong>et</strong></span> <span class='ocrx_word' id='word_1_231' title='bbox 1205 3109 1391 3148; x_wconf 89' lang='lat' dir='ltr'><strong>senem</strong></span> <span class='ocrx_word' id='word_1_232' title='bbox 1444 3093 1753 3160; x_wconf 87' lang='lat' dir='ltr'><strong>magistrum</strong></span> 
     </span>
    </p>
   </div>
   <div class='ocr_carea' id='block_1_33' title="bbox 159 3182 1751 3253">
    <p class='ocr_par' dir='ltr' id='par_1_33' title="bbox 159 3182 1751 3253">
     <span class='ocr_line' id='line_1_33' title="bbox 159 3182 1751 3253; baseline -0.009 -5"><span class='ocrx_word' id='word_1_233' title='bbox 159 3195 418 3249; x_wconf 82' lang='lat' dir='ltr'><strong>dixerim.</strong></span> <span class='ocrx_word' id='word_1_234' title='bbox 454 3192 524 3245; x_wconf 86' lang='lat' dir='ltr'><strong>Et</strong></span> <span class='ocrx_word' id='word_1_235' title='bbox 554 3199 732 3244; x_wconf 85' lang='lat' dir='ltr'><strong>tamen</strong></span> <span class='ocrx_word' id='word_1_236' title='bbox 772 3187 895 3240; x_wconf 86' lang='lat' dir='ltr'><strong>vuln</strong></span> <span class='ocrx_word' id='word_1_237' title='bbox 926 3184 1192 3253; x_wconf 78' lang='lat' dir='ltr'><strong>inspicere</strong></span> <span class='ocrx_word' id='word_1_238' title='bbox 1224 3185 1390 3251; x_wconf 85' lang='lat' dir='ltr'><strong>ipsam</strong></span> <span class='ocrx_word' id='word_1_239' title='bbox 1425 3182 1751 3251; x_wconf 85' lang='lat' dir='ltr'><strong>Epistulam,</strong></span> 
     </span>
    </p>
   </div>
   <div class='ocr_carea' id='block_1_34' title="bbox 163 3273 1756 3357">
    <p class='ocr_par' dir='ltr' id='par_1_34' title="bbox 163 3273 1756 3357">
     <span class='ocr_line' id='line_1_34' title="bbox 163 3273 1756 3357; baseline -0.008 -19"><span class='ocrx_word' id='word_1_240' title='bbox 163 3304 285 3357; x_wconf 74' lang='lat' dir='ltr'><strong>qua:</strong></span> <span class='ocrx_word' id='word_1_241' title='bbox 316 3294 470 3338; x_wconf 87' lang='lat' dir='ltr'><strong>tanto</strong></span> <span class='ocrx_word' id='word_1_242' title='bbox 501 3293 738 3349; x_wconf 88' lang='lat' dir='ltr'><strong>tempore</strong></span> <span class='ocrx_word' id='word_1_243' title='bbox 767 3280 816 3332; x_wconf 94' lang='lat' dir='ltr'><strong>iu</strong></span> <span class='ocrx_word' id='word_1_244' title='bbox 841 3277 1161 3333; x_wconf 85' lang='lat' dir='ltr'><strong>calumniam</strong></span> <span class='ocrx_word' id='word_1_245' title='bbox 1192 3284 1457 3330; x_wconf 88' lang='lat' dir='ltr'><strong>reservata</strong></span> <span class='ocrx_word' id='word_1_246' title='bbox 1489 3284 1589 3328; x_wconf 86' lang='lat' dir='ltr'><strong>est.</strong></span> <span class='ocrx_word' id='word_1_247' title='bbox 1616 3273 1756 3327; x_wconf 86' lang='lat' dir='ltr'><strong>Nihil</strong></span> 
     </span>
    </p>
   </div>
   <div class='ocr_carea' id='block_1_35' title="bbox 166 3365 1758 3446">
    <p class='ocr_par' dir='ltr' id='par_1_35' title="bbox 166 3365 1758 3446">
     <span class='ocr_line' id='line_1_35' title="bbox 166 3365 1758 3446; baseline -0.009 -14"><span class='ocrx_word' id='word_1_248' title='bbox 166 3386 369 3446; x_wconf 73' lang='grc'><strong>11110101</strong></span> <span class='ocrx_word' id='word_1_249' title='bbox 398 3375 659 3428; x_wconf 89' lang='lat' dir='ltr'><strong>honorem</strong></span> <span class='ocrx_word' id='word_1_250' title='bbox 682 3381 736 3426; x_wconf 91' lang='lat' dir='ltr'><strong>et</strong></span> <span class='ocrx_word' id='word_1_251' title='bbox 756 3370 1126 3424; x_wconf 82' lang='lat' dir='ltr'><strong>salutationem</strong></span> <span class='ocrx_word' id='word_1_252' title='bbox 1149 3368 1408 3423; x_wconf 86' lang='lat' dir='ltr'><strong>continet.</strong></span> <span class='ocrx_word' id='word_1_253' title='bbox 1432 3365 1612 3434; x_wconf 87' lang='lat' dir='ltr'><strong>Inepta</strong></span> <span class='ocrx_word' id='word_1_254' title='bbox 1634 3374 1758 3418; x_wconf 90' lang='lat' dir='ltr'><strong>sunt</strong></span> 
     </span>
    </p>
   </div>
   <div class='ocr_carea' id='block_1_36' title="bbox 164 3457 1752 3532">
    <p class='ocr_par' dir='ltr' id='par_1_36' title="bbox 164 3457 1752 3532">
     <span class='ocr_line' id='line_1_36' title="bbox 164 3457 1752 3532; baseline -0.009 -11"><span class='ocrx_word' id='word_1_255' title='bbox 164 3469 281 3522; x_wconf 77' lang='grc'><strong>111110</strong></span> <span class='ocrx_word' id='word_1_256' title='bbox 300 3478 352 3521; x_wconf 89' lang='grc'><strong>01</strong></span> <span class='ocrx_word' id='word_1_257' title='bbox 373 3464 585 3520; x_wconf 77' lang='lat' dir='ltr'><strong>frivola.</strong></span> <span class='ocrx_word' id='word_1_258' title='bbox 609 3462 827 3532; x_wconf 82' lang='lat' dir='ltr'><strong>Arguite</strong></span> <span class='ocrx_word' id='word_1_259' title='bbox 842 3462 1015 3530; x_wconf 87' lang='lat' dir='ltr'><strong>putius</strong></span> <span class='ocrx_word' id='word_1_260' title='bbox 1034 3459 1120 3513; x_wconf 90' lang='lat' dir='ltr'><strong>ubi</strong></span> <span class='ocrx_word' id='word_1_261' title='bbox 1139 3459 1386 3513; x_wconf 65' lang='lat' dir='ltr'><strong>haeresim</strong></span> <span class='ocrx_word' id='word_1_262' title='bbox 1402 3457 1752 3518; x_wconf 88' lang='lat' dir='ltr'><strong>defenderim,</strong></span> 
     </span>
    </p>
   </div>
   <div class='ocr_carea' id='block_1_37' title="bbox 167 3547 1755 3627">
    <p class='ocr_par' dir='ltr' id='par_1_37' title="bbox 167 3547 1755 3627">
     <span class='ocr_line' id='line_1_37' title="bbox 167 3547 1755 3627; baseline -0.008 -15"><span class='ocrx_word' id='word_1_263' title='bbox 167 3560 255 3612; x_wconf 86' lang='lat' dir='ltr'><strong>ubi</strong></span> <span class='ocrx_word' id='word_1_264' title='bbox 286 3570 513 3627; x_wconf 86' lang='lat' dir='ltr'><strong>pravum</strong></span> <span class='ocrx_word' id='word_1_265' title='bbox 552 3553 795 3621; x_wconf 84' lang='lat' dir='ltr'><strong>Origenis</strong></span> <span class='ocrx_word' id='word_1_266' title='bbox 822 3551 1012 3620; x_wconf 88' lang='lat' dir='ltr'><strong>dogma</strong></span> <span class='ocrx_word' id='word_1_267' title='bbox 1056 3549 1402 3603; x_wconf 85' lang='lat' dir='ltr'><strong>laudaverim.</strong></span> <span class='ocrx_word' id='word_1_268' title='bbox 1435 3547 1491 3603; x_wconf 86' lang='lat' dir='ltr'><strong>In</strong></span> <span class='ocrx_word' id='word_1_269' title='bbox 1524 3548 1755 3603; x_wconf 70' lang='lat' dir='ltr'><strong>lectione</strong></span> 
     </span>
    </p>
   </div>
   <div class='ocr_carea' id='block_1_38' title="bbox 166 3639 1756 3716">
    <p class='ocr_par' dir='ltr' id='par_1_38' title="bbox 166 3639 1756 3716">
     <span class='ocr_line' id='line_1_38' title="bbox 166 3639 1756 3716; baseline -0.007 -13"><span class='ocrx_word' id='word_1_270' title='bbox 166 3651 317 3704; x_wconf 88' lang='lat' dir='ltr'><strong>lsai:e</strong></span> <span class='ocrx_word' id='word_1_271' title='bbox 349 3648 505 3716; x_wconf 69' lang='lat' dir='ltr'><strong>(Cap.</strong></span> <span class='ocrx_word' id='word_1_272' title='bbox 545 3646 620 3713; x_wconf 85' lang='lat'><strong>6),</strong></span> <span class='ocrx_word' id='word_1_273' title='bbox 650 3646 701 3697; x_wconf 93' lang='lat' dir='ltr'><strong>in</strong></span> <span class='ocrx_word' id='word_1_274' title='bbox 730 3660 832 3713; x_wconf 89' lang='lat' dir='ltr'><strong>qua</strong></span> <span class='ocrx_word' id='word_1_275' title='bbox 860 3644 967 3697; x_wconf 93' lang='lat' dir='ltr'><strong>duo</strong></span> <span class='ocrx_word' id='word_1_276' title='bbox 1007 3641 1289 3707; x_wconf 83' lang='lat' dir='ltr'><strong>Seraphim</strong></span> <span class='ocrx_word' id='word_1_277' title='bbox 1332 3640 1615 3695; x_wconf 88' lang='lat' dir='ltr'><strong>clamantia</strong></span> <span class='ocrx_word' id='word_1_278' title='bbox 1658 3639 1756 3693; x_wconf 90' lang='lat' dir='ltr'><strong>de-</strong></span> 
     </span>
    </p>
   </div>
   <div class='ocr_carea' id='block_1_39' title="bbox 167 3730 1758 3804">
    <p class='ocr_par' dir='ltr' id='par_1_39' title="bbox 167 3730 1758 3804">
     <span class='ocr_line' id='line_1_39' title="bbox 167 3730 1758 3804; baseline -0.008 -9"><span class='ocrx_word' id='word_1_279' title='bbox 167 3740 504 3801; x_wconf 86' lang='lat' dir='ltr'><strong>scribuntur,</strong></span> <span class='ocrx_word' id='word_1_280' title='bbox 531 3738 621 3790; x_wconf 91' lang='lat' dir='ltr'><strong>illo</strong></span> <span class='ocrx_word' id='word_1_281' title='bbox 644 3736 1029 3804; x_wconf 88' lang='lat' dir='ltr'><strong>interpretante</strong></span> <span class='ocrx_word' id='word_1_282' title='bbox 1055 3732 1247 3786; x_wconf 85' lang='lat' dir='ltr'><strong>Filium</strong></span> <span class='ocrx_word' id='word_1_283' title='bbox 1270 3740 1325 3785; x_wconf 93' lang='lat' dir='ltr'><strong>et</strong></span> <span class='ocrx_word' id='word_1_284' title='bbox 1344 3732 1599 3800; x_wconf 84' lang='lat' dir='ltr'><strong>Spiritum</strong></span> <span class='ocrx_word' id='word_1_285' title='bbox 1622 3730 1758 3784; x_wconf 85' lang='lat' dir='ltr'><strong>San-</strong></span> 
     </span>
    </p>
   </div>
   <div class='ocr_carea' id='block_1_40' title="bbox 165 3819 1756 3895">
    <p class='ocr_par' dir='ltr' id='par_1_40' title="bbox 165 3819 1756 3895">
     <span class='ocr_line' id='line_1_40' title="bbox 165 3819 1756 3895; baseline -0.008 -12"><span class='ocrx_word' id='word_1_286' title='bbox 165 3841 312 3884; x_wconf 89' lang='lat' dir='ltr'><strong>ctum</strong></span> <span class='ocrx_word' id='word_1_287' title='bbox 336 3872 351 3894; x_wconf 92' lang='lat'><strong>,</strong></span> <span class='ocrx_word' id='word_1_288' title='bbox 390 3842 573 3882; x_wconf 87' lang='lat' dir='ltr'><strong>nonne</strong></span> <span class='ocrx_word' id='word_1_289' title='bbox 606 3840 706 3895; x_wconf 88' lang='lat' dir='ltr'><strong>ego</strong></span> <span class='ocrx_word' id='word_1_290' title='bbox 735 3823 1103 3879; x_wconf 88' lang='lat' dir='ltr'><strong>detestandam</strong></span> <span class='ocrx_word' id='word_1_291' title='bbox 1143 3822 1533 3892; x_wconf 79' lang='lat' dir='ltr'><strong>expositionem</strong></span> <span class='ocrx_word' id='word_1_292' title='bbox 1567 3820 1619 3872; x_wconf 91' lang='lat' dir='ltr'><strong>in</strong></span> <span class='ocrx_word' id='word_1_293' title='bbox 1650 3819 1756 3872; x_wconf 92' lang='lat' dir='ltr'><strong>duo</strong></span> 
     </span>
    </p>
   </div>
   <div class='ocr_carea' id='block_1_41' title="bbox 169 3912 1757 3975">
    <p class='ocr_par' dir='ltr' id='par_1_41' title="bbox 169 3912 1757 3975">
     <span class='ocr_line' id='line_1_41' title="bbox 169 3912 1757 3975; baseline -0.009 1"><span class='ocrx_word' id='word_1_294' title='bbox 169 3921 521 3975; x_wconf 81' lang='lat' dir='ltr'><strong>Testamenta</strong></span> <span class='ocrx_word' id='word_1_295' title='bbox 554 3916 789 3969; x_wconf 82' lang='lat' dir='ltr'><strong>mutavi?</strong></span> <span class='ocrx_word' id='word_1_296' title='bbox 819 3914 1057 3968; x_wconf 83' lang='lat' dir='ltr'><strong>Habetur</strong></span> <span class='ocrx_word' id='word_1_297' title='bbox 1084 3913 1217 3965; x_wconf 89' lang='lat' dir='ltr'><strong>liber</strong></span> <span class='ocrx_word' id='word_1_298' title='bbox 1242 3915 1293 3965; x_wconf 93' lang='lat' dir='ltr'><strong>in</strong></span> <span class='ocrx_word' id='word_1_299' title='bbox 1325 3912 1568 3965; x_wconf 89' lang='lat' dir='ltr'><strong>manibus</strong></span> <span class='ocrx_word' id='word_1_300' title='bbox 1587 3950 1601 3972; x_wconf 95' lang='lat'><strong>,</strong></span> <span class='ocrx_word' id='word_1_301' title='bbox 1634 3918 1757 3962; x_wconf 88' lang='lat' dir='ltr'><strong>ante</strong></span> 
     </span>
    </p>
   </div>
   <div class='ocr_carea' id='block_1_42' title="bbox 168 3999 1760 4081">
    <p class='ocr_par' dir='ltr' id='par_1_42' title="bbox 168 3999 1760 4081">
     <span class='ocr_line' id='line_1_42' title="bbox 168 3999 1760 4081; baseline -0.006 -18"><span class='ocrx_word' id='word_1_302' title='bbox 168 4013 358 4081; x_wconf 76' lang='lat' dir='ltr'><strong>viginti</strong></span> <span class='ocrx_word' id='word_1_303' title='bbox 398 4023 576 4064; x_wconf 84' lang='lat' dir='ltr'><strong>annos</strong></span> <span class='ocrx_word' id='word_1_304' title='bbox 613 4006 802 4059; x_wconf 88' lang='lat' dir='ltr'><strong>editus.</strong></span> <span class='ocrx_word' id='word_1_305' title='bbox 842 4004 948 4057; x_wconf 86' lang='lat' dir='ltr'><strong>&#39;l‘ot</strong></span> <span class='ocrx_word' id='word_1_306' title='bbox 975 4004 1229 4071; x_wconf 88' lang='lat' dir='ltr'><strong>opuscula</strong></span> <span class='ocrx_word' id='word_1_307' title='bbox 1268 4016 1412 4063; x_wconf 88' lang='lat' dir='ltr'><strong>mea,</strong></span> <span class='ocrx_word' id='word_1_308' title='bbox 1444 4010 1499 4055; x_wconf 90' lang='lat' dir='ltr'><strong>et</strong></span> <span class='ocrx_word' id='word_1_309' title='bbox 1527 3999 1760 4053; x_wconf 87' lang='lat' dir='ltr'><strong>maxime</strong></span> 
     </span>
    </p>
   </div>
   <div class='ocr_carea' id='block_1_43' title="bbox 168 4090 1757 4167">
    <p class='ocr_par' dir='ltr' id='par_1_43' title="bbox 168 4090 1757 4167">
     <span class='ocr_line' id='line_1_43' title="bbox 168 4090 1757 4167; baseline -0.011 -8"><span class='ocrx_word' id='word_1_310' title='bbox 168 4100 581 4163; x_wconf 89' lang='lat' dir='ltr'><strong>Commentarii,</strong></span> <span class='ocrx_word' id='word_1_311' title='bbox 603 4098 750 4167; x_wconf 82' lang='lat' dir='ltr'><strong>juxta</strong></span> <span class='ocrx_word' id='word_1_312' title='bbox 772 4094 1222 4164; x_wconf 88' lang='lat' dir='ltr'><strong>opportunitatem</strong></span> <span class='ocrx_word' id='word_1_313' title='bbox 1248 4094 1480 4145; x_wconf 83' lang='lat' dir='ltr'><strong>locorum</strong></span> <span class='ocrx_word' id='word_1_314' title='bbox 1506 4090 1757 4160; x_wconf 90' lang='lat' dir='ltr'><strong>gentilem</strong></span> 
     </span>
    </p>
   </div>
   <div class='ocr_carea' id='block_1_44' title="bbox 170 4186 1760 4253">
    <p class='ocr_par' dir='ltr' id='par_1_44' title="bbox 170 4186 1760 4253">
     <span class='ocr_line' id='line_1_44' title="bbox 170 4186 1760 4253; baseline -0.011 -3"><span class='ocrx_word' id='word_1_315' title='bbox 170 4204 377 4250; x_wconf 82' lang='lat' dir='ltr'><strong>sectam</strong></span> <span class='ocrx_word' id='word_1_316' title='bbox 407 4192 666 4245; x_wconf 83' lang='lat' dir='ltr'><strong>lacerant.</strong></span> <span class='ocrx_word' id='word_1_317' title='bbox 697 4186 847 4253; x_wconf 84' lang='lat' dir='ltr'><strong>Quod</strong></span> <span class='ocrx_word' id='word_1_318' title='bbox 878 4196 1054 4238; x_wconf 89' lang='lat' dir='ltr'><strong>autem</strong></span> <span class='ocrx_word' id='word_1_319' title='bbox 1083 4190 1376 4251; x_wconf 77' lang='lat' dir='ltr'><strong>Opponunt,</strong></span> <span class='ocrx_word' id='word_1_320' title='bbox 1405 4194 1760 4250; x_wconf 85' lang='lat' dir='ltr'><strong>congregasse</strong></span> 
     </span>
    </p>
   </div>
   <div class='ocr_carea' id='block_1_45' title="bbox 172 4269 1757 4347">
    <p class='ocr_par' dir='ltr' id='par_1_45' title="bbox 172 4269 1757 4347">
     <span class='ocr_line' id='line_1_45' title="bbox 172 4269 1757 4347; baseline -0.011 -8"><span class='ocrx_word' id='word_1_321' title='bbox 172 4301 260 4341; x_wconf 89' lang='lat' dir='ltr'><strong>me</strong></span> <span class='ocrx_word' id='word_1_322' title='bbox 309 4285 481 4338; x_wconf 90' lang='lat' dir='ltr'><strong>libros</strong></span> <span class='ocrx_word' id='word_1_323' title='bbox 527 4279 703 4346; x_wconf 88' lang='lat' dir='ltr'><strong>illius,</strong></span> <span class='ocrx_word' id='word_1_324' title='bbox 748 4293 911 4347; x_wconf 85' lang='lat' dir='ltr'><strong>super</strong></span> <span class='ocrx_word' id='word_1_325' title='bbox 957 4283 1179 4328; x_wconf 90' lang='lat' dir='ltr'><strong>cunctus</strong></span> <span class='ocrx_word' id='word_1_326' title='bbox 1228 4272 1474 4325; x_wconf 89' lang='lat' dir='ltr'><strong>homines</strong></span> <span class='ocrx_word' id='word_1_327' title='bbox 1511 4269 1757 4325; x_wconf 87' lang='lat' dir='ltr'><strong>:utinatn</strong></span> 
     </span>
    </p>
   </div>
   <div class='ocr_carea' id='block_1_46' title="bbox 237 4444 1759 4523">
    <p class='ocr_par' dir='ltr' id='par_1_46' title="bbox 237 4444 1759 4523">
     <span class='ocr_line' id='line_1_46' title="bbox 237 4444 1759 4523; baseline -0.011 -14"><span class='ocrx_word' id='word_1_328' title='bbox 237 4460 308 4523; x_wconf 76' lang='lat' dir='ltr'><strong>(a)</strong></span> <span class='ocrx_word' id='word_1_329' title='bbox 342 4458 419 4508; x_wconf 86' lang='lat' dir='ltr'><strong>Ex</strong></span> <span class='ocrx_word' id='word_1_330' title='bbox 441 4456 610 4523; x_wconf 37' lang='lat' dir='ltr'><strong>Horat;</strong></span> <span class='ocrx_word' id='word_1_331' title='bbox 640 4453 747 4523; x_wconf 10' lang='lat'><strong>1.71.</strong></span> <span class='ocrx_word' id='word_1_332' title='bbox 769 4453 931 4516; x_wconf 74' lang='lat' dir='ltr'><strong>Satyr.</strong></span> <span class='ocrx_word' id='word_1_333' title='bbox 956 4450 1003 4498; x_wconf 77' lang='grc'><strong>1.</strong></span> <span class='ocrx_word' id='word_1_334' title='bbox 1032 4449 1114 4498; x_wconf 82' lang='grc'><strong>11111</strong></span> <span class='ocrx_word' id='word_1_335' title='bbox 1145 4447 1211 4497; x_wconf 86' lang='lat' dir='ltr'><strong>de</strong></span> <span class='ocrx_word' id='word_1_336' title='bbox 1240 4444 1427 4496; x_wconf 86' lang='lat' dir='ltr'><strong>Lucilio</strong></span> <span class='ocrx_word' id='word_1_337' title='bbox 1465 4446 1606 4502; x_wconf 79' lang='lat' dir='ltr'><strong>dixit.</strong></span> <span class='ocrx_word' id='word_1_338' title='bbox 1631 4445 1759 4508; x_wconf 88' lang='lat' dir='ltr'><strong>quod</strong></span> 
     </span>
    </p>
   </div>
   <div class='ocr_carea' id='block_1_47' title="bbox 177 4518 778 4578">
    <p class='ocr_par' dir='ltr' id='par_1_47' title="bbox 177 4518 778 4578">
     <span class='ocr_line' id='line_1_47' title="bbox 177 4518 778 4578; baseline -0.012 -9"><span class='ocrx_word' id='word_1_339' title='bbox 177 4518 398 4570; x_wconf 78' lang='lat' dir='ltr'><strong>nimii-um</strong></span> <span class='ocrx_word' id='word_1_340' title='bbox 422 4527 559 4568; x_wconf 80' lang='lat' dir='ltr'><strong>esset</strong></span> <span class='ocrx_word' id='word_1_341' title='bbox 580 4518 778 4578; x_wconf 57' lang='lat' dir='ltr'><strong>facetus,</strong></span> 
     </span>
    </p>
   </div>
   <div class='ocr_carea' id='block_1_48' title="bbox 362 4573 1480 4633">
    <p class='ocr_par' dir='ltr' id='par_1_48' title="bbox 362 4573 1480 4633">
     <span class='ocr_line' id='line_1_48' title="bbox 362 4573 1480 4633; baseline -0.013 -3"><span class='ocrx_word' id='word_1_342' title='bbox 362 4573 608 4631; x_wconf 59' lang='lat' dir='ltr'><strong>burman:</strong></span> <span class='ocrx_word' id='word_1_343' title='bbox 634 4576 797 4633; x_wconf 77' lang='lat' dir='ltr'><strong>naris,</strong></span> <span class='ocrx_word' id='word_1_344' title='bbox 822 4573 977 4624; x_wconf 82' lang='lat' dir='ltr'><strong>durus</strong></span> <span class='ocrx_word' id='word_1_345' title='bbox 999 4583 1279 4633; x_wconf 76' lang='lat' dir='ltr'><strong>componere</strong></span> 
     </span>
    </p>
   </div>
   <div class='ocr_carea' id='block_1_49' title="bbox 242 4630 1759 4701">
    <p class='ocr_par' dir='ltr' id='par_1_49' title="bbox 242 4630 1759 4701">
     <span class='ocr_line' id='line_1_49' title="bbox 242 4630 1759 4701; baseline -0.012 -8"><span class='ocrx_word' id='word_1_346' title='bbox 242 4641 313 4701; x_wconf 80' lang='lat' dir='ltr'><strong>(b)</strong></span> <span class='ocrx_word' id='word_1_347' title='bbox 337 4630 495 4692; x_wconf 81' lang='lat' dir='ltr'><strong>Abest</strong></span> <span class='ocrx_word' id='word_1_348' title='bbox 514 4655 540 4687; x_wconf 90' lang='lat' dir='ltr'><strong>a</strong></span> <span class='ocrx_word' id='word_1_349' title='bbox 564 4630 850 4701; x_wconf 79' lang='lat' dir='ltr'><strong>quibusdam</strong></span> <span class='ocrx_word' id='word_1_350' title='bbox 876 4635 1075 4701; x_wconf 66' lang='lat' dir='ltr'><strong>Mss._et_</strong></span> <span class='ocrx_word' id='word_1_351' title='bbox 1093 4630 1348 4701; x_wconf 69' lang='lat' dir='ltr'><strong>vetustiori</strong></span> <span class='ocrx_word' id='word_1_352' title='bbox 1371 4630 1589 4701; x_wconf 59' lang='lat' dir='ltr'><strong>editione</strong></span> <span class='ocrx_word' id='word_1_353' title='bbox 1612 4641 1759 4701; x_wconf 72' lang='lat' dir='ltr'><strong>super</strong></span> 
     </span>
    </p>
   </div>
   <div class='ocr_carea' id='block_1_50' title="bbox 182 4689 1759 4762">
    <p class='ocr_par' dir='ltr' id='par_1_50' title="bbox 182 4689 1759 4762">
     <span class='ocr_line' id='line_1_50' title="bbox 182 4689 1759 4762; baseline -0.008 -11"><span class='ocrx_word' id='word_1_354' title='bbox 182 4689 501 4762; x_wconf 43' lang='lat' dir='ltr'><strong>wool—Quod</strong></span> <span class='ocrx_word' id='word_1_355' title='bbox 519 4689 693 4762; x_wconf 79' lang='lat' dir='ltr'><strong>tamen</strong></span> <span class='ocrx_word' id='word_1_356' title='bbox 707 4695 1185 4762; x_wconf 78' lang='lat' dir='ltr'><strong>rectissitne__habeut</strong></span> <span class='ocrx_word' id='word_1_357' title='bbox 1208 4689 1431 4753; x_wconf 81' lang='lat' dir='ltr'><strong>plerique</strong></span> <span class='ocrx_word' id='word_1_358' title='bbox 1454 4690 1552 4762; x_wconf 79' lang='lat' dir='ltr'><strong>alii,</strong></span> <span class='ocrx_word' id='word_1_359' title='bbox 1580 4689 1759 4762; x_wconf 72' lang='lat' dir='ltr'><strong>estque</strong></span> 
     </span>
    </p>
   </div>
   <div class='ocr_carea' id='block_1_51' title="bbox 183 4751 1757 4825">
    <p class='ocr_par' dir='ltr' id='par_1_51' title="bbox 183 4751 1757 4825">
     <span class='ocr_line' id='line_1_51' title="bbox 183 4751 1757 4825; baseline -0.008 -12"><span class='ocrx_word' id='word_1_360' title='bbox 183 4751 398 4825; x_wconf 62' lang='lat' dir='ltr'><strong>perinde</strong></span> <span class='ocrx_word' id='word_1_361' title='bbox 411 4760 803 4825; x_wconf 69' lang='lat' dir='ltr'><strong>intelligendum,</strong></span> <span class='ocrx_word' id='word_1_362' title='bbox 822 4770 883 4825; x_wconf 71' lang='lat' dir='ltr'><strong>ac</strong></span> <span class='ocrx_word' id='word_1_363' title='bbox 902 4756 1174 4825; x_wconf 77' lang='lat' dir='ltr'><strong>sidixisset</strong></span> <span class='ocrx_word' id='word_1_364' title='bbox 1204 4751 1525 4825; x_wconf 50' lang='lat' dir='ltr'><strong>superurgente</strong></span> <span class='ocrx_word' id='word_1_365' title='bbox 1548 4786 1562 4809; x_wconf 92' lang='lat'><strong>,</strong></span> <span class='ocrx_word' id='word_1_366' title='bbox 1586 4751 1757 4825; x_wconf 63' lang='grc'><strong>11111110</strong></span> 
     </span>
    </p>
   </div>
   <div class='ocr_carea' id='block_1_52' title="bbox 187 4812 1752 4882">
    <p class='ocr_par' dir='ltr' id='par_1_52' title="bbox 187 4812 1752 4882">
     <span class='ocr_line' id='line_1_52' title="bbox 187 4812 1752 4882; baseline -0.006 -13"><span class='ocrx_word' id='word_1_367' title='bbox 187 4812 339 4874; x_wconf 72' lang='lat' dir='ltr'><strong>incute</strong></span> <span class='ocrx_word' id='word_1_368' title='bbox 403 4812 532 4881; x_wconf 85' lang='lat' dir='ltr'><strong>nam,</strong></span> <span class='ocrx_word' id='word_1_369' title='bbox 558 4812 611 4870; x_wconf 76' lang='grc' dir='ltr'><strong>ιῖι</strong></span> <span class='ocrx_word' id='word_1_370' title='bbox 634 4812 897 4882; x_wconf 67' lang='lat' dir='ltr'><strong>Nemes‘ius</strong></span> <span class='ocrx_word' id='word_1_371' title='bbox 920 4819 1148 4882; x_wconf 81' lang='lat' dir='ltr'><strong>observat</strong></span> <span class='ocrx_word' id='word_1_372' title='bbox 1171 4828 1215 4882; x_wconf 89' lang='lat' dir='ltr'><strong>c_.</strong></span> <span class='ocrx_word' id='word_1_373' title='bbox 1241 4812 1287 4862; x_wconf 81' lang='grc'><strong>1.</strong></span> <span class='ocrx_word' id='word_1_374' title='bbox 1312 4812 1585 4882; x_wconf 48' lang='lat' dir='ltr'><strong>debetur.</strong></span> <span class='ocrx_word' id='word_1_375' title='bbox 1615 4821 1752 4882; x_wconf 79' lang='grc'><strong>1111111.</strong></span> 
     </span>
    </p>
   </div>
   <div class='ocr_carea' id='block_1_53' title="bbox 188 4873 1757 4945">
    <p class='ocr_par' dir='ltr' id='par_1_53' title="bbox 188 4873 1757 4945">
     <span class='ocr_line' id='line_1_53' title="bbox 188 4873 1757 4945; baseline -0.005 -14"><span class='ocrx_word' id='word_1_376' title='bbox 188 4873 662 4945; x_wconf 63' lang='grc' dir='ltr'><strong>Λι1011111111108’11111111</strong></span> <span class='ocrx_word' id='word_1_377' title='bbox 698 4880 1055 4945; x_wconf 73' lang='lat' dir='ltr'><strong>Platonicorum</strong></span> <span class='ocrx_word' id='word_1_378' title='bbox 1086 4876 1258 4945; x_wconf 72' lang='lat' dir='ltr'><strong>placita</strong></span> <span class='ocrx_word' id='word_1_379' title='bbox 1290 4873 1641 4945; x_wconf 72' lang='lat' dir='ltr'><strong>arbitrabatur,</strong></span> <span class='ocrx_word' id='word_1_380' title='bbox 1674 4880 1757 4945; x_wconf 55' lang='grc' dir='ltr'><strong>νοξν</strong></span> 
     </span>
    </p>
   </div>
   <div class='ocr_carea' id='block_1_54' title="bbox 189 4935 1760 5006">
    <p class='ocr_par' dir='ltr' id='par_1_54' title="bbox 189 4935 1760 5006">
     <span class='ocr_line' id='line_1_54' title="bbox 189 4935 1760 5006; baseline -0.006 -16"><span class='ocrx_word' id='word_1_381' title='bbox 189 4935 408 5006; x_wconf 69' lang='lat' dir='ltr'><strong>trientem,</strong></span> <span class='ocrx_word' id='word_1_382' title='bbox 432 4935 680 5006; x_wconf 57' lang='lat' dir='ltr'><strong>seu&#39;mtap</strong></span> <span class='ocrx_word' id='word_1_383' title='bbox 695 4941 935 5006; x_wconf 76' lang='lat' dir='ltr'><strong>spiritum,</strong></span> <span class='ocrx_word' id='word_1_384' title='bbox 957 4935 1675 5006; x_wconf 76' lang='lat' dir='ltr'><strong>esse_quamdam_substantia_m</strong></span> <span class='ocrx_word' id='word_1_385' title='bbox 1698 4936 1760 5006; x_wconf 70' lang='lat' dir='ltr'><strong>ab</strong></span> 
     </span>
    </p>
   </div>
   <div class='ocr_carea' id='block_1_55' title="bbox 189 4995 1761 5064">
    <p class='ocr_par' dir='ltr' id='par_1_55' title="bbox 189 4995 1761 5064">
     <span class='ocr_line' id='line_1_55' title="bbox 189 4995 1761 5064; baseline -0.004 -14"><span class='ocrx_word' id='word_1_386' title='bbox 189 5003 347 5050; x_wconf 84' lang='lat' dir='ltr'><strong>anima</strong></span> <span class='ocrx_word' id='word_1_387' title='bbox 368 4995 683 5064; x_wconf 78' lang='lat' dir='ltr'><strong>separabilem</strong></span> <span class='ocrx_word' id='word_1_388' title='bbox 704 4995 951 5063; x_wconf 55' lang='lat' dir='ltr'><strong>{cumque</strong></span> <span class='ocrx_word' id='word_1_389' title='bbox 966 4995 1247 5064; x_wconf 69' lang='lat' dir='ltr'><strong>aestimaret</strong></span> <span class='ocrx_word' id='word_1_390' title='bbox 1270 5010 1298 5046; x_wconf 90' lang='lat' dir='ltr'><strong>e</strong></span> <span class='ocrx_word' id='word_1_391' title='bbox 1322 4995 1761 5064; x_wconf 62' lang='lat' dir='ltr'><strong>duabusperfectis</strong></span> 
     </span>
    </p>
   </div>
   <div class='ocr_carea' id='block_1_56' title="bbox 191 5056 1760 5125">
    <p class='ocr_par' dir='ltr' id='par_1_56' title="bbox 191 5056 1760 5125">
     <span class='ocr_line' id='line_1_56' title="bbox 191 5056 1760 5125; baseline -0.005 -13"><span class='ocrx_word' id='word_1_392' title='bbox 191 5070 339 5125; x_wconf 78' lang='lat' dir='ltr'><strong>atque</strong></span> <span class='ocrx_word' id='word_1_393' title='bbox 362 5056 564 5125; x_wconf 73' lang='lat' dir='ltr'><strong>integris</strong></span> <span class='ocrx_word' id='word_1_394' title='bbox 584 5056 734 5112; x_wconf 79' lang='lat' dir='ltr'><strong>rebus</strong></span> <span class='ocrx_word' id='word_1_395' title='bbox 755 5056 897 5111; x_wconf 82' lang='lat' dir='ltr'><strong>unum</strong></span> <span class='ocrx_word' id='word_1_396' title='bbox 934 5060 1123 5122; x_wconf 86' lang='lat' dir='ltr'><strong>aliquod</strong></span> <span class='ocrx_word' id='word_1_397' title='bbox 1148 5059 1366 5120; x_wconf 86' lang='lat' dir='ltr'><strong>componi</strong></span> <span class='ocrx_word' id='word_1_398' title='bbox 1409 5056 1534 5105; x_wconf 87' lang='lat' dir='ltr'><strong>haud</strong></span> <span class='ocrx_word' id='word_1_399' title='bbox 1575 5069 1718 5125; x_wconf 67' lang='lat' dir='ltr'><strong>posse</strong></span> <span class='ocrx_word' id='word_1_400' title='bbox 1746 5070 1760 5104; x_wconf 89' lang='lat'><strong>:</strong></span> 
     </span>
    </p>
   </div>
   <div class='ocr_carea' id='block_1_57' title="bbox 193 5121 1765 5187">
    <p class='ocr_par' dir='ltr' id='par_1_57' title="bbox 193 5121 1765 5187">
     <span class='ocr_line' id='line_1_57' title="bbox 193 5121 1765 5187; baseline -0.004 -16"><span class='ocrx_word' id='word_1_401' title='bbox 193 5121 615 5187; x_wconf 50' lang='lat' dir='ltr'><strong>boioinemﬂtuem</strong></span> <span class='ocrx_word' id='word_1_402' title='bbox 640 5124 871 5187; x_wconf 79' lang='lat' dir='ltr'><strong>Dominus</strong></span> <span class='ocrx_word' id='word_1_403' title='bbox 892 5121 1214 5187; x_wconf 76' lang='lat' dir='ltr'><strong>assutiipserat</strong></span> <span class='ocrx_word' id='word_1_404' title='bbox 1238 5131 1296 5187; x_wconf 59' lang='lat' dir='ltr'><strong>ea</strong></span> <span class='ocrx_word' id='word_1_405' title='bbox 1320 5124 1595 5187; x_wconf 12' lang='lat' dir='ltr'><strong>parte,rqua</strong></span> <span class='ocrx_word' id='word_1_406' title='bbox 1618 5121 1765 5187; x_wconf 72' lang='lat' dir='ltr'><strong>ratiu-</strong></span> 
     </span>
    </p>
   </div>
   <div class='ocr_carea' id='block_1_58' title="bbox 195 5178 1761 5245">
    <p class='ocr_par' dir='ltr' id='par_1_58' title="bbox 195 5178 1761 5245">
     <span class='ocr_line' id='line_1_58' title="bbox 195 5178 1761 5245; baseline -0.004 -13"><span class='ocrx_word' id='word_1_407' title='bbox 195 5185 317 5233; x_wconf 87' lang='lat' dir='ltr'><strong>nalis</strong></span> <span class='ocrx_word' id='word_1_408' title='bbox 339 5193 413 5235; x_wconf 80' lang='lat' dir='ltr'><strong>est</strong></span> <span class='ocrx_word' id='word_1_409' title='bbox 433 5178 453 5244; x_wconf 85' lang='grc'><strong>,’</strong></span> <span class='ocrx_word' id='word_1_410' title='bbox 472 5178 707 5234; x_wconf 80' lang='lat' dir='ltr'><strong>mutilavit</strong></span> <span class='ocrx_word' id='word_1_411' title='bbox 726 5218 741 5242; x_wconf 92' lang='lat'><strong>,</strong></span> <span class='ocrx_word' id='word_1_412' title='bbox 768 5184 968 5245; x_wconf 82' lang='lat' dir='ltr'><strong>ejusque</strong></span> <span class='ocrx_word' id='word_1_413' title='bbox 993 5178 1150 5230; x_wconf 79' lang='lat' dir='ltr'><strong>munia</strong></span> <span class='ocrx_word' id='word_1_414' title='bbox 1173 5183 1217 5229; x_wconf 91' lang='lat' dir='ltr'><strong>in</strong></span> <span class='ocrx_word' id='word_1_415' title='bbox 1242 5178 1459 5227; x_wconf 81' lang='lat' dir='ltr'><strong>Verbum</strong></span> <span class='ocrx_word' id='word_1_416' title='bbox 1482 5178 1724 5227; x_wconf 86' lang='lat' dir='ltr'><strong>transtulit</strong></span> <span class='ocrx_word' id='word_1_417' title='bbox 1745 5211 1761 5237; x_wconf 91' lang='lat'><strong>,</strong></span> 
     </span>
    </p>
   </div>
   <div class='ocr_carea' id='block_1_59' title="bbox 194 5245 1271 5303">
    <p class='ocr_par' dir='ltr' id='par_1_59' title="bbox 194 5245 1271 5303">
     <span class='ocr_line' id='line_1_59' title="bbox 194 5245 1271 5303; baseline -0.004 -10"><span class='ocrx_word' id='word_1_418' title='bbox 194 5253 248 5294; x_wconf 87' lang='lat' dir='ltr'><strong>ut</strong></span> <span class='ocrx_word' id='word_1_419' title='bbox 267 5246 482 5297; x_wconf 86' lang='lat' dir='ltr'><strong>Christus</strong></span> <span class='ocrx_word' id='word_1_420' title='bbox 500 5261 627 5297; x_wconf 88' lang='lat' dir='ltr'><strong>unus</strong></span> <span class='ocrx_word' id='word_1_421' title='bbox 650 5261 711 5294; x_wconf 87' lang='lat' dir='ltr'><strong>ex</strong></span> <span class='ocrx_word' id='word_1_422' title='bbox 737 5259 824 5295; x_wconf 86' lang='lat' dir='ltr'><strong>suo</strong></span> <span class='ocrx_word' id='word_1_423' title='bbox 843 5253 984 5303; x_wconf 74' lang='lat' dir='ltr'><strong>captu</strong></span> <span class='ocrx_word' id='word_1_424' title='bbox 1006 5245 1271 5291; x_wconf 87' lang='lat' dir='ltr'><strong>diceretur.</strong></span> 
     </span>
    </p>
   </div>
   <div class='ocr_carea' id='block_1_60' title="bbox 260 5297 1763 5370">
    <p class='ocr_par' dir='ltr' id='par_1_60' title="bbox 260 5297 1763 5370">
     <span class='ocr_line' id='line_1_60' title="bbox 260 5297 1763 5370; baseline -0.007 -13"><span class='ocrx_word' id='word_1_425' title='bbox 260 5303 325 5370; x_wconf 68' lang='grc' dir='ltr'><strong>(ε)</strong></span> <span class='ocrx_word' id='word_1_426' title='bbox 359 5308 467 5359; x_wconf 88' lang='grc' dir='ltr'><strong>Ι)110</strong></span> <span class='ocrx_word' id='word_1_427' title='bbox 498 5308 614 5358; x_wconf 86' lang='lat' dir='ltr'><strong>Mss.</strong></span> <span class='ocrx_word' id='word_1_428' title='bbox 648 5297 948 5370; x_wconf 77' lang='lat' dir='ltr'><strong>Veronensis</strong></span> <span class='ocrx_word' id='word_1_429' title='bbox 978 5319 1035 5353; x_wconf 89' lang='lat' dir='ltr'><strong>ac</strong></span> <span class='ocrx_word' id='word_1_430' title='bbox 1074 5303 1257 5370; x_wconf 64' lang='lat' dir='ltr'><strong>Regius</strong></span> <span class='ocrx_word' id='word_1_431' title='bbox 1291 5299 1375 5370; x_wconf 65' lang='lat' dir='ltr'><strong>illo</strong></span> <span class='ocrx_word' id='word_1_432' title='bbox 1407 5297 1648 5349; x_wconf 71' lang='lat' dir='ltr'><strong>diversum</strong></span> <span class='ocrx_word' id='word_1_433' title='bbox 1680 5300 1763 5370; x_wconf 61' lang='lat' dir='ltr'><strong>do:</strong></span> 
     </span>
    </p>
   </div>
   <div class='ocr_carea' id='block_1_61' title="bbox 194 5359 1762 5432">
    <p class='ocr_par' dir='ltr' id='par_1_61' title="bbox 194 5359 1762 5432">
     <span class='ocr_line' id='line_1_61' title="bbox 194 5359 1762 5432; baseline -0.006 -16"><span class='ocrx_word' id='word_1_434' title='bbox 194 5359 339 5418; x_wconf 73' lang='lat' dir='ltr'><strong>cetité.</strong></span> <span class='ocrx_word' id='word_1_435' title='bbox 379 5371 476 5421; x_wconf 70' lang='lat' dir='ltr'><strong>Set!</strong></span> <span class='ocrx_word' id='word_1_436' title='bbox 502 5380 687 5420; x_wconf 81' lang='lat' dir='ltr'><strong>variant</strong></span> <span class='ocrx_word' id='word_1_437' title='bbox 713 5369 850 5432; x_wconf 81' lang='lat' dir='ltr'><strong>paulo</strong></span> <span class='ocrx_word' id='word_1_438' title='bbox 875 5369 998 5432; x_wconf 73' lang='lat' dir='ltr'><strong>intra</strong></span> <span class='ocrx_word' id='word_1_439' title='bbox 1039 5366 1096 5414; x_wconf 89' lang='lat' dir='ltr'><strong>ad</strong></span> <span class='ocrx_word' id='word_1_440' title='bbox 1131 5359 1381 5432; x_wconf 67' lang='lat' dir='ltr'><strong>[manium</strong></span> <span class='ocrx_word' id='word_1_441' title='bbox 1406 5372 1580 5432; x_wconf 75' lang='lat' dir='ltr'><strong>nomen</strong></span> <span class='ocrx_word' id='word_1_442' title='bbox 1599 5399 1611 5412; x_wconf 82' lang='lat'><strong>.</strong></span> <span class='ocrx_word' id='word_1_443' title='bbox 1634 5359 1762 5420; x_wconf 90' lang='lat' dir='ltr'><strong>quod</strong></span> 
     </span>
    </p>
   </div>
   <div class='ocr_carea' id='block_1_62' title="bbox 195 5421 1763 5486">
    <p class='ocr_par' dir='ltr' id='par_1_62' title="bbox 195 5421 1763 5486">
     <span class='ocr_line' id='line_1_62' title="bbox 195 5421 1763 5486; baseline -0.004 -12"><span class='ocrx_word' id='word_1_444' title='bbox 195 5440 303 5477; x_wconf 88' lang='lat' dir='ltr'><strong>cum</strong></span> <span class='ocrx_word' id='word_1_445' title='bbox 328 5435 575 5481; x_wconf 88' lang='lat' dir='ltr'><strong>veteribus</strong></span> <span class='ocrx_word' id='word_1_446' title='bbox 599 5421 744 5481; x_wconf 75' lang='lat' dir='ltr'><strong>editis</strong></span> <span class='ocrx_word' id='word_1_447' title='bbox 769 5431 883 5481; x_wconf 76' lang='lat' dir='ltr'><strong>Mss.</strong></span> <span class='ocrx_word' id='word_1_448' title='bbox 909 5429 991 5477; x_wconf 87' lang='lat' dir='ltr'><strong>alii</strong></span> <span class='ocrx_word' id='word_1_449' title='bbox 1020 5440 1113 5475; x_wconf 89' lang='lat' dir='ltr'><strong>nun</strong></span> <span class='ocrx_word' id='word_1_450' title='bbox 1139 5428 1289 5486; x_wconf 82' lang='lat' dir='ltr'><strong>pauci</strong></span> <span class='ocrx_word' id='word_1_451' title='bbox 1319 5421 1653 5473; x_wconf 69' lang='lat' dir='ltr'><strong>tsarttbbanum</strong></span> <span class='ocrx_word' id='word_1_452' title='bbox 1678 5434 1763 5467; x_wconf 86' lang='lat' dir='ltr'><strong>vo-</strong></span> 
     </span>
    </p>
   </div>
   <div class='ocr_carea' id='block_1_63' title="bbox 193 5485 1765 5598">
    <p class='ocr_par' dir='ltr' id='par_1_63' title="bbox 193 5485 1765 5598">
     <span class='ocr_line' id='line_1_63' title="bbox 193 5485 1765 5564; baseline -0.007 -24"><span class='ocrx_word' id='word_1_453' title='bbox 193 5494 757 5564; x_wconf 37' lang='lat' dir='ltr'><strong>ca.nt,quemadmodum</strong></span> <span class='ocrx_word' id='word_1_454' title='bbox 780 5500 832 5541; x_wconf 88' lang='lat' dir='ltr'><strong>et</strong></span> <span class='ocrx_word' id='word_1_455' title='bbox 872 5490 1094 5539; x_wconf 71' lang='lat' dir='ltr'><strong>Bullinus</strong></span> <span class='ocrx_word' id='word_1_456' title='bbox 1136 5485 1361 5549; x_wconf 75' lang='lat' dir='ltr'><strong>legerat,</strong></span> <span class='ocrx_word' id='word_1_457' title='bbox 1406 5495 1555 5546; x_wconf 83' lang='lat' dir='ltr'><strong>quem</strong></span> <span class='ocrx_word' id='word_1_458' title='bbox 1602 5488 1765 5529; x_wconf 86' lang='lat' dir='ltr'><strong>tamen</strong></span> 
     </span>
     <span class='ocr_line' id='line_1_64' title="bbox 193 5546 625 5598; baseline 0 0"><span class='ocrx_word' id='word_1_459' title='bbox 193 5546 331 5598; x_wconf 63' lang='lat' dir='ltr'><strong>Hier.</strong></span> <span class='ocrx_word' id='word_1_460' title='bbox 365 5562 625 5598; x_wconf 85' lang='lat' dir='ltr'><strong>nnnnrmat-</strong></span> 
     </span>
    </p>
   </div>
   <div class='ocr_carea' id='block_1_64' title="bbox 260 5562 625 5604">
    <p class='ocr_par' dir='ltr' id='par_1_64' title="bbox 260 5562 625 5604">
     <span class='ocr_line' id='line_1_65' title="bbox 260 5562 625 5604; baseline 0.011 -4"><span class='ocrx_word' id='word_1_461' title='bbox 260 5565 331 5601; x_wconf 68' lang='grc' dir='ltr'><strong>υτ.</strong></span> <span class='ocrx_word' id='word_1_462' title='bbox 365 5562 625 5604; x_wconf 72' lang='grc'><strong>111111111111111.</strong></span> 
     </span>
    </p>
   </div>
   <div class='ocr_carea' id='block_1_65' title="bbox 262 5569 1766 5677">
    <p class='ocr_par' dir='ltr' id='par_1_65' title="bbox 262 5569 1766 5677">
     <span class='ocr_line' id='line_1_66' title="bbox 262 5569 1766 5677; baseline -0.018 0"><span class='ocrx_word' id='word_1_463' title='bbox 362 5569 812 5677; x_wconf 45' lang='grc' dir='ltr'><strong>ἓῖξὲεξιὲθέῖιαῆείο</strong></span> <span class='ocrx_word' id='word_1_464' title='bbox 834 5613 1022 5667; x_wconf 85' lang='lat' dir='ltr'><strong>veteris</strong></span> <span class='ocrx_word' id='word_1_465' title='bbox 1046 5610 1159 5661; x_wconf 88' lang='lat' dir='ltr'><strong>libri</strong></span> <span class='ocrx_word' id='word_1_466' title='bbox 1193 5607 1507 5660; x_wconf 77' lang='lat' dir='ltr'><strong>conrisionem</strong></span> <span class='ocrx_word' id='word_1_467' title='bbox 1540 5600 1725 5653; x_wconf 87' lang='lat' dir='ltr'><strong>mavult</strong></span> <span class='ocrx_word' id='word_1_468' title='bbox 1752 5638 1766 5663; x_wconf 93' lang='lat'><strong>,</strong></span> 
     </span>
    </p>
   </div>
   <div class='ocr_carea' id='block_1_66' title="bbox 192 5675 723 5740">
    <p class='ocr_par' dir='ltr' id='par_1_66' title="bbox 192 5675 723 5740">
     <span class='ocr_line' id='line_1_67' title="bbox 192 5675 723 5740; baseline -0.006 -14"><span class='ocrx_word' id='word_1_469' title='bbox 192 5675 318 5734; x_wconf 73' lang='lat' dir='ltr'><strong>quod</strong></span> <span class='ocrx_word' id='word_1_470' title='bbox 338 5689 432 5727; x_wconf 83' lang='lat' dir='ltr'><strong>non</strong></span> <span class='ocrx_word' id='word_1_471' title='bbox 468 5678 723 5740; x_wconf 76' lang='lat' dir='ltr'><strong>pmbatur.‘</strong></span> 
     </span>
    </p>
   </div>
   <div class='ocr_carea' id='block_1_67' title="bbox 1518 255 2167 318">
    <p class='ocr_par' dir='ltr' id='par_1_67' title="bbox 1518 255 2167 318">
     <span class='ocr_line' id='line_1_68' title="bbox 1518 255 2167 318; baseline -0.015 1"><span class='ocrx_word' id='word_1_472' title='bbox 1518 256 1843 318; x_wconf 69' lang='lat' dir='ltr'><strong>EPISTOLA</strong></span> <span class='ocrx_word' id='word_1_473' title='bbox 1886 255 2167 311; x_wconf 78' lang='lat' dir='ltr'><strong>LXXXW.</strong></span> 
     </span>
    </p>
   </div>
   <div class='ocr_carea' id='block_1_68' title="bbox 3333 254 3440 310">
    <p class='ocr_par' dir='ltr' id='par_1_68' title="bbox 3333 254 3440 310">
     <span class='ocr_line' id='line_1_69' title="bbox 3333 254 3440 310; baseline 0.037 -4"><span class='ocrx_word' id='word_1_474' title='bbox 3333 254 3440 310; x_wconf 71' lang='grc'><strong>716</strong></span> 
     </span>
    </p>
   </div>
   <div class='ocr_carea' id='block_1_69' title="bbox 1864 365 3442 435">
    <p class='ocr_par' dir='ltr' id='par_1_69' title="bbox 1864 365 3442 435">
     <span class='ocr_line' id='line_1_70' title="bbox 1864 365 3442 435; baseline 0.003 -17"><span class='ocrx_word' id='word_1_475' title='bbox 1864 369 2099 422; x_wconf 89' lang='lat' dir='ltr'><strong>onmimu</strong></span> <span class='ocrx_word' id='word_1_476' title='bbox 2132 367 2496 421; x_wconf 68' lang='lat' dir='ltr'><strong>Tractaterum</strong></span> <span class='ocrx_word' id='word_1_477' title='bbox 2528 365 2780 421; x_wconf 83' lang='lat' dir='ltr'><strong>haberem</strong></span> <span class='ocrx_word' id='word_1_478' title='bbox 2813 366 3100 435; x_wconf 68' lang='lat' dir='ltr'><strong>volumina,</strong></span> <span class='ocrx_word' id='word_1_479' title='bbox 3129 374 3189 423; x_wconf 89' lang='lat' dir='ltr'><strong>ut</strong></span> <span class='ocrx_word' id='word_1_480' title='bbox 3215 371 3442 424; x_wconf 78' lang='lat' dir='ltr'><strong>tardita-</strong></span> 
     </span>
    </p>
   </div>
   <div class='ocr_carea' id='block_1_70' title="bbox 1864 456 3439 529">
    <p class='ocr_par' dir='ltr' id='par_1_70' title="bbox 1864 456 3439 529">
     <span class='ocr_line' id='line_1_71' title="bbox 1864 456 3439 529; baseline 0.002 -20"><span class='ocrx_word' id='word_1_481' title='bbox 1864 465 1972 512; x_wconf 89' lang='lat' dir='ltr'><strong>tem</strong></span> <span class='ocrx_word' id='word_1_482' title='bbox 2013 458 2226 528; x_wconf 78' lang='lat' dir='ltr'><strong>ingenii,</strong></span> <span class='ocrx_word' id='word_1_483' title='bbox 2305 458 2464 529; x_wconf 66' lang='lat'><strong>525</strong></span> <span class='ocrx_word' id='word_1_484' title='bbox 2536 456 2779 511; x_wconf 85' lang='lat' dir='ltr'><strong>lectionis</strong></span> <span class='ocrx_word' id='word_1_485' title='bbox 2822 456 3090 524; x_wconf 80' lang='lat' dir='ltr'><strong>diligentia</strong></span> <span class='ocrx_word' id='word_1_486' title='bbox 3121 474 3439 527; x_wconf 76' lang='lat' dir='ltr'><strong>compensa-</strong></span> 
     </span>
    </p>
   </div>
   <div class='ocr_carea' id='block_1_71' title="bbox 1866 546 3443 619">
    <p class='ocr_par' dir='ltr' id='par_1_71' title="bbox 1866 546 3443 619">
     <span class='ocr_line' id='line_1_72' title="bbox 1866 546 3443 619; baseline 0.003 -18"><span class='ocrx_word' id='word_1_487' title='bbox 1866 563 1999 601; x_wconf 87' lang='lat' dir='ltr'><strong>rem.</strong></span> <span class='ocrx_word' id='word_1_488' title='bbox 2031 546 2357 619; x_wconf 87' lang='lat' dir='ltr'><strong>Congregavi</strong></span> <span class='ocrx_word' id='word_1_489' title='bbox 2391 548 2554 601; x_wconf 90' lang='lat' dir='ltr'><strong>libros</strong></span> <span class='ocrx_word' id='word_1_490' title='bbox 2582 547 2721 613; x_wconf 89' lang='lat' dir='ltr'><strong>ejus,</strong></span> <span class='ocrx_word' id='word_1_491' title='bbox 2757 546 2957 608; x_wconf 86' lang='lat' dir='ltr'><strong>fateor;</strong></span> <span class='ocrx_word' id='word_1_492' title='bbox 2989 558 3039 598; x_wconf 90' lang='lat' dir='ltr'><strong>et</strong></span> <span class='ocrx_word' id='word_1_493' title='bbox 3082 548 3201 602; x_wconf 84' lang='lat' dir='ltr'><strong>ideo</strong></span> <span class='ocrx_word' id='word_1_494' title='bbox 3228 565 3443 605; x_wconf 89' lang='lat' dir='ltr'><strong>errores</strong></span> 
     </span>
    </p>
   </div>
   <div class='ocr_carea' id='block_1_72' title="bbox 1865 638 3442 708">
    <p class='ocr_par' dir='ltr' id='par_1_72' title="bbox 1865 638 3442 708">
     <span class='ocr_line' id='line_1_73' title="bbox 1865 638 3442 708; baseline 0.004 -17"><span class='ocrx_word' id='word_1_495' title='bbox 1865 654 1971 692; x_wconf 89' lang='lat' dir='ltr'><strong>nou</strong></span> <span class='ocrx_word' id='word_1_496' title='bbox 2002 654 2217 708; x_wconf 83' lang='lat' dir='ltr'><strong>sequor,</strong></span> <span class='ocrx_word' id='word_1_497' title='bbox 2239 641 2359 708; x_wconf 90' lang='lat' dir='ltr'><strong>quia</strong></span> <span class='ocrx_word' id='word_1_498' title='bbox 2389 639 2501 693; x_wconf 88' lang='lat' dir='ltr'><strong>scio</strong></span> <span class='ocrx_word' id='word_1_499' title='bbox 2529 639 2773 692; x_wconf 82' lang='lat' dir='ltr'><strong>universa</strong></span> <span class='ocrx_word' id='word_1_500' title='bbox 2809 654 2927 706; x_wconf 72' lang='lat' dir='ltr'><strong>qua:</strong></span> <span class='ocrx_word' id='word_1_501' title='bbox 2966 638 3198 706; x_wconf 76' lang='lat' dir='ltr'><strong>sci-ipsit.</strong></span> <span class='ocrx_word' id='word_1_502' title='bbox 3226 642 3442 697; x_wconf 85' lang='lat' dir='ltr'><strong>Credite</strong></span> 
     </span>
    </p>
   </div>
   <div class='ocr_carea' id='block_1_73' title="bbox 1864 726 3441 797">
    <p class='ocr_par' dir='ltr' id='par_1_73' title="bbox 1864 726 3441 797">
     <span class='ocr_line' id='line_1_74' title="bbox 1864 726 3441 797; baseline 0.002 -17"><span class='ocrx_word' id='word_1_503' title='bbox 1864 741 2123 796; x_wconf 74' lang='lat' dir='ltr'><strong>experto,</strong></span> <span class='ocrx_word' id='word_1_504' title='bbox 2154 730 2304 797; x_wconf 91' lang='lat' dir='ltr'><strong>quasi</strong></span> <span class='ocrx_word' id='word_1_505' title='bbox 2333 726 2670 781; x_wconf 83' lang='lat' dir='ltr'><strong>Christianus</strong></span> <span class='ocrx_word' id='word_1_506' title='bbox 2710 726 3028 779; x_wconf 83' lang='lat' dir='ltr'><strong>Christianis</strong></span> <span class='ocrx_word' id='word_1_507' title='bbox 3070 729 3257 797; x_wconf 89' lang='lat' dir='ltr'><strong>loquor</strong></span> <span class='ocrx_word' id='word_1_508' title='bbox 3287 748 3300 781; x_wconf 91' lang='lat'><strong>:</strong></span> <span class='ocrx_word' id='word_1_509' title='bbox 3332 730 3441 784; x_wconf 79' lang='lat' dir='ltr'><strong>Ve-</strong></span> 
     </span>
    </p>
   </div>
   <div class='ocr_carea' id='block_1_74' title="bbox 1865 816 3445 885">
    <p class='ocr_par' dir='ltr' id='par_1_74' title="bbox 1865 816 3445 885">
     <span class='ocr_line' id='line_1_75' title="bbox 1865 816 3445 885; baseline -0.001 -13"><span class='ocrx_word' id='word_1_510' title='bbox 1865 828 2059 872; x_wconf 83' lang='lat' dir='ltr'><strong>neuata</strong></span> <span class='ocrx_word' id='word_1_511' title='bbox 2086 827 2208 873; x_wconf 89' lang='lat' dir='ltr'><strong>sunt</strong></span> <span class='ocrx_word' id='word_1_512' title='bbox 2236 817 2376 872; x_wconf 84' lang='lat' dir='ltr'><strong>illius</strong></span> <span class='ocrx_word' id='word_1_513' title='bbox 2407 818 2649 885; x_wconf 79' lang='lat' dir='ltr'><strong>dogmata</strong></span> <span class='ocrx_word' id='word_1_514' title='bbox 2671 857 2686 882; x_wconf 93' lang='lat'><strong>,</strong></span> <span class='ocrx_word' id='word_1_515' title='bbox 2722 817 2894 870; x_wconf 86' lang='lat' dir='ltr'><strong>aliena</strong></span> <span class='ocrx_word' id='word_1_516' title='bbox 2932 831 2961 868; x_wconf 92' lang='lat' dir='ltr'><strong>a</strong></span> <span class='ocrx_word' id='word_1_517' title='bbox 3002 816 3288 884; x_wconf 71' lang='lat' dir='ltr'><strong>Srripturis</strong></span> <span class='ocrx_word' id='word_1_518' title='bbox 3317 833 3445 871; x_wconf 84' lang='lat' dir='ltr'><strong>sau-</strong></span> 
     </span>
    </p>
   </div>
   <div class='ocr_carea' id='block_1_75' title="bbox 1862 906 3445 977">
    <p class='ocr_par' dir='ltr' id='par_1_75' title="bbox 1862 906 3445 977">
     <span class='ocr_line' id='line_1_76' title="bbox 1862 906 3445 977; baseline -0.001 -13"><span class='ocrx_word' id='word_1_519' title='bbox 1862 909 2000 974; x_wconf 88' lang='lat' dir='ltr'><strong>ctis,</strong></span> <span class='ocrx_word' id='word_1_520' title='bbox 2041 908 2147 962; x_wconf 85' lang='lat' dir='ltr'><strong>vim</strong></span> <span class='ocrx_word' id='word_1_521' title='bbox 2192 907 2484 977; x_wconf 85' lang='lat' dir='ltr'><strong>Scripturis</strong></span> <span class='ocrx_word' id='word_1_522' title='bbox 2528 906 2790 961; x_wconf 86' lang='lat' dir='ltr'><strong>facientia.</strong></span> <span class='ocrx_word' id='word_1_523' title='bbox 2835 906 2995 975; x_wconf 87' lang='lat' dir='ltr'><strong>Legi,</strong></span> <span class='ocrx_word' id='word_1_524' title='bbox 3047 906 3299 975; x_wconf 90' lang='lat' dir='ltr'><strong>inquam,</strong></span> <span class='ocrx_word' id='word_1_525' title='bbox 3344 908 3445 977; x_wconf 78' lang='lat' dir='ltr'><strong>legi</strong></span> 
     </span>
    </p>
   </div>
   <div class='ocr_carea' id='block_1_76' title="bbox 1864 998 3449 1070">
    <p class='ocr_par' dir='ltr' id='par_1_76' title="bbox 1864 998 3449 1070">
     <span class='ocr_line' id='line_1_77' title="bbox 1864 998 3449 1070; baseline -0.005 -14"><span class='ocrx_word' id='word_1_526' title='bbox 1864 1002 2184 1070; x_wconf 87' lang='lat' dir='ltr'><strong>Origenem;</strong></span> <span class='ocrx_word' id='word_1_527' title='bbox 2226 1008 2282 1056; x_wconf 92' lang='lat' dir='ltr'><strong>et</strong></span> <span class='ocrx_word' id='word_1_528' title='bbox 2324 1000 2368 1054; x_wconf 90' lang='lat' dir='ltr'><strong>si</strong></span> <span class='ocrx_word' id='word_1_529' title='bbox 2416 1000 2467 1053; x_wconf 92' lang='lat' dir='ltr'><strong>in</strong></span> <span class='ocrx_word' id='word_1_530' title='bbox 2510 998 2735 1067; x_wconf 80' lang='lat' dir='ltr'><strong>legendo</strong></span> <span class='ocrx_word' id='word_1_531' title='bbox 2778 998 2979 1051; x_wconf 88' lang='lat' dir='ltr'><strong>crimen</strong></span> <span class='ocrx_word' id='word_1_532' title='bbox 3027 1008 3109 1052; x_wconf 84' lang='lat' dir='ltr'><strong>cst</strong></span> <span class='ocrx_word' id='word_1_533' title='bbox 3155 999 3356 1064; x_wconf 68' lang='lat' dir='ltr'><strong>fati-or;</strong></span> <span class='ocrx_word' id='word_1_534' title='bbox 3392 1010 3449 1055; x_wconf 80' lang='lat' dir='ltr'><strong>ct</strong></span> 
     </span>
    </p>
   </div>
   <div class='ocr_carea' id='block_1_77' title="bbox 1866 1089 3442 1159">
    <p class='ocr_par' dir='ltr' id='par_1_77' title="bbox 1866 1089 3442 1159">
     <span class='ocr_line' id='line_1_78' title="bbox 1866 1089 3442 1159; baseline -0.003 -12"><span class='ocrx_word' id='word_1_535' title='bbox 1866 1103 2105 1147; x_wconf 90' lang='lat' dir='ltr'><strong>nostrum</strong></span> <span class='ocrx_word' id='word_1_536' title='bbox 2128 1091 2455 1159; x_wconf 84' lang='lat' dir='ltr'><strong>marsupium</strong></span> <span class='ocrx_word' id='word_1_537' title='bbox 2479 1089 2851 1144; x_wconf 70' lang='lat' dir='ltr'><strong>Alexandrinae</strong></span> <span class='ocrx_word' id='word_1_538' title='bbox 2876 1089 3075 1142; x_wconf 73' lang='lat' dir='ltr'><strong>chartte</strong></span> <span class='ocrx_word' id='word_1_539' title='bbox 3094 1103 3442 1145; x_wconf 78' lang='lat' dir='ltr'><strong>cvacuartlnt.</strong></span> 
     </span>
    </p>
   </div>
   <div class='ocr_carea' id='block_1_78' title="bbox 1864 1180 3442 1251">
    <p class='ocr_par' dir='ltr' id='par_1_78' title="bbox 1864 1180 3442 1251">
     <span class='ocr_line' id='line_1_79' title="bbox 1864 1180 3442 1251; baseline -0.003 -12"><span class='ocrx_word' id='word_1_540' title='bbox 1864 1183 1918 1239; x_wconf 90' lang='lat' dir='ltr'><strong>Si</strong></span> <span class='ocrx_word' id='word_1_541' title='bbox 1961 1182 2091 1237; x_wconf 90' lang='lat' dir='ltr'><strong>mihi</strong></span> <span class='ocrx_word' id='word_1_542' title='bbox 2133 1182 2383 1244; x_wconf 87' lang='lat' dir='ltr'><strong>creditis,</strong></span> <span class='ocrx_word' id='word_1_543' title='bbox 2430 1181 2760 1251; x_wconf 77' lang='lat' dir='ltr'><strong>Origenistus</strong></span> <span class='ocrx_word' id='word_1_544' title='bbox 2799 1196 3066 1249; x_wconf 90' lang='lat' dir='ltr'><strong>nunquam</strong></span> <span class='ocrx_word' id='word_1_545' title='bbox 3112 1180 3217 1243; x_wconf 87' lang='lat' dir='ltr'><strong>fui;</strong></span> <span class='ocrx_word' id='word_1_546' title='bbox 3250 1182 3293 1234; x_wconf 91' lang='lat' dir='ltr'><strong>si</strong></span> <span class='ocrx_word' id='word_1_547' title='bbox 3335 1197 3442 1235; x_wconf 91' lang='lat' dir='ltr'><strong>non</strong></span> 
     </span>
    </p>
   </div>
   <div class='ocr_carea' id='block_1_79' title="bbox 1863 1270 3446 1338">
    <p class='ocr_par' dir='ltr' id='par_1_79' title="bbox 1863 1270 3446 1338">
     <span class='ocr_line' id='line_1_80' title="bbox 1863 1270 3446 1338; baseline -0.001 -12"><span class='ocrx_word' id='word_1_548' title='bbox 1863 1273 2111 1338; x_wconf 90' lang='lat' dir='ltr'><strong>creditis,</strong></span> <span class='ocrx_word' id='word_1_549' title='bbox 2148 1288 2290 1327; x_wconf 91' lang='lat' dir='ltr'><strong>nunc</strong></span> <span class='ocrx_word' id='word_1_550' title='bbox 2321 1287 2442 1327; x_wconf 87' lang='lat' dir='ltr'><strong>esse</strong></span> <span class='ocrx_word' id='word_1_551' title='bbox 2465 1271 2689 1326; x_wconf 88' lang='lat' dir='ltr'><strong>cessavi.</strong></span> <span class='ocrx_word' id='word_1_552' title='bbox 2721 1270 2871 1337; x_wconf 84' lang='lat' dir='ltr'><strong>Quod</strong></span> <span class='ocrx_word' id='word_1_553' title='bbox 2901 1271 2944 1323; x_wconf 91' lang='lat' dir='ltr'><strong>si</strong></span> <span class='ocrx_word' id='word_1_554' title='bbox 2987 1286 3086 1324; x_wconf 90' lang='lat' dir='ltr'><strong>nec</strong></span> <span class='ocrx_word' id='word_1_555' title='bbox 3113 1272 3189 1323; x_wconf 89' lang='lat' dir='ltr'><strong>sie</strong></span> <span class='ocrx_word' id='word_1_556' title='bbox 3216 1270 3446 1325; x_wconf 79' lang='lat' dir='ltr'><strong>adduci-</strong></span> 
     </span>
    </p>
   </div>
   <div class='ocr_carea' id='block_1_80' title="bbox 1865 1361 3440 1433">
    <p class='ocr_par' dir='ltr' id='par_1_80' title="bbox 1865 1361 3440 1433">
     <span class='ocr_line' id='line_1_81' title="bbox 1865 1361 3440 1433; baseline -0.004 -13"><span class='ocrx_word' id='word_1_557' title='bbox 1865 1366 1993 1421; x_wconf 91' lang='lat' dir='ltr'><strong>mini</strong></span> <span class='ocrx_word' id='word_1_558' title='bbox 2024 1366 2090 1419; x_wconf 86' lang='lat' dir='ltr'><strong>ad</strong></span> <span class='ocrx_word' id='word_1_559' title='bbox 2117 1364 2308 1431; x_wconf 89' lang='lat' dir='ltr'><strong>ﬁdem,</strong></span> <span class='ocrx_word' id='word_1_560' title='bbox 2333 1364 2655 1433; x_wconf 85' lang='lat' dir='ltr'><strong>compellitis</strong></span> <span class='ocrx_word' id='word_1_561' title='bbox 2698 1379 2782 1416; x_wconf 89' lang='lat' dir='ltr'><strong>tne</strong></span> <span class='ocrx_word' id='word_1_562' title='bbox 2806 1361 2873 1417; x_wconf 88' lang='lat' dir='ltr'><strong>ad</strong></span> <span class='ocrx_word' id='word_1_563' title='bbox 2903 1361 3270 1417; x_wconf 82' lang='lat' dir='ltr'><strong>defensionem</strong></span> <span class='ocrx_word' id='word_1_564' title='bbox 3300 1364 3401 1417; x_wconf 87' lang='lat' dir='ltr'><strong>tnei</strong></span> <span class='ocrx_word' id='word_1_565' title='bbox 3423 1404 3440 1427; x_wconf 94' lang='lat'><strong>,</strong></span> 
     </span>
    </p>
   </div>
   <div class='ocr_carea' id='block_1_81' title="bbox 1862 1453 3442 1510">
    <p class='ocr_par' dir='ltr' id='par_1_81' title="bbox 1862 1453 3442 1510">
     <span class='ocr_line' id='line_1_82' title="bbox 1862 1453 3442 1510; baseline -0.004 0"><span class='ocrx_word' id='word_1_566' title='bbox 1862 1466 2048 1510; x_wconf 88' lang='lat' dir='ltr'><strong>contra</strong></span> <span class='ocrx_word' id='word_1_567' title='bbox 2077 1455 2339 1509; x_wconf 87' lang='lat' dir='ltr'><strong>amasium</strong></span> <span class='ocrx_word' id='word_1_568' title='bbox 2364 1464 2600 1510; x_wconf 87' lang='lat' dir='ltr'><strong>vestrum</strong></span> <span class='ocrx_word' id='word_1_569' title='bbox 2628 1453 2863 1508; x_wconf 86' lang='lat' dir='ltr'><strong>scribere</strong></span> <span class='ocrx_word' id='word_1_570' title='bbox 2890 1467 2903 1506; x_wconf 88' lang='lat'><strong>:</strong></span> <span class='ocrx_word' id='word_1_571' title='bbox 2935 1462 2988 1505; x_wconf 92' lang='lat' dir='ltr'><strong>ut</strong></span> <span class='ocrx_word' id='word_1_572' title='bbox 3016 1454 3058 1504; x_wconf 95' lang='lat' dir='ltr'><strong>si</strong></span> <span class='ocrx_word' id='word_1_573' title='bbox 3090 1468 3194 1505; x_wconf 92' lang='lat' dir='ltr'><strong>non</strong></span> <span class='ocrx_word' id='word_1_574' title='bbox 3225 1453 3442 1507; x_wconf 83' lang='lat' dir='ltr'><strong>creditis</strong></span> 
     </span>
    </p>
   </div>
   <div class='ocr_carea' id='block_1_82' title="bbox 1865 1542 3441 1614">
    <p class='ocr_par' dir='ltr' id='par_1_82' title="bbox 1865 1542 3441 1614">
     <span class='ocr_line' id='line_1_83' title="bbox 1865 1542 3441 1614; baseline -0.002 -15"><span class='ocrx_word' id='word_1_575' title='bbox 1865 1545 2097 1614; x_wconf 82' lang='lat' dir='ltr'><strong>neganti.</strong></span> <span class='ocrx_word' id='word_1_576' title='bbox 2124 1545 2357 1599; x_wconf 75' lang='lat' dir='ltr'><strong>credatis</strong></span> <span class='ocrx_word' id='word_1_577' title='bbox 2376 1545 2567 1598; x_wconf 88' lang='lat' dir='ltr'><strong>saltem</strong></span> <span class='ocrx_word' id='word_1_578' title='bbox 2589 1542 2880 1597; x_wconf 87' lang='lat' dir='ltr'><strong>accusanti.</strong></span> <span class='ocrx_word' id='word_1_579' title='bbox 2910 1542 3013 1597; x_wconf 77' lang='lat' dir='ltr'><strong>Sed</strong></span> <span class='ocrx_word' id='word_1_580' title='bbox 3039 1542 3289 1597; x_wconf 88' lang='lat' dir='ltr'><strong>libentius</strong></span> <span class='ocrx_word' id='word_1_581' title='bbox 3312 1544 3441 1596; x_wconf 88' lang='lat' dir='ltr'><strong>mihi</strong></span> 
     </span>
    </p>
   </div>
   <div class='ocr_carea' id='block_1_83' title="bbox 1864 1630 3445 1701">
    <p class='ocr_par' dir='ltr' id='par_1_83' title="bbox 1864 1630 3445 1701">
     <span class='ocr_line' id='line_1_84' title="bbox 1864 1630 3445 1701; baseline -0.003 -13"><span class='ocrx_word' id='word_1_582' title='bbox 1864 1635 2061 1688; x_wconf 89' lang='lat' dir='ltr'><strong>erranti</strong></span> <span class='ocrx_word' id='word_1_583' title='bbox 2089 1633 2346 1695; x_wconf 88' lang='lat' dir='ltr'><strong>creditur,</strong></span> <span class='ocrx_word' id='word_1_584' title='bbox 2378 1647 2535 1701; x_wconf 90' lang='lat' dir='ltr'><strong>quam</strong></span> <span class='ocrx_word' id='word_1_585' title='bbox 2565 1641 2829 1685; x_wconf 88' lang='lat' dir='ltr'><strong>eorreeto.</strong></span> <span class='ocrx_word' id='word_1_586' title='bbox 2873 1630 2981 1685; x_wconf 87' lang='lat' dir='ltr'><strong>Nec</strong></span> <span class='ocrx_word' id='word_1_587' title='bbox 3007 1634 3218 1693; x_wconf 88' lang='lat' dir='ltr'><strong>mirmu,</strong></span> <span class='ocrx_word' id='word_1_588' title='bbox 3254 1642 3445 1699; x_wconf 88' lang='lat' dir='ltr'><strong>putant</strong></span> 
     </span>
    </p>
   </div>
   <div class='ocr_carea' id='block_1_84' title="bbox 1862 1725 3443 1789">
    <p class='ocr_par' dir='ltr' id='par_1_84' title="bbox 1862 1725 3443 1789">
     <span class='ocr_line' id='line_1_85' title="bbox 1862 1725 3443 1789; baseline -0.002 -11"><span class='ocrx_word' id='word_1_589' title='bbox 1862 1725 2006 1778; x_wconf 91' lang='lat' dir='ltr'><strong>enim</strong></span> <span class='ocrx_word' id='word_1_590' title='bbox 2051 1739 2137 1777; x_wconf 89' lang='grc'><strong>11111</strong></span> <span class='ocrx_word' id='word_1_591' title='bbox 2175 1739 2329 1776; x_wconf 84' lang='grc'><strong>81111111</strong></span> <span class='ocrx_word' id='word_1_592' title='bbox 2369 1738 2489 1777; x_wconf 89' lang='lat' dir='ltr'><strong>esse</strong></span> <span class='ocrx_word' id='word_1_593' title='bbox 2532 1730 2830 1789; x_wconf 76' lang='grc' dir='ltr'><strong>συμμὺστην,</strong></span> <span class='ocrx_word' id='word_1_594' title='bbox 2862 1732 2917 1774; x_wconf 86' lang='lat' dir='ltr'><strong>et</strong></span> <span class='ocrx_word' id='word_1_595' title='bbox 2946 1732 3165 1789; x_wconf 67' lang='lat' dir='ltr'><strong>propter</strong></span> <span class='ocrx_word' id='word_1_596' title='bbox 3186 1725 3443 1776; x_wconf 81' lang='lat' dir='ltr'><strong>animales</strong></span> 
     </span>
    </p>
   </div>
   <div class='ocr_carea' id='block_1_85' title="bbox 1860 1811 3441 1881">
    <p class='ocr_par' dir='ltr' id='par_1_85' title="bbox 1860 1811 3441 1881">
     <span class='ocr_line' id='line_1_86' title="bbox 1860 1811 3441 1881; baseline -0.003 -13"><span class='ocrx_word' id='word_1_597' title='bbox 1860 1823 1915 1868; x_wconf 88' lang='lat' dir='ltr'><strong>et</strong></span> <span class='ocrx_word' id='word_1_598' title='bbox 1938 1814 2108 1867; x_wconf 88' lang='lat' dir='ltr'><strong>luteus</strong></span> <span class='ocrx_word' id='word_1_599' title='bbox 2126 1814 2269 1867; x_wconf 90' lang='lat' dir='ltr'><strong>nolle</strong></span> <span class='ocrx_word' id='word_1_600' title='bbox 2294 1814 2462 1881; x_wconf 81' lang='lat' dir='ltr'><strong>palam</strong></span> <span class='ocrx_word' id='word_1_601' title='bbox 2484 1812 2729 1880; x_wconf 84' lang='lat' dir='ltr'><strong>dogmata</strong></span> <span class='ocrx_word' id='word_1_602' title='bbox 2748 1812 3011 1865; x_wconf 81' lang='lat' dir='ltr'><strong>confiteri.</strong></span> <span class='ocrx_word' id='word_1_603' title='bbox 3038 1811 3273 1879; x_wconf 89' lang='lat' dir='ltr'><strong>Ipsorum</strong></span> <span class='ocrx_word' id='word_1_604' title='bbox 3296 1814 3441 1865; x_wconf 89' lang='lat' dir='ltr'><strong>enim</strong></span> 
     </span>
    </p>
   </div>
   <div class='ocr_carea' id='block_1_86' title="bbox 1860 1902 3443 1971">
    <p class='ocr_par' dir='ltr' id='par_1_86' title="bbox 1860 1902 3443 1971">
     <span class='ocr_line' id='line_1_87' title="bbox 1860 1902 3443 1971; baseline -0.003 -11"><span class='ocrx_word' id='word_1_605' title='bbox 1860 1905 2132 1960; x_wconf 86' lang='lat' dir='ltr'><strong>decretum</strong></span> <span class='ocrx_word' id='word_1_606' title='bbox 2159 1912 2263 1969; x_wconf 91' lang='lat' dir='ltr'><strong>est,</strong></span> <span class='ocrx_word' id='word_1_607' title='bbox 2292 1918 2399 1958; x_wconf 91' lang='lat' dir='ltr'><strong>nou</strong></span> <span class='ocrx_word' id='word_1_608' title='bbox 2431 1902 2585 1957; x_wconf 83' lang='lat' dir='ltr'><strong>facile</strong></span> <span class='ocrx_word' id='word_1_609' title='bbox 2609 1903 2924 1970; x_wconf 82' lang='lat' dir='ltr'><strong>margaritas</strong></span> <span class='ocrx_word' id='word_1_610' title='bbox 2951 1911 3076 1956; x_wconf 91' lang='lat' dir='ltr'><strong>ante</strong></span> <span class='ocrx_word' id='word_1_611' title='bbox 3105 1917 3294 1971; x_wconf 89' lang='lat' dir='ltr'><strong>porcos</strong></span> <span class='ocrx_word' id='word_1_612' title='bbox 3322 1917 3443 1957; x_wconf 90' lang='lat' dir='ltr'><strong>esse</strong></span> 
     </span>
    </p>
   </div>
   <div class='ocr_carea' id='block_1_87' title="bbox 1860 1993 3440 2062">
    <p class='ocr_par' dir='ltr' id='par_1_87' title="bbox 1860 1993 3440 2062">
     <span class='ocr_line' id='line_1_88' title="bbox 1860 1993 3440 2062; baseline -0.001 -12"><span class='ocrx_word' id='word_1_613' title='bbox 1860 1995 2177 2058; x_wconf 87' lang='lat' dir='ltr'><strong>mittendas.</strong></span> <span class='ocrx_word' id='word_1_614' title='bbox 2210 2009 2311 2049; x_wconf 90' lang='grc'><strong>1100</strong></span> <span class='ocrx_word' id='word_1_615' title='bbox 2338 1993 2568 2049; x_wconf 90' lang='lat' dir='ltr'><strong>dandum</strong></span> <span class='ocrx_word' id='word_1_616' title='bbox 2604 2002 2845 2047; x_wconf 88' lang='lat' dir='ltr'><strong>sanctum</strong></span> <span class='ocrx_word' id='word_1_617' title='bbox 2873 1994 3092 2049; x_wconf 87' lang='lat' dir='ltr'><strong>canibus</strong></span> <span class='ocrx_word' id='word_1_618' title='bbox 3118 1994 3332 2062; x_wconf 80' lang='lat' dir='ltr'><strong>(Matth.</strong></span> <span class='ocrx_word' id='word_1_619' title='bbox 3361 1997 3440 2057; x_wconf 86' lang='lat'><strong>7),</strong></span> 
     </span>
    </p>
   </div>
   <div class='ocr_carea' id='block_1_88' title="bbox 1861 2085 3443 2155">
    <p class='ocr_par' dir='ltr' id='par_1_88' title="bbox 1861 2085 3443 2155">
     <span class='ocr_line' id='line_1_89' title="bbox 1861 2085 3443 2155; baseline -0.001 -16"><span class='ocrx_word' id='word_1_620' title='bbox 1861 2095 1915 2139; x_wconf 83' lang='lat' dir='ltr'><strong>et</strong></span> <span class='ocrx_word' id='word_1_621' title='bbox 1953 2102 2071 2139; x_wconf 89' lang='lat' dir='ltr'><strong>cum</strong></span> <span class='ocrx_word' id='word_1_622' title='bbox 2117 2085 2280 2140; x_wconf 87' lang='lat' dir='ltr'><strong>David</strong></span> <span class='ocrx_word' id='word_1_623' title='bbox 2311 2085 2488 2139; x_wconf 87' lang='lat' dir='ltr'><strong>dicere</strong></span> <span class='ocrx_word' id='word_1_624' title='bbox 2519 2101 2532 2136; x_wconf 90' lang='lat'><strong>:</strong></span> <span class='ocrx_word' id='word_1_625' title='bbox 2568 2086 2815 2138; x_wconf 77' lang='lat' dir='ltr'><strong>Absrondi</strong></span> <span class='ocrx_word' id='word_1_626' title='bbox 2843 2085 2897 2138; x_wconf 85' lang='lat' dir='ltr'><strong>in</strong></span> <span class='ocrx_word' id='word_1_627' title='bbox 2924 2087 3074 2138; x_wconf 81' lang='lat' dir='ltr'><strong>corde</strong></span> <span class='ocrx_word' id='word_1_628' title='bbox 3102 2102 3210 2139; x_wconf 85' lang='lat' dir='ltr'><strong>meo</strong></span> <span class='ocrx_word' id='word_1_629' title='bbox 3238 2087 3443 2155; x_wconf 78' lang='lat' dir='ltr'><strong>eloquia</strong></span> 
     </span>
    </p>
   </div>
   <div class='ocr_carea' id='block_1_89' title="bbox 1860 2178 3440 2249">
    <p class='ocr_par' dir='ltr' id='par_1_89' title="bbox 1860 2178 3440 2249">
     <span class='ocr_line' id='line_1_90' title="bbox 1860 2178 3440 2249; baseline -0.003 -16"><span class='ocrx_word' id='word_1_630' title='bbox 1860 2191 1971 2243; x_wconf 82' lang='lat' dir='ltr'><strong>tuo,</strong></span> <span class='ocrx_word' id='word_1_631' title='bbox 2002 2190 2057 2231; x_wconf 83' lang='lat' dir='ltr'><strong>ut</strong></span> <span class='ocrx_word' id='word_1_632' title='bbox 2085 2196 2183 2233; x_wconf 82' lang='lat' dir='ltr'><strong>non</strong></span> <span class='ocrx_word' id='word_1_633' title='bbox 2214 2196 2408 2249; x_wconf 81' lang='lat' dir='ltr'><strong>peccem</strong></span> <span class='ocrx_word' id='word_1_634' title='bbox 2434 2179 2521 2232; x_wconf 85' lang='lat' dir='ltr'><strong>tibi</strong></span> <span class='ocrx_word' id='word_1_635' title='bbox 2550 2178 2669 2247; x_wconf 76' lang='lat' dir='ltr'><strong>(Ps.</strong></span> <span class='ocrx_word' id='word_1_636' title='bbox 2702 2179 2822 2233; x_wconf 82' lang='lat' dir='ltr'><strong>H8.</strong></span> <span class='ocrx_word' id='word_1_637' title='bbox 2867 2180 2972 2246; x_wconf 83' lang='lat' dir='ltr'><strong>ll).</strong></span> <span class='ocrx_word' id='word_1_638' title='bbox 3015 2180 3073 2231; x_wconf 90' lang='lat' dir='ltr'><strong>Et</strong></span> <span class='ocrx_word' id='word_1_639' title='bbox 3106 2179 3158 2231; x_wconf 93' lang='lat' dir='ltr'><strong>in</strong></span> <span class='ocrx_word' id='word_1_640' title='bbox 3189 2179 3293 2232; x_wconf 85' lang='lat' dir='ltr'><strong>alio</strong></span> <span class='ocrx_word' id='word_1_641' title='bbox 3323 2180 3440 2232; x_wconf 80' lang='lat' dir='ltr'><strong>loco</strong></span> 
     </span>
    </p>
   </div>
   <div class='ocr_carea' id='block_1_90' title="bbox 1859 2268 3439 2339">
    <p class='ocr_par' dir='ltr' id='par_1_90' title="bbox 1859 2268 3439 2339">
     <span class='ocr_line' id='line_1_91' title="bbox 1859 2268 3439 2339; baseline -0.002 -16"><span class='ocrx_word' id='word_1_642' title='bbox 1859 2270 2183 2339; x_wconf 90' lang='lat' dir='ltr'><strong>superjusto</strong></span> <span class='ocrx_word' id='word_1_643' title='bbox 2211 2286 2226 2321; x_wconf 91' lang='lat'><strong>:</strong></span> <span class='ocrx_word' id='word_1_644' title='bbox 2256 2269 2356 2336; x_wconf 84' lang='lat' dir='ltr'><strong>Qui</strong></span> <span class='ocrx_word' id='word_1_645' title='bbox 2391 2268 2633 2337; x_wconf 78' lang='lat' dir='ltr'><strong>loquitur,</strong></span> <span class='ocrx_word' id='word_1_646' title='bbox 2668 2270 2856 2336; x_wconf 87' lang='lat' dir='ltr'><strong>inquit,</strong></span> <span class='ocrx_word' id='word_1_647' title='bbox 2893 2270 3145 2321; x_wconf 80' lang='lat' dir='ltr'><strong>veritamu</strong></span> <span class='ocrx_word' id='word_1_648' title='bbox 3170 2285 3285 2322; x_wconf 87' lang='lat' dir='ltr'><strong>cum</strong></span> <span class='ocrx_word' id='word_1_649' title='bbox 3316 2286 3439 2338; x_wconf 88' lang='lat' dir='ltr'><strong>pro-</strong></span> 
     </span>
    </p>
   </div>
   <div class='ocr_carea' id='block_1_91' title="bbox 1858 2359 3438 2429">
    <p class='ocr_par' dir='ltr' id='par_1_91' title="bbox 1858 2359 3438 2429">
     <span class='ocr_line' id='line_1_92' title="bbox 1858 2359 3438 2429; baseline -0.002 -14"><span class='ocrx_word' id='word_1_650' title='bbox 1858 2363 1996 2415; x_wconf 68' lang='lat' dir='ltr'><strong>ximo</strong></span> <span class='ocrx_word' id='word_1_651' title='bbox 2024 2377 2117 2414; x_wconf 80' lang='lat' dir='ltr'><strong>suo</strong></span> <span class='ocrx_word' id='word_1_652' title='bbox 2145 2359 2261 2428; x_wconf 78' lang='lat' dir='ltr'><strong>(Ps.</strong></span> <span class='ocrx_word' id='word_1_653' title='bbox 2292 2360 2379 2415; x_wconf 58' lang='lat' dir='ltr'><strong>id.</strong></span> <span class='ocrx_word' id='word_1_654' title='bbox 2409 2361 2461 2414; x_wconf 82' lang='grc'><strong>5.</strong></span> <span class='ocrx_word' id='word_1_655' title='bbox 2508 2371 2553 2413; x_wconf 82' lang='lat' dir='ltr'><strong>et</strong></span> <span class='ocrx_word' id='word_1_656' title='bbox 2588 2360 2677 2413; x_wconf 74' lang='lat'><strong>23.</strong></span> <span class='ocrx_word' id='word_1_657' title='bbox 2706 2362 2784 2429; x_wconf 70' lang='grc'><strong>4).</strong></span> <span class='ocrx_word' id='word_1_658' title='bbox 2829 2360 2878 2413; x_wconf 88' lang='lat' dir='ltr'><strong>id</strong></span> <span class='ocrx_word' id='word_1_659' title='bbox 2918 2369 3029 2421; x_wconf 85' lang='lat' dir='ltr'><strong>est.</strong></span> <span class='ocrx_word' id='word_1_660' title='bbox 3059 2376 3181 2414; x_wconf 86' lang='lat' dir='ltr'><strong>eum</strong></span> <span class='ocrx_word' id='word_1_661' title='bbox 3228 2360 3311 2414; x_wconf 91' lang='lat' dir='ltr'><strong>bis</strong></span> <span class='ocrx_word' id='word_1_662' title='bbox 3346 2361 3438 2429; x_wconf 93' lang='lat' dir='ltr'><strong>qui</strong></span> 
     </span>
    </p>
   </div>
   <div class='ocr_carea' id='block_1_92' title="bbox 1858 2449 3440 2520">
    <p class='ocr_par' dir='ltr' id='par_1_92' title="bbox 1858 2449 3440 2520">
     <span class='ocr_line' id='line_1_93' title="bbox 1858 2449 3440 2520; baseline -0.001 -16"><span class='ocrx_word' id='word_1_663' title='bbox 1858 2450 2136 2505; x_wconf 82' lang='lat' dir='ltr'><strong>domestici</strong></span> <span class='ocrx_word' id='word_1_664' title='bbox 2169 2450 2286 2504; x_wconf 90' lang='lat' dir='ltr'><strong>ﬁdei</strong></span> <span class='ocrx_word' id='word_1_665' title='bbox 2316 2460 2458 2503; x_wconf 89' lang='grc'><strong>811111.</strong></span> <span class='ocrx_word' id='word_1_666' title='bbox 2496 2450 2571 2504; x_wconf 83' lang='lat' dir='ltr'><strong>Ex</strong></span> <span class='ocrx_word' id='word_1_667' title='bbox 2603 2464 2708 2519; x_wconf 92' lang='lat' dir='ltr'><strong>quo</strong></span> <span class='ocrx_word' id='word_1_668' title='bbox 2747 2450 2931 2503; x_wconf 88' lang='lat' dir='ltr'><strong>volunt</strong></span> <span class='ocrx_word' id='word_1_669' title='bbox 2957 2450 3198 2518; x_wconf 85' lang='lat' dir='ltr'><strong>intelligi,</strong></span> <span class='ocrx_word' id='word_1_670' title='bbox 3230 2449 3311 2520; x_wconf 84' lang='lat' dir='ltr'><strong>(d)</strong></span> <span class='ocrx_word' id='word_1_671' title='bbox 3341 2465 3440 2504; x_wconf 85' lang='lat' dir='ltr'><strong>nos</strong></span> 
     </span>
    </p>
   </div>
   <div class='ocr_carea' id='block_1_93' title="bbox 1859 2540 3439 2610">
    <p class='ocr_par' dir='ltr' id='par_1_93' title="bbox 1859 2540 3439 2610">
     <span class='ocr_line' id='line_1_94' title="bbox 1859 2540 3439 2610; baseline 0 -16"><span class='ocrx_word' id='word_1_672' title='bbox 1859 2543 1947 2610; x_wconf 88' lang='lat' dir='ltr'><strong>qui</strong></span> <span class='ocrx_word' id='word_1_673' title='bbox 1993 2541 2219 2596; x_wconf 88' lang='lat' dir='ltr'><strong>necdum</strong></span> <span class='ocrx_word' id='word_1_674' title='bbox 2263 2540 2455 2594; x_wconf 89' lang='lat' dir='ltr'><strong>initiati</strong></span> <span class='ocrx_word' id='word_1_675' title='bbox 2498 2556 2721 2606; x_wconf 88' lang='lat' dir='ltr'><strong>sumus,</strong></span> <span class='ocrx_word' id='word_1_676' title='bbox 2753 2541 2950 2595; x_wconf 88' lang='lat' dir='ltr'><strong>debere</strong></span> <span class='ocrx_word' id='word_1_677' title='bbox 2988 2542 3172 2593; x_wconf 86' lang='lat' dir='ltr'><strong>audire</strong></span> <span class='ocrx_word' id='word_1_678' title='bbox 3213 2541 3439 2596; x_wconf 89' lang='lat' dir='ltr'><strong>menda-</strong></span> 
     </span>
    </p>
   </div>
   <div class='ocr_carea' id='block_1_94' title="bbox 1858 2631 3439 2703">
    <p class='ocr_par' dir='ltr' id='par_1_94' title="bbox 1858 2631 3439 2703">
     <span class='ocr_line' id='line_1_95' title="bbox 1858 2631 3439 2703; baseline -0.001 -17"><span class='ocrx_word' id='word_1_679' title='bbox 1858 2635 1996 2687; x_wconf 92' lang='lat' dir='ltr'><strong>cium</strong></span> <span class='ocrx_word' id='word_1_680' title='bbox 2025 2652 2038 2686; x_wconf 89' lang='lat'><strong>:</strong></span> <span class='ocrx_word' id='word_1_681' title='bbox 2063 2648 2130 2687; x_wconf 91' lang='lat' dir='ltr'><strong>ne</strong></span> <span class='ocrx_word' id='word_1_682' title='bbox 2157 2633 2361 2703; x_wconf 85' lang='lat' dir='ltr'><strong>parvuli</strong></span> <span class='ocrx_word' id='word_1_683' title='bbox 2383 2641 2541 2700; x_wconf 87' lang='lat' dir='ltr'><strong>atque</strong></span> <span class='ocrx_word' id='word_1_684' title='bbox 2568 2633 2822 2687; x_wconf 89' lang='lat' dir='ltr'><strong>lactentes</strong></span> <span class='ocrx_word' id='word_1_685' title='bbox 2847 2632 3113 2687; x_wconf 81' lang='lat' dir='ltr'><strong>solidioris</strong></span> <span class='ocrx_word' id='word_1_686' title='bbox 3133 2632 3236 2686; x_wconf 90' lang='lat' dir='ltr'><strong>cibi</strong></span> <span class='ocrx_word' id='word_1_687' title='bbox 3258 2631 3439 2687; x_wconf 84' lang='lat' dir='ltr'><strong>edulio</strong></span> 
     </span>
    </p>
   </div>
   <div class='ocr_carea' id='block_1_95' title="bbox 1858 2722 3439 2792">
    <p class='ocr_par' dir='ltr' id='par_1_95' title="bbox 1858 2722 3439 2792">
     <span class='ocr_line' id='line_1_96' title="bbox 1858 2722 3439 2792; baseline -0.001 -13"><span class='ocrx_word' id='word_1_688' title='bbox 1858 2724 2197 2779; x_wconf 83' lang='lat' dir='ltr'><strong>suffocemur.</strong></span> <span class='ocrx_word' id='word_1_689' title='bbox 2229 2723 2379 2790; x_wconf 85' lang='lat' dir='ltr'><strong>Quod</strong></span> <span class='ocrx_word' id='word_1_690' title='bbox 2407 2731 2583 2777; x_wconf 90' lang='lat' dir='ltr'><strong>autem</strong></span> <span class='ocrx_word' id='word_1_691' title='bbox 2612 2723 2962 2792; x_wconf 87' lang='lat' dir='ltr'><strong>perjuriorum</strong></span> <span class='ocrx_word' id='word_1_692' title='bbox 2985 2732 3144 2792; x_wconf 91' lang='lat' dir='ltr'><strong>atque</strong></span> <span class='ocrx_word' id='word_1_693' title='bbox 3172 2722 3439 2778; x_wconf 85' lang='lat' dir='ltr'><strong>mendacii</strong></span> 
     </span>
    </p>
   </div>
   <div class='ocr_carea' id='block_1_96' title="bbox 1860 2813 3440 2885">
    <p class='ocr_par' dir='ltr' id='par_1_96' title="bbox 1860 2813 3440 2885">
     <span class='ocr_line' id='line_1_97' title="bbox 1860 2813 3440 2885; baseline -0.001 -16"><span class='ocrx_word' id='word_1_694' title='bbox 1860 2818 1998 2870; x_wconf 87' lang='lat' dir='ltr'><strong>inter</strong></span> <span class='ocrx_word' id='word_1_695' title='bbox 2026 2831 2085 2871; x_wconf 93' lang='lat' dir='ltr'><strong>se</strong></span> <span class='ocrx_word' id='word_1_696' title='bbox 2111 2816 2275 2885; x_wconf 82' lang='lat' dir='ltr'><strong>orgiis</strong></span> <span class='ocrx_word' id='word_1_697' title='bbox 2307 2813 2663 2877; x_wconf 75' lang='lat' dir='ltr'><strong>ftedereutur,</strong></span> <span class='ocrx_word' id='word_1_698' title='bbox 2708 2823 2892 2868; x_wconf 85' lang='lat' dir='ltr'><strong>sextus</strong></span> <span class='ocrx_word' id='word_1_699' title='bbox 2928 2813 3267 2869; x_wconf 88' lang='lat' dir='ltr'><strong>Stromateon</strong></span> <span class='ocrx_word' id='word_1_700' title='bbox 3303 2814 3440 2869; x_wconf 88' lang='lat' dir='ltr'><strong>liber</strong></span> 
     </span>
    </p>
   </div>
   <div class='ocr_carea' id='block_1_97' title="bbox 1862 2906 3438 2981">
    <p class='ocr_par' dir='ltr' id='par_1_97' title="bbox 1862 2906 3438 2981">
     <span class='ocr_line' id='line_1_98' title="bbox 1862 2906 3438 2981; baseline -0.003 -18"><span class='ocrx_word' id='word_1_701' title='bbox 1862 2911 1939 2981; x_wconf 87' lang='lat' dir='ltr'><strong>(in</strong></span> <span class='ocrx_word' id='word_1_702' title='bbox 1966 2925 2072 2979; x_wconf 92' lang='lat' dir='ltr'><strong>quo</strong></span> <span class='ocrx_word' id='word_1_703' title='bbox 2099 2907 2167 2980; x_wconf 90' lang='lat' dir='ltr'><strong>[e]</strong></span> <span class='ocrx_word' id='word_1_704' title='bbox 2199 2908 2435 2962; x_wconf 87' lang='lat' dir='ltr'><strong>Platonis</strong></span> <span class='ocrx_word' id='word_1_705' title='bbox 2462 2907 2741 2961; x_wconf 71' lang='lat' dir='ltr'><strong>sententia:</strong></span> <span class='ocrx_word' id='word_1_706' title='bbox 2781 2913 3022 2959; x_wconf 90' lang='lat' dir='ltr'><strong>nostrum</strong></span> <span class='ocrx_word' id='word_1_707' title='bbox 3061 2906 3255 2975; x_wconf 86' lang='lat' dir='ltr'><strong>dogma</strong></span> <span class='ocrx_word' id='word_1_708' title='bbox 3284 2920 3438 2960; x_wconf 82' lang='lat' dir='ltr'><strong>eom-</strong></span> 
     </span>
    </p>
   </div>
   <div class='ocr_carea' id='block_1_98' title="bbox 1860 2999 2566 3071">
    <p class='ocr_par' dir='ltr' id='par_1_98' title="bbox 1860 2999 2566 3071">
     <span class='ocr_line' id='line_1_99' title="bbox 1860 2999 2566 3071; baseline -0.006 -17"><span class='ocrx_word' id='word_1_709' title='bbox 1860 3001 2027 3071; x_wconf 86' lang='lat' dir='ltr'><strong>ponit)</strong></span> <span class='ocrx_word' id='word_1_710' title='bbox 2055 2999 2363 3068; x_wconf 86' lang='lat' dir='ltr'><strong>planissime</strong></span> <span class='ocrx_word' id='word_1_711' title='bbox 2390 3000 2566 3052; x_wconf 87' lang='lat' dir='ltr'><strong>docet.</strong></span> 
     </span>
    </p>
   </div>
   <div class='ocr_carea' id='block_1_99' title="bbox 1930 3086 3437 3159">
    <p class='ocr_par' dir='ltr' id='par_1_99' title="bbox 1930 3086 3437 3159">
     <span class='ocr_line' id='line_1_100' title="bbox 1930 3086 3437 3159; baseline 0 -16"><span class='ocrx_word' id='word_1_712' title='bbox 1930 3098 1982 3153; x_wconf 66' lang='grc'><strong>4.</strong></span> <span class='ocrx_word' id='word_1_713' title='bbox 2028 3093 2160 3159; x_wconf 84' lang='lat' dir='ltr'><strong>Quid</strong></span> <span class='ocrx_word' id='word_1_714' title='bbox 2190 3094 2349 3157; x_wconf 80' lang='lat' dir='ltr'><strong>igitur</strong></span> <span class='ocrx_word' id='word_1_715' title='bbox 2368 3090 2588 3143; x_wconf 64' lang='lat' dir='ltr'><strong>faciam?</strong></span> <span class='ocrx_word' id='word_1_716' title='bbox 2618 3086 2812 3156; x_wconf 79' lang='lat' dir='ltr'><strong>Negem</strong></span> <span class='ocrx_word' id='word_1_717' title='bbox 2840 3101 2926 3141; x_wconf 88' lang='lat' dir='ltr'><strong>me</strong></span> <span class='ocrx_word' id='word_1_718' title='bbox 2946 3086 3187 3154; x_wconf 85' lang='lat' dir='ltr'><strong>eiusdem</strong></span> <span class='ocrx_word' id='word_1_719' title='bbox 3212 3088 3437 3159; x_wconf 81' lang='lat' dir='ltr'><strong>dogma-</strong></span> 
     </span>
    </p>
   </div>
   <div class='ocr_carea' id='block_1_100' title="bbox 1860 3178 3437 3244">
    <p class='ocr_par' dir='ltr' id='par_1_100' title="bbox 1860 3178 3437 3244">
     <span class='ocr_line' id='line_1_101' title="bbox 1860 3178 3437 3244; baseline -0.005 0"><span class='ocrx_word' id='word_1_720' title='bbox 1860 3191 1926 3243; x_wconf 91' lang='lat' dir='ltr'><strong>tis</strong></span> <span class='ocrx_word' id='word_1_721' title='bbox 1956 3186 2110 3243; x_wconf 82' lang='lat' dir='ltr'><strong>esse?</strong></span> <span class='ocrx_word' id='word_1_722' title='bbox 2137 3183 2249 3238; x_wconf 81' lang='lat' dir='ltr'><strong>Non</strong></span> <span class='ocrx_word' id='word_1_723' title='bbox 2277 3181 2517 3236; x_wconf 81' lang='lat' dir='ltr'><strong>credent.</strong></span> <span class='ocrx_word' id='word_1_724' title='bbox 2548 3178 2773 3233; x_wconf 83' lang='lat' dir='ltr'><strong>Jurem?</strong></span> <span class='ocrx_word' id='word_1_725' title='bbox 2801 3178 3066 3232; x_wconf 77' lang='lat' dir='ltr'><strong>Ridebunt</strong></span> <span class='ocrx_word' id='word_1_726' title='bbox 3086 3220 3101 3244; x_wconf 93' lang='lat'><strong>,</strong></span> <span class='ocrx_word' id='word_1_727' title='bbox 3140 3190 3194 3233; x_wconf 91' lang='lat' dir='ltr'><strong>et</strong></span> <span class='ocrx_word' id='word_1_728' title='bbox 3212 3180 3392 3235; x_wconf 89' lang='lat' dir='ltr'><strong>dicent</strong></span> <span class='ocrx_word' id='word_1_729' title='bbox 3420 3200 3437 3237; x_wconf 87' lang='lat'><strong>:</strong></span> 
     </span>
    </p>
   </div>
   <div class='ocr_carea' id='block_1_101' title="bbox 1859 3270 3440 3340">
    <p class='ocr_par' dir='ltr' id='par_1_101' title="bbox 1859 3270 3440 3340">
     <span class='ocr_line' id='line_1_102' title="bbox 1859 3270 3440 3340; baseline -0.004 -5"><span class='ocrx_word' id='word_1_730' title='bbox 1859 3279 2004 3335; x_wconf 90' lang='lat' dir='ltr'><strong>domi</strong></span> <span class='ocrx_word' id='word_1_731' title='bbox 2038 3275 2190 3332; x_wconf 85' lang='lat' dir='ltr'><strong>nobis</strong></span> <span class='ocrx_word' id='word_1_732' title='bbox 2235 3275 2333 3328; x_wconf 90' lang='lat' dir='ltr'><strong>ista</strong></span> <span class='ocrx_word' id='word_1_733' title='bbox 2372 3281 2684 3325; x_wconf 88' lang='lat' dir='ltr'><strong>nascuntur.</strong></span> <span class='ocrx_word' id='word_1_734' title='bbox 2718 3270 2930 3325; x_wconf 86' lang='lat' dir='ltr'><strong>Faciam</strong></span> <span class='ocrx_word' id='word_1_735' title='bbox 2961 3270 3101 3340; x_wconf 91' lang='lat' dir='ltr'><strong>quod</strong></span> <span class='ocrx_word' id='word_1_736' title='bbox 3140 3272 3315 3326; x_wconf 88' lang='lat' dir='ltr'><strong>solum</strong></span> <span class='ocrx_word' id='word_1_737' title='bbox 3343 3289 3440 3328; x_wconf 89' lang='lat' dir='ltr'><strong>ca-</strong></span> 
     </span>
    </p>
   </div>
   <div class='ocr_carea' id='block_1_102' title="bbox 1861 3360 3438 3433">
    <p class='ocr_par' dir='ltr' id='par_1_102' title="bbox 1861 3360 3438 3433">
     <span class='ocr_line' id='line_1_103' title="bbox 1861 3360 3438 3433; baseline -0.003 -10"><span class='ocrx_word' id='word_1_738' title='bbox 1861 3377 2008 3433; x_wconf 90' lang='lat' dir='ltr'><strong>vent,</strong></span> <span class='ocrx_word' id='word_1_739' title='bbox 2049 3376 2105 3421; x_wconf 90' lang='lat' dir='ltr'><strong>ut</strong></span> <span class='ocrx_word' id='word_1_740' title='bbox 2148 3379 2297 3420; x_wconf 88' lang='lat' dir='ltr'><strong>sacra</strong></span> <span class='ocrx_word' id='word_1_741' title='bbox 2342 3376 2525 3416; x_wconf 92' lang='lat' dir='ltr'><strong>eorum</strong></span> <span class='ocrx_word' id='word_1_742' title='bbox 2573 3369 2731 3430; x_wconf 91' lang='lat' dir='ltr'><strong>atque</strong></span> <span class='ocrx_word' id='word_1_743' title='bbox 2772 3360 3022 3430; x_wconf 84' lang='lat' dir='ltr'><strong>mysteria</strong></span> <span class='ocrx_word' id='word_1_744' title='bbox 3068 3362 3120 3415; x_wconf 92' lang='lat' dir='ltr'><strong>iu</strong></span> <span class='ocrx_word' id='word_1_745' title='bbox 3166 3361 3438 3431; x_wconf 87' lang='lat' dir='ltr'><strong>publicum</strong></span> 
     </span>
    </p>
   </div>
   <div class='ocr_carea' id='block_1_103' title="bbox 1860 3451 3441 3532">
    <p class='ocr_par' dir='ltr' id='par_1_103' title="bbox 1860 3451 3441 3532">
     <span class='ocr_line' id='line_1_104' title="bbox 1860 3451 3441 3532; baseline -0.012 -17"><span class='ocrx_word' id='word_1_746' title='bbox 1860 3460 2148 3532; x_wconf 86' lang='lat' dir='ltr'><strong>proferam,</strong></span> <span class='ocrx_word' id='word_1_747' title='bbox 2172 3466 2226 3511; x_wconf 92' lang='lat' dir='ltr'><strong>et</strong></span> <span class='ocrx_word' id='word_1_748' title='bbox 2250 3455 2427 3509; x_wconf 92' lang='lat' dir='ltr'><strong>omnis</strong></span> <span class='ocrx_word' id='word_1_749' title='bbox 2460 3451 2737 3522; x_wconf 88' lang='lat' dir='ltr'><strong>prudentia</strong></span> <span class='ocrx_word' id='word_1_750' title='bbox 2769 3467 2954 3505; x_wconf 90' lang='lat' dir='ltr'><strong>eorum</strong></span> <span class='ocrx_word' id='word_1_751' title='bbox 2984 3467 3086 3521; x_wconf 90' lang='lat' dir='ltr'><strong>qua</strong></span> <span class='ocrx_word' id='word_1_752' title='bbox 3116 3467 3214 3507; x_wconf 87' lang='lat' dir='ltr'><strong>nos</strong></span> <span class='ocrx_word' id='word_1_753' title='bbox 3229 3453 3441 3522; x_wconf 88' lang='lat' dir='ltr'><strong>simpli-</strong></span> 
     </span>
    </p>
   </div>
   <div class='ocr_carea' id='block_1_104' title="bbox 1860 3544 3440 3616">
    <p class='ocr_par' dir='ltr' id='par_1_104' title="bbox 1860 3544 3440 3616">
     <span class='ocr_line' id='line_1_105' title="bbox 1860 3544 3440 3616; baseline -0.005 -9"><span class='ocrx_word' id='word_1_754' title='bbox 1860 3568 1950 3609; x_wconf 89' lang='lat' dir='ltr'><strong>ces</strong></span> <span class='ocrx_word' id='word_1_755' title='bbox 1976 3551 2184 3615; x_wconf 88' lang='lat' dir='ltr'><strong>ludunt,</strong></span> <span class='ocrx_word' id='word_1_756' title='bbox 2214 3549 2264 3602; x_wconf 91' lang='lat' dir='ltr'><strong>in</strong></span> <span class='ocrx_word' id='word_1_757' title='bbox 2297 3546 2574 3616; x_wconf 82' lang='lat' dir='ltr'><strong>propatulo</strong></span> <span class='ocrx_word' id='word_1_758' title='bbox 2594 3546 2665 3598; x_wconf 89' lang='lat' dir='ltr'><strong>sit</strong></span> <span class='ocrx_word' id='word_1_759' title='bbox 2696 3560 2709 3596; x_wconf 91' lang='lat'><strong>:</strong></span> <span class='ocrx_word' id='word_1_760' title='bbox 2737 3554 2789 3598; x_wconf 92' lang='lat' dir='ltr'><strong>et</strong></span> <span class='ocrx_word' id='word_1_761' title='bbox 2820 3544 2909 3612; x_wconf 91' lang='lat' dir='ltr'><strong>qui</strong></span> <span class='ocrx_word' id='word_1_762' title='bbox 2941 3545 3154 3613; x_wconf 88' lang='lat' dir='ltr'><strong>neganti</strong></span> <span class='ocrx_word' id='word_1_763' title='bbox 3183 3546 3302 3600; x_wconf 86' lang='lat' dir='ltr'><strong>voci</strong></span> <span class='ocrx_word' id='word_1_764' title='bbox 3333 3561 3440 3599; x_wconf 91' lang='lat' dir='ltr'><strong>non</strong></span> 
     </span>
    </p>
   </div>
   <div class='ocr_carea' id='block_1_105' title="bbox 1860 3635 3442 3707">
    <p class='ocr_par' dir='ltr' id='par_1_105' title="bbox 1860 3635 3442 3707">
     <span class='ocr_line' id='line_1_106' title="bbox 1860 3635 3442 3707; baseline -0.003 -9"><span class='ocrx_word' id='word_1_765' title='bbox 1860 3642 2106 3707; x_wconf 87' lang='lat' dir='ltr'><strong>credunt,</strong></span> <span class='ocrx_word' id='word_1_766' title='bbox 2129 3639 2350 3694; x_wconf 90' lang='lat' dir='ltr'><strong>credant</strong></span> <span class='ocrx_word' id='word_1_767' title='bbox 2378 3638 2565 3691; x_wconf 86' lang='lat' dir='ltr'><strong>saltem</strong></span> <span class='ocrx_word' id='word_1_768' title='bbox 2598 3635 2838 3704; x_wconf 87' lang='lat' dir='ltr'><strong>arguenti</strong></span> <span class='ocrx_word' id='word_1_769' title='bbox 2865 3636 3024 3706; x_wconf 88' lang='lat' dir='ltr'><strong>stylo.</strong></span> <span class='ocrx_word' id='word_1_770' title='bbox 3053 3636 3164 3691; x_wconf 92' lang='lat' dir='ltr'><strong>lloc</strong></span> <span class='ocrx_word' id='word_1_771' title='bbox 3187 3637 3331 3692; x_wconf 89' lang='lat' dir='ltr'><strong>enim</strong></span> <span class='ocrx_word' id='word_1_772' title='bbox 3358 3642 3442 3694; x_wconf 88' lang='lat' dir='ltr'><strong>vel</strong></span> 
     </span>
    </p>
   </div>
   <div class='ocr_carea' id='block_1_106' title="bbox 1862 3727 3442 3797">
    <p class='ocr_par' dir='ltr' id='par_1_106' title="bbox 1862 3727 3442 3797">
     <span class='ocr_line' id='line_1_107' title="bbox 1862 3727 3442 3797; baseline -0.002 -9"><span class='ocrx_word' id='word_1_773' title='bbox 1862 3736 2093 3789; x_wconf 84' lang='lat' dir='ltr'><strong>maxime</strong></span> <span class='ocrx_word' id='word_1_774' title='bbox 2136 3741 2346 3796; x_wconf 88' lang='lat' dir='ltr'><strong>cavent,</strong></span> <span class='ocrx_word' id='word_1_775' title='bbox 2388 3744 2456 3783; x_wconf 91' lang='lat' dir='ltr'><strong>ne</strong></span> <span class='ocrx_word' id='word_1_776' title='bbox 2494 3727 2708 3797; x_wconf 90' lang='lat' dir='ltr'><strong>quando</strong></span> <span class='ocrx_word' id='word_1_777' title='bbox 2740 3738 2927 3781; x_wconf 89' lang='lat' dir='ltr'><strong>contra</strong></span> <span class='ocrx_word' id='word_1_778' title='bbox 2963 3737 3238 3781; x_wconf 89' lang='lat' dir='ltr'><strong>auctorem</strong></span> <span class='ocrx_word' id='word_1_779' title='bbox 3284 3745 3442 3785; x_wconf 91' lang='lat' dir='ltr'><strong>suum</strong></span> 
     </span>
    </p>
   </div>
   <div class='ocr_carea' id='block_1_107' title="bbox 1861 3814 3445 3889">
    <p class='ocr_par' dir='ltr' id='par_1_107' title="bbox 1861 3814 3445 3889">
     <span class='ocr_line' id='line_1_108' title="bbox 1861 3814 3445 3889; baseline -0.013 -10"><span class='ocrx_word' id='word_1_780' title='bbox 1861 3839 2048 3879; x_wconf 90' lang='lat' dir='ltr'><strong>eorum</strong></span> <span class='ocrx_word' id='word_1_781' title='bbox 2095 3822 2288 3889; x_wconf 88' lang='lat' dir='ltr'><strong>scripta</strong></span> <span class='ocrx_word' id='word_1_782' title='bbox 2336 3825 2637 3871; x_wconf 90' lang='lat' dir='ltr'><strong>teneantur.</strong></span> <span class='ocrx_word' id='word_1_783' title='bbox 2690 3814 2867 3868; x_wconf 78' lang='lat' dir='ltr'><strong>Facile</strong></span> <span class='ocrx_word' id='word_1_784' title='bbox 2913 3814 3097 3866; x_wconf 87' lang='lat' dir='ltr'><strong>dicunt</strong></span> <span class='ocrx_word' id='word_1_785' title='bbox 3129 3829 3249 3868; x_wconf 91' lang='lat' dir='ltr'><strong>cum</strong></span> <span class='ocrx_word' id='word_1_786' title='bbox 3290 3817 3445 3885; x_wconf 70' lang='lat' dir='ltr'><strong>jura-</strong></span> 
     </span>
    </p>
   </div>
   <div class='ocr_carea' id='block_1_108' title="bbox 1863 3903 3440 3979">
    <p class='ocr_par' dir='ltr' id='par_1_108' title="bbox 1863 3903 3440 3979">
     <span class='ocr_line' id='line_1_109' title="bbox 1863 3903 3440 3979; baseline -0.004 -12"><span class='ocrx_word' id='word_1_787' title='bbox 1863 3922 2065 3976; x_wconf 86' lang='lat' dir='ltr'><strong>mento,</strong></span> <span class='ocrx_word' id='word_1_788' title='bbox 2090 3909 2227 3979; x_wconf 92' lang='lat' dir='ltr'><strong>quod</strong></span> <span class='ocrx_word' id='word_1_789' title='bbox 2253 3917 2433 3977; x_wconf 79' lang='lat' dir='ltr'><strong>postea</strong></span> <span class='ocrx_word' id='word_1_790' title='bbox 2451 3905 2559 3958; x_wconf 87' lang='lat' dir='ltr'><strong>alio</strong></span> <span class='ocrx_word' id='word_1_791' title='bbox 2585 3904 2794 3957; x_wconf 87' lang='lat' dir='ltr'><strong>solvant</strong></span> <span class='ocrx_word' id='word_1_792' title='bbox 2855 3903 3017 3973; x_wconf 76' lang='lat'><strong>526</strong></span> <span class='ocrx_word' id='word_1_793' title='bbox 3068 3904 3326 3971; x_wconf 88' lang='lat' dir='ltr'><strong>perjurio.</strong></span> <span class='ocrx_word' id='word_1_794' title='bbox 3360 3909 3440 3961; x_wconf 80' lang='lat' dir='ltr'><strong>Ad</strong></span> 
     </span>
    </p>
   </div>
   <div class='ocr_carea' id='block_1_109' title="bbox 1864 3994 3446 4070">
    <p class='ocr_par' dir='ltr' id='par_1_109' title="bbox 1864 3994 3446 4070">
     <span class='ocr_line' id='line_1_110' title="bbox 1864 3994 3446 4070; baseline -0.013 -12"><span class='ocrx_word' id='word_1_795' title='bbox 1864 4002 2306 4070; x_wconf 87' lang='lat' dir='ltr'><strong>subscriptionem</strong></span> <span class='ocrx_word' id='word_1_796' title='bbox 2355 3995 2776 4064; x_wconf 88' lang='lat' dir='ltr'><strong>tergiversantur</strong></span> <span class='ocrx_word' id='word_1_797' title='bbox 2796 4032 2811 4055; x_wconf 97' lang='lat'><strong>,</strong></span> <span class='ocrx_word' id='word_1_798' title='bbox 2851 4001 3201 4061; x_wconf 65' lang='lat' dir='ltr'><strong>quaeruntque</strong></span> <span class='ocrx_word' id='word_1_799' title='bbox 3230 3994 3300 4066; x_wconf 76' lang='grc' dir='ltr'><strong>(Ῑ)</strong></span> <span class='ocrx_word' id='word_1_800' title='bbox 3331 3998 3446 4049; x_wconf 74' lang='lat' dir='ltr'><strong>sur.</strong></span> 
     </span>
    </p>
   </div>
   <div class='ocr_carea' id='block_1_110' title="bbox 1865 4081 3442 4163">
    <p class='ocr_par' dir='ltr' id='par_1_110' title="bbox 1865 4081 3442 4163">
     <span class='ocr_line' id='line_1_111' title="bbox 1865 4081 3442 4163; baseline -0.005 -15"><span class='ocrx_word' id='word_1_801' title='bbox 1865 4095 2025 4163; x_wconf 86' lang='lat' dir='ltr'><strong>fugia.</strong></span> <span class='ocrx_word' id='word_1_802' title='bbox 2069 4090 2235 4151; x_wconf 82' lang='lat' dir='ltr'><strong>Alius,</strong></span> <span class='ocrx_word' id='word_1_803' title='bbox 2266 4086 2381 4140; x_wconf 89' lang='lat' dir='ltr'><strong>Non</strong></span> <span class='ocrx_word' id='word_1_804' title='bbox 2429 4098 2646 4154; x_wconf 91' lang='lat' dir='ltr'><strong>possum</strong></span> <span class='ocrx_word' id='word_1_805' title='bbox 2672 4123 2688 4148; x_wconf 96' lang='lat'><strong>,</strong></span> <span class='ocrx_word' id='word_1_806' title='bbox 2733 4082 2937 4152; x_wconf 90' lang='lat' dir='ltr'><strong>inquit,</strong></span> <span class='ocrx_word' id='word_1_807' title='bbox 2976 4081 3233 4139; x_wconf 84' lang='lat' dir='ltr'><strong>damnare</strong></span> <span class='ocrx_word' id='word_1_808' title='bbox 3255 4126 3271 4152; x_wconf 97' lang='lat'><strong>,</strong></span> <span class='ocrx_word' id='word_1_809' title='bbox 3299 4089 3442 4156; x_wconf 90' lang='lat' dir='ltr'><strong>quod</strong></span> 
     </span>
    </p>
   </div>
   <div class='ocr_carea' id='block_1_111' title="bbox 1864 4174 3445 4244">
    <p class='ocr_par' dir='ltr' id='par_1_111' title="bbox 1864 4174 3445 4244">
     <span class='ocr_line' id='line_1_112' title="bbox 1864 4174 3445 4244; baseline -0.007 -4"><span class='ocrx_word' id='word_1_810' title='bbox 1864 4200 2023 4240; x_wconf 83' lang='lat' dir='ltr'><strong>nemo</strong></span> <span class='ocrx_word' id='word_1_811' title='bbox 2040 4181 2328 4235; x_wconf 89' lang='lat' dir='ltr'><strong>damnavit.</strong></span> <span class='ocrx_word' id='word_1_812' title='bbox 2350 4177 2518 4239; x_wconf 79' lang='lat' dir='ltr'><strong>Alius,</strong></span> <span class='ocrx_word' id='word_1_813' title='bbox 2544 4175 2680 4229; x_wconf 84' lang='lat' dir='ltr'><strong>Nihil</strong></span> <span class='ocrx_word' id='word_1_814' title='bbox 2707 4190 2867 4244; x_wconf 89' lang='lat' dir='ltr'><strong>super</strong></span> <span class='ocrx_word' id='word_1_815' title='bbox 2889 4175 2989 4229; x_wconf 89' lang='lat' dir='ltr'><strong>huc</strong></span> <span class='ocrx_word' id='word_1_816' title='bbox 3009 4190 3038 4228; x_wconf 85' lang='lat' dir='ltr'><strong>a</strong></span> <span class='ocrx_word' id='word_1_817' title='bbox 3061 4174 3306 4230; x_wconf 84' lang='lat' dir='ltr'><strong>Patribus</strong></span> <span class='ocrx_word' id='word_1_818' title='bbox 3332 4189 3445 4229; x_wconf 78' lang='lat' dir='ltr'><strong>sta-</strong></span> 
     </span>
    </p>
   </div>
   <div class='ocr_carea' id='block_1_112' title="bbox 1867 4267 3442 4336">
    <p class='ocr_par' dir='ltr' id='par_1_112' title="bbox 1867 4267 3442 4336">
     <span class='ocr_line' id='line_1_113' title="bbox 1867 4267 3442 4336; baseline -0.006 -4"><span class='ocrx_word' id='word_1_819' title='bbox 1867 4288 2037 4332; x_wconf 89' lang='lat' dir='ltr'><strong>tutum</strong></span> <span class='ocrx_word' id='word_1_820' title='bbox 2059 4283 2139 4328; x_wconf 92' lang='lat' dir='ltr'><strong>est</strong></span> <span class='ocrx_word' id='word_1_821' title='bbox 2169 4292 2181 4324; x_wconf 89' lang='lat'><strong>:</strong></span> <span class='ocrx_word' id='word_1_822' title='bbox 2211 4280 2268 4323; x_wconf 91' lang='lat' dir='ltr'><strong>ut</strong></span> <span class='ocrx_word' id='word_1_823' title='bbox 2295 4270 2419 4324; x_wconf 93' lang='lat' dir='ltr'><strong>dum</strong></span> <span class='ocrx_word' id='word_1_824' title='bbox 2451 4268 2612 4321; x_wconf 92' lang='lat' dir='ltr'><strong>totius</strong></span> <span class='ocrx_word' id='word_1_825' title='bbox 2628 4267 2772 4320; x_wconf 75' lang='lat' dir='ltr'><strong>orbis</strong></span> <span class='ocrx_word' id='word_1_826' title='bbox 2792 4275 3107 4334; x_wconf 86' lang='lat' dir='ltr'><strong>provocatur</strong></span> <span class='ocrx_word' id='word_1_827' title='bbox 3130 4268 3442 4336; x_wconf 85' lang='lat' dir='ltr'><strong>auctoritas,</strong></span> 
     </span>
    </p>
   </div>
   <div class='ocr_carea' id='block_1_113' title="bbox 1864 4357 3487 4429">
    <p class='ocr_par' dir='ltr' id='par_1_113' title="bbox 1864 4357 3487 4429">
     <span class='ocr_line' id='line_1_114' title="bbox 1864 4357 3487 4429; baseline -0.007 -4"><span class='ocrx_word' id='word_1_828' title='bbox 1864 4363 2231 4425; x_wconf 89' lang='lat' dir='ltr'><strong>subscribendi</strong></span> <span class='ocrx_word' id='word_1_829' title='bbox 2305 4360 2598 4415; x_wconf 84' lang='lat' dir='ltr'><strong>necessitas</strong></span> <span class='ocrx_word' id='word_1_830' title='bbox 2665 4357 2960 4412; x_wconf 81' lang='lat' dir='ltr'><strong>differatur.</strong></span> <span class='ocrx_word' id='word_1_831' title='bbox 3006 4357 3231 4424; x_wconf 84' lang='lat' dir='ltr'><strong>Quidam</strong></span> <span class='ocrx_word' id='word_1_832' title='bbox 3282 4374 3487 4429; x_wconf 88' lang='lat' dir='ltr'><strong>cons-.</strong></span> 
     </span>
    </p>
   </div>
   <div class='ocr_carea' id='block_1_114' title="bbox 1866 4449 3449 4526">
    <p class='ocr_par' dir='ltr' id='par_1_114' title="bbox 1866 4449 3449 4526">
     <span class='ocr_line' id='line_1_115' title="bbox 1866 4449 3449 4526; baseline -0.013 -9"><span class='ocrx_word' id='word_1_833' title='bbox 1866 4460 2083 4526; x_wconf 85' lang='lat' dir='ltr'><strong>tantius,</strong></span> <span class='ocrx_word' id='word_1_834' title='bbox 2114 4455 2392 4525; x_wconf 86' lang='lat' dir='ltr'><strong>Quomodo</strong></span> <span class='ocrx_word' id='word_1_835' title='bbox 2417 4495 2432 4519; x_wconf 92' lang='lat'><strong>,</strong></span> <span class='ocrx_word' id='word_1_836' title='bbox 2463 4452 2667 4520; x_wconf 90' lang='lat' dir='ltr'><strong>inquit,</strong></span> <span class='ocrx_word' id='word_1_837' title='bbox 2696 4449 3088 4515; x_wconf 89' lang='lat' dir='ltr'><strong>damnabimus,</strong></span> <span class='ocrx_word' id='word_1_838' title='bbox 3114 4466 3248 4520; x_wconf 87' lang='lat' dir='ltr'><strong>quos</strong></span> <span class='ocrx_word' id='word_1_839' title='bbox 3276 4450 3449 4522; x_wconf 73' lang='lat' dir='ltr'><strong>Sync.</strong></span> 
     </span>
    </p>
   </div>
   <div class='ocr_carea' id='block_1_115' title="bbox 1864 4539 3439 4611">
    <p class='ocr_par' dir='ltr' id='par_1_115' title="bbox 1864 4539 3439 4611">
     <span class='ocr_line' id='line_1_116' title="bbox 1864 4539 3439 4611; baseline -0.008 -4"><span class='ocrx_word' id='word_1_840' title='bbox 1864 4552 1966 4607; x_wconf 90' lang='lat' dir='ltr'><strong>dus</strong></span> <span class='ocrx_word' id='word_1_841' title='bbox 1986 4548 2197 4604; x_wconf 67' lang='lat' dir='ltr'><strong>Nicwna</strong></span> <span class='ocrx_word' id='word_1_842' title='bbox 2229 4561 2331 4599; x_wconf 90' lang='lat' dir='ltr'><strong>non</strong></span> <span class='ocrx_word' id='word_1_843' title='bbox 2377 4540 2580 4611; x_wconf 84' lang='lat' dir='ltr'><strong>tetigit?</strong></span> <span class='ocrx_word' id='word_1_844' title='bbox 2604 4539 2732 4606; x_wconf 76' lang='lat' dir='ltr'><strong>Qua:</strong></span> <span class='ocrx_word' id='word_1_845' title='bbox 2760 4539 2900 4593; x_wconf 90' lang='lat' dir='ltr'><strong>enim</strong></span> <span class='ocrx_word' id='word_1_846' title='bbox 2932 4539 3203 4594; x_wconf 90' lang='lat' dir='ltr'><strong>damnavit</strong></span> <span class='ocrx_word' id='word_1_847' title='bbox 3232 4542 3439 4605; x_wconf 81' lang='lat' dir='ltr'><strong>Arium,</strong></span> 
     </span>
    </p>
   </div>
   <div class='ocr_carea' id='block_1_116' title="bbox 1864 4630 3474 4703">
    <p class='ocr_par' dir='ltr' id='par_1_116' title="bbox 1864 4630 3474 4703">
     <span class='ocr_line' id='line_1_117' title="bbox 1864 4630 3474 4703; baseline -0.008 -5"><span class='ocrx_word' id='word_1_848' title='bbox 1864 4643 2173 4698; x_wconf 87' lang='lat' dir='ltr'><strong>damnasset</strong></span> <span class='ocrx_word' id='word_1_849' title='bbox 2198 4637 2378 4703; x_wconf 91' lang='lat' dir='ltr'><strong>utique</strong></span> <span class='ocrx_word' id='word_1_850' title='bbox 2405 4646 2455 4686; x_wconf 89' lang='lat' dir='ltr'><strong>et</strong></span> <span class='ocrx_word' id='word_1_851' title='bbox 2480 4631 2765 4702; x_wconf 87' lang='lat' dir='ltr'><strong>Origeuem</strong></span> <span class='ocrx_word' id='word_1_852' title='bbox 2793 4673 2808 4696; x_wconf 92' lang='lat'><strong>,</strong></span> <span class='ocrx_word' id='word_1_853' title='bbox 2837 4631 2880 4684; x_wconf 91' lang='lat' dir='ltr'><strong>si</strong></span> <span class='ocrx_word' id='word_1_854' title='bbox 2909 4630 3049 4684; x_wconf 90' lang='lat' dir='ltr'><strong>illius</strong></span> <span class='ocrx_word' id='word_1_855' title='bbox 3078 4631 3322 4700; x_wconf 89' lang='lat' dir='ltr'><strong>dogmata</strong></span> <span class='ocrx_word' id='word_1_856' title='bbox 3355 4638 3474 4686; x_wconf 70' lang='grc' dir='ltr'><strong>1·11ο.δ</strong></span> 
     </span>
    </p>
   </div>
   <div class='ocr_carea' id='block_1_117' title="bbox 1866 4720 3441 4804">
    <p class='ocr_par' dir='ltr' id='par_1_117' title="bbox 1866 4720 3441 4804">
     <span class='ocr_line' id='line_1_118' title="bbox 1866 4720 3441 4804; baseline -0.008 -16"><span class='ocrx_word' id='word_1_857' title='bbox 1866 4733 2164 4804; x_wconf 86' lang='lat' dir='ltr'><strong>probasset.</strong></span> <span class='ocrx_word' id='word_1_858' title='bbox 2218 4726 2434 4781; x_wconf 89' lang='lat' dir='ltr'><strong>Scilicet</strong></span> <span class='ocrx_word' id='word_1_859' title='bbox 2483 4737 2587 4775; x_wconf 91' lang='lat' dir='ltr'><strong>uno</strong></span> <span class='ocrx_word' id='word_1_860' title='bbox 2640 4720 2994 4775; x_wconf 91' lang='lat' dir='ltr'><strong>medicamine</strong></span> <span class='ocrx_word' id='word_1_861' title='bbox 3040 4734 3230 4773; x_wconf 87' lang='lat' dir='ltr'><strong>omnes</strong></span> <span class='ocrx_word' id='word_1_862' title='bbox 3281 4720 3441 4775; x_wconf 88' lang='lat' dir='ltr'><strong>simul</strong></span> 
     </span>
    </p>
   </div>
   <div class='ocr_carea' id='block_1_118' title="bbox 1866 4809 3445 4892">
    <p class='ocr_par' dir='ltr' id='par_1_118' title="bbox 1866 4809 3445 4892">
     <span class='ocr_line' id='line_1_119' title="bbox 1866 4809 3445 4892; baseline -0.009 -11"><span class='ocrx_word' id='word_1_863' title='bbox 1866 4825 2083 4881; x_wconf 89' lang='lat' dir='ltr'><strong>morbos</strong></span> <span class='ocrx_word' id='word_1_864' title='bbox 2112 4818 2184 4892; x_wconf 84' lang='lat' dir='ltr'><strong>(g)</strong></span> <span class='ocrx_word' id='word_1_865' title='bbox 2214 4819 2446 4873; x_wconf 87' lang='lat' dir='ltr'><strong>debuero</strong></span> <span class='ocrx_word' id='word_1_866' title='bbox 2473 4827 2693 4877; x_wconf 87' lang='lat' dir='ltr'><strong>curare;</strong></span> <span class='ocrx_word' id='word_1_867' title='bbox 2717 4820 2771 4865; x_wconf 92' lang='lat' dir='ltr'><strong>et</strong></span> <span class='ocrx_word' id='word_1_868' title='bbox 2794 4810 2992 4864; x_wconf 86' lang='lat' dir='ltr'><strong>idcirco</strong></span> <span class='ocrx_word' id='word_1_869' title='bbox 3013 4809 3239 4877; x_wconf 90' lang='lat' dir='ltr'><strong>Spiritus</strong></span> <span class='ocrx_word' id='word_1_870' title='bbox 3263 4809 3445 4866; x_wconf 90' lang='lat' dir='ltr'><strong>Sancti</strong></span> 
     </span>
    </p>
   </div>
   <div class='ocr_carea' id='block_1_119' title="bbox 1867 4885 3467 4987">
    <p class='ocr_par' dir='ltr' id='par_1_119' title="bbox 1867 4885 3467 4987">
     <span class='ocr_line' id='line_1_120' title="bbox 1867 4885 3467 4987; baseline -0.012 -15"><span class='ocrx_word' id='word_1_871' title='bbox 1867 4885 2385 4987; x_wconf 32' lang='lat' dir='ltr'><strong>neganda‘inajestas</strong></span> <span class='ocrx_word' id='word_1_872' title='bbox 2415 4915 2516 4967; x_wconf 89' lang='lat' dir='ltr'><strong>est,</strong></span> <span class='ocrx_word' id='word_1_873' title='bbox 2548 4903 2670 4973; x_wconf 87' lang='lat' dir='ltr'><strong>quia</strong></span> <span class='ocrx_word' id='word_1_874' title='bbox 2700 4903 2751 4955; x_wconf 93' lang='lat' dir='ltr'><strong>in</strong></span> <span class='ocrx_word' id='word_1_875' title='bbox 2784 4901 2871 4953; x_wconf 90' lang='lat' dir='ltr'><strong>illa</strong></span> <span class='ocrx_word' id='word_1_876' title='bbox 2890 4898 3106 4970; x_wconf 86' lang='lat' dir='ltr'><strong>Synodo</strong></span> <span class='ocrx_word' id='word_1_877' title='bbox 3131 4913 3293 4968; x_wconf 91' lang='lat' dir='ltr'><strong>super</strong></span> <span class='ocrx_word' id='word_1_878' title='bbox 3321 4885 3467 4954; x_wconf 55' lang='lat' dir='ltr'><strong>sub-&#39;</strong></span> 
     </span>
    </p>
   </div>
   <div class='ocr_carea' id='block_1_120' title="bbox 1929 5027 3450 5109">
    <p class='ocr_par' dir='ltr' id='par_1_120' title="bbox 1929 5027 3450 5109">
     <span class='ocr_line' id='line_1_121' title="bbox 1929 5027 3450 5109; baseline 0.001 0"><span class='ocrx_word' id='word_1_879' title='bbox 1929 5047 2007 5109; x_wconf 76' lang='grc' dir='ltr'><strong>(α)</strong></span> <span class='ocrx_word' id='word_1_880' title='bbox 2039 5043 2243 5109; x_wconf 60' lang='lat' dir='ltr'><strong>videtur</strong></span> <span class='ocrx_word' id='word_1_881' title='bbox 2269 5053 2333 5088; x_wconf 69' lang='lat' dir='ltr'><strong>ex</strong></span> <span class='ocrx_word' id='word_1_882' title='bbox 2360 5035 2671 5109; x_wconf 65' lang='grc' dir='ltr'><strong>αυτοηεοτξξτη</strong></span> <span class='ocrx_word' id='word_1_883' title='bbox 2695 5030 2924 5109; x_wconf 59' lang='grc' dir='ltr'><strong>οτίξξθηίε</strong></span> <span class='ocrx_word' id='word_1_884' title='bbox 2944 5027 3305 5109; x_wconf 39' lang='lat' dir='ltr'><strong>remain”</strong></span> <span class='ocrx_word' id='word_1_885' title='bbox 3322 5031 3450 5109; x_wconf 65' lang='grc' dir='ltr'><strong>ξειιξ·</strong></span> 
     </span>
    </p>
   </div>
   <div class='ocr_carea' id='block_1_121' title="bbox 1866 5094 3455 5164">
    <p class='ocr_par' dir='ltr' id='par_1_121' title="bbox 1866 5094 3455 5164">
     <span class='ocr_line' id='line_1_122' title="bbox 1866 5094 3455 5164; baseline -0.016 -7"><span class='ocrx_word' id='word_1_886' title='bbox 1866 5094 2099 5157; x_wconf 63' lang='grc'><strong>1010111111</strong></span> <span class='ocrx_word' id='word_1_887' title='bbox 2126 5101 2448 5164; x_wconf 12' lang='grc' dir='ltr'><strong>ρευιοῄδμέιιτε</strong></span> <span class='ocrx_word' id='word_1_888' title='bbox 2490 5108 2546 5142; x_wconf 90' lang='lat' dir='ltr'><strong>se</strong></span> <span class='ocrx_word' id='word_1_889' title='bbox 2587 5094 2816 5164; x_wconf 71' lang='lat' dir='ltr'><strong>Origeuis</strong></span> <span class='ocrx_word' id='word_1_890' title='bbox 2840 5104 3093 5164; x_wconf 90' lang='lat'><strong>,</strong></span> <span class='ocrx_word' id='word_1_891' title='bbox 3133 5094 3243 5140; x_wconf 81' lang='lat' dir='ltr'><strong>sive</strong></span> <span class='ocrx_word' id='word_1_892' title='bbox 3286 5106 3455 5164; x_wconf 69' lang='lat' dir='ltr'><strong>censa-</strong></span> 
     </span>
    </p>
   </div>
   <div class='ocr_carea' id='block_1_122' title="bbox 1869 5152 3456 5233">
    <p class='ocr_par' dir='ltr' id='par_1_122' title="bbox 1869 5152 3456 5233">
     <span class='ocr_line' id='line_1_123' title="bbox 1869 5152 3456 5233; baseline -0.01 -15"><span class='ocrx_word' id='word_1_893' title='bbox 1869 5152 2298 5233; x_wconf 50' lang='lat' dir='ltr'><strong>ééia&#39;dtem&#39;puiau</strong></span> <span class='ocrx_word' id='word_1_894' title='bbox 2323 5152 2533 5233; x_wconf 64' lang='lat' dir='ltr'><strong>dixerat.</strong></span> <span class='ocrx_word' id='word_1_895' title='bbox 2559 5154 2643 5216; x_wconf 93' lang='lat' dir='ltr'><strong>qui</strong></span> <span class='ocrx_word' id='word_1_896' title='bbox 2660 5152 2730 5233; x_wconf 64' lang='lat' dir='ltr'><strong>ob</strong></span> <span class='ocrx_word' id='word_1_897' title='bbox 2752 5153 2973 5233; x_wconf 62' lang='lat' dir='ltr'><strong>rusticos,</strong></span> <span class='ocrx_word' id='word_1_898' title='bbox 2988 5152 3262 5233; x_wconf 67' lang='lat' dir='ltr'><strong>Iluteosque</strong></span> <span class='ocrx_word' id='word_1_899' title='bbox 3282 5153 3456 5233; x_wconf 40' lang='grc'><strong>,1101111-</strong></span> 
     </span>
    </p>
   </div>
   <div class='ocr_carea' id='block_1_123' title="bbox 1871 5211 3459 5287">
    <p class='ocr_par' dir='ltr' id='par_1_123' title="bbox 1871 5211 3459 5287">
     <span class='ocr_line' id='line_1_124' title="bbox 1871 5211 3459 5287; baseline -0.008 -10"><span class='ocrx_word' id='word_1_900' title='bbox 1871 5211 1984 5283; x_wconf 53' lang='lat' dir='ltr'><strong>illa;</strong></span> <span class='ocrx_word' id='word_1_901' title='bbox 2002 5211 2125 5287; x_wconf 84' lang='lat' dir='ltr'><strong>quos</strong></span> <span class='ocrx_word' id='word_1_902' title='bbox 2147 5211 2271 5287; x_wconf 76' lang='lat' dir='ltr'><strong>infra</strong></span> <span class='ocrx_word' id='word_1_903' title='bbox 2293 5216 2551 5287; x_wconf 68' lang='lat' dir='ltr'><strong>Petttst&#39;otas</strong></span> <span class='ocrx_word' id='word_1_904' title='bbox 2571 5211 2727 5287; x_wconf 58' lang='lat' dir='ltr'><strong>vocat,</strong></span> <span class='ocrx_word' id='word_1_905' title='bbox 2750 5214 2902 5287; x_wconf 82' lang='lat' dir='ltr'><strong>nollet</strong></span> <span class='ocrx_word' id='word_1_906' title='bbox 2926 5211 3083 5275; x_wconf 83' lang='lat' dir='ltr'><strong>palam</strong></span> <span class='ocrx_word' id='word_1_907' title='bbox 3103 5211 3327 5275; x_wconf 67' lang='lat' dir='ltr'><strong>dogmata</strong></span> <span class='ocrx_word' id='word_1_908' title='bbox 3346 5229 3459 5266; x_wconf 88' lang='lat' dir='ltr'><strong>cou-</strong></span> 
     </span>
    </p>
   </div>
   <div class='ocr_carea' id='block_1_124' title="bbox 1870 5281 2925 5343">
    <p class='ocr_par' dir='ltr' id='par_1_124' title="bbox 1870 5281 2925 5343">
     <span class='ocr_line' id='line_1_125' title="bbox 1870 5281 2925 5343; baseline -0.017 -5"><span class='ocrx_word' id='word_1_909' title='bbox 1870 5281 2094 5343; x_wconf 46' lang='lat' dir='ltr'><strong>ﬁterifet</strong></span> <span class='ocrx_word' id='word_1_910' title='bbox 2115 5281 2365 5343; x_wconf 79' lang='lat' dir='ltr'><strong>mendacio</strong></span> <span class='ocrx_word' id='word_1_911' title='bbox 2386 5285 2659 5343; x_wconf 56' lang='lat' dir='ltr'><strong>opportune</strong></span> <span class='ocrx_word' id='word_1_912' title='bbox 2684 5282 2925 5343; x_wconf 73' lang='lat' dir='ltr'><strong>uteretur.</strong></span> 
     </span>
    </p>
   </div>
   <div class='ocr_carea' id='block_1_125' title="bbox 1936 5334 3456 5407">
    <p class='ocr_par' dir='ltr' id='par_1_125' title="bbox 1936 5334 3456 5407">
     <span class='ocr_line' id='line_1_126' title="bbox 1936 5334 3456 5407; baseline -0.004 -14"><span class='ocrx_word' id='word_1_913' title='bbox 1936 5334 2015 5407; x_wconf 48' lang='lat' dir='ltr'><strong>te;</strong></span> <span class='ocrx_word' id='word_1_914' title='bbox 2037 5347 2120 5394; x_wconf 89' lang='lat' dir='ltr'><strong>Sic</strong></span> <span class='ocrx_word' id='word_1_915' title='bbox 2156 5334 2466 5407; x_wconf 65' lang='lat' dir='ltr'><strong>vetustiores</strong></span> <span class='ocrx_word' id='word_1_916' title='bbox 2493 5337 2707 5407; x_wconf 66' lang='lat' dir='ltr'><strong>editi_et</strong></span> <span class='ocrx_word' id='word_1_917' title='bbox 2746 5334 2970 5407; x_wconf 67' lang='lat' dir='ltr'><strong>plerique</strong></span> <span class='ocrx_word' id='word_1_918' title='bbox 3001 5334 3120 5407; x_wconf 50' lang='lat' dir='ltr'><strong>biss.</strong></span> <span class='ocrx_word' id='word_1_919' title='bbox 3146 5337 3281 5407; x_wconf 86' lang='lat' dir='ltr'><strong>prius</strong></span> <span class='ocrx_word' id='word_1_920' title='bbox 3326 5339 3456 5407; x_wconf 72' lang='grc'><strong>0111111</strong></span> 
     </span>
    </p>
   </div>
   <div class='ocr_carea' id='block_1_126' title="bbox 1874 5396 3457 5459">
    <p class='ocr_par' dir='ltr' id='par_1_126' title="bbox 1874 5396 3457 5459">
     <span class='ocr_line' id='line_1_127' title="bbox 1874 5396 3457 5459; baseline -0.006 0"><span class='ocrx_word' id='word_1_921' title='bbox 1874 5396 2076 5459; x_wconf 53' lang='lat' dir='ltr'><strong>enitens</strong></span> <span class='ocrx_word' id='word_1_922' title='bbox 2114 5402 2319 5455; x_wconf 79' lang='lat' dir='ltr'><strong>Platonis</strong></span> <span class='ocrx_word' id='word_1_923' title='bbox 2356 5397 2606 5449; x_wconf 80' lang='lat' dir='ltr'><strong>sententia.</strong></span> <span class='ocrx_word' id='word_1_924' title='bbox 2630 5396 2783 5459; x_wconf 82' lang='lat' dir='ltr'><strong>Porro</strong></span> <span class='ocrx_word' id='word_1_925' title='bbox 2804 5396 2979 5444; x_wconf 86' lang='lat' dir='ltr'><strong>decem</strong></span> <span class='ocrx_word' id='word_1_926' title='bbox 3001 5396 3310 5448; x_wconf 82' lang='lat' dir='ltr'><strong>Strouiateon</strong></span> <span class='ocrx_word' id='word_1_927' title='bbox 3350 5398 3457 5449; x_wconf 82' lang='lat' dir='ltr'><strong>Ori-</strong></span> 
     </span>
    </p>
   </div>
   <div class='ocr_carea' id='block_1_127' title="bbox 1872 5458 2844 5537">
    <p class='ocr_par' dir='ltr' id='par_1_127' title="bbox 1872 5458 2844 5537">
     <span class='ocr_line' id='line_1_128' title="bbox 1872 5458 2844 5537; baseline -0.019 -15"><span class='ocrx_word' id='word_1_928' title='bbox 1872 5458 2014 5537; x_wconf 69' lang='lat' dir='ltr'><strong>genis</strong></span> <span class='ocrx_word' id='word_1_929' title='bbox 2035 5463 2447 5537; x_wconf 39' lang='lat' dir='ltr'><strong>librj‘jampr‘idem</strong></span> <span class='ocrx_word' id='word_1_930' title='bbox 2470 5458 2844 5537; x_wconf 61' lang='lat' dir='ltr'><strong>interciderunt.</strong></span> 
     </span>
    </p>
   </div>
   <div class='ocr_carea' id='block_1_128' title="bbox 1935 5517 3464 5595">
    <p class='ocr_par' dir='ltr' id='par_1_128' title="bbox 1935 5517 3464 5595">
     <span class='ocr_line' id='line_1_129' title="bbox 1935 5517 3464 5595; baseline -0.014 -14"><span class='ocrx_word' id='word_1_931' title='bbox 2034 5531 2088 5579; x_wconf 91' lang='lat' dir='ltr'><strong>lu</strong></span> <span class='ocrx_word' id='word_1_932' title='bbox 2119 5517 2276 5595; x_wconf 64' lang='grc'><strong>1108111</strong></span> <span class='ocrx_word' id='word_1_933' title='bbox 2297 5523 2402 5595; x_wconf 79' lang='lat' dir='ltr'><strong>_Ms.</strong></span> <span class='ocrx_word' id='word_1_934' title='bbox 2429 5535 2485 5570; x_wconf 91' lang='lat' dir='ltr'><strong>ac</strong></span> <span class='ocrx_word' id='word_1_935' title='bbox 2507 5520 2763 5570; x_wconf 84' lang='lat' dir='ltr'><strong>vetustiori</strong></span> <span class='ocrx_word' id='word_1_936' title='bbox 2801 5518 3017 5569; x_wconf 83' lang='lat' dir='ltr'><strong>editione</strong></span> <span class='ocrx_word' id='word_1_937' title='bbox 3052 5517 3315 5584; x_wconf 71' lang='lat' dir='ltr'><strong>wlfragza,</strong></span> <span class='ocrx_word' id='word_1_938' title='bbox 3361 5520 3464 5573; x_wconf 58' lang='grc' dir='ltr'><strong>τοτε.</strong></span> 
     </span>
    </p>
   </div>
   <div class='ocr_carea' id='block_1_129' title="bbox 1874 5587 2460 5647">
    <p class='ocr_par' dir='ltr' id='par_1_129' title="bbox 1874 5587 2460 5647">
     <span class='ocr_line' id='line_1_130' title="bbox 1874 5587 2460 5647; baseline -0.024 -1"><span class='ocrx_word' id='word_1_939' title='bbox 1874 5587 2004 5647; x_wconf 58' lang='lat' dir='ltr'><strong>esse</strong></span> <span class='ocrx_word' id='word_1_940' title='bbox 2030 5592 2209 5647; x_wconf 87' lang='lat' dir='ltr'><strong>verius,</strong></span> <span class='ocrx_word' id='word_1_941' title='bbox 2236 5587 2460 5635; x_wconf 87' lang='lat' dir='ltr'><strong>habetur.</strong></span> 
     </span>
    </p>
   </div>
   <div class='ocr_carea' id='block_1_130' title="bbox 1938 5641 3442 5718">
    <p class='ocr_par' dir='ltr' id='par_1_130' title="bbox 1938 5641 3442 5718">
     <span class='ocr_line' id='line_1_131' title="bbox 1938 5641 3442 5718; baseline -0.007 -15"><span class='ocrx_word' id='word_1_942' title='bbox 1938 5641 2009 5718; x_wconf 56' lang='lat' dir='ltr'><strong>ii)</strong></span> <span class='ocrx_word' id='word_1_943' title='bbox 2046 5641 2227 5702; x_wconf 78' lang='lat' dir='ltr'><strong>V’itiose</strong></span> <span class='ocrx_word' id='word_1_944' title='bbox 2250 5656 2401 5697; x_wconf 73' lang='lat' dir='ltr'><strong>antea</strong></span> <span class='ocrx_word' id='word_1_945' title='bbox 2418 5652 2531 5696; x_wconf 80' lang='lat' dir='ltr'><strong>erat</strong></span> <span class='ocrx_word' id='word_1_946' title='bbox 2547 5642 2721 5701; x_wconf 76' lang='lat' dir='ltr'><strong>debere</strong></span> <span class='ocrx_word' id='word_1_947' title='bbox 2737 5678 2752 5705; x_wconf 88' lang='lat'><strong>,</strong></span> <span class='ocrx_word' id='word_1_948' title='bbox 2774 5641 2903 5713; x_wconf 75' lang='lat' dir='ltr'><strong>quod</strong></span> <span class='ocrx_word' id='word_1_949' title='bbox 2929 5641 3246 5694; x_wconf 73' lang='lat' dir='ltr'><strong>emcndamus</strong></span> <span class='ocrx_word' id='word_1_950' title='bbox 3281 5658 3305 5694; x_wconf 73' lang='grc' dir='ltr'><em>ρ</em></span> <span class='ocrx_word' id='word_1_951' title='bbox 3336 5644 3442 5693; x_wconf 71' lang='lat' dir='ltr'><strong>uss</strong></span> 
     </span>
    </p>
   </div>
  </div>
