4056 6184
121 364 262 422 74⁷9·

119 484 180 536 in
226 478 559 549 quibusdam
584 488 762 532 errare
784 470 1069 540 Origenem
1093 485 1108 532 ς
1130 463 1285 537 et(u)
1312 479 1398 517 mu
1431 464 1565 516 ultra
1615 475 1720 514 non

119 573 367 627 faciam.
415 570 580 624 Dicite
612 580 731 622 eum
759 565 895 618 male
920 563 1155 616 sensisse
1182 558 1249 612 de
1274 556 1411 611 Filio
1433 597 1447 620 ,
1483 553 1634 624 pejus
1660 550 1727 605 de

118 665 352 733 Spiritu
388 670 603 723 sancto;
631 658 923 713 animarum
952 653 1019 708 de
1044 651 1186 707 calo
1211 650 1396 704 ruinas
1416 647 1578 714 impie
1605 659 1727 713 pro-

124 754 379 814 tulisse;
408 747 848 804 resurrectionem
869 745 1046 798 carnis
1062 742 1224 797 verbo
1241 748 1440 794 tantum
1456 735 1725 797 conﬁteri,

122 854 406 897 caeterum
432 840 728 894 assertione
753 836 1061 898 destruere;
1083 843 1137 888 et
1161 840 1279 901 post
1302 829 1464 883 multa
1505 825 1724 890 szeeula,

125 943 308 999 atque
358 945 514 983 unam
557 929 794 982 ontnium
848 925 1261 985 restitutionem,
1299 919 1350 973 id
1397 919 1567 987 ipsum
1611 914 1724 968 fore

124 1022 476 1082 Gabrieletn,
517 1019 669 1088 quod.
710 1016 1015 1074 diabolum;
1072 1012 1312 1075 Paulum,
1349 1007 1491 1078 quod
1565 1004 1728 1075 529

122 1110 433 1178 Caipltatn,
479 1109 730 1177 virgines,
760 1104 900 1174 quod
937 1102 1273 1173 prostibulas.
1312 1099 1446 1152 Cum
1498 1098 1611 1149 lta'c
1641 1110 1727 1148 re-

119 1202 406 1270 jeceritis,
456 1211 510 1254 et
560 1199 708 1268 quasi
752 1196 1009 1249 censoria-
1037 1193 1236 1262 virguia
1279 1186 1655 1261 separaveritis
1696 1200 1726 1239 a

124 1289 244 1343 ﬁde
271 1289 565 1352 Ecclesiae,
589 1298 701 1341 tuto
720 1287 889 1355 legum
911 1295 1103 1339 cetera
1126 1298 1143 1348 ;
1170 1297 1269 1337 nec
1293 1294 1496 1336 venena
1519 1278 1627 1347 jam
1656 1277 1727 1331 ti-

125 1378 308 1432 mcbo
326 1418 344 1441 ,
372 1392 494 1430 cum
520 1376 813 1430 antidotum
842 1374 1155 1444 praebibero.
1185 1371 1304 1427 Non
1345 1370 1472 1425 mihi
1496 1368 1726 1431 nocebit,

126 1468 179 1521 si
197 1466 443 1521 dixero».
465 1465 739 1535 Origenes,
769 1479 891 1517 eum
917 1464 970 1517 in
989 1463 1197 1517 caeteris
1220 1462 1370 1517 libris
1387 1474 1573 1513 omnes
1598 1448 1731 1510 vire-

129 1558 228 1621 rit,
259 1557 319 1610 in
342 1554 567 1610 Cantico
582 1555 910 1609 canticorum
926 1556 1108 1622 ipsese
1124 1553 1287 1616 vicit;
1316 1566 1413 1605 nec
1436 1547 1731 1603 ferntidabo

130 1648 500 1710 sententiam,
531 1660 633 1713 qua
678 1646 827 1699 illum
867 1644 1141 1698 doctorem
1178 1642 1534 1695 Ecclesiarum
1560 1653 1733 1707 quon-

131 1737 264 1790 dam
300 1734 391 1806 (Ι)
423 1734 848 1788 adolescentulus
870 1730 1158 1786 nominavi.
1176 1730 1286 1783 Nisi
1315 1728 1452 1782 forte
1475 1742 1732 1781 accusare

131 1824 326 1887 debui,
356 1824 518 1892 cujus
542 1833 726 1892 rogatu
752 1820 845 1893 [ιιι.
885 1819 1114 1892 rogatus]
1144 1819 1401 1886 opuscula
1433 1815 1728 1870 transfere-

132 1917 288 1980 bant,
320 1925 379 1969 et
407 1914 587 1967 dicere
612 1917 663 1966 in
701 1912 919 1982 prologo
949 1927 963 1962 :
991 1910 1088 1963 Hic
1121 1907 1272 1977 cujus
1309 1906 1633 1973 interpretor
1661 1905 1729 1957 li-

132 2007 271 2059 bros
303 2004 596 2058 lucreticus
618 2012 873 2068 est,.cave
900 2001 1087 2063 lector,
1116 2013 1182 2053 ne
1207 1998 1355 2067 legas
1383 2014 1398 2049 :
1432 1994 1551 2065 fuge
1578 1995 1730 2060 vipe-

133 2112 254 2148 ram
288 2112 304 2147 :
339 2102 440 2147 aut
466 2093 512 2148 si
542 2094 717 2161 legere
744 2091 995 2153 volneris,
1017 2090 1151 2143 scito
1187 2104 1217 2141 a
1244 2087 1396 2141 malis
1424 2084 1729 2138 hominibus

130 2195 189 2238 et
210 2184 497 2236 hzeretieis
517 2191 763 2249 corrupta
791 2196 935 2243 esse,
959 2195 1075 2247 quas
1095 2177 1373 2240 transtuli;
1401 2189 1702 2244 quanquam

129 2275 337 2325 timere
371 2287 485 2324 non
532 2271 766 2332 debeas;
817 2284 916 2338 ego
954 2268 1097 2321 enim
1135 2267 1336 2329 omnia,
1381 2280 1499 2334 qua:
1541 2263 1725 2316 vitiata

131 2365 384 2427 fuerant,
439 2361 667 2415 correxi.
715 2360 825 2414 lloc
868 2367 947 2413 est
989 2358 1106 2411 aliis
1144 2356 1321 2411 verbis
1350 2355 1529 2409 dicere
1561 2372 1574 2407 :
1606 2368 1745 2421 ego,

128 2454 638 2523 tptiinterpretor,
665 2449 957 2504 catholicus
993 2462 1145 2512 sum;
1195 2448 1311 2510 llic,
1363 2460 1518 2516 quem
1565 2444 1731 2499 inter.

131 2553 346 2615 preter,
380 2542 680 2596 barreticus
703 2552 806 2595 εει.
838 2540 1072 2607 Denique
1094 2547 1146 2591 et
1180 2553 1274 2589 vos
1310 2538 1439 2590 satis
1467 2535 1728 2602 simplici-

131 2646 237 2701 ter,
268 2644 328 2688 et
356 2633 620 2699 ingenue,
651 2641 706 2685 et
734 2647 838 2685 non
871 2630 1164 2690 malitiose,
1194 2627 1341 2696 parvi
1365 2626 1568 2680 scilicet
1596 2641 1694 2693 pen
1713 2649 1729 2663 ο

133 2726 332 2779 dentes
363 2730 639 2792 praecepta
674 2720 960 2783 rhetorica,
1003 2728 1057 2772 et
1102 2717 1393 2785 priestigias
1431 2725 1726 2780 oratorum,

137 2816 269 2869 dttm
309 2814 486 2867 libros
516 2812 630 2881 ejus
658 2822 756 2881 περὶ
785 2799 945 2882 [iam
971 2809 1248 2863 haereticos
1286 2806 1632 2869 conﬁtemini,
1674 2814 1745 2859 et

141 2906 195 2959 itt
216 2906 355 2959 alios
379 2905 587 2958 crimen
619 2904 904 2956 transferre
933 2901 1108 2962 vultis,
1140 2900 1396 2969 ittjecislis
1430 2898 1727 2968 legentibus

140 2997 482 3064 scrupulum,
537 3002 592 3047 ut
619 3003 779 3048 totam
826 2992 1059 3045 auctoris
1089 2992 1247 3043 vitam
1276 2989 1627 3052 discuterent,
1672 2996 1727 3041 et

139 3104 204 3140 ex
236 3086 460 3141 steteris
489 3083 770 3150 librisejus
796 3085 1157 3151 conjecturam
1186 3082 1462 3150 praesentis
1490 3080 1728 3133 facerent

139 3175 488 3246 qtttcstionis.
521 3174 632 3242 Ego
656 3174 897 3234 callidas,
931 3175 1017 3241 qtti
1044 3173 1323 3227 emendavi
1350 3213 1365 3236 ,
1396 3173 1557 3224 silens
1587 3171 1726 3239 quod

140 3267 329 3328 volui,
384 3273 449 3319 et.
495 3264 832 3316 dissimulans
870 3263 1124 3325 crimina,
1182 3277 1286 3315 non
1338 3261 1436 3315 feci
1478 3261 1727 3313 invidiam

138 3359 467 3415 criminose.
493 3356 725 3408 Aiuntet
749 3355 959 3418 medici,
985 3353 1210 3424 grandes
1237 3352 1453 3405 morbos
1481 3366 1584 3404 non
1607 3364 1727 3404 esse

140 3447 441 3510 curandos,
468 3444 565 3499 sed
592 3444 939 3498 dimittendos
968 3452 1193 3507 naturte,
1219 3457 1286 3496 ne
1320 3440 1523 3495 medela
1556 3440 1729 3508 lango-

142 3548 261 3588 rent
310 3538 619 3601 exasperet.
672 3531 898 3584 Centum
950 3530 1331 3599 quinquaginta
1386 3528 1510 3582 anni
1564 3542 1728 3596 prepe

142 3634 292 3689 sunt,
321 3639 389 3678 ex
412 3638 522 3692 quo
540 3620 794 3690 Origenes
821 3631 1061 3674 mortuus
1081 3629 1164 3674 est
1186 3618 1334 3690 Tyri.
1359 3618 1487 3683 Quis
1506 3616 1727 3670 Latino-

145 3733 267 3771 rum
303 3732 473 3769 ausus
507 3724 588 3767 est
619 3729 849 3779 unquam
881 3714 1167 3766 transferre
1208 3712 1372 3763 libros
1397 3710 1513 3779 ejus
1537 3709 1606 3763 de
1640 3723 1727 3762 re-

143 3806 508 3867 surrectione,
541 3812 645 3871 πιρὶ
671 3794 853 3872 rip-‘6»,
882 3808 1179 3870 πρίωμαι-ἐπ
1199 3808 1254 3852 et
1278 3796 1351 3869 (lt)
1370 3798 1580 3865 répaug?
1608 3798 1729 3866 quis

147 3911 242 3962 per
269 3896 471 3948 infame
501 3907 635 3959 opus
668 3907 727 3943 se
765 3892 938 3958 ipsum
981 3890 1144 3943 voluit
1173 3888 1454 3942 infamari?
1493 3887 1604 3941 Nec
1642 3888 1725 3940 di-

142 3985 413 4037 sertiores
436 3994 625 4034 sumus
656 3978 871 4042 llilario,
900 3991 998 4030 nec
1017 3977 1283 4030 ﬁdeliores
1315 3976 1606 4037 Victorino,
1638 3975 1727 4043 qui

144 4075 261 4138 ejus
305 4078 571 4124 tractatus
620 4085 650 4118 n
677 4084 722 4119 ιιι
772 4076 827 4117 ιιι
871 4069 1208 4131 interpretes,
1251 4064 1344 4118 sed
1374 4073 1445 4118 ιιι.
1481 4072 1727 4119 auctores

147 4161 348 4229 proprii
380 4158 562 4225 aperis
600 4157 999 4208 transtulerunt.
1028 4154 1204 4221 Nuper
1240 4153 1463 4208 Sanctus
1492 4155 1724 4207 Ambro-

146 4252 258 4303 sius
304 4249 385 4301 sic
443 4246 811 4298 Hexaemeron
872 4244 1009 4295 illius
1055 4242 1393 4311 compilavit,
1446 4251 1502 4296 ul.
1559 4245 1725 4312 magis

151 4339 419 4409 llippolyti
450 4336 742 4390 sententias
762 4334 1047 4403 Basiliique
1085 4343 1417 4402 sequeretur.
1451 4336 1559 4405 Ego
1588 4335 1722 4403 ipse,

150 4430 301 4498 cujus
346 4429 695 4483 :cmulatores
735 4440 856 4480 esse
894 4439 989 4480 vos
1035 4424 1232 4490 dicitis,
1278 4424 1448 4491 et,ad
1494 4435 1728 4481 caeteros

152 4520 307 4586 talpae
326 4546 359 4584 7,
392 4532 705 4585 capreartun
743 4516 793 4568 in
828 4529 913 4569 me
940 4515 1125 4570 oculos
1154 4515 1438 4583 possidetis
1463 4557 1479 4582 ,
1510 4517 1553 4569 si
1586 4517 1725 4571 malo

153 4609 329 4663 animo
368 4611 590 4664 fuissem
637 4623 760 4677 erga
784 4607 1088 4675 Origenem,
1122 4607 1519 4674 interpretatus
1546 4622 1722 4663 essent

156 4693 251 4749 ltos
299 4698 465 4767 ipsos,
513 4712 646 4766 quos
685 4712 842 4763 supra
881 4695 988 4748 dixi
1020 4734 1036 4760 ,
1083 4695 1285 4761 libros,
1329 4704 1385 4749 ut
1426 4697 1565 4751 tnala
1609 4699 1725 4766 ejus

156 4785 313 4838 etiam
340 4786 545 4841 Latinis
586 4797 708 4840 nota
745 4786 1014 4851 facerem;
1045 4784 1139 4839 sed
1216 4785 1375 4857 530
1451 4801 1722 4857 nunquam

157 4872 282 4931 feci.
331 4885 385 4928 et
428 4877 605 4930 multis
654 4877 961 4944 rogantibus
994 4877 1335 4943 acquiescere
1390 4877 1555 4932 nolui.
1609 4878 1723 4933 Non

159 4965 302 5016 enint
355 4969 600 5020 consuevi
642 4982 839 5022 eorum
867 4969 1118 5022 insultare
1164 4969 1454 5033 erroribus,
1496 4986 1721 5039 quorum

162 5052 326 5105 utitor
357 5053 582 5121 ingenia.
609 5057 743 5123 Ipse,
785 5058 827 5111 si
863 5058 1036 5112 adhuc
1062 5059 1279 5111 viveret.
1325 5058 1583 5126 Origenes
1617 5060 1724 5113 ira—

160 5152 398 5196 sceretur
421 5144 569 5198 vobis
600 5144 891 5201 fautoribus
926 5150 1056 5209 suis,
1087 5157 1285 5202 etcum
1311 5146 1474 5201 Jacob
1496 5148 1718 5213 diceret,

166 5230 408 5286 Odiosum
437 5251 515 5288 me
537 5236 723 5306 fecistis
743 5237 794 5288 in
815 5238 999 5290 mundo
1026 5238 1179 5311 (Gen.
1214 5236 1331 5309 54).

230 5322 286 5377 8.
340 5322 462 5378 Vult
509 5326 702 5395 aliquis
769 5325 983 5381 laudare
1028 5327 1348 5397 Origenem?
1394 5325 1611 5391 laudet,
1667 5336 1724 5387 ut

142 5408 316 5479 laudo
353 5430 367 5467 :
408 5430 628 5483 magnus
671 5431 747 5467 νιν
785 5419 852 5470 ab
902 5417 1117 5472 infantia
1147 5458 1162 5482 ,
1200 5427 1255 5472 et
1300 5431 1427 5472 vere
1474 5416 1726 5487 martyris

228 5609 298 5662 ((1)
464 5612 615 5674 Epist.
650 5616 719 5662 12.
745 5618 802 5662 ad
828 5614 1084 5664 Antonium
1108 5615 1229 5664 Nola
1252 5627 1297 5664 ε.

226 5674 296 5737 ςρ)
329 5670 560 5737 ᾼιιρδιξει
578 5689 727 5733 τάμως.
753 5690 780 5723 a
799 5676 1065 5737 veroat-nsi
1088 5692 1145 5724 ac
1170 5676 1322 5737 lirgio
1347 5678 1726 5737 exemptartbus.

230 5710 295 5793 ili
331 5731 385 5780 la
405 5710 921 5787 Prmlbc'ﬁilllomilias
943 5710 1147 5801 Orioguen.
1176 5738 1222 5786 i.:
1243 5710 1576 5790 Ezct'biZ'lc'Wt.

1457 344 1782 405 EPlSTOL\
1827 342 2117 397 LXXXIV;

3303 352 3440 407 750':

1837 455 2110 526 [Leonidis
2123 455 2388 528 Martyris]
2415 456 2553 513 ﬁlius
2581 476 2595 514 :
2621 458 2963 515 Alexandria:
2984 462 3398 519 ecclesiasticam

1834 545 2069 599 seltolant
2091 547 2277 613 tenuit,
2301 547 2594 603 succedens
2621 550 3123 607 eruditissimo-viro
3142 554 3404 610 Clementi

1835 636 2145 705 presbytero
2184 653 2198 689 :
2232 637 2607 707 voloptatesin
2645 648 2849 695 tantum
2883 640 3033 709 fugit,
3065 652 3121 696 nt
3146 644 3405 709 zelo-Dei,

1834 724 1939 779 sed-
1957 737 2131 780 tamen
2158 743 2265 781 non
2293 729 2581 784 secundum
2611 731 2889 785 scientiam
2923 731 2995 802 (cc)
3024 733 3165 788 ferro
3193 745 3406 788 trunca-

1835 825 1915 869 ret
1934 817 2181 886 genitalia
2216 835 2230 870 :
2259 819 2482 873 calcavit
2507 822 2782 874 avaritiam
2820 821 3162 890 :Seripturas
3200 839 3406 876 metuo-

1834 907 2176 973 ritertenuit,
2203 918 2258 962 et
2282 909 2335 966 iu
2367 910 2544 966 studio
2572 912 2960 980 explanationis
2987 928 3197 977 earum,
3221 913 3427 967 diebus

1834 994 2113 1051 desudavit
2138 1013 2201 1052 ac
2232 1000 2502 1055 noctibus.
2526 1000 2666 1056 Mille
2704 1011 2760 1057 et
2797 1017 2863 1057 eo
2888 1003 3121 1071 amplius
3156 1012 3413 1063 tractatus

1839 1087 1931 1156 (ά)
1949 1088 1999 1142 in
2024 1088 2261 1144 Ecclesia
2290 1090 2495 1147 locutus
2515 1103 2599 1147 est
2619 1111 2634 1148 :
2651 1094 2815 1149 edidit
2832 1096 3244 1152 innumerabiles
3271 1111 3411 1166 prte-

1836 1182 2437 1247 terearcommentarios,
2460 1198 2596 1253 quos
2614 1184 2726 1254 ipse
2748 1186 2981 1255 appellat
2998 1197 3188 1254 τόμους,
3212 1195 3411 1253 etquos

1836 1284 1977 1323 nunc
1990 1279 2270 1339 praetereo,
2286 1286 2355 1327 ne
2377 1272 2565 1328 videar
2584 1290 2803 1344 operum
2824 1277 2943 1346 ejus
2958 1276 3188 1333 indicetn
3204 1285 3408 1333 tevcrc.

1834 1358 1966 1426 Quis
1995 1369 2236 1415 nostrum
2268 1371 2411 1417 tanta
2455 1372 2632 1432 potest
2658 1365 2873 1435 legere.
2913 1377 3109 1437 quanta
3161 1367 3247 1422 ille
3284 1382 3414 1421 cou-

1837 1449 2089 1517 scripsit?
2129 1451 2248 1519 quis
2291 1452 2567 1507 ardentem
2598 1453 2650 1508 in
2694 1455 2981 1525 Scripturis
3022 1457 3257 1511 animum
3302 1473 3408 1510 non

1838 1539 2102 1593 miretur?
2128 1539 2281 1605 Quod
2306 1543 2350 1594 si
2379 1544 2497 1610 quis
2512 1542 2679 1597 Judas
2699 1545 3230 1615 zelotesnppusucrit
3255 1546 3421 1602 nobis.
3483 1549 3496 1605 ἐ

1837 1641 2049 1682 errores
2070 1628 2215 1696 ejus,
2248 1630 2429 1684 audiat
2456 1632 2624 1688 libere
2654 1650 2669 1686 :
3488 1633 3492 1639 ’

2048 1740 2312 1794 Interdum
2338 1759 2551 1813 magna:
2572 1746 2810 1800 dormitat
2835 1747 3104 1802 Homerus.

1917 1826 2099 1882 Verum
2123 1846 2273 1899 opere
2289 1831 2342 1884 in
2368 1832 2519 1904 longo
2543 1838 2622 1904 fus
2642 1846 2713 1887 est
2741 1839 2978 1904 obrepere
2996 1854 3248 1890 somnum.

2709 1925 2936 1995 (ΙΙοιιΑτ.
2976 1927 3087 1982 Art.
3123 1927 3265 1983 Poet.

1906 2045 2019 2099 Non
2050 2046 2317 2103 imitemur
2341 2050 2457 2119 ejus
2484 2052 2632 2119 vitia,
2656 2055 2809 2124 cujus
2836 2058 3055 2114 virtutes
3084 2077 3190 2116 non
3220 2078 3413 2133 possu-

1836 2151 1954 2190 ntus
1978 2139 2153 2206 sequi.
2179 2140 2502 2197 Erraverunt
2533 2144 2583 2197 in
2629 2145 2732 2200 ﬁde
2758 2147 2844 2201 alii
2874 2157 2977 2202 tam
3007 2150 3176 2206 Gl‘iI‘Cl
3203 2194 3218 2215 ,
3249 2173 3407 2223 quam

1834 2224 2028 2292 Latini,
2057 2243 2282 2298 quorum
2314 2248 2417 2287 non
2451 2250 2670 2306 necesse
2697 2247 2779 2291 est
2812 2238 3049 2308 proferre
3076 2244 3311 2310 nomina,
3344 2264 3411 2301 tte

1834 2316 2109 2373 videamur
2136 2334 2257 2374 eum
2285 2337 2386 2374 non
2427 2323 2509 2376 sui
2538 2328 2765 2391 merito,
2814 2328 2907 2381 sed
2954 2331 3179 2387 aliorum
3222 2350 3410 2389 errore
3478 2364 3488 2372 ~

1834 2404 2137 2463 defendere.
2160 2409 2270 2463 lloc
2290 2426 2392 2464 non
2416 2420 2515 2476 est,
2546 2414 2769 2483 inquies,
2800 2431 3065 2474 excusare
3092 2422 3400 2492 Origenetu,
3451 2404 3459 2410 ’

1833 2496 1926 2552 sed
1956 2512 2205 2554 accusare
2243 2511 2487 2556 cmteros.
2517 2503 2745 2560 Pulchre
2770 2547 2783 2571 ,
2813 2508 2858 2561 si
2900 2525 3019 2563 eum
3047 2527 3257 2568 errasse
3298 2532 3403 2570 nou

1834 2588 2084 2652 dicerem,
2117 2589 2160 2643 si
2192 2590 2243 2643 in
2276 2591 2400 2646 ﬁdei
2428 2595 2685 2662 pravitate
2709 2598 2894 2652 saltent
2927 2601 3240 2670 Apostolutn
3274 2607 3408 2661 l’au-

1833 2678 1995 2744 lunt,
2028 2679 2112 2733 vel
2164 2680 2420 2751 Angelum
2468 2682 2534 2739 de
2581 2686 2717 2740 coalu
2764 2688 3103 2748 audiendum.
3133 2694 3407 2752 crederem

1833 2770 2024 2841 (Galol.
2074 2773 2152 2837 l).
2182 2772 2330 2827 Nunc
2362 2790 2659 2840 vero,.cutn
2688 2780 2999 2848 simpliciter
3027 2799 3266 2840 errorem
3290 2788 3405 2856 ejus

1835 2862 2000 2915 fatear
2025 2903 2037 2923 .
2061 2862 2137 2915 sic
2179 2863 2345 2933 legant
2371 2874 2426 2919 ut
2450 2874 2707 2933 eiciet-os,
2736 2871 2858 2938 quia
2882 2871 2959 2925 sic
2988 2877 3186 2929 erravit
3213 2886 3271 2930 ut
3297 2893 3403 2933 ca:-

1835 2953 1955 3007 teri.
1997 2952 2099 3007 Sed
2127 2953 2273 3008 dicas
2310 2971 2324 3009 :
2356 2956 2412 3029 si
2445 2958 2730 3010 multorum
2772 2964 3069 3016 communis
3107 2974 3189 3019 est
3231 2980 3403 3031 etror,

1832 3057 1934 3096 cur.
1956 3045 2125 3097 solum
2158 3048 2579 3114 pchequimiui‘!
2606 3050 2738 3115 Quia
2770 3066 2863 3104 vos
2890 3055 3059 3107 solum
3090 3056 3318 3113 laudatis
3344 3072 3401 3114 ttt

1833 3134 2168 3200 Apostolum.
2197 3136 2348 3190 Tolle
2393 3140 2590 3192 amoris
2620 3147 2872 3212 ὑπερβολὴν
2893 3184 2909 3207 ,
2937 3154 2992 3199 et
3020 3163 3117 3201 nos
3170 3151 3402 3206 tollimus

1832 3226 1937 3279 odii
1966 3227 2399 3296 magnitudinem.
2428 3232 2751 3286 Cteterorttnt
2781 3235 2903 3290 vitia
2932 3236 2999 3291 de
3027 3238 3176 3295 libris
3203 3244 3313 3296 suis
3338 3248 3403 3298 ad

1834 3316 1937 3371 ltoc
1963 3324 2163 3373 tantum
2193 3323 2499 3391 excerpitis,
2531 3334 2585 3377 ιιι
2617 3324 2771 3395 ltujus
2796 3326 3094 3386 defendatis
3123 3348 3360 3390 errorem
3391 3354 3403 3388 :

1833 3410 2111 3480 Origenem
2144 3413 2221 3467 sic
2254 3412 2404 3468 fertis
2430 3418 2479 3468 in
2522 3418 2714 3471 ('(Bllltlt
2740 3460 2757 3484 ,
2800 3430 2859 3474 ut
2888 3420 3021 3476 nihil
3043 3437 3165 3478 eum
3194 3439 3405 3482 errasse

1832 3502 2061 3558 dicatis..
2088 3504 2337 3575 Quisquis
2367 3522 2424 3561 es
2470 3519 2709 3564 assertor
2757 3525 3013 3568 novorum
3054 3513 3360 3585 dogtnatnm
3385 3559 3400 3582 ,

1832 3608 2016 3664 quaeso
2053 3604 2127 3657 te.
2157 3606 2213 3650 ιιι
2242 3612 2426 3666 pareas
2446 3598 2702 3655 Romanis
2730 3602 2948 3658 auribus
2979 3622 2994 3659 :
3026 3619 3212 3673 parcas
3257 3606 3402 3673 ﬁdei,

1831 3700 1950 3753 quae
1978 3685 2214 3753 Apostoli
2256 3702 2384 3742 voce
2416 3689 2620 3743 laudata
2646 3700 2747 3745 est.
2775 3692 2879 3747 Cur
2906 3705 3023 3762 post
3048 3695 3405 3769 quadringetu-

1836 3786 1917 3828 los
1975 3775 2131 3847 531
2173 3792 2340 3832 annos
2369 3772 2561 3833 docere
2583 3794 2682 3832 nos
2709 3781 2911 3846 niteris,
2932 3783 3071 3851 quod
3095 3795 3218 3838 ante
3243 3787 3411 3841 nesci-

1831 3863 2047 3917 vimus?
2073 3856 2167 3917 cur
2189 3866 2393 3932 profers
2416 3867 2470 3918 in
2501 3867 2757 3931 medium,
2796 3869 2935 3936 quod
2962 3870 3149 3923 Petrus
3177 3881 3231 3925 et
3260 3873 3401 3928 Pati-

1831 3951 1916 4005 lus
1953 3950 2114 4005 edere
2140 3952 2465 4005 IlOlUt'l‘llfll?
2492 3952 2672 4022 Usque
2709 3955 2777 4008 ad
2810 3957 2949 4010 hunc
2986 3958 3128 4011 diem
3156 3959 3273 4016 sine
3304 3962 3401 4017 ista

1832 4040 2072 4095 doctrina
2106 4041 2335 4095 mundus
2355 4040 2686 4096 Christianus
2713 4042 2828 4097 fttit.
2856 4044 3001 4098 Illam
3029 4060 3187 4101 senex
3214 4051 3405 4105 tenebo

1835 4131 1991 4186 ﬁdem
2018 4171 2033 4195 ,
2061 4131 2115 4185 in
2142 4147 2242 4200 qua
2291 4147 2419 4198 puer
2445 4133 2518 4202 (e)
2548 4141 2762 4187 renatus
2791 4150 2929 4187 sum.
2973 4135 3270 4194 Pelusiotas
3296 4156 3394 4193 nos

1834 4221 2139 4291 appellant,
2184 4230 2237 4275 et
2265 4221 2436 4275 luteos
2461 4222 2821 4293 animales‘qne
2845 4264 2859 4289 ,
2890 4234 2945 4280 et
2980 4240 3225 4293 carneos,
3253 4231 3397 4300 quod

1837 4327 1940 4365 non
1982 4311 2301 4379 recipiamus
2344 4325 2405 4365 ea
2432 4352 2451 4377 ,
2480 4327 2598 4382 qua:
2631 4311 2849 4381 spiritus
2891 4324 3051 4380 sunt;
3095 4316 3167 4369 illi
3198 4319 3403 4373 scilicet

1831 4401 2241 4469 Jerosolyntitte,
2270 4415 2498 4469 quorum
2542 4410 2711 4456 mater
2736 4403 2787 4455 itt
2822 4405 2959 4457 ratio
2988 4414 3088 4459 est.
3115 4405 3228 4461 Non
3271 4424 3402 4464 con-

1838 4502 2016 4546 lemne
2037 4507 2250 4546 carnem
2280 4533 2295 4558 ,
2327 4493 2376 4545 in
2398 4510 2499 4561 qua
2530 4493 2771 4547 Christus
2812 4509 2965 4549 natus
2988 4507 3070 4551 est
3093 4539 3109 4560 .
3138 4510 3191 4553 et
3218 4516 3401 4556 resin--

1838 4584 1972 4637 rexit
2003 4599 2016 4633 :
2050 4597 2155 4636 non
2183 4582 2418 4651 deSpieio
2440 4584 2625 4646 lntttnt,
2654 4584 2795 4652 quod
2825 4595 3098 4640 exeocttun
3131 4588 3181 4642 in
3212 4600 3396 4645 testam

1835 4671 2203 4739 purissimam,
2238 4680 2425 4743 regnat
2460 4673 2510 4726 in
2554 4674 2730 4738 caelo;
2776 4682 2830 4728 et
2859 4685 3031 4729 tamen
3076 4677 3262 4743 miror,
3307 4695 3405 4734 cur

1829 4764 1974 4818 carni
2021 4763 2381 4829 detrahentes,
2439 4763 2618 4816 vivant
2668 4765 2972 4823 carnaliter,
3024 4775 3077 4818 et
3130 4765 3397 4823 inimicam

1831 4867 1980 4907 suam
2006 4850 2074 4922 (f)
2100 4852 2332 4915 foveant,
2360 4861 2415 4906 et
2455 4854 2692 4905 ntttriant
2718 4853 2966 4912 delicate.
3000 4854 3096 4907 nisi
3131 4855 3265 4909 forte
3295 4857 3392 4910 itu-

1833 4936 1991 5004 plere‘
2024 4936 2206 4988 volunt
2242 4935 2567 5002 Scripturatn
2612 4934 2878 4989 dicentem
2908 4951 2922 4986 :
2953 4938 3129 4989 Amate
3171 4937 3423 4996 inimico»

1831 5035 2017 5077 vestros
2048 5038 2067 5077 :
2096 5025 2374 5093 benefacite
2414 5024 2513 5088 iis,
2560 5024 2646 5092 qui
2688 5034 3056 5092 persequuntur
3112 5042 3196 5080 vos
3242 5029 3394 5099 (an.

1895 5134 1964 5195 (ε)
1999 5133 2302 5195 Nicepltorus
2320 5133 2403 5180 lib.
2426 5134 2474 5181 ὅ.
2498 5146 2542 5181 c.
2568 5134 2614 5180 8.
2642 5148 2737 5182 non
2762 5134 2891 5183 ferro
2910 5143 3172 5195 trnncasse,
3197 5142 3285 5191 sed
3301 5156 3403 5193 me.

1829 5194 2100 5259 dimittente
2139 5194 2412 5259 exsiccasse
2460 5196 2631 5253 tradit,
2672 5196 2952 5259 quod-aliis
2989 5208 3273 5259 persuasum
3304 5215 3398 5254 est.

1830 5255 2123 5317 Epipbauius
2142 5261 2305 5317 autem
2330 5255 2375 5301 in
2402 5255 2586 5317 incerto
2617 5254 2866 5317 relinquit.

1886 5312 1986 5375 (it).
2010 5312 2241 5380 Voculam
2259 5326 2374 5380 quos
2408 5312 2891 5380 Victoriusputittit;
2929 5318 3120 5380 quidam
3160 5332 3192 5370 ο
3233 5333 3401 5375 contra

1831 5371 2201 5444 tractatus
2226 5371 2339 5437 legi,
2357 5386 2548 5444 gnosia
2567 5372 2794 5444 Eccigsia,
2822 5371 2918 5426 etc.

1894 5436 1963 5501 (ε)
1988 5434 2145 5501 Minus
2174 5433 2306 5501 bene
2326 5433 2404 5482 alii
2426 5435 2542 5501 editi
2563 5448 2619 5501 ac
2656 5436 2770 5485 Mss.
2782 5433 3039 5501 malaue
3060 5448 3267 5501 renatus,
3290 5459 3401 5497 cum

1831 5494 1910 5544 de'
1935 5494 2171 5559 baptismo
2193 5494 2305 5543 beic
2327 5494 2589 5559 eum_loqui
2616 5504 2821 5547 constet.
2860 5494 3121 5550 Pelusiotae
3164 5494 3280 5559 vero
3302 5494 3401 5558 Vno"-

1833 5568 1951 5627 tuen
1967 5555 2222 5627 deducitur
2245 5568 2271 5627 ξι
2292 5567 2402 5615 πηλὸς
2416 5624 2424 5627 _
2438 5555 2605 5627 Orteca
2644 5570 2783 5617 voce,
2806 5572 3121 5627 quartanam
3144 5555 3398 5627 agam},

1832 5612 2154 5689 undenlttteos
2185 5612 2721 5689 .i_nterj.ret_att.tr,_'non,
2745 5612 2872 5681 quod
2913 5619 3144 5673 Batonius
3187 5612 3399 5689 διιιεῖῐζὶὶ

1836 5690 1961 5741 ιιοῳΔ
1979 5675 2297 5741 latiuapilus.
2311 5675 2437 5739 Quod
2460 5676 2573 5741 alibi
2597 5675 2900 5741 castigamus.

1898 5739 1972 5801 (f)
2007 5737 2096 5788 Ms.
2120 5736 2245 5801 Reg.
2268 5736 2451 5801 laticum
2474 5736 2761 5803 roluptuosé,
2783 5746 2830 5792 et
2853 5743 3065 5794 nutriunt
3091 5747 3310 5801 delicate.
