4056 6184
657 329 757 383 75!

660 448 722 504 si;
757 444 942 497 ﬂanti.
967 443 1041 512 5).
1065 444 1199 496 Amo
1216 452 1430 493 tamen
1446 446 1667 501 castam,
1693 437 1971 506 virginem,
1993 437 2229 504 jejuna»

663 545 771 588 tem
801 551 814 585 :
843 549 963 586 amo
988 531 1168 584 carnis
1193 544 1296 581 non
1325 543 1486 595 opera
1515 569 1530 591 ,
1555 528 1648 580 sed
1675 528 2027 580 substantiam
2063 543 2077 577 τ
2111 541 2232 577 amo

660 638 895 680 σοπηιρω,
926 636 1044 683 qua:
1067 618 1410 687 judicanilnm
1439 632 1500 671 se
1538 631 1662 671 esse
1683 619 1827 668 norit
1861 635 1872 667 :
1903 631 2023 668 amo
2053 616 2194 667 illam
2216 655 2232 676 ,

660 729 779 776 ῳιςκ
818 723 915 777 pro
938 707 1152 761 Christo
1177 707 1230 760 in
1254 707 1509 778 martyrio
1535 708 1777 772 ceditur,
1823 708 2071 769 laniatur,
2099 719 2236 758 exu-

659 804 814 852 ritur.

730 890 816 944 10.
857 891 931 942 An
953 891 1185 958 corrupti
1217 887 1454 958 Origem’s
1475 889 1591 942 libri
1612 890 1639 941 2
1664 919 1732 929 -
1753 886 1889 941 Illud
1917 901 2064 949 vero,
2092 885 2235 955 quod

655 990 924 1044 asserunt,
953 995 983 1031 a
1011 980 1331 1047 quibusdam
1355 979 1621 1034 haereticis
1639 990 1692 1034 et
1714 980 1989 1033 malevolis
2009 977 2238 1031 homini-

656 1073 755 1122 lms
783 1072 949 1124 libros
963 1072 1081 1140 ejus
1105 1087 1226 1125 esse
1256 1073 1497 1134 violatos,
1528 1086 1686 1140 quam
1718 1072 1958 1138 ineptum
1987 1071 2077 1135 sit,
2108 1071 2231 1122 hinc

659 1163 872 1228 probari
904 1173 1095 1229 potest.
1141 1163 1273 1230 Quis
1314 1164 1628 1231 prudentior
1651 1203 1666 1225 ,
1694 1163 1902 1216 doctior
1923 1203 1938 1225 ,
1983 1161 2211 1230 eloquen

659 1265 764 1304 ttor
787 1253 1037 1313 Eusebio,
1061 1264 1115 1306 et
1143 1254 1389 1324 Didymo,
1412 1254 1770 1308 assertoribus
1797 1255 2063 1322 Origenis,
2093 1254 2240 1305 inve-

658 1345 759 1396 niri
787 1355 959 1412 potest
976 1347 1000 1397 ?
1019 1360 1246 1414 quorum
1274 1347 1413 1398 alter
1439 1359 1534 1398 ses
1569 1345 1933 1398 voluminibus
1953 1360 2036 1404 τῆς
2061 1347 2236 1397 itaita-

657 1449 763 1500 νίας
789 1437 856 1488 ita
885 1451 1030 1499 eum,
1061 1446 1118 1490 ut
1140 1452 1219 1498 se,
1244 1439 1479 1491 sensisse
1503 1435 1787 1492 conﬁrmat
1817 1454 1831 1489 :
1861 1437 1998 1489 alter
2022 1437 2100 1488 sic
2125 1434 2244 1503 ejus

657 1543 870 1581 errores
915 1529 1101 1582 nititur
1124 1543 1404 1587 excusare,
1463 1535 1521 1580 ut
1563 1538 1740 1579 tamen
1771 1527 1912 1578 illius
1933 1540 2051 1579 es~e
2079 1524 2212 1577 fatea

661 1630 781 1681 tur;
832 1633 934 1671 non
985 1621 1242 1687 scriptum
1286 1633 1507 1688 negans,
1563 1619 1657 1671 sed
1698 1632 1914 1672 sensum
1960 1616 2245 1669 scribentis

659 1715 987 1764 edisse-rens.
1041 1711 1199 1764 Aliud
1239 1721 1344 1771 est,
1391 1712 1436 1763 si
1485 1725 1589 1777 qua
1637 1711 1704 1762 ab
1754 1708 2019 1761 hmreticis
2066 1707 2242 1759 addita

662 1811 807 1861 sum,
839 1799 915 1869 (α)
936 1798 1078 1852 aliud
1103 1802 1147 1852 si
1172 1799 1293 1868 quis
1320 1800 1470 1866 quasi
1500 1796 1632 1850 bene
1662 1797 1800 1850 dicta
1836 1795 2108 1849 defendat.
2135 1794 2242 1848 So-

663 1894 747 1943 lus
777 1891 1024 1942 inventus
1060 1897 1141 1942 cst
1164 1888 1456 1956 Origenes,
1490 1890 1642 1955 cujus
1670 1887 1866 1954 scripta
1898 1886 1951 1938 in
1976 1894 2086 1938 toto
2113 1884 2245 1936 orbe

664 1980 1004 2040 falsarentnr,
1028 1987 1104 2040 et,
1134 1979 1283 2046 quasi
1312 1975 1379 2028 ad
1405 1978 1479 2045 (b)
1500 1973 2048 2036 ilithridatislitteras,
2070 1974 2244 2025 omnis

664 2068 862 2120 veritas
901 2051 1006 2118 uno
1050 2066 1137 2119 die
1172 2066 1239 2118 de
1282 2065 1638 2117 voltttniuilms
1686 2064 1826 2115 illius
1851 2061 2146 2116 raderetur.
2189 2060 2246 2114 Si

667 2172 805 2212 unus
835 2159 1064 2210 violatus
1105 2169 1188 2211 est
1235 2157 1389 2219 liber,
1436 2171 1561 2207 num
1610 2156 1858 2207 universa
1905 2153 2021 2220 ejus
2059 2165 2245 2220 opera,

664 2263 785 2317 qua:
821 2246 1047 2301 diversis
1089 2256 1140 2297 rt
1192 2247 1322 2298 locis
1368 2256 1422 2298 et
1466 2243 1793 2312 temporibus
1839 2240 2040 2303 edidit,
2089 2239 2247 2294 simul

665 2336 936 2404 corrumpi
972 2338 1299 2404 potuerunt?
1342 2334 1458 2401 Ipse
1486 2333 1742 2397 Origenes
1793 2332 1844 2383 in
1888 2327 2137 2398 epistola,
2179 2329 2250 2396 (ε)

665 2441 824 2495 quam
850 2426 1033 2480 scribit
1055 2426 1123 2478 ad
1149 2426 1435 2478 Fabianttttt
1459 2425 1711 2476 Kutuatw
1729 2421 1873 2474 urbis
1899 2420 2246 2488 Episcopum,

668 2515 1037 2584 pmnitentiam
1078 2514 1238 2585 532
1275 2516 1403 2580 agit,
1449 2529 1544 2565 cur
1566 2513 1687 2565 talia
1721 2510 2014 2578 svi-ipserit,
2047 2519 2102 2562 et
2125 2523 2251 2561 cau-

668 2621 758 2658 sas
807 2604 1122 2659 temeritatis
1151 2604 1203 2656 in
1251 2603 1594 2656 Ambrosium
1636 2603 1799 2653 rel’ert
1824 2641 1838 2658 ,
1870 2599 2009 2664 «μκκΙ
2040 2608 2251 2651 secreto

670 2695 835 2759 edita,
885 2695 936 2748 in
972 2692 1239 2762 publicum
1287 2692 1568 2762 protulerit
1622 2709 1634 2744 :
1672 2701 1726 2744 ct
1776 2691 1903 2758 quid
1948 2689 2122 2743 adhuc
2173 2691 2254 2758 (ά)

670 2791 1052 2855 (spatio-pum,
1085 2784 1260 2837 aliena
1289 2797 1431 2848 esse,
1463 2797 1582 2851 quae
1610 2780 1934 2850 displicent?

742 2877 832 2931 11.
852 2877 932 2929 An
956 2874 1259 2946 Pamphilus
1282 2871 1516 2943 Origenis
1538 2873 1870 2926 luttdator.—
1898 2871 2088 2932 Porro,
2106 2871 2251 2940 quod

677 2964 1016 3034 Pamphilum
1064 2963 1340 3032 proferunt
1371 2963 1698 3016 laudatorem
1744 2963 1877 3030 ejus,
1907 2961 2106 3030 gratias
2149 2961 2254 3015 illis

673 3070 775 3125 ago
827 3070 949 3110 meo
997 3058 1243 3121 nomine,
1293 3053 1432 3123 quod
1483 3055 1702 3122 dignum
1758 3070 1841 3105 me
1899 3061 2250 3122 putaverunt,

674 3161 833 3214 quem
861 3159 983 3200 cum
1027 3153 1262 3214 martyre
1291 3144 1761 3197 calumniarentur.
1795 3144 1848 3196 Si
1877 3144 2019 3196 enim
2051 3143 2119 3195 ab
2157 3144 2256 3196 ini-

678 3237 833 3290 micis
862 3235 1107 3306 Origenis
1155 3236 1319 3290 libros
1359 3236 1474 3304 ejus
1527 3235 1705 3288 dicitis
1748 3251 1867 3288 esse
1909 3235 2150 3296 violatos,
2200 3246 2256 3288 ut

679 3329 1064 3382 inlatnorentur
1111 3345 1124 3380 :
1171 3341 1335 3395 quare
1391 3326 1517 3378 mihi
1574 3341 1677 3378 non
1731 3328 1885 3380 liceat
1930 3325 2130 3386 dicere,
2189 3328 2256 3377 ab

681 3418 868 3471 amicis
896 3418 1014 3485 ejus
1045 3425 1098 3468 et
1128 3416 1479 3469 sectatoribus
1518 3417 1870 3482 eotnposittttn
1894 3430 2012 3468 es~e
2039 3416 2137 3468 sub
2163 3431 2257 3467 nu-

683 3510 828 3562 tnine
855 3507 1112 3573 Pamphili
1142 3508 1408 3569 volumen,
1442 3505 1583 3573 quod
1609 3507 1753 3558 illmn
1785 3507 2090 3558 testimonio
2118 3520 2258 3557 mar-

682 3601 815 3670 tyris
846 3599 916 3652 ab
954 3596 1166 3651 infamia
1214 3596 1552 3649 vindicaret?
1581 3595 1718 3648 Ecce
1759 3611 1851 3649 vos
1880 3595 2178 3648 emendatis
2205 3595 2257 3648 in

683 3689 928 3760 Origenis
961 3687 1133 3749 libris,
1157 3687 1297 3756 quod
1331 3687 1419 3741 ille
1447 3702 1551 3739 non
1595 3685 1808 3753 scripsit
1838 3704 1849 3737 :
1882 3694 1937 3738 et
1967 3685 2257 3752 miramini,

682 3782 728 3836 si
755 3780 878 3836 edat
902 3780 1091 3850 aliquis
1117 3779 1308 3833 librum
1343 3820 1357 3844 ,
1401 3793 1556 3847 quem
1585 3778 1672 3830 ille
1708 3791 1811 3830 non
1839 3775 2039 3830 edidit?
2070 3775 2176 3830 Vos
2208 3778 2260 3830 in

682 3870 828 3926 edito
854 3885 1014 3940 opere
1042 3869 1264 3939 potestis
1289 3868 1501 3936 coargui
1532 3883 1546 3920 :
1577 3869 1684 3926 ille.
1710 3868 1799 3934 qui
1832 3865 1960 3919 nihil
1982 3866 2126 3920 aliud
2150 3867 2263 3920 edi-

681 3963 781 4026 dit,
831 3961 1036 4016 facilius
1083 3969 1225 4028 patet
1275 3959 1574 4011 calntttnite.
1622 3958 1749 4010 Date
1801 3957 2077 4026 quodlibet
2113 3957 2261 4011 aliud

681 4069 818 4123 opus
846 4051 1100 4120 Pamphili
1130 4067 1142 4101 :
1167 4063 1427 4117 nusquam
1458 4049 1736 4116 reperietis
1768 4065 1790 4104 ί
1813 4049 1912 4101 hoc
1951 4063 2113 4102 unum
2140 4058 2260 4113 est;

747 4205 820 4265 (ιι)
855 4204 1041 4265 Didymi
1074 4216 1258 4265 nomen
1281 4202 1344 4265 ad,
1366 4201 1472 4265 libri
1495 4215 1644 4256 oram,
1676 4207 1728 4249 ut
1760 4201 2020 4249 bodieuum
2061 4205 2109 4251 in
2141 4205 2263 4265 auti-

683 4257 921 4326 quis‘sbno
948 4257 1117 4324 Regio
1155 4263 1423 4368 exemplari
1465 4265 1632 4311 videre
1677 4271 1782 4318 est,
1826 4276 1919 4311 non
1963 4276 2107 4312 nemo
2146 4261 2260 4311 olim

683 4328 987 4368 ascrinserat.
1026 4331 1082 4368 ut
1117 4325 1227 4368 uuis
1272 4322 1302 4368 il
1325 4337 1354 4368 e
1398 4322 1544 4368 fuerit
1569 4357 1582 4368 .
1621 4324 1703 4368 aui
1744 4323 1974 4368 Oriuenb
2008 4322 2260 4368 docmata-

681 4322 987 4385 ascripserat,
1026 4322 1082 4385 tit
1117 4325 1227 4385 quis
1272 4322 1354 4370 ille
1398 4322 1544 4370 fuerit
1569 4357 1585 4385 ,_
1621 4324 1703 4385 qui
1744 4323 1974 4385 Origenb
2008 4322 2261 4385 dogmata,

683 4385 824 4447 quasi
847 4383 962 4434 bene
984 4383 1116 4447 dicta
1136 4383 1448 4447 defenderet,
1474 4383 1760 4447 explicaret.
1799 4383 1899 4431 Sed
1937 4383 2121 4447 tinctum
2150 4386 2264 4447 inde

685 4444 780 4503 est,
807 4452 860 4494 ut
896 4458 958 4494 eo
990 4446 1184 4493 nomine
1209 4446 1254 4490 in
1278 4450 1469 4507 textum
1494 4445 1680 4507 intrth
1701 4481 1712 4499 ,
1740 4457 1886 4507 voces
1922 4444 2058 4493 aliud
2079 4445 2122 4494 si
2159 4445 2266 4507 quis

687 4518 945 4568 perperam
970 4510 1391 4568 expungerentur
1417 4505 1461 4568 in
1485 4504 1592 4568 aliis
1629 4504 1852 4551 omnibus
1871 4536 1888 4559 ,
1905 4518 2050 4568 quos
2074 4504 2263 4568 videre

688 4563 828 4615 nobis
850 4563 1073 4627 contigit,
1097 4563 1308 4627 excepto
1333 4563 1506 4627 Regio,
1533 4563 1647 4611 Mss.
1673 4570 1825 4627 atque
1855 4563 2000 4627 editis
2037 4563 2190 4627 libris,
2218 4569 2266 4615 in

683 4630 860 4690 quibus
897 4622 1074 4690 hiulco,
1097 4622 1245 4690 atque
1271 4622 1558 4690 imperfecto
1595 4622 1752 4690 sensui
1775 4622 1976 4690 legitur,
2002 4622 2264 4690 gaudeat,

682 4683 726 4737 si
757 4699 865 4748 qua
887 4687 948 4736 ab
973 4683 1213 4736 ltwretic’t's
1235 4683 1549 4748 additurum,
1572 4683 1813 4748 Didymus
1834 4683 1976 4746 quasi
1995 4684 2111 4748 bene
2133 4683 2266 4737 dictu

683 4745 1118 4819 defendatusolns,
1146 4755 1242 4796 etc.
1270 4746 1439 4796 Debes
1460 4745 1613 4808 Hegio
1637 4745 1786 4793 cudici
1821 4745 1982 4794 veram
2007 4747 2266 4798 lectionem

681 4825 828 4874 quam
853 4814 984 4874 (esti!
995 4814 1164 4874 ulmus.

751 4871 814 4936 ιο)
856 4871 1139 4936 Mithridatis
1179 4868 1376 4936 litterae,
1401 4871 1504 4918 sive
1530 4866 2055 4936 et_l_ictum_ltujusmoli_
2079 4869 2184 4936 fuit,
2212 4881 2264 4922 ut

679 4928 871 4992 Otones,
895 4935 976 4995 qui
1020 4935 1065 4981 in
1094 4939 1189 4981 tota
1223 4931 1334 4978 Asia
1363 4937 1520 4995 erant,
1560 4928 1761 4995 Bomanl
1802 4931 2003 4995 generis
2045 4931 2265 4995 homines

681 4991 882 5056 pariter,
905 4991 1052 5056 atque
1078 4999 1415 5056 ttuotenqmre
1442 4991 1850 5056 interﬁcerentur.
1885 4991 2063 5040 Auctor
2086 4994 2263 5056 Appia-

683 5052 789 5116 ints,
811 5052 1111 5116 Plutarchus,
1134 5052 1320 5116 Florus,
1339 5052 1543 5116 aliique,
1565 5053 1651 5102 sed
1677 5066 1736 5101 ex
1761 5052 1996 5116 Cicerone
2017 5067 2028 5113 ι
2047 5066 2102 5100 ro
2127 5053 2263 5116 Lege

681 5114 873 5164 Manilia
895 5117 1158 5176 sumpsisse
1196 5115 1388 5162 videtur
1411 5113 1749 5176 Hieronymus.
1776 5113 1861 5176 Est
1882 5122 2043 5160 autem
2068 5113 2262 5162 concin-

681 5189 792 5238 tnus
813 5179 939 5238 quod
965 5173 1104 5227 eMs.
1129 5189 1220 5225 suo
1241 5176 1446 5236 quodam
1469 5173 1672 5223 Gravius
1695 5173 1834 5235 legit,
1859 5177 1909 5222 t'n
1928 5179 2022 5222 toto
2044 5187 2085 5223 o;
2101 5175 2157 5225 be
2180 5189 2264 5238 pa-

681 5191 792 5225 nnis
848 5191 939 5224 uou
965 5193 993 5226 e
1019 5191 1104 5227 ms.

679 5235 800 5286 riter
813 5191 1126 5300 ﬁulmrentnr.

747 5294 829 5360 (c)'
867 5298 1112 5360 intercidit
1156 5296 1381 5360 genuina
1413 5295 1578 5360 isthtec
1615 5295 1672 5360 ad
1720 5294 1982 5360 Fabianum
2028 5297 2263 5360 epistola,

719 5356 825 5421 nam
870 5358 1088 5408 Rttllluus
1124 5356 1321 5421 quoque
1368 5357 1598 5406 lnvectiv.
1647 5356 1685 5404 ι.
1729 5358 1774 5404 in
1809 5357 1904 5421 line
1939 5370 2000 5405 ex
2040 5358 2130 5421 hoc
2161 5361 2264 5419 ipso

719 5375 825 5408 uatn
870 5375 1088 5408 nuutnus
1124 5375 1321 5421 quoque
1368 5375 1598 5406 ιιινεειιγ.
1647 5375 1685 5404 Ι.
1729 5375 1774 5404 Ill
1809 5375 1904 5404 llllU
1939 5375 2000 5405 CI
2040 5375 2130 5405 HOC
2161 5375 2260 5419 Ιιιὸυ

677 5375 1112 5483 ἣίθτοηιιηίλζοοο
1149 5425 1420 5483 memorat:
1449 5422 1719 5467 ιλιηιεηηωι
1752 5418 1899 5483 enim,
1925 5418 2054 5480 quod
2081 5426 2260 5483 exstat,

677 5480 936 5548 ipsumque
957 5480 1325 5548 ﬁlerunymmn
1360 5481 1678 5548 iii-terruerunt
1724 5480 1997 5548 mentitur,“
2024 5481 2266 5548 sequioris

677 5538 834 5588 aetatis
854 5538 934 5601 est
954 5541 1112 5591 foetus
1139 5538 1247 5588 νεα.
1273 5538 1452 5587 Euseb.
1476 5538 1557 5586 VI.
1582 5539 1660 5587 36.
1688 5545 1739 5588 et
1762 5538 1940 5586 Gelasii
1964 5538 2264 5601 (Iatalogum.

741 5602 819 5658 (ιι)
853 5599 1064 5662 Veteres
1087 5601 1204 5662 editi
1225 5611 1500 5662 gnatm-saw,
1523 5601 1566 5647 id
1611 5606 1689 5648 est
1709 5605 1984 5656 causontur,
2011 5599 2268 5662 quos—plu-

675 5657 815 5706 ribus
854 5657 1064 5723 confut_at
1088 5657 1424 5723 tlartiannjtis.
1450 5662 1615 5723 ,t’orro
1648 5669 1877 5723 ιυρισιὶαιτιιν
1901 5667 1978 5709 est
2002 5657 2268 5723 unguibus

678 5727 826 5779 atque
853 5731 913 5767 es
938 5720 1128 5778 quisuis
1151 5717 1314 5764 verbis
1333 5719 1483 5776 tonui,
1505 5729 1586 5769 aut
1607 5717 1920 5768 conteml'cre.

1944 319 2185 376 SANC'I'I
2224 321 2608 386 ιιιυιοκηι

2337 438 2479 492 unde
2506 441 2664 508 igitur
2707 455 2892 506 serant,
2913 441 3063 512 quod
3087 443 3350 511 Pamphili
3378 443 3449 498 sit
3467 445 3494 498 ἲ
3519 444 3789 502 videlicet
3813 455 3936 514 Ity-

2335 529 2420 581 lus
2442 539 2499 582 et
2539 532 2706 583 saliva
2735 531 2933 586 docere
2959 549 3044 586 me
3083 537 3296 600 poterit.
3344 535 3631 607 Nunqua-
3661 535 3892 592 credam
3917 579 3939 598 .

2335 621 2475 686 quod
2502 622 2692 675 doctus
2716 625 2797 677 vir
2825 627 3026 692 primos
3048 628 3242 694 ingenii
3263 628 3346 680 sui
3369 626 3579 682 fruetus
3602 629 3935 696 questioni-

2340 713 2437 764 bus
2455 723 2510 766 et
2534 713 2764 769 infamia
2788 716 3049 769 dediearit
3086 734 3101 768 :
3132 726 3188 770 et
3213 717 3392 785 ipsum
3435 733 3634 771 nomen
3670 718 3937 788 apologe—

2340 803 2424 854 tici
2447 804 2679 856 ostendit
2707 807 3096 859 accusationem
3128 823 3144 860 :
3170 823 3274 861 non
3295 810 3440 861 enim
3459 807 3794 872 defenditr,
3825 809 3928 861 nisi

2338 894 2478 961 quod
2511 896 2561 945 in
2592 895 2814 949 crimine
2841 907 2943 948 est.
2968 896 3143 951 Unum
3171 913 3314 951 nunc
3339 898 3612 967 proferam
3633 939 3651 961 ,
3678 900 3768 952 cui
3799 914 3932 953 eon—

2341 984 2600 1039 tradicere
2640 988 2722 1039 vel
2772 990 2918 1040 stulti
2965 990 3054 1052 sit,
3102 990 3184 1042 vel
3232 991 3574 1058 impudentis.
3622 990 3777 1044 Sein
3807 991 3937 1044 libri

2344 1074 2554 1126 Eusebii
2597 1089 2760 1144 super
2781 1075 3026 1146 Origenis
3055 1078 3365 1132 defensione
3392 1080 3716 1147 principium
3755 1094 3932 1147 usque

2340 1165 2406 1216 ad
2424 1166 2566 1217 mille
2589 1163 2755 1220 ferme
2784 1182 2968 1220 versus
2992 1171 3124 1222 liber
3149 1169 3270 1233 iste,
3303 1172 3392 1238 qui
3422 1168 3932 1237 Patnpbilidicitur,

2342 1255 2596 1307 continet.
2638 1255 2706 1307 Et
2736 1257 2788 1308 in
2818 1259 3036 1325 reliquis
3061 1260 3292 1328 scriptor
3324 1259 3564 1327 ejusdem
3591 1261 3778 1324 aperis
3804 1273 3931 1326 pro-

2345 1341 2443 1394 fert
2488 1345 2812 1407 testimonia,
2843 1349 3040 1414 quibus
3070 1351 3254 1402 nititur
3297 1350 3606 1418 approbare
3623 1350 3926 1417 Origenem

2344 1432 2507 1485 fuisse
2549 1434 2892 1488 catholicum.
2943 1438 3208 1492 Eusebius
3264 1449 3318 1492 et
3364 1439 3678 1507 Pamphilus
3722 1449 3936 1492 tantam

2346 1522 2482 1575 inter
2506 1537 2565 1576 se
2594 1523 2830 1577 habuere
2872 1529 3236 1591 eoncnrdiam,
3270 1539 3329 1581 ut
3357 1529 3514 1581 unius
3540 1530 3737 1582 anima:
3763 1528 3931 1582 homi-

2346 1628 2440 1666 nes
2462 1625 2635 1682 putes,
2664 1618 2807 1669 etab
2828 1635 2932 1670 uno
2955 1622 3090 1671 alter
3115 1634 3307 1672 nomen
3325 1621 3622 1687 acceperit.
3642 1619 3936 1685 Quomodo

2348 1705 2504 1770 igitur
2546 1705 2684 1757 inter
2720 1720 2778 1758 se
2819 1705 3104 1760 dissentire
3145 1717 3454 1775 potuerunt,
3487 1718 3543 1761 ut
3578 1708 3852 1764 Eusebius
3879 1711 3935 1762 in

2348 1806 2458 1846 toto
2480 1811 2644 1863 opere
2672 1812 2771 1849 sno
2788 1799 3075 1865 Origenem
3103 1801 3284 1852 Ariani
3325 1801 3516 1868 probet
3543 1799 3847 1869 dogmatis,
3879 1812 3932 1854 et

2348 1884 2654 1950 Pamphilus
2679 1885 2906 1940 Nicaeum
2927 1888 3137 1957 synodi,
3157 1905 3275 1956 quae
3303 1888 3403 1941 fuit
3439 1899 3654 1960 postea,
3681 1888 3932 1944 defensu-

2350 1976 2505 2027 rem?
2535 1976 2608 2030 Es
2638 1992 2745 2045 quo
2771 1979 3104 2042 ostenditur,
3134 1982 3214 2032 vel
3245 1980 3457 2050 Didymi
3482 2021 3498 2042 ,
3536 1981 3619 2033 vel
3644 1979 3932 2048 cujuslibet

2352 2065 2573 2118 alterius
2636 2083 2757 2120 esse
2813 2069 3166 2134 opusculum,
3222 2071 3314 2137 qtti
3360 2070 3506 2122 sexti
3574 2069 3696 2123 libri
3773 2069 3932 2141 533

2349 2160 2524 2226 capite
2575 2159 2909 2219 detruncata,
2960 2171 3153 2212 caetera
3217 2160 3458 2214 membra
3509 2161 3755 2214 sociarit.
3829 2160 3933 2214 Sed

2350 2253 2726 2316 concedamus,
2760 2269 2824 2307 ex
2865 2255 3158 2320 superﬂuo,
3187 2264 3244 2306 ut
3271 2254 3532 2323 Pamphili
3561 2255 3652 2316 sit,
3688 2252 3786 2306 sed
3816 2267 3935 2307 nec—

2349 2343 2476 2395 dum
2507 2345 2794 2413 martyris;
2823 2354 2948 2398 ante
2972 2345 3116 2398 enim
3157 2345 3395 2413 scripsit,
3423 2360 3582 2413 quam
3613 2346 3929 2414 martyrium

2355 2443 2730 2498 perpetere-tur.
2753 2431 2819 2485 Et
2847 2451 2952 2501 quo
2979 2435 3156 2497 modo,
3188 2435 3417 2503 inquies,
3455 2422 3716 2503 martyrio
3744 2434 3933 2502 dignus

2353 2521 2495 2573 fuit?
2523 2521 2734 2575 Scilicet
2767 2533 2822 2575 ut
2850 2525 3106 2593 martyrio
3135 2524 3346 2579 deleret
3370 2539 3634 2587 errorem,
3683 2533 3743 2576 ut
3777 2539 3931 2577 uuam

2352 2613 2561 2680 culpam
2592 2614 2866 2682 sanguinis
2909 2615 2991 2667 sui
3044 2613 3304 2669 eﬂ‘usione
3332 2625 3604 2684 purgaret.
3643 2614 3843 2680 Quanti
3883 2616 3935 2668 is

2356 2713 2466 2755 toto
2510 2705 2640 2756 orbe
2693 2715 2976 2774 martyres,
3023 2718 3304 2774 antequam
3347 2705 3726 2767 caderentur,
3778 2706 3932 2760 variis

2356 2793 2677 2862 subjacuere
2705 2796 2936 2863 pet-eatis
2954 2800 2977 2847 γ
3012 2796 3366 2851 Defendamus
3389 2811 3525 2866 ergo
3553 2806 3795 2865 peccata,
3819 2800 3934 2867 quia

2354 2882 2442 2951 qui
2466 2893 2647 2950 postea
2671 2894 2953 2955 martyres,
2986 2888 3131 2954 prius
3159 2898 3469 2954 peccatores
3490 2888 3730 2943 fuerunt.

2427 2974 2515 3028 12.
2566 2975 2719 3036 H;ec,
2755 2977 2948 3032 fratres
2984 2979 3368 3044 amantissimi,
3411 2979 3480 3034 ad
3510 2981 3801 3048 epistolam
3851 2995 3931 3035 ve-

2357 3078 2519 3119 stram
2548 3069 2709 3121 celeri
2740 3084 2991 3123 sermone
3015 3069 3229 3134 dictavi,
3254 3072 3477 3126 vincens
3504 3073 3857 3140 propositum,
3882 3084 3932 3126 ut

2357 3168 2544 3210 cutura
2575 3175 2696 3210 etim
2723 3161 3040 3225 scriberem,
3064 3161 3217 3230 cujus
3241 3161 3512 3230 ingenium
3539 3171 3667 3217 ante
3693 3164 3932 3218 laudave-

2359 3264 2471 3300 ram
2501 3269 2510 3299 :
2539 3249 2745 3302 malens
2800 3252 3195 3306 existimatione
3249 3251 3579 3320 periclitari,
3609 3267 3772 3321 quam
3815 3254 3930 3308 lide.

2359 3337 2472 3392 tloc
2512 3338 2643 3391 mihi
2691 3343 3055 3408 pra-stiterunt
3095 3343 3253 3396 amici
3304 3344 3446 3406 mei,
3495 3353 3555 3396 ut
3608 3344 3653 3396 si
3705 3353 3933 3407 tacuere,

2359 3444 2483 3481 reus
2514 3446 2526 3480 :
2558 3430 2603 3482 si
2635 3430 2982 3496 rc5p0ndero,
3016 3433 3261 3485 inimicus
3285 3432 3515 3500 judicer.
3540 3431 3688 3486 Dura
3721 3443 3938 3503 utraque

2359 3519 2627 3582 conditio;
2657 3520 2751 3573 sed
2775 3536 2807 3573 e
2856 3521 3066 3575 duobus
3094 3523 3284 3592 eligant
3314 3521 3460 3591 quod
3510 3523 3682 3576 levius
3722 3534 3844 3579 est:
3869 3527 3938 3578 si-

2363 3611 2556 3661 multas
2581 3611 2933 3677 redintegrari
2979 3619 3151 3678 potest
3179 3652 3193 3676 ,
3226 3611 3563 3680 blaSphemia
3593 3614 3806 3667 veniam
3835 3629 3935 3668 nou

2364 3707 2617 3753 meretur.
2663 3700 2798 3766 Quid
2844 3709 3021 3754 autem
3051 3701 3252 3756 laboris
3281 3703 3331 3754 in
3363 3701 3519 3754 libris
3561 3704 3938 3757 transferendis

2365 3800 2466 3857 περι
2512 3780 2677 3857 Ᾱρχῶν
2723 3790 3088 3855 sustinuerim,
3121 3800 3301 3844 vestro
3344 3790 3543 3858 judicio
3587 3791 3931 3862 derelinquo;

2362 3879 2487 3930 dum
2519 3887 2572 3931 et
2595 3890 2804 3931 mutare
2829 3878 3102 3947 quippiam
3136 3879 3205 3934 de
3233 3879 3446 3944 Gnaeo,
3479 3894 3585 3934 non
3608 3891 3697 3934 est
3728 3893 3930 3936 verten-

2365 3967 2434 4019 tis
2461 3967 2555 4020 sed
2584 3968 2875 4022 evertentis
2904 3985 2919 4018 :
2949 3979 3002 4022 et
3029 3969 3216 4022 eadem
3257 3969 3323 4022 ad
3364 3970 3585 4023 verbum
3615 3972 3931 4040 exprimere,

2366 4073 2413 4109 tn
2435 4070 2696 4124 quaquam
2711 4057 2849 4125 ejus,
2868 4059 2958 4125 qui
2981 4072 3198 4112 servare
3217 4059 3339 4111 velit
3362 4060 3560 4127 eloquii
3582 4069 3930 4116 venustatem.

2773 4187 3101 4242 EPISTULA
3161 4187 3393 4242 LXXXV
3447 4190 3540 4261 (ρ).

2958 4303 3038 4353 Au
3070 4316 3347 4355 rwusuu.

2370 4414 2528 4466 Alteri
2553 4431 2580 4468 e
2607 4415 2806 4467 duabus
2853 4414 3058 4468 Paulini
3103 4417 3462 4484 questionibus
3509 4415 3606 4468 sibi
3672 4421 3936 4486 propositis

2441 4504 2652 4557 breviter
2699 4505 2969 4572 respondet
2996 4522 3014 4557 :
3041 4506 3261 4573 priorem
3285 4546 3298 4567 ,
3342 4506 3478 4574 quod
3547 4507 3600 4558 in
3663 4507 3805 4561 libris
3841 4521 3939 4576 περὶ

2438 4595 2616 4664 Α’ρχδη
2662 4612 2694 4647 a
2723 4612 2777 4648 se
2801 4612 2963 4664 nuper
2998 4595 3185 4650 Latine
3217 4598 3372 4650 uersis
3398 4597 3709 4664 crtuclcetur,
3741 4602 3938 4652 omittit.

2438 4685 2570 4739 Tum
2595 4703 2695 4757 quo
2719 4688 2890 4740 animo
2920 4687 3188 4758 Origenem
3219 4689 3416 4758 legerit,
3443 4691 3608 4743 docet.

2443 4800 2493 4852 ί.
2531 4798 2670 4854 Voce
2701 4815 2788 4854 me
2837 4816 3096 4869 provocas
3121 4801 3187 4855 ad
3234 4801 3592 4862 scribendum,
3626 4811 3799 4857 terres
3829 4806 3940 4858 elo-

2368 4890 2584 4957 quentia
2611 4906 2626 4953 ;
2659 4900 2714 4942 et
2743 4889 3086 4958 iurpistolari
3117 4895 3259 4961 stylu
3292 4907 3457 4960 prope
3481 4891 3706 4944 Tullium
3737 4906 3940 4960 repra-

2368 4991 2568 5034 sentas.
2600 4980 2752 5048 Quod
2786 4985 3048 5050 quereris,
3085 4999 3168 5037 me
3221 4987 3288 5054 (f)
3339 4999 3521 5054 parvas
3554 4991 3608 5038 et
3644 4984 3939 5054 incomptus

2371 5073 2632 5128 litterulas
2662 5075 2893 5136 mittere,
2939 5091 3043 5128 non
3077 5077 3222 5128 venit
3253 5077 3322 5130 de
3359 5077 3582 5140 incuria,
3612 5075 3706 5129 sed
3735 5076 3929 5130 timore

2371 5165 2466 5229 tui,
2516 5181 2581 5218 ne
2611 5164 2887 5218 verbosius
2906 5163 2972 5216 ad
3011 5173 3060 5218 te
3089 5165 3334 5233 loquens,
3367 5167 3517 5233 plura
3545 5163 3938 5233 reprehenden-

2369 5257 2434 5308 da
2459 5257 2811 5310 transmittam
2846 5263 2937 5310 :et
2963 5265 3021 5308 ιιι
3058 5266 3256 5309 εειιιριω
3303 5256 3468 5310 menti
3502 5265 3604 5308 tua:
3630 5255 3937 5325 simpliciter

2371 5347 2562 5413 fatear,
2591 5363 2698 5401 uno
2724 5346 2791 5400 ad
2813 5345 3156 5400 Occidentem
3192 5346 3474 5415 navigandi
3498 5355 3761 5415 tempore,
3783 5354 3936 5399 tanta

2369 5455 2400 5493 a
2432 5455 2517 5493 me
2539 5439 2699 5493 simul
2726 5438 2971 5507 epistolae
3006 5437 3331 5506 ﬂagitantur,
3358 5445 3415 5490 ut
3441 5437 3486 5491 si
3513 5447 3708 5492 cuncta
3733 5437 3796 5490 ad
3821 5438 3929 5490 sin-

2368 5529 2520 5600 gulos
2555 5530 2710 5584 velim
2756 5529 3074 5594 rescribere,
3114 5541 3406 5582 occurrere
3460 5540 3740 5596 nequeam.
3784 5526 3929 5583 Unde

2433 5665 2501 5724 (ε)
2531 5663 2655 5713 alios
2678 5662 2786 5711 155.
2808 5661 2997 5724 Scripta
3019 5658 3161 5724 paulo
3179 5655 3604 5724 postsnpcriorerri.
3673 5677 3677 5680 -

2439 5718 2501 5780 ir)
2527 5727 2786 5777 Breviores
2807 5725 2884 5773 lue
2916 5718 3093 5773 litterae
3117 5718 3696 5772 videntur‘iutereidissc.
