  <div class='ocr_page' id='page_1' title='image "/cluster/home/n/w/nwhite01/storage/ocr_20150623/22/uva.x000826587/457.png"; bbox 0 0 4054 6192; ppageno 0'>
   <div class='ocr_carea' id='block_1_1' title="bbox 669 326 768 383">
    <p class='ocr_par' dir='ltr' id='par_1_1' title="bbox 669 326 768 383">
     <span class='ocr_line' id='line_1_1' title="bbox 669 326 768 383; baseline -0.03 0"><span class='ocrx_word' id='word_1_1' title='bbox 669 326 768 383; x_wconf 80' lang='lat'><strong>767</strong></span> 
     </span>
    </p>
   </div>
   <div class='ocr_carea' id='block_1_2' title="bbox 663 416 2227 503">
    <p class='ocr_par' dir='ltr' id='par_1_2' title="bbox 663 416 2227 503">
     <span class='ocr_line' id='line_1_2' title="bbox 663 416 2227 503; baseline -0.019 -10"><span class='ocrx_word' id='word_1_2' title='bbox 663 433 990 503; x_wconf 75' lang='lat' dir='ltr'><strong>contemplati</strong></span> <span class='ocrx_word' id='word_1_3' title='bbox 1012 438 1125 485; x_wconf 86' lang='lat' dir='ltr'><strong>sunt</strong></span> <span class='ocrx_word' id='word_1_4' title='bbox 1150 426 1335 490; x_wconf 81' lang='lat' dir='ltr'><strong>sidera,</strong></span> <span class='ocrx_word' id='word_1_5' title='bbox 1367 422 1590 476; x_wconf 84' lang='lat' dir='ltr'><strong>nuntient</strong></span> <span class='ocrx_word' id='word_1_6' title='bbox 1619 419 1726 482; x_wconf 90' lang='lat' dir='ltr'><strong>tibi,</strong></span> <span class='ocrx_word' id='word_1_7' title='bbox 1750 416 1873 485; x_wconf 87' lang='lat' dir='ltr'><strong>quid</strong></span> <span class='ocrx_word' id='word_1_8' title='bbox 1891 431 2043 483; x_wconf 86' lang='lat' dir='ltr'><strong>super</strong></span> <span class='ocrx_word' id='word_1_9' title='bbox 2067 425 2114 468; x_wconf 83' lang='lat' dir='ltr'><strong>te</strong></span> <span class='ocrx_word' id='word_1_10' title='bbox 2139 417 2227 503; x_wconf 80' lang='lat' dir='ltr'><strong>[u-</strong></span> 
     </span>
    </p>
   </div>
   <div class='ocr_carea' id='block_1_3' title="bbox 671 502 2230 590">
    <p class='ocr_par' dir='ltr' id='par_1_3' title="bbox 671 502 2230 590">
     <span class='ocr_line' id='line_1_3' title="bbox 671 502 2230 590; baseline -0.016 -10"><span class='ocrx_word' id='word_1_11' title='bbox 671 539 835 580; x_wconf 86' lang='lat' dir='ltr'><strong>turum</strong></span> <span class='ocrx_word' id='word_1_12' title='bbox 869 502 931 575; x_wconf 60' lang='lat' dir='ltr'><strong>tu</strong></span> <span class='ocrx_word' id='word_1_13' title='bbox 958 520 1106 590; x_wconf 65' lang='lat' dir='ltr'><strong>(Im.</strong></span> <span class='ocrx_word' id='word_1_14' title='bbox 1136 518 1221 570; x_wconf 73' lang='grc' dir='ltr'><strong>ιτ.</strong></span> <span class='ocrx_word' id='word_1_15' title='bbox 1257 513 1341 568; x_wconf 73' lang='lat' dir='ltr'><strong>te.</strong></span> <span class='ocrx_word' id='word_1_16' title='bbox 1373 513 1460 566; x_wconf 76' lang='lat' dir='ltr'><strong>is.</strong></span> <span class='ocrx_word' id='word_1_17' title='bbox 1481 512 1633 577; x_wconf 67' lang='lat' dir='ltr'><strong>juxta</strong></span> <span class='ocrx_word' id='word_1_18' title='bbox 1658 503 1850 576; x_wconf 79' lang='lat' dir='ltr'><strong><em>LXX).</em></strong></span> <span class='ocrx_word' id='word_1_19' title='bbox 1886 507 2146 560; x_wconf 68' lang='lat' dir='ltr'><strong>Praeterea</strong></span> <span class='ocrx_word' id='word_1_20' title='bbox 2177 502 2230 555; x_wconf 91' lang='lat' dir='ltr'><strong>in</strong></span> 
     </span>
    </p>
   </div>
   <div class='ocr_carea' id='block_1_4' title="bbox 673 594 2226 678">
    <p class='ocr_par' dir='ltr' id='par_1_4' title="bbox 673 594 2226 678">
     <span class='ocr_line' id='line_1_4' title="bbox 673 594 2226 678; baseline -0.016 -9"><span class='ocrx_word' id='word_1_21' title='bbox 673 617 821 670; x_wconf 84' lang='lat' dir='ltr'><strong>libris</strong></span> <span class='ocrx_word' id='word_1_22' title='bbox 841 622 943 678; x_wconf 76' lang='grc' dir='ltr'>περι</span> <span class='ocrx_word' id='word_1_23' title='bbox 966 616 1124 677; x_wconf 75' lang='grc' dir='ltr'><strong>Αρχῶν</strong></span> <span class='ocrx_word' id='word_1_24' title='bbox 1150 614 1204 658; x_wconf 89' lang='lat' dir='ltr'><strong>et</strong></span> <span class='ocrx_word' id='word_1_25' title='bbox 1231 603 1335 657; x_wconf 87' lang='lat' dir='ltr'><strong>hoc</strong></span> <span class='ocrx_word' id='word_1_26' title='bbox 1373 600 1698 670; x_wconf 84' lang='lat' dir='ltr'><strong>persuadere</strong></span> <span class='ocrx_word' id='word_1_27' title='bbox 1750 605 1990 658; x_wconf 91' lang='lat' dir='ltr'><strong>conatur,</strong></span> <span class='ocrx_word' id='word_1_28' title='bbox 2065 594 2226 664; x_wconf 76' lang='lat'><strong>551</strong></span> 
     </span>
    </p>
   </div>
   <div class='ocr_carea' id='block_1_5' title="bbox 675 685 2233 768">
    <p class='ocr_par' dir='ltr' id='par_1_5' title="bbox 675 685 2233 768">
     <span class='ocr_line' id='line_1_5' title="bbox 675 685 2233 768; baseline -0.013 -14"><span class='ocrx_word' id='word_1_29' title='bbox 675 701 811 768; x_wconf 88' lang='lat' dir='ltr'><strong>quod</strong></span> <span class='ocrx_word' id='word_1_30' title='bbox 853 701 1034 749; x_wconf 84' lang='lat' dir='ltr'><strong>vivens</strong></span> <span class='ocrx_word' id='word_1_31' title='bbox 1062 694 1151 746; x_wconf 90' lang='lat' dir='ltr'><strong>Dei</strong></span> <span class='ocrx_word' id='word_1_32' title='bbox 1195 692 1269 761; x_wconf 90' lang='lat' dir='ltr'><strong>(a)</strong></span> <span class='ocrx_word' id='word_1_33' title='bbox 1304 691 1496 744; x_wconf 85' lang='lat' dir='ltr'><strong>Sermo</strong></span> <span class='ocrx_word' id='word_1_34' title='bbox 1519 704 1624 742; x_wconf 90' lang='lat' dir='ltr'><strong>non</strong></span> <span class='ocrx_word' id='word_1_35' title='bbox 1647 685 1994 753; x_wconf 83' lang='lat' dir='ltr'><strong>assumpserit</strong></span> <span class='ocrx_word' id='word_1_36' title='bbox 2037 694 2233 748; x_wconf 85' lang='lat' dir='ltr'><strong>corpus</strong></span> 
     </span>
    </p>
   </div>
   <div class='ocr_carea' id='block_1_6' title="bbox 669 769 2235 848">
    <p class='ocr_par' dir='ltr' id='par_1_6' title="bbox 669 769 2235 848">
     <span class='ocr_line' id='line_1_6' title="bbox 669 769 2235 848; baseline -0.014 -6"><span class='ocrx_word' id='word_1_37' title='bbox 669 789 980 848; x_wconf 85' lang='lat' dir='ltr'><strong>humanum,</strong></span> <span class='ocrx_word' id='word_1_38' title='bbox 1009 793 1058 836; x_wconf 93' lang='lat' dir='ltr'><strong>et</strong></span> <span class='ocrx_word' id='word_1_39' title='bbox 1078 791 1260 835; x_wconf 86' lang='lat' dir='ltr'><strong>contra</strong></span> <span class='ocrx_word' id='word_1_40' title='bbox 1289 779 1527 847; x_wconf 68' lang='grc' dir='ltr'><strong>Αιιοςιυιὶ</strong></span> <span class='ocrx_word' id='word_1_41' title='bbox 1548 776 1747 830; x_wconf 79' lang='lat' dir='ltr'><strong>vadens</strong></span> <span class='ocrx_word' id='word_1_42' title='bbox 1769 773 2083 828; x_wconf 81' lang='lat' dir='ltr'><strong>sententiam</strong></span> <span class='ocrx_word' id='word_1_43' title='bbox 2112 769 2235 822; x_wconf 84' lang='lat' dir='ltr'><strong>scri-</strong></span> 
     </span>
    </p>
   </div>
   <div class='ocr_carea' id='block_1_7' title="bbox 666 859 2231 946">
    <p class='ocr_par' dir='ltr' id='par_1_7' title="bbox 666 859 2231 946">
     <span class='ocr_line' id='line_1_7' title="bbox 666 859 2231 946; baseline -0.012 -16"><span class='ocrx_word' id='word_1_44' title='bbox 666 880 791 946; x_wconf 85' lang='lat' dir='ltr'><strong>psit,</strong></span> <span class='ocrx_word' id='word_1_45' title='bbox 815 874 964 940; x_wconf 79' lang='lat' dir='ltr'><strong>Quod</strong></span> <span class='ocrx_word' id='word_1_46' title='bbox 991 872 1081 939; x_wconf 76' lang='lat' dir='ltr'><strong>qui</strong></span> <span class='ocrx_word' id='word_1_47' title='bbox 1107 873 1158 925; x_wconf 86' lang='lat' dir='ltr'><strong>in</strong></span> <span class='ocrx_word' id='word_1_48' title='bbox 1187 871 1351 923; x_wconf 72' lang='lat' dir='ltr'><strong>forma</strong></span> <span class='ocrx_word' id='word_1_49' title='bbox 1378 867 1468 922; x_wconf 85' lang='lat' dir='ltr'><strong>Dei</strong></span> <span class='ocrx_word' id='word_1_50' title='bbox 1489 865 1710 936; x_wconf 64' lang='lat' dir='ltr'><strong>aequalis</strong></span> <span class='ocrx_word' id='word_1_51' title='bbox 1730 874 1844 917; x_wconf 75' lang='lat' dir='ltr'><strong>erat</strong></span> <span class='ocrx_word' id='word_1_52' title='bbox 1874 863 1984 917; x_wconf 88' lang='lat' dir='ltr'><strong>Deo</strong></span> <span class='ocrx_word' id='word_1_53' title='bbox 2010 859 2231 930; x_wconf 84' lang='lat' dir='ltr'><strong>(Philip.</strong></span> 
     </span>
    </p>
   </div>
   <div class='ocr_carea' id='block_1_8' title="bbox 667 947 2235 1034">
    <p class='ocr_par' dir='ltr' id='par_1_8' title="bbox 667 947 2235 1034">
     <span class='ocr_line' id='line_1_8' title="bbox 667 947 2235 1034; baseline -0.012 -15"><span class='ocrx_word' id='word_1_54' title='bbox 667 966 724 1019; x_wconf 75' lang='lat'><strong>2.</strong></span> <span class='ocrx_word' id='word_1_55' title='bbox 756 966 786 1018; x_wconf 91' lang='lat'>7</span> <span class='ocrx_word' id='word_1_56' title='bbox 809 963 849 1034; x_wconf 91' lang='lat'><strong>),</strong></span> <span class='ocrx_word' id='word_1_57' title='bbox 874 978 977 1015; x_wconf 82' lang='lat' dir='ltr'><strong>non</strong></span> <span class='ocrx_word' id='word_1_58' title='bbox 1009 959 1169 1014; x_wconf 66' lang='lat' dir='ltr'><strong>lueis;</strong></span> <span class='ocrx_word' id='word_1_59' title='bbox 1197 958 1434 1013; x_wconf 69' lang='lat' dir='ltr'><strong>Verbum</strong></span> <span class='ocrx_word' id='word_1_60' title='bbox 1467 957 1582 1020; x_wconf 85' lang='lat' dir='ltr'><strong>Dei,</strong></span> <span class='ocrx_word' id='word_1_61' title='bbox 1613 955 1704 1009; x_wconf 90' lang='lat' dir='ltr'><strong>sed</strong></span> <span class='ocrx_word' id='word_1_62' title='bbox 1731 953 1907 1006; x_wconf 90' lang='lat' dir='ltr'><strong>anima</strong></span> <span class='ocrx_word' id='word_1_63' title='bbox 1935 950 2003 1005; x_wconf 89' lang='lat' dir='ltr'><strong>de</strong></span> <span class='ocrx_word' id='word_1_64' title='bbox 2030 947 2235 1003; x_wconf 75' lang='lat' dir='ltr'><strong>ctelesti</strong></span> 
     </span>
    </p>
   </div>
   <div class='ocr_carea' id='block_1_9' title="bbox 665 1040 2237 1120">
    <p class='ocr_par' dir='ltr' id='par_1_9' title="bbox 665 1040 2237 1120">
     <span class='ocr_line' id='line_1_9' title="bbox 665 1040 2237 1120; baseline -0.012 -14"><span class='ocrx_word' id='word_1_65' title='bbox 665 1055 882 1120; x_wconf 83' lang='lat' dir='ltr'><strong>regione</strong></span> <span class='ocrx_word' id='word_1_66' title='bbox 911 1050 1260 1112; x_wconf 70' lang='lat' dir='ltr'><strong>descendens,</strong></span> <span class='ocrx_word' id='word_1_67' title='bbox 1289 1058 1344 1101; x_wconf 90' lang='lat' dir='ltr'><strong>et</strong></span> <span class='ocrx_word' id='word_1_68' title='bbox 1372 1061 1430 1100; x_wconf 89' lang='lat' dir='ltr'><strong>se</strong></span> <span class='ocrx_word' id='word_1_69' title='bbox 1459 1046 1525 1098; x_wconf 90' lang='lat' dir='ltr'><strong>de</strong></span> <span class='ocrx_word' id='word_1_70' title='bbox 1555 1044 1723 1098; x_wconf 86' lang='lat' dir='ltr'><strong>forma</strong></span> <span class='ocrx_word' id='word_1_71' title='bbox 1753 1053 1967 1095; x_wconf 65' lang='lat' dir='ltr'><strong>interna:</strong></span> <span class='ocrx_word' id='word_1_72' title='bbox 1997 1040 2237 1104; x_wconf 85' lang='lat' dir='ltr'><strong>majesta-</strong></span> 
     </span>
    </p>
   </div>
   <div class='ocr_carea' id='block_1_10' title="bbox 667 1125 2234 1200">
    <p class='ocr_par' dir='ltr' id='par_1_10' title="bbox 667 1125 2234 1200">
     <span class='ocr_line' id='line_1_10' title="bbox 667 1125 2234 1200; baseline -0.011 -6"><span class='ocrx_word' id='word_1_73' title='bbox 667 1143 734 1195; x_wconf 89' lang='lat' dir='ltr'><strong>tis</strong></span> <span class='ocrx_word' id='word_1_74' title='bbox 760 1154 1040 1199; x_wconf 67' lang='lat' dir='ltr'><strong>evacuatus,</strong></span> <span class='ocrx_word' id='word_1_75' title='bbox 1073 1139 1356 1191; x_wconf 90' lang='lat' dir='ltr'><strong>humanum</strong></span> <span class='ocrx_word' id='word_1_76' title='bbox 1384 1148 1576 1200; x_wconf 66' lang='lat' dir='ltr'><strong>corpus</strong></span> <span class='ocrx_word' id='word_1_77' title='bbox 1601 1131 1964 1198; x_wconf 79' lang='lat' dir='ltr'><strong>assumpserit.</strong></span> <span class='ocrx_word' id='word_1_78' title='bbox 1997 1128 2124 1193; x_wconf 66' lang='lat' dir='ltr'><strong>Qum</strong></span> <span class='ocrx_word' id='word_1_79' title='bbox 2150 1125 2234 1177; x_wconf 86' lang='lat' dir='ltr'><strong>di-</strong></span> 
     </span>
    </p>
   </div>
   <div class='ocr_carea' id='block_1_11' title="bbox 663 1211 2238 1296">
    <p class='ocr_par' dir='ltr' id='par_1_11' title="bbox 663 1211 2238 1296">
     <span class='ocr_line' id='line_1_11' title="bbox 663 1211 2238 1296; baseline -0.011 -14"><span class='ocrx_word' id='word_1_80' title='bbox 663 1246 794 1282; x_wconf 80' lang='lat' dir='ltr'><strong>cens</strong></span> <span class='ocrx_word' id='word_1_81' title='bbox 823 1229 1012 1282; x_wconf 89' lang='lat' dir='ltr'><strong>.loanni</strong></span> <span class='ocrx_word' id='word_1_82' title='bbox 1039 1227 1368 1296; x_wconf 73' lang='lat' dir='ltr'><strong>apertissime</strong></span> <span class='ocrx_word' id='word_1_83' title='bbox 1396 1220 1709 1277; x_wconf 71' lang='lat' dir='ltr'><strong>Contradicit</strong></span> <span class='ocrx_word' id='word_1_84' title='bbox 1739 1215 2016 1278; x_wconf 74' lang='lat' dir='ltr'><strong>scribenti,</strong></span> <span class='ocrx_word' id='word_1_85' title='bbox 2039 1224 2093 1268; x_wconf 89' lang='lat' dir='ltr'><strong>et</strong></span> <span class='ocrx_word' id='word_1_86' title='bbox 2121 1211 2238 1264; x_wconf 82' lang='lat' dir='ltr'><strong>Ver-</strong></span> 
     </span>
    </p>
   </div>
   <div class='ocr_carea' id='block_1_12' title="bbox 664 1301 2236 1385">
    <p class='ocr_par' dir='ltr' id='par_1_12' title="bbox 664 1301 2236 1385">
     <span class='ocr_line' id='line_1_12' title="bbox 664 1301 2236 1385; baseline -0.011 -15"><span class='ocrx_word' id='word_1_87' title='bbox 664 1320 783 1370; x_wconf 69' lang='lat' dir='ltr'><strong>bum</strong></span> <span class='ocrx_word' id='word_1_88' title='bbox 813 1334 931 1369; x_wconf 85' lang='lat' dir='ltr'><strong>curo</strong></span> <span class='ocrx_word' id='word_1_89' title='bbox 959 1321 1147 1385; x_wconf 77' lang='lat' dir='ltr'><strong>factum</strong></span> <span class='ocrx_word' id='word_1_90' title='bbox 1173 1324 1241 1367; x_wconf 86' lang='lat' dir='ltr'><strong>est</strong></span> <span class='ocrx_word' id='word_1_91' title='bbox 1267 1312 1460 1384; x_wconf 77' lang='lat' dir='ltr'><strong>(Joan.</strong></span> <span class='ocrx_word' id='word_1_92' title='bbox 1493 1311 1544 1363; x_wconf 80' lang='lat' dir='ltr'><strong>l.</strong></span> <span class='ocrx_word' id='word_1_93' title='bbox 1575 1311 1640 1362; x_wconf 74' lang='lat' dir='ltr'><strong>N</strong></span> <span class='ocrx_word' id='word_1_94' title='bbox 1725 1305 1834 1360; x_wconf 86' lang='lat' dir='ltr'><strong>Nec</strong></span> <span class='ocrx_word' id='word_1_95' title='bbox 1863 1313 2036 1374; x_wconf 83' lang='lat' dir='ltr'><strong>potest</strong></span> <span class='ocrx_word' id='word_1_96' title='bbox 2060 1301 2236 1354; x_wconf 77' lang='lat' dir='ltr'><strong>anima</strong></span> 
     </span>
    </p>
   </div>
   <div class='ocr_carea' id='block_1_13' title="bbox 669 1395 2239 1467">
    <p class='ocr_par' dir='ltr' id='par_1_13' title="bbox 669 1395 2239 1467">
     <span class='ocr_line' id='line_1_13' title="bbox 669 1395 2239 1467; baseline -0.011 -7"><span class='ocrx_word' id='word_1_97' title='bbox 669 1408 812 1461; x_wconf 85' lang='lat' dir='ltr'><strong>credi</strong></span> <span class='ocrx_word' id='word_1_98' title='bbox 846 1407 1157 1467; x_wconf 76' lang='lat' dir='ltr'><strong>Salvaturis,</strong></span> <span class='ocrx_word' id='word_1_99' title='bbox 1179 1414 1232 1458; x_wconf 88' lang='lat' dir='ltr'><strong>et</strong></span> <span class='ocrx_word' id='word_1_100' title='bbox 1261 1419 1363 1455; x_wconf 88' lang='lat' dir='ltr'><strong>non</strong></span> <span class='ocrx_word' id='word_1_101' title='bbox 1396 1402 1532 1454; x_wconf 91' lang='lat' dir='ltr'><strong>Deus</strong></span> <span class='ocrx_word' id='word_1_102' title='bbox 1556 1399 1809 1456; x_wconf 84' lang='lat' dir='ltr'><strong>Verbum,</strong></span> <span class='ocrx_word' id='word_1_103' title='bbox 1837 1405 1888 1448; x_wconf 91' lang='lat' dir='ltr'><strong>et</strong></span> <span class='ocrx_word' id='word_1_104' title='bbox 1918 1395 2162 1456; x_wconf 88' lang='lat' dir='ltr'><strong>formam,</strong></span> <span class='ocrx_word' id='word_1_105' title='bbox 2184 1398 2239 1444; x_wconf 89' lang='lat' dir='ltr'><strong>et</strong></span> 
     </span>
    </p>
   </div>
   <div class='ocr_carea' id='block_1_14' title="bbox 667 1481 2239 1566">
    <p class='ocr_par' dir='ltr' id='par_1_14' title="bbox 667 1481 2239 1566">
     <span class='ocr_line' id='line_1_14' title="bbox 667 1481 2239 1566; baseline -0.011 -16"><span class='ocrx_word' id='word_1_106' title='bbox 667 1498 1025 1566; x_wconf 74' lang='lat' dir='ltr'><strong>atqualilatem</strong></span> <span class='ocrx_word' id='word_1_107' title='bbox 1073 1505 1305 1564; x_wconf 73' lang='lat' dir='ltr'><strong>paterna:</strong></span> <span class='ocrx_word' id='word_1_108' title='bbox 1354 1487 1647 1557; x_wconf 85' lang='lat' dir='ltr'><strong>tnajestatis</strong></span> <span class='ocrx_word' id='word_1_109' title='bbox 1695 1486 1962 1538; x_wconf 82' lang='lat' dir='ltr'><strong>habuisse.</strong></span> <span class='ocrx_word' id='word_1_110' title='bbox 2014 1483 2068 1535; x_wconf 93' lang='lat' dir='ltr'><strong>ln</strong></span> <span class='ocrx_word' id='word_1_111' title='bbox 2108 1481 2239 1534; x_wconf 88' lang='lat' dir='ltr'><strong>alias</strong></span> 
     </span>
    </p>
   </div>
   <div class='ocr_carea' id='block_1_15' title="bbox 667 1567 2236 1654">
    <p class='ocr_par' dir='ltr' id='par_1_15' title="bbox 667 1567 2236 1654">
     <span class='ocr_line' id='line_1_15' title="bbox 667 1567 2236 1654; baseline -0.011 -16"><span class='ocrx_word' id='word_1_112' title='bbox 667 1601 882 1654; x_wconf 89' lang='lat' dir='ltr'><strong>quoque</strong></span> <span class='ocrx_word' id='word_1_113' title='bbox 924 1585 1222 1654; x_wconf 84' lang='lat' dir='ltr'><strong>itnpietates</strong></span> <span class='ocrx_word' id='word_1_114' title='bbox 1265 1579 1576 1634; x_wconf 90' lang='lat' dir='ltr'><strong>furibundus</strong></span> <span class='ocrx_word' id='word_1_115' title='bbox 1604 1576 1833 1630; x_wconf 80' lang='lat' dir='ltr'><strong>exsultat</strong></span> <span class='ocrx_word' id='word_1_116' title='bbox 1859 1571 1982 1645; x_wconf 78' lang='lat' dir='ltr'><strong>[Ms.</strong></span> <span class='ocrx_word' id='word_1_117' title='bbox 2006 1567 2236 1641; x_wconf 78' lang='lat' dir='ltr'><strong>exultat],</strong></span> 
     </span>
    </p>
   </div>
   <div class='ocr_carea' id='block_1_16' title="bbox 670 1658 2240 1737">
    <p class='ocr_par' dir='ltr' id='par_1_16' title="bbox 670 1658 2240 1737">
     <span class='ocr_line' id='line_1_16' title="bbox 670 1658 2240 1737; baseline -0.01 -12"><span class='ocrx_word' id='word_1_118' title='bbox 670 1673 856 1727; x_wconf 84' lang='lat' dir='ltr'><strong>volens</strong></span> <span class='ocrx_word' id='word_1_119' title='bbox 877 1687 1024 1735; x_wconf 87' lang='lat' dir='ltr'><strong>eum,</strong></span> <span class='ocrx_word' id='word_1_120' title='bbox 1050 1671 1137 1737; x_wconf 88' lang='lat' dir='ltr'><strong>qui</strong></span> <span class='ocrx_word' id='word_1_121' title='bbox 1165 1670 1218 1722; x_wconf 90' lang='lat' dir='ltr'><strong>in</strong></span> <span class='ocrx_word' id='word_1_122' title='bbox 1243 1666 1705 1721; x_wconf 86' lang='lat' dir='ltr'><strong>consummatione</strong></span> <span class='ocrx_word' id='word_1_123' title='bbox 1731 1662 2076 1721; x_wconf 34' lang='lat' dir='ltr'><strong>saeculorum,</strong></span> <span class='ocrx_word' id='word_1_124' title='bbox 2104 1666 2158 1711; x_wconf 92' lang='lat' dir='ltr'><strong>et</strong></span> <span class='ocrx_word' id='word_1_125' title='bbox 2187 1658 2240 1710; x_wconf 88' lang='lat' dir='ltr'><strong>in</strong></span> 
     </span>
    </p>
   </div>
   <div class='ocr_carea' id='block_1_17' title="bbox 670 1751 2240 1830">
    <p class='ocr_par' dir='ltr' id='par_1_17' title="bbox 670 1751 2240 1830">
     <span class='ocr_line' id='line_1_17' title="bbox 670 1751 2240 1830; baseline -0.011 -12"><span class='ocrx_word' id='word_1_126' title='bbox 670 1765 1033 1818; x_wconf 80' lang='lat' dir='ltr'><strong>destructione</strong></span> <span class='ocrx_word' id='word_1_127' title='bbox 1063 1763 1260 1830; x_wconf 80' lang='lat' dir='ltr'><strong>peccati</strong></span> <span class='ocrx_word' id='word_1_128' title='bbox 1291 1757 1455 1812; x_wconf 84' lang='lat' dir='ltr'><strong>semel</strong></span> <span class='ocrx_word' id='word_1_129' title='bbox 1485 1770 1673 1824; x_wconf 87' lang='lat' dir='ltr'><strong>passus</strong></span> <span class='ocrx_word' id='word_1_130' title='bbox 1697 1763 1800 1816; x_wconf 60' lang='lat' dir='ltr'><strong>est,</strong></span> <span class='ocrx_word' id='word_1_131' title='bbox 1833 1751 2112 1804; x_wconf 90' lang='lat' dir='ltr'><strong>Dominum</strong></span> <span class='ocrx_word' id='word_1_132' title='bbox 2142 1764 2240 1802; x_wconf 92' lang='lat' dir='ltr'><strong>no-</strong></span> 
     </span>
    </p>
   </div>
   <div class='ocr_carea' id='block_1_18' title="bbox 673 1844 2237 1916">
    <p class='ocr_par' dir='ltr' id='par_1_18' title="bbox 673 1844 2237 1916">
     <span class='ocr_line' id='line_1_18' title="bbox 673 1844 2237 1916; baseline -0.01 -8"><span class='ocrx_word' id='word_1_133' title='bbox 673 1862 844 1908; x_wconf 78' lang='lat' dir='ltr'><strong>strum</strong></span> <span class='ocrx_word' id='word_1_134' title='bbox 884 1852 1064 1907; x_wconf 81' lang='lat' dir='ltr'><strong>Jcsum</strong></span> <span class='ocrx_word' id='word_1_135' title='bbox 1104 1850 1368 1904; x_wconf 86' lang='lat' dir='ltr'><strong>Christum</strong></span> <span class='ocrx_word' id='word_1_136' title='bbox 1417 1847 1488 1916; x_wconf 83' lang='lat' dir='ltr'><strong>(b)</strong></span> <span class='ocrx_word' id='word_1_137' title='bbox 1522 1861 1616 1914; x_wconf 88' lang='lat' dir='ltr'><strong>pro</strong></span> <span class='ocrx_word' id='word_1_138' title='bbox 1649 1844 1982 1897; x_wconf 76' lang='lat' dir='ltr'><strong>Daunouibus</strong></span> <span class='ocrx_word' id='word_1_139' title='bbox 2008 1855 2237 1910; x_wconf 90' lang='lat' dir='ltr'><strong>quoque,</strong></span> 
     </span>
    </p>
   </div>
   <div class='ocr_carea' id='block_1_19' title="bbox 676 1934 2240 2014">
    <p class='ocr_par' dir='ltr' id='par_1_19' title="bbox 676 1934 2240 2014">
     <span class='ocr_line' id='line_1_19' title="bbox 676 1934 2240 2014; baseline -0.01 -17"><span class='ocrx_word' id='word_1_140' title='bbox 676 1958 727 1997; x_wconf 86' lang='lat' dir='ltr'><strong>et</strong></span> <span class='ocrx_word' id='word_1_141' title='bbox 745 1941 1108 2014; x_wconf 88' lang='lat' dir='ltr'><strong>spirituahbus</strong></span> <span class='ocrx_word' id='word_1_142' title='bbox 1127 1938 1376 2009; x_wconf 78' lang='lat' dir='ltr'><strong>nequitiis</strong></span> <span class='ocrx_word' id='word_1_143' title='bbox 1395 1952 1607 1990; x_wconf 84' lang='lat' dir='ltr'><strong>crucem</strong></span> <span class='ocrx_word' id='word_1_144' title='bbox 1628 1934 1914 2002; x_wconf 75' lang='lat' dir='ltr'><strong>aliquando</strong></span> <span class='ocrx_word' id='word_1_145' title='bbox 1936 1944 2240 2002; x_wconf 86' lang='lat' dir='ltr'><strong>passurum.</strong></span> 
     </span>
    </p>
   </div>
   <div class='ocr_carea' id='block_1_20' title="bbox 677 2023 2245 2093">
    <p class='ocr_par' dir='ltr' id='par_1_20' title="bbox 677 2023 2245 2093">
     <span class='ocr_line' id='line_1_20' title="bbox 677 2023 2245 2093; baseline -0.01 -6"><span class='ocrx_word' id='word_1_146' title='bbox 677 2031 787 2087; x_wconf 76' lang='lat' dir='ltr'><strong>Nec</strong></span> <span class='ocrx_word' id='word_1_147' title='bbox 817 2031 1054 2085; x_wconf 72' lang='lat' dir='ltr'><strong>tnetniuLI</strong></span> <span class='ocrx_word' id='word_1_148' title='bbox 1085 2029 1231 2082; x_wconf 84' lang='lat' dir='ltr'><strong>Pauli</strong></span> <span class='ocrx_word' id='word_1_149' title='bbox 1259 2027 1565 2084; x_wconf 83' lang='lat' dir='ltr'><strong>scribentis.</strong></span> <span class='ocrx_word' id='word_1_150' title='bbox 1591 2025 1913 2093; x_wconf 80' lang='lat' dir='ltr'><strong>[inpossibile</strong></span> <span class='ocrx_word' id='word_1_151' title='bbox 1937 2033 2028 2086; x_wconf 85' lang='lat' dir='ltr'><strong>est,</strong></span> <span class='ocrx_word' id='word_1_152' title='bbox 2053 2038 2135 2074; x_wconf 89' lang='lat' dir='ltr'><strong>eos</strong></span> <span class='ocrx_word' id='word_1_153' title='bbox 2159 2023 2245 2085; x_wconf 86' lang='lat' dir='ltr'><strong>qui</strong></span> 
     </span>
    </p>
   </div>
   <div class='ocr_carea' id='block_1_21' title="bbox 679 2112 2246 2186">
    <p class='ocr_par' dir='ltr' id='par_1_21' title="bbox 679 2112 2246 2186">
     <span class='ocr_line' id='line_1_21' title="bbox 679 2112 2246 2186; baseline -0.01 -7"><span class='ocrx_word' id='word_1_154' title='bbox 679 2125 828 2178; x_wconf 83' lang='lat' dir='ltr'><strong>semel</strong></span> <span class='ocrx_word' id='word_1_155' title='bbox 853 2134 966 2175; x_wconf 78' lang='lat' dir='ltr'><strong>sunt</strong></span> <span class='ocrx_word' id='word_1_156' title='bbox 995 2121 1285 2182; x_wconf 85' lang='lat' dir='ltr'><strong>illuminati,</strong></span> <span class='ocrx_word' id='word_1_157' title='bbox 1313 2125 1634 2186; x_wconf 84' lang='lat' dir='ltr'><strong>gustaverunt</strong></span> <span class='ocrx_word' id='word_1_158' title='bbox 1659 2127 1704 2168; x_wconf 92' lang='lat' dir='ltr'><strong>et</strong></span> <span class='ocrx_word' id='word_1_159' title='bbox 1736 2116 1921 2167; x_wconf 83' lang='lat' dir='ltr'><strong>donum</strong></span> <span class='ocrx_word' id='word_1_160' title='bbox 1948 2112 2172 2174; x_wconf 75' lang='lat' dir='ltr'><strong>cwleste,</strong></span> <span class='ocrx_word' id='word_1_161' title='bbox 2199 2119 2246 2163; x_wconf 85' lang='lat' dir='ltr'><strong>et</strong></span> 
     </span>
    </p>
   </div>
   <div class='ocr_carea' id='block_1_22' title="bbox 682 2199 2248 2277">
    <p class='ocr_par' dir='ltr' id='par_1_22' title="bbox 682 2199 2248 2277">
     <span class='ocr_line' id='line_1_22' title="bbox 682 2199 2248 2277; baseline -0.011 -11"><span class='ocrx_word' id='word_1_162' title='bbox 682 2212 952 2277; x_wconf 85' lang='lat' dir='ltr'><strong>participes</strong></span> <span class='ocrx_word' id='word_1_163' title='bbox 981 2218 1093 2263; x_wconf 88' lang='lat' dir='ltr'><strong>sunt</strong></span> <span class='ocrx_word' id='word_1_164' title='bbox 1119 2210 1242 2276; x_wconf 78' lang='lat' dir='ltr'><strong>facti</strong></span> <span class='ocrx_word' id='word_1_165' title='bbox 1274 2208 1496 2275; x_wconf 78' lang='lat' dir='ltr'><strong>Spiritus</strong></span> <span class='ocrx_word' id='word_1_166' title='bbox 1517 2207 1714 2262; x_wconf 86' lang='lat' dir='ltr'><strong>Sancti.</strong></span> <span class='ocrx_word' id='word_1_167' title='bbox 1733 2209 2051 2272; x_wconf 86' lang='lat' dir='ltr'><strong>gustaverunt</strong></span> <span class='ocrx_word' id='word_1_168' title='bbox 2069 2199 2248 2251; x_wconf 87' lang='lat' dir='ltr'><strong>nihilo-</strong></span> 
     </span>
    </p>
   </div>
   <div class='ocr_carea' id='block_1_23' title="bbox 679 2289 2248 2363">
    <p class='ocr_par' dir='ltr' id='par_1_23' title="bbox 679 2289 2248 2363">
     <span class='ocr_line' id='line_1_23' title="bbox 679 2289 2248 2363; baseline -0.011 -7"><span class='ocrx_word' id='word_1_169' title='bbox 679 2303 843 2356; x_wconf 86' lang='lat' dir='ltr'><strong>minus</strong></span> <span class='ocrx_word' id='word_1_170' title='bbox 871 2301 1052 2353; x_wconf 89' lang='lat' dir='ltr'><strong>bonum</strong></span> <span class='ocrx_word' id='word_1_171' title='bbox 1075 2297 1168 2350; x_wconf 89' lang='lat' dir='ltr'><strong>Dei</strong></span> <span class='ocrx_word' id='word_1_172' title='bbox 1199 2295 1412 2349; x_wconf 84' lang='lat' dir='ltr'><strong>Verbum</strong></span> <span class='ocrx_word' id='word_1_173' title='bbox 1441 2297 1740 2363; x_wconf 76' lang='lat' dir='ltr'><strong>virtutesque</strong></span> <span class='ocrx_word' id='word_1_174' title='bbox 1765 2291 1934 2345; x_wconf 73' lang='lat' dir='ltr'><strong>saeculi</strong></span> <span class='ocrx_word' id='word_1_175' title='bbox 1958 2289 2170 2352; x_wconf 80' lang='lat' dir='ltr'><strong>venturi,</strong></span> <span class='ocrx_word' id='word_1_176' title='bbox 2201 2298 2248 2340; x_wconf 86' lang='lat' dir='ltr'><strong>et</strong></span> 
     </span>
    </p>
   </div>
   <div class='ocr_carea' id='block_1_24' title="bbox 681 2385 2250 2461">
    <p class='ocr_par' dir='ltr' id='par_1_24' title="bbox 681 2385 2250 2461">
     <span class='ocr_line' id='line_1_24' title="bbox 681 2385 2250 2461; baseline -0.008 -17"><span class='ocrx_word' id='word_1_177' title='bbox 681 2391 905 2461; x_wconf 81' lang='lat' dir='ltr'><strong>prolapsi</strong></span> <span class='ocrx_word' id='word_1_178' title='bbox 934 2398 1070 2450; x_wconf 80' lang='lat' dir='ltr'><strong>sunt,</strong></span> <span class='ocrx_word' id='word_1_179' title='bbox 1099 2387 1329 2440; x_wconf 80' lang='lat' dir='ltr'><strong>renovari</strong></span> <span class='ocrx_word' id='word_1_180' title='bbox 1355 2387 1533 2438; x_wconf 82' lang='lat' dir='ltr'><strong>iterum</strong></span> <span class='ocrx_word' id='word_1_181' title='bbox 1557 2385 1625 2436; x_wconf 88' lang='lat' dir='ltr'><strong>ad</strong></span> <span class='ocrx_word' id='word_1_182' title='bbox 1651 2385 2017 2454; x_wconf 77' lang='lat' dir='ltr'><strong>paenitentiam,</strong></span> <span class='ocrx_word' id='word_1_183' title='bbox 2045 2396 2250 2433; x_wconf 85' lang='lat' dir='ltr'><strong>rursum</strong></span> 
     </span>
    </p>
   </div>
   <div class='ocr_carea' id='block_1_25' title="bbox 680 2471 2247 2550">
    <p class='ocr_par' dir='ltr' id='par_1_25' title="bbox 680 2471 2247 2550">
     <span class='ocr_line' id='line_1_25' title="bbox 680 2471 2247 2550; baseline -0.008 -14"><span class='ocrx_word' id='word_1_184' title='bbox 680 2482 1024 2550; x_wconf 83' lang='lat' dir='ltr'><strong>cruciﬁgentes</strong></span> <span class='ocrx_word' id='word_1_185' title='bbox 1042 2479 1234 2533; x_wconf 81' lang='lat' dir='ltr'><strong>sibimet</strong></span> <span class='ocrx_word' id='word_1_186' title='bbox 1252 2477 1372 2541; x_wconf 82' lang='lat' dir='ltr'><strong>ipsis</strong></span> <span class='ocrx_word' id='word_1_187' title='bbox 1391 2475 1581 2528; x_wconf 81' lang='lat' dir='ltr'><strong>Filium</strong></span> <span class='ocrx_word' id='word_1_188' title='bbox 1596 2473 1711 2539; x_wconf 85' lang='lat' dir='ltr'><strong>Dei,</strong></span> <span class='ocrx_word' id='word_1_189' title='bbox 1726 2485 1773 2526; x_wconf 89' lang='lat' dir='ltr'><strong>et</strong></span> <span class='ocrx_word' id='word_1_190' title='bbox 1790 2473 2003 2526; x_wconf 84' lang='lat' dir='ltr'><strong>ostentui</strong></span> <span class='ocrx_word' id='word_1_191' title='bbox 2015 2471 2247 2524; x_wconf 82' lang='lat' dir='ltr'><strong>habentes</strong></span> 
     </span>
    </p>
   </div>
   <div class='ocr_carea' id='block_1_26' title="bbox 683 2560 2250 2641">
    <p class='ocr_par' dir='ltr' id='par_1_26' title="bbox 683 2560 2250 2641">
     <span class='ocr_line' id='line_1_26' title="bbox 683 2560 2250 2641; baseline -0.006 -17"><span class='ocrx_word' id='word_1_192' title='bbox 683 2570 868 2641; x_wconf 80' lang='lat' dir='ltr'><strong>(Hebr.</strong></span> <span class='ocrx_word' id='word_1_193' title='bbox 895 2573 947 2622; x_wconf 84' lang='lat'><strong>6.</strong></span> <span class='ocrx_word' id='word_1_194' title='bbox 978 2568 1053 2636; x_wconf 86' lang='lat'><strong>6).</strong></span> <span class='ocrx_word' id='word_1_195' title='bbox 1085 2567 1140 2621; x_wconf 88' lang='lat' dir='ltr'><strong>Si</strong></span> <span class='ocrx_word' id='word_1_196' title='bbox 1167 2565 1266 2618; x_wconf 91' lang='lat' dir='ltr'><strong>hoc</strong></span> <span class='ocrx_word' id='word_1_197' title='bbox 1295 2566 1432 2618; x_wconf 88' lang='lat' dir='ltr'><strong>scire</strong></span> <span class='ocrx_word' id='word_1_198' title='bbox 1455 2565 1704 2617; x_wconf 88' lang='lat' dir='ltr'><strong>voluisset</strong></span> <span class='ocrx_word' id='word_1_199' title='bbox 1722 2562 1840 2633; x_wconf 56' lang='lat'><strong>[515.</strong></span> <span class='ocrx_word' id='word_1_200' title='bbox 1867 2560 2112 2633; x_wconf 79' lang='lat' dir='ltr'><strong>coluisti],</strong></span> <span class='ocrx_word' id='word_1_201' title='bbox 2144 2561 2250 2615; x_wconf 92' lang='lat' dir='ltr'><strong>imo</strong></span> 
     </span>
    </p>
   </div>
   <div class='ocr_carea' id='block_1_27' title="bbox 687 2650 2248 2728">
    <p class='ocr_par' dir='ltr' id='par_1_27' title="bbox 687 2650 2248 2728">
     <span class='ocr_line' id='line_1_27' title="bbox 687 2650 2248 2728; baseline -0.008 -13"><span class='ocrx_word' id='word_1_202' title='bbox 687 2663 732 2714; x_wconf 92' lang='lat' dir='ltr'><strong>si</strong></span> <span class='ocrx_word' id='word_1_203' title='bbox 786 2675 892 2715; x_wconf 91' lang='lat' dir='ltr'><strong>non</strong></span> <span class='ocrx_word' id='word_1_204' title='bbox 918 2675 978 2714; x_wconf 84' lang='lat' dir='ltr'><strong>ea</strong></span> <span class='ocrx_word' id='word_1_205' title='bbox 1005 2674 1123 2728; x_wconf 69' lang='lat' dir='ltr'><strong>qua:</strong></span> <span class='ocrx_word' id='word_1_206' title='bbox 1167 2650 1298 2719; x_wconf 48' lang='lat' dir='ltr'><strong>scit,</strong></span> <span class='ocrx_word' id='word_1_207' title='bbox 1340 2663 1709 2709; x_wconf 87' lang='lat' dir='ltr'><strong>contemneret</strong></span> <span class='ocrx_word' id='word_1_208' title='bbox 1757 2652 1877 2723; x_wconf 82' lang='lat' dir='ltr'><strong>[Ms.</strong></span> <span class='ocrx_word' id='word_1_209' title='bbox 1925 2650 2248 2723; x_wconf 86' lang='lat' dir='ltr'><strong>contemnet],</strong></span> 
     </span>
    </p>
   </div>
   <div class='ocr_carea' id='block_1_28' title="bbox 685 2742 2253 2818">
    <p class='ocr_par' dir='ltr' id='par_1_28' title="bbox 685 2742 2253 2818">
     <span class='ocr_line' id='line_1_28' title="bbox 685 2742 2253 2818; baseline -0.007 -13"><span class='ocrx_word' id='word_1_210' title='bbox 685 2764 955 2818; x_wconf 86' lang='lat' dir='ltr'><strong>nunquam</strong></span> <span class='ocrx_word' id='word_1_211' title='bbox 1001 2746 1254 2814; x_wconf 78' lang='lat' dir='ltr'><strong>Apostulu</strong></span> <span class='ocrx_word' id='word_1_212' title='bbox 1301 2743 1716 2806; x_wconf 81' lang='lat' dir='ltr'><strong>contradicens,</strong></span> <span class='ocrx_word' id='word_1_213' title='bbox 1773 2757 1868 2810; x_wconf 90' lang='lat' dir='ltr'><strong>pro</strong></span> <span class='ocrx_word' id='word_1_214' title='bbox 1916 2742 2253 2794; x_wconf 66' lang='lat' dir='ltr'><strong>[immunibus</strong></span> 
     </span>
    </p>
   </div>
   <div class='ocr_carea' id='block_1_29' title="bbox 683 2832 2255 2910">
    <p class='ocr_par' dir='ltr' id='par_1_29' title="bbox 683 2832 2255 2910">
     <span class='ocr_line' id='line_1_29' title="bbox 683 2832 2255 2910; baseline -0.007 -16"><span class='ocrx_word' id='word_1_215' title='bbox 683 2856 894 2910; x_wconf 91' lang='lat' dir='ltr'><strong>quoque</strong></span> <span class='ocrx_word' id='word_1_216' title='bbox 932 2839 1133 2892; x_wconf 90' lang='lat' dir='ltr'><strong>diceret</strong></span> <span class='ocrx_word' id='word_1_217' title='bbox 1167 2835 1286 2908; x_wconf 57' lang='lat'><strong>[313.</strong></span> <span class='ocrx_word' id='word_1_218' title='bbox 1323 2832 1496 2905; x_wconf 84' lang='lat' dir='ltr'><strong>dicet].</strong></span> <span class='ocrx_word' id='word_1_219' title='bbox 1534 2832 1807 2888; x_wconf 73' lang='lat' dir='ltr'><strong>Christum</strong></span> <span class='ocrx_word' id='word_1_220' title='bbox 1856 2846 2168 2900; x_wconf 68' lang='lat' dir='ltr'><strong>passurum,</strong></span> <span class='ocrx_word' id='word_1_221' title='bbox 2200 2842 2255 2884; x_wconf 92' lang='lat' dir='ltr'><strong>et</strong></span> 
     </span>
    </p>
   </div>
   <div class='ocr_carea' id='block_1_30' title="bbox 683 2923 2252 3001">
    <p class='ocr_par' dir='ltr' id='par_1_30' title="bbox 683 2923 2252 3001">
     <span class='ocr_line' id='line_1_30' title="bbox 683 2923 2252 3001; baseline -0.006 -16"><span class='ocrx_word' id='word_1_222' title='bbox 683 2947 806 2987; x_wconf 88' lang='lat' dir='ltr'><strong>emn</strong></span> <span class='ocrx_word' id='word_1_223' title='bbox 844 2929 1108 3001; x_wconf 68' lang='lat' dir='ltr'><strong>prmberet</strong></span> <span class='ocrx_word' id='word_1_224' title='bbox 1149 2925 1266 2998; x_wconf 80' lang='lat' dir='ltr'><strong>[Ms.</strong></span> <span class='ocrx_word' id='word_1_225' title='bbox 1298 2923 1502 2995; x_wconf 64' lang='lat' dir='ltr'><strong>prabet]</strong></span> <span class='ocrx_word' id='word_1_226' title='bbox 1540 2925 1771 2978; x_wconf 85' lang='lat' dir='ltr'><strong>ostentui</strong></span> <span class='ocrx_word' id='word_1_227' title='bbox 1805 2923 2023 2977; x_wconf 89' lang='lat' dir='ltr'><strong>:clausa</strong></span> <span class='ocrx_word' id='word_1_228' title='bbox 2048 2963 2064 2989; x_wconf 94' lang='lat'><strong>,</strong></span> <span class='ocrx_word' id='word_1_229' title='bbox 2109 2923 2252 2992; x_wconf 89' lang='lat' dir='ltr'><strong>quod</strong></span> 
     </span>
    </p>
   </div>
   <div class='ocr_carea' id='block_1_31' title="bbox 685 3014 2253 3090">
    <p class='ocr_par' dir='ltr' id='par_1_31' title="bbox 685 3014 2253 3090">
     <span class='ocr_line' id='line_1_31' title="bbox 685 3014 2253 3090; baseline -0.004 -16"><span class='ocrx_word' id='word_1_230' title='bbox 685 3020 951 3090; x_wconf 76' lang='lat' dir='ltr'><strong>legimus,</strong></span> <span class='ocrx_word' id='word_1_231' title='bbox 1004 3033 1134 3072; x_wconf 89' lang='lat' dir='ltr'><strong>aure</strong></span> <span class='ocrx_word' id='word_1_232' title='bbox 1183 3014 1586 3082; x_wconf 71' lang='lat' dir='ltr'><strong>pertransiens,</strong></span> <span class='ocrx_word' id='word_1_233' title='bbox 1638 3014 1867 3066; x_wconf 82' lang='lat' dir='ltr'><strong>Christus</strong></span> <span class='ocrx_word' id='word_1_234' title='bbox 1913 3028 2178 3082; x_wconf 84' lang='lat' dir='ltr'><strong>resurgens</strong></span> <span class='ocrx_word' id='word_1_235' title='bbox 2221 3031 2253 3067; x_wconf 88' lang='lat' dir='ltr'><strong>a</strong></span> 
     </span>
    </p>
   </div>
   <div class='ocr_carea' id='block_1_32' title="bbox 683 3103 2255 3172">
    <p class='ocr_par' dir='ltr' id='par_1_32' title="bbox 683 3103 2255 3172">
     <span class='ocr_line' id='line_1_32' title="bbox 683 3103 2255 3172; baseline -0.006 -10"><span class='ocrx_word' id='word_1_236' title='bbox 683 3109 916 3172; x_wconf 85' lang='lat' dir='ltr'><strong>mortuis,</strong></span> <span class='ocrx_word' id='word_1_237' title='bbox 941 3108 1076 3160; x_wconf 87' lang='lat' dir='ltr'><strong>ultra</strong></span> <span class='ocrx_word' id='word_1_238' title='bbox 1101 3123 1202 3159; x_wconf 85' lang='lat' dir='ltr'><strong>non</strong></span> <span class='ocrx_word' id='word_1_239' title='bbox 1228 3106 1441 3158; x_wconf 89' lang='lat' dir='ltr'><strong>moritur</strong></span> <span class='ocrx_word' id='word_1_240' title='bbox 1463 3120 1482 3157; x_wconf 89' lang='lat'><strong><em>:</em></strong></span> <span class='ocrx_word' id='word_1_241' title='bbox 1505 3120 1638 3156; x_wconf 85' lang='lat' dir='ltr'><strong>mors</strong></span> <span class='ocrx_word' id='word_1_242' title='bbox 1669 3104 1713 3155; x_wconf 85' lang='lat' dir='ltr'><strong>ei</strong></span> <span class='ocrx_word' id='word_1_243' title='bbox 1743 3119 2058 3171; x_wconf 82' lang='lat' dir='ltr'><strong>nequaquam</strong></span> <span class='ocrx_word' id='word_1_244' title='bbox 2091 3103 2255 3154; x_wconf 83' lang='lat' dir='ltr'><strong>domi-</strong></span> 
     </span>
    </p>
   </div>
   <div class='ocr_carea' id='block_1_33' title="bbox 685 3197 2254 3260">
    <p class='ocr_par' dir='ltr' id='par_1_33' title="bbox 685 3197 2254 3260">
     <span class='ocr_line' id='line_1_33' title="bbox 685 3197 2254 3260; baseline -0.005 -7"><span class='ocrx_word' id='word_1_245' title='bbox 685 3199 901 3253; x_wconf 83' lang='lat' dir='ltr'><strong>nabitur.</strong></span> <span class='ocrx_word' id='word_1_246' title='bbox 950 3197 1100 3260; x_wconf 76' lang='lat' dir='ltr'><strong>Quod</strong></span> <span class='ocrx_word' id='word_1_247' title='bbox 1137 3197 1268 3248; x_wconf 87' lang='lat' dir='ltr'><strong>enim</strong></span> <span class='ocrx_word' id='word_1_248' title='bbox 1303 3203 1526 3246; x_wconf 87' lang='lat' dir='ltr'><strong>mortuus</strong></span> <span class='ocrx_word' id='word_1_249' title='bbox 1554 3202 1624 3246; x_wconf 87' lang='lat' dir='ltr'><strong>est</strong></span> <span class='ocrx_word' id='word_1_250' title='bbox 1662 3204 1863 3259; x_wconf 85' lang='lat' dir='ltr'><strong>peccato</strong></span> <span class='ocrx_word' id='word_1_251' title='bbox 1885 3232 1898 3252; x_wconf 89' lang='lat'><strong>,</strong></span> <span class='ocrx_word' id='word_1_252' title='bbox 1931 3202 2156 3244; x_wconf 88' lang='lat' dir='ltr'><strong>mortuus</strong></span> <span class='ocrx_word' id='word_1_253' title='bbox 2181 3201 2254 3245; x_wconf 85' lang='lat' dir='ltr'><strong>est</strong></span> 
     </span>
    </p>
   </div>
   <div class='ocr_carea' id='block_1_34' title="bbox 684 3283 2252 3356">
    <p class='ocr_par' dir='ltr' id='par_1_34' title="bbox 684 3283 2252 3356">
     <span class='ocr_line' id='line_1_34' title="bbox 684 3283 2252 3356; baseline -0.004 -12"><span class='ocrx_word' id='word_1_254' title='bbox 684 3287 856 3349; x_wconf 85' lang='lat' dir='ltr'><strong>semel,</strong></span> <span class='ocrx_word' id='word_1_255' title='bbox 888 3288 1021 3356; x_wconf 88' lang='lat' dir='ltr'><strong>quod</strong></span> <span class='ocrx_word' id='word_1_256' title='bbox 1049 3296 1216 3338; x_wconf 89' lang='lat' dir='ltr'><strong>autem</strong></span> <span class='ocrx_word' id='word_1_257' title='bbox 1241 3286 1376 3348; x_wconf 77' lang='lat' dir='ltr'><strong>vivit,</strong></span> <span class='ocrx_word' id='word_1_258' title='bbox 1407 3285 1521 3336; x_wconf 76' lang='lat' dir='ltr'><strong>vivit</strong></span> <span class='ocrx_word' id='word_1_259' title='bbox 1546 3284 1605 3336; x_wconf 86' lang='lat' dir='ltr'><strong>in</strong></span> <span class='ocrx_word' id='word_1_260' title='bbox 1635 3283 1850 3336; x_wconf 84' lang='lat' dir='ltr'><strong>Domino</strong></span> <span class='ocrx_word' id='word_1_261' title='bbox 1893 3283 2085 3353; x_wconf 82' lang='lat' dir='ltr'><strong>(Rom.</strong></span> <span class='ocrx_word' id='word_1_262' title='bbox 2115 3283 2165 3338; x_wconf 91' lang='lat'><strong>6.</strong></span> <span class='ocrx_word' id='word_1_263' title='bbox 2197 3283 2252 3338; x_wconf 90' lang='lat'><strong>9.</strong></span> 
     </span>
    </p>
   </div>
   <div class='ocr_carea' id='block_1_35' title="bbox 691 3373 2253 3447">
    <p class='ocr_par' dir='ltr' id='par_1_35' title="bbox 691 3373 2253 3447">
     <span class='ocr_line' id='line_1_35' title="bbox 691 3373 2253 3447; baseline -0.005 -13"><span class='ocrx_word' id='word_1_264' title='bbox 691 3381 814 3447; x_wconf 77' lang='grc'><strong>10).</strong></span> <span class='ocrx_word' id='word_1_265' title='bbox 847 3378 959 3432; x_wconf 79' lang='lat' dir='ltr'><strong>Hoc</strong></span> <span class='ocrx_word' id='word_1_266' title='bbox 986 3376 1128 3429; x_wconf 89' lang='lat' dir='ltr'><strong>enim</strong></span> <span class='ocrx_word' id='word_1_267' title='bbox 1155 3374 1294 3443; x_wconf 92' lang='lat' dir='ltr'><strong>quod</strong></span> <span class='ocrx_word' id='word_1_268' title='bbox 1321 3375 1512 3427; x_wconf 91' lang='lat' dir='ltr'><strong>dicitur</strong></span> <span class='ocrx_word' id='word_1_269' title='bbox 1534 3373 1686 3425; x_wconf 86' lang='lat' dir='ltr'><strong>semel</strong></span> <span class='ocrx_word' id='word_1_270' title='bbox 1715 3389 1818 3426; x_wconf 91' lang='lat' dir='ltr'><strong>non</strong></span> <span class='ocrx_word' id='word_1_271' title='bbox 1847 3374 2136 3426; x_wconf 88' lang='lat' dir='ltr'><strong>secundum</strong></span> <span class='ocrx_word' id='word_1_272' title='bbox 2164 3389 2253 3426; x_wconf 87' lang='lat' dir='ltr'><strong>re-</strong></span> 
     </span>
    </p>
   </div>
   <div class='ocr_carea' id='block_1_36' title="bbox 689 3462 2256 3538">
    <p class='ocr_par' dir='ltr' id='par_1_36' title="bbox 689 3462 2256 3538">
     <span class='ocr_line' id='line_1_36' title="bbox 689 3462 2256 3538; baseline -0.005 -14"><span class='ocrx_word' id='word_1_273' title='bbox 689 3468 837 3538; x_wconf 89' lang='lat' dir='ltr'><strong>cipit,</strong></span> <span class='ocrx_word' id='word_1_274' title='bbox 863 3479 960 3520; x_wconf 91' lang='lat' dir='ltr'><strong>nec</strong></span> <span class='ocrx_word' id='word_1_275' title='bbox 975 3465 1196 3518; x_wconf 76' lang='lat' dir='ltr'><strong>tertium</strong></span> <span class='ocrx_word' id='word_1_276' title='bbox 1221 3481 1234 3516; x_wconf 89' lang='lat'>:</span> <span class='ocrx_word' id='word_1_277' title='bbox 1259 3463 1399 3516; x_wconf 91' lang='lat' dir='ltr'><strong>unde</strong></span> <span class='ocrx_word' id='word_1_278' title='bbox 1428 3462 1716 3530; x_wconf 83' lang='lat' dir='ltr'><strong>Apostolus</strong></span> <span class='ocrx_word' id='word_1_279' title='bbox 1737 3463 1913 3515; x_wconf 87' lang='lat' dir='ltr'><strong>sciens</strong></span> <span class='ocrx_word' id='word_1_280' title='bbox 1942 3477 2060 3516; x_wconf 90' lang='lat' dir='ltr'><strong>eum</strong></span> <span class='ocrx_word' id='word_1_281' title='bbox 2091 3463 2256 3516; x_wconf 86' lang='lat' dir='ltr'><strong>semel</strong></span> 
     </span>
    </p>
   </div>
   <div class='ocr_carea' id='block_1_37' title="bbox 689 3552 2257 3626">
    <p class='ocr_par' dir='ltr' id='par_1_37' title="bbox 689 3552 2257 3626">
     <span class='ocr_line' id='line_1_37' title="bbox 689 3552 2257 3626; baseline -0.006 -11"><span class='ocrx_word' id='word_1_282' title='bbox 689 3558 949 3626; x_wconf 86' lang='lat' dir='ltr'><strong>crucifigi,</strong></span> <span class='ocrx_word' id='word_1_283' title='bbox 969 3565 1075 3610; x_wconf 83' lang='lat' dir='ltr'><strong>tota</strong></span> <span class='ocrx_word' id='word_1_284' title='bbox 1098 3554 1163 3609; x_wconf 88' lang='lat' dir='ltr'><strong>ad</strong></span> <span class='ocrx_word' id='word_1_285' title='bbox 1186 3553 1436 3607; x_wconf 68' lang='lat' dir='ltr'><strong>Hebraeos</strong></span> <span class='ocrx_word' id='word_1_286' title='bbox 1456 3553 1686 3606; x_wconf 87' lang='lat' dir='ltr'><strong>affirmat</strong></span> <span class='ocrx_word' id='word_1_287' title='bbox 1704 3553 1922 3606; x_wconf 89' lang='lat' dir='ltr'><strong>audacia</strong></span> <span class='ocrx_word' id='word_1_288' title='bbox 1950 3573 1963 3606; x_wconf 89' lang='lat'><strong>:</strong></span> <span class='ocrx_word' id='word_1_289' title='bbox 1992 3552 2105 3606; x_wconf 80' lang='lat' dir='ltr'><strong>Hoc</strong></span> <span class='ocrx_word' id='word_1_290' title='bbox 2127 3556 2257 3606; x_wconf 79' lang='lat' dir='ltr'><strong>enim</strong></span> 
     </span>
    </p>
   </div>
   <div class='ocr_carea' id='block_1_38' title="bbox 689 3643 1906 3722">
    <p class='ocr_par' dir='ltr' id='par_1_38' title="bbox 689 3643 1906 3722">
     <span class='ocr_line' id='line_1_38' title="bbox 689 3643 1906 3722; baseline -0.006 -17"><span class='ocrx_word' id='word_1_291' title='bbox 689 3653 808 3722; x_wconf 77' lang='lat' dir='ltr'><strong>fecit</strong></span> <span class='ocrx_word' id='word_1_292' title='bbox 833 3647 985 3702; x_wconf 82' lang='lat' dir='ltr'><strong>semel</strong></span> <span class='ocrx_word' id='word_1_293' title='bbox 1007 3664 1059 3700; x_wconf 88' lang='lat' dir='ltr'><strong>se</strong></span> <span class='ocrx_word' id='word_1_294' title='bbox 1084 3647 1248 3716; x_wconf 89' lang='lat' dir='ltr'><strong>ipsum</strong></span> <span class='ocrx_word' id='word_1_295' title='bbox 1277 3643 1492 3711; x_wconf 72' lang='lat' dir='ltr'><strong>olferens</strong></span> <span class='ocrx_word' id='word_1_296' title='bbox 1521 3643 1678 3716; x_wconf 73' lang='grc' dir='ltr'><strong>(Πρὸ.</strong></span> <span class='ocrx_word' id='word_1_297' title='bbox 1707 3646 1760 3700; x_wconf 87' lang='lat'><strong>7.</strong></span> <span class='ocrx_word' id='word_1_298' title='bbox 1788 3645 1906 3715; x_wconf 76' lang='lat'><strong>27).</strong></span> 
     </span>
    </p>
   </div>
   <div class='ocr_carea' id='block_1_39' title="bbox 763 3734 2257 3808">
    <p class='ocr_par' dir='ltr' id='par_1_39' title="bbox 763 3734 2257 3808">
     <span class='ocr_line' id='line_1_39' title="bbox 763 3734 2257 3808; baseline -0.003 -13"><span class='ocrx_word' id='word_1_299' title='bbox 763 3741 818 3795; x_wconf 85' lang='lat'><strong>5.</strong></span> <span class='ocrx_word' id='word_1_300' title='bbox 845 3738 924 3793; x_wconf 91' lang='lat' dir='ltr'><strong>0b</strong></span> <span class='ocrx_word' id='word_1_301' title='bbox 952 3739 1065 3791; x_wconf 66' lang='lat' dir='ltr'><strong>haec</strong></span> <span class='ocrx_word' id='word_1_302' title='bbox 1089 3745 1142 3790; x_wconf 91' lang='lat' dir='ltr'><strong>et</strong></span> <span class='ocrx_word' id='word_1_303' title='bbox 1167 3735 1270 3790; x_wconf 90' lang='lat' dir='ltr'><strong>alia</strong></span> <span class='ocrx_word' id='word_1_304' title='bbox 1301 3735 1544 3804; x_wconf 88' lang='lat' dir='ltr'><strong>plurima,</strong></span> <span class='ocrx_word' id='word_1_305' title='bbox 1573 3734 1642 3790; x_wconf 88' lang='lat' dir='ltr'><strong>de</strong></span> <span class='ocrx_word' id='word_1_306' title='bbox 1663 3735 1855 3804; x_wconf 89' lang='lat' dir='ltr'><strong>quibus</strong></span> <span class='ocrx_word' id='word_1_307' title='bbox 1878 3737 2113 3791; x_wconf 84' lang='lat' dir='ltr'><strong>scribere</strong></span> <span class='ocrx_word' id='word_1_308' title='bbox 2141 3743 2257 3808; x_wconf 80' lang='lat' dir='ltr'><strong>epi-</strong></span> 
     </span>
    </p>
   </div>
   <div class='ocr_carea' id='block_1_40' title="bbox 692 3825 2258 3895">
    <p class='ocr_par' dir='ltr' id='par_1_40' title="bbox 692 3825 2258 3895">
     <span class='ocr_line' id='line_1_40' title="bbox 692 3825 2258 3895; baseline -0.002 -11"><span class='ocrx_word' id='word_1_309' title='bbox 692 3828 906 3884; x_wconf 80' lang='lat' dir='ltr'><strong>stolaris</strong></span> <span class='ocrx_word' id='word_1_310' title='bbox 932 3840 1109 3880; x_wconf 91' lang='lat' dir='ltr'><strong>sermo</strong></span> <span class='ocrx_word' id='word_1_311' title='bbox 1129 3841 1236 3880; x_wconf 89' lang='lat' dir='ltr'><strong>non</strong></span> <span class='ocrx_word' id='word_1_312' title='bbox 1262 3825 1474 3894; x_wconf 87' lang='lat' dir='ltr'><strong>patitur,</strong></span> <span class='ocrx_word' id='word_1_313' title='bbox 1502 3825 1838 3879; x_wconf 88' lang='lat' dir='ltr'><strong>condemnati</strong></span> <span class='ocrx_word' id='word_1_314' title='bbox 1859 3835 2004 3890; x_wconf 92' lang='lat' dir='ltr'><strong>sunt,</strong></span> <span class='ocrx_word' id='word_1_315' title='bbox 2032 3837 2084 3880; x_wconf 92' lang='lat' dir='ltr'><strong>et</strong></span> <span class='ocrx_word' id='word_1_316' title='bbox 2105 3827 2258 3895; x_wconf 87' lang='lat' dir='ltr'><strong>ejeeti</strong></span> 
     </span>
    </p>
   </div>
   <div class='ocr_carea' id='block_1_41' title="bbox 693 3914 2257 3986">
    <p class='ocr_par' dir='ltr' id='par_1_41' title="bbox 693 3914 2257 3986">
     <span class='ocr_line' id='line_1_41' title="bbox 693 3914 2257 3986; baseline -0.004 -12"><span class='ocrx_word' id='word_1_317' title='bbox 693 3919 761 3974; x_wconf 94' lang='lat' dir='ltr'><strong>de</strong></span> <span class='ocrx_word' id='word_1_318' title='bbox 788 3916 1054 3981; x_wconf 84' lang='lat' dir='ltr'><strong>Ecclesia;</strong></span> <span class='ocrx_word' id='word_1_319' title='bbox 1086 3915 1180 3970; x_wconf 91' lang='lat' dir='ltr'><strong>sed</strong></span> <span class='ocrx_word' id='word_1_320' title='bbox 1204 3914 1427 3969; x_wconf 88' lang='lat' dir='ltr'><strong>fatuitati</strong></span> <span class='ocrx_word' id='word_1_321' title='bbox 1447 3914 1632 3983; x_wconf 86' lang='lat' dir='ltr'><strong>juncta</strong></span> <span class='ocrx_word' id='word_1_322' title='bbox 1660 3915 1904 3983; x_wconf 86' lang='lat' dir='ltr'><strong>superbia</strong></span> <span class='ocrx_word' id='word_1_323' title='bbox 1923 3957 1935 3976; x_wconf 87' lang='lat'><strong>,</strong></span> <span class='ocrx_word' id='word_1_324' title='bbox 1967 3916 2257 3986; x_wconf 79' lang='lat' dir='ltr'><strong>Episcopu-</strong></span> 
     </span>
    </p>
   </div>
   <div class='ocr_carea' id='block_1_42' title="bbox 689 4007 2256 4082">
    <p class='ocr_par' dir='ltr' id='par_1_42' title="bbox 689 4007 2256 4082">
     <span class='ocr_line' id='line_1_42' title="bbox 689 4007 2256 4082; baseline -0.004 -13"><span class='ocrx_word' id='word_1_325' title='bbox 689 4026 807 4066; x_wconf 86' lang='lat' dir='ltr'><strong>rum</strong></span> <span class='ocrx_word' id='word_1_326' title='bbox 847 4011 1008 4082; x_wconf 69' lang='lat'><strong>552</strong></span> <span class='ocrx_word' id='word_1_327' title='bbox 1039 4007 1253 4077; x_wconf 78' lang='lat' dir='ltr'><strong>iudiciis</strong></span> <span class='ocrx_word' id='word_1_328' title='bbox 1286 4007 1676 4070; x_wconf 82' lang='lat' dir='ltr'><strong>contradicunt,</strong></span> <span class='ocrx_word' id='word_1_329' title='bbox 1700 4008 2078 4062; x_wconf 73' lang='lat' dir='ltr'><strong>coluereticum</strong></span> <span class='ocrx_word' id='word_1_330' title='bbox 2103 4024 2256 4063; x_wconf 90' lang='lat' dir='ltr'><strong>suum</strong></span> 
     </span>
    </p>
   </div>
   <div class='ocr_carea' id='block_1_43' title="bbox 693 4097 2262 4170">
    <p class='ocr_par' dir='ltr' id='par_1_43' title="bbox 693 4097 2262 4170">
     <span class='ocr_line' id='line_1_43' title="bbox 693 4097 2262 4170; baseline -0.002 -13"><span class='ocrx_word' id='word_1_331' title='bbox 693 4104 923 4157; x_wconf 86' lang='lat' dir='ltr'><strong>nitentes</strong></span> <span class='ocrx_word' id='word_1_332' title='bbox 953 4099 1218 4154; x_wconf 88' lang='lat' dir='ltr'><strong>seditione</strong></span> <span class='ocrx_word' id='word_1_333' title='bbox 1255 4097 1574 4162; x_wconf 80' lang='lat' dir='ltr'><strong>defendere,</strong></span> <span class='ocrx_word' id='word_1_334' title='bbox 1606 4106 1661 4152; x_wconf 91' lang='lat' dir='ltr'><strong>et</strong></span> <span class='ocrx_word' id='word_1_335' title='bbox 1700 4114 1792 4167; x_wconf 91' lang='lat' dir='ltr'><strong>per</strong></span> <span class='ocrx_word' id='word_1_336' title='bbox 1821 4100 2020 4154; x_wconf 88' lang='lat' dir='ltr'><strong>alienas</strong></span> <span class='ocrx_word' id='word_1_337' title='bbox 2048 4103 2262 4170; x_wconf 77' lang='lat' dir='ltr'><strong>provin-</strong></span> 
     </span>
    </p>
   </div>
   <div class='ocr_carea' id='block_1_44' title="bbox 756 4246 2262 4312">
    <p class='ocr_par' dir='ltr' id='par_1_44' title="bbox 756 4246 2262 4312">
     <span class='ocr_line' id='line_1_44' title="bbox 756 4246 2262 4312; baseline 0.001 -14"><span class='ocrx_word' id='word_1_338' title='bbox 756 4249 937 4312; x_wconf 77' lang='lat' dir='ltr'><strong>(a)__Ex</strong></span> <span class='ocrx_word' id='word_1_339' title='bbox 961 4247 1114 4312; x_wconf 75' lang='lat' dir='ltr'><strong>Graec.</strong></span> <span class='ocrx_word' id='word_1_340' title='bbox 1131 4259 1238 4312; x_wconf 59' lang='grc' dir='ltr'>ιιτκ</span> <span class='ocrx_word' id='word_1_341' title='bbox 1258 4247 1384 4312; x_wconf 81' lang='lat' dir='ltr'><strong>quod</strong></span> <span class='ocrx_word' id='word_1_342' title='bbox 1409 4254 1483 4296; x_wconf 90' lang='lat' dir='ltr'><strong>est</strong></span> <span class='ocrx_word' id='word_1_343' title='bbox 1513 4246 1734 4312; x_wconf 74' lang='lat' dir='ltr'><strong>Verbum.</strong></span> <span class='ocrx_word' id='word_1_344' title='bbox 1757 4248 1894 4312; x_wconf 84' lang='lat' dir='ltr'><strong>Hanc</strong></span> <span class='ocrx_word' id='word_1_345' title='bbox 1914 4262 2058 4312; x_wconf 89' lang='lat' dir='ltr'><strong>porro</strong></span> <span class='ocrx_word' id='word_1_346' title='bbox 2077 4251 2140 4300; x_wconf 90' lang='lat' dir='ltr'><strong>de</strong></span> <span class='ocrx_word' id='word_1_347' title='bbox 2157 4253 2262 4300; x_wconf 88' lang='lat' dir='ltr'><strong>ani-</strong></span> 
     </span>
    </p>
   </div>
   <div class='ocr_carea' id='block_1_45' title="bbox 694 4309 2258 4370">
    <p class='ocr_par' dir='ltr' id='par_1_45' title="bbox 694 4309 2258 4370">
     <span class='ocr_line' id='line_1_45' title="bbox 694 4309 2258 4370; baseline 0.001 -10"><span class='ocrx_word' id='word_1_348' title='bbox 694 4309 773 4360; x_wconf 80' lang='lat' dir='ltr'><strong>ma</strong></span> <span class='ocrx_word' id='word_1_349' title='bbox 810 4309 988 4370; x_wconf 83' lang='lat' dir='ltr'><strong>Christi</strong></span> <span class='ocrx_word' id='word_1_350' title='bbox 1028 4309 1292 4358; x_wconf 82' lang='lat' dir='ltr'><strong>doctrinam</strong></span> <span class='ocrx_word' id='word_1_351' title='bbox 1331 4309 1478 4370; x_wconf 83' lang='lat' dir='ltr'><strong>longe</strong></span> <span class='ocrx_word' id='word_1_352' title='bbox 1519 4309 1750 4370; x_wconf 85' lang='lat' dir='ltr'><strong>absonam</strong></span> <span class='ocrx_word' id='word_1_353' title='bbox 1761 4309 1962 4370; x_wconf 12' lang='lat' dir='ltr'><strong>iiterniu</strong></span> <span class='ocrx_word' id='word_1_354' title='bbox 1999 4322 2258 4362; x_wconf 79' lang='lat' dir='ltr'><strong>execratur</strong></span> 
     </span>
    </p>
   </div>
   <div class='ocr_carea' id='block_1_46' title="bbox 691 4368 2256 4435">
    <p class='ocr_par' dir='ltr' id='par_1_46' title="bbox 691 4368 2256 4435">
     <span class='ocr_line' id='line_1_46' title="bbox 691 4368 2256 4435; baseline 0.001 -16"><span class='ocrx_word' id='word_1_355' title='bbox 691 4369 991 4435; x_wconf 67' lang='lat' dir='ltr'><strong>&#39;l‘heOphjlus</strong></span> <span class='ocrx_word' id='word_1_356' title='bbox 1013 4369 1060 4417; x_wconf 91' lang='lat' dir='ltr'><strong>in</strong></span> <span class='ocrx_word' id='word_1_357' title='bbox 1086 4370 1132 4435; x_wconf 77' lang='lat' dir='ltr'><strong>i_.</strong></span> <span class='ocrx_word' id='word_1_358' title='bbox 1160 4370 1328 4418; x_wconf 89' lang='lat' dir='ltr'><strong>Pasch.</strong></span> <span class='ocrx_word' id='word_1_359' title='bbox 1345 4368 1476 4435; x_wconf 77' lang='lat' dir='ltr'><strong>quod</strong></span> <span class='ocrx_word' id='word_1_360' title='bbox 1517 4383 1695 4431; x_wconf 85' lang='lat' dir='ltr'><strong>nempe</strong></span> <span class='ocrx_word' id='word_1_361' title='bbox 1721 4368 1836 4417; x_wconf 92' lang='lat' dir='ltr'><strong>illud</strong></span> <span class='ocrx_word' id='word_1_362' title='bbox 1871 4371 2017 4435; x_wconf 79' lang='lat' dir='ltr'><strong>Pauli</strong></span> <span class='ocrx_word' id='word_1_363' title='bbox 2047 4373 2256 4435; x_wconf 80' lang='lat' dir='ltr'><strong>Philipp.</strong></span> 
     </span>
    </p>
   </div>
   <div class='ocr_carea' id='block_1_47' title="bbox 692 4428 2255 4493">
    <p class='ocr_par' dir='ltr' id='par_1_47' title="bbox 692 4428 2255 4493">
     <span class='ocr_line' id='line_1_47' title="bbox 692 4428 2255 4493; baseline 0.003 -15"><span class='ocrx_word' id='word_1_364' title='bbox 692 4431 740 4478; x_wconf 75' lang='lat'><strong>2.</strong></span> <span class='ocrx_word' id='word_1_365' title='bbox 765 4433 814 4480; x_wconf 89' lang='lat'><strong>7.</strong></span> <span class='ocrx_word' id='word_1_366' title='bbox 836 4428 869 4474; x_wconf 75' lang='grc' dir='ltr'><strong>ἰ</strong></span> <span class='ocrx_word' id='word_1_367' title='bbox 891 4428 997 4477; x_wconf 83' lang='lat' dir='ltr'><strong>Non</strong></span> <span class='ocrx_word' id='word_1_368' title='bbox 1019 4429 1231 4493; x_wconf 71' lang='lat' dir='ltr'><strong>rapinam</strong></span> <span class='ocrx_word' id='word_1_369' title='bbox 1254 4428 1511 4493; x_wconf 56' lang='lat' dir='ltr'><strong>arbitratus</strong></span> <span class='ocrx_word' id='word_1_370' title='bbox 1537 4428 1766 4486; x_wconf 36' lang='lat' dir='ltr'><strong>esu—esse</strong></span> <span class='ocrx_word' id='word_1_371' title='bbox 1788 4443 1845 4480; x_wconf 88' lang='lat' dir='ltr'><strong>se</strong></span> <span class='ocrx_word' id='word_1_372' title='bbox 1866 4432 2103 4486; x_wconf 61' lang='lat' dir='ltr'><strong>retardent</strong></span> <span class='ocrx_word' id='word_1_373' title='bbox 2127 4428 2255 4493; x_wconf 75' lang='lat' dir='ltr'><strong>Deo,</strong></span> 
     </span>
    </p>
   </div>
   <div class='ocr_carea' id='block_1_48' title="bbox 692 4490 2257 4552">
    <p class='ocr_par' dir='ltr' id='par_1_48' title="bbox 692 4490 2257 4552">
     <span class='ocr_line' id='line_1_48' title="bbox 692 4490 2257 4552; baseline 0.003 -12"><span class='ocrx_word' id='word_1_374' title='bbox 692 4493 778 4540; x_wconf 76' lang='lat' dir='ltr'><strong>sed</strong></span> <span class='ocrx_word' id='word_1_375' title='bbox 801 4495 1116 4550; x_wconf 83' lang='lat' dir='ltr'><strong>semetipsum</strong></span> <span class='ocrx_word' id='word_1_376' title='bbox 1142 4491 1433 4552; x_wconf 80' lang='lat' dir='ltr'><strong>exinanivit,</strong></span> <span class='ocrx_word' id='word_1_377' title='bbox 1458 4490 1654 4552; x_wconf 84' lang='lat' dir='ltr'><strong>formam</strong></span> <span class='ocrx_word' id='word_1_378' title='bbox 1679 4493 1808 4538; x_wconf 79' lang='lat' dir='ltr'><strong>servi</strong></span> <span class='ocrx_word' id='word_1_379' title='bbox 1841 4495 2110 4552; x_wconf 83' lang='lat' dir='ltr'><strong>accipiens,</strong></span> <span class='ocrx_word' id='word_1_380' title='bbox 2135 4511 2158 4537; x_wconf 76' lang='grc' dir='ltr'><strong>ιι</strong></span> <span class='ocrx_word' id='word_1_381' title='bbox 2199 4490 2257 4545; x_wconf 79' lang='lat' dir='ltr'><strong>ad</strong></span> 
     </span>
    </p>
   </div>
   <div class='ocr_carea' id='block_1_49' title="bbox 693 4549 2255 4615">
    <p class='ocr_par' dir='ltr' id='par_1_49' title="bbox 693 4549 2255 4615">
     <span class='ocr_line' id='line_1_49' title="bbox 693 4549 2255 4615; baseline 0 -13"><span class='ocrx_word' id='word_1_382' title='bbox 693 4553 866 4604; x_wconf 81' lang='lat' dir='ltr'><strong>Christi</strong></span> <span class='ocrx_word' id='word_1_383' title='bbox 889 4549 1334 4615; x_wconf 66' lang='lat' dir='ltr'><strong>annnamretulerit</strong></span> <span class='ocrx_word' id='word_1_384' title='bbox 1353 4584 1367 4604; x_wconf 86' lang='lat'><strong>,</strong></span> <span class='ocrx_word' id='word_1_385' title='bbox 1390 4563 1534 4615; x_wconf 81' lang='lat' dir='ltr'><strong>quam</strong></span> <span class='ocrx_word' id='word_1_386' title='bbox 1562 4551 1664 4615; x_wconf 83' lang='lat' dir='ltr'><strong>Deo</strong></span> <span class='ocrx_word' id='word_1_387' title='bbox 1687 4552 1924 4615; x_wconf 76' lang='lat' dir='ltr'><strong>:equalem</strong></span> <span class='ocrx_word' id='word_1_388' title='bbox 1945 4549 2255 4615; x_wconf 77' lang='lat' dir='ltr'><strong>crediderit,</strong></span> 
     </span>
    </p>
   </div>
   <div class='ocr_carea' id='block_1_50' title="bbox 695 4610 2257 4672">
    <p class='ocr_par' dir='ltr' id='par_1_50' title="bbox 695 4610 2257 4672">
     <span class='ocr_line' id='line_1_50' title="bbox 695 4610 2257 4672; baseline 0.002 -10"><span class='ocrx_word' id='word_1_389' title='bbox 695 4623 743 4662; x_wconf 89' lang='lat' dir='ltr'><strong>et</strong></span> <span class='ocrx_word' id='word_1_390' title='bbox 773 4626 868 4661; x_wconf 89' lang='lat' dir='ltr'><strong>nou</strong></span> <span class='ocrx_word' id='word_1_391' title='bbox 893 4614 1044 4672; x_wconf 65' lang='lat' dir='ltr'><strong>ipsum</strong></span> <span class='ocrx_word' id='word_1_392' title='bbox 1069 4610 1282 4672; x_wconf 76' lang='lat' dir='ltr'><strong>V_erbum</strong></span> <span class='ocrx_word' id='word_1_393' title='bbox 1303 4647 1315 4664; x_wconf 88' lang='lat'><strong>,</strong></span> <span class='ocrx_word' id='word_1_394' title='bbox 1341 4613 1426 4658; x_wconf 81' lang='lat' dir='ltr'><strong>sed</strong></span> <span class='ocrx_word' id='word_1_395' title='bbox 1450 4610 1597 4658; x_wconf 87' lang='lat' dir='ltr'><strong>solam</strong></span> <span class='ocrx_word' id='word_1_396' title='bbox 1623 4611 1954 4672; x_wconf 64' lang='lat' dir='ltr'><strong>ejusanimam</strong></span> <span class='ocrx_word' id='word_1_397' title='bbox 1977 4616 2034 4661; x_wconf 87' lang='lat' dir='ltr'><strong>ad</strong></span> <span class='ocrx_word' id='word_1_398' title='bbox 2060 4610 2257 4666; x_wconf 82' lang='lat' dir='ltr'><strong>terrena</strong></span> 
     </span>
    </p>
   </div>
   <div class='ocr_carea' id='block_1_51' title="bbox 693 4670 2257 4742">
    <p class='ocr_par' dir='ltr' id='par_1_51' title="bbox 693 4670 2257 4742">
     <span class='ocr_line' id='line_1_51' title="bbox 693 4670 2257 4742; baseline 0.001 -22"><span class='ocrx_word' id='word_1_399' title='bbox 693 4670 1404 4742; x_wconf 35' lang='lat' dir='ltr'><strong>venisse—Vide.Justinianum</strong></span> <span class='ocrx_word' id='word_1_400' title='bbox 1432 4673 1571 4742; x_wconf 73' lang='lat' dir='ltr'><strong>epist.</strong></span> <span class='ocrx_word' id='word_1_401' title='bbox 1601 4672 1658 4719; x_wconf 88' lang='lat' dir='ltr'><strong>ad</strong></span> <span class='ocrx_word' id='word_1_402' title='bbox 1699 4671 1887 4720; x_wconf 80' lang='lat' dir='ltr'><strong>Menam</strong></span> <span class='ocrx_word' id='word_1_403' title='bbox 1922 4675 1967 4721; x_wconf 90' lang='lat' dir='ltr'><strong>in</strong></span> <span class='ocrx_word' id='word_1_404' title='bbox 2005 4675 2132 4742; x_wconf 51' lang='lat' dir='ltr'><strong>line,</strong></span> <span class='ocrx_word' id='word_1_405' title='bbox 2169 4680 2257 4742; x_wconf 67' lang='lat' dir='ltr'><strong>ubi</strong></span> 
     </span>
    </p>
   </div>
   <div class='ocr_carea' id='block_1_52' title="bbox 691 4729 2257 4796">
    <p class='ocr_par' dir='ltr' id='par_1_52' title="bbox 691 4729 2257 4796">
     <span class='ocr_line' id='line_1_52' title="bbox 691 4729 2257 4796; baseline 0.002 -12"><span class='ocrx_word' id='word_1_406' title='bbox 691 4735 920 4784; x_wconf 85' lang='lat' dir='ltr'><strong>delirium</strong></span> <span class='ocrx_word' id='word_1_407' title='bbox 957 4733 1082 4796; x_wconf 80' lang='lat' dir='ltr'><strong>istud</strong></span> <span class='ocrx_word' id='word_1_408' title='bbox 1104 4733 1322 4796; x_wconf 57' lang='lat' dir='ltr'><strong>ert-agitat</strong></span> <span class='ocrx_word' id='word_1_409' title='bbox 1345 4746 1409 4781; x_wconf 81' lang='lat' dir='ltr'><strong>ex</strong></span> <span class='ocrx_word' id='word_1_410' title='bbox 1447 4729 1584 4780; x_wconf 87' lang='lat' dir='ltr'><strong>libris</strong></span> <span class='ocrx_word' id='word_1_411' title='bbox 1604 4745 1685 4794; x_wconf 72' lang='grc' dir='ltr'>ιιρι</span> <span class='ocrx_word' id='word_1_412' title='bbox 1713 4745 1842 4796; x_wconf 67' lang='grc' dir='ltr'>ἀρχῶν,</span> <span class='ocrx_word' id='word_1_413' title='bbox 1875 4748 1983 4782; x_wconf 87' lang='lat' dir='ltr'><strong>nam</strong></span> <span class='ocrx_word' id='word_1_414' title='bbox 2008 4736 2058 4784; x_wconf 91' lang='lat' dir='ltr'><strong>in</strong></span> <span class='ocrx_word' id='word_1_415' title='bbox 2081 4729 2257 4788; x_wconf 77' lang='lat' dir='ltr'><strong>Bullini</strong></span> 
     </span>
    </p>
   </div>
   <div class='ocr_carea' id='block_1_53' title="bbox 693 4791 1282 4846">
    <p class='ocr_par' dir='ltr' id='par_1_53' title="bbox 693 4791 1282 4846">
     <span class='ocr_line' id='line_1_53' title="bbox 693 4791 1282 4846; baseline -0.008 -2"><span class='ocrx_word' id='word_1_416' title='bbox 693 4797 918 4846; x_wconf 80' lang='lat' dir='ltr'><strong>versione</strong></span> <span class='ocrx_word' id='word_1_417' title='bbox 940 4791 1282 4842; x_wconf 81' lang='lat' dir='ltr'><strong>dissimulatur.</strong></span> 
     </span>
    </p>
   </div>
   <div class='ocr_carea' id='block_1_54' title="bbox 757 4852 2258 4922">
    <p class='ocr_par' dir='ltr' id='par_1_54' title="bbox 757 4852 2258 4922">
     <span class='ocr_line' id='line_1_54' title="bbox 757 4852 2258 4922; baseline 0.001 -17"><span class='ocrx_word' id='word_1_418' title='bbox 757 4856 828 4917; x_wconf 89' lang='lat' dir='ltr'><strong>(b)</strong></span> <span class='ocrx_word' id='word_1_419' title='bbox 861 4856 978 4922; x_wconf 67' lang='lat' dir='ltr'><strong>Haec</strong></span> <span class='ocrx_word' id='word_1_420' title='bbox 999 4867 1189 4903; x_wconf 86' lang='lat' dir='ltr'><strong>rursum</strong></span> <span class='ocrx_word' id='word_1_421' title='bbox 1215 4854 1519 4922; x_wconf 77' lang='lat' dir='ltr'><strong>devoventur</strong></span> <span class='ocrx_word' id='word_1_422' title='bbox 1537 4852 1752 4903; x_wconf 84' lang='lat' dir='ltr'><strong>Paschal.</strong></span> <span class='ocrx_word' id='word_1_423' title='bbox 1783 4855 1975 4922; x_wconf 73' lang='lat' dir='ltr'><strong>_1._qttod</strong></span> <span class='ocrx_word' id='word_1_424' title='bbox 1999 4855 2258 4922; x_wconf 73' lang='lat' dir='ltr'><strong>Christum,</strong></span> 
     </span>
    </p>
   </div>
   <div class='ocr_carea' id='block_1_55' title="bbox 693 4914 2259 4980">
    <p class='ocr_par' dir='ltr' id='par_1_55' title="bbox 693 4914 2259 4980">
     <span class='ocr_line' id='line_1_55' title="bbox 693 4914 2259 4980; baseline 0.003 -14"><span class='ocrx_word' id='word_1_425' title='bbox 693 4914 871 4980; x_wconf 71' lang='lat' dir='ltr'><strong>dixerit</strong></span> <span class='ocrx_word' id='word_1_426' title='bbox 893 4918 1153 4980; x_wconf 46' lang='lat' dir='ltr'><strong>Origenes;</strong></span> <span class='ocrx_word' id='word_1_427' title='bbox 1159 4927 1246 4977; x_wconf 87' lang='lat' dir='ltr'><strong>pro</strong></span> <span class='ocrx_word' id='word_1_428' title='bbox 1270 4914 1603 4980; x_wconf 64' lang='lat' dir='ltr'><strong>petitionibus,</strong></span> <span class='ocrx_word' id='word_1_429' title='bbox 1631 4929 1698 4980; x_wconf 65' lang='lat' dir='ltr'><strong>ac</strong></span> <span class='ocrx_word' id='word_1_430' title='bbox 1721 4914 2017 4980; x_wconf 73' lang='lat' dir='ltr'><strong>spiritalibus</strong></span> <span class='ocrx_word' id='word_1_431' title='bbox 2037 4914 2259 4980; x_wconf 77' lang='lat' dir='ltr'><strong>nequitiis</strong></span> 
     </span>
    </p>
   </div>
   <div class='ocr_carea' id='block_1_56' title="bbox 693 4973 2259 5040">
    <p class='ocr_par' dir='ltr' id='par_1_56' title="bbox 693 4973 2259 5040">
     <span class='ocr_line' id='line_1_56' title="bbox 693 4973 2259 5040; baseline 0.001 -13"><span class='ocrx_word' id='word_1_432' title='bbox 693 4976 825 5040; x_wconf 75' lang='lat' dir='ltr'><strong>apud</strong></span> <span class='ocrx_word' id='word_1_433' title='bbox 847 4973 1042 5040; x_wconf 71' lang='lat' dir='ltr'><strong>superos</strong></span> <span class='ocrx_word' id='word_1_434' title='bbox 1073 4973 1535 5040; x_wconf 63' lang='lat' dir='ltr'><strong>amqeuduutcruei.</strong></span> <span class='ocrx_word' id='word_1_435' title='bbox 1556 4977 1615 5025; x_wconf 84' lang='lat' dir='ltr'><strong>Et</strong></span> <span class='ocrx_word' id='word_1_436' title='bbox 1631 4973 1768 5040; x_wconf 75' lang='lat' dir='ltr'><strong>Hier.</strong></span> <span class='ocrx_word' id='word_1_437' title='bbox 1789 4979 2046 5039; x_wconf 68' lang='lat' dir='ltr'><strong>A|.ologet.</strong></span> <span class='ocrx_word' id='word_1_438' title='bbox 2075 4973 2122 5026; x_wconf 80' lang='lat' dir='ltr'><strong>iu</strong></span> <span class='ocrx_word' id='word_1_439' title='bbox 2145 4980 2259 5028; x_wconf 77' lang='lat' dir='ltr'><strong>Ruf-</strong></span> 
     </span>
    </p>
   </div>
   <div class='ocr_carea' id='block_1_57' title="bbox 694 5036 2257 5098">
    <p class='ocr_par' dir='ltr' id='par_1_57' title="bbox 694 5036 2257 5098">
     <span class='ocr_line' id='line_1_57' title="bbox 694 5036 2257 5098; baseline 0.002 -11"><span class='ocrx_word' id='word_1_440' title='bbox 694 5036 840 5089; x_wconf 83' lang='lat' dir='ltr'><strong>linum</strong></span> <span class='ocrx_word' id='word_1_441' title='bbox 864 5036 947 5086; x_wconf 87' lang='lat' dir='ltr'><strong>lib.</strong></span> <span class='ocrx_word' id='word_1_442' title='bbox 978 5039 1020 5084; x_wconf 87' lang='lat' dir='ltr'><strong>l.</strong></span> <span class='ocrx_word' id='word_1_443' title='bbox 1045 5036 1150 5098; x_wconf 74' lang='lat' dir='ltr'><strong>cap.</strong></span> <span class='ocrx_word' id='word_1_444' title='bbox 1175 5039 1222 5086; x_wconf 80' lang='lat'><strong>5.</strong></span> <span class='ocrx_word' id='word_1_445' title='bbox 1255 5055 1278 5084; x_wconf 73' lang='grc' dir='ltr'><strong>ι</strong></span> <span class='ocrx_word' id='word_1_446' title='bbox 1297 5036 1498 5097; x_wconf 75' lang='lat' dir='ltr'><strong>Origeni</strong></span> <span class='ocrx_word' id='word_1_447' title='bbox 1527 5044 1640 5092; x_wconf 84' lang='lat' dir='ltr'><strong>tuo,</strong></span> <span class='ocrx_word' id='word_1_448' title='bbox 1665 5036 1842 5098; x_wconf 72' lang='lat' dir='ltr'><strong>inquit,</strong></span> <span class='ocrx_word' id='word_1_449' title='bbox 1872 5036 1984 5088; x_wconf 73' lang='lat' dir='ltr'><strong>licet</strong></span> <span class='ocrx_word' id='word_1_450' title='bbox 2017 5041 2257 5090; x_wconf 82' lang='lat' dir='ltr'><strong>Christum</strong></span> 
     </span>
    </p>
   </div>
   <div class='ocr_carea' id='block_1_58' title="bbox 693 5099 2258 5162">
    <p class='ocr_par' dir='ltr' id='par_1_58' title="bbox 693 5099 2258 5162">
     <span class='ocr_line' id='line_1_58' title="bbox 693 5099 2258 5162; baseline 0.003 -15"><span class='ocrx_word' id='word_1_451' title='bbox 693 5099 859 5162; x_wconf 75' lang='lat' dir='ltr'><strong>dicere</strong></span> <span class='ocrx_word' id='word_1_452' title='bbox 881 5111 1012 5159; x_wconf 62' lang='lat' dir='ltr'><strong>saepe</strong></span> <span class='ocrx_word' id='word_1_453' title='bbox 1034 5111 1225 5160; x_wconf 58' lang='lat' dir='ltr'><strong>parts-um</strong></span> <span class='ocrx_word' id='word_1_454' title='bbox 1245 5137 1259 5155; x_wconf 86' lang='lat'><strong>,</strong></span> <span class='ocrx_word' id='word_1_455' title='bbox 1285 5103 1338 5146; x_wconf 88' lang='lat' dir='ltr'><strong>et</strong></span> <span class='ocrx_word' id='word_1_456' title='bbox 1368 5101 1545 5159; x_wconf 65' lang='lat' dir='ltr'><strong>saepius</strong></span> <span class='ocrx_word' id='word_1_457' title='bbox 1569 5112 1816 5160; x_wconf 84' lang='lat' dir='ltr'><strong>passurum</strong></span> <span class='ocrx_word' id='word_1_458' title='bbox 1837 5134 1851 5156; x_wconf 91' lang='lat'><strong>,</strong></span> <span class='ocrx_word' id='word_1_459' title='bbox 1875 5109 1928 5148; x_wconf 91' lang='lat' dir='ltr'><strong>ut</strong></span> <span class='ocrx_word' id='word_1_460' title='bbox 1949 5101 2077 5162; x_wconf 91' lang='lat' dir='ltr'><strong>quod</strong></span> <span class='ocrx_word' id='word_1_461' title='bbox 2099 5103 2258 5151; x_wconf 89' lang='lat' dir='ltr'><strong>semel</strong></span> 
     </span>
    </p>
   </div>
   <div class='ocr_carea' id='block_1_59' title="bbox 693 5159 2262 5268">
    <p class='ocr_par' dir='ltr' id='par_1_59' title="bbox 693 5159 2262 5268">
     <span class='ocr_line' id='line_1_59' title="bbox 693 5159 2262 5268; baseline 0.003 -60"><span class='ocrx_word' id='word_1_462' title='bbox 693 5159 900 5268; x_wconf 60' lang='lat' dir='ltr'><strong>Eofuit,</strong></span> <span class='ocrx_word' id='word_1_463' title='bbox 942 5159 1138 5229; x_wconf 80' lang='lat' dir='ltr'><strong>semper</strong></span> <span class='ocrx_word' id='word_1_464' title='bbox 1183 5161 1330 5230; x_wconf 79' lang='lat' dir='ltr'><strong>prosit</strong></span> <span class='ocrx_word' id='word_1_465' title='bbox 1379 5159 1671 5232; x_wconf 70' lang='lat' dir='ltr'><strong>assumptum</strong></span> <span class='ocrx_word' id='word_1_466' title='bbox 1700 5172 1712 5206; x_wconf 87' lang='lat'><strong>:</strong></span> <span class='ocrx_word' id='word_1_467' title='bbox 1737 5176 1759 5204; x_wconf 78' lang='grc' dir='ltr'><strong>ιι</strong></span> <span class='ocrx_word' id='word_1_468' title='bbox 1802 5175 1912 5232; x_wconf 65' lang='lat' dir='ltr'><strong>qum</strong></span> <span class='ocrx_word' id='word_1_469' title='bbox 1949 5159 2262 5233; x_wconf 72' lang='lat' dir='ltr'><strong>exaggerans</strong></span> 
     </span>
     <span class='ocr_line' id='line_1_60' title="bbox 737 5219 2255 5268; baseline 0 0"><span class='ocrx_word' id='word_1_470' title='bbox 737 5228 845 5268; x_wconf 80' lang='lat' dir='ltr'><strong>last.</strong></span> <span class='ocrx_word' id='word_1_471' title='bbox 858 5221 915 5268; x_wconf 91' lang='lat' dir='ltr'><strong>ad</strong></span> <span class='ocrx_word' id='word_1_472' title='bbox 927 5219 1120 5267; x_wconf 74' lang='lat' dir='ltr'><strong>Avuum</strong></span> <span class='ocrx_word' id='word_1_473' title='bbox 1130 5219 1286 5268; x_wconf 62' lang='lat' dir='ltr'><strong>caiml.</strong></span> <span class='ocrx_word' id='word_1_474' title='bbox 1303 5219 1412 5267; x_wconf 82' lang='lat' dir='ltr'><strong>inde</strong></span> <span class='ocrx_word' id='word_1_475' title='bbox 1425 5231 1655 5268; x_wconf 74' lang='lat' dir='ltr'><strong>umseuut</strong></span> <span class='ocrx_word' id='word_1_476' title='bbox 1679 5223 1906 5268; x_wconf 81' lang='lat' dir='ltr'><strong>ostendit.</strong></span> <span class='ocrx_word' id='word_1_477' title='bbox 1928 5221 2044 5268; x_wconf 81' lang='lat' dir='ltr'><strong>licet</strong></span> <span class='ocrx_word' id='word_1_478' title='bbox 2071 5240 2093 5268; x_wconf 76' lang='grc' dir='ltr'><strong>ι</strong></span> <span class='ocrx_word' id='word_1_479' title='bbox 2110 5223 2194 5268; x_wconf 81' lang='lat' dir='ltr'><strong>ille</strong></span> <span class='ocrx_word' id='word_1_480' title='bbox 2207 5241 2229 5268; x_wconf 69' lang='grc' dir='ltr'><strong>ι</strong></span> <span class='ocrx_word' id='word_1_481' title='bbox 2242 5262 2255 5268; x_wconf 92' lang='grc'><strong>-</strong></span> 
     </span>
    </p>
   </div>
   <div class='ocr_carea' id='block_1_60' title="bbox 737 5219 2255 5285">
    <p class='ocr_par' dir='ltr' id='par_1_60' title="bbox 737 5219 2255 5285">
     <span class='ocr_line' id='line_1_61' title="bbox 737 5219 2255 5285; baseline 0.003 -20"><span class='ocrx_word' id='word_1_482' title='bbox 737 5222 845 5285; x_wconf 76' lang='lat' dir='ltr'><strong>pist.</strong></span> <span class='ocrx_word' id='word_1_483' title='bbox 858 5221 915 5268; x_wconf 91' lang='lat' dir='ltr'><strong>ad</strong></span> <span class='ocrx_word' id='word_1_484' title='bbox 927 5219 1120 5267; x_wconf 82' lang='lat' dir='ltr'><strong>Avitum</strong></span> <span class='ocrx_word' id='word_1_485' title='bbox 1130 5219 1666 5285; x_wconf 14' lang='lat' dir='ltr'><strong>cap.4.‘inde_&lt;:ousequi_</strong></span> <span class='ocrx_word' id='word_1_486' title='bbox 1679 5219 1906 5285; x_wconf 70' lang='lat' dir='ltr'><strong>ostendit,</strong></span> <span class='ocrx_word' id='word_1_487' title='bbox 1928 5221 2044 5285; x_wconf 80' lang='lat' dir='ltr'><strong>licet</strong></span> <span class='ocrx_word' id='word_1_488' title='bbox 2052 5219 2194 5285; x_wconf 52' lang='lat' dir='ltr'><strong>&quot;(ille</strong></span> <span class='ocrx_word' id='word_1_489' title='bbox 2207 5241 2229 5269; x_wconf 71' lang='grc' dir='ltr'><strong>ι</strong></span> <span class='ocrx_word' id='word_1_490' title='bbox 2241 5262 2255 5285; x_wconf 86' lang='grc'>,</span> 
     </span>
    </p>
   </div>
   <div class='ocr_carea' id='block_1_61' title="bbox 694 5279 2264 5342">
    <p class='ocr_par' dir='ltr' id='par_1_61' title="bbox 694 5279 2264 5342">
     <span class='ocr_line' id='line_1_62' title="bbox 694 5279 2264 5342; baseline 0.004 -14"><span class='ocrx_word' id='word_1_491' title='bbox 694 5279 953 5342; x_wconf 77' lang='lat' dir='ltr'><strong>Origenes,</strong></span> <span class='ocrx_word' id='word_1_492' title='bbox 985 5293 1122 5342; x_wconf 12' lang='lat' dir='ltr'><strong>sinon</strong></span> <span class='ocrx_word' id='word_1_493' title='bbox 1143 5279 1352 5342; x_wconf 80' lang='lat' dir='ltr'><strong>dixerit,</strong></span> <span class='ocrx_word' id='word_1_494' title='bbox 1387 5281 1512 5329; x_wconf 81' lang='lat' dir='ltr'><strong>sicut</strong></span> <span class='ocrx_word' id='word_1_495' title='bbox 1535 5279 1620 5342; x_wconf 79' lang='lat' dir='ltr'><strong>pro</strong></span> <span class='ocrx_word' id='word_1_496' title='bbox 1653 5281 1929 5342; x_wconf 85' lang='lat' dir='ltr'><strong>hominibus</strong></span> <span class='ocrx_word' id='word_1_497' title='bbox 1950 5283 2090 5331; x_wconf 88' lang='lat' dir='ltr'><strong>homo</strong></span> <span class='ocrx_word' id='word_1_498' title='bbox 2113 5279 2264 5334; x_wconf 72' lang='lat' dir='ltr'><strong>lactus</strong></span> 
     </span>
    </p>
   </div>
   <div class='ocr_carea' id='block_1_62' title="bbox 696 5339 2258 5404">
    <p class='ocr_par' dir='ltr' id='par_1_62' title="bbox 696 5339 2258 5404">
     <span class='ocr_line' id='line_1_63' title="bbox 696 5339 2258 5404; baseline 0.003 -16"><span class='ocrx_word' id='word_1_499' title='bbox 696 5339 1125 5404; x_wconf 66' lang='lat' dir='ltr'><strong>est,ut_homines</strong></span> <span class='ocrx_word' id='word_1_500' title='bbox 1156 5339 1382 5404; x_wconf 83' lang='lat' dir='ltr'><strong>liberaret</strong></span> <span class='ocrx_word' id='word_1_501' title='bbox 1403 5378 1416 5394; x_wconf 83' lang='lat'><strong>,</strong></span> <span class='ocrx_word' id='word_1_502' title='bbox 1453 5339 1600 5404; x_wconf 10' lang='lat' dir='ltr'><strong>sicj&#39;et</strong></span> <span class='ocrx_word' id='word_1_503' title='bbox 1635 5355 1722 5402; x_wconf 91' lang='lat' dir='ltr'><strong>pro</strong></span> <span class='ocrx_word' id='word_1_504' title='bbox 1759 5341 1917 5391; x_wconf 77' lang='lat' dir='ltr'><strong>salute</strong></span> <span class='ocrx_word' id='word_1_505' title='bbox 1946 5343 2223 5393; x_wconf 72' lang='lat' dir='ltr'><strong>Dzemouum</strong></span> <span class='ocrx_word' id='word_1_506' title='bbox 2243 5382 2258 5404; x_wconf 89' lang='lat'><strong>,</strong></span> 
     </span>
    </p>
   </div>
   <div class='ocr_carea' id='block_1_63' title="bbox 693 5398 2262 5463">
    <p class='ocr_par' dir='ltr' id='par_1_63' title="bbox 693 5398 2262 5463">
     <span class='ocr_line' id='line_1_64' title="bbox 693 5398 2262 5463; baseline 0.003 -15"><span class='ocrx_word' id='word_1_507' title='bbox 693 5398 853 5463; x_wconf 75' lang='lat' dir='ltr'><strong>Deum</strong></span> <span class='ocrx_word' id='word_1_508' title='bbox 877 5401 1085 5463; x_wconf 62' lang='lat' dir='ltr'><strong>futurum</strong></span> <span class='ocrx_word' id='word_1_509' title='bbox 1109 5403 1234 5463; x_wconf 86' lang='lat' dir='ltr'><strong>quod</strong></span> <span class='ocrx_word' id='word_1_510' title='bbox 1259 5409 1370 5450; x_wconf 87' lang='lat' dir='ltr'><strong>sunt</strong></span> <span class='ocrx_word' id='word_1_511' title='bbox 1392 5403 1454 5457; x_wconf 87' lang='lat' dir='ltr'><strong>ii,</strong></span> <span class='ocrx_word' id='word_1_512' title='bbox 1477 5403 1534 5448; x_wconf 90' lang='lat' dir='ltr'><strong>ad</strong></span> <span class='ocrx_word' id='word_1_513' title='bbox 1557 5398 1678 5463; x_wconf 79' lang='lat' dir='ltr'><strong>quos</strong></span> <span class='ocrx_word' id='word_1_514' title='bbox 1701 5413 1932 5452; x_wconf 77' lang='lat' dir='ltr'><strong>venturus</strong></span> <span class='ocrx_word' id='word_1_515' title='bbox 1956 5412 2032 5452; x_wconf 81' lang='lat' dir='ltr'><strong>est</strong></span> <span class='ocrx_word' id='word_1_516' title='bbox 2053 5398 2262 5453; x_wconf 74' lang='lat' dir='ltr'><strong>lihean</strong></span> 
     </span>
    </p>
   </div>
   <div class='ocr_carea' id='block_1_64' title="bbox 692 5459 2258 5526">
    <p class='ocr_par' dir='ltr' id='par_1_64' title="bbox 692 5459 2258 5526">
     <span class='ocr_line' id='line_1_65' title="bbox 692 5459 2258 5526; baseline 0.005 -20"><span class='ocrx_word' id='word_1_517' title='bbox 692 5461 798 5526; x_wconf 65' lang='lat' dir='ltr'><strong>dos.</strong></span> <span class='ocrx_word' id='word_1_518' title='bbox 820 5475 846 5526; x_wconf 53' lang='grc' dir='ltr'><em>ρ</em></span> <span class='ocrx_word' id='word_1_519' title='bbox 875 5459 1047 5526; x_wconf 47' lang='lat' dir='ltr'><strong>(Duplex</strong></span> <span class='ocrx_word' id='word_1_520' title='bbox 1065 5497 1079 5516; x_wconf 89' lang='lat'><strong>,</strong></span> <span class='ocrx_word' id='word_1_521' title='bbox 1105 5459 1166 5508; x_wconf 79' lang='lat' dir='ltr'><strong>ne</strong></span> <span class='ocrx_word' id='word_1_522' title='bbox 1191 5459 1438 5526; x_wconf 65' lang='lat' dir='ltr'><strong>longiores</strong></span> <span class='ocrx_word' id='word_1_523' title='bbox 1458 5459 1608 5526; x_wconf 78' lang='lat' dir='ltr'><strong>simus</strong></span> <span class='ocrx_word' id='word_1_524' title='bbox 1629 5466 1918 5512; x_wconf 77' lang='lat' dir='ltr'><strong>testimoniis</strong></span> <span class='ocrx_word' id='word_1_525' title='bbox 1939 5465 2258 5526; x_wconf 87' lang='lat' dir='ltr'><strong>adduceudis,</strong></span> 
     </span>
    </p>
   </div>
   <div class='ocr_carea' id='block_1_65' title="bbox 693 5517 2259 5587">
    <p class='ocr_par' dir='ltr' id='par_1_65' title="bbox 693 5517 2259 5587">
     <span class='ocr_line' id='line_1_66' title="bbox 693 5517 2259 5587; baseline 0.008 -22"><span class='ocrx_word' id='word_1_526' title='bbox 693 5517 1405 5587; x_wconf 50' lang='lat' dir='ltr'><strong>9rosium_in‘00mm0uitorio,</strong></span> <span class='ocrx_word' id='word_1_527' title='bbox 1425 5531 1484 5587; x_wconf 84' lang='lat' dir='ltr'><strong>et</strong></span> <span class='ocrx_word' id='word_1_528' title='bbox 1513 5524 1752 5587; x_wconf 81' lang='lat' dir='ltr'><strong>Severum</strong></span> <span class='ocrx_word' id='word_1_529' title='bbox 1783 5526 2039 5587; x_wconf 56' lang='lat' dir='ltr'><strong>Sulpitium</strong></span> <span class='ocrx_word' id='word_1_530' title='bbox 2061 5517 2259 5587; x_wconf 56' lang='lat' dir='ltr'><strong>Dialog:</strong></span> 
     </span>
    </p>
   </div>
   <div class='ocr_carea' id='block_1_66' title="bbox 696 5577 2258 5692">
    <p class='ocr_par' dir='ltr' id='par_1_66' title="bbox 696 5577 2258 5692">
     <span class='ocr_line' id='line_1_67' title="bbox 696 5577 2258 5692; baseline 0.009 -72"><span class='ocrx_word' id='word_1_531' title='bbox 913 5578 953 5622; x_wconf 88' lang='grc' dir='ltr'>ι.</span> <span class='ocrx_word' id='word_1_532' title='bbox 985 5577 1300 5629; x_wconf 80' lang='lat' dir='ltr'><strong>Justinianum</strong></span> <span class='ocrx_word' id='word_1_533' title='bbox 1322 5577 1496 5645; x_wconf 55' lang='lat' dir='ltr'><strong>saepius</strong></span> <span class='ocrx_word' id='word_1_534' title='bbox 1535 5584 1720 5632; x_wconf 78' lang='lat' dir='ltr'><strong>laudata</strong></span> <span class='ocrx_word' id='word_1_535' title='bbox 1753 5586 1812 5634; x_wconf 83' lang='lat' dir='ltr'><strong>ad</strong></span> <span class='ocrx_word' id='word_1_536' title='bbox 1852 5577 2042 5635; x_wconf 66' lang='lat' dir='ltr'><strong>Menam</strong></span> <span class='ocrx_word' id='word_1_537' title='bbox 2075 5577 2258 5649; x_wconf 65' lang='lat' dir='ltr'><strong>cpisto-</strong></span> 
     </span>
    </p>
   </div>
   <div class='ocr_carea' id='block_1_67' title="bbox 1949 293 2604 360">
    <p class='ocr_par' dir='ltr' id='par_1_67' title="bbox 1949 293 2604 360">
     <span class='ocr_line' id='line_1_68' title="bbox 1949 293 2604 360; baseline -0.014 1"><span class='ocrx_word' id='word_1_538' title='bbox 1949 299 2190 360; x_wconf 80' lang='lat' dir='ltr'><strong>SANCTI</strong></span> <span class='ocrx_word' id='word_1_539' title='bbox 2227 293 2604 355; x_wconf 69' lang='grc' dir='ltr'><strong>ΠΙΕΒΟΝΉΠ</strong></span> 
     </span>
    </p>
   </div>
   <div class='ocr_carea' id='block_1_68' title="bbox 3832 293 3941 358">
    <p class='ocr_par' dir='ltr' id='par_1_68' title="bbox 3832 293 3941 358">
     <span class='ocr_line' id='line_1_69' title="bbox 3832 293 3941 358; baseline 0.055 -6"><span class='ocrx_word' id='word_1_540' title='bbox 3832 293 3941 358; x_wconf 70' lang='grc'><strong>768</strong></span> 
     </span>
    </p>
   </div>
   <div class='ocr_carea' id='block_1_69' title="bbox 2337 407 3936 477">
    <p class='ocr_par' dir='ltr' id='par_1_69' title="bbox 2337 407 3936 477">
     <span class='ocr_line' id='line_1_70' title="bbox 2337 407 3936 477; baseline -0.001 -11"><span class='ocrx_word' id='word_1_541' title='bbox 2337 410 2451 466; x_wconf 88' lang='lat' dir='ltr'><strong>cias</strong></span> <span class='ocrx_word' id='word_1_542' title='bbox 2475 411 2838 473; x_wconf 87' lang='lat' dir='ltr'><strong>suberrautes,</strong></span> <span class='ocrx_word' id='word_1_543' title='bbox 2862 407 3099 463; x_wconf 88' lang='lat' dir='ltr'><strong>damnati</strong></span> <span class='ocrx_word' id='word_1_544' title='bbox 3134 407 3442 463; x_wconf 87' lang='lat' dir='ltr'><strong>damnatum</strong></span> <span class='ocrx_word' id='word_1_545' title='bbox 3474 408 3678 465; x_wconf 83' lang='lat' dir='ltr'><strong>habent</strong></span> <span class='ocrx_word' id='word_1_546' title='bbox 3705 408 3936 477; x_wconf 76' lang='lat' dir='ltr'><strong>ducem,</strong></span> 
     </span>
    </p>
   </div>
   <div class='ocr_carea' id='block_1_70' title="bbox 2335 497 3937 568">
    <p class='ocr_par' dir='ltr' id='par_1_70' title="bbox 2335 497 3937 568">
     <span class='ocr_line' id='line_1_71' title="bbox 2335 497 3937 568; baseline 0.001 -15"><span class='ocrx_word' id='word_1_547' title='bbox 2335 507 2390 553; x_wconf 91' lang='lat' dir='ltr'><strong>et</strong></span> <span class='ocrx_word' id='word_1_548' title='bbox 2419 499 2575 566; x_wconf 89' lang='lat' dir='ltr'><strong>hujus</strong></span> <span class='ocrx_word' id='word_1_549' title='bbox 2597 499 2775 568; x_wconf 87' lang='lat' dir='ltr'><strong>operis</strong></span> <span class='ocrx_word' id='word_1_550' title='bbox 2797 498 3090 566; x_wconf 88' lang='lat' dir='ltr'><strong>eriguntur.</strong></span> <span class='ocrx_word' id='word_1_551' title='bbox 3121 497 3356 552; x_wconf 87' lang='lat' dir='ltr'><strong>Obsecro</strong></span> <span class='ocrx_word' id='word_1_552' title='bbox 3376 498 3557 568; x_wconf 84' lang='lat' dir='ltr'><strong>itaque</strong></span> <span class='ocrx_word' id='word_1_553' title='bbox 3578 513 3704 564; x_wconf 86' lang='lat' dir='ltr'><strong>vos,</strong></span> <span class='ocrx_word' id='word_1_554' title='bbox 3733 499 3937 555; x_wconf 77' lang='lat' dir='ltr'><strong>fratres</strong></span> 
     </span>
    </p>
   </div>
   <div class='ocr_carea' id='block_1_71' title="bbox 2335 585 3934 658">
    <p class='ocr_par' dir='ltr' id='par_1_71' title="bbox 2335 585 3934 658">
     <span class='ocr_line' id='line_1_72' title="bbox 2335 585 3934 658; baseline 0.001 -18"><span class='ocrx_word' id='word_1_555' title='bbox 2335 588 2629 652; x_wconf 88' lang='lat' dir='ltr'><strong>carissimi,</strong></span> <span class='ocrx_word' id='word_1_556' title='bbox 2673 596 2732 640; x_wconf 88' lang='lat' dir='ltr'><strong>ut</strong></span> <span class='ocrx_word' id='word_1_557' title='bbox 2774 587 2817 640; x_wconf 90' lang='lat' dir='ltr'><strong>si</strong></span> <span class='ocrx_word' id='word_1_558' title='bbox 2863 586 2998 640; x_wconf 88' lang='lat' dir='ltr'><strong>istuc</strong></span> <span class='ocrx_word' id='word_1_559' title='bbox 3027 585 3145 656; x_wconf 69' lang='lat' dir='ltr'><strong>llis.</strong></span> <span class='ocrx_word' id='word_1_560' title='bbox 3173 585 3315 658; x_wconf 76' lang='lat' dir='ltr'><strong>illuc]</strong></span> <span class='ocrx_word' id='word_1_561' title='bbox 3342 589 3598 652; x_wconf 91' lang='lat' dir='ltr'><strong>veniunt,</strong></span> <span class='ocrx_word' id='word_1_562' title='bbox 3635 593 3934 658; x_wconf 74' lang='lat' dir='ltr'><strong>praeceptis</strong></span> 
     </span>
    </p>
   </div>
   <div class='ocr_carea' id='block_1_72' title="bbox 2335 678 3931 748">
    <p class='ocr_par' dir='ltr' id='par_1_72' title="bbox 2335 678 3931 748">
     <span class='ocr_line' id='line_1_73' title="bbox 2335 678 3931 748; baseline 0.002 -16"><span class='ocrx_word' id='word_1_563' title='bbox 2335 679 2664 748; x_wconf 85' lang='lat' dir='ltr'><strong>Evangelicis</strong></span> <span class='ocrx_word' id='word_1_564' title='bbox 2689 693 2786 733; x_wconf 86' lang='lat' dir='ltr'><strong>eos</strong></span> <span class='ocrx_word' id='word_1_565' title='bbox 2812 678 2877 731; x_wconf 91' lang='lat' dir='ltr'><strong>ad</strong></span> <span class='ocrx_word' id='word_1_566' title='bbox 2910 679 3170 747; x_wconf 85' lang='lat' dir='ltr'><strong>lacrymas</strong></span> <span class='ocrx_word' id='word_1_567' title='bbox 3207 679 3531 745; x_wconf 89' lang='lat' dir='ltr'><strong>provocetis.</strong></span> <span class='ocrx_word' id='word_1_568' title='bbox 3572 678 3703 734; x_wconf 76' lang='lat' dir='ltr'><strong>Voti</strong></span> <span class='ocrx_word' id='word_1_569' title='bbox 3754 683 3931 734; x_wconf 91' lang='lat' dir='ltr'><strong>nostri</strong></span> 
     </span>
    </p>
   </div>
   <div class='ocr_carea' id='block_1_73' title="bbox 2334 767 3928 837">
    <p class='ocr_par' dir='ltr' id='par_1_73' title="bbox 2334 767 3928 837">
     <span class='ocr_line' id='line_1_74' title="bbox 2334 767 3928 837; baseline 0.001 -14"><span class='ocrx_word' id='word_1_570' title='bbox 2334 783 2455 824; x_wconf 88' lang='lat' dir='ltr'><strong>esse</strong></span> <span class='ocrx_word' id='word_1_571' title='bbox 2475 809 2489 829; x_wconf 89' lang='lat'><strong>,</strong></span> <span class='ocrx_word' id='word_1_572' title='bbox 2515 779 2570 822; x_wconf 87' lang='lat' dir='ltr'><strong>et</strong></span> <span class='ocrx_word' id='word_1_573' title='bbox 2598 769 2716 822; x_wconf 82' lang='lat' dir='ltr'><strong>illos</strong></span> <span class='ocrx_word' id='word_1_574' title='bbox 2736 808 2752 831; x_wconf 88' lang='lat'><strong>,</strong></span> <span class='ocrx_word' id='word_1_575' title='bbox 2777 777 2834 822; x_wconf 88' lang='lat' dir='ltr'><strong>et</strong></span> <span class='ocrx_word' id='word_1_576' title='bbox 2859 768 2992 821; x_wconf 86' lang='lat' dir='ltr'><strong>alios</strong></span> <span class='ocrx_word' id='word_1_577' title='bbox 3015 781 3227 821; x_wconf 89' lang='lat' dir='ltr'><strong>errores</strong></span> <span class='ocrx_word' id='word_1_578' title='bbox 3257 767 3528 836; x_wconf 79' lang='lat' dir='ltr'><strong>corrigere</strong></span> <span class='ocrx_word' id='word_1_579' title='bbox 3558 770 3890 837; x_wconf 64' lang='lat' dir='ltr'><strong>penitentia</strong></span> <span class='ocrx_word' id='word_1_580' title='bbox 3914 813 3928 835; x_wconf 93' lang='lat'><strong>,</strong></span> 
     </span>
    </p>
   </div>
   <div class='ocr_carea' id='block_1_74' title="bbox 2335 856 3928 929">
    <p class='ocr_par' dir='ltr' id='par_1_74' title="bbox 2335 856 3928 929">
     <span class='ocr_line' id='line_1_75' title="bbox 2335 856 3928 929; baseline 0.001 -16"><span class='ocrx_word' id='word_1_581' title='bbox 2335 869 2391 913; x_wconf 88' lang='lat' dir='ltr'><strong>et</strong></span> <span class='ocrx_word' id='word_1_582' title='bbox 2423 858 2580 926; x_wconf 86' lang='lat' dir='ltr'><strong>digne</strong></span> <span class='ocrx_word' id='word_1_583' title='bbox 2605 873 2703 912; x_wconf 90' lang='lat' dir='ltr'><strong>suo</strong></span> <span class='ocrx_word' id='word_1_584' title='bbox 2731 860 2947 912; x_wconf 85' lang='lat' dir='ltr'><strong>nomine</strong></span> <span class='ocrx_word' id='word_1_585' title='bbox 2972 866 3356 911; x_wconf 85' lang='lat' dir='ltr'><strong>conversantes</strong></span> <span class='ocrx_word' id='word_1_586' title='bbox 3374 897 3391 921; x_wconf 87' lang='lat'><strong>,</strong></span> <span class='ocrx_word' id='word_1_587' title='bbox 3417 856 3490 928; x_wconf 69' lang='grc' dir='ltr'><strong>(ο)</strong></span> <span class='ocrx_word' id='word_1_588' title='bbox 3519 869 3574 912; x_wconf 87' lang='grc' dir='ltr'><strong>ιιι</strong></span> <span class='ocrx_word' id='word_1_589' title='bbox 3602 861 3696 929; x_wconf 82' lang='lat' dir='ltr'><strong>qui</strong></span> <span class='ocrx_word' id='word_1_590' title='bbox 3727 876 3928 915; x_wconf 83' lang='lat' dir='ltr'><strong>vocan-</strong></span> 
     </span>
    </p>
   </div>
   <div class='ocr_carea' id='block_1_75' title="bbox 2336 946 3929 1018">
    <p class='ocr_par' dir='ltr' id='par_1_75' title="bbox 2336 946 3929 1018">
     <span class='ocr_line' id='line_1_76' title="bbox 2336 946 3929 1018; baseline 0.002 -17"><span class='ocrx_word' id='word_1_591' title='bbox 2336 955 2424 1001; x_wconf 87' lang='lat' dir='ltr'><strong>tur</strong></span> <span class='ocrx_word' id='word_1_592' title='bbox 2449 947 2712 1009; x_wconf 72' lang='lat' dir='ltr'><strong>Mouaehi,</strong></span> <span class='ocrx_word' id='word_1_593' title='bbox 2738 948 2783 1000; x_wconf 93' lang='lat' dir='ltr'><strong>si</strong></span> <span class='ocrx_word' id='word_1_594' title='bbox 2816 957 2988 1001; x_wconf 89' lang='lat' dir='ltr'><strong>tamen</strong></span> <span class='ocrx_word' id='word_1_595' title='bbox 3016 946 3120 1000; x_wconf 86' lang='lat' dir='ltr'><strong>hoc</strong></span> <span class='ocrx_word' id='word_1_596' title='bbox 3146 961 3265 1001; x_wconf 87' lang='lat' dir='ltr'><strong>esse</strong></span> <span class='ocrx_word' id='word_1_597' title='bbox 3297 948 3536 1016; x_wconf 86' lang='lat' dir='ltr'><strong>cupiunt,</strong></span> <span class='ocrx_word' id='word_1_598' title='bbox 3564 950 3714 1018; x_wconf 89' lang='lat' dir='ltr'><strong>quod</strong></span> <span class='ocrx_word' id='word_1_599' title='bbox 3742 951 3929 1003; x_wconf 88' lang='lat' dir='ltr'><strong>dicun-</strong></span> 
     </span>
    </p>
   </div>
   <div class='ocr_carea' id='block_1_76' title="bbox 2338 1036 3928 1110">
    <p class='ocr_par' dir='ltr' id='par_1_76' title="bbox 2338 1036 3928 1110">
     <span class='ocr_line' id='line_1_77' title="bbox 2338 1036 3928 1110; baseline 0.003 -21"><span class='ocrx_word' id='word_1_600' title='bbox 2338 1046 2425 1089; x_wconf 88' lang='lat' dir='ltr'><strong>tur</strong></span> <span class='ocrx_word' id='word_1_601' title='bbox 2444 1078 2459 1099; x_wconf 95' lang='lat'><strong>,</strong></span> <span class='ocrx_word' id='word_1_602' title='bbox 2493 1037 2760 1090; x_wconf 90' lang='lat' dir='ltr'><strong>silentium</strong></span> <span class='ocrx_word' id='word_1_603' title='bbox 2786 1037 3027 1106; x_wconf 83' lang='lat' dir='ltr'><strong>diligant.</strong></span> <span class='ocrx_word' id='word_1_604' title='bbox 3055 1046 3109 1088; x_wconf 90' lang='lat' dir='ltr'><strong>et</strong></span> <span class='ocrx_word' id='word_1_605' title='bbox 3140 1037 3296 1090; x_wconf 88' lang='lat' dir='ltr'><strong>fidem</strong></span> <span class='ocrx_word' id='word_1_606' title='bbox 3323 1036 3655 1091; x_wconf 86' lang='lat' dir='ltr'><strong>Catholicam</strong></span> <span class='ocrx_word' id='word_1_607' title='bbox 3678 1079 3695 1101; x_wconf 89' lang='lat'><strong>,</strong></span> <span class='ocrx_word' id='word_1_608' title='bbox 3728 1040 3928 1110; x_wconf 83' lang='lat' dir='ltr'><strong>quibus</strong></span> 
     </span>
    </p>
   </div>
   <div class='ocr_carea' id='block_1_77' title="bbox 2345 1124 3922 1198">
    <p class='ocr_par' dir='ltr' id='par_1_77' title="bbox 2345 1124 3922 1198">
     <span class='ocr_line' id='line_1_78' title="bbox 2345 1124 3922 1198; baseline 0.003 -21"><span class='ocrx_word' id='word_1_609' title='bbox 2345 1125 2474 1178; x_wconf 91' lang='lat' dir='ltr'><strong>nihil</strong></span> <span class='ocrx_word' id='word_1_610' title='bbox 2523 1127 2739 1178; x_wconf 89' lang='lat' dir='ltr'><strong>omnino</strong></span> <span class='ocrx_word' id='word_1_611' title='bbox 2783 1135 2864 1178; x_wconf 88' lang='lat' dir='ltr'><strong>est</strong></span> <span class='ocrx_word' id='word_1_612' title='bbox 2912 1124 3300 1192; x_wconf 68' lang='lat' dir='ltr'><strong>praeferendum</strong></span> <span class='ocrx_word' id='word_1_613' title='bbox 3343 1125 3462 1196; x_wconf 79' lang='lat' dir='ltr'><strong>[Ms.</strong></span> <span class='ocrx_word' id='word_1_614' title='bbox 3506 1129 3922 1198; x_wconf 74' lang='lat' dir='ltr'><strong>perferendum].</strong></span> 
     </span>
    </p>
   </div>
   <div class='ocr_carea' id='block_1_78' title="bbox 2338 1212 3924 1284">
    <p class='ocr_par' dir='ltr' id='par_1_78' title="bbox 2338 1212 3924 1284">
     <span class='ocr_line' id='line_1_79' title="bbox 2338 1212 3924 1284; baseline 0.003 -17"><span class='ocrx_word' id='word_1_615' title='bbox 2338 1213 2443 1268; x_wconf 85' lang='lat' dir='ltr'><strong>Sed</strong></span> <span class='ocrx_word' id='word_1_616' title='bbox 2484 1222 2541 1266; x_wconf 91' lang='lat' dir='ltr'><strong>ut</strong></span> <span class='ocrx_word' id='word_1_617' title='bbox 2573 1212 2750 1278; x_wconf 84' lang='lat' dir='ltr'><strong>audio,</strong></span> <span class='ocrx_word' id='word_1_618' title='bbox 2781 1213 3048 1266; x_wconf 89' lang='lat' dir='ltr'><strong>imitantes</strong></span> <span class='ocrx_word' id='word_1_619' title='bbox 3078 1212 3357 1277; x_wconf 79' lang='lat' dir='ltr'><strong>Zabulum,</strong></span> <span class='ocrx_word' id='word_1_620' title='bbox 3390 1216 3493 1270; x_wconf 90' lang='lat' dir='ltr'><strong>huc</strong></span> <span class='ocrx_word' id='word_1_621' title='bbox 3536 1217 3776 1284; x_wconf 88' lang='lat' dir='ltr'><strong>illucque</strong></span> <span class='ocrx_word' id='word_1_622' title='bbox 3815 1219 3924 1272; x_wconf 84' lang='lat' dir='ltr'><strong>dis-</strong></span> 
     </span>
    </p>
   </div>
   <div class='ocr_carea' id='block_1_79' title="bbox 2339 1306 3923 1374">
    <p class='ocr_par' dir='ltr' id='par_1_79' title="bbox 2339 1306 3923 1374">
     <span class='ocr_line' id='line_1_80' title="bbox 2339 1306 3923 1374; baseline 0.004 -17"><span class='ocrx_word' id='word_1_623' title='bbox 2339 1313 2560 1357; x_wconf 90' lang='lat' dir='ltr'><strong>currunt</strong></span> <span class='ocrx_word' id='word_1_624' title='bbox 2579 1345 2594 1365; x_wconf 88' lang='lat'><strong>,</strong></span> <span class='ocrx_word' id='word_1_625' title='bbox 2619 1313 2673 1358; x_wconf 89' lang='lat' dir='ltr'><strong>et</strong></span> <span class='ocrx_word' id='word_1_626' title='bbox 2696 1314 2939 1372; x_wconf 77' lang='lat' dir='ltr'><strong>quzrrunt</strong></span> <span class='ocrx_word' id='word_1_627' title='bbox 2965 1319 3100 1374; x_wconf 89' lang='lat' dir='ltr'><strong>quos</strong></span> <span class='ocrx_word' id='word_1_628' title='bbox 3127 1306 3240 1358; x_wconf 89' lang='lat' dir='ltr'><strong>suis</strong></span> <span class='ocrx_word' id='word_1_629' title='bbox 3267 1306 3628 1374; x_wconf 83' lang='lat' dir='ltr'><strong>impietatihus</strong></span> <span class='ocrx_word' id='word_1_630' title='bbox 3653 1310 3923 1365; x_wconf 84' lang='lat' dir='ltr'><strong>devorent</strong></span> 
     </span>
    </p>
   </div>
   <div class='ocr_carea' id='block_1_80' title="bbox 2340 1393 3920 1464">
    <p class='ocr_par' dir='ltr' id='par_1_80' title="bbox 2340 1393 3920 1464">
     <span class='ocr_line' id='line_1_81' title="bbox 2340 1393 3920 1464; baseline 0.004 -16"><span class='ocrx_word' id='word_1_631' title='bbox 2340 1394 2416 1462; x_wconf 83' lang='grc' dir='ltr'><strong>(ι.</strong></span> <span class='ocrx_word' id='word_1_632' title='bbox 2450 1393 2587 1447; x_wconf 85' lang='lat' dir='ltr'><strong>Petr.</strong></span> <span class='ocrx_word' id='word_1_633' title='bbox 2613 1394 2667 1449; x_wconf 85' lang='lat'><strong>5.</strong></span> <span class='ocrx_word' id='word_1_634' title='bbox 2694 1393 2774 1459; x_wconf 87' lang='lat'><strong>8.)</strong></span> <span class='ocrx_word' id='word_1_635' title='bbox 2807 1395 3001 1449; x_wconf 89' lang='lat' dir='ltr'><strong>Putant</strong></span> <span class='ocrx_word' id='word_1_636' title='bbox 3033 1395 3172 1448; x_wconf 89' lang='lat' dir='ltr'><strong>enim</strong></span> <span class='ocrx_word' id='word_1_637' title='bbox 3205 1395 3486 1458; x_wconf 86' lang='lat' dir='ltr'><strong>insaniam,</strong></span> <span class='ocrx_word' id='word_1_638' title='bbox 3521 1399 3680 1453; x_wconf 87' lang='lat' dir='ltr'><strong>fidem</strong></span> <span class='ocrx_word' id='word_1_639' title='bbox 3703 1437 3722 1464; x_wconf 92' lang='lat'><strong>,</strong></span> <span class='ocrx_word' id='word_1_640' title='bbox 3753 1403 3920 1455; x_wconf 81' lang='lat' dir='ltr'><strong>auda-</strong></span> 
     </span>
    </p>
   </div>
   <div class='ocr_carea' id='block_1_81' title="bbox 2340 1483 3917 1558">
    <p class='ocr_par' dir='ltr' id='par_1_81' title="bbox 2340 1483 3917 1558">
     <span class='ocr_line' id='line_1_82' title="bbox 2340 1483 3917 1558; baseline 0.004 -21"><span class='ocrx_word' id='word_1_641' title='bbox 2340 1483 2499 1547; x_wconf 85' lang='lat' dir='ltr'><strong>ciam,</strong></span> <span class='ocrx_word' id='word_1_642' title='bbox 2530 1483 2926 1547; x_wconf 83' lang='lat' dir='ltr'><strong>fortitudinem;</strong></span> <span class='ocrx_word' id='word_1_643' title='bbox 2977 1492 3031 1538; x_wconf 91' lang='lat' dir='ltr'><strong>et</strong></span> <span class='ocrx_word' id='word_1_644' title='bbox 3067 1483 3266 1538; x_wconf 89' lang='lat' dir='ltr'><strong>idcirco</strong></span> <span class='ocrx_word' id='word_1_645' title='bbox 3291 1487 3455 1540; x_wconf 90' lang='lat' dir='ltr'><strong>erecti</strong></span> <span class='ocrx_word' id='word_1_646' title='bbox 3487 1487 3538 1540; x_wconf 93' lang='lat' dir='ltr'><strong>in</strong></span> <span class='ocrx_word' id='word_1_647' title='bbox 3564 1490 3880 1558; x_wconf 74' lang='lat' dir='ltr'><strong>superbiam</strong></span> <span class='ocrx_word' id='word_1_648' title='bbox 3902 1531 3917 1554; x_wconf 94' lang='lat'><strong>,</strong></span> 
     </span>
    </p>
   </div>
   <div class='ocr_carea' id='block_1_82' title="bbox 2346 1573 3920 1651">
    <p class='ocr_par' dir='ltr' id='par_1_82' title="bbox 2346 1573 3920 1651">
     <span class='ocr_line' id='line_1_83' title="bbox 2346 1573 3920 1651; baseline 0.004 -24"><span class='ocrx_word' id='word_1_649' title='bbox 2346 1573 2730 1628; x_wconf 77' lang='lat' dir='ltr'><strong>Ecclesiastica:</strong></span> <span class='ocrx_word' id='word_1_650' title='bbox 2761 1573 3120 1643; x_wconf 68' lang='lat' dir='ltr'><strong>praedicationi</strong></span> <span class='ocrx_word' id='word_1_651' title='bbox 3150 1573 3270 1645; x_wconf 63' lang='grc' dir='ltr'><strong>[δίε.</strong></span> <span class='ocrx_word' id='word_1_652' title='bbox 3301 1577 3702 1651; x_wconf 66' lang='grc' dir='ltr'><strong>ρνωάὶεαιὶοηίε]</strong></span> <span class='ocrx_word' id='word_1_653' title='bbox 3733 1580 3920 1647; x_wconf 76' lang='lat' dir='ltr'><strong>Orige-</strong></span> 
     </span>
    </p>
   </div>
   <div class='ocr_carea' id='block_1_83' title="bbox 2344 1661 3914 1737">
    <p class='ocr_par' dir='ltr' id='par_1_83' title="bbox 2344 1661 3914 1737">
     <span class='ocr_line' id='line_1_84' title="bbox 2344 1661 3914 1737; baseline 0.005 -21"><span class='ocrx_word' id='word_1_654' title='bbox 2344 1662 2427 1716; x_wconf 90' lang='lat' dir='ltr'><strong>uis</strong></span> <span class='ocrx_word' id='word_1_655' title='bbox 2450 1661 2772 1727; x_wconf 88' lang='lat' dir='ltr'><strong>doctrinam,</strong></span> <span class='ocrx_word' id='word_1_656' title='bbox 2797 1679 2917 1733; x_wconf 73' lang='lat' dir='ltr'><strong>qua:</strong></span> <span class='ocrx_word' id='word_1_657' title='bbox 2941 1664 3260 1719; x_wconf 58' lang='lat' dir='ltr'><strong>Idololatrix</strong></span> <span class='ocrx_word' id='word_1_658' title='bbox 3286 1667 3448 1719; x_wconf 80' lang='lat' dir='ltr'><strong>mixta</strong></span> <span class='ocrx_word' id='word_1_659' title='bbox 3469 1676 3572 1728; x_wconf 91' lang='lat' dir='ltr'><strong>est.</strong></span> <span class='ocrx_word' id='word_1_660' title='bbox 3602 1670 3914 1737; x_wconf 76' lang='lat' dir='ltr'><strong>pmferunt.</strong></span> 
     </span>
    </p>
   </div>
   <div class='ocr_carea' id='block_1_84' title="bbox 2345 1754 3915 1826">
    <p class='ocr_par' dir='ltr' id='par_1_84' title="bbox 2345 1754 3915 1826">
     <span class='ocr_line' id='line_1_85' title="bbox 2345 1754 3915 1826; baseline 0.004 -18"><span class='ocrx_word' id='word_1_661' title='bbox 2345 1754 2524 1810; x_wconf 84' lang='lat' dir='ltr'><strong>Sicubi</strong></span> <span class='ocrx_word' id='word_1_662' title='bbox 2551 1770 2679 1824; x_wconf 86' lang='lat' dir='ltr'><strong>ergo</strong></span> <span class='ocrx_word' id='word_1_663' title='bbox 2704 1756 2914 1821; x_wconf 85' lang='lat' dir='ltr'><strong>fratres,</strong></span> <span class='ocrx_word' id='word_1_664' title='bbox 2942 1764 2998 1810; x_wconf 90' lang='lat' dir='ltr'><strong>et</strong></span> <span class='ocrx_word' id='word_1_665' title='bbox 3023 1755 3232 1824; x_wconf 88' lang='lat' dir='ltr'><strong>plebem</strong></span> <span class='ocrx_word' id='word_1_666' title='bbox 3261 1771 3379 1826; x_wconf 66' lang='lat' dir='ltr'><strong>qua:</strong></span> <span class='ocrx_word' id='word_1_667' title='bbox 3403 1758 3555 1812; x_wconf 86' lang='lat' dir='ltr'><strong>vobis</strong></span> <span class='ocrx_word' id='word_1_668' title='bbox 3581 1760 3788 1814; x_wconf 81' lang='lat' dir='ltr'><strong>credita</strong></span> <span class='ocrx_word' id='word_1_669' title='bbox 3812 1770 3915 1826; x_wconf 87' lang='lat' dir='ltr'><strong>est,</strong></span> 
     </span>
    </p>
   </div>
   <div class='ocr_carea' id='block_1_85' title="bbox 2347 1845 3918 1915">
    <p class='ocr_par' dir='ltr' id='par_1_85' title="bbox 2347 1845 3918 1915">
     <span class='ocr_line' id='line_1_86' title="bbox 2347 1845 3918 1915; baseline 0.004 -18"><span class='ocrx_word' id='word_1_670' title='bbox 2347 1846 2562 1898; x_wconf 87' lang='lat' dir='ltr'><strong>turbare</strong></span> <span class='ocrx_word' id='word_1_671' title='bbox 2584 1848 2922 1909; x_wconf 87' lang='lat' dir='ltr'><strong>tentaverint,</strong></span> <span class='ocrx_word' id='word_1_672' title='bbox 2948 1845 3213 1900; x_wconf 86' lang='lat' dir='ltr'><strong>custodite</strong></span> <span class='ocrx_word' id='word_1_673' title='bbox 3236 1861 3451 1915; x_wconf 81' lang='lat' dir='ltr'><strong>gregem</strong></span> <span class='ocrx_word' id='word_1_674' title='bbox 3484 1847 3726 1914; x_wconf 88' lang='lat' dir='ltr'><strong>Domini,</strong></span> <span class='ocrx_word' id='word_1_675' title='bbox 3754 1862 3809 1903; x_wconf 91' lang='lat' dir='ltr'><strong>et</strong></span> <span class='ocrx_word' id='word_1_676' title='bbox 3838 1852 3918 1904; x_wconf 88' lang='lat' dir='ltr'><strong>in-</strong></span> 
     </span>
    </p>
   </div>
   <div class='ocr_carea' id='block_1_86' title="bbox 2346 1935 3913 2004">
    <p class='ocr_par' dir='ltr' id='par_1_86' title="bbox 2346 1935 3913 2004">
     <span class='ocr_line' id='line_1_87' title="bbox 2346 1935 3913 2004; baseline 0.004 -16"><span class='ocrx_word' id='word_1_677' title='bbox 2346 1948 2507 1989; x_wconf 88' lang='lat' dir='ltr'><strong>sanos</strong></span> <span class='ocrx_word' id='word_1_678' title='bbox 2537 1935 2769 2002; x_wconf 87' lang='lat' dir='ltr'><strong>impetus</strong></span> <span class='ocrx_word' id='word_1_679' title='bbox 2807 1951 2992 1990; x_wconf 90' lang='lat' dir='ltr'><strong>eorum</strong></span> <span class='ocrx_word' id='word_1_680' title='bbox 3030 1936 3324 2004; x_wconf 89' lang='lat' dir='ltr'><strong>reprimite.</strong></span> <span class='ocrx_word' id='word_1_681' title='bbox 3352 1936 3489 1990; x_wconf 84' lang='lat' dir='ltr'><strong>Nihil</strong></span> <span class='ocrx_word' id='word_1_682' title='bbox 3515 1938 3592 1992; x_wconf 88' lang='lat' dir='ltr'><strong>eis</strong></span> <span class='ocrx_word' id='word_1_683' title='bbox 3615 1940 3913 2004; x_wconf 85' lang='lat' dir='ltr'><strong>nocuimus,</strong></span> 
     </span>
    </p>
   </div>
   <div class='ocr_carea' id='block_1_87' title="bbox 2350 2026 3917 2101">
    <p class='ocr_par' dir='ltr' id='par_1_87' title="bbox 2350 2026 3917 2101">
     <span class='ocr_line' id='line_1_88' title="bbox 2350 2026 3917 2101; baseline 0.005 -22"><span class='ocrx_word' id='word_1_684' title='bbox 2350 2026 2478 2079; x_wconf 89' lang='lat' dir='ltr'><strong>nihil</strong></span> <span class='ocrx_word' id='word_1_685' title='bbox 2506 2027 2582 2094; x_wconf 91' lang='lat' dir='ltr'><strong>(d)</strong></span> <span class='ocrx_word' id='word_1_686' title='bbox 2612 2027 2826 2080; x_wconf 90' lang='lat' dir='ltr'><strong>tulimus</strong></span> <span class='ocrx_word' id='word_1_687' title='bbox 2850 2044 2863 2080; x_wconf 86' lang='lat'><strong>:</strong></span> <span class='ocrx_word' id='word_1_688' title='bbox 2883 2043 2983 2080; x_wconf 92' lang='lat' dir='ltr'><strong>una</strong></span> <span class='ocrx_word' id='word_1_689' title='bbox 3001 2043 3160 2081; x_wconf 89' lang='lat' dir='ltr'><strong>causa</strong></span> <span class='ocrx_word' id='word_1_690' title='bbox 3181 2029 3233 2082; x_wconf 91' lang='lat' dir='ltr'><strong>in</strong></span> <span class='ocrx_word' id='word_1_691' title='bbox 3257 2043 3354 2082; x_wconf 91' lang='lat' dir='ltr'><strong>nos</strong></span> <span class='ocrx_word' id='word_1_692' title='bbox 3388 2029 3635 2084; x_wconf 87' lang='lat' dir='ltr'><strong>odiorum</strong></span> <span class='ocrx_word' id='word_1_693' title='bbox 3654 2041 3757 2094; x_wconf 81' lang='lat' dir='ltr'><strong>est,</strong></span> <span class='ocrx_word' id='word_1_694' title='bbox 3775 2032 3917 2101; x_wconf 87' lang='lat' dir='ltr'><strong>quod</strong></span> 
     </span>
    </p>
   </div>
   <div class='ocr_carea' id='block_1_88' title="bbox 2350 2116 3790 2185">
    <p class='ocr_par' dir='ltr' id='par_1_88' title="bbox 2350 2116 3790 2185">
     <span class='ocr_line' id='line_1_89' title="bbox 2350 2116 3790 2185; baseline 0.003 -16"><span class='ocrx_word' id='word_1_695' title='bbox 2350 2129 2518 2183; x_wconf 89' lang='lat' dir='ltr'><strong>usque</strong></span> <span class='ocrx_word' id='word_1_696' title='bbox 2547 2116 2612 2168; x_wconf 88' lang='lat' dir='ltr'><strong>ad</strong></span> <span class='ocrx_word' id='word_1_697' title='bbox 2641 2127 2862 2170; x_wconf 87' lang='lat' dir='ltr'><strong>mortem</strong></span> <span class='ocrx_word' id='word_1_698' title='bbox 2894 2119 3056 2185; x_wconf 86' lang='lat' dir='ltr'><strong>parati</strong></span> <span class='ocrx_word' id='word_1_699' title='bbox 3084 2132 3268 2172; x_wconf 90' lang='lat' dir='ltr'><strong>sumus</strong></span> <span class='ocrx_word' id='word_1_700' title='bbox 3299 2117 3455 2172; x_wconf 90' lang='lat' dir='ltr'><strong>tidem</strong></span> <span class='ocrx_word' id='word_1_701' title='bbox 3481 2118 3790 2174; x_wconf 76' lang='lat' dir='ltr'><strong>defendere.</strong></span> 
     </span>
    </p>
   </div>
   <div class='ocr_carea' id='block_1_89' title="bbox 2422 2203 3916 2275">
    <p class='ocr_par' dir='ltr' id='par_1_89' title="bbox 2422 2203 3916 2275">
     <span class='ocr_line' id='line_1_90' title="bbox 2422 2203 3916 2275; baseline 0.005 -18"><span class='ocrx_word' id='word_1_702' title='bbox 2422 2203 2473 2257; x_wconf 91' lang='lat'><strong>6.</strong></span> <span class='ocrx_word' id='word_1_703' title='bbox 2504 2204 2708 2258; x_wconf 70' lang='lat' dir='ltr'><strong>Czetera</strong></span> <span class='ocrx_word' id='word_1_704' title='bbox 2740 2206 3089 2272; x_wconf 69' lang='lat' dir='ltr'><strong>praetermitto</strong></span> <span class='ocrx_word' id='word_1_705' title='bbox 3108 2246 3125 2272; x_wconf 92' lang='lat'><strong>,</strong></span> <span class='ocrx_word' id='word_1_706' title='bbox 3150 2207 3418 2275; x_wconf 90' lang='lat' dir='ltr'><strong>quomodo</strong></span> <span class='ocrx_word' id='word_1_707' title='bbox 3444 2208 3597 2262; x_wconf 88' lang='lat' dir='ltr'><strong>nobis</strong></span> <span class='ocrx_word' id='word_1_708' title='bbox 3622 2223 3809 2263; x_wconf 88' lang='lat' dir='ltr'><strong>necem</strong></span> <span class='ocrx_word' id='word_1_709' title='bbox 3835 2210 3916 2264; x_wconf 83' lang='lat' dir='ltr'><strong>in-</strong></span> 
     </span>
    </p>
   </div>
   <div class='ocr_carea' id='block_1_90' title="bbox 2354 2297 3912 2368">
    <p class='ocr_par' dir='ltr' id='par_1_90' title="bbox 2354 2297 3912 2368">
     <span class='ocr_line' id='line_1_91' title="bbox 2354 2297 3912 2368; baseline 0.002 -16"><span class='ocrx_word' id='word_1_710' title='bbox 2354 2297 2493 2353; x_wconf 90' lang='lat' dir='ltr'><strong>ferre</strong></span> <span class='ocrx_word' id='word_1_711' title='bbox 2516 2300 2851 2362; x_wconf 88' lang='lat' dir='ltr'><strong>tentaverint,</strong></span> <span class='ocrx_word' id='word_1_712' title='bbox 2871 2308 2926 2353; x_wconf 89' lang='lat' dir='ltr'><strong>et</strong></span> <span class='ocrx_word' id='word_1_713' title='bbox 2943 2300 3134 2368; x_wconf 86' lang='lat' dir='ltr'><strong>quibus</strong></span> <span class='ocrx_word' id='word_1_714' title='bbox 3158 2299 3365 2354; x_wconf 87' lang='lat' dir='ltr'><strong>insidiis</strong></span> <span class='ocrx_word' id='word_1_715' title='bbox 3385 2299 3435 2354; x_wconf 91' lang='lat' dir='ltr'><strong>id</strong></span> <span class='ocrx_word' id='word_1_716' title='bbox 3459 2300 3747 2355; x_wconf 85' lang='lat' dir='ltr'><strong>machinati</strong></span> <span class='ocrx_word' id='word_1_717' title='bbox 3773 2313 3912 2367; x_wconf 87' lang='lat' dir='ltr'><strong>sunt,</strong></span> 
     </span>
    </p>
   </div>
   <div class='ocr_carea' id='block_1_91' title="bbox 2351 2387 3912 2458">
    <p class='ocr_par' dir='ltr' id='par_1_91' title="bbox 2351 2387 3912 2458">
     <span class='ocr_line' id='line_1_92' title="bbox 2351 2387 3912 2458; baseline 0.003 -19"><span class='ocrx_word' id='word_1_718' title='bbox 2351 2387 2564 2456; x_wconf 88' lang='lat' dir='ltr'><strong>quando</strong></span> <span class='ocrx_word' id='word_1_719' title='bbox 2589 2396 2644 2442; x_wconf 90' lang='lat' dir='ltr'><strong>et</strong></span> <span class='ocrx_word' id='word_1_720' title='bbox 2675 2389 2963 2442; x_wconf 78' lang='lat' dir='ltr'><strong>Ecclesiam</strong></span> <span class='ocrx_word' id='word_1_721' title='bbox 2981 2429 2996 2451; x_wconf 90' lang='lat'><strong>,</strong></span> <span class='ocrx_word' id='word_1_722' title='bbox 3028 2403 3147 2458; x_wconf 64' lang='lat' dir='ltr'><strong>quas</strong></span> <span class='ocrx_word' id='word_1_723' title='bbox 3171 2396 3255 2443; x_wconf 88' lang='lat' dir='ltr'><strong>est</strong></span> <span class='ocrx_word' id='word_1_724' title='bbox 3279 2389 3332 2443; x_wconf 89' lang='lat' dir='ltr'><strong>in</strong></span> <span class='ocrx_word' id='word_1_725' title='bbox 3363 2388 3688 2444; x_wconf 62' lang='lat' dir='ltr'><strong>Ionasterio</strong></span> <span class='ocrx_word' id='word_1_726' title='bbox 3711 2389 3912 2453; x_wconf 64' lang='lat' dir='ltr'><strong>Nitriz,</strong></span> 
     </span>
    </p>
   </div>
   <div class='ocr_carea' id='block_1_92' title="bbox 2354 2476 3915 2546">
    <p class='ocr_par' dir='ltr' id='par_1_92' title="bbox 2354 2476 3915 2546">
     <span class='ocr_line' id='line_1_93' title="bbox 2354 2476 3915 2546; baseline 0.003 -16"><span class='ocrx_word' id='word_1_727' title='bbox 2354 2485 2632 2545; x_wconf 88' lang='lat' dir='ltr'><strong>postquam</strong></span> <span class='ocrx_word' id='word_1_728' title='bbox 2661 2476 2894 2531; x_wconf 87' lang='lat' dir='ltr'><strong>damnati</strong></span> <span class='ocrx_word' id='word_1_729' title='bbox 2925 2486 3070 2543; x_wconf 90' lang='lat' dir='ltr'><strong>sunt,</strong></span> <span class='ocrx_word' id='word_1_730' title='bbox 3093 2487 3520 2546; x_wconf 86' lang='lat' dir='ltr'><strong>occupaverunt;</strong></span> <span class='ocrx_word' id='word_1_731' title='bbox 3550 2487 3606 2533; x_wconf 91' lang='lat' dir='ltr'><strong>ut</strong></span> <span class='ocrx_word' id='word_1_732' title='bbox 3635 2488 3692 2534; x_wconf 85' lang='lat' dir='ltr'><strong>et</strong></span> <span class='ocrx_word' id='word_1_733' title='bbox 3718 2493 3836 2545; x_wconf 80' lang='lat' dir='ltr'><strong>nos,</strong></span> <span class='ocrx_word' id='word_1_734' title='bbox 3865 2490 3915 2534; x_wconf 78' lang='lat' dir='ltr'><strong>et</strong></span> 
     </span>
    </p>
   </div>
   <div class='ocr_carea' id='block_1_93' title="bbox 2355 2565 3914 2641">
    <p class='ocr_par' dir='ltr' id='par_1_93' title="bbox 2355 2565 3914 2641">
     <span class='ocr_line' id='line_1_94' title="bbox 2355 2565 3914 2641; baseline 0.001 -22"><span class='ocrx_word' id='word_1_735' title='bbox 2355 2566 2567 2634; x_wconf 87' lang='lat' dir='ltr'><strong>plurimi</strong></span> <span class='ocrx_word' id='word_1_736' title='bbox 2614 2566 2886 2620; x_wconf 90' lang='lat' dir='ltr'><strong>nobiscum</strong></span> <span class='ocrx_word' id='word_1_737' title='bbox 2917 2567 3164 2636; x_wconf 87' lang='lat' dir='ltr'><strong>Episcopi</strong></span> <span class='ocrx_word' id='word_1_738' title='bbox 3211 2565 3330 2641; x_wconf 64' lang='grc' dir='ltr'><strong>[κε.</strong></span> <span class='ocrx_word' id='word_1_739' title='bbox 3364 2568 3594 2636; x_wconf 82' lang='lat' dir='ltr'><strong>plurimis</strong></span> <span class='ocrx_word' id='word_1_740' title='bbox 3615 2576 3674 2622; x_wconf 86' lang='lat' dir='ltr'><strong>et</strong></span> <span class='ocrx_word' id='word_1_741' title='bbox 3702 2566 3914 2636; x_wconf 83' lang='lat' dir='ltr'><strong>Episco-</strong></span> 
     </span>
    </p>
   </div>
   <div class='ocr_carea' id='block_1_94' title="bbox 2355 2654 3918 2726">
    <p class='ocr_par' dir='ltr' id='par_1_94' title="bbox 2355 2654 3918 2726">
     <span class='ocr_line' id='line_1_95' title="bbox 2355 2654 3918 2726; baseline 0.003 -19"><span class='ocrx_word' id='word_1_742' title='bbox 2355 2654 2476 2726; x_wconf 87' lang='lat' dir='ltr'><strong>pis],</strong></span> <span class='ocrx_word' id='word_1_743' title='bbox 2502 2670 2565 2710; x_wconf 90' lang='lat' dir='ltr'><strong>ac</strong></span> <span class='ocrx_word' id='word_1_744' title='bbox 2594 2655 2971 2710; x_wconf 74' lang='lat' dir='ltr'><strong>Monachorum</strong></span> <span class='ocrx_word' id='word_1_745' title='bbox 3003 2665 3200 2724; x_wconf 89' lang='lat' dir='ltr'><strong>patres,</strong></span> <span class='ocrx_word' id='word_1_746' title='bbox 3224 2666 3278 2709; x_wconf 91' lang='lat' dir='ltr'><strong>et</strong></span> <span class='ocrx_word' id='word_1_747' title='bbox 3297 2657 3426 2720; x_wconf 87' lang='lat' dir='ltr'><strong>vita,</strong></span> <span class='ocrx_word' id='word_1_748' title='bbox 3449 2666 3504 2711; x_wconf 89' lang='lat' dir='ltr'><strong>et</strong></span> <span class='ocrx_word' id='word_1_749' title='bbox 3525 2666 3685 2712; x_wconf 69' lang='lat' dir='ltr'><strong>aetate</strong></span> <span class='ocrx_word' id='word_1_750' title='bbox 3703 2673 3918 2711; x_wconf 87' lang='lat' dir='ltr'><strong>venera-</strong></span> 
     </span>
    </p>
   </div>
   <div class='ocr_carea' id='block_1_95' title="bbox 2357 2745 3914 2820">
    <p class='ocr_par' dir='ltr' id='par_1_95' title="bbox 2357 2745 3914 2820">
     <span class='ocr_line' id='line_1_96' title="bbox 2357 2745 3914 2820; baseline 0 -21"><span class='ocrx_word' id='word_1_751' title='bbox 2357 2747 2491 2801; x_wconf 91' lang='lat' dir='ltr'><strong>biles</strong></span> <span class='ocrx_word' id='word_1_752' title='bbox 2535 2747 2772 2815; x_wconf 78' lang='lat' dir='ltr'><strong>ingressu</strong></span> <span class='ocrx_word' id='word_1_753' title='bbox 2820 2749 2937 2814; x_wconf 86' lang='lat' dir='ltr'><strong>ejus</strong></span> <span class='ocrx_word' id='word_1_754' title='bbox 2980 2747 3385 2817; x_wconf 89' lang='lat' dir='ltr'><strong>prohiberentur</strong></span> <span class='ocrx_word' id='word_1_755' title='bbox 3408 2745 3525 2818; x_wconf 84' lang='lat' dir='ltr'><strong>[Ms.</strong></span> <span class='ocrx_word' id='word_1_756' title='bbox 3554 2746 3914 2820; x_wconf 75' lang='lat' dir='ltr'><strong>prohibentur],</strong></span> 
     </span>
    </p>
   </div>
   <div class='ocr_carea' id='block_1_96' title="bbox 2357 2834 3920 2906">
    <p class='ocr_par' dir='ltr' id='par_1_96' title="bbox 2357 2834 3920 2906">
     <span class='ocr_line' id='line_1_97' title="bbox 2357 2834 3920 2906; baseline 0.001 -18"><span class='ocrx_word' id='word_1_757' title='bbox 2357 2834 2628 2889; x_wconf 86' lang='lat' dir='ltr'><strong>conductis</strong></span> <span class='ocrx_word' id='word_1_758' title='bbox 2657 2835 2915 2890; x_wconf 90' lang='lat' dir='ltr'><strong>libertinis</strong></span> <span class='ocrx_word' id='word_1_759' title='bbox 2950 2846 3004 2891; x_wconf 89' lang='lat' dir='ltr'><strong>et</strong></span> <span class='ocrx_word' id='word_1_760' title='bbox 3036 2837 3233 2896; x_wconf 90' lang='lat' dir='ltr'><strong>servis,</strong></span> <span class='ocrx_word' id='word_1_761' title='bbox 3261 2837 3351 2905; x_wconf 89' lang='lat' dir='ltr'><strong>qui</strong></span> <span class='ocrx_word' id='word_1_762' title='bbox 3395 2847 3608 2904; x_wconf 85' lang='lat' dir='ltr'><strong>pr0pter</strong></span> <span class='ocrx_word' id='word_1_763' title='bbox 3635 2837 3811 2906; x_wconf 87' lang='lat' dir='ltr'><strong>gulam</strong></span> <span class='ocrx_word' id='word_1_764' title='bbox 3830 2879 3845 2902; x_wconf 96' lang='lat'><strong>,</strong></span> <span class='ocrx_word' id='word_1_765' title='bbox 3873 2847 3920 2892; x_wconf 86' lang='lat' dir='ltr'><strong>et</strong></span> 
     </span>
    </p>
   </div>
   <div class='ocr_carea' id='block_1_97' title="bbox 2357 2925 3922 2996">
    <p class='ocr_par' dir='ltr' id='par_1_97' title="bbox 2357 2925 3922 2996">
     <span class='ocr_line' id='line_1_98' title="bbox 2357 2925 3922 2996; baseline 0 -16"><span class='ocrx_word' id='word_1_766' title='bbox 2357 2937 2596 2981; x_wconf 89' lang='lat' dir='ltr'><strong>ventrem</strong></span> <span class='ocrx_word' id='word_1_767' title='bbox 2619 2927 2682 2980; x_wconf 94' lang='lat' dir='ltr'><strong>ad</strong></span> <span class='ocrx_word' id='word_1_768' title='bbox 2704 2941 2863 2982; x_wconf 90' lang='lat' dir='ltr'><strong>omne</strong></span> <span class='ocrx_word' id='word_1_769' title='bbox 2888 2926 3091 2982; x_wconf 89' lang='lat' dir='ltr'><strong>facinus</strong></span> <span class='ocrx_word' id='word_1_770' title='bbox 3112 2928 3300 2981; x_wconf 88' lang='lat' dir='ltr'><strong>armati</strong></span> <span class='ocrx_word' id='word_1_771' title='bbox 3321 2935 3463 2980; x_wconf 86' lang='lat' dir='ltr'><strong>sunt.</strong></span> <span class='ocrx_word' id='word_1_772' title='bbox 3487 2925 3727 2996; x_wconf 89' lang='lat' dir='ltr'><strong>Cumque</strong></span> <span class='ocrx_word' id='word_1_773' title='bbox 3742 2941 3922 2996; x_wconf 87' lang='lat' dir='ltr'><strong>oppor-</strong></span> 
     </span>
    </p>
   </div>
   <div class='ocr_carea' id='block_1_98' title="bbox 2359 3015 3918 3087">
    <p class='ocr_par' dir='ltr' id='par_1_98' title="bbox 2359 3015 3918 3087">
     <span class='ocr_line' id='line_1_99' title="bbox 2359 3015 3918 3087; baseline -0.001 -16"><span class='ocrx_word' id='word_1_774' title='bbox 2359 3017 2565 3071; x_wconf 89' lang='lat' dir='ltr'><strong>tuniora</strong></span> <span class='ocrx_word' id='word_1_775' title='bbox 2590 3015 2844 3070; x_wconf 76' lang='lat' dir='ltr'><strong>Ecclesia:</strong></span> <span class='ocrx_word' id='word_1_776' title='bbox 2873 3017 2942 3087; x_wconf 81' lang='grc' dir='ltr'><strong>(ε)</strong></span> <span class='ocrx_word' id='word_1_777' title='bbox 2969 3019 3117 3085; x_wconf 89' lang='lat' dir='ltr'><strong>quasi</strong></span> <span class='ocrx_word' id='word_1_778' title='bbox 3160 3017 3210 3070; x_wconf 90' lang='lat' dir='ltr'><strong>in</strong></span> <span class='ocrx_word' id='word_1_779' title='bbox 3249 3015 3529 3070; x_wconf 88' lang='lat' dir='ltr'><strong>obsidione</strong></span> <span class='ocrx_word' id='word_1_780' title='bbox 3561 3016 3707 3070; x_wconf 85' lang='lat' dir='ltr'><strong>urbis</strong></span> <span class='ocrx_word' id='word_1_781' title='bbox 3727 3056 3744 3078; x_wconf 93' lang='lat'><strong>,</strong></span> <span class='ocrx_word' id='word_1_782' title='bbox 3774 3024 3918 3070; x_wconf 86' lang='lat' dir='ltr'><strong>tene-</strong></span> 
     </span>
    </p>
   </div>
   <div class='ocr_carea' id='block_1_99' title="bbox 2359 3107 3917 3177">
    <p class='ocr_par' dir='ltr' id='par_1_99' title="bbox 2359 3107 3917 3177">
     <span class='ocr_line' id='line_1_100' title="bbox 2359 3107 3917 3177; baseline -0.001 -15"><span class='ocrx_word' id='word_1_783' title='bbox 2359 3118 2480 3162; x_wconf 89' lang='lat' dir='ltr'><strong>rent</strong></span> <span class='ocrx_word' id='word_1_784' title='bbox 2505 3109 2642 3172; x_wconf 89' lang='lat' dir='ltr'><strong>loca,</strong></span> <span class='ocrx_word' id='word_1_785' title='bbox 2677 3109 2969 3177; x_wconf 88' lang='lat' dir='ltr'><strong>palmarum</strong></span> <span class='ocrx_word' id='word_1_786' title='bbox 2996 3108 3160 3162; x_wconf 91' lang='lat' dir='ltr'><strong>ramis</strong></span> <span class='ocrx_word' id='word_1_787' title='bbox 3185 3107 3370 3172; x_wconf 87' lang='lat' dir='ltr'><strong>fustes,</strong></span> <span class='ocrx_word' id='word_1_788' title='bbox 3402 3115 3457 3160; x_wconf 88' lang='lat' dir='ltr'><strong>et</strong></span> <span class='ocrx_word' id='word_1_789' title='bbox 3493 3107 3714 3162; x_wconf 90' lang='lat' dir='ltr'><strong>bacillos</strong></span> <span class='ocrx_word' id='word_1_790' title='bbox 3747 3118 3917 3176; x_wconf 79' lang='lat' dir='ltr'><strong>prme-</strong></span> 
     </span>
    </p>
   </div>
   <div class='ocr_carea' id='block_1_100' title="bbox 2358 3197 3916 3266">
    <p class='ocr_par' dir='ltr' id='par_1_100' title="bbox 2358 3197 3916 3266">
     <span class='ocr_line' id='line_1_101' title="bbox 2358 3197 3916 3266; baseline -0.003 -15"><span class='ocrx_word' id='word_1_791' title='bbox 2358 3200 2572 3266; x_wconf 88' lang='lat' dir='ltr'><strong>gebant,</strong></span> <span class='ocrx_word' id='word_1_792' title='bbox 2601 3204 2657 3249; x_wconf 91' lang='lat' dir='ltr'><strong>ut</strong></span> <span class='ocrx_word' id='word_1_793' title='bbox 2694 3198 2795 3250; x_wconf 91' lang='lat' dir='ltr'><strong>sub</strong></span> <span class='ocrx_word' id='word_1_794' title='bbox 2838 3197 2982 3265; x_wconf 90' lang='lat' dir='ltr'><strong>pacis</strong></span> <span class='ocrx_word' id='word_1_795' title='bbox 3026 3198 3318 3266; x_wconf 88' lang='lat' dir='ltr'><strong>insignibus</strong></span> <span class='ocrx_word' id='word_1_796' title='bbox 3361 3207 3574 3265; x_wconf 86' lang='lat' dir='ltr'><strong>paratos</strong></span> <span class='ocrx_word' id='word_1_797' title='bbox 3617 3197 3685 3251; x_wconf 90' lang='lat' dir='ltr'><strong>ad</strong></span> <span class='ocrx_word' id='word_1_798' title='bbox 3727 3198 3916 3251; x_wconf 62' lang='lat' dir='ltr'><strong>easdem</strong></span> 
     </span>
    </p>
   </div>
   <div class='ocr_carea' id='block_1_101' title="bbox 2359 3285 3922 3353">
    <p class='ocr_par' dir='ltr' id='par_1_101' title="bbox 2359 3285 3922 3353">
     <span class='ocr_line' id='line_1_102' title="bbox 2359 3285 3922 3353; baseline 0.001 -14"><span class='ocrx_word' id='word_1_799' title='bbox 2359 3287 2566 3340; x_wconf 89' lang='lat' dir='ltr'><strong>animos</strong></span> <span class='ocrx_word' id='word_1_800' title='bbox 2607 3285 3025 3340; x_wconf 84' lang='lat' dir='ltr'><strong>dissimularent.</strong></span> <span class='ocrx_word' id='word_1_801' title='bbox 3069 3287 3132 3340; x_wconf 88' lang='lat' dir='ltr'><strong>Et</strong></span> <span class='ocrx_word' id='word_1_802' title='bbox 3158 3296 3216 3340; x_wconf 89' lang='lat' dir='ltr'><strong>ut</strong></span> <span class='ocrx_word' id='word_1_803' title='bbox 3244 3285 3446 3340; x_wconf 84' lang='lat' dir='ltr'><strong>firmior</strong></span> <span class='ocrx_word' id='word_1_804' title='bbox 3473 3295 3618 3342; x_wconf 86' lang='lat' dir='ltr'><strong>esset</strong></span> <span class='ocrx_word' id='word_1_805' title='bbox 3659 3286 3844 3353; x_wconf 92' lang='lat' dir='ltr'><strong>factio,</strong></span> <span class='ocrx_word' id='word_1_806' title='bbox 3871 3295 3922 3341; x_wconf 88' lang='lat' dir='ltr'><strong>et</strong></span> 
     </span>
    </p>
   </div>
   <div class='ocr_carea' id='block_1_102' title="bbox 2363 3377 3920 3451">
    <p class='ocr_par' dir='ltr' id='par_1_102' title="bbox 2363 3377 3920 3451">
     <span class='ocr_line' id='line_1_103' title="bbox 2363 3377 3920 3451; baseline 0.002 -21"><span class='ocrx_word' id='word_1_807' title='bbox 2363 3377 2656 3446; x_wconf 88' lang='lat' dir='ltr'><strong>promptior</strong></span> <span class='ocrx_word' id='word_1_808' title='bbox 2678 3393 2878 3432; x_wconf 87' lang='lat' dir='ltr'><strong>ettneus</strong></span> <span class='ocrx_word' id='word_1_809' title='bbox 2903 3377 2967 3432; x_wconf 90' lang='lat' dir='ltr'><strong>ad</strong></span> <span class='ocrx_word' id='word_1_810' title='bbox 3007 3377 3280 3432; x_wconf 90' lang='lat' dir='ltr'><strong>audaciam</strong></span> <span class='ocrx_word' id='word_1_811' title='bbox 3307 3419 3322 3444; x_wconf 94' lang='lat'><strong>,</strong></span> <span class='ocrx_word' id='word_1_812' title='bbox 3354 3378 3535 3433; x_wconf 89' lang='lat' dir='ltr'><strong>multis</strong></span> <span class='ocrx_word' id='word_1_813' title='bbox 3568 3379 3726 3451; x_wconf 80' lang='lat'><strong>553</strong></span> <span class='ocrx_word' id='word_1_814' title='bbox 3781 3380 3920 3449; x_wconf 85' lang='lat' dir='ltr'><strong>inge-</strong></span> 
     </span>
    </p>
   </div>
   <div class='ocr_carea' id='block_1_103' title="bbox 2362 3467 3921 3536">
    <p class='ocr_par' dir='ltr' id='par_1_103' title="bbox 2362 3467 3921 3536">
     <span class='ocr_line' id='line_1_104' title="bbox 2362 3467 3921 3536; baseline 0.001 -17"><span class='ocrx_word' id='word_1_815' title='bbox 2362 3481 2588 3520; x_wconf 90' lang='lat' dir='ltr'><strong>nuorum</strong></span> <span class='ocrx_word' id='word_1_816' title='bbox 2628 3469 2876 3535; x_wconf 85' lang='lat' dir='ltr'><strong>pecunias</strong></span> <span class='ocrx_word' id='word_1_817' title='bbox 2917 3467 3170 3531; x_wconf 86' lang='lat' dir='ltr'><strong>divisere,</strong></span> <span class='ocrx_word' id='word_1_818' title='bbox 3212 3468 3302 3536; x_wconf 91' lang='lat' dir='ltr'><strong>qui</strong></span> <span class='ocrx_word' id='word_1_819' title='bbox 3340 3478 3682 3535; x_wconf 83' lang='lat' dir='ltr'><strong>acceperunt.</strong></span> <span class='ocrx_word' id='word_1_820' title='bbox 3726 3483 3828 3523; x_wconf 89' lang='lat' dir='ltr'><strong>non</strong></span> <span class='ocrx_word' id='word_1_821' title='bbox 3871 3479 3921 3521; x_wconf 90' lang='lat' dir='ltr'><strong>ut</strong></span> 
     </span>
    </p>
   </div>
   <div class='ocr_carea' id='block_1_104' title="bbox 2361 3555 3924 3627">
    <p class='ocr_par' dir='ltr' id='par_1_104' title="bbox 2361 3555 3924 3627">
     <span class='ocr_line' id='line_1_105' title="bbox 2361 3555 3924 3627; baseline 0.002 -19"><span class='ocrx_word' id='word_1_822' title='bbox 2361 3555 2553 3608; x_wconf 85' lang='lat' dir='ltr'><strong>sceleri</strong></span> <span class='ocrx_word' id='word_1_823' title='bbox 2594 3557 2998 3621; x_wconf 82' lang='lat' dir='ltr'><strong>consentirent,</strong></span> <span class='ocrx_word' id='word_1_824' title='bbox 3057 3556 3150 3610; x_wconf 89' lang='lat' dir='ltr'><strong>sed</strong></span> <span class='ocrx_word' id='word_1_825' title='bbox 3196 3565 3252 3610; x_wconf 90' lang='lat' dir='ltr'><strong>ut</strong></span> <span class='ocrx_word' id='word_1_826' title='bbox 3293 3557 3445 3610; x_wconf 85' lang='lat' dir='ltr'><strong>nobis</strong></span> <span class='ocrx_word' id='word_1_827' title='bbox 3486 3555 3552 3627; x_wconf 78' lang='grc' dir='ltr'><strong>(ο</strong></span> <span class='ocrx_word' id='word_1_828' title='bbox 3592 3558 3924 3626; x_wconf 86' lang='lat' dir='ltr'><strong>providerent</strong></span> 
     </span>
    </p>
   </div>
   <div class='ocr_carea' id='block_1_105' title="bbox 2362 3647 3919 3717">
    <p class='ocr_par' dir='ltr' id='par_1_105' title="bbox 2362 3647 3919 3717">
     <span class='ocr_line' id='line_1_106' title="bbox 2362 3647 3919 3717; baseline 0.004 -20"><span class='ocrx_word' id='word_1_829' title='bbox 2362 3653 2584 3698; x_wconf 88' lang='lat' dir='ltr'><strong>conatus</strong></span> <span class='ocrx_word' id='word_1_830' title='bbox 2627 3659 2812 3699; x_wconf 91' lang='lat' dir='ltr'><strong>eorum</strong></span> <span class='ocrx_word' id='word_1_831' title='bbox 2838 3686 2854 3711; x_wconf 95' lang='lat'><strong>,</strong></span> <span class='ocrx_word' id='word_1_832' title='bbox 2896 3655 2952 3715; x_wconf 84' lang='lat' dir='ltr'><strong>et</strong></span> <span class='ocrx_word' id='word_1_833' title='bbox 3000 3655 3212 3716; x_wconf 86' lang='lat' dir='ltr'><strong>paratas</strong></span> <span class='ocrx_word' id='word_1_834' title='bbox 3266 3647 3485 3701; x_wconf 84' lang='lat' dir='ltr'><strong>insidias</strong></span> <span class='ocrx_word' id='word_1_835' title='bbox 3529 3647 3824 3717; x_wconf 88' lang='lat' dir='ltr'><strong>panderent</strong></span> <span class='ocrx_word' id='word_1_836' title='bbox 3861 3650 3919 3702; x_wconf 84' lang='lat' dir='ltr'><strong>ad</strong></span> 
     </span>
    </p>
   </div>
   <div class='ocr_carea' id='block_1_106' title="bbox 2364 3735 3922 3802">
    <p class='ocr_par' dir='ltr' id='par_1_106' title="bbox 2364 3735 3922 3802">
     <span class='ocr_line' id='line_1_107' title="bbox 2364 3735 3922 3802; baseline 0.004 -12"><span class='ocrx_word' id='word_1_837' title='bbox 2364 3735 2680 3790; x_wconf 90' lang='lat' dir='ltr'><strong>cavendum.</strong></span> <span class='ocrx_word' id='word_1_838' title='bbox 2721 3736 2874 3802; x_wconf 86' lang='lat' dir='ltr'><strong>Quod</strong></span> <span class='ocrx_word' id='word_1_839' title='bbox 2919 3752 3040 3792; x_wconf 90' lang='lat' dir='ltr'><strong>cum</strong></span> <span class='ocrx_word' id='word_1_840' title='bbox 3083 3749 3328 3794; x_wconf 89' lang='lat' dir='ltr'><strong>cerneret</strong></span> <span class='ocrx_word' id='word_1_841' title='bbox 3377 3741 3783 3796; x_wconf 89' lang='lat' dir='ltr'><strong>innumerabilis</strong></span> <span class='ocrx_word' id='word_1_842' title='bbox 3827 3743 3922 3797; x_wconf 85' lang='lat' dir='ltr'><strong>fre-</strong></span> 
     </span>
    </p>
   </div>
   <div class='ocr_carea' id='block_1_107' title="bbox 2363 3825 3920 3898">
    <p class='ocr_par' dir='ltr' id='par_1_107' title="bbox 2363 3825 3920 3898">
     <span class='ocr_line' id='line_1_108' title="bbox 2363 3825 3920 3898; baseline 0.004 -21"><span class='ocrx_word' id='word_1_843' title='bbox 2363 3827 2577 3894; x_wconf 90' lang='lat' dir='ltr'><strong>quentia</strong></span> <span class='ocrx_word' id='word_1_844' title='bbox 2602 3825 3002 3894; x_wconf 74' lang='lat' dir='ltr'><strong>Monachorum,</strong></span> <span class='ocrx_word' id='word_1_845' title='bbox 3030 3837 3308 3896; x_wconf 72' lang='lat' dir='ltr'><strong>coeperunt</strong></span> <span class='ocrx_word' id='word_1_846' title='bbox 3335 3844 3523 3884; x_wconf 87' lang='lat' dir='ltr'><strong>omnes</strong></span> <span class='ocrx_word' id='word_1_847' title='bbox 3543 3831 3848 3898; x_wconf 81' lang='lat' dir='ltr'><strong>vociferari,</strong></span> <span class='ocrx_word' id='word_1_848' title='bbox 3873 3841 3920 3884; x_wconf 90' lang='lat' dir='ltr'><strong>et</strong></span> 
     </span>
    </p>
   </div>
   <div class='ocr_carea' id='block_1_108' title="bbox 2365 3913 3918 3985">
    <p class='ocr_par' dir='ltr' id='par_1_108' title="bbox 2365 3913 3918 3985">
     <span class='ocr_line' id='line_1_109' title="bbox 2365 3913 3918 3985; baseline 0.004 -18"><span class='ocrx_word' id='word_1_849' title='bbox 2365 3929 2654 3984; x_wconf 90' lang='lat' dir='ltr'><strong>paucorum</strong></span> <span class='ocrx_word' id='word_1_850' title='bbox 2682 3913 2916 3970; x_wconf 90' lang='lat' dir='ltr'><strong>furorem</strong></span> <span class='ocrx_word' id='word_1_851' title='bbox 2941 3931 3180 3971; x_wconf 90' lang='lat' dir='ltr'><strong>consono</strong></span> <span class='ocrx_word' id='word_1_852' title='bbox 3200 3917 3434 3973; x_wconf 89' lang='lat' dir='ltr'><strong>clamore</strong></span> <span class='ocrx_word' id='word_1_853' title='bbox 3461 3929 3663 3974; x_wconf 89' lang='lat' dir='ltr'><strong>terrere</strong></span> <span class='ocrx_word' id='word_1_854' title='bbox 3681 3961 3697 3985; x_wconf 95' lang='lat'><strong>,</strong></span> <span class='ocrx_word' id='word_1_855' title='bbox 3734 3930 3793 3975; x_wconf 89' lang='lat' dir='ltr'><strong>ut</strong></span> <span class='ocrx_word' id='word_1_856' title='bbox 3822 3921 3918 3975; x_wconf 85' lang='lat' dir='ltr'><strong>sal-</strong></span> 
     </span>
    </p>
   </div>
   <div class='ocr_carea' id='block_1_109' title="bbox 2364 4006 3921 4082">
    <p class='ocr_par' dir='ltr' id='par_1_109' title="bbox 2364 4006 3921 4082">
     <span class='ocr_line' id='line_1_110' title="bbox 2364 4006 3921 4082; baseline 0.003 -24"><span class='ocrx_word' id='word_1_857' title='bbox 2364 4013 2471 4059; x_wconf 82' lang='lat' dir='ltr'><strong>tem</strong></span> <span class='ocrx_word' id='word_1_858' title='bbox 2520 4015 2664 4060; x_wconf 90' lang='lat' dir='ltr'><strong>metu</strong></span> <span class='ocrx_word' id='word_1_859' title='bbox 2707 4006 2996 4062; x_wconf 86' lang='lat' dir='ltr'><strong>Collectam</strong></span> <span class='ocrx_word' id='word_1_860' title='bbox 3043 4007 3158 4062; x_wconf 90' lang='lat' dir='ltr'><strong>fieri</strong></span> <span class='ocrx_word' id='word_1_861' title='bbox 3196 4008 3434 4063; x_wconf 87' lang='lat' dir='ltr'><strong>sinerent</strong></span> <span class='ocrx_word' id='word_1_862' title='bbox 3476 4007 3595 4081; x_wconf 73' lang='grc' dir='ltr'><strong>[Με.</strong></span> <span class='ocrx_word' id='word_1_863' title='bbox 3627 4008 3854 4082; x_wconf 83' lang='lat' dir='ltr'><strong>sineret].</strong></span> <span class='ocrx_word' id='word_1_864' title='bbox 3876 4018 3921 4064; x_wconf 86' lang='lat' dir='ltr'><strong>et</strong></span> 
     </span>
    </p>
   </div>
   <div class='ocr_carea' id='block_1_110' title="bbox 2363 4095 3918 4168">
    <p class='ocr_par' dir='ltr' id='par_1_110' title="bbox 2363 4095 3918 4168">
     <span class='ocr_line' id='line_1_111' title="bbox 2363 4095 3918 4168; baseline 0.003 -18"><span class='ocrx_word' id='word_1_865' title='bbox 2363 4095 2616 4151; x_wconf 76' lang='lat' dir='ltr'><strong>Ecclesia:</strong></span> <span class='ocrx_word' id='word_1_866' title='bbox 2631 4096 2751 4166; x_wconf 87' lang='lat' dir='ltr'><strong>jura</strong></span> <span class='ocrx_word' id='word_1_867' title='bbox 2781 4097 3003 4151; x_wconf 89' lang='lat' dir='ltr'><strong>servari.</strong></span> <span class='ocrx_word' id='word_1_868' title='bbox 3033 4097 3101 4152; x_wconf 89' lang='lat' dir='ltr'><strong>Et</strong></span> <span class='ocrx_word' id='word_1_869' title='bbox 3129 4098 3231 4152; x_wconf 92' lang='lat' dir='ltr'><strong>nisi</strong></span> <span class='ocrx_word' id='word_1_870' title='bbox 3257 4098 3425 4168; x_wconf 87' lang='lat' dir='ltr'><strong>gratia</strong></span> <span class='ocrx_word' id='word_1_871' title='bbox 3455 4099 3548 4154; x_wconf 91' lang='lat' dir='ltr'><strong>Dei</strong></span> <span class='ocrx_word' id='word_1_872' title='bbox 3580 4101 3918 4155; x_wconf 77' lang='lat' dir='ltr'><strong>multitudinis</strong></span> 
     </span>
    </p>
   </div>
   <div class='ocr_carea' id='block_1_111' title="bbox 2364 4185 3920 4261">
    <p class='ocr_par' dir='ltr' id='par_1_111' title="bbox 2364 4185 3920 4261">
     <span class='ocr_line' id='line_1_112' title="bbox 2364 4185 3920 4261; baseline 0.002 -22"><span class='ocrx_word' id='word_1_873' title='bbox 2364 4186 2616 4256; x_wconf 89' lang='lat' dir='ltr'><strong>impetum</strong></span> <span class='ocrx_word' id='word_1_874' title='bbox 2645 4186 2986 4254; x_wconf 89' lang='lat' dir='ltr'><strong>refreuasset,</strong></span> <span class='ocrx_word' id='word_1_875' title='bbox 3010 4185 3086 4261; x_wconf 82' lang='lat' dir='ltr'><strong>(g)</strong></span> <span class='ocrx_word' id='word_1_876' title='bbox 3104 4189 3374 4244; x_wconf 87' lang='lat' dir='ltr'><strong>evenisset</strong></span> <span class='ocrx_word' id='word_1_877' title='bbox 3391 4188 3610 4258; x_wconf 88' lang='lat' dir='ltr'><strong>aliquid,</strong></span> <span class='ocrx_word' id='word_1_878' title='bbox 3636 4191 3780 4259; x_wconf 90' lang='lat' dir='ltr'><strong>quod</strong></span> <span class='ocrx_word' id='word_1_879' title='bbox 3799 4191 3920 4246; x_wconf 88' lang='lat' dir='ltr'><strong>solet</strong></span> 
     </span>
    </p>
   </div>
   <div class='ocr_carea' id='block_1_112' title="bbox 2362 4276 3920 4343">
    <p class='ocr_par' dir='ltr' id='par_1_112' title="bbox 2362 4276 3920 4343">
     <span class='ocr_line' id='line_1_113' title="bbox 2362 4276 3920 4343; baseline 0.004 -13"><span class='ocrx_word' id='word_1_880' title='bbox 2362 4276 2415 4330; x_wconf 89' lang='lat' dir='ltr'><strong>in</strong></span> <span class='ocrx_word' id='word_1_881' title='bbox 2446 4276 2794 4332; x_wconf 88' lang='lat' dir='ltr'><strong>seditionibus</strong></span> <span class='ocrx_word' id='word_1_882' title='bbox 2821 4279 2962 4343; x_wconf 84' lang='lat' dir='ltr'><strong>fieri;</strong></span> <span class='ocrx_word' id='word_1_883' title='bbox 2996 4279 3046 4332; x_wconf 93' lang='lat' dir='ltr'><strong>in</strong></span> <span class='ocrx_word' id='word_1_884' title='bbox 3079 4289 3277 4333; x_wconf 88' lang='lat' dir='ltr'><strong>tantam</strong></span> <span class='ocrx_word' id='word_1_885' title='bbox 3305 4281 3445 4334; x_wconf 88' lang='lat' dir='ltr'><strong>enim</strong></span> <span class='ocrx_word' id='word_1_886' title='bbox 3473 4281 3660 4336; x_wconf 89' lang='lat' dir='ltr'><strong>nefarii</strong></span> <span class='ocrx_word' id='word_1_887' title='bbox 3694 4282 3920 4336; x_wconf 83' lang='lat' dir='ltr'><strong>homines</strong></span> 
     </span>
    </p>
   </div>
   <div class='ocr_carea' id='block_1_113' title="bbox 2364 4368 3920 4439">
    <p class='ocr_par' dir='ltr' id='par_1_113' title="bbox 2364 4368 3920 4439">
     <span class='ocr_line' id='line_1_114' title="bbox 2364 4368 3920 4439; baseline 0.004 -19"><span class='ocrx_word' id='word_1_888' title='bbox 2364 4368 2736 4431; x_wconf 88' lang='lat' dir='ltr'><strong>temeritatem,</strong></span> <span class='ocrx_word' id='word_1_889' title='bbox 2769 4368 2877 4422; x_wconf 90' lang='lat' dir='ltr'><strong>imo</strong></span> <span class='ocrx_word' id='word_1_890' title='bbox 2903 4368 3166 4423; x_wconf 87' lang='lat' dir='ltr'><strong>insaniam</strong></span> <span class='ocrx_word' id='word_1_891' title='bbox 3212 4379 3580 4439; x_wconf 66' lang='lat' dir='ltr'><strong>prteruperant</strong></span> <span class='ocrx_word' id='word_1_892' title='bbox 3603 4412 3618 4438; x_wconf 95' lang='lat'><strong>,</strong></span> <span class='ocrx_word' id='word_1_893' title='bbox 3658 4383 3717 4425; x_wconf 90' lang='lat' dir='ltr'><strong>ut</strong></span> <span class='ocrx_word' id='word_1_894' title='bbox 3739 4383 3920 4427; x_wconf 67' lang='lat' dir='ltr'><strong>sanctae</strong></span> 
     </span>
    </p>
   </div>
   <div class='ocr_carea' id='block_1_114' title="bbox 2361 4459 3922 4531">
    <p class='ocr_par' dir='ltr' id='par_1_114' title="bbox 2361 4459 3922 4531">
     <span class='ocr_line' id='line_1_115' title="bbox 2361 4459 3922 4531; baseline 0.004 -22"><span class='ocrx_word' id='word_1_895' title='bbox 2361 4472 2574 4527; x_wconf 87' lang='lat' dir='ltr'><strong>quoque</strong></span> <span class='ocrx_word' id='word_1_896' title='bbox 2599 4459 3023 4514; x_wconf 85' lang='lat' dir='ltr'><strong>conversationis</strong></span> <span class='ocrx_word' id='word_1_897' title='bbox 3049 4460 3292 4515; x_wconf 82' lang='lat' dir='ltr'><strong>Monachi</strong></span> <span class='ocrx_word' id='word_1_898' title='bbox 3318 4502 3334 4525; x_wconf 94' lang='lat'><strong>,</strong></span> <span class='ocrx_word' id='word_1_899' title='bbox 3364 4471 3418 4515; x_wconf 92' lang='lat' dir='ltr'><strong>et</strong></span> <span class='ocrx_word' id='word_1_900' title='bbox 3446 4475 3663 4531; x_wconf 88' lang='lat' dir='ltr'><strong>semper</strong></span> <span class='ocrx_word' id='word_1_901' title='bbox 3692 4477 3922 4516; x_wconf 77' lang='lat' dir='ltr'><strong>mansue-</strong></span> 
     </span>
    </p>
   </div>
   <div class='ocr_carea' id='block_1_115' title="bbox 2365 4548 3918 4625">
    <p class='ocr_par' dir='ltr' id='par_1_115' title="bbox 2365 4548 3918 4625">
     <span class='ocr_line' id='line_1_116' title="bbox 2365 4548 3918 4625; baseline 0.003 -25"><span class='ocrx_word' id='word_1_902' title='bbox 2365 4548 2552 4602; x_wconf 86' lang='lat' dir='ltr'><strong>tissimi</strong></span> <span class='ocrx_word' id='word_1_903' title='bbox 2597 4563 2784 4604; x_wconf 90' lang='lat' dir='ltr'><strong>eorum</strong></span> <span class='ocrx_word' id='word_1_904' title='bbox 2831 4548 3066 4604; x_wconf 92' lang='lat' dir='ltr'><strong>furorem</strong></span> <span class='ocrx_word' id='word_1_905' title='bbox 3110 4551 3374 4606; x_wconf 83' lang='lat' dir='ltr'><strong>sustinere</strong></span> <span class='ocrx_word' id='word_1_906' title='bbox 3417 4565 3524 4606; x_wconf 90' lang='lat' dir='ltr'><strong>non</strong></span> <span class='ocrx_word' id='word_1_907' title='bbox 3566 4562 3788 4621; x_wconf 88' lang='lat' dir='ltr'><strong>possent</strong></span> <span class='ocrx_word' id='word_1_908' title='bbox 3813 4551 3918 4625; x_wconf 75' lang='lat' dir='ltr'><strong>(Ms.</strong></span> 
     </span>
    </p>
   </div>
   <div class='ocr_carea' id='block_1_116' title="bbox 2425 4739 3920 4850">
    <p class='ocr_par' dir='ltr' id='par_1_116' title="bbox 2425 4739 3920 4850">
     <span class='ocr_line' id='line_1_117' title="bbox 2425 4739 3920 4850; baseline 0.002 -60"><span class='ocrx_word' id='word_1_909' title='bbox 2425 4740 2496 4850; x_wconf 56' lang='grc' dir='ltr'><strong>(εἷ</strong></span> <span class='ocrx_word' id='word_1_910' title='bbox 2531 4739 2716 4803; x_wconf 87' lang='lat' dir='ltr'><strong>Supple</strong></span> <span class='ocrx_word' id='word_1_911' title='bbox 2737 4753 2857 4802; x_wconf 80' lang='lat' dir='ltr'><strong>esse,</strong></span> <span class='ocrx_word' id='word_1_912' title='bbox 2882 4749 2966 4791; x_wconf 82' lang='lat' dir='ltr'><strong>aut</strong></span> <span class='ocrx_word' id='word_1_913' title='bbox 2988 4744 3155 4792; x_wconf 87' lang='lat' dir='ltr'><strong>verius</strong></span> <span class='ocrx_word' id='word_1_914' title='bbox 3183 4742 3286 4816; x_wconf 75' lang='lat' dir='ltr'><strong>leg.</strong></span> <span class='ocrx_word' id='word_1_915' title='bbox 3311 4743 3583 4794; x_wconf 76' lang='lat' dir='ltr'><strong>conversari</strong></span> <span class='ocrx_word' id='word_1_916' title='bbox 3600 4779 3614 4801; x_wconf 85' lang='lat'><strong>,</strong></span> <span class='ocrx_word' id='word_1_917' title='bbox 3640 4752 3694 4794; x_wconf 87' lang='lat' dir='ltr'><strong>et</strong></span> <span class='ocrx_word' id='word_1_918' title='bbox 3835 4745 3920 4794; x_wconf 84' lang='lat' dir='ltr'><strong>Pa-</strong></span> 
     </span>
     <span class='ocr_line' id='line_1_118' title="bbox 2425 4801 3920 4850; baseline 0.001 -2"><span class='ocrx_word' id='word_1_919' title='bbox 2425 4802 2476 4850; x_wconf 82' lang='lat' dir='ltr'><strong>ha</strong></span> <span class='ocrx_word' id='word_1_920' title='bbox 2501 4838 2512 4850; x_wconf 96' lang='lat'><strong>.</strong></span> <span class='ocrx_word' id='word_1_921' title='bbox 2538 4801 2602 4850; x_wconf 86' lang='lat' dir='ltr'><strong>ll.</strong></span> <span class='ocrx_word' id='word_1_922' title='bbox 2628 4816 2678 4850; x_wconf 82' lang='grc' dir='ltr'>ιι.</span> <span class='ocrx_word' id='word_1_923' title='bbox 2709 4801 2791 4850; x_wconf 72' lang='grc'><strong>22.</strong></span> <span class='ocrx_word' id='word_1_924' title='bbox 2828 4805 2922 4850; x_wconf 88' lang='lat' dir='ltr'><strong>sub</strong></span> <span class='ocrx_word' id='word_1_925' title='bbox 2957 4802 3132 4850; x_wconf 81' lang='lat' dir='ltr'><strong>ﬁnem.</strong></span> <span class='ocrx_word' id='word_1_926' title='bbox 3158 4805 3240 4850; x_wconf 81' lang='lat' dir='ltr'><strong>ubi</strong></span> <span class='ocrx_word' id='word_1_927' title='bbox 3272 4805 3446 4850; x_wconf 84' lang='lat' dir='ltr'><strong>eadem</strong></span> <span class='ocrx_word' id='word_1_928' title='bbox 3469 4813 3545 4850; x_wconf 81' lang='lat' dir='ltr'><strong>est</strong></span> <span class='ocrx_word' id='word_1_929' title='bbox 3577 4814 3825 4850; x_wconf 75' lang='lat' dir='ltr'><strong>sententia</strong></span> <span class='ocrx_word' id='word_1_930' title='bbox 3863 4805 3920 4850; x_wconf 84' lang='lat' dir='ltr'><strong>de</strong></span> 
     </span>
    </p>
   </div>
   <div class='ocr_carea' id='block_1_117' title="bbox 2361 4801 3922 4910">
    <p class='ocr_par' dir='ltr' id='par_1_117' title="bbox 2361 4801 3922 4910">
     <span class='ocr_line' id='line_1_119' title="bbox 2361 4801 3922 4910; baseline 0.003 -61"><span class='ocrx_word' id='word_1_931' title='bbox 2361 4801 2678 4910; x_wconf 43' lang='lat' dir='ltr'><strong>snex;</strong></span> <span class='ocrx_word' id='word_1_932' title='bbox 2709 4801 2791 4854; x_wconf 72' lang='grc'><strong>22.</strong></span> <span class='ocrx_word' id='word_1_933' title='bbox 2828 4801 2922 4852; x_wconf 80' lang='lat' dir='ltr'><strong>Sub</strong></span> <span class='ocrx_word' id='word_1_934' title='bbox 2957 4802 3132 4865; x_wconf 82' lang='lat' dir='ltr'><strong>linem,</strong></span> <span class='ocrx_word' id='word_1_935' title='bbox 3158 4801 3260 4854; x_wconf 52' lang='lat' dir='ltr'><strong>ubi&#39;</strong></span> <span class='ocrx_word' id='word_1_936' title='bbox 3272 4805 3446 4854; x_wconf 82' lang='lat' dir='ltr'><strong>eadem</strong></span> <span class='ocrx_word' id='word_1_937' title='bbox 3469 4813 3545 4855; x_wconf 87' lang='lat' dir='ltr'><strong>est</strong></span> <span class='ocrx_word' id='word_1_938' title='bbox 3577 4809 3825 4855; x_wconf 84' lang='lat' dir='ltr'><strong>sententia</strong></span> <span class='ocrx_word' id='word_1_939' title='bbox 3863 4805 3922 4854; x_wconf 88' lang='lat' dir='ltr'><strong>de</strong></span> 
     </span>
    </p>
   </div>
   <div class='ocr_carea' id='block_1_118' title="bbox 2390 4897 3918 4996">
    <p class='ocr_par' dir='ltr' id='par_1_118' title="bbox 2390 4897 3918 4996">
     <span class='ocr_line' id='line_1_120' title="bbox 2390 4897 3918 4996; baseline 0.003 -26"><span class='ocrx_word' id='word_1_940' title='bbox 2390 4897 2762 4996; x_wconf 47' lang='grc' dir='ltr'><strong>ῖῖἆῖνξιῖξιριθςί</strong></span> <span class='ocrx_word' id='word_1_941' title='bbox 2787 4924 2942 4974; x_wconf 90' lang='lat' dir='ltr'><strong>locum</strong></span> <span class='ocrx_word' id='word_1_942' title='bbox 2969 4925 3198 4996; x_wconf 81' lang='lat' dir='ltr'><strong>jubemus</strong></span> <span class='ocrx_word' id='word_1_943' title='bbox 3214 4963 3228 4986; x_wconf 94' lang='lat'><strong>,</strong></span> <span class='ocrx_word' id='word_1_944' title='bbox 3246 4937 3303 4974; x_wconf 87' lang='lat' dir='ltr'><strong>ac</strong></span> <span class='ocrx_word' id='word_1_945' title='bbox 3325 4924 3427 4996; x_wconf 73' lang='lat' dir='ltr'><strong>legi</strong></span> <span class='ocrx_word' id='word_1_946' title='bbox 3448 4923 3782 4996; x_wconf 70' lang='lat' dir='ltr'><strong>nihi_l_iujurir_e_</strong></span> <span class='ocrx_word' id='word_1_947' title='bbox 3800 4925 3918 4996; x_wconf 73' lang='lat' dir='ltr'><strong>intu-</strong></span> 
     </span>
    </p>
   </div>
   <div class='ocr_carea' id='block_1_119' title="bbox 2364 4981 3918 5055">
    <p class='ocr_par' dir='ltr' id='par_1_119' title="bbox 2364 4981 3918 5055">
     <span class='ocr_line' id='line_1_121' title="bbox 2364 4981 3918 5055; baseline 0.002 -24"><span class='ocrx_word' id='word_1_948' title='bbox 2547 4981 3086 5055; x_wconf 42' lang='lat' dir='ltr'><strong>Co&#39;njecturas‘postpas</strong></span> <span class='ocrx_word' id='word_1_949' title='bbox 3124 4981 3229 5055; x_wconf 70' lang='lat' dir='ltr'><strong>ipse</strong></span> <span class='ocrx_word' id='word_1_950' title='bbox 3257 4981 3846 5055; x_wconf 17' lang='lat' dir='ltr'><strong>Acoplirniatfl&#39;heophj‘lus</strong></span> <span class='ocrx_word' id='word_1_951' title='bbox 3875 4989 3918 5034; x_wconf 87' lang='lat' dir='ltr'><strong>in</strong></span> 
     </span>
    </p>
   </div>
   <div class='ocr_carea' id='block_1_120' title="bbox 2363 5043 3916 5113">
    <p class='ocr_par' dir='ltr' id='par_1_120' title="bbox 2363 5043 3916 5113">
     <span class='ocr_line' id='line_1_122' title="bbox 2363 5043 3916 5113; baseline 0.003 -22"><span class='ocrx_word' id='word_1_952' title='bbox 2363 5043 2578 5113; x_wconf 71' lang='lat' dir='ltr'><strong>Paschali</strong></span> <span class='ocrx_word' id='word_1_953' title='bbox 2603 5043 2757 5094; x_wconf 86' lang='lat' dir='ltr'><strong>altera</strong></span> <span class='ocrx_word' id='word_1_954' title='bbox 2780 5061 2829 5095; x_wconf 86' lang='grc' dir='ltr'>ιι.</span> <span class='ocrx_word' id='word_1_955' title='bbox 2856 5045 2934 5095; x_wconf 76' lang='lat'><strong>23.</strong></span> <span class='ocrx_word' id='word_1_956' title='bbox 2959 5045 3087 5097; x_wconf 70' lang='lat' dir='ltr'><strong>Nihil</strong></span> <span class='ocrx_word' id='word_1_957' title='bbox 3106 5043 3176 5097; x_wconf 79' lang='lat' dir='ltr'><strong>eis</strong></span> <span class='ocrx_word' id='word_1_958' title='bbox 3196 5045 3443 5097; x_wconf 81' lang='lat' dir='ltr'><strong>intulimus</strong></span> <span class='ocrx_word' id='word_1_959' title='bbox 3464 5043 3822 5109; x_wconf 56' lang='lat' dir='ltr'><strong>irtjuria,&#39;uihil</strong></span> <span class='ocrx_word' id='word_1_960' title='bbox 3841 5059 3916 5095; x_wconf 85' lang='lat' dir='ltr'><strong>no-</strong></span> 
     </span>
    </p>
   </div>
   <div class='ocr_carea' id='block_1_121' title="bbox 2365 5114 3916 5230">
    <p class='ocr_par' dir='ltr' id='par_1_121' title="bbox 2365 5114 3916 5230">
     <span class='ocr_line' id='line_1_123' title="bbox 2479 5119 2690 5154; baseline 0.009 -2"><span class='ocrx_word' id='word_1_961' title='bbox 2479 5119 2549 5152; x_wconf 80' lang='lat' dir='ltr'><strong>ns</strong></span> <span class='ocrx_word' id='word_1_962' title='bbox 2593 5119 2622 5153; x_wconf 89' lang='lat' dir='ltr'><strong>e</strong></span> <span class='ocrx_word' id='word_1_963' title='bbox 2678 5140 2690 5154; x_wconf 93' lang='lat'><strong>.</strong></span> 
     </span>
     <span class='ocr_line' id='line_1_124' title="bbox 2365 5114 3916 5230; baseline -0.001 -15"><span class='ocrx_word' id='word_1_964' title='bbox 2365 5117 2610 5230; x_wconf 49' lang='lat' dir='ltr'><strong>cugl‘s&#39;ic</strong></span> <span class='ocrx_word' id='word_1_965' title='bbox 2625 5114 2706 5215; x_wconf 60' lang='grc' dir='ltr'>ιὲχ</span> <span class='ocrx_word' id='word_1_966' title='bbox 2746 5167 2942 5228; x_wconf 85' lang='lat' dir='ltr'><strong>ingenio</strong></span> <span class='ocrx_word' id='word_1_967' title='bbox 2974 5165 3129 5230; x_wconf 82' lang='lat' dir='ltr'><strong>locum</strong></span> <span class='ocrx_word' id='word_1_968' title='bbox 3171 5167 3485 5230; x_wconf 80' lang='lat' dir='ltr'><strong>emendamus</strong></span> <span class='ocrx_word' id='word_1_969' title='bbox 3509 5205 3522 5224; x_wconf 89' lang='lat'><strong>,</strong></span> <span class='ocrx_word' id='word_1_970' title='bbox 3562 5167 3916 5230; x_wconf 80' lang='lat' dir='ltr'><strong>legendumque</strong></span> 
     </span>
    </p>
   </div>
   <div class='ocr_carea' id='block_1_122' title="bbox 2364 5227 3918 5290">
    <p class='ocr_par' dir='ltr' id='par_1_122' title="bbox 2364 5227 3918 5290">
     <span class='ocr_line' id='line_1_125' title="bbox 2364 5227 3918 5290; baseline 0 -14"><span class='ocrx_word' id='word_1_971' title='bbox 2364 5228 2557 5276; x_wconf 87' lang='lat' dir='ltr'><strong>omnino</strong></span> <span class='ocrx_word' id='word_1_972' title='bbox 2580 5227 2932 5290; x_wconf 81' lang='lat' dir='ltr'><strong>constituimus,</strong></span> <span class='ocrx_word' id='word_1_973' title='bbox 2957 5227 3094 5290; x_wconf 80' lang='lat' dir='ltr'><strong>quasi</strong></span> <span class='ocrx_word' id='word_1_974' title='bbox 3118 5241 3203 5289; x_wconf 90' lang='lat' dir='ltr'><strong>pro</strong></span> <span class='ocrx_word' id='word_1_975' title='bbox 3232 5228 3313 5289; x_wconf 89' lang='lat' dir='ltr'><strong>qui</strong></span> <span class='ocrx_word' id='word_1_976' title='bbox 3331 5261 3345 5285; x_wconf 91' lang='lat'><strong>,</strong></span> <span class='ocrx_word' id='word_1_977' title='bbox 3372 5235 3422 5290; x_wconf 80' lang='lat' dir='ltr'><strong>et</strong></span> <span class='ocrx_word' id='word_1_978' title='bbox 3459 5227 3673 5290; x_wconf 72' lang='lat' dir='ltr'><strong>tenerent</strong></span> <span class='ocrx_word' id='word_1_979' title='bbox 3701 5243 3785 5290; x_wconf 70' lang='lat' dir='ltr'><strong>Iro</strong></span> <span class='ocrx_word' id='word_1_980' title='bbox 3805 5227 3918 5277; x_wconf 72' lang='lat' dir='ltr'><strong>terte-</strong></span> 
     </span>
    </p>
   </div>
   <div class='ocr_carea' id='block_1_123' title="bbox 2365 5287 3913 5350">
    <p class='ocr_par' dir='ltr' id='par_1_123' title="bbox 2365 5287 3913 5350">
     <span class='ocr_line' id='line_1_126' title="bbox 2365 5287 3913 5350; baseline -0.001 -13"><span class='ocrx_word' id='word_1_981' title='bbox 2365 5295 2529 5337; x_wconf 86' lang='lat' dir='ltr'><strong>rentur</strong></span> <span class='ocrx_word' id='word_1_982' title='bbox 2550 5323 2564 5348; x_wconf 93' lang='lat'><strong>,</strong></span> <span class='ocrx_word' id='word_1_983' title='bbox 2589 5301 2699 5350; x_wconf 71' lang='lat' dir='ltr'><strong>qua:</strong></span> <span class='ocrx_word' id='word_1_984' title='bbox 2720 5289 2815 5336; x_wconf 87' lang='lat' dir='ltr'><strong>duo</strong></span> <span class='ocrx_word' id='word_1_985' title='bbox 2847 5287 2986 5336; x_wconf 81' lang='lat' dir='ltr'><strong>erant</strong></span> <span class='ocrx_word' id='word_1_986' title='bbox 3023 5289 3093 5350; x_wconf 87' lang='lat' dir='ltr'><strong>in_</strong></span> <span class='ocrx_word' id='word_1_987' title='bbox 3108 5287 3376 5350; x_wconf 76' lang='lat' dir='ltr'><strong>archetypo</strong></span> <span class='ocrx_word' id='word_1_988' title='bbox 3407 5287 3587 5350; x_wconf 85' lang='lat' dir='ltr'><strong>librarii</strong></span> <span class='ocrx_word' id='word_1_989' title='bbox 3630 5287 3913 5350; x_wconf 73' lang='lat' dir='ltr'><strong>aphalmata.</strong></span> 
     </span>
    </p>
   </div>
   <div class='ocr_carea' id='block_1_124' title="bbox 2365 5347 3916 5459">
    <p class='ocr_par' dir='ltr' id='par_1_124' title="bbox 2365 5347 3916 5459">
     <span class='ocr_line' id='line_1_127' title="bbox 2365 5347 3916 5410; baseline -0.001 -14"><span class='ocrx_word' id='word_1_990' title='bbox 2365 5361 2474 5410; x_wconf 63' lang='lat' dir='ltr'><strong>quae</strong></span> <span class='ocrx_word' id='word_1_991' title='bbox 2510 5347 2708 5397; x_wconf 75' lang='lat' dir='ltr'><strong>sensum</strong></span> <span class='ocrx_word' id='word_1_992' title='bbox 2733 5350 3041 5397; x_wconf 74' lang='lat' dir='ltr'><strong>th-rtebant.</strong></span> <span class='ocrx_word' id='word_1_993' title='bbox 3067 5348 3216 5396; x_wconf 83' lang='lat' dir='ltr'><strong>Porro</strong></span> <span class='ocrx_word' id='word_1_994' title='bbox 3238 5347 3528 5395; x_wconf 83' lang='lat' dir='ltr'><strong>siinillinunn</strong></span> <span class='ocrx_word' id='word_1_995' title='bbox 3552 5347 3670 5397; x_wconf 69' lang='lat' dir='ltr'><strong>huic</strong></span> <span class='ocrx_word' id='word_1_996' title='bbox 3694 5350 3845 5399; x_wconf 88' lang='lat' dir='ltr'><strong>locttm</strong></span> <span class='ocrx_word' id='word_1_997' title='bbox 3862 5349 3916 5394; x_wconf 85' lang='lat' dir='ltr'><strong>de</strong></span> 
     </span>
     <span class='ocr_line' id='line_1_128' title="bbox 2368 5407 3914 5459; baseline 0.001 -2"><span class='ocrx_word' id='word_1_998' title='bbox 2368 5408 2550 5458; x_wconf 89' lang='lat' dir='ltr'><strong>baculis</strong></span> <span class='ocrx_word' id='word_1_999' title='bbox 2571 5411 2630 5457; x_wconf 90' lang='lat' dir='ltr'><strong>ad</strong></span> <span class='ocrx_word' id='word_1_1000' title='bbox 2651 5407 3040 5456; x_wconf 88' lang='lat' dir='ltr'><strong>dissimulandam</strong></span> <span class='ocrx_word' id='word_1_1001' title='bbox 3057 5409 3256 5459; x_wconf 68' lang='lat' dir='ltr'><strong>caulem.</strong></span> <span class='ocrx_word' id='word_1_1002' title='bbox 3281 5410 3507 5455; x_wconf 88' lang='lat' dir='ltr'><strong>arborum</strong></span> <span class='ocrx_word' id='word_1_1003' title='bbox 3531 5408 3661 5459; x_wconf 87' lang='lat' dir='ltr'><strong>foliis</strong></span> <span class='ocrx_word' id='word_1_1004' title='bbox 3679 5411 3914 5459; x_wconf 79' lang='lat' dir='ltr'><strong>contectis.</strong></span> 
     </span>
    </p>
   </div>
   <div class='ocr_carea' id='block_1_125' title="bbox 2367 5408 3919 5540">
    <p class='ocr_par' dir='ltr' id='par_1_125' title="bbox 2367 5408 3919 5540">
     <span class='ocr_line' id='line_1_129' title="bbox 2368 5408 3914 5466; baseline -0.001 -9"><span class='ocrx_word' id='word_1_1005' title='bbox 2368 5408 2550 5458; x_wconf 83' lang='lat' dir='ltr'><strong>baculis</strong></span> <span class='ocrx_word' id='word_1_1006' title='bbox 2571 5411 2630 5457; x_wconf 90' lang='lat' dir='ltr'><strong>ad</strong></span> <span class='ocrx_word' id='word_1_1007' title='bbox 2651 5408 3040 5456; x_wconf 88' lang='lat' dir='ltr'><strong>dissimulandam</strong></span> <span class='ocrx_word' id='word_1_1008' title='bbox 3057 5409 3256 5463; x_wconf 68' lang='lat' dir='ltr'><strong>caulem,</strong></span> <span class='ocrx_word' id='word_1_1009' title='bbox 3281 5410 3507 5455; x_wconf 88' lang='lat' dir='ltr'><strong>arborum</strong></span> <span class='ocrx_word' id='word_1_1010' title='bbox 3531 5408 3661 5459; x_wconf 87' lang='lat' dir='ltr'><strong>foliis</strong></span> <span class='ocrx_word' id='word_1_1011' title='bbox 3679 5411 3914 5466; x_wconf 81' lang='lat' dir='ltr'><strong>contectis,</strong></span> 
     </span>
     <span class='ocr_line' id='line_1_130' title="bbox 2367 5467 3919 5540; baseline 0.002 -24"><span class='ocrx_word' id='word_1_1012' title='bbox 2367 5469 2516 5518; x_wconf 88' lang='lat' dir='ltr'><strong>habet</strong></span> <span class='ocrx_word' id='word_1_1013' title='bbox 2538 5470 2680 5540; x_wconf 64' lang='lat' dir='ltr'><strong>Hier.</strong></span> <span class='ocrx_word' id='word_1_1014' title='bbox 2722 5471 2770 5516; x_wconf 88' lang='lat' dir='ltr'><strong>in</strong></span> <span class='ocrx_word' id='word_1_1015' title='bbox 2801 5471 3130 5531; x_wconf 84' lang='lat' dir='ltr'><strong>superioribus</strong></span> <span class='ocrx_word' id='word_1_1016' title='bbox 3168 5467 3412 5530; x_wconf 90' lang='lat' dir='ltr'><strong>epistolis,</strong></span> <span class='ocrx_word' id='word_1_1017' title='bbox 3451 5469 3534 5530; x_wconf 91' lang='lat' dir='ltr'><strong>qui</strong></span> <span class='ocrx_word' id='word_1_1018' title='bbox 3575 5477 3746 5519; x_wconf 80' lang='lat' dir='ltr'><strong>tatnen</strong></span> <span class='ocrx_word' id='word_1_1019' title='bbox 3784 5470 3919 5519; x_wconf 83' lang='lat' dir='ltr'><strong>menti</strong></span> 
     </span>
    </p>
   </div>
   <div class='ocr_carea' id='block_1_126' title="bbox 2365 5537 3674 5651">
    <p class='ocr_par' dir='ltr' id='par_1_126' title="bbox 2365 5537 3674 5651">
     <span class='ocr_line' id='line_1_131' title="bbox 2365 5537 2704 5578; baseline -0.003 0"><span class='ocrx_word' id='word_1_1020' title='bbox 2365 5543 2461 5578; x_wconf 91' lang='lat' dir='ltr'><strong>non</strong></span> <span class='ocrx_word' id='word_1_1021' title='bbox 2485 5537 2704 5578; x_wconf 85' lang='lat' dir='ltr'><strong>occurrit.</strong></span> 
     </span>
     <span class='ocr_line' id='line_1_132' title="bbox 2429 5587 3674 5651; baseline -0.001 -12"><span class='ocrx_word' id='word_1_1022' title='bbox 2429 5591 2502 5651; x_wconf 67' lang='grc' dir='ltr'><strong>(Γ)</strong></span> <span class='ocrx_word' id='word_1_1023' title='bbox 2537 5591 2700 5639; x_wconf 74' lang='lat' dir='ltr'><strong>Malim</strong></span> <span class='ocrx_word' id='word_1_1024' title='bbox 2723 5590 2861 5638; x_wconf 86' lang='lat' dir='ltr'><strong>scribi</strong></span> <span class='ocrx_word' id='word_1_1025' title='bbox 2885 5588 3161 5651; x_wconf 78' lang='lat' dir='ltr'><strong>proderent,</strong></span> <span class='ocrx_word' id='word_1_1026' title='bbox 3185 5587 3478 5651; x_wconf 81' lang='lat' dir='ltr'><strong>concinniori</strong></span> <span class='ocrx_word' id='word_1_1027' title='bbox 3501 5601 3674 5638; x_wconf 83' lang='lat' dir='ltr'><strong>sensu.</strong></span> 
     </span>
    </p>
   </div>
   <div class='ocr_carea' id='block_1_127' title="bbox 2427 5648 3776 5716">
    <p class='ocr_par' dir='ltr' id='par_1_127' title="bbox 2427 5648 3776 5716">
     <span class='ocr_line' id='line_1_133' title="bbox 2427 5648 3776 5716; baseline -0.007 -15"><span class='ocrx_word' id='word_1_1028' title='bbox 2427 5648 2505 5716; x_wconf 78' lang='lat'><strong>(9)</strong></span> <span class='ocrx_word' id='word_1_1029' title='bbox 2540 5651 2768 5700; x_wconf 75' lang='lat' dir='ltr'><strong>Mciulose</strong></span> <span class='ocrx_word' id='word_1_1030' title='bbox 2793 5648 2897 5699; x_wconf 68' lang='lat' dir='ltr'><strong>erat</strong></span> <span class='ocrx_word' id='word_1_1031' title='bbox 2919 5652 2966 5698; x_wconf 87' lang='lat' dir='ltr'><strong>in</strong></span> <span class='ocrx_word' id='word_1_1032' title='bbox 2989 5649 3076 5699; x_wconf 69' lang='lat' dir='ltr'><strong>his.</strong></span> <span class='ocrx_word' id='word_1_1033' title='bbox 3099 5651 3285 5698; x_wconf 85' lang='lat' dir='ltr'><strong>duobus</strong></span> <span class='ocrx_word' id='word_1_1034' title='bbox 3308 5648 3470 5697; x_wconf 82' lang='lat' dir='ltr'><strong>verbis</strong></span> <span class='ocrx_word' id='word_1_1035' title='bbox 3487 5655 3536 5700; x_wconf 75' lang='lat' dir='ltr'><strong>es</strong></span> <span class='ocrx_word' id='word_1_1036' title='bbox 3559 5651 3776 5701; x_wconf 63' lang='lat' dir='ltr'><strong>senisu.</strong></span> 
     </span>
    </p>
   </div>
  </div>
