4054 6192
197 256 307 312 789

201 368 451 441 possiutl.
482 370 612 439 Quae
641 384 736 423 nos
760 366 937 421 omnia
962 360 1038 439 (a)
1065 366 1156 421 Dei
1183 366 1401 422 auribus
1428 368 1711 438 patienter,
1744 377 1799 422 et

203 460 495 517 humiliter
543 462 795 526 tulimus,
840 459 1183 530 providentes
1229 462 1388 515 saluti
1433 475 1660 525 eorum,
1707 461 1797 530 qui

200 562 398 607 contra
446 567 547 606 nos
590 551 853 605 hostiliter
894 533 1346 620 pugnabant‘fita
1388 552 1690 615 dumtaxat,
1743 558 1799 603 ut

203 642 622 698 Ecclesiasticas
653 642 866 711 regulas
893 652 948 695 et
975 642 1133 697 fidem
1163 651 1361 698 rectam
1390 642 1587 696 nullius
1612 641 1797 695 amici-

202 734 296 789 tiis
323 734 657 789 donaremus
685 748 700 786 :
741 733 879 803 quod
908 742 1096 801 potens
1122 743 1203 787 est
1232 733 1488 787 Dominus
1518 742 1572 787 et
1599 731 1753 786 nobis
1773 772 1795 798 ,

200 833 258 880 et
280 824 540 878 omnibus
560 823 730 877 servis
758 825 867 877 suis
897 825 949 876 in
967 838 1262 878 commune
1286 822 1602 887 concedere,
1630 834 1686 876 ut
1712 839 1796 877 ne-

198 912 524 968 cessitudini
556 913 829 966 hominum
859 912 1205 980 prteferamtts
1245 913 1366 967 fidei
1403 914 1681 966 unitatem.
1713 912 1799 966 Si-

198 1007 427 1073 mulque
473 1014 530 1059 et
573 1018 668 1058 vos
713 1006 962 1073 petimus,
994 1016 1049 1058 ut
1077 1005 1270 1074 singuli
1311 1020 1430 1058 cum
1468 1004 1676 1074 populis
1704 1003 1794 1072 qui

109 1104 150 1131 κ
196 1094 359 1150 vobis
385 1094 583 1150 crediti
609 1106 754 1158 sunt,
784 1095 947 1149 oretis
969 1098 1221 1149 attentius
1241 1136 1257 1162 ,
1288 1105 1348 1151 et
1386 1096 1548 1150 Deum
1582 1095 1793 1149 miseri-

196 1186 448 1239 cordiam
474 1186 864 1254 deprecemini,
885 1202 993 1263 quo
1022 1187 1285 1256 possimus
1311 1186 1684 1241 Inereticorum
1710 1188 1789 1239 in-

193 1276 355 1330 sidiis
382 1278 719 1340 resistentes,
748 1276 948 1331 habere
971 1292 1154 1345 pacem
1174 1292 1296 1331 cum
1326 1276 1431 1339 his,
1466 1276 1554 1345 qui
1583 1291 1795 1345 semper

194 1379 302 1435 pro
342 1369 577 1422 veritate
615 1376 1001 1437 pugnaverunt,
1033 1382 1329 1436 omnesque
1355 1368 1510 1420 simul
1540 1382 1793 1421 coronam

194 1460 426 1527 iustitia:
458 1459 846 1528 prtestolemur.
883 1458 1101 1513 Fratres
1129 1460 1216 1528 qui
1250 1460 1523 1513 vobiscum
1552 1470 1696 1525 sunt,
1721 1456 1795 1528 (lt)

197 1548 357 1616 plebs
384 1564 511 1618 qua:
537 1564 747 1603 mecum
775 1557 858 1603 est
876 1589 893 1614 ,
912 1550 975 1601 'in
1005 1548 1230 1602 Domino
1256 1550 1473 1602 salutat.

520 1680 684 1753 εδδ
755 1682 831 1752 (r)
858 1680 1183 1735 EPISTOLA
1215 1680 1375 1735 XCIII
1404 1681 1487 1749 (ά)

272 1794 409 1847 Sive
450 1808 755 1847 RESPONSUI
801 1806 1272 1845 ιειιοδθιῖιιτλκις
1306 1805 1483 1844 εῐιεουι
1529 1807 1597 1845 AD
1640 1806 1797 1845 SUPE-

199 1899 399 1939 utoncu
447 1899 751 1938 raeorum.
803 1884 871 1951 (ε)
900 1898 944 1935 s.
975 1896 1293 1947 utenoaruo,
1323 1896 1391 1935 υτ
1430 1897 1677 1945 vtnsrun,
1705 1897 1787 1934 m-

200 1988 509 2027 TERPRETB.

200 2082 536 2151 Respondent
567 2082 763 2152 Synodi
791 2081 997 2145 Patres,
1026 2082 1299 2133 immunem
1335 2083 1399 2136 ab
1454 2080 1786 2152 Origeniana,

270 2190 426 2240 quam
460 2172 677 2227 subinde
708 2181 1031 2225 exsecrantur
1060 2172 1263 2233 haeresi,
1282 2188 1385 2224 esse
1417 2171 1744 2227 Palaestinam
1774 2188 1792 2234 ;

269 2278 440 2319 tamen
481 2280 811 2334 quacumque
839 2261 1155 2331 TheOpItilus
1178 2265 1230 2315 in
1250 2264 1497 2331 superiori
1530 2264 1791 2334 Synodica

262 2358 627 2421 damnaverat,
659 2356 895 2425 dogmata
914 2394 929 2420 ,
963 2362 1007 2405 et
1056 2370 1297 2423 personas
1326 2354 1571 2407 damnare
1590 2372 1643 2409 se
1670 2372 1789 2415 pro-

267 2448 510 2515 ﬁtentur.

272 2583 511 2636 Domino
554 2589 607 2632 et
648 2580 1117 2633 honorabilissimo
1180 2581 1442 2649 EpiSCOpO
1487 2582 1792 2639 TueorniLo

192 2670 511 2732 Ευιοςιυε,
564 2670 825 2734 Joannes,
885 2679 941 2721 et
979 2670 1158 2723 caeteri
1211 2672 1591 2740 episcopi,qui
1648 2674 1792 2727 Jero-

195 2764 419 2832 solyntis
468 2762 533 2815 in
586 2761 779 2815 Sancta
834 2761 914 2830 (f
939 2761 957 2829 )
1014 2760 1385 2815 Eneteuiorum
1431 2765 1518 2818 die
1588 2767 1785 2833 reperti

188 2862 337 2905 illlll.

270 2966 323 3020 1.
373 2983 393 3017 ι
422 2963 603 3027 Nosti,
638 2963 892 3027 Domine,
918 2974 1108 3018 cuncta
1135 2963 1468 3020 laudabiliter
1497 2966 1573 3037 (g)
1604 2969 1782 3035 peragi

200 3065 252 3108 et
300 3065 425 3108 ante
448 3064 669 3108 nostras
698 3054 936 3114 litteras,
989 3054 1129 3120 quod
1178 3055 1353 3107 omnis
1407 3058 1789 3123 propemodum

201 3144 497 3200 Palatstiua
534 3145 704 3213 gratia
744 3142 942 3198 Christi
982 3144 1050 3196 ab
1080 3143 1452 3198 hmretieorum
1500 3147 1671 3201 aliena
1723 3151 1793 3202 sit

202 3235 491 3298 seandalo,
518 3243 714 3304 praeter
742 3246 941 3301 paucos
965 3273 980 3297 ,
1010 3234 1099 3301 qui
1150 3236 1470 3301 Apollinaris
1517 3239 1791 3294 erroribus

204 3326 643 3395 acquiescentes,
662 3323 817 3378 noxia
836 3324 1177 3392 praeceptoris
1193 3325 1274 3379 sui
1301 3309 1495 3395 scripta
1528 3330 1791 3383 meditan-

206 3431 312 3473 tur.
342 3418 525 3485 Atque
546 3416 744 3468 utinam
773 3412 851 3484 (Ιι)
870 3416 1183 3468 Sanctorum
1202 3417 1547 3479 orationibus.
1570 3435 1674 3473 non
1696 3436 1793 3477 nos

207 3510 579 3579 inquietarent
604 3506 668 3577 (ἱ)
696 3505 900 3560 Judaici
928 3513 1225 3574 Serpentes,
1255 3517 1310 3561 et
1336 3508 1787 3565 Samaritanorum

270 3641 343 3707 (ᾳ)
379 3638 550 3707 Facile
571 3640 830 3707 scripserat
863 3636 1068 3707 Hieron.
1100 3637 1268 3707 sta-dis
1304 3638 1529 3707 maritim.
1554 3643 1789 3707 quemad-

208 3699 403 3773 modum
436 3699 678 3773 iubemus
700 3700 795 3771 legi
812 3713 910 3773 pro
934 3699 1020 3747 Dei
1045 3699 1246 3773 auribus
1262 3736 1277 3758 ,
1302 3702 1428 3761 quod
1462 3699 1689 3751 mendum
1715 3713 1792 3753 est

204 3760 495 3818 antiquarii,
522 3760 714 3809 tametsi
740 3762 788 3807 in
811 3766 948 3808 textu
972 3774 1066 3808 non
1088 3760 1409 3809 immutamus.

274 3820 346 3884 (ὁ)
379 3822 491 3870 Jam
517 3822 662 3884 igitur
682 3820 840 3884 soluto
872 3820 1215 3883 Episcoporutn
1243 3831 1518 3879 conventu,
1560 3832 1667 3884 post
1698 3824 1789 3872 ali-

210 3880 339 3945 qudd
362 3891 562 3943 tempus
579 3880 782 3940 epistola
807 3882 915 3928 data
937 3889 1028 3929 est.
1049 3880 1061 3883 '
1560 3880 1571 3884 '

279 3942 346 4010 (cl
384 3941 439 4010 .11
484 3940 686 4010 inedita.
710 3939 895 4010 scripta
917 3942 1082 4002 paucis
1106 3941 1395 4010 diebus-post
1415 3943 1727 4010 superiorem.

300 4002 357 4074 ιζ’)
381 4002 569 4074 _Prodit
590 4013 717 4074 nunc
743 4002 1043 4074 'primutnmex
1070 4002 1582 4074 eotletn‘Ambrpsiano
1604 4018 1790 4074 exem-

212 4059 355 4127 plari,
381 4064 429 4110 in
464 4074 563 4123 quo
586 4067 692 4122 post
713 4059 916 4109 alteram
936 4060 1195 4123 TheOphili
1229 4062 1513 4111 Paschalem
1537 4064 1788 4125 epistolam

214 4125 518 4251 “P3335;
554 4179 789 4251 probabili
828 4183 1106 4251 testimonio
1136 4182 1487 4251 idnco‘llegisse
1524 4185 1681 4251 nobis_
1700 4186 1790 4234 visi

210 4241 383 4305 salitus
408 4256 473 4305 ex
498 4241 648 4304 ipsius
669 4241 948 4305 Hieronymi
970 4244 1136 4305 verbis
1165 4242 1246 4290 lib.
1276 4246 1317 4292 1.
1338 4241 1600 4305 Ᾰμυιοεθι.
1625 4245 1793 4294 adver-

213 4318 299 4353 sus
321 4303 563 4366 Bumnuin
586 4305 680 4351 sub
702 4303 909 4357 initium,
934 4304 1036 4366 ubi,
1069 4319 1091 4347 ι
1108 4306 1171 4366 si,
1193 4304 1363 4365 inquit,
1387 4303 1633 4366 'qnidquid
1675 4319 1791 4354 con-

216 4370 292 4413 tra
315 4364 590 4425 Origenem
615 4370 667 4411 et
690 4370 957 4425 sectatores
982 4364 1095 4425 ejus
1128 4365 1301 4425 dicitur
1319 4401 1332 4422 ,
1361 4364 1477 4413 inte
1498 4364 1676 4414 dictum
1702 4381 1791 4425 pn-

217 4378 292 4413 ιη
315 4378 590 4425 urtgeuem
615 4378 667 4411 et
690 4378 957 4411 seetatores
989 4378 1017 4410 e
1039 4378 1095 4410 us
1128 4378 1301 4411 OICIUII‘
1319 4401 1332 4422 ,
1361 4379 1407 4413 ιη
1428 4378 1477 4412 l8
1498 4378 1676 4414 ("Clum
1722 4381 1791 4414 ηι-

217 4378 1635 4497 estsaeeslﬁaQELQeJ’BReThascius.:ﬂvirhenii
1658 4465 1680 4497 ς.
1702 4381 1791 4475 ¹ΕΤ

218 4482 1175 4557 sacranaetsrpkomore
1198 4484 1405 4557 Num
1425 4482 1584 4557 Jjesis
1609 4488 1792 4557 iuben-

219 4548 348 4595 tibus
367 4544 745 4605 TRANS'I‘ULI,
773 4553 823 4591 te
844 4552 1032 4605 petunt,
1058 4553 1107 4594 te
1131 4545 1359 4593 lacerant.
1381 4563 1403 4590 »
1429 4544 1518 4605 Qui
1541 4544 1793 4597 enimvero

222 4604 556 4679 aliilipiseoipi
595 4604 965 4679 iu'Origeuetu,
996 4607 1199 4669 ejusque
1242 4604 1513 4679 sectatores
1554 4608 1793 4679 Epistolas

225 4665 797 4739 scripsisseintelligendi
830 4665 1132 4739 sunt,_qnas'
1159 4681 1246 4739 per
1278 4669 1322 4715 id
1344 4665 1793 4739 .teinp'oris'Hiero-

226 4726 397 4792 nyuius
412 4728 601 4792 Latius:
618 4726 871 4787 eiplicarit
889 4765 901 4781 ,
923 4729 963 4775 si
991 4726 1191 4789 hujusce
1212 4730 1260 4777 in
1284 4730 1449 4792 primis
1468 4726 1791 4792 'Jerosolymi-

229 4800 348 4835 .anae
370 4788 545 4852 Synodi
568 4788 866 4852 Patresnon
903 4788 1400 4852 sunt,"quorum'bzc
1416 4790 1589 4852 litterae
1627 4788 1787 4852 profe-

229 4803 348 4835 .anae
370 4803 545 4883 δξηουι
568 4803 741 4857 rati-es
766 4803 866 4858 non
903 4803 1016 4836 sunt
1034 4824 1049 4844 ,
1074 4803 1279 4850 quorum
1317 4803 1391 4837 ua:
1416 4803 1589 4839 litterae
1627 4803 1787 4852 protev

228 4854 395 4895 runtur
412 4886 422 4897 .
452 4848 652 4911 Accedit
677 4851 883 4911 petitum
897 4863 971 4911 ‘ex
998 4849 1161 4897 indole
1187 4851 1486 4911 Ambrosiam
1510 4850 1617 4899 libri
1642 4866 1791 4911 argu-

231 4915 460 4984 tnIentum,
482 4908 696 4984 quianon
734 4909 852 4984 alias
890 4908 1044 4984 ferme
1085 4914 1307 4982 continet.
1335 4924 1363 4981 a
1404 4908 1789 4984 Hieronymiauis

232 4962 703 5027 elucubrationibus,
738 4972 931 5020 tametsi
970 4972 1089 5020 alias
1130 4972 1309 5033 proprii
1354 4973 1537 5034 ingenii
1564 4962 1731 5033 ,"alias
1762 4988 1790 5022 a

231 5023 412 5075 Grzecis
434 5026 600 5076 Latine
621 5042 890 5079 conversas.

285 5086 361 5155 ,(Ῑ)
405 5088 613 5155 [Limam
651 5088 976 5155 Encgeniorum
1013 5091 1184 5154 templi
1226 5091 1615 5155 Jrerosolymitani
1658 5095 1790 5143 diem

231 5142 525 5221 [tiliSseXlX
550 5149 851 5221 Septembris
868 5142 1182 5221 supraretiam
1203 5142 1534 5221 adnotavimus
1557 5168 1619 5203 ex
1644 5142 1791 5205 Nice-l

232 5204 364 5275 [ὠριῄί
390 5204 663 5275 testimonio
688 5209 770 5259 lib.
796 5213 842 5275 8_.
868 5204 1047 5264 lli'stor.
1073 5228 1176 5275 cap.
1208 5214 1283 5262 10.

290 5266 364 5343 (ῃ)
400 5267 577 5343 loliis.
591 5278 696 5319 erat
725 5272 846 5333 pati,
871 5277 998 5336 quod
1018 5266 1385 5337 compendiaria:
1412 5275 1689 5336 scriptionis
1720 5279 1790 5324 vi-

230 5327 352 5376 eum
366 5332 578 5380 arbitrati
602 5327 768 5381 sumus

289 5388 366 5450 (ἡ)
399 5391 561 5441 Facile
587 5395 634 5441 in
653 5394 823 5445 Graeco
846 5394 1008 5455 fuerit,
1048 5404 1139 5453 ἀοι,
1165 5405 1228 5446 διὰ
1250 5415 1317 5446 τῶν
1341 5410 1447 5460 telo.
1469 5409 1576 5459 ἀτιυν
1596 5397 1793 5457 utinam,

229 5448 286 5495 ob
295 5448 573 5529 χρηςξοιςυηι
593 5468 775 5529 preces,
809 5470 959 5505 sensu
982 5448 1138 5529 magis
1154 5448 1422 5529 perspicuo.

294 5511 353 5572 (ἰ)
390 5512 443 5562 Id
474 5511 627 5619 i’psttm
667 5511 948 5588 Hieronym.
985 5511 1117 5587 ιιοιξιὶ
1138 5511 1283 5580 supra
1322 5517 1522 5580 Epistol.
1548 5519 1626 5567 82.
1656 5534 1791 5590 num.

234 5568 303 5617 I0.
331 5580 443 5619 Sum
509 5588 581 5619 est:
618 5579 779 5619 Judtn
800 5615 811 5619 _
839 5585 949 5619 mm!
972 5591 1213 5619 ttat-mrum
1248 5579 1521 5619 dmmnhnn
1544 5580 1759 5619 hmrnm
1784 5618 1787 5619 ,

234 5579 303 5617 tu.
331 5580 443 5623 Sunt
477 5579 581 5624 Iteic
618 5579 781 5627 Judtei
799 5615 812 5637 ,
839 5579 949 5627 sunt
972 5579 1213 5627 variarunt
1248 5579 1521 5641 dogntatmu
1543 5580 1759 5630 Itmretici
1781 5618 1794 5639 ,

228 5636 271 5677 et
293 5634 502 5688 maxime
524 5636 835 5701 impurissimi
857 5638 1124 5700 uatiicluei,
1153 5647 1247 5688 etc.
1277 5640 1431 5691 Porro
1452 5643 1515 5691 de
1540 5642 1799 5690 Samarita-

1542 219 1881 311 tzrtsrom
1926 255 2107 314 xcttt.
2152 217 2162 234 ’

3382 280 3487 335 πο

1909 369 2232 427 incredibilis
2274 375 2497 429 stultitia
2524 417 2539 444 ,
2586 386 2746 448 atque
2777 381 3065 439 Gentilium
3121 390 3477 456 apertissima:

1908 461 2227 531 impietates,
2250 482 2476 533 quorum
2507 469 2660 524 turba
2683 474 3069 542 quamplurima
3100 487 3155 531 et
3181 479 3248 532 ad
3281 482 3481 535 verita-

1908 558 2013 604 tem
2045 554 2442 620 praedicationis
2464 560 2683 612 omnino
2714 561 2935 617 auribus
2964 564 3275 623 obturantes
3318 573 3370 623 iu
3402 572 3480 624 si-

1906 640 2258 697 militudinem
2290 644 2535 713 luporum
2558 664 2773 717 gregem
2791 651 2989 707 Christi
3012 656 3351 723 circuientes,
3376 676 3481 715 non

1907 746 2098 800 parvas
2127 737 2285 791 nobis
2314 736 2442 810 1M5.
2472 739 2645 813 vobis]
2679 744 2949 808 excubias,
2977 754 3031 799 et
3060 747 3294 803 laborem
3327 752 3478 805 incn-

1906 821 2043 875 tiunt
2067 864 2080 887 ,
2114 824 2237 878 dum
2267 828 2512 881 volumus
2541 845 2670 884 oves
2700 831 2908 887 Domini
2955 837 3247 901 custodire,
3296 855 3363 893 ne
3412 843 3480 895 ab

1905 910 1991 966 liis
2017 912 2396 971 dilacerentur.
2428 918 2495 973 Et
2517 921 2639 990 quia
2664 924 2877 991 scripsit
2900 926 3050 980 nobis
3077 929 3339 982 Sanctitas
3372 942 3476 995 tua,

1906 1016 2144 1070 repertos
2173 1008 2427 1075 quosdam
2472 1010 2522 1062 in
2568 1010 2799 1081 IEgypto
2822 1055 2836 1076 ,
2883 1018 2971 1083 qui
2999 1032 3062 1070 ex
3097 1018 3343 1086 Origrnis
3381 1021 3480 1074 do-

1901 1095 2167 1161 gmatibus
2196 1098 2444 1167 pestifera
2467 1102 2707 1168 quaedam
2744 1104 2903 1158 velint
2934 1107 3273 1163 introducere
3305 1114 3352 1163 in
3381 1112 3480 1165 Ευ-

1902 1186 2111 1252 clesiis,
2144 1197 2197 1240 et
2224 1190 2541 1257 simplicium
2573 1195 2729 1246 corda
2758 1196 3007 1264 deripere
3040 1217 3051 1251 :
3089 1201 3205 1253 ideo
3227 1218 3477 1253 neces~a~

1901 1275 2037 1328 rium
2090 1278 2339 1333 duximus
2394 1284 2697 1349 signiﬁcare
2740 1286 3091 1340 Sanctitmliui
3141 1301 3283 1349 tuzc,
3332 1292 3472 1358 quod

1903 1364 2201 1420 istiusmodi
2224 1371 2526 1436 pratdicatio
2547 1388 2576 1425 a
2603 1376 2799 1428 nostris
2821 1378 3037 1431 auribus
3056 1380 3225 1431 aliena
3250 1381 3338 1432 sit.
3374 1380 3477 1431 Ne-

1900 1470 2007 1524 que
2031 1458 2173 1510 enitn
2200 1461 2499 1515 audivimus
2530 1479 2760 1531 unquam
2790 1466 3065 1523 docentes.
3107 1468 3246 1535 quod
3276 1468 3475 1522 Cltristi

1902 1562 2123 1616 regnum
2182 1552 2468 1619 aliquando
2531 1556 2601 1608 sit
2665 1558 3077 1611 terminandum.
3119 1560 3278 1631 555
3320 1560 3475 1613 Absit

1904 1636 2005 1690 hoc
2034 1654 2062 1689 a
2087 1639 2349 1693 Fidelium
2380 1644 2618 1708 auribus,
2646 1647 2858 1701 Gabriel
2888 1650 3092 1718 Angelo
3118 1654 3369 1719 loquente
3398 1652 3466 1703 ad

1901 1725 2119 1779 Mariam
2147 1729 2213 1781 de
2240 1745 2303 1782 eo
2328 1732 2416 1799 qui
2466 1735 2764 1787 nasciturus
2798 1748 2878 1789 est
2915 1736 3178 1801 Christus,
3211 1751 3372 1807 atque
3398 1741 3477 1792 di-

1900 1828 2077 1879 cente,
2110 1816 2359 1887 Regnabit
2385 1838 2537 1889 super
2559 1825 2763 1895 domum
2784 1825 2942 1878 λιιι-οὺ
2968 1830 3017 1879 in
3044 1841 3303 1890 wteruunt,
3326 1840 3371 1881 et
3401 1846 3461 1880 re

1900 1906 1988 1973 gni
2013 1907 2121 1974 ejus
2147 1924 2247 1959 non
2278 1910 2370 1961 erit
2397 1911 2515 1977 ﬁnis
2544 1911 2692 1982 (Luc.
2725 1916 2775 1968 1.
2806 1916 2918 1982 55).
2964 1918 3165 1983 Neque,
3208 1919 3348 1986 quod
3377 1918 3475 1970 Za.

1904 1996 2057 2048 huius
2078 2000 2285 2051 cunctis
2316 2012 2654 2067 peccatorum
2688 2005 2828 2057 vitiis
2872 2006 3126 2060 liberatus
3166 2010 3475 2075 dignitatem

1902 2085 2137 2140 obtineat
2164 2127 2177 2148 ,
2205 2102 2362 2155 quam
2394 2089 2580 2144 habuit
2605 2102 2887 2159 antequam
2914 2098 3163 2158 raderet,
3198 2098 3264 2149 ita
3318 2109 3375 2149 ut
3425 2108 3477 2153 et

1903 2175 2033 2242 ipse,
2067 2187 2119 2228 et
2139 2176 2383 2230 Christus
2406 2180 2505 2233 sub
2534 2196 2694 2233 nnmu
2733 2182 2819 2235 Dei
2852 2183 3023 2235 Patris
3051 2185 3357 2251 redigantur
3381 2188 3476 2237 im.

1904 2264 2128 2330 perium.
2159 2266 2258 2330 Qui
2290 2268 2429 2320 enim
2459 2269 2526 2320 ita
2546 2262 2790 2332 credunt,
2822 2273 3085 2324 iturisuut
3116 2275 3167 2325 iu
3202 2274 3472 2336 tenebras,

1903 2369 2020 2421 qua:
2045 2368 2354 2423 prarparata:
2380 2368 2503 2411 sunt
2532 2359 2751 2413 Diabolo
2776 2402 2789 2423 ,
2821 2371 2875 2414 et
2894 2364 3110 2431 Angelis
3137 2364 3271 2431 ejus.
3321 2364 3475 2429 Quod

1900 2444 2055 2513 siqui
2084 2454 2226 2510 sunt,
2252 2446 2339 2514 qui
2370 2447 2419 2499 in
2452 2450 2561 2501 suis
2583 2449 2916 2504 Tractatihus
2946 2454 3296 2515 tradiderunt,
3333 2454 3475 2521 quod

1902 2532 2067 2586 Filius
2098 2536 2248 2588 nobis
2279 2536 2343 2603 (ί)
2377 2550 2735 2605 comparatus,
2760 2542 2829 2593 sit
2868 2541 3086 2605 veritas,
3116 2542 3257 2595 Patri
3294 2544 3475 2595 coula~
3522 2582 3529 2585 Α

1904 2631 1987 2675 tus
2012 2662 2027 2685 ,
2059 2625 2390 2678 mendacium
2420 2644 2431 2678 :
2467 2636 2518 2679 et
2544 2630 2683 2697 quod
2714 2640 2794 2682 est
2816 2671 2830 2694 ,
2882 2632 3156 2700 inquiunt,
3208 2632 3396 2685 Petrus
3423 2645 3476 2687 et

1904 2714 2097 2770 Paulus
2122 2717 2199 2787 (It)
2220 2718 2284 2771 ad
2313 2718 2664 2784 Salvatorem,
2700 2722 2797 2773 hoc
2826 2732 2907 2775 est
2943 2722 3255 2790 Unigcnitus
3286 2724 3471 2787 Filius,

1899 2816 1955 2861 et
1984 2808 2072 2862 Dei
2102 2809 2353 2875 Verbum,
2377 2823 2712 2881 comparatus
2741 2814 2877 2867 Patri
2903 2833 2914 2866 :
2938 2824 3068 2867 etut
3110 2815 3341 2867 breviter
3381 2830 3476 2867 no—

1900 2908 2066 2953 stram
2114 2906 2433 2957 sententiam
2477 2905 2809 2958 declaretnus
2845 2907 2862 2975 (
2896 2924 3065 2975 neque
3121 2922 3341 2960 necesse
3392 2918 3475 2960 est

1900 2990 2084 3042 eadem
2133 3007 2316 3045 rursus
2372 2995 2634 3063 tractare)
2687 2997 3004 3061 quicumque
3054 2997 3153 3049 hoc
3194 2996 3469 3063 prmdicat,

1899 3098 2015 3147 qua:
2035 3082 2312 3136 Beatitttdo
2332 3093 2415 3136 tua
2438 3084 2734 3137 damnanda
2760 3087 3042 3154 significat,
3063 3096 3115 3139 et
3133 3104 3249 3155 quae
3268 3087 3474 3141 discor-

1899 3172 2027 3224 dant
2052 3173 2193 3226 ahca
2224 3174 2343 3237 fide,
2379 3190 2535 3241 quain
2571 3176 2653 3241 pio
2672 3190 2829 3229 sensu
2856 3177 3042 3230 Patres
3066 3177 3232 3229 uestri
3258 3180 3307 3228 in
3341 3178 3473 3230 urbe

1900 3260 2109 3313 Nica-na
2142 3262 2475 3330 scripserunt
2505 3276 2558 3317 et
2588 3265 2686 3330 ipsi
2715 3305 2728 3329 ,
2761 3278 2813 3319 et
2858 3268 3105 3335 dogmata
3153 3283 3337 3319 eorum
3367 3268 3474 3319 sint

1901 3350 2152 3404 Ecclesia:
2195 3352 2473 3405 anathema
2502 3394 2517 3417 ,
2564 3370 2684 3406 cum
2739 3356 3088 3423 Apollinare,
3153 3358 3239 3424 qui
3286 3367 3470 3409 contra

1900 3448 2111 3492 sanctas
2156 3440 2458 3509 Scripturas
2500 3443 2727 3507 vadens,
2778 3444 3151 3512 imperfectum
3197 3445 3470 3498 hominem

1898 3529 2024 3583 dicit
2046 3547 2074 3583 a
2125 3531 2349 3586 Domino
2379 3533 2502 3587 .lesu
2529 3534 2744 3588 Christo
2770 3547 2953 3589 nostro
2975 3552 3092 3589 esse
3132 3547 3466 3605 susceptum,

1898 3630 2075 3674 etnon
2113 3623 2178 3692 (Ι)
2206 3624 2413 3691 plenam
2455 3627 2870 3693 assmnptionem
2921 3628 3037 3694 ejus
3089 3637 3141 3679 et
3183 3627 3375 3679 animae
3418 3637 3475 3679 et

1897 3714 2136 3780 Corporis
2161 3715 2384 3767 salutem
2414 3714 2613 3767 datam.
2638 3716 2742 3767 Nos
2760 3716 2899 3768 enim
2926 3717 3229 3768 insistentes
3257 3716 3471 3768 l‘atrutn
3554 3784 3559 3789 ,

1899 3805 2151 3870 vestigiis,
2180 3814 2233 3857 et
2255 3804 2647 3872 Scripturarum
2700 3806 2918 3858 vocibus
2957 3805 3174 3866 eruditi,
3206 3805 3469 3858 docemus

1898 4008 2067 4059 norum
2091 3986 2293 4043 stultitia
2320 3995 2591 4044 incredibili
2612 4003 2707 4059 ,ﬁut
2728 3996 2909 4059 Synodi
2928 3996 3103 4047 Patres
3125 4005 3326 4059 vocant,
3354 3999 3471 4046 insi-

1896 4058 2007 4163 gnia
2029 4064 2312 4116 argumenta
2340 4064 2515 4115 repete
2531 4071 2591 4105 ex
2618 4058 2885 4118 Epiphanio
2902 4058 3077 4106 haeres.
3100 4058 3177 4105 IX.
3196 4058 3469 4114 Philastrio.

1938 4118 2103 4163 contio
2137 4117 2381 4163 szantin.
2427 4117 2491 4163 de
2530 4117 2689 4163 Sectis
2737 4119 2842 4163 Act.
2894 4121 2965 4163 Η.
3013 4120 3253 4163 Gregorio
3300 4120 3469 4163 Manno

1938 4118 2103 4182 contio
2137 4117 2491 4182 Dyaantinade
2530 4117 2689 4182 Sectis
2737 4119 2842 4182 Act.
2894 4121 2965 4182 ll.
3013 4120 3471 4182 GregorionMagno

1896 4176 2115 4237 pluribus
2144 4176 2259 4224 locis
2275 4210 2289 4233 ,
2313 4178 2489 4238 quibus
2510 4179 2632 4228 adde
2654 4179 2909 4227 Baronium
2933 4179 3103 4227 Annal.
3118 4176 3315 4229 XXXV.

1960 4259 2032 4321 (j,
2066 4258 2269 4321 Yitiose,
2298 4268 2352 4306 ut
2375 4259 2610 4321 pleraque
2634 4258 2724 4307 alia
2745 4295 2758 4317 ,
2787 4270 2891 4311 erat
2917 4261 2964 4309 in
2986 4261 3305 4310 Ambrosiano
3327 4261 3467 4321 libro,

1895 4320 2027 4370 nobis
2050 4319 2107 4367 sit
2142 4319 2444 4381 comparatus
2481 4319 2673 4368 velitme
2699 4333 2715 4368 :
2738 4323 2863 4381 quod
2904 4322 3270 4370 etnendaviutus
3289 4362 3302 4380 ,
3329 4332 3382 4372 ut
3422 4319 3469 4373 in

1896 4382 2132 4442 superiori
2150 4380 2385 4486 semodica
2402 4395 2533 4451 num.
2550 4384 2607 4452 ⁶ζ’).
2629 4396 2689 4429 ex
2717 4380 2805 4438 his,
2829 4383 3082 4442 Augustini
3106 4384 3168 4429 de
3186 4383 3471 4435 Htet'esibus

1896 4443 1953 4486 ad
1979 4442 2177 4486 Ouodvtt
2202 4442 2381 4486 tdeunt.
2406 4460 2427 4485 σι
2449 4441 2586 4486 Dtxtt
2611 4450 2851 4486 praeterea
2876 4444 3135 4486 Origenes-
3163 4447 3290 4486 nurui
3321 4446 3471 4486 Filium

1896 4443 1953 4505 ad
1979 4441 2381 4505 Quodvultdeum,
2406 4460 2427 4485 ι
2449 4441 2586 4489 Dixit
2611 4450 2851 4505 praeterea
2876 4441 3136 4505 Origenes,
3163 4447 3290 4505 quod
3318 4446 3471 4496 Filius

1895 4502 1989 4551 Dei
2007 4504 2184 4550 SJIICIIS
2207 4503 2479 4551 hominibus
2495 4502 2817 4561 comparatus.
2843 4506 2909 4553 sit
2933 4502 3125 4561 veritas,
3152 4502 3283 4554 Patri
3308 4508 3468 4555 conla-

1898 4572 2003 4627 tus,
2030 4563 2399 4627 mendacium.»
2440 4566 2539 4612 IlllO
2577 4578 2697 4627 vero
2732 4580 2791 4614 ex
2832 4566 3052 4613 Guidone
3094 4567 3388 4627 Perpiniano
3420 4570 3469 4616 in

1895 4624 2088 4673 Summa
2111 4627 2173 4671 de
2192 4624 2490 4684 Haeresihus,
2510 4628 2588 4673 ubt
2605 4628 2651 4673 in
2672 4625 2964 4687 Origeniana
2986 4628 3112 4675 hunc
3135 4624 3287 4687 ipsum
3314 4628 3469 4677 locum

1896 4688 2184 4735 exscribens
2206 4688 2522 4734 ememlatiori
2544 4700 2661 4748 usus
2680 4688 2980 4748 apographo,
3006 4688 3145 4746 legit.
3171 4688 3296 4747 quod
3319 4689 3472 4740 Filius

1894 4748 2023 4798 nobis
2046 4755 2345 4799 comparatus
2368 4748 2428 4795 sit
2453 4747 2624 4795 vrt't'ias
2642 4782 2657 4805 ,
2696 4747 2789 4796 etc.
2819 4750 2954 4806 Quod
2983 4752 3090 4794 boni
3117 4748 3374 4809 Scriptoris
3398 4759 3467 4798 te-

1895 4810 2169 4872 stimonium
2204 4809 2337 4855 multi
2378 4824 2435 4856 ea
2467 4810 2611 4872 etiam
2636 4811 2698 4855 de
2732 4823 2871 4872 causa
2908 4809 3186 4872 ἰθςίςηιιηη
3211 4819 3303 4868 est,
3342 4813 3470 4872 quod

1897 4871 2019 4919 hanc
2062 4871 2421 4918 Palaestiuornm
2470 4870 2750 4915 Antistitum
2802 4868 3109 4916 DBI'I'CL'IIL'm
3160 4871 3222 4917 de
3273 4868 3470 4922 nomine

1896 4931 2128 4993 appellet,
2152 4944 2357 4990 eamque
2381 4937 2495 4976 ante
2518 4942 2669 4976 annos
2689 4942 2833 4990 supra
2856 4930 3235 4990 quadringentos
3256 4937 3467 4983 noverit.

1959 5012 2032 5071 (k)
2069 5011 2248 5058 lterum
2282 5024 2344 5058 ex
2382 5008 2659 5068 Perpiniani
2685 5008 3273 5071 Carmelitaaitesﬁmonio
3309 5014 3468 5062 locum

1901 5070 2276 5132 emaculavimus
2295 5084 2307 5117 :
2328 5072 2380 5132 in
2397 5070 2864 5132 _Ambrosmno__euim
2886 5070 3146 5132 archetypo
3166 5074 3337 5123 vitiose
3363 5085 3471 5125 erat

1898 5146 1928 5180 a
1946 5132 2200 5196 salvatore.
2222 5128 2670 5196 \'erissittie_atttem
2696 5129 2778 5177 ille
2805 5132 2963 5196 in_sno
2987 5128 3171 5196 legerat
3188 5169 3199 5191 ,
3228 5152 3247 5178 α
3268 5142 3319 5182 et
3342 5139 3470 5196 quod

1901 5201 1976 5241 est
2002 5194 2175 5253 Petrus
2197 5190 2446 5253 etil‘aultts
2457 5191 2513 5253 ad
2527 5192 2841 5253 Salvatorem.
2864 5192 2956 5240 hoc
2975 5190 3055 5240 est
3079 5190 3372 5253 Unigenitus'
3391 5196 3471 5244 Fi-

1901 5253 2009 5311 lius,
2037 5252 2234 5300 etDeus
2258 5252 2468 5298 Verbum
2487 5251 2700 5313 (nonDei
2715 5251 3263 5316 Verbum)com|.aralus
3286 5256 3463 5305 Patri.»

1968 5336 2018 5399 υ)
2058 5334 2122 5383 Ut
2158 5346 2333 5399 sensus
2354 5341 2558 5386 constet.
2586 5335 2747 5399 sitque
2772 5348 3055 5399 perspicuus
3073 5371 3087 5391 ,
3111 5350 3159 5385 m
3182 5335 3397 5399 litteram
3419 5341 3470 5390 in

1902 5394 2198 5458 tine'vocum
2241 5395 2428 5453 ptenmn
2460 5394 2852 5458 assumptionem.
2886 5394 3029 5452 dele,
3067 5411 3213 5458 quam
3258 5398 3470 5449 litteram

1902 5464 2045 5507 sexto
2062 5456 2196 5519 casui
2206 5463 2313 5519 _tam
2337 5468 2467 5515 saepe
2492 5457 2537 5503 in
2563 5456 2671 5519 Mm.
2702 5460 2857 5505 veteri
2886 5458 3054 5505 vitiosa
3079 5456 3470 5519 pronuntiatione

1904 5520 2029 5574 addi,
2054 5518 2087 5584 _ii
2112 5516 2253 5566 facile
2285 5517 2597 5584 norunt,__qu_i
2633 5525 2832 5584 veteres
2864 5516 3171 5584 membranas
3211 5521 3472 5584 aliquando

1905 5581 2263 5629 consuluerunt.
2290 5576 2439 5639 Nobis
2462 5576 2589 5626 aliud
2613 5579 2891 5637 exemplum
2914 5579 3190 5639 suppeditat
3225 5576 3476 5633 litteratus

1906 5643 2022 5703 lapis
2044 5641 2293 5689 domestici
2313 5638 2524 5688 .‘lusteoli
2549 5642 2715 5699 nostri,
2736 5641 2820 5701 qui
2843 5638 3093 5690 Ethnicam
3114 5656 3173 5691 ex
3197 5658 3289 5695 una
3312 5653 3475 5706 parte,
