4054 6192
170 387 196 425 s
222 376 409 424 nostro
434 364 710 421 consortio
748 371 1029 433 separatus
1055 371 1159 425 est,
1191 357 1470 414 invisibilis
1501 355 1665 421 Deus,
1696 363 1752 409 et

169 457 393 528 visibilis
423 454 589 511 homo
610 474 625 510 :
649 452 820 508 forma
868 451 1011 508 servi
1055 448 1404 505 absconditus
1432 456 1534 512 est,
1557 455 1614 501 et
1655 444 1754 499 do-

166 550 342 607 minus
368 547 563 619 gloria:
590 545 930 602 confessione
958 541 1298 598 credentium
1346 536 1750 608 comprobatur.

143 674 146 676 η
240 642 294 695 4.
339 639 525 708 Neque
571 637 715 692 enim
757 636 987 707 privavit
1015 650 1140 689 cum
1191 633 1352 688 Pater
1396 641 1602 686 natura:
1642 644 1754 684 sua:

173 729 409 791 nomine.
440 735 720 797 postquam
770 740 869 795 pro
900 724 1055 778 nobis
1105 723 1266 778 homo
1304 732 1359 777 et
1401 736 1602 791 pauper
1628 720 1757 775 cl'l‘e-

171 833 288 879 ctus
328 826 449 881 est,
479 831 580 872 nec
622 817 677 871 in
720 815 958 870 Jordane
996 815 1160 869 ﬂuvio
1213 812 1537 882 baptizatum
1585 811 1756 864 altero

144 905 150 979 ξ
169 908 459 979 appellavit
506 907 795 971 vocabulo,
827 907 923 962 sed
974 907 1141 960 illium
1189 904 1519 975 unigenitum
1550 919 1563 955 :
1594 900 1674 955 Tu
1705 918 1757 956 es

141 962 151 1058 ἶ
169 962 477 1065 ίιὶίἷιιιιιειιε
518 997 754 1063 dilectus,
782 962 864 1068 (tt)
895 997 947 1049 in
974 1012 1073 1066 quo
1100 994 1225 1048 mihi
1282 962 1456 1066 V565
1529 991 1757 1062 compla-

168 1090 248 1141 cui
278 1088 436 1159 (Luc.
457 1088 545 1159 2).
570 1087 682 1143 Nec
706 1086 1002 1141 similitudo
1046 1096 1227 1139 nostra
1253 1085 1305 1138 itt
1332 1083 1627 1139 divinitatis
1671 1091 1758 1137 est

168 1189 373 1234 mutata
427 1189 697 1243 naturam,
743 1193 844 1232 nec
886 1176 1143 1231 divinitas
1194 1177 1247 1230 iu
1304 1185 1502 1228 nostra:
1552 1182 1757 1227 natura:

168 1287 325 1326 versa
353 1281 440 1326 est
482 1270 892 1325 similitudinem
921 1286 936 1325 :
970 1269 1062 1324 sed
1099 1283 1323 1323 manens
1349 1267 1491 1337 quod
1535 1282 1565 1322 a
1613 1267 1759 1337 prin-

167 1362 313 1430 cipio
357 1371 495 1429 erat,
531 1363 674 1417 Deus
717 1362 965 1425 verbum,
1001 1370 1056 1416 et
1101 1361 1154 1415 itt
1184 1376 1245 1416 se
1287 1376 1386 1415 nos
1427 1359 1754 1430 g'orilicans,

169 1470 277 1508 non
329 1457 499 1521 venit,
541 1453 693 1523 juxta
725 1452 1040 1515 Jeremiam,
1072 1460 1130 1505 ut
1171 1450 1421 1505 diceret:
1465 1449 1581 1504 Heu
1633 1449 1759 1502 mihi

171 1555 355 1607 mater,
378 1552 433 1596 ut
458 1544 587 1614 quid
624 1558 703 1596 me
727 1540 991 1612 genuisti?
1038 1541 1198 1593 uirum
1234 1539 1310 1609 (b)
1336 1539 1424 1610 qui
1464 1540 1683 1607 iudicer,
1712 1547 1758 1592 et

171 1641 435 1694 discernar
463 1637 603 1692 omni
630 1648 781 1690 terra:
808 1651 826 1689 .'
855 1652 956 1688 non
997 1636 1188 1704 profui,
1218 1649 1374 1702 neque
1416 1632 1609 1703 profuit
1634 1630 1759 1683 mihi

174 1730 442 1798 quisquam
472 1724 688 1796 (Jerem.
732 1724 820 1779 15.
851 1723 965 1792 10),
995 1723 1084 1792 qui
1115 1722 1420 1775 libertatem
1460 1718 1758 1774 donaturus

171 1818 466 1872 advenerat
512 1834 528 1872 :
576 1830 677 1870 nec
718 1813 870 1884 juxta
913 1813 1105 1868 lsaiam
1155 1810 1552 1864 vociferabatur
1600 1825 1615 1862 :
1671 1806 1759 1862 Va:

172 1910 317 1975 mihi,
336 1909 456 1979 quia
480 1925 594 1962 cum
615 1907 712 1960 sint
741 1907 916 1969 homo,
936 1904 1006 1974 (c)
1024 1914 1069 1957 et
1091 1901 1359 1955 immunda
1382 1901 1517 1954 labia
1545 1897 1752 1966 habens,

172 2001 297 2054 etin
342 1999 511 2053 medio
554 1997 731 2068 populi
759 1994 1021 2049 immunda
1060 1992 1196 2046 labia
1240 1991 1469 2044 habentis
1514 1989 1753 2054 habitem,

171 2107 338 2162 regem
368 2089 642 2144 Dominum
668 2085 911 2142 sabbaotlt
946 2084 1050 2137 uidi
1077 2083 1237 2137 oculis
1259 2082 1382 2136 meis
1407 2078 1560 2154 (lsai.
1590 2080 1645 2136 ti.
1673 2079 1751 2150 6).

170 2182 292 2252 lpsc
343 2184 492 2238 enim
537 2189 655 2236 erat
695 2195 789 2234 rex
838 2177 1046 2247 glorim,
1079 2185 1136 2230 ut
1188 2176 1243 2230 in
1294 2173 1550 2228 vicesimo
1599 2170 1758 2227 tertio

172 2277 389 2332 Psalmo
414 2276 674 2344 scriptum
704 2281 789 2327 est
814 2288 827 2325 :
858 2269 917 2325 In
949 2268 1187 2339 patibulo
1213 2267 1389 2321 vietor
1417 2266 1677 2330 existens,
1699 2270 1756 2317 et

170 2366 383 2421 hostilia
432 2365 573 2421 bella
615 2375 992 2430 compescens,
1041 2366 1101 2412 ιιι
1145 2358 1416 2411 hominem
1463 2356 1642 2410 [ictum
1691 2368 1756 2408 ex

170 2458 336 2512 hunto
362 2456 629 2512 cceloruut
671 2450 1025 2507 habitatorem
1069 2449 1290 2512 laceret,
1317 2454 1374 2501 et
1421 2444 1646 2516 troplnei
1674 2443 1757 2499 sui

169 2548 559 2604 emuntunione
587 2545 836 2600 donaret.
1132 2548 1136 2552 ‘

241 2642 294 2696 5.
346 2639 522 2711 igitur
551 2650 856 2708 quanquam
904 2633 1008 2688 hoc
1037 2631 1243 2696 nolint,
1272 2630 1363 2702 qui
1400 2645 1523 2686 eum
1572 2638 1760 2700 putant

171 2734 225 2787 in
270 2733 434 2787 alium
484 2737 896 2788 commutatum,
925 2724 1077 2780 Iesus
1106 2723 1341 2779 Christus
1387 2723 1495 2777 heri
1521 2732 1567 2777 et
1608 2722 1761 2776 hodie

170 2824 278 2891 ipse
312 2833 411 2889 est,
441 2831 492 2877 et
521 2822 575 2874 in
603 2830 846 2874 aeternum
874 2815 951 2888 (11
959 2817 1064 2871 ebr.
1114 2816 1202 2870 l3.
1234 2815 1335 2884 8),
1364 2828 1632 2883 nunquam
1666 2815 1761 2866 ha-

170 2914 382 2971 biturus
427 2915 582 2985 regni
630 2912 712 2967 sui
761 2911 943 2976 linem,
970 2909 1122 2978 juxta
1150 2908 1465 2963 sceleratum
1514 2904 1760 2976 Origenis

169 3025 432 3074 errorem,
466 3025 539 3063 ne
567 3017 815 3062 cessante
843 3019 1033 3074 regno,
1064 3003 1225 3056 etiam
1253 3002 1550 3055 reternitate
1580 2999 1759 3069 prive-

169 3108 277 3166 tur,
323 3101 420 3157 sed
452 3115 641 3154 coram
673 3096 923 3150 onmilms
964 3094 1232 3163 loquens:
1266 3091 1379 3164 Ego
1408 3092 1461 3145 in
1489 3090 1669 3156 Patre,
1713 3099 1760 3143 et

171 3192 335 3246 Pater
370 3192 424 3245 in
454 3206 539 3243 me
581 3188 761 3260 (Joan.
794 3187 883 3240 11.
914 3185 1031 3253 54).
1060 3183 1125 3237 Et
1148 3183 1346 3237 docere
1390 3200 1487 3237 nos
1513 3181 1758 3251 cupiens,

169 3282 313 3351 quod
348 3291 404 3337 et
428 3281 596 3335 Pater
624 3280 678 3332 itt
722 3276 878 3341 Filio,
911 3283 968 3329 et
1007 3272 1173 3328 Filius
1217 3274 1270 3328 in
1314 3273 1472 3327 Patre
1499 3271 1762 3327 creaturis

172 3373 429 3428 omnibus
480 3370 796 3439 imperaret,
825 3376 879 3421 et
906 3366 1009 3421 hoe
1039 3365 1213 3435 ipsum
1255 3363 1535 3428 roboraus,
1564 3363 1762 3418 infere-

174 3466 309 3527 bat:
355 3469 468 3541 Ego
510 3479 558 3523 et
606 3466 768 3522 Pater
794 3483 954 3520 unum
994 3483 1172 3520 sumus
1220 3464 1397 3536 (Joan.
1433 3464 1517 3518 14.
1548 3463 1659 3532 11).
1694 3478 1762 3517 ne

174 3561 295 3629 quis
324 3577 489 3615 unum
522 3576 703 3625 suum,
740 3558 1018 3627 Patrisque
1062 3573 1285 3625 regnum
1318 3554 1563 3610 humana:
1584 3555 1762 3610 carnis

119 3654 123 3659 ”
174 3653 464 3708 occasione
485 3652 772 3707 divideret.
798 3650 951 3718 Quod
979 3650 1021 3702 si
1041 3647 1199 3718 juxta
1225 3647 1471 3718 Origenis
1500 3645 1759 3701 insaniam

175 3744 468 3813 aliquando
507 3743 804 3798 amissurus
826 3750 910 3796 est
937 3756 1161 3811 regnum
1188 3738 1435 3793 Christus
1457 3737 1762 3808 unigenitus

177 3834 343 3891 Filius
391 3834 509 3895 Dei,
538 3834 806 3904 quomodo
837 3832 951 3903 ipse
981 3830 1253 3900 Apostolis
1278 3828 1629 3899 loquebatur:
1651 3826 1762 3897 Ego

176 3935 222 3981 et
262 3926 424 3981 Pater
451 3941 608 3979 unum
635 3941 826 3989 sumus,
874 3940 980 3976 non
1031 3939 1194 3975 tttttuu
1246 3931 1431 3990 postea
1486 3919 1763 3973 habiturus

179 4016 516 4085 imperium?
559 4025 618 4068 ut
647 4014 853 4067 scilicet
884 4011 971 4066 hic
999 4011 1192 4065 habeat
1217 4011 1465 4079 gloriam,
1492 4024 1650 4077 quam
1692 4007 1764 4060 ibi

174 4108 521 4175 depositurus
559 4114 661 4159 est.
707 4102 773 4157 Et
817 4101 904 4155 ubi
947 4101 1051 4155 erit
1090 4101 1232 4170 quod
1278 4114 1491 4166 semper
1517 4096 1681 4151 Filius
1711 4097 1763 4151 in

174 4197 359 4261 Patre,
391 4207 447 4250 et
476 4193 638 4250 Pater
668 4193 720 4248 in
752 4192 889 4247 Filio
911 4201 1013 4254 est,
1046 4191 1090 4245 si
1120 4204 1343 4259 regnum
1364 4187 1482 4242 Filii
1511 4204 1615 4241 tton
1660 4188 1764 4241 erit

179 4285 259 4357 (ά)
279 4296 489 4341 certum
505 4287 529 4340 2
548 4283 744 4340 Verum
776 4285 879 4337 hoc
897 4281 985 4351 qui
1012 4282 1082 4335 ita
1104 4296 1162 4334 se
1189 4280 1387 4334 habere
1411 4276 1759 4341 contendunt,

180 4381 222 4431 si
247 4389 553 4434 tamennon
580 4377 788 4447 egerint
818 4372 1208 4445 paenitentiam,
1242 4380 1484 4441 pereant,
1507 4378 1559 4425 et
1576 4367 1642 4423 ad
1666 4367 1765 4422 hos

182 4470 297 4525 zelo
350 4470 475 4526 ﬁdei
529 4464 852 4540 pietatisque
888 4477 1191 4520 commetus
1240 4463 1488 4532 loquatur
1517 4461 1762 4533 Moyses:

184 4563 489 4620 Maledicta:
514 4564 641 4619 tuin
661 4563 881 4626 civitate,
920 4568 966 4612 ct
996 4556 1290 4611 maledictus
1316 4555 1371 4609 in
1409 4570 1532 4626 agro
1559 4552 1577 4623 (
1607 4553 1762 4607 Deut.

444 4640 450 4645 ’
1430 4634 1451 4663 1

249 4695 313 4763 (σι
351 4698 489 4763 Idem
511 4699 811 4763 ᾼηιιποεεειι·
831 4697 950 4749 inn
1448 4689 1568 4763 02s
1583 4689 1769 4763 subse-

184 4749 398 4845 quutitur
421 4749 675 4845 iniGraaeo
710 4764 851 4829 textu
870 4758 1087 4844 servavit
1106 4749 1448 4845 Theodoretps
1488 4750 1681 4845 Dialog.
1715 4749 1763 4799 2.

189 4901 616 4943 withdraw
652 4901 955 4944 ωητοςιῡτοῡ
989 4901 1764 4943 τιαυιηνηςικτηνψτιιινοιιοωσιν-

189 4954 286 5001 pii-st
389 4956 413 4992 ὃ
425 4950 469 5002 ἦν
488 4958 553 4994 ἀπ’
646 4970 661 4982 ο
683 4960 795 5002 om.
818 4958 914 5006 μάνιι
934 4956 997 4993 ιιι
1017 4955 1084 5001 τήν
1104 4954 1201 5001 ἥμεροι
1514 4947 1672 5006 ὕπαρξιν.

259 4955 529 5063 (ὺΓθΡειιεδ
554 4961 893 5055 minimarum
932 5011 1057 5059 erat,
1082 5001 1165 5063 qui
1196 4998 1446 5063 judicaget
1467 5009 1599 5063 0mm
1620 5004 1764 5048 terra:

259 5002 322 5063 (bl
355 5002 529 5052 Penes
563 5002 893 5055 Hartianzeum
932 5011 1057 5059 erat,
1082 5002 1165 5066 qui
1196 5002 1446 5061 judicaret
1467 5002 1599 5047 omni
1620 5004 1768 5048 terra:

188 5063 514 5127 Myrofuit,
542 5072 636 5113 etc.
658 5065 758 5127 Nos
780 5070 1016 5127 integram
1034 5102 1048 5123 ,
1075 5073 1342 5127 veramque
1379 5058 1764 5127 Lectionem_ex

191 5100 514 5174 Ambiri-.1276
531 5100 1016 5186 ἔὶἔιιῖξΐειιί“ιῖἦιῖἱιέίῖ
1034 5100 1769 5182 idtii'JsTé'iﬁ'assédituiridia;

194 5183 394 5235 Graecus
408 5204 478 5237 «at
496 5182 635 5236 LXX.
658 5194 775 5237 avsa.
795 5197 1025 5237 auersum
1046 5200 1106 5237 μὶ
1128 5195 1391 5237 διακρινόμενον
1411 5196 1511 5237 πάσῃ
1532 5198 1579 5237 τί
1594 5197 1637 5237 τῇ
1655 5207 1666 5237 ς
1687 5189 1769 5231 οὔτε

194 5195 394 5235 Graecus
408 5204 478 5237 «at
498 5195 635 5236 ωλι.
658 5195 775 5251 ἄνδρα
795 5197 1025 5246 suetam».
1046 5200 1106 5237 μὶ
1128 5195 1391 5249 διαμνάμνον
1411 5196 1511 5244 πᾶσι)
1532 5198 1579 5243 τί
1594 5197 1637 5242 γ’]
1655 5207 1666 5237 ς
1687 5195 1769 5231 οὔτε

189 5257 617 5356 πῧίῃὸιυω.
633 5248 744 5299 Mox
769 5250 852 5299 alii
873 5250 1011 5310 edttt,
1027 5257 1350 5299 tumnetum
1372 5256 1459 5309 pro
1481 5244 1765 5301 (leuaturus,

254 5317 311 5356 Lts
368 5317 375 5320 '
404 5317 414 5322 '
490 5325 524 5360 ι.

254 5317 666 5431 magicam.
685 5385 796 5422 cum
817 5373 909 5424 sim
931 5372 1070 5423 homo
1093 5370 1372 5424 immundus
1393 5408 1407 5430 ,
1427 5378 1565 5419 sacro
1589 5371 1732 5415 textu
1754 5401 1768 5422 ,

188 5432 246 5478 et
262 5430 435 5495 timeo
458 5435 507 5483 in
533 5436 699 5495 primis
734 5440 998 5484 renuente.

196 5549 240 5559 ,_
254 5490 332 5552 (ά)
363 5488 626 5559 ‘Veriusex
649 5504 903 5557 contextu,
922 5507 1018 5559 non
1038 5494 1131 5559 erit
1147 5500 1434 5559 cowternunt
1457 5490 1553 5544 tut
1576 5488 1773 5559 praefert

195 5549 325 5626 idem
347 5553 708 5626 Ambrosianus,
735 5549 1028 5620 atque'iul'ra
1051 5556 1237 5626 clarius
1247 5556 1508 5626 asseritur:
1532 5549 1623 5601 Nos
1640 5549 1775 5626 Chri-

192 5614 500 5729 gmm
513 5611 767 5671 nam
789 5611 1025 5673 detentum
1042 5653 1057 5680 ν
1084 5624 1182 5669 etc.
1218 5617 1423 5670 Interim
1445 5614 1534 5665 hoc
1556 5611 1773 5663 vocatam

181 230 293 307 ιη’
1523 238 1758 295 ertsro

1891 238 2067 294 XCVI.

3332 253 3440 310 778

1860 352 1973 424 28):
1996 354 2274 413 l‘sahnista
2298 359 2496 427 pariter
2517 359 2825 431 increpante
2847 363 3134 435 :Deliciant
3149 382 3436 437 peccatores

1859 444 1925 499 de
1943 454 2098 512 terra,
2127 456 2176 501 et
2201 449 2379 518 iniqui.
2414 458 2466 502 ut
2494 450 2631 503 ultra
2656 468 2756 506 non
2776 452 3050 509 subsistant
3077 456 3248 527 (Psal.
3288 460 3435 529 103).

1931 537 2096 610 566
2165 537 2220 594 6.
2262 539 2521 610 Equidem
2542 542 2681 597 scire
2708 558 2813 598 non
2843 559 3080 613 possum,
3103 565 3205 618 qua
3227 553 3442 607 temeri-

1863 635 1971 682 tate
1993 627 2253 697 Origenes
2283 639 2428 684 tanta
2454 631 2787 703 conﬁngens,
2816 644 2871 688 et
2896 650 3003 690 non
3040 624 3438 708 Scripturarum

1861 720 2261 786 auctoritatem,
2289 720 2385 778 sed
2426 738 2586 778 suum
2618 741 2857 781 errorem
2899 742 3152 799 sequens,
3182 747 3345 788 ausus
3370 736 3443 789 sit

1860 811 2067 866 cunctis
2114 812 2168 866 in
2218 811 2452 867 medium
2485 815 2728 870 nocitura
2772 816 3034 885 proferre,
3066 835 3169 875 nec
3208 824 3443 878 aestima-

1864 902 2000 957 verit
2042 917 2279 971 unquam
2326 902 2493 958 ullum
2523 905 2799 961 hominum
2830 907 2966 974 fore,
2994 911 3084 980 qui
3114 912 3226 966 suis
3263 928 3445 970 asser-

1864 991 2100 1047 tionibus
2139 994 2472 1061 contrairet,
2513 995 2558 1050 si
2606 995 2676 1069 (ε)
2719 996 3159 1070 philosophorum
3205 1007 3443 1075 argutias

1864 1084 2095 1151 propriis
2124 1085 2439 1140 tractatibus
2468 1086 2794 1155 miscuisset,
2824 1100 2879 1145 et
2905 1105 2937 1144 a
2965 1076 3360 1152 malo'exordio
3387 1101 3438 1153 in

1862 1170 2074 1227 fabulas
2115 1174 2374 1241 quasdam
2421 1185 2477 1231 et
2514 1174 2869 1235 deliramenta
2920 1184 3235 1251 procedens,
3283 1185 3441 1243 Chri-

1862 1263 2094 1317 stianum
2133 1265 2324 1336 dogma
2353 1266 2534 1322 ludum
2563 1279 2620 1323 et
2642 1270 2822 1339 jocum
2852 1271 3074 1340 faceret,
3105 1293 3440 1348 nequaquam

1861 1353 2058 1411 divina:
2071 1356 2323 1413 doctrinm
2340 1361 2564 1416 veritate
2581 1372 2732 1418 utens
2747 1363 2839 1436 [aL
2852 1366 3059 1440 nitens],
3089 1370 3181 1425 sed
3198 1369 3444 1427 humana:

1864 1446 2059 1501 mentis
2082 1447 2327 1515 arbitrio,
2360 1459 2417 1505 et
2447 1452 2497 1506 itt
2529 1462 2754 1517 tantam,
2785 1456 2963 1526 seipso
2989 1460 3265 1529 magistro,
3298 1464 3441 1517 intu-

1864 1551 2114 1592 inescens
2141 1538 2471 1609 superbiant,
2516 1552 2570 1596 ut
2602 1559 2707 1598 non
2755 1546 3058 1602 imitaretur
3088 1549 3441 1608 humilitatem

1864 1625 2035 1689 l’auli,
2065 1628 2157 1696 qui
2191 1629 2377 1698 plenus
2402 1628 2606 1700 Spiritu
2629 1633 2828 1690 Sancto
2854 1639 3081 1692 contulit
3107 1655 3228 1695 cum
3248 1644 3443 1711 priori-

1863 1718 1964 1772 bus
1988 1721 2249 1788 apoStolis
2275 1725 2609 1791 evangelium
2635 1764 2652 1790 ,
2684 1726 2765 1780 Ne
2791 1731 2921 1798 forte
2952 1731 3004 1784 in
3031 1746 3244 1785 vacuum
3266 1750 3443 1787 curre—

1862 1816 1958 1873 ret,
1985 1817 2074 1861 aut
2099 1811 2397 1865 cucarrisset
2426 1811 2583 1882 (Gal.
2604 1815 2660 1868 2.
2678 1815 2735 1886 2)
2764 1835 2776 1870 :
2813 1817 2883 1888 (ι’)
2911 1820 3161 1888 ignorans
3174 1824 3313 1891 quod
3333 1823 3444 1879 da:-

1862 1900 2089 1955 moniaci
2107 1902 2324 1970 spiritus
2338 1913 2484 1960 esset
2507 1905 2811 1976 instinctus,
2837 1909 3165 1980 sophismata
3187 1912 3445 1970 humana-

1863 2006 1982 2045 tutn
2006 1994 2264 2048 mentium
2283 1997 2456 2066 sequi,
2475 2008 2532 2053 et
2558 1999 2755 2069 aliquid
2776 2012 2925 2057 extra
2944 2003 3341 2071 Scripturarunt
3358 2025 3446 2063 au-

1862 2084 2163 2138 ctoritatem
2187 2095 2376 2156 putare
2396 2087 2656 2144 divinum.
2682 2091 2968 2158 Quiescant
2986 2111 3114 2166 ergo
3134 2096 3440 2168 aliquando,

1864 2174 1952 2242 qui
1978 2175 2128 2243 regni
2149 2175 2349 2233 Christi
2373 2180 2531 2233 linem
2561 2183 2921 2247 somniantes,
2947 2187 3286 2243 verbositatis
3320 2191 3443 2245 Ori-

1863 2267 2015 2331 gcnis
2035 2267 2257 2335 cupiunt
2284 2283 2406 2324 esse
2432 2272 2672 2340 parasiti,
2697 2288 2799 2330 nec
2826 2280 2948 2330 cum
2980 2277 3229 2334 lldelibus
3249 2284 3446 2337 ambu-

1866 2356 2057 2424 lantes,
2090 2360 2246 2415 tidem
2261 2377 2417 2430 quam
2437 2378 2540 2417 non
2563 2363 2789 2432 habent,
2820 2368 3091 2425 simulent.
3111 2373 3248 2439 Quin
3269 2376 3445 2445 potius
3483 2404 3505 2413 --

1864 2448 2091 2514 discant,
2127 2454 2203 2523 (g)
2229 2453 2372 2524 quod
2402 2457 2578 2512 omnis
2602 2457 2781 2523 dolus,
2810 2470 2862 2513 et
2891 2460 3271 2533 l'raudulcntia,
3298 2467 3444 2522 aliud

1864 2542 1933 2595 sit
1977 2550 2033 2595 et
2082 2543 2225 2597 aliud
2265 2548 2518 2600 ostendat
2561 2565 2577 2602 :
2628 2556 2685 2602 ut
2711 2551 2812 2605 sub
2841 2550 3053 2610 virtutis
3097 2555 3276 2623 specie
3317 2556 3445 2611 vitia

1866 2634 2043 2689 celare
2087 2636 2308 2692 nitatur.
2357 2637 2569 2693 Etenim
2620 2657 2742 2695 cum
2805 2642 2858 2696 itt
2905 2647 3082 2700 crucis
3133 2645 3444 2714 ignominia,

1864 2742 2024 2797 quam
2078 2744 2176 2798 pro
2219 2730 2374 2786 nobis
2411 2747 2601 2802 passus
2631 2742 2733 2796 est,
2765 2750 2870 2788 non
2914 2738 3156 2792 amiserit
3201 2736 3447 2793 Christus

1864 2833 1985 2873 esse
2014 2817 2263 2874 Dominus
2291 2822 2491 2892 gloriaz,
2514 2825 2664 2892 juxta
2694 2824 2908 2879 beatum
2953 2828 3297 2895 ApOslnllltlt,
3330 2830 3443 2882 cla-

1867 2913 2135 2967 ulantibus
2164 2925 2348 2969 contra
2378 2915 2579 2970 Jtldwis
2608 2934 2620 2969 :
2657 2917 2758 2984 Qui
2784 2918 2999 2972 destruis
3025 2909 3290 2988 templum,
3321 2935 3369 2976 et
3392 2925 3447 2978 in

1867 3006 2036 3058 triduo
2065 3006 2314 3072 aediﬁcas,
2352 3006 2552 3060 salvum
2581 3007 2795 3076 teipsum
2824 3011 2909 3078 [ac
2938 3030 2952 3064 :
2982 3010 3026 3065 si
3071 3010 3210 3079 ﬁlias
3251 3011 3347 3067 Dei
3373 3030 3446 3077 es,

1866 3099 2111 3153 descende
2137 3099 2201 3152 de
2241 3115 2389 3152 cruce
2416 3098 2629 3168 (Matth.
2657 3100 2786 3169 27);
2834 3103 2971 3156 etin
3012 3118 3176 3158 carne
3216 3086 3445 3175 patiens,

1869 3192 2215 3262 pendenSque
2252 3190 2303 3242 in
2338 3190 2597 3258 patibulo,
2629 3190 2996 3247 fortitudinem
3028 3196 3256 3264 propriae
3283 3198 3446 3268 maje-

1867 3284 2022 3338 statis
2049 3282 2304 3346 ostendit,
2331 3283 2501 3338 Solent
2540 3282 2610 3338 de
2637 3299 2798 3338 cursu
2824 3284 3105 3355 quiescere
3144 3286 3365 3354 faciens.
3394 3300 3452 3347 et

1868 3375 2141 3445 signoruni
2188 3373 2560 3445 magnitudine
2612 3374 2825 3445 plenam
2875 3375 2996 3432 ﬁdei
3039 3393 3224 3432 vocem
3257 3378 3447 3436 latroni

1868 3475 2197 3536 extorquetis
2230 3483 2243 3519 :
2293 3457 2549 3519 Memento
2580 3467 2707 3532 mei,
2745 3463 2979 3534 Domine,
3005 3483 3121 3521 cum
3163 3471 3356 3525 verteris
3398 3472 3450 3524 in

1867 3573 2079 3628 regnum
2105 3566 2243 3610 tuum
2277 3555 2428 3629 (Luc.
2457 3553 2868 3627 25).Nuuquatn
2898 3568 3017 3628 post
3044 3560 3451 3615 resurrectionis

1867 3650 2115 3719 gloriam,
2161 3650 2470 3719 perditurus
2530 3663 2614 3703 (‘St
2660 3665 2920 3719 tegnum,
2969 3650 3095 3705 licet
3143 3650 3453 3706 innumeros

1866 3755 2052 3798 contra
2080 3760 2204 3798 eunt
2234 3743 2497 3813 Origenes
2525 3741 2980 3810 blasphemiarum
3011 3741 3218 3810 lapides
3260 3743 3448 3811 jaclet.

1869 3835 1975 3888 Aut
2000 3835 2155 3900 cujus
2182 3842 2266 3887 est
2294 3831 2717 3900 consequentiae,
2747 3831 3162 3900 perpetuitatem
3189 3832 3344 3901 regni
3374 3833 3456 3886 di-

1870 3922 2091 3992 scipulis
2117 3922 2386 3990 polliceri,
2420 3930 2475 3975 et
2497 3920 2675 3974 dicere
2708 3937 2722 3972 ε
2759 3917 2957 3985 Venite,
2986 3920 3230 3975 benedicti
3281 3920 3453 3974 Patris

1871 4013 1988 4075 mei,
2038 4010 2288 4079 possidete
2333 4020 2570 4079 paratum
2614 4010 2750 4064 vobis
2792 4027 3003 4079 regnum
3040 4026 3072 4064 a
3102 4013 3458 4065 constitutione

1871 4103 2046 4156 mundi
2072 4101 2289 4174 (Matth.
2312 4100 2404 4173 9.5)
2428 4118 2441 4154 ε
2462 4111 2517 4154 et
2539 4101 2712 4170 ipsum
2775 4100 2934 4174 567
2974 4094 3179 4157 carere
3205 4102 3296 4156 illo
3311 4104 3453 4173 quod

1872 4196 1993 4249 aliis
2015 4195 2240 4249 tribuit?
2269 4195 2349 4249 vel
2376 4194 2666 4264 quomodo,
2690 4196 2958 4249 scribente
2987 4193 3155 4249 Paulo
3175 4193 3242 4248 ad
3268 4192 3458 4249 Corin-

1876 4291 2038 4352 thios,
2069 4288 2265 4355 Absque
2315 4286 2457 4340 nobis
2506 4287 2751 4355 regnatis,
2779 4296 2827 4338 et
2858 4274 3051 4338 utinam
3079 4288 3377 4357 rcgmtretis,
3404 4296 3460 4339 ut

1875 4388 1922 4432 ct
1952 4395 2043 4432 nos
2069 4392 2397 4448 regnaremus
2426 4375 2678 4430 vobiscum
2709 4374 2783 4446 (1.
2815 4372 2937 4429 Cor.
2966 4371 3043 4447 ι),
3088 4374 3309 4445 intelligi
3363 4370 3460 4446 po-

1878 4470 2004 4526 terit
2051 4484 2275 4539 regnum
2304 4467 2501 4521 Christi
2535 4476 2654 4536 post
2696 4466 2861 4520 multa
2892 4474 3133 4536 tempora
3164 4466 3460 4520 terminan-

1875 4561 2001 4616 dum
2029 4561 2053 4614 ?
2109 4560 2418 4639 pratsertitn‘
2447 4575 2569 4613 cunt
2616 4556 2852 4612 Joannes
2880 4557 3077 4612 clamet
3116 4574 3129 4611 :
3162 4555 3227 4609 Et
3253 4556 3338 4623 qui
3365 4556 3459 4608 de-

1876 4669 2077 4707 sursum
2102 4652 2257 4715 venit,
2294 4666 2447 4720 super
2471 4664 2643 4703 omnes
2671 4658 2744 4702 est
2772 4646 2950 4719 (Joun.
2977 4647 3030 4701 '5.
3062 4642 3154 4714 51)
3182 4662 3195 4696 :
3223 4644 3286 4699 Et
3314 4644 3461 4713 Apo-

1874 4745 2045 4799 stolus
2098 4745 2318 4809 scribat,
2358 4732 2585 4807 Qitorum
2634 4738 2839 4802 Patres,
2887 4749 2933 4791 et
2980 4753 3043 4791 ea:
3086 4735 3265 4805 quibus
3310 4736 3465 4803 juxta

1874 4852 2079 4889 cantent
2107 4834 2361 4895 Christus,
2392 4832 2478 4901 qui
2502 4843 2575 4883 est
2600 4846 2753 4900 super
2778 4828 2950 4882 omnia
2996 4824 3134 4880 Deus
3173 4818 3463 4879 benedictus

1877 4929 1931 4981 in
1957 4937 2202 4982 aeternum
2234 4923 2413 4996 (liam.
2459 4922 2513 4977 9.
2546 4920 2624 4992 5).

1948 5022 2001 5075 7.
2044 5018 2230 5089 Itaque
2271 5015 2402 5070 nulli
2427 5013 2647 5067 dubium
2677 5019 2782 5077 est,
2813 5011 2942 5080 quin
2967 5010 3055 5081 qui
3086 5008 3230 5064 Deus
3251 5023 3461 5080 perma-

1940 5111 2009 5174 (e)
2040 5107 2272 5174 Voculam
2295 5103 2355 5166 si,
2378 5118 2487 5174 qua;
2508 5102 2756 5165 superiora
2781 5100 2936 5174 nectit
2956 5100 3280 5174 sequentibus
3297 5136 3312 5159 ,
3338 5106 3463 5174 erat.

1947 5160 2206 5222 e'omnino
2230 5160 2503 5216 necessaria
2525 5160 2703 5225 sensus
2725 5160 3044 5225 perlectioni,
3059 5173 3123 5210 ex
3147 5160 3466 5211 Ambrosiam

1947 5187 1976 5222 θ
2008 5186 2206 5220 omnino
2230 5186 2503 5216 necessaria
2525 5186 2703 5213 acuatu
2726 5186 2823 5225 pun

1875 5186 1968 5285 ciliis.
1995 5241 2044 5281 ct
2063 5231 2122 5280 B.
2150 5230 2205 5278 Ρ.
2232 5226 2447 5278 editione
2471 5224 2823 5287 supplevimus.

1942 5281 2012 5357 (Ῑ)
2044 5293 2194 5349 Editi,
2216 5281 2584 5357 sedignoraus',
2608 5298 2752 5357 quam
2775 5284 3127 5357 adversantem
3142 5281 3467 5357 particulam,

1877 5344 2009 5408 unde
2030 5344 2206 5405 sensus
2223 5344 2461 5405 turbatur.
2482 5344 2812 5409 expunximus
2827 5345 2943 5409 Mss.
2963 5358 3084 5407 0pc;
3108 5344 3166 5396 et
3177 5344 3318 5407 paulo
3340 5352 3467 5408 post,

1881 5407 2168 5470 earumdem
2203 5412 2512 5468 auctoritate,
2536 5407 2706 5473 putare
2730 5407 3098 5458 emendavimus
3133 5420 3221 5470 pro
3242 5407 3431 5471 putaret
3453 5444 3467 5464 ,

1878 5479 2005 5544 quod
2029 5477 2256 5544 vitiosum
2298 5480 2422 5544 erat.

1942 5528 2016 5614 (9)
2043 5538 2275 5614 Ιέρεὶιῃυρ
2292 5548 2355 5606 εις
2367 5532 2700 5614 Ambroniano,
2713 5531 2949 5614 'tneJndos‘e
2968 5531 3101 5614 elui-tn
3123 5528 3324 5614 γει-ιρις,
3341 5528 3469 5614 (1}th

1881 5589 2035 5656 munis
2057 5589 2391 5665 frt‘iudutemiu
2422 5594 2558 5649 aliud
2598 5603 2644 5646 et
2677 5589 2811 5649 aliud
2847 5592 3080 5646 ostendat.
3123 5589 3247 5644 Infra
3285 5589 3469 5645 leviora

1885 5669 1979 5721 aha
2001 5662 2361 5717 emendatam."
