4054 6192
164 277 268 334 781

245 393 336 448 10.
371 395 632 449 Christum
663 411 753 466 pro
782 395 1103 449 Dwmenibus
1147 411 1433 464 passurum.
1557 393 1754 448 Verum

163 483 300 552 quid
335 485 436 536 ista
474 486 863 538 memoramus?
904 500 1022 538 cum
1056 485 1106 538 in
1137 494 1334 538 tantam
1387 483 1636 551 irruperit
1687 484 1764 552 (τι)

166 574 511 640 vecordiam,
543 577 646 628 imo
691 574 1031 638 dementiam,
1075 583 1132 627 ut
1181 572 1323 626 aliud
1367 572 1629 627 Salvatori
1661 573 1765 626 eri-

167 682 298 720 men
333 667 610 735 impingat,
643 666 822 719 dicens
850 681 969 720 eum
997 674 1050 719 et
1081 680 1175 733 pro
1200 665 1530 718 daemonibus
1559 679 1621 718 ac
1651 665 1763 732 spi-

165 756 460 810 ritualibus
490 756 739 824 nequitiis
782 754 919 823 apud
962 770 1186 823 superos
1230 753 1550 822 afﬁgendum
1595 752 1761 806 cruci.

164 845 278 899 Nec
309 845 564 914 intelligit
593 847 643 897 in
684 861 840 913 quam
871 844 1190 913 profundum
1222 844 1508 913 impietatis
1554 851 1766 897 corruat

162 935 513 988 barathrum.
539 935 592 989 Si
638 936 778 990 enim
804 935 1048 988 Christus
1076 949 1171 1002 pro
1216 931 1517 987 hominibus
1543 947 1728 1002 passus
1745 973 1761 998 ,

163 1024 338 1078 homo
367 1025 542 1078 factus
573 1035 670 1087 est,
710 1032 765 1077 ut
789 1024 1180 1091 Scripturarum
1212 1031 1479 1075 testantur
1515 1022 1720 1089 eloquia
1747 1060 1762 1085 ,

159 1129 518 1181 consequens
546 1114 644 1167 erit
673 1124 730 1166 ut
751 1115 890 1166 dicat
911 1113 1190 1181 Origenes,
1215 1111 1282 1164 Et
1311 1126 1409 1180 pro
1437 1110 1764 1163 dmmouibus

162 1219 456 1273 passurus,
489 1204 696 1256 daemon
727 1203 935 1256 futurus
979 1211 1062 1255 est
1091 1219 1104 1254 :
1146 1202 1246 1255 hoc
1269 1203 1410 1254 enim
1452 1198 1767 1254 necessitate

159 1302 396 1361 cogetur
431 1293 651 1358 inferre,
684 1308 750 1348 ne
779 1293 846 1345 ab
872 1309 937 1347 eo
963 1293 1102 1360 quod
1129 1298 1312 1360 ρωιιιι,
1358 1291 1664 1358 discrepare
1691 1289 1768 1342 vi-

158 1383 396 1446 deatur;
427 1395 486 1436 nt
516 1384 749 1437 imitetur
782 1383 1139 1452 blasphemias
1165 1382 1470 1434 .ludzeoruin
1508 1379 1601 1451 (b),
1632 1394 1765 1448 quos

158 1488 390 1540 semper
425 1474 698 1537 imitatur;
731 1482 783 1527 et
811 1474 881 1526 illi
910 1474 1050 1526 enim
1082 1472 1294 1526 Christo
1319 1472 1562 1525 similiter
1586 1473 1768 1540 loque-

160 1563 406 1616 bantur:
449 1561 765 1615 Dcmonium
788 1566 938 1616 habes
967 1579 985 1617 :
1059 1563 1220 1632 57o
1291 1563 1378 1628 Et,
1405 1563 1470 1616 In
1495 1563 1766 1616 Beelzebub

162 1653 404 1720 principe
422 1653 790 1705 drcmoniorum
811 1655 949 1717 eiicis
978 1654 1228 1706 dwmonia
1245 1652 1394 1723 (Luc.
1418 1655 1502 1707 11.
1524 1653 1633 1722 15).
1660 1651 1764 1708 Sed

161 1745 306 1797 absit
333 1753 394 1797 ut
439 1757 539 1812 pro
579 1743 911 1797 daimonilius
937 1743 1179 1797 Christus
1223 1758 1473 1811 passurus
1501 1744 1588 1807 sit,
1619 1758 1688 1796 ne
1713 1751 1768 1796 et

162 1837 282 1906 ipse
310 1836 529 1888 darmon
571 1836 678 1888 fiat.
711 1838 774 1889 Et
799 1837 886 1905 qui
919 1837 1018 1888 hoc
1045 1836 1289 1900 credunt,
1323 1849 1534 1888 rursum
1559 1834 1766 1888 cruciﬁ-

163 1937 319 1992 gunt,
346 1935 405 1980 et
435 1926 666 1980 ostentui
693 1927 886 1981 habent
910 1925 1099 1979 Filium
1130 1925 1220 1978 Dei
1249 1924 1441 1994 (llebr.
1465 1924 1519 1978 6.
1543 1924 1630 1993 6),
1675 1924 1764 1992 qui

164 2033 513 2086 nequaquam
543 2027 599 2071 ut
619 2034 798 2072 semen
822 2017 1085 2071 Abraham
1108 2014 1480 2084 apprehendit,
1513 2015 1581 2067 ita
1617 2029 1768 2068 assu-

165 2118 276 2161 met
306 2118 363 2162 et
381 2109 689 2162 daemonum
719 2106 830 2179 [aL
856 2105 1214 2178 Darmonium],
1240 2115 1296 2159 nt
1313 2122 1408 2174 pro
1434 2107 1539 2160 illis
1559 2117 1767 2174 quoque

160 2199 544 2267 cruciligatur.
589 2197 698 2252 Nec
726 2198 995 2251 daemones
1035 2211 1133 2266 pro
1158 2211 1215 2249 se
1244 2197 1410 2250 Deum
1442 2197 1492 2249 in
1521 2194 1767 2265 paSsione

163 2296 486 2349 cernentes,
519 2301 637 2340 cum
665 2287 927 2355 Pr0pheta
956 2285 1257 2339 clamabunt
1282 2303 1295 2339 :
1327 2285 1426 2338 Hic
1449 2298 1650 2355 peccata
1672 2302 1766 2339 no-

164 2388 278 2432 stra
304 2377 553 2446 portavit,
575 2385 622 2428 et
666 2392 757 2442 pro
804 2375 944 2428 nobis
974 2375 1128 2427 dolet.
1169 2374 1350 2444 Neque
1375 2390 1496 2428 cum
1525 2375 1659 2428 Isaia
1688 2377 1767 2430 di-

167 2477 331 2524 cent:
367 2467 556 2519 Livare
597 2467 705 2536 ejus
736 2468 900 2518 sanati
927 2482 1099 2517 sumus
1125 2463 1277 2533 (Isai.
1307 2465 1396 2518 55.
1424 2460 1510 2536 ὅ).
1537 2464 1645 2520 Nec
1674 2479 1768 2534 pro

168 2558 539 2620 dmmonibus,
573 2557 712 2609 sicut
741 2572 838 2624 pro
883 2555 1152 2608 hominum
1198 2569 1416 2623 genere,
1461 2555 1612 2623 quasi
1655 2556 1768 2609 ovis

170 2649 422 2705 Christus
448 2647 679 2702 ducetur
705 2646 770 2699 ad
801 2647 1104 2710 victimam;
1144 2660 1242 2699 nec
1269 2659 1363 2713 pro
1390 2659 1574 2698 eorum
1598 2645 1768 2699 salute

169 2740 422 2795 dicetur:
450 2736 671 2805 Propria
705 2735 838 2789 Filio
864 2753 960 2788 non
989 2736 1205 2804 pepercit
1231 2736 1247 2802 (
1269 2733 1459 2788 Jerent.
1491 2735 1544 2788 11
1569 2732 1623 2806 );
1646 2735 1767 2803 quia

171 2846 275 2884 nec
321 2830 604 2883 daemones
633 2827 940 2879 clamabunt
973 2843 987 2879 :
1020 2825 1256 2879 Traditus
1295 2834 1366 2878 est
1407 2841 1498 2895 pro
1553 2825 1769 2892 peccatis

172 2919 382 2981 nostris,
411 2926 458 2970 et
496 2917 771 2969 resurrexit
805 2930 896 2982 pro
917 2915 1284 2984 justi/italicae
1307 2923 1478 2966 nostra
1509 2913 1601 2983 (1.
1643 2911 1765 2967 Cor.

175 3009 306 3080 11).
341 3006 545 3062 Paulus
591 3006 803 3074 quidem
847 3005 1074 3059 scribit:
1116 3004 1329 3058 Tradidi
1367 3007 1500 3058 enim
1545 3004 1681 3057 vobis
1717 3004 1771 3058 in

176 3103 378 3173 primis,
410 3099 553 3170 quod
579 3108 626 3151 et
655 3099 843 3164 accepi,
888 3099 1003 3166 quia
1029 3097 1257 3150 Christus
1299 3107 1524 3150 mortuus
1567 3105 1638 3150 est
1679 3113 1769 3164 pro

175 3193 402 3261 peccatis
453 3192 660 3250 nostris,
717 3188 986 3240 secundum
1033 3187 1322 3255 Scripturas
1353 3188 1370 3257 (
1399 3188 1446 3242 l'.
1470 3187 1586 3240 Cor.
1616 3185 1725 3254 15)
1752 3203 1767 3238 :

175 3282 301 3335 illas
328 3282 381 3332 in
413 3277 776 3333 teStimoninm
807 3291 1022 3340 vocans,
1073 3286 1128 3329 et
1170 3276 1354 3329 volens
1383 3290 1564 3329 earum
1591 3284 1772 3328 aucto-

176 3373 339 3428 ritate
368 3373 586 3426 lirmare
608 3369 748 3439 quod
777 3370 990 3423 dubium
1021 3377 1138 3432 est;
1168 3367 1422 3436 Origenes
1449 3377 1625 3420 autem
1646 3365 1768 3419 ahs-

177 3481 286 3534 que
331 3465 446 3518 ullo
497 3463 689 3516 divina:
717 3462 862 3513 vocis
893 3459 1195 3514 testimonio
1237 3459 1340 3511 vim
1387 3457 1563 3512 facere
1590 3456 1773 3510 nititur

180 3556 416 3619 veritati,
446 3564 501 3608 et
527 3553 761 3606 extincta
787 3551 1022 3611 lucerna,
1056 3549 1291 3602 invenire
1314 3565 1452 3602 eam.

253 3646 344 3699 11.
391 3643 593 3698 Fautor
646 3641 945 3695 dwmonum
986 3650 1041 3694 et
1088 3656 1190 3693 non
1233 3638 1541 3702 hominum,
1569 3637 1772 3692 crebris

181 3736 467 3790 calumniis
495 3733 707 3788 lacessit
725 3731 916 3784 Filium
945 3731 1059 3794 Dei,
1087 3740 1141 3782 et
1161 3729 1340 3783 denuo
1363 3729 1640 3798 crucitigit,
1664 3742 1770 3781 non

185 3826 499 3895 intelligens
537 3823 588 3876 in
617 3838 774 3892 quam
803 3820 1119 3890 profundam
1166 3828 1220 3873 et
1250 3817 1557 3872 horribilem
1589 3818 1774 3886 impie-

185 3917 314 3969 tatis
343 3914 654 3982 voraginem
687 3911 1018 3964 detrahatur.
1049 3909 1394 3977 Consequens
1420 3909 1561 3962 enim
1587 3916 1688 3972 est,
1719 3916 1776 3961 ut

185 4008 279 4077 qui
308 4008 489 4075 priora
514 4003 826 4070 susceperit,
857 4001 1110 4069 suscipiat
1136 4009 1191 4054 et
1215 4015 1332 4068 quae
1356 4007 1648 4070 sequuntur
1677 4017 1690 4052 :
1721 4009 1777 4052 et

184 4099 280 4166 qui
309 4097 382 4164 (c)
414 4109 514 4163 pro
541 4093 873 4146 da‘monihus
900 4090 1167 4145 Christum
1195 4090 1389 4143 dixerit
1414 4089 1648 4155 cruciligi
1671 4129 1686 4152 ,
1709 4089 1775 4142 ad

188 4187 338 4254 ipsos
385 4197 601 4252 quoque
645 4179 924 4234 dicendum
967 4194 1086 4232 esse
1131 4177 1384 4244 suscipiat
1416 4194 1429 4230 :
1460 4175 1685 4242 Accipite
1731 4186 1776 4229 et

186 4275 322 4326 edite
350 4289 370 4326 :
399 4275 497 4325 hoc
534 4279 606 4325 est
652 4267 848 4338 Corpus
892 4283 1073 4320 meum.
1101 4267 1167 4320 Et
1199 4284 1212 4319 :
1243 4266 1482 4334 Accipite,
1515 4274 1558 4317 et
1587 4264 1734 4318 bibite
1757 4281 1776 4318 :

193 4366 274 4416 hic
301 4372 373 4418 est
398 4363 608 4432 sanguis
633 4376 770 4413 meus
797 4361 814 4428 (
848 4359 1031 4416 Matth.
1059 4358 1151 4411 26.
1171 4357 1241 4411 26
1265 4359 1306 4427 ).
1348 4357 1402 4411 Si
1434 4358 1574 4410 enim
1603 4367 1655 4411 et
1681 4372 1775 4425 pro

194 4455 529 4508 daemonibus
550 4452 907 4519 crucifigatur,
930 4457 988 4502 ut
1007 4463 1260 4500 novorum
1279 4448 1580 4517 dogmatum
1603 4461 1777 4500 asser-

197 4553 281 4598 tor
312 4545 565 4606 aflirmat,
593 4544 732 4611 quod
760 4544 862 4597 erit
893 4541 1238 4610 privilegium.
1271 4549 1361 4592 aut
1385 4554 1503 4608 qua:
1531 4540 1691 4603 ratio,
1723 4549 1780 4593 ut

199 4637 296 4689 soli
331 4638 572 4691 homines
597 4635 806 4704 corpori
833 4634 948 4703 ejus
976 4633 1324 4701 sanguinique
1349 4629 1774 4696 communicent,

266 4788 339 4848 (a)
372 4786 628 4838 Manifesta
653 4799 823 4836 errore
845 4783 1257 4848 hucusqueediti,
1291 4781 1544 4848 infantum
1566 4783 1778 4848 eruperit

203 4843 466 4898 ric'toriam.
507 4849 639 4907 Quod
666 4861 791 4896 nunc
814 4861 876 4895 ex
907 4843 1054 4896 toties
1097 4845 1286 4893 laudato
1311 4843 1396 4907 Ms.
1425 4845 1740 4892 emendamus
1760 4878 1776 4900 .

207 4919 317 4969 rego
335 4910 496 4969 aiant,
511 4905 692 4969 jamdiu
717 4909 830 4956 olitn
856 4907 955 4968 legi
980 4915 1210 4969 Oportere
1229 4905 1682 4969 eortijeceramns‘ex
1709 4907 1778 4953 si-

207 4965 308 5013 mili
336 4967 446 5032 loeo
464 4965 585 5032 iu'EI
607 4969 732 5017 istol.
768 4971 826 5017 ad
860 4965 1186 5028 Evangelum,
1214 4968 1294 5013 ubi
1320 4979 1434 5032 eum
1454 5001 1467 5023 ,
1492 4968 1576 5026 qui
1604 4966 1776 5032 Diaco-

211 5039 300 5095 nos
324 5027 618 5095 presbyteris
654 5037 931 5091 cetequaret
950 5063 964 5089 ,
989 5027 1037 5078 in
1069 5035 1246 5077 tardam
1271 5027 1483 5087 erupisse
1509 5027 1779 5076 vecordiam

210 5090 370 5150 mirari
392 5101 450 5150 se
477 5090 742 5150 prolltetur.

275 5148 348 5209 (b)
387 5147 708 5210 luti-igriorem
730 5153 1037 5206 sententiam,
1065 5156 1117 5198 et
1139 5161 1307 5196 rursus
1330 5147 1574 5210 veriorem
1599 5161 1660 5194 ex
1689 5159 1776 5194 eo-

211 5205 433 5280 deni'Ms.
455 5205 741 5282 ειᾷτυιιιιιιις³
773 5225 914 5282 (“iam
938 5221 988 5260 ut
1010 5205 1084 5259 Sui
1113 5221 1247 5278 parte
1273 5207 1778 5282 titulcturetitytfteres

215 5272 287 5317 λιιι
314 5268 665 5323 ιιιιιειιιυοιιδύς,
701 5268 926 5319 similium
955 5268 1122 5320 vocum
1144 5268 1352 5318 imitetur
1377 5277 1526 5328 atque
1564 5268 1778 5316 imitatur

210 5341 436 5381 ouuunsus
458 5334 587 5382 fecit.
617 5334 756 5382 l’rius
779 5335 907 5381 enim
933 5343 1037 5381 erat
1062 5336 1202 5392 impet
1219 5331 1529 5392 i'ectoseusu,
1563 5331 1780 5392 «discre-

214 5403 329 5448 jare
355 5395 569 5443 videatur
605 5395 815 5443 imitator
850 5390 1147 5442 Judzeorum.
1190 5392 1382 5440 Etenim
1409 5390 1476 5437 illi
1500 5390 1694 5439 Christo
1717 5392 1780 5438 si-

213 5450 406 5510 militer,
425 5475 444 5499 ι»
475 5464 569 5504 etc.
587 5455 666 5504 vel
681 5462 734 5505 at
759 5456 807 5504 in
830 5456 940 5504 aliis
963 5457 1110 5504 editis
1123 5455 1270 5502 multo
1291 5454 1526 5509 vitiosius,
1542 5451 1776 5509 tutitutur,

211 5516 256 5558 τι
279 5512 348 5560 illi
370 5514 585 5565 similiter

277 5573 344 5639 (c)
377 5575 980 5646 VitiosepenesAlartiaE.
1019 5588 1122 5646 pra:
1145 5574 1456 5624 dminonibus.
1495 5572 1779 5646 bon_yerba

215 5634 428 5698 accipite,
451 5645 495 5688 el
519 5634 643 5687 (dite
668 5653 727 5687 ex
753 5639 839 5686 Ms.
865 5634 1164 5695 sutiecinms,
1190 5650 1299 5698 qua:
1325 5649 1387 5685 ex
1412 5634 1642 5696 sequenti
1667 5647 1777 5683 coii-

214 5697 345 5742 textu
369 5701 669 5760 apertissime
695 5703 972 5762 probantur.

1519 275 1846 331 EPISTOLA
1885 275 2064 332 XCVI.

3347 293 3461 350 γει

1876 405 1930 448 et
1953 410 2054 449 non
2082 395 2348 450 dteinones
2379 412 2608 467 quoque,
2643 412 2738 466 pro
2767 398 3028 468 quibusin
3059 401 3303 470 pns'sione
3328 421 3450 458 san-

1871 485 2080 552 guinem
2112 485 2343 540 fuderit?
2369 487 2473 541 Sed
2524 501 2623 541 nec
2651 485 2923 541 daemones
2947 490 3157 544 audient
3190 508 3202 542 :
3238 509 3257 542 ι
3296 491 3450 546 Acci-

1869 574 1998 644 pite,
2023 583 2077 628 et
2101 575 2244 630 edite
2285 593 2299 628 :
2341 594 2358 628 ι
2394 575 2480 638 Et,
2510 594 2530 627 ‹
2565 577 2822 645 Accipite,
2851 587 2906 631 et
2937 577 3128 642 bibite;
3161 598 3179 631 ι
3215 597 3312 635 nec
3345 583 3444 634 Du-

1870 663 2046 717 minus
2095 679 2188 717 sua
2242 674 2502 734 prmcepta
2551 665 2824 728 dissolvet,
2877 666 2965 736 qui
3022 667 3296 738 discipulis
3336 671 3445 725 ait:

1875 770 1894 804 ι
1922 753 2096 808 Nolite
2123 755 2250 810 dare
2277 767 2518 810 sanctum
2553 757 2791 822 canibus,
2822 772 2919 810 nec
2947 757 3169 814 mittatis
3196 762 3449 829 margari-

1870 850 1951 898 tas
1973 852 2179 898 vestras
2201 855 2322 898 ante
2349 861 2558 914 porcos,
2588 861 2655 902 ne
2687 846 2821 902 forte
2845 849 3158 903 conculcent
3186 865 3275 903 eas
3301 851 3450 919 pedi-

1870 930 1968 985 bus
1993 934 2124 996 suis,
2140 943 2192 986 et
2209 935 2452 988 conversi
2475 934 2810 1004 disrumpant
2836 951 2929 988 vos
2949 934 3155 1006 (Matth.
3172 938 3250 1007 7).
3273 955 3293 990 ι
3314 938 3446 992 Nam

1869 1031 1923 1074 et
1940 1021 2220 1090 Apostolus
2237 1023 2494 1088 scribens,
2519 1043 2538 1076 ‹
2561 1023 2695 1079 ΝυΙο
2717 1039 2812 1078 vos
2839 1027 3126 1097 participes
3143 1028 3446 1084 daemonum

1872 1111 2005 1166 fieri.
2037 1112 2152 1166 Non
2187 1116 2407 1183 potestis
2455 1116 2676 1171 calicem
2753 1115 2910 1188 571
2990 1119 3195 1173 Domini
3235 1119 3447 1186 bibere,

1867 1209 1923 1254 et
1940 1202 2154 1256 calicem
2179 1203 2560 1258 dmmoniorum
2594 1223 2608 1260 :
2638 1221 2741 1260 non
2773 1207 2993 1275 potestis
3013 1223 3211 1262 mensa:
3237 1209 3450 1264 Domini

1869 1292 2203 1361 participari,
2237 1302 2290 1348 et
2318 1309 2515 1349 mensa:
2545 1295 2925 1350 daemoniorum
2961 1296 2980 1367 (
3010 1299 3061 1352 1.
3093 1295 3210 1352 Cor.
3240 1297 3344 1370 10)
3371 1315 3385 1351 :
3423 1317 3443 1351 ι

1871 1396 1965 1450 per
1993 1384 2106 1436 huic
2156 1382 2478 1451 impossibile
2521 1399 2641 1439 esse
2685 1383 3034 1453 demonstrat,
3083 1385 3354 1441 daemones
3382 1387 3453 1443 de

1868 1471 2032 1526 calice
2062 1472 2267 1526 Domini
2323 1474 2522 1540 bibere,
2563 1482 2618 1528 et
2659 1473 2726 1528 de
2752 1490 2936 1530 mensa
2981 1477 3096 1544 ejus
3123 1476 3447 1545 participari.

1863 1560 2027 1617 Cibus
2075 1563 2271 1619 diaboli
2299 1575 2578 1634 negatores
2608 1565 2702 1620 Dei
2733 1575 2877 1633 sunt,
2905 1565 3118 1621 Abacuc
3147 1567 3398 1636 loquente
3430 1585 3446 1621 :

1868 1651 2017 1706 Escte
2033 1654 2144 1723 ejus
2180 1655 2348 1708 electa:
2371 1656 2391 1724 (
2413 1656 2568 1710 Abac.
2597 1656 2621 1710 1
2648 1655 2666 1724 )
2693 1672 2708 1721 ;
2737 1656 2885 1710 cibus
2937 1668 3114 1711 autem
3163 1658 3447 1727 impiorum

1868 1743 2102 1795 omnium
2133 1744 2448 1798 execrabilis
2469 1745 2582 1813 ipse
2605 1744 2869 1809 diabolus,
2894 1745 3171 1813 Propheta:
3199 1747 3448 1800 vaticinia

1868 1841 2224 1902 concrepante
2254 1853 2267 1888 :
2297 1831 2494 1887 Dedisti
2533 1849 2646 1887 eum
2673 1850 2839 1887 escam
2885 1835 3087 1903 populis
3116 1835 3448 1904 (Ethiopibus

1870 1920 2058 1992 (Psal.
2101 1923 2189 1977 75.
2255 1922 2385 1992 14).
2445 1922 2521 1976 Ex
2565 1923 2758 1992 quibus
2803 1924 3051 1978 omnibus
3101 1924 3446 1994 approbatur,

1866 2010 2139 2065 Christum
2189 2027 2288 2081 pro
2341 2012 2670 2067 daemonibus
2721 2027 2827 2068 non
2871 2028 3030 2084 posse
3076 2014 3333 2086 cruciﬁgi,
3381 2030 3451 2070 ne

1868 2100 2142 2158 daemones
2168 2099 2417 2171 Corporis
2457 2111 2512 2157 et
2548 2101 2828 2172 Sanguinis
2852 2103 2966 2172 ejus
2993 2105 3273 2175 participes
3298 2107 3445 2159 liant.

1941 2191 2028 2245 t2.
2057 2189 2188 2246 Cum
2210 2207 2339 2262 ergo
2362 2201 2418 2248 et
2443 2194 2728 2263 Apostolus
2749 2193 2818 2248 de
2839 2195 3119 2250 Salvatore
3148 2197 3448 2265 signiﬁcet:

1871 2280 1985 2335 Hoc
2005 2282 2135 2335 enim
2159 2283 2275 2350 fecit
2295 2282 2468 2346 semel,
2508 2285 2724 2354 seipsum
2745 2282 2958 2350 oﬂ'erens
2996 2284 3194 2356 (Hebr.
3221 2286 3270 2339 7.
3293 2286 3365 2340 27
3393 2289 3457 2356 );

1869 2382 1922 2426 et
1945 2372 2195 2442 Origenes
2218 2383 2356 2428 tanta
2377 2374 2693 2429 conﬁdentia
2716 2375 2853 2430 illius
2878 2378 3156 2431 sententize
3177 2379 3448 2432 contradi-

1869 2472 1974 2524 cat,
2007 2473 2212 2533 tempus
2255 2473 2340 2518 est
2367 2463 2496 2517 illud
2540 2465 2738 2520 inferre
2770 2481 2783 2518 :
2816 2464 2992 2528 Terra,
3034 2475 3165 2519 terra
3188 2467 3310 2519 audi
3337 2483 3450 2520 ver-

1869 2551 1986 2605 bum
2015 2553 2238 2619 Domini,
2267 2555 2425 2608 scribe
2452 2556 2614 2608 virum
2651 2558 2800 2610 istum
2821 2555 3107 2610 abdicatum
3152 2555 3294 2630 (Jer.
3313 2556 3449 2628 22).

1869 2641 1998 2709 Quis
2022 2644 2162 2697 enim
2191 2643 2432 2698 infernus
2459 2644 2572 2699 hinc
2612 2646 2750 2700 mala
2787 2646 3060 2715 suscipere
3084 2646 3297 2715 potest?
3331 2647 3460 2715 quis.

1870 2743 2099 2790 tartarus
2128 2734 2196 2790 de
2221 2735 2379 2790 rebus
2400 2737 2697 2791 istiusmodi
2723 2737 2996 2807 cogitare?
3029 2753 3147 2808 quas
3177 2739 3458 2808 gigantum-

1871 2825 2073 2879 insania
2107 2833 2212 2879 tam
2255 2826 2469 2881 rebellis
2495 2827 2718 2892 exstitit,
2748 2837 2803 2880 et
2833 2827 3018 2880 turrim
3048 2827 3334 2894 impietatis
3359 2843 3448 2880 ex-

1869 2915 2101 2969 Struxit?
2144 2931 2263 2986 quae
2312 2917 2475 2970 libido
2496 2917 2801 2983 lasciviens,
2847 2926 2902 2971 et
2940 2917 3242 2970 darmonum
3269 2930 3452 2971 amore

1870 3005 2170 3075 deperiens,
2199 3007 2276 3061 sic
2305 3007 2554 3062 universo
2597 3007 2673 3078 (τι)
2725 3007 2956 3077 dogmati
2987 3007 3277 3062 transeunti
3306 3006 3454 3061 diva-

1872 3096 2054 3152 ricavit
2081 3113 2233 3152 crura
2261 3099 2455 3152 mentis
2477 3099 2622 3152 sum?
2643 3099 2778 3170 quis
2820 3100 3078 3153 intantum
3112 3097 3178 3152 de
3203 3097 3455 3153 Sodomi-

1873 3189 1974 3243 tica
2004 3189 2154 3242 vinea
2182 3189 2334 3254 bibit,
2381 3200 2438 3243 ut
2466 3190 2756 3244 inebriatus
2797 3191 2922 3244 vino
2953 3189 3146 3244 furoris
3171 3190 3308 3259 ejus,
3338 3199 3451 3245 toto

1872 3279 2034 3334 corde
2076 3279 2406 3334 conciderit?
2449 3281 2566 3350 quis
2619 3281 3029 3352 Babyloniorum
3075 3282 3143 3336 ita
3177 3282 3456 3337 fluminum

1872 3369 2165 3440 gurgitibus
2209 3369 2472 3438 irrigatus,
2499 3372 2646 3426 vivos
2674 3371 2833 3425 Israel
2867 3371 3036 3425 fontes
3063 3371 3307 3440 reliquit?
3335 3371 3457 3440 quis

1874 3461 2154 3531 egrediens
2197 3462 2264 3516 de
2313 3461 2631 3529 Jerusalem,
2663 3471 2716 3517 et
2745 3464 3060 3518 liierohoam
3112 3465 3204 3518 lilii
3249 3465 3452 3520 Nabatlt

1875 3555 2110 3608 imitator
2148 3555 2404 3619 existens,
2449 3565 2526 3608 tot
2554 3539 2801 3610 errorum.
2825 3556 3109 3612 fabricatus
3137 3557 3317 3610 altaria
3349 3566 3451 3621 est,

1875 3655 1927 3699 et
1951 3659 2160 3698 ararum
2192 3645 2406 3714 profana
2437 3645 2512 3716 (ε)
2543 3645 2694 3700 thura
2726 3647 2998 3701 succendit
3023 3649 3042 3717 (
3067 3647 3119 3700 ’5.
3151 3646 3279 3717 Reg.
3310 3646 3377 3702 t2
3400 3647 3455 3717 )?

1873 3732 1982 3787 Cur
2010 3733 2210 3787 Dathan
2253 3743 2307 3788 et
2355 3733 2576 3798 Abiron,
2633 3735 2722 3804 qui
2765 3735 2968 3789 minora
3008 3747 3316 3804 peccarunt,
3350 3751 3474 3794 non.

1875 3823 2091 3876 veniant
2109 3834 2232 3876 ante
2253 3823 2484 3876 tribunal
2506 3821 2720 3886 Christi,
2744 3832 2798 3876 et
2817 3824 2896 3876 sui
2918 3838 3039 3876 eum
3059 3826 3456 3893 comparatione

1876 3911 2254 3976 condemnant,
2278 3910 2370 3979 qui
2390 3921 2536 3964 extra
2559 3911 2848 3964 Ecclesiam
2876 3910 3165 3966 Salvatoris
3193 3915 3466 3969 variarum.

1877 4000 2236 4053 doctrinarum
2262 3998 2526 4054 thuribnla
2556 3999 2818 4054 diabolico
2844 3999 2964 4068 igne
2989 4000 3311 4069 complevit?
3348 4004 3455 4059 Ne-

1878 4104 1984 4158 que
2011 4090 2152 4143 enim
2185 4090 2438 4143 Dominus
2463 4092 2550 4160 qui
2578 4091 2810 4160 loquitur
2835 4106 2930 4161 per
2953 4091 3275 4162 PrOphetam
3301 4112 3313 4149 :
3344 4095 3458 4167 Ego

1879 4180 2090 4232 visiones
2114 4179 2462 4247 multiplicari,
2507 4190 2554 4234 et
2578 4182 2630 4233 in
2656 4180 2884 4235 manibus
2914 4181 3285 4252 Prophetarum
3324 4189 3458 4239 assi-

1879 4270 2084 4323 milatas
2104 4285 2214 4322 sum
2253 4269 2418 4338 (Osee
2458 4269 2546 4325 12.
2580 4271 2666 4326 1⁸0.
2683 4272 2839 4338 juxta
2865 4270 3016 4326 LXX
3031 4273 3050 4345 )
3071 4315 3085 4337 ,
3134 4273 3459 4330 adulterinas

1879 4374 2001 4413 eum
2035 4359 2214 4413 docuit
2261 4358 2501 4427 proferre
2526 4359 2817 4425 doctrinas,
2847 4376 2946 4418 nec
2992 4363 3082 4432 qui
3130 4378 3160 4416 a
3191 4365 3456 4435 principio

1880 4449 1982 4519 ipsi
2011 4449 2274 4514 viderunt,
2308 4459 2363 4504 et
2389 4451 2615 4505 ministri
2641 4452 2852 4507 fuerunt
2879 4453 3024 4508 verbi
3058 4453 3170 4520 Dei,
3202 4470 3302 4511 nec
3331 4456 3460 4510 Prov

1881 4548 2156 4610 phetarum
2179 4541 2396 4607 chorus,
2422 4543 2510 4612 qui
2538 4545 2665 4598 olim
2689 4545 3012 4600 vocabantur
3043 4544 3298 4610 Videntes,
3341 4548 3456 4602 lucc

1880 4649 2002 4688 eum
2043 4635 2312 4689 instituit:
2341 4634 2436 4689 sed
2483 4635 2598 4704 ipse
2635 4651 2747 4691 suae
2793 4637 2989 4692 mentis
3017 4637 3260 4702 arbitrio,
3291 4636 3456 4694 furori

1879 4724 2180 4778 daemonum
2216 4725 2476 4792 serviens,
2525 4733 2580 4781 et
2617 4726 2811 4782 blando
2857 4727 3233 4794 cogitationum
3276 4741 3460 4782 errore

1880 4815 2400 4886 deeeptus,gregem,
2425 4824 2478 4872 et
2497 4825 2554 4869 ut
2576 4816 2643 4869 ita
2665 4815 2858 4882 dicam,
2913 4817 3072 4888 572
3121 4830 3341 4870 examen
3364 4816 3460 4870 do-

1879 4918 2117 4976 gmatum
2146 4921 2540 4976 perversorum,
2563 4921 2658 4973 per
2679 4915 2844 4959 totum
2864 4906 3049 4960 orbem
3074 4905 3291 4960 immisit
3309 4921 3460 4960 men-

1881 5000 2020 5052 tibus
2049 4999 2399 5052 indoctorum.
2425 4995 2534 5049 Iste
2553 5004 2636 5049 est
2660 4996 2751 5065 qui
2779 4997 3010 5066 Assyriis
3048 4996 3462 5065 Bahyloniisque

1880 5088 2188 5142 ﬂuminibus
2214 5087 2417 5154 aperuit
2447 5099 2508 5138 os
2535 5100 2708 5146 suum,
2743 5087 2830 5153 qui
2869 5100 3052 5138 navem
3083 5085 3337 5140 Ecclesia:
3366 5086 3460 5140 bn-

1884 5193 2066 5230 narum
2099 5176 2350 5229 mercium
2382 5173 2449 5245 (f)
2477 5173 2721 5227 salutaris
2741 5175 2997 5228 doctrinae
3025 5175 3260 5244 plenam,
3283 5175 3456 5231 ﬂucti‘

1942 5329 2018 5390 (d)
2042 5329 2306 5388 Perperam
2322 5327 2642 5382 Martiauteus,
2659 5324 2840 5388 aliique
2858 5326 3276 5390 editi,gdogmatis_:
3296 5341 3462 5390 emno.

1881 5387 2056 5438 dantur
2079 5405 2104 5437 a
2129 5387 2335 5449 Scriptis,
2359 5397 2412 5451 ut
2433 5391 2594 5435 statim
2618 5394 2744 5448 post,
2762 5387 2867 5436 toto
2888 5387 3053 5448 corde,
3077 5387 3215 5451 Cujus
3238 5388 3344 5439 loco
3367 5389 3458 5438 Be-

1884 5451 2175 5506 uedictinus,
2201 5455 2294 5497 toto
2306 5449 2435 5497 orbe.

1947 5512 2014 5572 (e)
2050 5511 2235 5573 Vitiose
2257 5510 2434 5557 iterum
2453 5506 2760 5573 Benedictio.
2779 5521 2977 5573 ararum
2996 5511 3308 5573 profanatum
3333 5523 3349 5559 :
3374 5524 3463 5572 pro

1883 5565 2072 5621 duobus
2097 5570 2260 5619 verbis
2289 5573 2491 5632 profana
2512 5565 2685 5628 thura,
2709 5569 2837 5631 quod
2859 5565 3042 5620 habent
3066 5565 3215 5621 etiam
3251 5565 3459 5632 castiga-

1887 5635 2037 5684 tiores
2058 5633 2138 5680 alii
2166 5645 2226 5680 ex
2248 5631 2473 5691 vulgatis.
3379 5631 3383 5632 ν
3438 5651 3444 5657 .

1948 5696 2027 5757 (1').
2058 5693 2358 5742 Ambrosiam.
2393 5711 2414 5738 α
2437 5703 2608 5741 navem
2633 5693 2863 5742 bonarum
2886 5692 3123 5743 mercium
3149 5691 3341 5757 plenam
3364 5691 3461 5740 sal—
