4054 6192
192 269 303 324 783

191 386 403 457 (Leuit.
437 388 533 445 ξμς.
568 388 691 459 16).
729 389 795 441 At
839 386 955 455 quis
987 396 1143 439 tantis
1169 380 1433 436 Christum
1477 382 1637 434 allicit
1660 396 1791 435 con-

193 482 465 540 tumeliis.
494 492 553 534 ιιι
585 480 687 540 hic,
714 480 798 547 qui
822 493 981 530 ausus
1001 486 1081 531 est
1101 475 1297 538 dicere,
1320 473 1429 527 Non
1452 472 1609 526 debet
1630 472 1791 534 arari,

194 585 420 625 cassum
453 583 509 626 et
555 573 708 625 inane
736 578 935 622 tantum
967 569 1013 622 ei
1057 567 1346 621 divinitatis
1376 580 1567 618 nomen
1618 563 1794 617 indul-

195 675 336 729 gens
356 662 380 714 ἲ

274 753 366 805 15.
404 751 602 803 Verum
628 750 750 819 quid
780 765 997 805 necesse
1031 757 1112 802 est
1138 749 1189 799 in
1236 756 1342 799 tam
1379 745 1555 814 impiis
1603 745 1793 796 immo-

195 841 348 893 rari?
375 840 443 892 ad
473 841 639 893 alium
687 840 801 907 ejus
846 850 1174 892 transeamus
1209 852 1466 890 errorem.
1515 834 1647 887 Dicit
1673 847 1796 885 cor-

195 944 330 997 pom
371 944 499 996 qua:
531 938 832 997 resurgunt,
868 936 985 995 post
1028 927 1191 979 multa
1241 925 1433 977 sa‘cula
1478 923 1529 977 in
1576 921 1794 975 nihilum

182 1020 575 1084 ,dissolvenda,
609 1036 709 1074 nec
740 1022 907 1073 futura
935 1018 1151 1087 aliquid,
1182 1017 1279 1071 nisi
1306 1032 1424 1070 cum
1447 1015 1515 1068 de
1539 1014 1795 1069 caelorum

195 1109 583 1163 mansionibus
627 1112 819 1162 animm
866 1108 931 1161 ad
989 1107 1239 1161 inferiora
1284 1105 1501 1173 dilapsa:
1556 1102 1795 1171 indigue-

192 1199 307 1252 rint
329 1197 411 1269 (τι)
436 1200 612 1264 novis,
634 1214 752 1268 qua:
769 1200 871 1254 alia
893 1214 1101 1252 rursum
1127 1196 1272 1257 fiant,
1297 1196 1559 1264 prioribus
1580 1194 1796 1247 onmiuo

191 1290 418 1343 deletis.
449 1290 582 1355 Quis
607 1290 702 1343 ista
743 1289 983 1351 audiens,
1011 1304 1115 1341 non
1153 1296 1206 1341 et
1236 1297 1433 1350 mente,
1479 1294 1534 1339 et
1573 1298 1797 1352 corpore

195 1378 623 1445 pertremiscat?
648 1377 703 1431 Si
743 1377 883 1431 enim
914 1387 1033 1444 post
1078 1374 1519 1429 resurrectionem
1574 1386 1795 1439 corpora

196 1466 527 1533 redigentur
575 1466 629 1518 in
668 1465 926 1531 nihilum,
975 1464 1164 1519 fortior
1212 1464 1313 1517 erit
1352 1477 1496 1516 mors
1528 1462 1795 1523 secunda,

195 1571 363 1622 quam
396 1556 567 1619 prima
598 1571 747 1624 :quae
768 1555 946 1609 delere
970 1556 1189 1609 omnino
1228 1554 1423 1623 poterit
1449 1552 1795 1606 substantiam

194 1645 569 1711 corporalem.
593 1644 696 1697 Cur
724 1644 913 1698 Paulus
940 1645 1120 1698 scribit
1146 1646 1221 1697 sic
1243 1663 1256 1696 :
1285 1642 1427 1695 Mors
1442 1657 1541 1693 non
1562 1641 1795 1693 domina-

197 1734 341 1786 bitur
371 1733 538 1793 illius,
570 1733 703 1801 quod
744 1734 875 1786 enim
906 1743 1157 1785 mortuum
1190 1742 1263 1785 est
1286 1741 1509 1800 peccato,
1549 1740 1798 1782 mortuum

198 1833 276 1877 est
297 1824 462 1877 semel
489 1824 664 1894 (Rom.
697 1823 953 1893 6.10):si
978 1837 1202 1890 corpora
1234 1820 1459 1875 delenda
1502 1828 1627 1872 sunt
1648 1819 1796 1887 peni-

201 1914 333 1966 tus?
379 1916 490 1967 Ant
537 1913 803 1983 quomodo
841 1912 943 1965 hoc
974 1913 1111 1980 quod
1142 1911 1335 1964 dicitur
1360 1910 1532 1972 semel,
1588 1908 1797 1961 firmum

200 2002 307 2056 erit
342 2021 357 2056 :
390 2019 519 2057 cum
548 2018 675 2057 caro
702 2004 770 2057 ab
799 2003 989 2055 anima:
1031 2003 1301 2055 consortio
1328 2008 1567 2068 separata
1591 2038 1604 2059 ,
1655 1996 1796 2050 redi-

201 2094 379 2163 genda
416 2096 490 2148 sit
533 2095 587 2148 in
615 2094 874 2148 nihilum?
908 2096 1019 2159 Qua
1076 2093 1280 2147 ratione
1310 2105 1493 2145 rursus
1520 2088 1798 2157 adjunxit?

205 2187 517 2240 Seminatur
562 2186 613 2239 in
648 2187 999 2255 corruptione,
1048 2192 1216 2253 surget
1265 2184 1317 2234 in
1357 2181 1733 2249 incorruptione
1782 2196 1794 2231 :

203 2272 373 2343 5'75
452 2274 731 2326 seminatur
781 2275 835 2326 in
884 2273 1201 2339 inﬁrmitate,
1247 2278 1417 2339 surget
1466 2270 1519 2321 in
1578 2270 1797 2320 virtute:

202 2365 496 2415 seminatur
535 2364 589 2415 in
621 2363 949 2433 ignobilitate,
991 2371 1215 2431 resurget
1251 2362 1302 2413 in
1333 2360 1495 2429 gloria
1533 2360 1797 2412 :semina-

203 2467 292 2507 tur
322 2472 512 2521 corpus
541 2455 781 2517 animale,
827 2463 993 2523 surget
1035 2469 1218 2521 corpus
1248 2452 1511 2521 spirituale
1544 2451 1626 2520 (1.
1678 2451 1795 2503 Cor.

204 2546 330 2615 15).
366 2546 423 2600 Si
455 2546 601 2599 enim
630 2546 703 2617 (ὁ)
747 2546 1071 2614 ineorruptio
1099 2546 1149 2599 in
1184 2544 1404 2598 nihilum
1430 2543 1646 2611 redigit,
1676 2557 1797 2595 con-

196 2651 435 2704 sequens
482 2637 649 2689 fuerat
687 2636 888 2697 dicere.
934 2635 1260 2704 corruptioni
1295 2650 1357 2688 ea
1403 2635 1453 2686 in
1490 2644 1797 2702 perpetuum

201 2726 509 2790 reservari,
550 2736 798 2794 essetque
828 2726 1015 2779 fortior
1044 2728 1351 2794 incorrupto
1380 2727 1667 2793 corruptio.
1692 2725 1797 2779 Sed

201 2818 341 2872 absit
371 2818 605 2872 Paulum
645 2819 909 2871 contraria
935 2818 1033 2871 sibi
1060 2817 1297 2871 scribere
1317 2858 1333 2881 ,
1360 2826 1413 2871 et
1448 2816 1801 2884 incorruptio-

204 2911 288 2961 nis
312 2908 385 2981 (c)
414 2918 481 2961 el.
529 2908 884 2976 corruptionis
923 2908 1164 2962 eamdem
1208 2922 1327 2961 esse
1358 2916 1621 2959 naturam.
1649 2906 1797 2973 Quod

205 3002 272 3065 si,
320 3010 377 3053 ut
419 2999 562 3051 falso
594 3008 739 3066 putat
764 2998 1039 3067 Origenes,
1073 3012 1178 3051 non
1204 2998 1376 3051 solum
1419 2996 1794 3066 corruptibile,

207 3089 301 3143 sed
353 3100 407 3143 et
437 3089 672 3142 mortale
715 3104 906 3155 corpus
947 3096 1030 3142 est
1056 3087 1416 3142 suscitandum
1438 3128 1453 3151 ,
1481 3103 1609 3156 ergo
1638 3103 1797 3141 unum

208 3188 371 3247 atque
414 3178 563 3230 idem
589 3164 860 3245 corruptio
908 3185 965 3230 ct
1000 3178 1325 3244 incorruptio
1348 3216 1365 3241 ,
1398 3191 1541 3228 mors
1593 3186 1648 3229 et
1694 3176 1799 3229 vita

208 3268 488 3328 dicentur,
535 3277 587 3320 et
613 3266 852 3320 eamdem
892 3266 1160 3321 habebunt
1188 3266 1241 3319 in
1270 3266 1536 3320 suscitatis
1560 3269 1800 3335 corpori-

213 3361 314 3412 bus
336 3366 681 3428 potestatem,
711 3366 765 3411 et
795 3373 1119 3426 nequaquam
1151 3357 1331 3421 rebus,
1363 3356 1457 3411 sed
1484 3367 1685 3410 tantum
1708 3374 1803 3411 no-

214 3449 454 3502 minibus
488 3449 754 3517 corruptio
774 3456 826 3501 et
848 3448 1191 3516 incorruptio,
1218 3463 1359 3501 mors
1380 3456 1435 3501 et
1460 3448 1563 3501 vita
1585 3463 1799 3517 separa-

216 3539 436 3592 lumtur.
491 3537 582 3592 Sin
641 3548 816 3592 autem
872 3539 1213 3605 Corruptibile
1254 3548 1309 3593 et
1348 3539 1571 3592 mortale
1610 3554 1802 3608 corpus

218 3638 651 3683 resurrecturum
692 3638 793 3689 est,
826 3630 1235 3697 consequentins
1272 3628 1443 3683 fuerat
1491 3632 1801 3699 Apustolum

218 3718 399 3772 dicere
431 3732 449 3772 :
486 3718 777 3771 Seminatur
826 3718 878 3770 in
931 3719 1275 3787 corruptione,
1320 3728 1491 3789 surget
1529 3720 1582 3772 in
1623 3736 1800 3773 cornu

222 3808 392 3873 ptione
410 3823 428 3860 :
462 3809 733 3859 seminatur
761 3806 811 3859 in
844 3807 1171 3871 inﬁrmitate,
1198 3816 1367 3875 surget
1391 3808 1443 3859 in
1472 3808 1763 3876 inﬁrmitate
1787 3824 1805 3861 :

223 3902 509 3949 seminatur
549 3898 598 3948 in
630 3896 961 3964 ignobilitate,
994 3905 1161 3966 surget
1187 3899 1239 3948 in
1267 3897 1579 3965 ignobilitate
1613 3916 1625 3951 :
1652 3900 1803 3951 semi-

222 3998 374 4040 natur
394 4003 581 4055 corpus
609 3986 848 4047 animale,
891 3997 1057 4055 surget
1083 4002 1262 4054 corpus
1290 3987 1529 4038 animale.
1579 3988 1728 4055 Quod
1762 3988 1804 4042 si

222 4078 645 4143 corruptionem,
671 4082 725 4125 et
760 4072 1135 4133 infirmitatem.
1168 4083 1222 4127 et
1252 4074 1629 4143 ignobilitatem
1656 4092 1806 4129 amo-

224 4175 311 4215 vet
338 4179 367 4215 a
388 4160 702 4230 corporibus
730 4162 1015 4224 suscitatis,
1044 4173 1097 4215 et
1130 4162 1257 4217 dicit
1280 4178 1309 4217 e
1331 4165 1598 4217 eontiario
1628 4167 1807 4220 incor.

225 4254 497 4323 ruptionc,
542 4259 594 4304 et
622 4250 945 4315 fortitudine,
977 4261 1029 4304 et
1055 4252 1219 4320 gloria
1250 4267 1471 4320 corpora
1503 4254 1805 4318 vestienda,

225 4356 277 4397 et
325 4359 423 4412 pro
473 4342 687 4395 animali
742 4326 1016 4409 spirituale
1044 4356 1238 4410 corpus
1281 4356 1400 4395 esse
1445 4342 1803 4407 reddendum;

230 4437 401 4489 soluta
432 4436 531 4488 erit
563 4449 726 4499 mors,
750 4445 802 4486 et
825 4434 874 4486 in
896 4434 1210 4501 corporibus
1232 4434 1500 4487 suscitatis
1521 4450 1615 4503 pro
1638 4444 1808 4489 morte

230 4537 283 4579 et
320 4527 682 4596 corruptione,
738 4525 1109 4579 immortalitas
1152 4526 1582 4595 incorruptioque
1616 4543 1807 4597 regna-

234 4616 356 4668 bnut
384 4634 395 4669 :
420 4620 543 4683 quia
571 4626 621 4669 et
645 4615 814 4681 ipsum
836 4629 1030 4682 corpus
1052 4615 1348 4668 immortale
1370 4625 1422 4668 et
1446 4616 1805 4685 incorruptum

235 4716 507 4773 resurget,
543 4713 599 4757 ut
637 4704 803 4772 possit
857 4718 1168 4773 permanere
1216 4704 1407 4758 anima:
1459 4716 1804 4760 coasternum.

236 4795 396 4862 Igitur
427 4806 480 4849 et
506 4796 747 4851 Salvator
768 4796 955 4865 pignus
980 4796 1165 4849 salutis
1190 4797 1386 4851 nostris
1415 4798 1726 4865 corporibus
1755 4799 1805 4852 iu

240 4887 623 4940 resurrectione
651 4887 730 4940 sui
760 4885 999 4955 corporis
1030 4885 1286 4951 tribuens,
1316 4901 1419 4939 non
1460 4897 1636 4955 potest
1659 4888 1805 4942 credi

310 5049 372 5117 (αι
412 5053 659 5123 Falluntur
682 5058 796 5105 editi
820 5059 1004 5123 pariter
1036 5072 1091 5107 ac
1116 5059 1252 5123 Mss.,
1273 5058 1353 5123 qui
1391 5057 1809 5123 nobisobtrudunt

244 5125 329 5183 r_t_'_o
350 5120 478 5183 noris
498 5155 506 5171 ,
532 5131 711 5183 nempe
733 5120 1013 5183 corloribus
1030 5154 1043 5172 .
1066 5122 1250 5183 quibus
1278 5121 1448 5183 animae
1481 5121 1536 5183 ad
1570 5120 1807 5183 inferiora

243 5173 437 5245 dilapsa:
464 5173 775 5245 indiguerint,
803 5173 1038 5245 prioribus
1064 5173 1109 5227 in
1138 5180 1337 5227 nihilum
1359 5178 1621 5245 dissolutis.
1649 5181 1806 5245 Aper-

242 5240 472 5285 tissimnm
496 5253 549 5285 ac
570 5252 702 5291 saepe
725 5240 919 5286 obvium
959 5255 1175 5289 errorem
1218 5241 1483 5288 enitendare
1520 5252 1581 5287 ex
1612 5242 1806 5298 ingenio

240 5306 337 5343 non
359 5298 691 5347 dubitavimus.
1524 5306 1531 5311 ’

304 5356 375 5418 (b)
411 5361 541 5415 Mss,
563 5360 605 5409 si
628 5358 751 5423 enim
772 5361 1014 5423 corruptio
1035 5375 1235 5423 corpora
1256 5361 1305 5410 in
1328 5360 1527 5423 nihilum
1547 5357 1807 5423 rcdigit;et

239 5425 350 5488 gnos
369 5429 579 5488 essetque
626 5420 791 5488 fortior
828 5420 1185 5488 incorruptione
1207 5422 1449 5488 corruptio
1468 5435 1617 5488 ,_qtttn
1650 5420 1803 5467 altera

238 5470 385 5583 13:30
407 5470 557 5583 magis
578 5470 835 5542 probatur;
855 5483 935 5530 alii
963 5470 1123 5533 tamen
1142 5470 1204 5531 ex
1226 5470 1367 5531 editis
1391 5470 1557 5545 fortior
1583 5487 1809 5541 corrupto

348 5553 466 5583 rrun
488 5555 547 5583 10-

317 5549 547 5589 orruntio.

302 5555 564 5661 (gnat);sz
583 5609 628 5650 et
650 5603 982 5663 corruptionis,
1011 5618 1119 5665 qua:
1144 5605 1204 5652 ab
1225 5603 1331 5652 aliis
1363 5614 1462 5653 tum
1486 5602 1695 5663 vulgatis
1711 5609 1809 5650 tum

240 5655 680 5722 Mss.'excideraxit,
699 5655 896 5725 supplet
918 5655 1230 5713 emendatiss.
1262 5655 1621 5713 Ambrosianus.

1551 266 1877 323 EPISTOLA
1914 264 2098 320 XCVI.

3372 272 3485 325 786A

1898 382 2031 437 ultra
2064 383 2372 445 moriturus,
2424 381 2677 451 Apostolo
2719 382 2769 434 in
2814 381 2951 436 banc
2991 386 3309 437 sententiam
3354 404 3480 438 cou-

1898 484 2119 542 gruente
2146 490 2158 525 :
2190 469 2421 525 Christus
2446 486 2712 540 resurgens
2730 487 2792 523 ea:
2821 474 3051 534 mortuis,
3083 474 3215 525 ultra
3246 490 3345 527 non
3375 492 3483 527 mo-

1897 564 2026 614 ritur
2047 604 2061 625 ,
2110 578 2245 614 mors
2293 562 2337 613 ei
2385 577 2698 629 nequaquam
2728 560 3070 613 dominabitur
3098 561 3283 629 (Rom.
3306 564 3358 617 6.
3390 561 3487 631 9).
3516 576 3523 583 °

1898 652 2006 706 Nisi
2041 654 2177 706 illius
2206 654 2356 707 fuerit
2379 654 2667 717 dominata,
2703 667 2798 706 nec
2823 652 3123 706 dominetur
3152 655 3336 707 nostri.

1974 743 2056 795 16.
2092 744 2259 795 Artem
2318 743 2563 811 magicam
2608 741 2746 792 haud
2797 740 3484 796 malam.—Coufttndatur

1898 832 2184 907 Origenes,
2208 837 2344 887 inter
2357 844 2547 886 ca-tera
2568 832 2881 900 ﬂagitiorum
2903 847 3120 901 genera,
3144 849 3261 902 qua:
3278 834 3481 885 confiu-

1899 933 1993 1000 git,
2038 927 2252 996 magicis
2288 938 2496 993 quoque
2544 924 2746 976 artibus
2796 921 3147 989 patrocinium
3200 923 3475 976 tribuens:

1900 1023 1975 1091 (ά)
1995 1037 2113 1075 nam
2131 1020 2182 1071 in
2204 1016 2512 1071 tractatibus
2530 1015 2659 1076 suis,
2678 1015 2759 1065 his
2788 1014 2989 1067 locutus
3010 1024 3088 1067 est
3109 1014 3313 1067 verbis:
3338 1033 3356 1065 ι
3379 1019 3480 1067 Ars

1901 1113 2099 1180 magica
2150 1123 2255 1161 non
2303 1106 2429 1159 mihi
2486 1103 2695 1156 videtur
2747 1102 2971 1169 alicujus
3021 1102 3095 1155 rei
3142 1101 3479 1154 subsismntis

1899 1199 2233 1259 vocabulum,
2289 1195 2381 1249 sed
2437 1203 2492 1247 et
2543 1194 2585 1245 si
2641 1193 2730 1257 sit,
2777 1206 2881 1244 non
2936 1200 3018 1244 cst
3065 1194 3244 1258 operis
3318 1191 3478 1261 576

1900 1292 2020 1346 mali
2048 1289 2137 1361 (σε),
2173 1308 2191 1339 ι
2226 1304 2293 1341 ne
2335 1288 2452 1355 quis
2496 1284 2689 1337 habere
2735 1286 2901 1352 possit
2952 1283 3299 1350 contemptui.
3354 1280 3479 1336 Haec

1898 1382 2079 1435 dicens
2120 1380 2299 1447 utique
2348 1377 2606 1428 fautorem
2658 1389 2733 1455 se.
2762 1387 2884 1427 esse
2920 1373 3249 1425 demonstrat
3276 1371 3479 1441 Elyma:

1900 1470 2057 1539 magi,
2089 1470 2176 1538 qui
2203 1466 2469 1535 Apostolis
2490 1464 2822 1532 repugnavit,
2848 1473 2901 1516 et
2929 1462 3118 1517 Jamne
3138 1471 3293 1530 atque
3324 1463 3479 1516 Mam-

1899 1562 2022 1623 bre,
2052 1560 2140 1627 qui
2167 1556 2331 1623 Moysi
2357 1555 2573 1623 magicis
2602 1554 2805 1607 artibus
2830 1553 3156 1606 restiterunt.
3178 1552 3283 1607 Sed
3309 1551 3480 1605 nullas

1897 1649 2140 1717 Origcnis
2192 1644 2538 1714 patrocinium
2592 1642 2807 1695 habebit
2857 1642 3023 1705 vires,
3075 1642 3195 1710 quia
3234 1640 3477 1695 Christus

1900 1753 2169 1808 magorum
2210 1734 2500 1803 prmstigias
2526 1748 2625 1787 suo
2648 1732 2839 1786 delevit
2868 1732 3113 1785 adventu.
3142 1732 3481 1799 Respondeat

1900 1842 2052 1879 nova:
2074 1824 2353 1893 impietatis
2395 1832 2661 1884 assertor,
2704 1823 2810 1874 imo
2843 1830 3025 1887 aperte
3045 1821 3225 1874 audiat
3250 1837 3264 1873 :
3290 1822 3343 1874 Si
3371 1837 3476 1873 non

1899 1926 1981 1972 est
2001 1918 2195 1970 malum
2222 1932 2307 1969 ars
2335 1915 2558 1983 magica,
2588 1928 2693 1967 non
2724 1913 2827 1967 erit
2856 1914 3053 1966 Inalum
3073 1922 3127 1966 et
3152 1911 3473 1971 idololatria.

1900 2024 2017 2076 qum
2045 2009 2175 2062 artis
2201 2008 2417 2076 magica:
2444 2006 2645 2059 viribus
2675 2004 2877 2057 nititur.
2911 2002 3060 2067 Quod
3091 2002 3135 2057 si
3173 2002 3367 2055 malum
3395 2012 3479 2056 est

1901 2098 2218 2161 idololatria,
2259 2096 2456 2150 malum
2487 2096 2589 2149 erit
2619 2104 2673 2148 et
2699 2109 2786 2146 ars
2817 2094 3039 2161 magica,
3079 2108 3143 2146 ex
3170 2107 3272 2160 qua
3299 2090 3476 2145 subsi-

1900 2190 1991 2243 8tit
2018 2189 2336 2242 idololatria.
2365 2187 2497 2241 Cum
2541 2195 2716 2240 autem
2757 2184 3050 2237 idololatria
3078 2183 3271 2237 Christi
3310 2183 3478 2251 majeo

1900 2289 2037 2333 state
2070 2279 2242 2332 deleta
2280 2279 2368 2341 sit,
2395 2276 2590 2330 indicat
2620 2284 2674 2329 et
2700 2284 2971 2343 parentem
2994 2288 3141 2326 suam
3171 2284 3341 2327 artem
3368 2289 3478 2327 ma-

1898 2370 2067 2439 gicam
2096 2383 2275 2423 secum
2301 2368 2499 2436 pariter
2533 2365 2864 2425 dissolutam,
2899 2363 3159 2431 Propheta
3189 2378 3350 2430 super
3375 2362 3477 2417 hoc

1901 2461 2100 2530 liquido
2121 2460 2480 2529 proclamante
2511 2474 2523 2510 ;
2556 2456 2649 2510 Sta
2678 2456 2879 2508 nuncin
2909 2453 3329 2506 incantationibus
3355 2454 3472 2513 tuis.

1900 2563 1945 2605 et
1989 2552 2158 2604 multis
2187 2548 2440 2616 veneﬁciis
2482 2547 2601 2611 tuis,
2647 2560 2760 2614 qua:
2788 2545 3007 2597 didicisti
3052 2545 3115 2596 ab
3141 2542 3477 2597 adolescentia

1898 2655 2003 2703 tua,
2036 2642 2079 2693 si
2105 2642 2352 2709 potuerint
2378 2638 2613 2708 prodesse
2639 2636 2725 2688 tibi
2753 2635 2769 2704 (
2795 2634 2921 2688 lsai.
2947 2636 3039 2689 17.
3072 2632 3191 2705 12).
3224 2634 3353 2688 Cum
3377 2635 3475 2703 igi-

1902 2742 1985 2785 tur
2015 2732 2125 2784 lucc
2168 2729 2547 2797 Prophetarum
2588 2728 2780 2793 scripta
2810 2725 2886 2795 ({)
2913 2734 3189 2789 testentur,
3221 2734 3275 2778 et
3304 2727 3477 2778 nullus

1898 2839 2131 2894 unquam
2177 2836 2337 2875 ausus
2366 2822 2433 2874 sit
2462 2819 2732 2873 memoria:
2757 2816 3003 2887 prodere,
3036 2830 3305 2884 magorum
3336 2825 3477 2869 artes

1902 2916 2039 2967 inter
2070 2912 2267 2981 optima
2300 2925 2521 2979 quasque
2553 2905 2929 2964 numerandas.
2964 2905 3107 2973 leges
3138 2917 3347 2973 quoque
3377 2919 3474 2971 pu-

1901 3006 2051 3059 blicae
2080 3018 2263 3071 magos
2291 3012 2345 3055 et
2377 3001 2644 3053 malelicos
2671 2998 2888 3065 puniant
2917 3014 2931 3048 :
2961 2996 3098 3049 scire
3129 3011 3231 3047 non
3261 3009 3474 3063 possunt

1900 3109 2002 3162 qua
2032 3093 2237 3146 ratione
2291 3090 2550 3157 impulsus
2579 3087 2854 3156 Origenes,
2887 3087 2972 3154 qui
3020 3085 3379 3151 Christianum
3421 3100 3478 3138 se

1897 3184 2085 3252 jactat,
2120 3180 2395 3235 Sedecbim
2418 3177 2891 3247 pseudopwpheta:
2918 3177 3196 3230 armulator
3222 3176 3476 3237 existens,

1900 3268 2097 3328 eornua
2128 3273 2224 3328 sibi
2255 3272 2422 3326 ferrea
2454 3270 2660 3333 fecerit,
2691 3268 2884 3337 quibus
2910 3277 3093 3321 contra
3120 3268 3363 3336 dogmata
3387 3282 3477 3321 ve-

1902 3368 2073 3420 ritatis
2100 3372 2333 3417 armatus
2365 3360 2593 3425 incedat,
2635 3375 2733 3413 nec
2775 3360 2946 3426 sapiat
2970 3358 3253 3427 quidquam
3282 3357 3348 3411 de
3373 3372 3482 3411 σω-

1902 3458 2021 3512 lesti
2059 3457 2376 3518 Jerusalem,
2426 3469 2598 3521 neque
2637 3451 2871 3505 imitetur
2907 3450 3144 3519 Moysen,
3182 3459 3235 3503 et
3263 3450 3477 3509 Daniel,

1904 3551 2242 3619 Petrumque,
2265 3556 2317 3601 et
2340 3548 2474 3601 alios
2495 3554 2730 3605 sanctos,
2755 3543 2842 3611 qui
2888 3550 3072 3595 contra
3114 3556 3295 3611 magos
3319 3550 3372 3595 et
3397 3540 3481 3593 in-

1903 3650 2225 3705 cantatores,
2254 3640 2403 3708 quasi
2426 3639 2477 3691 in
2514 3637 2630 3689 acie
2666 3644 2869 3688 stantes
2899 3633 3162 3687 indefesso
3188 3633 3478 3687 certamine

1902 3736 2239 3789 dimicarunt.
2270 3733 2400 3787 Cum
2426 3732 2617 3801 quibus
2647 3732 2795 3783 lestre
2828 3729 2933 3781 diei
2974 3728 3226 3780 ducamus
3265 3725 3477 3787 choros,

1905 3826 2045 3895 quod
2075 3843 2169 3894 per
2197 3825 2365 3878 media
2407 3823 2691 3892 Babylonis
2718 3821 2946 3889 pericula
2971 3826 3301 3870 transeuntes
3319 3857 3335 3881 ,
3360 3816 3481 3870 Ori-

1903 3916 2053 3984 genis
2079 3927 2282 3966 venena
2310 3910 2588 3963 vitavimus
2622 3908 2724 3978 [aL
2758 3904 3001 3975 vitamus]
3025 3944 3037 3964 .
3069 3914 3124 3957 et
3154 3904 3484 3963 obedivimus

1907 4004 2185 4071 Propheta:
2207 4000 2562 4062 sermonibus,
2590 3995 2895 4063 imperantis
2918 4012 2931 4047 :
2957 3992 3209 4064 Egredere
3227 3993 3288 4044 de
3311 3991 3482 4061 Baby-

1907 4096 2039 4155 lone,
2071 4093 2155 4161 qui
2200 4091 2332 4159 fugis
2359 4092 2421 4142 de
2446 4099 2578 4141 terra
2606 4087 2958 4142 Chaldamrum
3004 4085 3150 4156 (λα’.
3182 4084 3271 4139 50.
3312 4082 3399 4154 8),
3430 4093 3486 4137 ut

1908 4183 2307 4252 ingrederentur
2351 4179 2667 4243 Jerusalem,
2701 4179 2750 4231 in
2781 4192 2881 4236 mla
2912 4176 3215 4246 prmdicatio
3250 4175 3485 4229 veritatis

1909 4282 2012 4328 est.

1980 4365 2066 4418 17.
2090 4360 2164 4433 (g)
2190 4361 2500 4429 Quanquam
2538 4358 2813 4414 mendacio
2838 4357 3167 4421 resistentes,
3218 4357 3356 4423 passi
3399 4371 3486 4410 su-

1909 4470 2027 4509 mus
2054 4454 2249 4524 aliquid
2281 4453 2433 4507 trium
2457 4467 2761 4522 puerorum,
2789 4450 2878 4521 qui
2904 4450 2956 4504 in
2980 4450 3190 4504 camino
3214 4451 3487 4504 aestuantis

1910 4546 2135 4600 incendii
2163 4546 2490 4599 ﬂammarum
2522 4544 2699 4598 vicere
2724 4552 2987 4607 naturam,
3014 4552 3191 4595 tamen
3220 4557 3325 4594 non
3352 4556 3486 4609 pra:-

1909 4636 2073 4691 valuit
2097 4644 2280 4690 contra
2308 4647 2405 4687 nos
2434 4634 2567 4703 ignis
2593 4633 2933 4704 Babylonius,
2974 4646 3073 4684 nec
3104 4630 3281 4698 capilli
3313 4632 3481 4683 nostri

1972 4812 2050 4873 (ά)
2081 4811 2178 4859 Pro
2199 4822 2314 4873 nam
2336 4810 2511 4873 vitiose
2536 4820 2693 4873 penes
2722 4805 2941 4873 martias.
2973 4809 3079 4873 erat
3100 4813 3243 4863 quam
3265 4833 3280 4859 ,
3307 4801 3355 4847 in
3378 4800 3483 4848 aliis

1911 4865 2057 4923 editis
2079 4873 2222 4932 quod.
2241 4870 2465 4932 Atnbrosi
2483 4865 2549 4917 in:
2565 4868 2829 4932 admonuit.
2847 4865 3099 4932 'l'ractatus
3118 4874 3237 4909 vero
3259 4874 3381 4932 quos
3390 4875 3483 4932 Σο-

1908 4920 2007 4987 cat.
2026 4920 2253 4993 int'ellige
2274 4932 2396 4979 duos
2417 4930 2479 4979 de
2505 4926 2856 4993 Resurrectione
2883 4922 3122 4984 dialogos,
3144 4920 3287 4983 quod
3303 4920 3362 4969 ad
3390 4921 3479 4985 Sy-

1908 4995 2128 5042 nodicam
2153 4988 2284 5039 num.
2382 4995 2599 5036 notatum
2624 4995 2702 5035 est
2726 4988 2878 5033 nobis.

1973 5040 2043 5113 te)
2078 5054 2213 5113 fdem
2237 5050 2610 5113 Benedictinus,
2642 5054 2694 5113 ut
2732 5058 2791 5094 ne
2813 5043 2921 5113 quis
2939 5056 3058 5113 eant
3079 5040 3249 5113 habeat
3281 5049 3484 5113 contem-

1909 5104 2059 5176 ptus”:
2085 5112 2166 5159 alii
2186 5112 2322 5165 editi,
2347 5122 2405 5157 ne
2424 5104 2746 5176 quid/(abere
2780 5104 2922 5176 pgssit
2956 5104 3269 5176 contemptui,
3296 5104 3484 5176 necui-

1909 5164 2159 5233 sldtceret,
2196 5179 2246 5233 ut
2268 5164 2456 5233 nequis
2478 5166 2660 5233 haberi,
2687 5164 2788 5233 etc,
2809 5165 3013 5233 Terent.
3041 5164 3088 5211 in
3112 5165 3307 5233 Phorm.
3326 5173 3363 5233 ut
3384 5171 3401 5211 t
3424 5176 3483 5211 ne

1910 5222 2025 5295 q'uid
2036 5222 2175 5295 turpe
2191 5231 2306 5280 civis
2318 5222 2378 5295 _iti
2395 5242 2448 5295 se
2468 5222 2753 5295 admitteret.
2771 5226 2990 5295 Interim,
3004 5238 3147 5295 quam
3160 5222 3481 5295 iitll‘a'lUlilllllS,

1911 5285 2057 5341 lectio
2082 5285 2196 5340 Mss.
2224 5291 2509 5341 conlormior
2524 5296 2619 5344 est,
2634 5295 2686 5336 et
2708 5288 2984 5348 Synodicze,
2999 5288 3079 5348 ubi
3107 5286 3304 5348 totidem
3322 5285 3486 5331 verbis

1914 5355 2078 5401 istbaec
2100 5352 2330 5413 Origenis
2352 5348 2597 5413 sententia
2619 5344 2851 5413 recitatur
2878 5362 2941 5396 ex
2974 5346 3111 5395 libris
3131 5348 3194 5395 de
3216 5344 3485 5392 Resurrec-

1912 5417 2062 5489 tione,
2081 5408 2214 5489 quos"
2224 5410 2613 5489 adAtnbrosium
2635 5408 2840 5489 scripsit:

1974 5462 2060 5536 (Ῑ)’
2082 5462 2214 5536 Fort.
2239 5472 2354 5521 olim
2378 5472 2611 5536 scriptum
2637 5477 2712 5516 est
2732 5462 2918 5528 'verius,
2943 5468 3248 5517 detestentur.
3264 5463 3390 5513 Infra
3415 5462 3487 5513 ie-

1916 5531 2042 5583 vidra
2064 5531 2617 5596 quaedamcastigamus.

1975 5598 2047 5664 (ῃ)
2080 5586 2384 5643 λωιπὈείαη.
2423 5586 2701 5652 ᾧιιωιᾳιιαηι
2723 5588 2876 5648 enim,
2916 5587 3149 5638 maledico
3192 5586 3438 5636 resistente
3464 5626 3477 5642 .

1914 5670 2042 5705 uasst
2067 5668 2248 5714 sunms,
2274 5664 2371 5702 ctc.
