4054 6192
146 318 256 378 789

151 434 292 506 (Jer.
319 436 418 489 9.7.
451 433 527 505 5).
557 434 626 489 Et
658 434 821 490 David
847 457 861 491 :
906 436 1095 490 Cretum
1124 436 1238 491 cali
1263 433 1518 499 Domino,
1561 444 1746 489 terram

153 537 331 577 autem
376 525 511 579 dedit
553 526 675 591 ﬁliis
701 526 958 580 hominum
1005 525 1176 598 (Psal.
1227 528 1368 599 113).
1417 527 1479 581 ΕΙ
1532 536 1750 581 cessent

155 616 301 670 ultra
332 619 709 688 cogitationum
734 634 946 671 suarum
972 634 1183 674 errores
1212 622 1383 689 sequi,
1411 629 1465 672 et
1495 620 1745 689 Scriptu-

135 721 342 759 ‘rarum
390 709 558 776 magis
604 709 918 763 auctoritate
955 710 1235 764 ducantur.
1281 711 1427 765 Sicut
1471 711 1614 765 enim
1656 709 1746 779 qui

153 799 523 867 voluptatibus
553 802 788 853 enervati
817 810 940 854 sunt
959 842 973 863 ,
1003 812 1056 854 et
1091 819 1314 871 quorum
1347 804 1397 855 in
1437 813 1651 871 pectore
1681 802 1747 854 ii—

150 886 285 939 bido
328 888 671 953 dominatur,
717 895 1142 957 contemplantes
1179 907 1458 959 corporum
1500 901 1749 945 venusta-

149 988 284 1041 tem,
320 996 428 1031 non
460 990 703 1047 qna-runt
731 997 937 1034 utorqu
967 983 1429 1050 pulchrittnliuetn,
1455 984 1549 1038 sed
1578 1001 1746 1038 mem-

150 1068 408 1130 brorum;
442 1085 737 1138 sensusque
764 1086 947 1123 eorum
982 1087 1070 1139 pra
1090 1083 1341 1142 gravatus
1372 1073 1486 1126 fere
1513 1084 1742 1137 terrena,

149 1160 284 1212 nihil
316 1164 483 1215 altius
509 1164 780 1217 intuetur:
814 1163 891 1217 sic
920 1166 1010 1231 qui
1045 1176 1243 1219 structa
1270 1167 1552 1219 Verborum
1600 1181 1748 1219 com-

148 1250 425 1314 positione
448 1253 733 1316 ducuntur,
767 1267 818 1307 et
844 1255 980 1319 capti
1012 1256 1327 1323 eloquentia!
1357 1271 1511 1319 sono,
1539 1271 1642 1308 non
1674 1255 1746 1307 in-

146 1348 379 1393 tuentur
422 1341 727 1405 dogmatum
771 1345 1087 1409 veritatem,
1135 1346 1454 1398 erubescunt
1504 1360 1741 1398 errorem

145 1430 444 1498 pristinum
476 1435 736 1497 coullteri,
770 1443 823 1489 et
844 1438 1160 1503 arrogantia:
1183 1446 1389 1491 tumore
1409 1438 1612 1496 carcati.
1645 1451 1745 1489 no-

146 1520 267 1571 lunt
315 1535 442 1574 esse
482 1523 724 1591 discipuli
752 1566 766 1586 .
814 1540 881 1578 ne
922 1535 1201 1594 postquam
1241 1528 1469 1580 correcti
1515 1527 1740 1591 fuerint,

145 1609 301 1678 prius
331 1625 550 1666 errasse
582 1612 883 1667 videantur.

217 1701 312 1755 20.
362 1702 605 1770 Abjeetis
648 1704 827 1773 itaque
867 1705 1111 1774 Origenis
1138 1706 1321 1769 malis,
1358 1716 1410 1758 et
1438 1706 1741 1773 Scriptura-

145 1808 291 1857 rum,
318 1809 445 1862 qum
476 1796 1094 1866 vocanturapocrypbtc
1120 1795 1211 1867 [aL
1244 1798 1538 1865 apocrypha
1575 1807 1623 1849 et
1649 1797 1741 1849 ab-

146 1880 435 1954 scondita],
470 1883 519 1936 id
550 1892 632 1937 est
654 1884 1000 1948 absconditae,
1034 1884 1291 1952 decipulis
1322 1886 1696 1952 praetermissis
1724 1902 1739 1939 :

147 1972 275 2026 Non
303 1975 443 2027 enim
490 1974 544 2027 in
585 1974 880 2027 abscondito
912 1975 1111 2028 locutus
1140 1992 1253 2029 sum
1293 1974 1470 2045 (Joan.
1508 1974 1592 2030 18.
1624 1972 1737 2045 20),

144 2065 220 2117 ait
246 2064 532 2126 Dominus,
557 2064 752 2117 iterum
769 2072 930 2132 atque
948 2063 1138 2116 iterum
1156 2065 1382 2118 obsecro
1403 2077 1517 2128 vos,
1549 2064 1741 2116 fratres

142 2154 418 2208 earissimi
446 2191 471 2221 ,
506 2153 782 2208 dominicre
814 2153 1075 2221 passionis
1102 2153 1238 2208 feSIa
1275 2154 1607 2207 celebremus
1628 2195 1643 2216 ,
1676 2152 1739 2205 ll-

142 2244 269 2297 dcm
310 2243 724 2296 conversatione
757 2241 1073 2296 decorantes
1120 2242 1228 2313 (a),
1277 2242 1639 2296 misericordia
1688 2242 1739 2294 in

142 2348 419 2403 pauperes
453 2333 721 2385 imitemur
752 2333 938 2395 Deum,
971 2333 1056 2386 cui
1088 2333 1225 2384 nulla
1259 2333 1615 2401 corporalium
1643 2348 1741 2384 na-

145 2435 394 2476 turarum
428 2421 603 2476 forma
648 2422 943 2477 Consimilis
979 2431 1082 2475 est.
1125 2421 1427 2476 llabeamns
1454 2424 1505 2475 in
1535 2423 1741 2477 cunctis

144 2513 442 2581 imaginem
475 2512 726 2566 bonitatis
746 2513 881 2579 ejus,
922 2512 1233 2579 paenitentia
1275 2513 1624 2566 emendemus
1653 2529 1740 2566 er-

145 2619 325 2667 rores,
360 2618 584 2657 oremus
612 2619 709 2673 pro
737 2605 986 2669 inimicis,
1039 2619 1133 2673 pro
1161 2605 1547 2659 detractoribus
1586 2605 1739 2659 obse-

143 2712 399 2754 cremus.
433 2696 750 2750 acmulautes
790 2695 1038 2766 Moysen,
1072 2697 1161 2765 qui
1209 2698 1410 2752 Sororis
1450 2706 1637 2750 contra
1681 2712 1739 2750 se

143 2786 421 2856 loquentis
453 2787 661 2854 Culpam
692 2787 934 2849 oratione
969 2786 1188 2840 delevit.
1217 2786 1349 2841 Oleo
1378 2789 1737 2857 eleeutosynm

145 2887 495 2944 pecratorum
543 2876 731 2931 sordes
787 2877 1026 2930 lavemus
1072 2895 1085 2930 :
1142 2880 1472 2946 captivorum
1529 2876 1737 2931 vincula

144 2966 311 3038 580
385 2981 491 3020 nos
532 2966 811 3020 videantur
848 2968 1173 3036 astringere,
1216 2976 1271 3021 et
1308 2969 1591 3038 propitium
1634 2969 1738 3021 illis

146 3056 518 3127 itnprecemur
540 3057 728 3110 Deum.
743 3055 965 3110 Clausos
989 3071 1203 3112 carcere
1228 3056 1530 3110 humanitas
1547 3058 1736 3111 diurna

144 3155 432 3207 sustentet,
468 3154 522 3199 et
548 3145 629 3200 his
664 3161 887 3214 quorum
918 3161 1141 3214 corpora
1174 3146 1390 3201 morbus
1419 3147 1618 3215 Regius
1642 3163 1735 3202 oc-

144 3238 382 3305 cupavit,
411 3244 473 3290 et
496 3237 607 3304 jugi
641 3236 760 3289 tabe
790 3234 1027 3288 membra
1057 3235 1366 3298 solvuntur,
1402 3247 1619 3306 propter
1648 3252 1736 3291 re-

151 3328 386 3397 positam
417 3328 473 3380 iu
502 3327 652 3382 cmlis
683 3326 1005 3390 mercedem,
1038 3326 1265 3381 sollicito
1295 3328 1593 3380 ministerio
1618 3342 1737 3380 scr-

146 3419 382 3472 viamus.
413 3418 471 3473 Si
502 3416 713 3487 quando
741 3425 978 3485 potestas
1001 3415 1187 3485 judicii
1211 3416 1361 3471 nobis
1388 3418 1508 3470 data
1542 3418 1700 3471 fuerit
1720 3462 1735 3482 ,

148 3519 203 3563 et
235 3510 570 3580 jurgantinm
601 3508 666 3562 ad
695 3524 792 3564 nos
833 3510 1054 3561 fratrum
1098 3522 1255 3562 causa
1291 3507 1462 3562 delata
1484 3550 1499 3574 ,
1533 3524 1637 3561 non
1668 3508 1739 3561 sit

149 3616 505 3671 personarum
533 3601 912 3665 consideratio,
943 3599 1036 3654 sed
1062 3616 1240 3655 rerum
1274 3618 1287 3654 :
1323 3602 1695 3654 corruentibus
1715 3642 1731 3665 ,

149 3704 203 3747 et
234 3694 286 3747 in
317 3693 664 3747 tribulatione
691 3694 895 3763 positis,
929 3708 1027 3747 nos
1054 3708 1264 3762 queque
1286 3709 1501 3748 ruamus
1522 3693 1734 3748 affectu.

148 3784 318 3852 Leges
353 3800 596 3838 normam
630 3795 844 3838 teneant
865 3785 1126 3838 veritatis.
1151 3784 1355 3838 Caritas
1382 3800 1548 3853 prona
1578 3785 1645 3838 sit
1669 3785 1735 3839 ad

147 3877 575 3932 misericordiam
595 3917 609 3940 ,
645 3892 748 3928 non
791 3876 1052 3929 insultans
1078 3875 1424 3945 peccantibus
1447 3916 1461 3937 ,
1490 3875 1582 3929 sed
1608 3893 1738 3930 cou-

148 3966 338 4021 dolens
360 4009 375 4031 ,
412 3966 585 4019 facilis
609 3973 691 4018 est
720 3965 860 4017 enim
891 3964 1071 4031 lapsus
1100 3963 1165 4015 ad
1207 3963 1332 4016 vitia
1354 4003 1370 4028 ,
1401 3973 1452 4016 et
1480 3963 1737 4034 fragilitas

147 4056 475 4111 conditionis
530 4052 1067 4122 Ιιιιηιειηςιξςιιιιίιιιιιιίᾶ
1098 4053 1267 4106 cernit
1298 4055 1349 4107 in
1395 4054 1534 4119 alio,
1581 4056 1633 4109 in
1678 4072 1738 4111 se

146 4147 309 4201 debet
348 4145 749 4214 pertimescere.
789 4140 1031 4210 Curaque
1077 4143 1210 4196 alius
1252 4142 1405 4197 fuerit
1433 4159 1530 4212 pro
1556 4160 1738 4200 errore

147 4242 436 4306 correptus
456 4277 471 4298 ,
505 4235 649 4288 illius
675 4233 978 4288 emendatio
1013 4242 1192 4286 nostra
1223 4234 1293 4287 sit
1320 4234 1497 4287 cautio
1516 4274 1531 4293 .
1561 4245 1612 4288 et
1640 4251 1736 4288 su-

151 4344 244 4395 per
272 4328 452 4381 omnia
482 4325 632 4396 quasi
679 4325 911 4390 culmen,
938 4332 992 4378 et
1031 4338 1228 4377 corona
1256 4324 1508 4377 virtutum
1528 4366 1541 4388 ,
1569 4327 1738 4394 pietas

152 4419 203 4472 in
236 4419 400 4474 Deum
430 4427 541 4473 toto
576 4416 753 4471 cordis
788 4415 978 4470 timore
1006 4426 1283 4479 servetur,
1317 4426 1737 4486 execrantesque

154 4508 380 4564 Deorum
425 4523 706 4563 numerum
727 4548 741 4571 ,
775 4505 946 4560 Patris
981 4513 1036 4559 et
1066 4504 1182 4559 Filii
1229 4516 1283 4560 ct
1308 4505 1537 4575 Spiritus
1565 4510 1733 4563 sancti

154 4617 308 4657 uuam
352 4602 705 4658 conﬁteantur
748 4599 1193 4667 indiscretamque
1236 4598 1627 4665 substantiam,
1682 4601 1733 4655 in

154 4709 251 4763 qua
282 4703 335 4749 et
379 4693 629 4764 baptizati
669 4691 833 4746 vitam
876 4698 1132 4744 :eternam
1180 4688 1534 4757 suscepimus.
1585 4689 1650 4744 Et
1689 4691 1734 4744 si

158 4784 248 4836 Dei
274 4785 519 4840 tribuerit
539 4785 842 4846 clementia,
875 4798 995 4835 cum
1038 4780 1254 4849 Angelis
1287 4780 1617 4834 merebimur
1639 4780 1738 4834 do-

158 4873 405 4928 minieum
437 4877 636 4931 Pascha
666 4874 940 4930 celebrare
960 4914 976 4938 ,
1016 4872 1272 4926 habentes
1301 4870 1733 4941 Quadragesimm

158 4963 471 5030 exordium,
521 4967 587 5020 ab
636 4976 822 5019 octavo
871 4963 958 5017 die
1004 4965 1203 5016 tnensis
1231 5003 1246 5027 ,
1300 4962 1389 5030 qui
1441 4963 1732 5016 secundum

161 5052 441 5123 Egyptios
468 5066 682 5109 vocatur
704 5054 776 5126 (b)
815 5052 1165 5109 Phamenoth.
1200 5051 1267 5105 Et
1310 5052 1428 5121 ipso
1461 5054 1732 5120 pratbente

159 5191 240 5244 rit,
263 5201 369 5237 cum
394 5202 420 5237 a
453 5188 634 5239 Graecis
665 5199 862 5249 quoque
897 5184 1279 5249 exemplaribus
1296 5183 1529 5244 recedat;
1556 5196 1729 5233 verum

158 5251 402 5315 memoria:
425 5250 631 5315 conlisus
651 5247 710 5315 ad
735 5247 847 5315 eum
872 5247 1061 5315 modum
1083 5247 1322 5295 recitavit.
1367 5305 1379 5315 _
1526 5304 1554 5315 Α

218 5314 289 5381 ῳ)
327 5310 461 5360 Idem
484 5311 574 5360 Ms.
608 5307 1076 5381 miseriam-diurni):
1099 5320 1337 5381 pauperes
1359 5305 1690 5381 impertientes
1712 5340 1727 5378 τ

156 5368 393 5422 imitemur
421 5382 590 5423 Delon.
617 5371 731 5421 Mox
770 5369 823 5420 in
854 5371 1036 5419 ctmctis
1073 5368 1138 5418 ex
1162 5370 1336 5419 eodem
1376 5368 1620 5430 legimus;
1647 5368 1729 5415 ubi

157 5432 271 5480 editi
296 5432 345 5481 in
367 5441 573 5484 cunctos.

218 5493 286 5555 (b)
320 5494 407 5544 Ms.
436 5491 736 5544 Iv‘nrntenoth.
769 5493 922 5555 Porro
945 5491 1180 5541 iudicatur
1204 5490 1726 5555 Quadragesimmqi‘ui-

157 5552 276 5604 tium
294 5556 377 5603 die
412 5565 578 5617 quarta
613 5555 769 5617 Martii
793 5591 807 5615 ,
842 5554 1122 5617 Hebdomas
1144 5554 1294 5617 major
1316 5552 1486 5617 octava
1510 5552 1688 5612 Aprilis
1707 5587 1722 5610 ,

159 5617 291 5677 cujus
325 5612 513 5666 decima
544 5627 713 5677 quarta
753 5612 1061 5677 Dominich
1087 5612 1269 5661 Pascha
1291 5613 1593 5677 celebratum
1616 5620 1695 5677 est
1712 5646 1730 5667 ,

161 5673 281 5726 anho
302 5678 483 5730 scilicet
522 5673 629 5731 401.
654 5688 709 5730 ut
731 5692 794 5729 ex
818 5677 955 5726 hisce
988 5673 1309 5723 Romanorum
1337 5676 1578 5724 mensium
1601 5676 1729 5725 notis

165 5739 301 5798 bisne
322 5740 573 5805 colligitur.

1520 321 1850 380 EPISTULA
1887 322 2071 383 XCV"
2087 364 2102 381 .

1862 435 2033 503 vires,
2061 438 2314 494 attentius
2349 439 2650 511 jejunemus
2680 461 2707 498 :t
2727 445 3072 507 hebdomadas
3100 456 3320 525 majoris
3339 497 3356 523 ,
3384 459 3435 514 id

1855 539 1938 584 est
1997 529 2218 585 Paschze
2261 534 2580 589 venerabilis
2607 577 2624 603 ,
2678 537 2767 593 die
2812 542 3176 600 tertiadecima
3232 551 3436 606 mensis

1854 618 2170 674 Pharmuthi
2220 621 2559 679 fundamenta
2594 625 2860 693 jacientes
2891 646 2904 681 :
2934 630 3004 685 ita
3048 633 3344 703 duntaxat,
3377 651 3436 695 ut

1849 707 2000 777 juxta
2024 712 2355 780 evangelicas
2386 714 2702 769 traditiones
2733 718 2978 772 finiamus
3003 720 3205 789 jejuuia
3236 728 3431 781 intem-

1854 808 2001 864 pesta
2050 812 2237 864 uocte,
2286 811 2476 855 octavo
2507 804 2714 858 decimo
2765 807 2851 861 die
2896 812 3186 877 supradicti
3236 818 3435 873 mensis

1854 888 2186 942 Phariuuthi.
2220 892 2283 943 Et
2308 892 2480 945 altero
2510 894 2616 958 die,
2649 896 2737 963 qui
2771 897 3052 953 dominica:
3086 906 3435 959 resorrectio—

1850 982 1932 1033 nis
1959 992 2041 1036 est
2063 984 2383 1053 symbolum,
2411 986 2460 1038 id
2487 996 2586 1049 e~t,
2618 991 2970 1046 nonodecimo
3000 995 3238 1059 ejusdem
3272 1014 3421 1054 meno

1851 1073 1925 1125 sis
1942 1089 2120 1126 verum
2148 1075 2345 1130 Pascha
2366 1079 2696 1132 celebremus
2722 1098 2733 1132 :
2757 1083 3102 1148 adjungcutes
3126 1087 3205 1140 his
3227 1099 3429 1157 septem

1850 1164 2081 1231 reliquas
2112 1166 2471 1221 hebdomadas
2495 1210 2508 1231 ,
2541 1169 2591 1221 in
2622 1171 2816 1239 quibus
2845 1175 3187 1229 Pentecostes
3232 1179 3433 1231 festivi-

1850 1261 1931 1306 tas
1962 1256 2175 1313 texitur,
2228 1264 2281 1309 ct
2328 1259 2773 1326 pra-benti-s'nos
2819 1265 3010 1328 dignos
3052 1270 3431 1323 eotumunione

1847 1346 2103 1414 Corporis
2130 1359 2182 1402 et
2226 1349 2511 1420 Sanguinis
2553 1352 2773 1407 Christi.
2817 1355 2903 1410 Sic
2929 1358 3070 1410 enim
3101 1361 3431 1416 merebimur

1847 1440 2093 1507 accipere
2117 1455 2277 1507 regna
2303 1444 2560 1497 caelorum
2593 1444 2645 1498 in
2672 1446 2888 1500 Christo
2921 1448 3044 1503 Jesu
3079 1451 3301 1505 Domino
3329 1469 3426 1508 uo-

1848 1538 1961 1583 stro
1979 1570 1995 1595 ,
2020 1546 2112 1598 per
2139 1548 2296 1600 quem
2320 1574 2333 1594 .
2363 1543 2417 1588 et
2445 1549 2564 1587 cum
2601 1550 2708 1604 quo
2738 1537 2846 1591 Deo
2872 1539 3012 1593 Patri
3039 1541 3207 1608 gloria
3232 1553 3287 1597 et
3330 1544 3430 1597 im-

1849 1621 2052 1686 perium
2074 1662 2087 1682 ,
2117 1637 2238 1674 cum
2258 1622 2456 1689 Spiritu
2480 1624 2675 1679 Sancto
2696 1666 2710 1688 ,
2744 1635 2799 1679 et
2828 1643 2969 1683 nunc
2988 1668 3003 1693 ,
3036 1637 3092 1683 et
3111 1644 3344 1701 semper,
3376 1644 3430 1688 et

1848 1709 1900 1762 in
1928 1710 2105 1763 omnia
2134 1712 2327 1764 stueula
2357 1713 2676 1766 saeculorum
2710 1714 2903 1769 Amen.

1915 1799 2074 1871 581
2149 1801 2213 1855 2i
2263 1800 2334 1873 (c)
2374 1802 2612 1856 Salutate
2640 1804 2866 1858 invicem
2909 1807 2961 1859 in
3000 1808 3183 1863 osculo
3219 1816 3427 1865 sancto.

1844 1886 2088 1943 Salutant
2115 1904 2211 1943 vos
2236 1892 2323 1958 qui
2354 1905 2560 1945 meeum
2591 1902 2715 1945 sunt
2745 1891 2961 1948 fratres.

2306 2002 2631 2058 EPISTOLA
2651 2004 2836 2059 XCVII
2865 2004 2964 2079 (ά).

2187 2134 2253 2172 Δί)
2272 2133 2612 2173 PAIIMACHIUI
2638 2135 2705 2172 ΕΤ
2731 2136 3071 2177 υληοῑιιμι.

1842 2230 2070 2283 Alteram
2095 2229 2365 2299 TheOpltili
2397 2230 2701 2285 Paschalem
2737 2233 3002 2302 epistolam
3026 2245 3203 2289 contra
3245 2236 3426 2307 Orige-

1916 2337 2027 2373 nem
2054 2337 2086 2373 a
2114 2337 2167 2373 se
2194 2319 2375 2373 Latine
2398 2321 2702 2391 explicatam
2732 2324 2883 2376 mittit
2904 2364 2919 2385 ,
2951 2335 2998 2377 et
3034 2324 3169 2394 quod
3192 2329 3427 2395 superio-

1913 2428 2018 2465 rem
2044 2429 2076 2464 a
2098 2428 2152 2465 se
2177 2412 2494 2464 immutatam
2517 2413 2947 2467 calumniarentur
2964 2414 3283 2485 Origenistat,
3311 2433 3428 2470 rur-

1913 2519 1999 2556 sus
2027 2506 2119 2557 hoc
2138 2520 2271 2556 anno
2295 2501 2529 2557 Graecum
2574 2505 2841 2573 exemplar
2862 2508 3078 2560 versioni
3107 2524 3215 2561 sua:
3226 2510 3425 2578 jungit,

1914 2603 1959 2647 et
1981 2596 2153 2662 paucis
2173 2595 2431 2647 ltwreticos
2456 2594 2740 2664 impugnat.

1917 2704 1969 2757 1.
2004 2703 2077 2774 (e)
2130 2704 2360 2757 liursum
2402 2704 2765 2758 Orientalibus
2794 2719 2892 2758 vos
2925 2705 3193 2775 locuplete
3236 2709 3430 2763 merci-

1842 2795 1961 2859 bus,
1992 2807 2044 2849 et
2074 2794 2459 2848 Alexandrinas
2486 2810 2615 2863 Opes
2644 2810 2816 2864 pruno
2842 2796 3067 2850 Romam
3096 2813 3223 2851 vere
3251 2808 3425 2851 trans-

1842 2887 2019 2940 mitto.
2047 2884 2116 2956 (ί)
2143 2884 2274 2937 Deus
2315 2886 2379 2937 ab
2423 2885 2610 2938 Austro
2648 2887 2829 2948 veniet,
2861 2896 2910 2938 et
2933 2896 3136 2938 sanctus
3165 2886 3229 2939 de
3258 2900 3428 2941 monte

1846 2975 2079 3043 Pliaran,
2108 2977 2286 3028 umbra
2308 2975 2563 3027 condensa
2586 2974 2764 3044 (Abac.
2795 2976 2848 3028 5.
2873 2976 2929 3046 5)
2953 2993 2966 3027 :
2990 2976 3132 3030 unde
3156 2986 3210 3029 et
3229 2993 3423 3047 sponsa

1843 3068 2054 3121 laetatur
2102 3066 2152 3118 iu
2200 3065 2419 3121 Cantica
2462 3064 2843 3131 Canticorum,
2890 3066 3075 3145 dicens
3103 3083 3117 3118 :
3149 3065 3215 3119 In
3248 3068 3427 3119 umbra

1841 3159 1950 3229 ejus
1974 3156 2237 3225 concupiui
2264 3164 2311 3209 et
2331 3155 2474 3216 sedi;
2498 3165 2544 3207 et
2571 3158 2765 3223 fructus
2791 3158 2899 3220 ejus
2921 3155 3085 3209 dulcis
3110 3157 3165 3209 in
3190 3156 3421 3225 faucibus

1840 3247 1964 3299 meis
1989 3244 2161 3314 (Cant.
2192 3245 2248 3298 2.
2279 3246 2355 3315 5).
2397 3243 2537 3298 Vere
2563 3258 2703 3297 nunc
2738 3247 3038 3313 completur
3066 3245 3216 3299 Isaiae
3241 3248 3428 3298 Vatici-

1843 3338 1986 3390 nium
2020 3335 2354 3406 przcdicantis
2386 3352 2399 3388 :
2447 3333 2513 3387 In
2556 3334 2639 3387 die
2680 3335 2773 3386 illa
2810 3336 2905 3389 erit
2944 3334 3107 3389 altare
3134 3336 3343 3389 Domini
3371 3338 3423 3390 in

1841 3429 2007 3481 medio
2036 3437 2184 3481 terra:
2224 3426 2447 3497 ﬁgypti
2493 3425 2645 3498 (lsai.
2695 3428 2784 3482 19.
2832 3427 2940 3498 19).
2989 3428 3090 3484 Ubi
3137 3429 3427 3484 abundavit

1843 3530 2143 3590 peccatum,
2171 3519 2620 3589 superabundavit
2641 3528 2694 3573 et
2718 3520 2886 3588 gratia
2909 3519 3081 3588 (flant.
3107 3522 3160 3576 5.
3184 3520 3295 3592 20).
3322 3522 3423 3590 Qui

1842 3612 2117 3681 parvulum
2159 3610 2427 3665 Christum
2477 3608 2755 3671 foverunt,
2804 3610 3042 3664 adultum
3090 3612 3208 3665 fidei
3240 3613 3424 3667 calore

1841 3701 2155 3764 defendunt,
2186 3712 2244 3754 ut
2270 3701 2360 3770 qui
2390 3716 2484 3769 per
2509 3701 2629 3754 illos
2654 3698 2911 3767 effugerat
2941 3701 3166 3756 Herodis
3209 3719 3420 3773 manus,

1840 3792 2056 3860 ell‘ugiat
2085 3791 2391 3849 harreticum
2425 3790 2902 3856 blasphemantem.
2928 3790 3096 3856 Quem
3125 3791 3199 3863 (g)
3233 3794 3421 3850 Deme.

1844 3886 1976 3938 trins
2000 3883 2286 3936 Alexandri
2317 3882 2445 3935 urbe
2472 3883 2672 3950 pepulit
2697 3920 2712 3943 ,
2759 3891 2869 3933 toto
2896 3883 3025 3936 orbe
3056 3884 3198 3950 fugat
3242 3884 3422 3939 Theo-

1844 3974 2021 4042 philus
2040 4012 2056 4036 ,
2087 3973 2151 4024 ad
2178 3986 2335 4040 quem
2368 3970 2539 4024 Lucas
2568 3971 2782 4039 scripsit
2810 3972 2973 4025 Actus
3008 3973 3383 4041 Apostolorum
3405 4019 3422 4040 ,

1843 4064 1932 4132 qui
1957 4079 2023 4116 ex
2043 4077 2225 4115 amore
2258 4062 2349 4115 Dei
2378 4076 2572 4114 nomen
2598 4061 2815 4115 invenit.
2840 4060 2941 4117 Ubi
2970 4046 3108 4117 nunc
3132 4074 3213 4118 est
3232 4064 3311 4138 (Ιι)
3333 4081 3424 4121 co-

1845 4156 1997 4209 luber
2018 4152 2332 4207 tortuosos?
2354 4152 2442 4207 ubi
2470 4152 2883 4208 veneuatissima
2907 4154 3121 4222 vipera?
3246 4172 3283 4207 ο

1950 4246 2133 4300 Prima
2162 4245 2379 4299 hominis
2411 4244 2590 4316 facies,
2620 4253 2759 4298 utero
2785 4246 3052 4299 commissa
3067 4247 3324 4316 luporum.

2831 4337 3070 4407 (lEneid.
3099 4341 3181 4409 5).

1842 4433 1944 4489 Ubi
1976 4431 2231 4495 lucresis,
2272 4445 2392 4500 quae
2421 4429 2665 4484 sibilabat
2695 4430 2745 4484 in
2774 4432 2970 4485 mundo
2989 4472 3004 4495 ,
3028 4441 3081 4486 et
3116 4448 3202 4488 me
3240 4444 3291 4489 et
3321 4435 3423 4489 Pa-

1841 4539 1962 4593 pam
1991 4520 2342 4589 Tthphilutn
2374 4520 2452 4573 sui
2476 4519 2713 4587 jactabat
2749 4521 2968 4584 erroris,
2993 4521 3288 4591 latratuque
3321 4525 3388 4576 itu

1842 4612 2347 4683 pudentissimorum
2387 4624 2577 4664 cauum
2631 4608 2696 4662 ad
2742 4609 3070 4664 inducendos
3114 4613 3419 4679 simplic--s,

1842 4715 2080 4758 nostrum
2128 4700 2487 4755 mentiebatur
2512 4700 2827 4753 assensum?
2872 4698 3137 4767 Oppressa
3180 4710 3260 4753 est
3304 4702 3422 4769 ejus

1902 4815 1972 4883 (ε)
2008 4813 2125 4883 Quae
2145 4814 2258 4883 hinc
2286 4819 2576 4883 sequuntur.
2602 4812 2805 4883 ignorat‘
2817 4808 3163 4883 émbrosianus
3187 4810 3332 4861 liber.

1924 4870 1980 4938 α’)
2019 4870 2143 4938 Silius
2162 4877 2241 4925 78.
2267 4870 2455 4936 scripta
2477 4884 2587 4938 nere
2607 4870 2724 4938 amri
2746 4870 2852 4919 402.

1924 4879 1980 4938 ιι)
2019 4879 2143 4925 Alias
2162 4879 2241 4925 78.
2267 4879 2455 4936 scripta
2477 4884 2587 4921 nere
2607 4883 2724 4919 ann:
2746 4879 2852 4919 ωε.

1901 4879 1971 4999 ie)
2006 4936 2169 4986 Facile
2210 4933 2645 4999 enimusuperioris
2678 4943 2875 4999 quoque
2913 4930 3166 4999 Paschalis
3196 4931 3418 4999 Latinam

1840 4991 2296 5058 inteipretationem
2336 4991 2510 5043 iisdem
2544 4991 2852 5041 Pammachio
2876 4998 2929 5040 et.
2964 4991 3210 5042 Marcella:
3244 4996 3416 5043 inscri-

1840 5067 2074 5179 Wli‘ili‘lx
2102 5117 2271 5179 ῧιζεβὲο
2296 5125 2332 5169 ιε
2355 5124 2458 5179 δεκέτις
2481 5125 2604 5174 Φαιὰν
2624 5126 2845 5162 nmio»
2869 5120 3025 5170 δασιος.
3042 5126 3156 5179 nam
3181 5128 3211 5163 e
3235 5124 3418 5176 postre-

1840 5174 1935 5227 mis
1953 5174 2116 5226 verbis
2153 5175 2348 5237 V'ulgat.
2383 5174 2478 5221 alio
2518 5187 2669 5221 sensu
2707 5187 2885 5221 novum
2923 5174 3416 5238 versiculum‘ausﬂ-

1838 5248 2174 5370 ωῗέῦἰποιυητ
2195 5295 2324 5358 quod
2354 5293 2688 5370 ρνίεειξοξέεξ
2712 5293 3100 5370 Manedum.
3115 5297 3413 5370 Presbyter“

1840 5356 2041 5423 gradum
2068 5361 2116 5421 ja
2138 5373 2164 5403 ιι
2199 5356 2482 5423 assecutus,
2522 5369 2548 5423 ρ
2588 5356 2844 5423 Demetrio
2882 5356 3215 5423 Alexandrino
3247 5356 3411 5420 Episc.

1840 5415 2005 5492 intutis
2045 5415 2109 5492 de
2148 5419 2305 5467 eausis
2336 5416 2430 5465 sibi
2467 5416 2659 5465 infenso
2693 5415 2991 5466 Alexandria
3027 5420 3241 5479 migrare
3280 5415 3414 5470 coni-

1839 5482 2247 5606 l'uililisliiitiinum
2273 5538 2509 5606 continuo
2547 5538 2873 5606 perstringit,
2911 5541 2994 5606 qui
3032 5539 3326 5606 Praefationc
3365 5546 3413 5594 in

1838 5597 1987 5654 lilii-0's
2002 5617 2080 5666 περὶ
2102 5605 2223 5666 tam
2244 5599 2344 5666 sibi
2363 5612 2474 5647 eum
2499 5597 2880 5666 iu’Origenianis
2900 5597 3211 5666 dogmatibus
3241 5616 3413 5666 asse“.

1840 5658 2302 5729 trientetu'meiititus
2325 5658 2514 5729 fuerat,
2533 5658 2683 5729 quam
2706 5658 3066 5714 calumniatus.
3089 5664 3270 5715 Doctor
3288 5665 3412 5729 Apo-

1841 5728 2051 5790 logetico
2074 5724 2155 5774 lib.
2185 5723 2228 5771 1.
2262 5729 2408 5784 atqae
2432 5720 2544 5772 alibi
2560 5720 2761 5785 purgat.
