4054 6192
680 323 780 380 791

682 437 1016 496 auctoritate.
1048 442 1102 489 et
1125 429 1422 498 eloquentia
1450 445 1463 481 :
1494 435 1550 481 et
1583 427 1633 478 in
1662 439 1862 477 morem
1889 422 2244 475 thrmoniaco-

685 543 805 580 rum
845 525 1118 593 spirituum
1163 519 1230 572 de
1259 528 1396 571 terra
1438 517 1687 584 loquitur.
1718 513 1898 567 Nescit
1939 513 2080 565 enim
2127 525 2247 562 eum

685 618 810 683 qui,
850 616 916 667 de
958 625 1166 664 sursum
1212 609 1464 672 veniens,
1508 622 1570 660 ea
1612 605 1844 674 loquitur
1883 619 2000 672 qua:
2039 616 2248 655 sursum

685 713 827 759 tum.

754 794 808 846 2.
840 794 1012 860 Atque
1038 792 1236 844 utinam
1264 790 1565 860 serpentina
1607 787 1898 857 generatio,
1929 794 2019 838 aut
2044 783 2250 852 simpli-

683 884 818 938 citer
841 893 1022 935 nostra
1055 884 1279 935 fateatur
1297 922 1313 946 ,
1342 891 1435 934 aut
1457 889 1763 934 constanter
1789 876 2035 930 defendat
2058 891 2173 937 sua,
2198 884 2253 926 ut

682 975 821 1028 scire
858 974 1130 1028 valeamus
1153 973 1242 1041 qui
1284 972 1436 1025 nobis
1469 969 1679 1023 amandi
1721 969 1861 1031 sint,
1894 967 1979 1035 qui
2010 965 2250 1018 cavendi.

682 1062 832 1117 Nunc
859 1073 1038 1116 autem
1067 1078 1258 1116 novum
1305 1060 1629 1127 pmnitentia:
1658 1074 1826 1128 genus
1850 1076 1863 1112 :
1887 1059 2111 1111 oderunt
2135 1069 2251 1117 nos,

684 1154 834 1222 quasi
877 1153 1058 1205 hostes
1079 1193 1092 1214 ,
1125 1167 1348 1221 quorum
1379 1149 1534 1204 ﬁdem
1567 1149 1774 1217 publice
1802 1163 1996 1215 negare
2025 1162 2128 1199 non
2156 1162 2254 1198 au-

686 1243 835 1296 dent.
877 1243 1038 1314 582
1084 1243 1254 1312 Rogo,
1279 1243 1399 1311 quis
1428 1253 1510 1295 est
1542 1243 1640 1295 isre
1670 1242 1841 1304 dolor,
1875 1241 1960 1305 qui
1990 1253 2089 1292 nec
2118 1248 2253 1291 tem-

686 1347 838 1400 pore,
871 1348 968 1387 nec
1008 1333 1212 1386 ratione
1241 1333 1490 1386 curatur?
1535 1333 1676 1386 Inter
1719 1334 1977 1384 micantes
2013 1330 2252 1398 gladios.

679 1421 909 1490 jacentia
937 1438 1181 1492 corpora,
1209 1424 1351 1476 rivos
1371 1425 1642 1492 sanguinis
1664 1422 2005 1492 proﬂuentes,
2026 1422 2257 1489 jungun-

686 1522 774 1567 tur
798 1528 942 1580 saape
974 1514 1192 1567 hostiles
1216 1515 1438 1579 dextrze,
1467 1523 1522 1568 et
1553 1515 1675 1568 belli
1707 1515 1906 1567 rabiem
1939 1529 2035 1582 pax
2061 1529 2254 1581 repen-

688 1602 792 1654 tina
819 1613 1130 1656 commutat.
1164 1604 1272 1657 Soli
1303 1615 1426 1658 sunt
1459 1605 1613 1670 hujus
1641 1603 1908 1658 haereseos
1937 1612 2252 1664 sectatores,

686 1693 776 1760 qui
819 1707 937 1746 cum
988 1692 1376 1746 Ecclesiasticis
1419 1711 1524 1746 non
1577 1694 1756 1748 valent
1800 1692 2096 1746 foederari:
2136 1692 2256 1756 quia

688 1781 832 1849 quod
862 1797 1108 1836 sermone
1134 1794 1396 1851 Coguntur
1420 1783 1597 1837 dicere
1617 1824 1634 1848 ,
1665 1793 1840 1837 mente
1878 1782 2252 1836 condemnant.

691 1877 758 1931 Et
805 1877 850 1930 si
897 1877 1109 1946 quando
1152 1887 1335 1946 aperta
1391 1877 1716 1945 blasphemia
1772 1877 1996 1946 publicis
2042 1875 2258 1928 auribus

689 1968 848 2022 fuerit
874 1971 1125 2030 revelata,
1151 1979 1205 2022 et
1236 1969 1460 2022 viderint
1489 1977 1671 2022 contra
1704 1983 1763 2021 se
1788 1967 2114 2021 audientium
2149 1975 2260 2017 tur-

690 2057 810 2111 bam
840 2057 1270 2112 circumfremere
1293 2098 1308 2121 .
1338 2068 1460 2113 tunc
1501 2058 1746 2111 simulata
1775 2056 2110 2125 simplicitate
2132 2096 2148 2118 .
2177 2055 2260 2110 di-

690 2158 817 2202 cunt
841 2149 1053 2202 audisse
1079 2164 1138 2203 se
1169 2150 1419 2217 primum.
1448 2165 1567 2218 qua:
1595 2149 1902 2218 magistrum
1932 2149 2109 2202 dicere
2136 2157 2259 2202 ante

689 2237 995 2292 nescierint.
1041 2237 1278 2308 Cumque
1320 2252 1504 2292 eorum
1546 2239 1742 2306 scripta
1788 2246 2098 2299 teneantur,
2128 2251 2259 2291 voce

688 2335 916 2396 negant,
944 2328 1083 2396 quod
1116 2328 1305 2383 litteris
1346 2328 1686 2383 conﬁtentur.
1734 2329 1870 2395 Quid
1914 2343 2135 2383 necesse
2176 2337 2260 2382 est

685 2417 934 2470 obsidere
984 2415 1060 2486 (a)
1106 2417 1514 2485 Propontidem.
1564 2427 1770 2473 mutare
1813 2418 1964 2482 loca,
2017 2419 2256 2472 diversas

688 2507 919 2561 lustrare
946 2509 1208 2576 regiones,
1236 2519 1290 2563 et
1315 2509 1668 2562 clarissimum
1700 2510 2007 2563 Pontificem
2036 2509 2256 2574 Christi,

688 2599 912 2667 ejusque
959 2598 1250 2667 discipulos
1297 2598 1483 2652 rabido
1523 2615 1618 2654 ore
1646 2601 1986 2670 discerpere?
2029 2601 2082 2656 Si
2130 2617 2256 2655 vera

687 2690 961 2758 loquimini
985 2730 1001 2753 ,
1031 2691 1310 2759 pristinum
1351 2691 1551 2745 erroris
1593 2691 1870 2756 ardorem,
1903 2692 2095 2746 ardore
2136 2693 2257 2746 ﬁdei

686 2791 1029 2836 commutate.
1058 2781 1192 2847 Quid
1223 2782 1296 2853 (b)
1324 2782 1723 2836 maledictorum
1756 2797 1960 2850 pannos
1991 2783 2111 2837 hinc
2137 2784 2258 2838 inde

685 2873 972 2934 consuitis;
1001 2882 1055 2927 et
1081 2888 1265 2927 eormn
1296 2874 1513 2943 carpitis
1539 2875 1700 2928 vitam
1723 2915 1741 2938 ,
1763 2890 1986 2943 quorum
2020 2875 2140 2930 ﬁdei
2170 2891 2257 2932 re-

685 2961 876 3016 sistere
903 2977 1009 3014 non
1033 2963 1260 3016 valetis?
1279 2963 1412 3017 Num
1444 2963 1640 3018 idcirco
1668 2978 1772 3018 non
1803 2965 1933 3018 estis
1958 2980 2052 3043 vos
2078 2966 2255 3021 luere-

685 3053 799 3115 tiei,
831 3053 874 3106 si
901 3067 997 3107 nos
1020 3053 1237 3123 quidam
1267 3056 1564 3111 assertione
1589 3066 1762 3111 vestra
1791 3053 1886 3128 [ιιι.
1919 3057 2111 3131 nostra]
2141 3075 2261 3115 creo

684 3139 918 3195 diderint
964 3153 1268 3211 peccatores
1316 3162 1329 3199 :
1381 3155 1434 3200 et
1487 3161 1548 3200 os
1595 3147 1864 3214 impietate
1907 3148 2106 3204 fmdum
2152 3167 2256 3205 non

688 3229 970 3287 habebitis.
995 3233 1038 3285 si
1065 3233 1366 3288 cicatricem
1393 3236 1635 3303 poteritis
1664 3238 1714 3290 in
1744 3249 1922 3292 nostra
1948 3255 2077 3294 aure
2107 3255 2260 3294 mon-

686 3319 894 3371 strare?
937 3320 1073 3387 Quid
1113 3321 1262 3387 juvat
1289 3333 1521 3377 vestram
1556 3326 1868 3392 perlidiam.
1915 3330 1998 3382 vel
2047 3330 2260 3397 prodest

691 3411 843 3475 pellis
869 3409 1166 3479 Ethiopica
1197 3423 1253 3466 et
1283 3414 1428 3480 pardi
1473 3417 1722 3481 varietas,
1765 3420 1808 3470 si
1841 3419 1890 3471 in
1924 3431 2106 3472 nostro
2135 3437 2257 3475 coro

689 3512 816 3565 pore
862 3513 1042 3551 uterus
1086 3502 1423 3567 apparuerit?
1471 3504 1546 3556 En
1591 3503 1729 3572 Papa
1779 3506 2104 3575 Theophilus
2152 3520 2256 3563 tnta

688 3585 969 3654 Origenem
1000 3588 1172 3654 arguit
1207 3588 1479 3652 libertate.
1515 3593 1821 3646 lizcreticnm
1864 3610 1985 3650 esse
2015 3615 2027 3648 :
2059 3614 2156 3650 nec
2186 3599 2256 3652 illi

687 3673 830 3728 dicta
857 3673 1173 3742 defendunt,
1203 3678 1295 3731 sed
1331 3679 1533 3746 ﬁngunt
1561 3682 1628 3734 ab
1656 3683 1919 3738 haereticis
1950 3687 2255 3752 immutata,

689 3765 1083 3834 nmltorumque
1109 3766 1292 3821 dicunt
1338 3769 1498 3824 libros
1541 3772 1786 3826 similiter
1825 3775 2170 3844 depravatos;
2203 3788 2258 3833 ut

689 3853 835 3907 illum
866 3871 968 3908 non
998 3870 1088 3909 sua
1120 3857 1256 3923 ﬁde,
1298 3859 1390 3912 sed
1418 3862 1643 3917 aliorum
1684 3871 1930 3919 tueantur
1957 3870 2252 3924 erroribus.

687 3941 884 3998 Verum
929 3944 1042 3999 haec
1081 3947 1366 4004 adversum
1399 3951 1676 4006 lueretiros
1719 3955 1856 4008 dicta
1900 3957 2143 4027 sitit,.qtti
2179 3961 2258 4013 in-

681 4035 827 4104 jnsto
853 4047 1039 4091 contra
1084 4054 1180 4093 nos
1211 4041 1335 4094 odio
1377 4044 1657 4099 sarvientcs
1676 4086 1691 4111 ,
1721 4050 1913 4103 mentis
1945 4049 2036 4122 [ab
2071 4053 2254 4125 mente]

691 4125 925 4200 fategtur
959 4144 1209 4184 arcanum
1232 4169 1247 4193 ,
1291 4140 1346 4187 et
1384 4149 1586 4190 venena
1616 4139 1845 4206 pectoris
1875 4143 2253 4201 irretnediabili

685 4215 870 4269 dolore
887 4227 1164 4274 testantur.

758 4307 810 4360 3.
846 4305 951 4357 Vos
979 4306 1259 4363 Christiani
1288 4311 1514 4368 Senatus
1543 4317 1762 4381 lumina.
1787 4323 2012 4390 accipite
2035 4334 2090 4379 et
2114 4325 2254 4381 Grie-

685 4411 802 4450 eam
829 4407 883 4450 et
911 4396 1150 4452 Latinam
1179 4405 1336 4456 etiam
1378 4405 1477 4458 hoc
1503 4422 1645 4461 anno
1685 4409 2010 4478 Epistolam,
2043 4432 2107 4468 ne
2135 4434 2253 4470 rur-

685 4500 802 4540 sum
834 4487 1070 4542 lueretici
1096 4494 1462 4547 mentiantura
1495 4499 1644 4551 nobis
1667 4500 1918 4572 pleraque
1945 4507 2026 4560 vel
2054 4509 2251 4573 addita,

687 4578 769 4631 vel
794 4588 988 4632 imitata
1020 4597 1032 4634 :
1063 4580 1112 4634 iu
1141 4597 1241 4650 qua
1268 4583 1535 4640 laborasse
1559 4604 1642 4643 me
1671 4591 1858 4652 fateor.
1887 4605 1944 4649 ut
1971 4599 2250 4655 verborum

685 4669 998 4736 elegantiam
1031 4673 1138 4738 pari
1167 4673 1614 4741 interpretationis
1635 4692 1912 4737 venustate
1941 4703 2207 4743 servari-ni
2235 4707 2248 4755 ;

681 4768 736 4811 et
758 4759 890 4811 intra
921 4760 1165 4814 delinitas
1199 4762 1361 4816 lineas
1389 4778 1608 4820 currens
1631 4809 1646 4832 ,
1700 4770 1858 4841 583
1903 4789 2001 4828 nec
2030 4776 2081 4828 in
2117 4794 2251 4846 quo-

680 4865 836 4914 quam
883 4851 1146 4903 excedens
1193 4852 1345 4916 loco,
1386 4857 1702 4925 elaquentia:
1748 4861 1863 4928 ejus
1911 4864 2102 4919 ﬁnenta
2146 4885 2249 4923 nou

682 4939 957 5006 perderem
979 4981 993 5002 ,
1023 4941 1345 5012 easdemque
1376 4962 1459 4997 res
1488 4949 1672 5000 eodem
1718 4966 1966 5008 sermone
2004 4961 2253 5012 transfer-

683 5044 815 5081 rent.
873 5030 1024 5095 Quod
1081 5043 1254 5087 utrum
1299 5049 1618 5094 Consecutus
1657 5042 1756 5095 sint
1822 5061 2022 5112 necne,
2075 5061 2250 5105 vestro

676 5117 874 5182 judicio
910 5121 1167 5188 relinquo.
1193 5130 1359 5190 Quam
1386 5127 1565 5182 sciatis
1591 5130 1642 5182 in
1679 5142 1904 5198 quatuor
1931 5145 2106 5202 partes
2131 5154 2249 5194 esse

679 5203 923 5258 divisam.
958 5208 1010 5258 In
1039 5211 1208 5275 primo
1234 5212 1511 5268 credentes
1541 5220 1782 5272 hortatur
1818 5221 1882 5274 ad
1919 5223 2246 5282 Dominicmn

681 5291 879 5346 l’ascha
933 5297 1307 5353 celebrandum
1363 5319 1376 5354 :
1435 5303 1484 5356 in
1538 5307 1772 5361 secundo
1830 5320 1883 5364 et
1922 5314 2077 5368 tertio
2131 5315 2248 5371 loco

741 5421 811 5507 (.92
837 5421 1297 5507 ,εὶῐξεὲξιξδξῡίῐιοτλοῑίτη
1321 5443 1501 5507 nerve
1523 5433 1580 5482 ad
1683 5437 1926 5507 ,ιουιιηιιπι
1961 5441 2244 5507 Chrysosm-

681 5489 816 5556 Tum
837 5481 1118 5556 defecerant
1155 5481 1472 5556 'Origenistte',
1513 5481 1639 5556 quod
1680 5499 1729 5545 in
1767 5481 2242 5555 subnexgulfasc‘hali

681 5537 1152 5624 ni‘ggl‘hneo‘jsh‘ihts
1176 5537 1368 5624 quiique
1388 5537 1557 5624 dolet],
1585 5561 1712 5617 quod

683 5593 877 5666 ctenim-rt
900 5598 949 5644 in
972 5593 1152 5664 magnis
1177 5593 1371 5658 ἆιέῦἷὸιιςς
1405 5593 1688 5666 uxcéiir‘éiu".

749 5649 817 5712 (ὸ)
843 5653 1023 5704 Erastn.
1045 5649 1151 5710 eum
1177 5649 1856 5739 ριιιιιείέΜξξιιιίίέιὲἓὲὲοτιιηι,
1885 5683 2008 5731 haud
2033 5693 2185 5736 recte.

1956 311 2194 366 SANCTI
2237 306 2607 362 HIERONYMI

3852 317 3943 372 79!

2361 417 2740 485 Apollinarium
2765 427 2818 472 et
2846 417 3126 488 Origenem
3151 421 3355 491 jugulat
3379 441 3392 476 :
3428 424 3482 476 in
3503 436 3730 493 quarto,
3765 428 3821 480 id
3849 441 3940 490 est.

2355 519 2623 570 extremo,
2674 508 2951 563 ita-reticus
2989 511 3055 564 ad
3098 515 3460 580 pcenitentiam
3507 515 3866 570 cohortatur.
3895 521 3939 575 Si

2355 598 2478 666 quid
2507 611 2684 651 autem
2718 599 2801 652 hic
2822 601 2998 654 minus
3019 601 3271 656 adversus
3289 604 3576 673 Origenem
3602 607 3820 662 dictum
3847 622 3938 674 est.

2355 690 2480 741 etin
2513 692 2763 757 pmteriti
2786 693 2908 744 anni
2942 693 3173 759 Epistola
3198 696 3519 759 continetur,
3549 709 3605 752 et
3635 699 3759 754 hac
3787 718 3938 771 quam

2356 779 2517 831 modo
2546 781 2800 834 vertimus
2820 823 2834 845 ,
2866 783 3107 836 brevitati
3139 786 3358 840 studens
3378 829 3394 852 ,
3421 789 3608 844 dicere
3652 794 3810 859 plura
3844 813 3936 852 non

2359 869 2559 923 debuit.
2589 871 2759 925 Porro
2797 883 2981 926 contra
3007 875 3394 942 Apollinarium
3421 882 3699 936 succincta
3730 885 3868 941 ﬁdes
3892 900 3939 944 et

2360 977 2488 1029 pura
2531 963 2789 1031 professio
2833 979 2938 1017 non
2979 975 3126 1020 caret
3153 968 3443 1025 subtilitate
3469 972 3756 1029 dialectica
3780 1018 3796 1041 ,
3827 996 3937 1047 qua:

2360 1052 2725 1106 adversarium
2750 1067 2927 1120 suum,
2949 1066 3160 1110 extorto
3185 1057 3254 1112 de
3275 1062 3518 1116 inanibus
3542 1063 3666 1131 ejus
3689 1069 3935 1136 pugione.

2357 1141 2615 1195 confodit.

2426 1231 2479 1284 ι.
2511 1231 2675 1287 Orate
2699 1233 2858 1303 igitur
2882 1236 3185 1302 Dominum,
3211 1248 3270 1293 ut
3288 1241 3427 1307 quod
3449 1243 3501 1295 in
3523 1241 3721 1300 Grzeco
3749 1249 3933 1316 placet,

2357 1322 2408 1374 in
2437 1321 2624 1375 Latino
2655 1339 2757 1377 non
2789 1326 3088 1394 displiceat.
3118 1339 3174 1383 et
3206 1332 3347 1399 quod
3377 1343 3518 1387 totus
3543 1335 3746 1391 Oriens
3776 1343 3931 1394 mira-

2359 1419 2445 1462 tur
2472 1419 2524 1463 et
2548 1413 2819 1478 praedicat.
2851 1415 2972 1467 lano
3001 1417 3118 1469 sinu
3149 1417 3318 1472 Roma
3364 1423 3642 1490 suscipiat.
3676 1427 3934 1481 Praedica-

2361 1503 2558 1554 liouem
2586 1520 2793 1572 quoque
2820 1506 3088 1561 eatbcdra'
3115 1509 3274 1563 Marci
3305 1511 3661 1580 Evangelistze
3685 1521 3929 1573 cathedra

2360 1591 2498 1645 Petri
2547 1595 2785 1660 Apostoli
2833 1611 2926 1648 sua
2977 1599 3352 1665 prmdicatione
3406 1605 3713 1661 confirmet.
3766 1609 3932 1675 Qum-

2358 1696 2515 1747 quam
2545 1684 2740 1735 celebri
2769 1701 3016 1739 sermone
3041 1688 3306 1756 vulgatum
3337 1693 3438 1751 sit.
3473 1694 3689 1748 beatum
3733 1714 3932 1767 quoque

2360 1770 2554 1837 Papam
2587 1777 2942 1836 Anastasinm.
2977 1777 3165 1830 eodem
3194 1778 3423 1846 fervore,
3463 1786 3586 1850 quia
3613 1787 3810 1841 eodem
3839 1792 3933 1858 Spi-

2361 1861 2462 1912 ritu
2485 1872 2589 1924 est.
2620 1863 2888 1918 latitantes
2923 1867 2972 1918 in
3005 1866 3172 1922 foveis
3217 1871 3328 1923 suis
3359 1872 3647 1928 hzcreticos
3692 1893 3932 1944 persecu-

2359 1960 2492 2012 tum.
2527 1952 2748 2021 ejusque
2776 1955 2965 2010 littera:
2994 1956 3242 2024 doceant,
3273 1960 3344 2028 (c)
3364 1962 3674 2018 damnatum
3708 1967 3762 2019 in
3794 1968 3934 2022 0υοὶ-

2358 2038 2518 2094 dente
2540 2043 2679 2110 quod
2713 2044 2766 2096 in
2796 2044 3014 2100 Oriente
3035 2047 3344 2103 damnatum
3369 2063 3470 2105 est.
3501 2054 3586 2123 (ά)
3617 2054 3716 2109 Cui
3747 2062 3934 2114 multos

2359 2129 2715 2198 imprecamur
2743 2149 2912 2189 annos
2933 2177 2948 2199 ,
2975 2147 3033 2206 ut
3062 2137 3329 2195 bzcreseos
3367 2143 3602 2199 rediviva
3646 2149 3902 2216 plantaria
3921 2194 3933 2215 .

2359 2233 2454 2288 per
2487 2220 2625 2275 illius
2655 2224 2884 2278 studium
2932 2226 3089 2297 longo
3130 2240 3369 2300 tempore
3397 2235 3634 2290 arefacta
3657 2279 3674 2302 .
3706 2242 3932 2294 morian-

2361 2318 2464 2364 tur.

2797 2425 3127 2483 EPISTULA
3169 2430 3372 2486 XCVIII
3401 2433 3490 2505 (c).

2358 2536 2471 2576 ειιέ
2525 2541 2802 2581 raeorum
2857 2545 3204 2586 Αιεκιιωιιιιιι
3277 2552 3484 2590 ursas
3531 2538 3602 2607 (f)
3662 2557 3932 2600 rascnuts

2428 2631 2548 2670 ANNI
2568 2618 2694 2672 402.
2725 2636 2795 2673 ιι)
2820 2635 3006 2677 τοτιυε
3038 2640 3245 2680 sacrm
3271 2642 3543 2686 EPISCOPOS
3567 2644 3615 2684 s.
3641 2647 3932 2690 ιιιειοιηιο

2428 2721 2786 2762 INTEBPRBTB.

2359 2813 2536 2870 Primo
2557 2819 2812 2873 credentes
2848 2821 3079 2877 hortatur
3111 2827 3183 2880 ad
3220 2824 3536 2883 Dominicum
3576 2833 3791 2889 Pascha
3815 2840 3920 2892 ede-

2429 2909 2676 2964 brandum
2708 2928 2726 2963 :
2748 2913 2927 2966 deinde
2954 2915 3280 2983 Apollinarii,
3303 2923 3448 2974 tertio
3481 2921 3720 2988 Origenis
3750 2944 3932 2982 errem

2429 2999 2714 3069 impugnat,
2741 3019 2800 3056 ac
2819 3005 3026 3073 jugulat
3053 3023 3073 3060 :
3103 3021 3354 3077 postremo
3395 3013 3663 3071 hereticos
3682 3020 3756 3071 ad
3781 3023 3933 3089 paui-

2429 3092 2636 3143 tcntiam
2661 3093 2977 3150 cohortatur.

2436 3201 2488 3254 ί.
2519 3201 2754 3256 Primum
2786 3206 3141 3260 solemnitatis
3167 3221 3404 3290 augusta:
3430 3229 3612 3269 sermo
3639 3217 3853 3275 divinus
3875 3223 3931 3274 de

2358 3294 2614 3347 caelorum
2646 3296 2948 3362 regionibus
3001 3298 3163 3371 584
3203 3303 3424 3365 micans,
3454 3315 3505 3358 et
3527 3307 3819 3372 splendore
3845 3328 3930 3364 suo

2354 3384 2510 3450 juhar
2537 3385 2666 3438 solis
2693 3401 3043 3454 exsuperans,
3075 3392 3431 3446 clarissimum
3463 3400 3750 3453 animabus
3776 3417 3832 3454 se
3855 3404 3929 3454 de

2360 3475 2704 3528 siderantimn
2752 3478 2927 3532 lumen
2978 3479 3226 3535 infundit.
3264 3485 3504 3553 Cumque
3551 3489 3714 3557 pleno
3766 3496 3930 3547 cordis

2361 3563 2546 3616 intuitu
2583 3565 2759 3618 radios
2803 3567 2917 3634 ejus
2961 3571 3231 3638 quiverint
3256 3577 3558 3643 sustinere,
3590 3581 3657 3632 ad
3689 3583 3799 3650 ipsa
3824 3599 3928 3637 cte-

2359 3652 2507 3707 lestis
2544 3655 2842 3712 Jerusalem
2890 3659 3142 3717 interiora
3175 3669 3463 3732 penetralia
3486 3711 3501 3734 ,
3548 3682 3710 3741 atque
3735 3717 3752 3740 ,
3784 3686 3840 3729 ut
3868 3680 3927 3731 ita

2357 3742 2552 3806 dicam,
2584 3743 2774 3799 Sancta
2805 3758 3110 3804 sanctorum
3139 3768 3229 3806 cas
3267 3759 3546 3824 pertrahit.
3591 3761 3744 3819 Unde
3777 3767 3821 3819 si
3849 3784 3931 3821 vo-

2360 3830 2529 3884 lumus
2554 3833 2739 3889 salutis
2781 3851 2901 3892 esse
2943 3841 3258 3910 participes,
3293 3854 3349 3899 et
3390 3848 3732 3909 adluerentcs
3763 3859 3930 3911 studio

2357 3921 2648 3986 virtutum,
2693 3926 2987 3982 animarum
3029 3932 3150 3985 vitia
3183 3950 3443 4006 purgare.
3495 3952 3549 3994 et
3593 3945 3848 4016 quidquid
3885 3951 3927 4002 in

2359 4011 2512 4064 nobis
2541 4013 2776 4068 sordium
2805 4025 2906 4077 est.
2931 4018 3041 4087 jugi
3063 4019 3457 4092 Scripturarum
3487 4011 3837 4090 meditatione
3858 4039 3929 4090 di-

2359 4098 2544 4156 luere:
2585 4105 2734 4172 quasi
2776 4107 2877 4160 sub
2908 4110 3042 4163 sudo
3086 4125 3323 4180 apertam
3368 4118 3739 4178 doctrinarum
3767 4130 3930 4182 scien-

2358 4190 2482 4244 tiam
2530 4198 2993 4264 coutemplantes.
3048 4200 3364 4260 festinemus
3425 4223 3676 4277 superna:
3741 4216 3928 4270 laetitia:

2357 4279 2488 4335 festa
2514 4283 2825 4352 celebrare,
2858 4296 2913 4341 et
2949 4291 3173 4360 jungere
3213 4310 3310 4348 nos
3350 4297 3677 4368 Angelornm
3720 4306 3926 4371 ρΙιοΓεε.

2357 4370 2443 4422 tibi
2471 4384 2683 4425 corona:
2717 4385 2771 4428 et
2801 4379 3036 4443 praemia.
3068 4391 3121 4434 et
3145 4395 3289 4436 certa
3318 4386 3536 4441 victoria
3565 4401 3682 4453 est.
3719 4405 3772 4447 et
3797 4370 3930 4450 desié

2356 4458 2534 4512 derata
2583 4461 3027 4532 triumphantibus
3059 4472 3229 4538 palma
3276 4479 3604 4543 proponitur.
3647 4483 3756 4538 Nec
3785 4486 3931 4538 diffe-

2356 4565 2556 4616 ramus,
2588 4555 2913 4610 tumentibus
2941 4559 3118 4614 carnis
3147 4561 3395 4618 ﬂuctibus
3425 4567 3658 4634 liberati,
3686 4575 3827 4629 inter
3855 4578 3931 4630 di-

2421 4725 2873 4806 (‘cjnﬁecglfghquze
2901 4732 2958 4780 ad
2991 4735 3140 4795 ipsam
3165 4735 3709 4806 Anastasiqupiswlam
3746 4750 3838 4801 hac
3872 4754 3933 4802 de

2355 4799 2413 4834 re
2437 4799 2580 4863 supra
2613 4787 2857 4863 diximus;
2897 4787 3168 4863 quanquam
3197 4787 3330 4848 haud
3352 4787 3929 4863 άίῆιῖὲἇῖιῆἦῗ

2361 4847 2525 4925 verbis
2547 4847 3276 4925 nonsatiscottsiare,'illamne,
3300 4847 3933 4925 il.[aié'siﬁjiiiEiaiuB’iJéEFi

2362 4907 2505 4988 latin",
2531 4923 2588 4988 ait
2614 4914 2928 4985 posteriorem
2948 4907 3088 4964 aliam
3111 4907 3736 4988 machara;'iiiléii'i'géi

2421 4969 2497 5039 id)
2533 4968 2703 5029 Neque
2729 4974 2856 5020 enim
2879 4968 3929 5050 inualuerat-Hieronymoobitus.

2353 5029 2435 5099 qui
2463 5043 2523 5100 ex
2552 5042 3202 5105 eorunrqtmque.sententia
3221 5077 3234 5097 ,
3273 5029 3930 5105 qoi‘sﬁéios'liitrééoxif

2356 5091 2585 5159 vigesima
2611 5091 2813 5166 septima
2839 5091 3024 5166 Aprilis
3040 5098 3182 5166 hujus
3203 5091 3315 5166 anuli
3342 5091 3930 5166 402V

2660 5166 2736 5230 es.
2749 5153 2952 5230 ﬁnieram
2975 5157 3060 5230 lib.
3089 5153 3135 5216 τ,
3159 5174 3201 5230 c_.
3227 5164 3272 5230 9_.
3303 5172 3355 5212 et
3375 5153 3925 5230 alitiquisnﬁoi—iia-norniu

2351 5209 2636 5285 lzontilleum
2665 5214 2896 5285 catalogis
2931 5217 2990 5264 ad
3029 5209 3923 5285 superioris

2351 5271 2481 5320 dium
2506 5281 2580 5320 est
2605 5271 2911 5323 referendus.

2413 5331 2476 5453 ἕο)
2518 5333 2588 5380 Al.
2613 5347 2810 5383 numero
2833 5344 2983 5387 caret.
3007 5340 3194 5401 Scripta
3214 5357 3295 5392 an.
3320 5346 3429 5395 402.

2435 5393 2483 5451 Γ)
2519 5392 2571 5440 In
2596 5394 2900 5444 benedictio:
2935 5404 3224 5450 recensione
3249 5406 3427 5453 inscrib

2435 5392 2494 5463 Γ).
2519 5392 2571 5440 In
2596 5394 2900 5475 benedictio.
2935 5392 3229 5475 recensione
3249 5392 3525 5475 inscribitur
3548 5413 3688 5475 Liber
3711 5417 3892 5475 primus
3910 5457 3922 5472 .

2352 5458 2403 5526 et
2427 5454 2576 5526 primo
2597 5455 2874 5527 etiamdoco
2909 5461 3096 5527 ponitur
3122 5477 3183 5510 ex
3208 5463 3321 5527 falsa
3347 5454 3530 5519 cndicis

2351 5513 2660 5587 inscriptione
2684 5513 2952 5587 hujusmot'li
2981 5533 3046 5587 :_g
3073 5521 3239 5587 incipit
3263 5513 3923 5587 έρίέιόίὲῖβθέὲιιέιὶἶξ

2346 5573 2465 5684 ἓιιιιι
2492 5573 2826 5625 Alexandriin
2847 5580 2981 5650 urbis
3003 5573 3224 5653 Episcopi
3249 5573 3917 5662 prritna'fa-dut'o’t'in-sljéglj'm

2390 5645 2604 5684 DISCODOS
2641 5637 2704 5684 de
2738 5638 2904 5684 Gnaeo
2928 5654 2975 5684 lu
3008 5641 3223 5684 Latinum
3246 5658 3271 5684 ει
3299 5648 3444 5684 lmntn
3467 5652 3770 5684 "annum"...
3797 5669 3893 5684 ...-..

2346 5635 2604 5741 ﬁgigcopos
2641 5637 2704 5685 de
2738 5638 2904 5688 Graeco
2928 5641 2975 5689 in
3008 5635 3224 5692 Latinum
3246 5635 3273 5691 Ξι
3298 5635 3444 5698 beato
3467 5635 3919 5721 ﬁieFSAETaJir’JJI
