4054 6192
126 342 245 404 798

129 477 306 516 versa
334 463 687 533 voluptatum
717 460 836 516 hinc
863 459 984 516 inde
1015 460 1306 530 naufragia,
1333 459 1544 513 clavum
1570 470 1754 513 tenere

128 555 418 609 virtutum
441 597 460 622 ,
493 567 552 610 et
578 566 695 624 post
721 554 935 622 grandia
969 556 1132 608 maris
1169 553 1396 623 pericula
1430 553 1754 606 tutissimum

128 643 423 698 cmlorum
459 646 663 699 intrare
693 655 923 712 portum.

209 736 273 788 2.
308 737 686 802 Quamobrem
717 747 770 790 et
791 751 883 790 eos
903 779 918 801 ,
955 753 1089 807 quos
1117 753 1267 792 cassa
1299 738 1418 792 vitae
1445 737 1601 806 lmjns
1627 751 1753 790 cura

128 828 450 892 sollicitat,
481 838 542 883 et
579 828 748 882 instar
771 830 1107 884 frementium
1137 832 1407 899 gurgitum
1433 871 1447 891 ,
1477 830 1757 898 perturba-

129 918 358 972 tionum
423 919 696 988 profunda
749 924 1184 988 circumsonant,
1242 923 1394 992 quasi
1447 922 1515 977 de
1567 937 1756 975 somno

127 1007 292 1076 gravi
345 1011 663 1064 excitantes
689 1049 704 1077 ,
749 1010 816 1064 ad
856 1012 1130 1076 sapientiae
1163 1026 1510 1080 provocemus
1555 1010 1699 1063 lucra
1742 1027 1756 1065 :

127 1097 629 1168 ostendamusque
672 1100 750 1154 eis
799 1116 953 1156 veras
983 1101 1285 1155 divinorum
1329 1116 1580 1155 sensuum
1624 1100 1759 1154 divi-

129 1190 264 1255 tias,
299 1200 360 1244 et
396 1191 664 1261 inspirata
714 1202 913 1246 sanctae
955 1194 1283 1248 celebritatis
1321 1193 1509 1262 gaudia
1546 1207 1758 1261 :eoque

124 1280 326 1335 omnis
359 1281 862 1350 impnesentiarnm
912 1294 1215 1337 assumatur
1257 1284 1439 1348 labor,
1473 1292 1531 1337 ut
1582 1293 1635 1337 et
1666 1298 1758 1336 eos

124 1373 225 1438 qui
256 1372 563 1440 paululum
584 1374 908 1441 negligentes
925 1383 1070 1435 suat,
1090 1384 1142 1426 et
1164 1375 1518 1440 nosmetipsos
1543 1383 1757 1426 :eternte

125 1465 332 1533 glorise
367 1449 767 1534 przeparemns.
797 1464 950 1520 Unde
975 1475 1026 1518 et
1049 1467 1098 1518 iu
1123 1464 1428 1520 Proverbiis
1456 1464 1756 1533 indigentes

128 1568 308 1606 sensu
345 1553 418 1605 ad
457 1555 768 1608 convivium
797 1571 948 1609 suum
978 1555 1244 1624 Sapientia
1279 1569 1575 1624 provocans
1597 1597 1611 1616 ,
1643 1555 1756 1608 cla-

128 1646 297 1696 tnitat
333 1660 348 1696 :
393 1642 582 1698 Venite
600 1686 615 1708 ,
643 1647 886 1698 comedite
905 1647 966 1698 de
995 1647 1207 1712 panibus
1239 1647 1362 1700 meis
1385 1687 1400 1710 ,
1427 1655 1474 1698 et
1506 1644 1654 1699 bibite
1679 1645 1754 1697 vi-

131 1753 260 1787 uum
292 1735 445 1806 quod
480 1737 660 1788 miscui
699 1738 835 1790 vobis
877 1737 1055 1804 (Prov.
1086 1737 1160 1808 9).
1191 1737 1306 1790 Non
1344 1738 1485 1791 enim
1518 1738 1596 1790 sic
1645 1751 1755 1789 cm-

131 1827 247 1879 ltun
307 1827 466 1891 hoc,
519 1826 660 1896 quod
723 1828 1079 1897 suspicimus.
1132 1829 1410 1882 stellarum
1463 1829 1754 1880 illustratur

132 1917 358 1978 choris,
395 1933 504 1971 nec
535 1919 585 1970 iu
623 1926 824 1971 tantum
849 1919 926 1970 sol
958 1929 1008 1972 et
1044 1919 1187 1982 luna,
1221 1919 1327 1972 duo
1353 1918 1532 1972 nutndi
1555 1960 1568 1979 ,
1601 1926 1657 1971 ut
1684 1918 1752 1970 ita

131 2007 343 2069 dicam,
374 2008 668 2062 clarissimi
697 2009 864 2070 oculi,
901 2026 1124 2078 quorum
1156 2027 1314 2065 cursu
1344 2027 1514 2064 annus
1547 2011 1748 2064 evolvi-

137 2107 230 2150 tttr
249 2138 264 2159 ,
299 2107 361 2152 et
403 2098 781 2153 vicissitudine
809 2111 1047 2169 tempora
1075 2111 1469 2154 commutantur
1489 2143 1504 2165 ,
1545 2101 1750 2154 clarum

136 2188 306 2241 terris
333 2189 533 2242 lumen
566 2188 883 2254 infundunt,
929 2199 986 2244 ut
1032 2201 1212 2246 nostra
1244 2192 1556 2245 solemnitas
1584 2193 1754 2244 virtu-

136 2287 257 2331 tum
291 2279 476 2332 choro
509 2280 670 2350 fulget
697 2289 752 2336 et
794 2282 985 2336 radiat.
1014 2283 1182 2352 Cujus
1224 2285 1505 2340 thesauros
1531 2292 1586 2338 et
1613 2284 1752 2338 divi-

136 2371 243 2421 tias
270 2371 366 2438 qui
393 2381 660 2439 expetunt
691 2371 763 2444 [al
816 2374 1141 2446 expetentes),
1173 2390 1407 2430 eonsona
1432 2391 1554 2430 eum
1589 2377 1752 2431 David

135 2478 277 2516 voce
325 2463 626 2518 decantant
679 2483 692 2517 :
745 2465 871 2532 Quis
919 2467 1057 2519 dabit
1101 2468 1226 2520 nti/ti
1261 2485 1457 2538 pennas
1501 2469 1628 2522 sicut
1668 2485 1752 2522 co-

131 2555 380 2607 lumbis?
405 2564 459 2607 et
541 2555 702 2628 585
778 2555 957 2610 volabo
983 2568 1029 2611 et
1059 2560 1366 2628 requiescam
1395 2558 1414 2625 (
1442 2558 1584 2613 Psal.
1635 2560 1746 2632 54).

131 2647 619 2717 Exultantesque,
671 2659 724 2702 et
770 2650 1000 2719 quodam
1047 2649 1278 2718 tripudio
1327 2653 1654 2720 gestientes.
1697 2661 1753 2705 et

126 2738 282 2806 juxta
308 2738 459 2808 quod
496 2739 751 2809 scriptum
781 2748 864 2794 est
884 2782 899 2804 ,
939 2741 1134 2808 gaudio
1162 2740 1412 2796 ineffabili
1441 2743 1600 2796 corda
1632 2758 1750 2810 per-

134 2831 262 2894 fusi,
296 2846 534 2884 rursum
562 2832 832 2884 clamitant
867 2850 880 2886 :
917 2831 1038 2885 Non
1082 2833 1321 2887 habemus
1347 2833 1428 2886 Itic
1465 2845 1749 2887 manentem

135 2922 436 2986 civitatem,
478 2922 566 2974 sed
589 2923 810 2992 futuram
847 2923 1151 2992 inquirimus
1181 2923 1363 2995 (Hebr.
1402 2925 1488 2979 l5.
1524 2925 1629 2997 14),
1657 2940 1749 2979 cu.

134 3012 224 3080 jus
251 3013 456 3067 artifex
508 3021 560 3066 et
610 3010 899 3066 fabiicator
942 3023 1026 3066 est
1073 3014 1234 3070 Deus.
1281 3013 1355 3084 (a)
1389 3013 1575 3070 Sciunt
1602 3017 1746 3071 enim

138 3104 392 3156 omnium
423 3103 675 3156 laborum
702 3118 943 3165 suorum,
975 3105 1166 3172 quibus
1198 3105 1246 3157 iu
1291 3105 1393 3160 hoc
1418 3106 1616 3159 mundo
1650 3124 1748 3174 pu-

139 3202 342 3262 gnatur
368 3200 427 3246 et
452 3192 710 3254 curritur,
741 3192 876 3244 halm
899 3208 1018 3247 esse
1042 3197 1324 3262 repositam
1353 3212 1524 3263 ενι-ιιι,
1557 3205 1610 3248 et
1634 3196 1748 3252 lnrc

142 3288 194 3339 in
226 3288 414 3338 futuro
449 3285 666 3352 [irremia
707 3288 1026 3345 censtitnta,
1063 3301 1156 3354 pro
1192 3287 1385 3355 quibus
1421 3289 1562 3341 nulla
1613 3290 1750 3357 peri-

139 3379 265 3431 cula
301 3375 683 3439 formidantes,
716 3376 954 3444 quotidie
985 3379 1107 3429 vita:
1135 3393 1245 3431 sua:
1272 3394 1483 3431 cursum
1511 3377 1604 3450 [al.
1634 3397 1749 3432 cur-

142 3487 255 3522 sum
282 3469 468 3542 suum]
497 3469 756 3539 dirigunt,
789 3471 1161 3525 hmreticorum
1191 3473 1271 3527 vel
1298 3476 1529 3526 maxime
1561 3475 1747 3543 impie-

147 3572 312 3612 tatem
332 3601 350 3624 ,
375 3572 432 3614 et
466 3560 761 3616 tendiculas
788 3562 1114 3616 declinantes
1139 3603 1154 3628 ,
1195 3565 1386 3633 quibus
1413 3567 1541 3618 circi
1573 3581 1746 3620 carens

143 3650 354 3704 ducunt
379 3652 432 3703 in
465 3650 700 3716 foveam,
732 3663 786 3705 et
811 3655 960 3722 quasi
993 3655 1222 3722 quadam
1253 3666 1527 3710 veternosa
1559 3667 1614 3711 et
1644 3658 1745 3711 im-

147 3742 506 3796 mundissimo
535 3745 678 3798 carie
720 3744 1065 3814 deceptorum
1106 3748 1267 3802 corda
1300 3752 1693 3804 rommaculaut
1727 3768 1741 3805 :

149 3847 246 3884 nec
274 3832 376 3887 hac
408 3831 486 3905 (ὁ)
513 3835 657 3887 calce
681 3837 938 3897 contenti,
971 3837 1185 3890 intimas
1205 3837 1598 3907 Scripturarum
1631 3856 1746 3894 me-

146 3921 322 3976 dullas
367 3925 598 3988 bibunt,
650 3926 928 3979 veritatem
973 3926 1281 3995 dogtnatum
1347 3931 1464 3984 falsi
1512 3934 1745 3987 nominis

148 4014 379 4067 scientia
410 4015 856 4069 condemnantes.

219 4103 276 4156 3.
311 4103 469 4170 Quod
503 4104 806 4171 intelligens
850 4115 904 4158 et
953 4109 1254 4175 patriarcha
1295 4111 1495 4174 Jacob,
1545 4116 1740 4169 scalam

146 4195 326 4247 cernit
373 4195 426 4247 iu
472 4195 676 4248 somnis
699 4235 713 4257 ,
743 4195 894 4264 cujus
922 4210 1080 4265 caput
1118 4202 1449 4271 pertingehat
1475 4221 1642 4274 usque
1675 4211 1741 4262 ad

148 4289 346 4340 caelum
372 4328 387 4351 ,
421 4303 518 4358 per
554 4303 712 4356 quam
741 4287 969 4344 diversis
1003 4292 1255 4345 virtutum
1283 4296 1534 4363 gradibus
1561 4299 1626 4351 ad
1654 4316 1744 4352 su-

152 4391 316 4443 perna
348 4378 757 4443 conscenditur,
791 4388 844 4432 et
883 4381 1129 4436 homines
1162 4396 1536 4452 provocantur,
1569 4399 1740 4442 terra-

154 4480 270 4519 rum
301 4469 622 4524 deserentes
654 4469 868 4524 humilia
891 4512 906 4533 ,
933 4488 1053 4526 cum
1087 4475 1320 4530 Ecclesia
1351 4479 1740 4547 pritnizivorum

154 4555 441 4614 dominica:
487 4561 750 4628 passionis
779 4561 910 4616 festa
942 4565 1234 4620 celebrare.
1275 4567 1395 4621 Non
1424 4583 1516 4634 est,
1550 4574 1738 4642 inquit,

156 4646 250 4701 hoc
282 4652 380 4704 nisi
417 4651 598 4707 domus
630 4652 746 4716 Dei,
773 4665 822 4708 et
849 4655 956 4708 luet:
981 4667 1054 4710 est
1083 4669 1231 4727 porta
1253 4662 1365 4715 caeli
1392 4663 1594 4735 (Grues.
1624 4667 1735 4739 28).

157 4737 323 4802 Quam
357 4741 522 4796 David
547 4746 755 4798 acutius
785 4747 1017 4811 intuens,
1045 4759 1094 4803 et
1130 4761 1236 4804 tota
1266 4755 1515 4822 cupidine
1547 4737 1740 4813 mentis

161 4826 473 4897 inquirens,
505 4834 844 4906 ratioaesque
886 4837 1042 4907 hujus
1083 4841 1290 4896 itineris
1327 4847 1739 4915 cogitationibus

161 4925 396 4972 tractans
421 4960 436 4983 ,
469 4933 524 4976 et
559 4929 706 4992 quasi
753 4931 982 4996 pretiosa
1030 4933 1295 5002 pigmenta
1338 4937 1526 4992 fortius
1554 4948 1737 4997 terens

161 5015 322 5074 atque
347 5013 734 5081 eomminuens,
764 5028 821 5072 ut
841 5022 1141 5076 suavissimi
1172 5026 1276 5079 late
1299 5027 1478 5081 odoris
1499 5031 1739 5101 fragran-

165 5095 234 5148 tia
257 5112 587 5168 spargerent.
606 5105 670 5156 ad
700 5110 1086 5166 solemnitatem
1119 5127 1370 5182 provocat
1401 5095 1731 5191 festinantes,

164 5187 344 5242 dicens
378 5209 392 5245 :
425 5195 628 5264 Aperite
662 5199 788 5250 milii
822 5214 990 5268 portas
1022 5207 1274 5276 justitiae,
1319 5221 1364 5263 et
1400 5213 1654 5281 ingressus
1683 5219 1734 5270 in

162 5293 246 5331 eas
284 5283 555 5352 conﬁtebor
595 5286 811 5342 Domino
840 5307 860 5343 :
888 5293 994 5346 lucc
1037 5306 1108 5350 est
1147 5309 1294 5367 porta
1339 5301 1580 5369 Domini,
1605 5307 1736 5375 justi

334 5430 1111 5517 ltameqte‘ndavimus-conjectura
1148 5451 1344 5510 quidem
1381 5455 1605 5517 adducti,
1646 5464 1736 5512 sed

163 5494 578 5571 illiiltlLijtéadelpoi
617 5503 860 5571 seinteutia
888 5494 1130 5568 postulat;
1152 5494 1605 5571 iiiiﬁ'ijiio'tiwéiftéé

165 5552 290 5633 sicut
309 5553 354 5598 in
381 5552 514 5603 libris
535 5560 758 5633 omnibus
776 5599 790 5623 ,
816 5552 1016 5614 seusutu
1041 5552 1138 5617 uoti
1153 5552 1604 5630 'iiiiialiitﬁtiliit?"
1630 5552 1732 5633 illi

169 5619 365 5682 penitus
378 5621 631 5682 evertebat
641 5656 654 5670 .

227 5670 755 5758 (Qnierosimillimum
785 5692 862 5758 est:
885 5688 1023 5758 nobis
1062 5690 1195 5740 carie
1221 5706 1388 5746 vocem
1409 5692 1526 5754 heic
1557 5707 1736 5758 lterum

168 5738 473 5788 reoetendam
495 5746 580 5790 oro
602 5742 750 5804 calce,
775 5747 862 5796 sed
887 5738 984 5800 non
1008 5738 1330 5805 immolemus:

1544 345 1872 404 EPISTULA
1913 343 2137 403 XCVIII.

3345 367 3447 426 794

1863 457 2118 511 intrabunt
2146 475 2237 528 per
2264 477 2375 513 eam
2404 460 2574 535 (Psat.
2613 463 2754 536 H7).
2782 465 2896 521 Non
2928 478 3008 523 est
3036 486 3201 543 ergo,
3232 490 3338 532 non
3366 490 3449 536 est

1862 545 2238 601 luereticorum
2272 551 2373 602 ulla
2394 553 2742 607 Solemuitas:
2777 571 2874 610 nec
2901 560 2988 626 qui
3017 576 3202 616 errore
3235 567 3444 638 decepti

1861 649 2005 705 sunt,
2033 641 2174 693 illitis
2201 655 2424 710 possunt
2449 649 2823 703 comnmnione
2853 651 3042 704 laetari.
3072 653 3339 724 Scriptum
3363 675 3445 717 est

1861 729 2003 780 enim
2025 770 2038 788 .
2074 729 2136 783 Si
2174 730 2333 784 bestia
2374 736 2587 803 tetigerit
2619 748 2876 803 montem,
2919 743 3230 810 lapidabitur
3255 747 3439 819 (Hebr.

1864 815 1948 868 12.
1992 816 2102 888 20).
2153 819 2333 889 Neque
2371 826 2665 877 οωΙρδιίιιηι
2715 841 2936 893 possunt
2984 835 3222 902 recipere
3262 815 3444 894 saera-

1863 917 2039 958 menta
2085 908 2370 963 verborum
2398 953 2411 972 ,
2444 914 2531 980 qui
2576 913 2770 970 divinis
2815 918 3069 973 Ecclesize
3109 925 3446 994 dogmatibus

1859 996 2252 1051 Contradirunt.
2284 999 2431 1054 Totis
2458 1002 2638 1073 itaque
2681 1005 2883 1061 viribus
2908 1011 3112 1066 animas
3144 1028 3353 1072 nostras
3379 1020 3445 1074 ab

1861 1087 2004 1139 omni
2036 1091 2354 1158 contagione
2401 1106 2722 1162 purgantes,
2754 1099 2942 1166 dignas
2970 1105 3290 1172 celebritati,
3324 1128 3444 1177 qua:

1862 1174 2124 1242 imminet,
2159 1195 2539 1248 prtepatcmus,
2573 1196 2628 1239 ut
2671 1190 2934 1254 possimus
2972 1209 3091 1247 cum
3120 1199 3321 1252 sanctis
3349 1217 3443 1255 ca-

1860 1281 1990 1322 nere
2024 1287 2036 1320 :
2075 1269 2211 1323 Deus
2241 1272 2506 1338 Dominus,
2539 1288 2585 1330 et
2894 1284 3061 1337 illuxit
3083 1288 3224 1342 nobis
3252 1287 3271 1362 (
3295 1289 3438 1345 Psal.

1860 1359 2003 1433 117).
2039 1363 2112 1417 De
2138 1379 2240 1433 qua
2271 1375 2326 1420 et
2366 1368 2501 1422 alius
2547 1370 2813 1440 Pmpheta
2854 1379 3099 1431 conscius
3141 1359 3440 1439 futurorum

1861 1455 2080 1522 mystica
2109 1470 2241 1509 voce
2272 1466 2500 1513 testatur
2529 1477 2542 1512 :
2570 1459 2639 1533 (ι’)
2682 1466 2954 1532 Apparebit
2985 1466 3236 1524 Dominus
3266 1474 3317 1526 in
3347 1475 3438 1538 eis,

1859 1551 1904 1592 et
1925 1542 2176 1611 disperdet
2197 1562 2371 1600 omnes
2391 1549 2511 1602 deos
2534 1550 2765 1606 Gentium
2791 1554 2981 1626 (Sapit.
3003 1559 3058 1611 2.
3087 1560 3192 1631 Η).
3216 1563 3440 1629 Quando

1858 1632 2017 1683 verba
2067 1633 2118 1684 in
2169 1649 2331 1702 opera
2379 1651 2704 1694 counnutata
2754 1654 2914 1709 sunt,
2956 1655 3011 1700 et
3056 1650 3438 1718 ambigentium

1857 1721 2027 1774 oculis
2063 1738 2242 1776 rerum
2295 1728 2489 1781 veritas
2530 1730 2948 1799 demonstratur,
2991 1736 3066 1808 (tl)
3108 1751 3164 1793 ut
3196 1759 3290 1808 per
3319 1743 3438 1796 effl-

1856 1810 2103 1863 cientiam
2135 1826 2344 1878 eorum,
2377 1832 2494 1884 qum
2527 1819 2778 1885 pr.t~dicta
2807 1833 2951 1890 sunt,
2985 1828 3269 1882 verborum
3302 1835 3441 1885 veri-

1857 1908 1937 1952 tas
1973 1904 2433 1971 comprobaretur,
2475 1908 2715 1963 victoria:
2753 1927 2866 1966 suae
2911 1929 3008 1969 nos
3055 1917 3163 1971 Deo
3209 1919 3440 1978 faciente

1856 1990 2161 2060 participes,
2205 2004 2263 2046 ut
2300 2005 2356 2049 et
2395 1998 2749 2055 solemnitatis
2794 2005 3058 2071 possimus
3090 2021 3211 2063 cum
3237 2013 3438 2067 sanctis

1856 2077 2055 2134 habere
2082 2085 2436 2151 consortium,
2467 2097 2522 2140 et
2551 2088 2773 2144 illustris
2800 2092 2917 2161 ejus
2942 2096 3201 2151 adventus
3237 2115 3436 2168 prteco-

1856 2171 1940 2226 nia
1972 2171 2333 2241 frequentare.
2367 2177 2574 2232 Etenim
2602 2182 2743 2250 quod
2766 2184 2942 2238 omnis
2973 2195 3116 2241 terra
3144 2192 3302 2245 variis
3325 2192 3438 2247 fue-

1855 2270 1938 2314 rat
1978 2263 2246 2318 illecebris
2275 2266 2596 2336 depravata,
2629 2272 2853 2327 virtutes
2879 2277 3152 2332 astimans
3186 2281 3310 2336 vitia
3336 2324 3351 2348 ,
3383 2292 3438 2338 et

1853 2367 1884 2406 e
1909 2357 2178 2408 contrario
2208 2359 2331 2411 vitia
2362 2360 2621 2426 virtutes,
2651 2363 2775 2417 dum
2808 2365 3138 2423 inolescente
3173 2379 3432 2441 tempore,

1853 2448 2290 2502 consuetudinem
2314 2452 2485 2520 legem
2517 2465 2727 2522 putaret
2751 2454 2842 2528 [:tl.
2871 2457 3033 2532 putat]
3061 2476 3180 2516 esse
3206 2474 3429 2532 naturte,

1852 2547 1907 2590 et
1937 2540 2210 2604 tyrannica
2242 2542 2491 2610 superbia
2535 2546 2699 2614 iniqui
2745 2563 3129 2615 prtecesserant
3152 2595 3169 2618 ,
3196 2565 3249 2608 et
3276 2572 3430 2610 men-

1851 2628 2060 2683 dacium
2104 2641 2342 2700 tempore
2389 2637 2704 2691 roborarant
2735 2637 2828 2710 [aL
2873 2644 3220 2717 roborarent],
3252 2657 3428 2715 patres

1851 2730 1904 2773 et
1934 2722 2172 2788 magistri
2203 2725 2443 2779 veritatis
2474 2729 2799 2796 putabantur
2834 2751 2846 2785 :
2880 2734 3020 2788 unde
3049 2737 3314 2792 acciderat
3336 2736 3431 2810 [aL

1852 2811 2134 2883 acciderit],
2169 2822 2224 2864 ut
2253 2813 2525 2868 hominum
2554 2831 2706 2872 error
2742 2821 3083 2889 incresceret,
3112 2837 3162 2880 et
3193 2829 3243 2880 in
3275 2829 3432 2884 ritum

1852 2899 2129 2955 brutorum
2175 2905 2484 2959 animalium
2529 2909 2678 2962 utilia
2722 2913 3057 2975 nescientes,
3097 2917 3436 2985 despicerent

1853 3003 2037 3047 verum
2072 3004 2338 3063 pastorem
2371 2998 2673 3055 Dominum.
2703 3016 2764 3054 ac
2797 3003 2972 3059 furore
3003 3009 3218 3076 raptati,
3253 3020 3436 3081 tyran-

1850 3099 1948 3136 nos
1975 3095 2024 3136 et
2052 3085 2321 3154 principes
2349 3088 2589 3143 colerent
2619 3092 2769 3160 qnasi
2799 3095 2929 3148 deos
2951 3138 2964 3159 ,
3011 3097 3431 3158 imbecillitatem

1850 3192 1998 3230 suam
2039 3181 2098 3232 in
2147 3182 2387 3251 ejusdem
2435 3197 2639 3241 natura:
2687 3189 2994 3247 hominibus
3031 3209 3430 3256 consecrantes.

1852 3267 1952 3321 Per
1995 3285 2113 3340 qua:
2158 3275 2472 3341 eveniebat,
2516 3289 2572 3331 ut
2620 3295 2858 3349 pra'sens
2903 3286 3198 3353 periculum
3245 3293 3434 3346 mortis

1848 3357 2166 3427 rtl'ngerent,
2196 3373 2250 3416 et
2279 3367 2633 3423 conciliarent
2659 3372 2763 3425 sibi
2800 3389 2915 3440 eos,
2944 3392 3171 3446 quorum
3198 3382 3432 3437 clemen-

1850 3450 1918 3502 tia
1945 3452 2264 3508 crudelitale
2291 3458 2485 3513 sazvior
2509 3472 2647 3515 erat.

1916 3543 1969 3596 4.
2000 3542 2202 3597 Idcirco
2231 3550 2480 3604 omnibus
2505 3567 2692 3608 errore
2721 3556 2976 3624 seductis,
3006 3559 3076 3631 (c)
3109 3563 3291 3619 virens
3319 3580 3434 3622 ser-

1849 3646 1937 3682 mo
1983 3633 2072 3687 Dei
2118 3635 2168 3687 in
2215 3640 2467 3692 auxilium
2515 3654 2753 3698 nostrum
2797 3649 2942 3703 venit
2974 3649 3040 3704 ad
3073 3663 3280 3722 terras,
3311 3673 3432 3727 quae

1847 3721 2159 3789 ignorabant
2203 3728 2402 3781 cultum
2451 3728 2579 3797 Dei,
2606 3744 2662 3787 et
2688 3737 2928 3791 veritatis
2965 3721 3304 3799 solitudinem
3330 3721 3430 3802 su-

1846 3813 2137 3868 stiuebaut.
2171 3815 2333 3883 Cujus
2362 3821 2438 3872 rei
2472 3823 2624 3875 testis
2651 3835 2732 3877 est
2762 3827 2851 3878 ille
2885 3829 2974 3893 qui
3005 3831 3236 3898 loquitur
3263 3854 3277 3885 ;
3309 3836 3433 3888 0m-

1847 3918 1933 3954 ues
1960 3904 2297 3970 deliquerunt,
2330 3909 2482 3961 simul
2509 3911 2712 3965 inutiles
2743 3916 2867 3982 facti
2893 3916 3065 3983 (liam.
3097 3918 3172 3990 ὅ).
3207 3921 3271 3975 Et
3302 3923 3432 3979 Pro-

1848 3990 2020 4059 phetze
2043 3993 2244 4047 Christi
2268 3997 2526 4050 auxilium
2555 4001 2907 4068 deprecantes
2935 4021 2948 4057 :
2980 4006 3210 4075 Domine,
3241 4014 3432 4068 inclina

1848 4091 1958 4132 tuos
1987 4082 2175 4142 caelos,
2216 4094 2263 4135 et
2306 4086 2549 4142 descende
2578 4089 2746 4158 (Psul.
2782 4095 2928 4164 145).
2957 4097 3070 4152 Non
3112 4111 3165 4154 ut
3202 4113 3432 4160 mutaret

1849 4169 1986 4233 loca,
2019 4172 2069 4224 in
2099 4188 2205 4240 quo
2231 4180 2408 4228 omnia
2441 4192 2584 4245 sunt,
2619 4184 2712 4237 sed
2747 4195 2798 4238 Ill
2830 4198 3045 4257 propter
3069 4179 3298 4248 saluten't
3331 4214 3427 4250 no-

1847 4270 2035 4324 stram,
2061 4277 2276 4316 carnem
2309 4265 2554 4322 humana:
2586 4273 2882 4342 fragilitatis
2912 4295 3230 4348 assumeret,
3266 4285 3429 4340 Paulo

1846 4351 2031 4405 eadem
2061 4355 2378 4411 concinente
2402 4373 2417 4411 :
2445 4358 2569 4413 Cum
2596 4373 2722 4417 esset
2752 4365 2920 4432 dives,
2955 4388 3048 4439 pro
3072 4375 3211 4427 nobis
3237 4393 3430 4446 pauper

1845 4445 2010 4513 factus
2033 4453 2107 4497 est
2133 4485 2146 4505 ,
2179 4456 2232 4498 ut
2273 4465 2364 4502 nos
2402 4451 2541 4505 illius
2582 4467 2879 4525 paupertate
2905 4463 3082 4518 divites
3107 4445 3369 4525 essemus!
3380 4473 3398 4523 ί
3417 4511 3429 4524 .

1845 4532 1962 4585 Cor.
1993 4533 2068 4606 8).
2114 4534 2376 4606 Vt-ttitque
2417 4541 2468 4595 in
2514 4554 2720 4611 terras,
2751 4557 2804 4602 et
2845 4549 2912 4605 de
2953 4554 3192 4622 virginali
3239 4566 3428 4620 utero,

1843 4638 2000 4690 quem
2031 4626 2405 4689 sanctiﬁeavit.
2437 4646 2686 4702 egressus
2715 4637 2894 4704 homo,
2928 4643 3005 4712 (Ῑ)
3028 4644 3424 4712 interpretatio—

1844 4731 1964 4770 nem
1994 4720 2224 4774 nominis
2254 4720 2334 4775 stti
2368 4722 2666 4782 ΕιιιιΑΝυει.
2685 4769 2702 4794 ,
2732 4730 2783 4782 id
2819 4742 2930 4794 est,
2964 4736 3218 4788 nobiscum
3250 4735 3386 4790 Deus
3408 4779 3424 4799 ,

1842 4807 2242 4876 dispensatione
2272 4817 2596 4872 confirmans
2621 4859 2635 4880 ,
2671 4821 2861 4874 mirum
2908 4823 2960 4875 in
3009 4831 3225 4878 modum
3267 4830 3426 4895 C(Bpil

1841 4912 1962 4953 esse
1982 4901 2120 4967 quod
2147 4916 2242 4956 nos
2263 4917 2470 4971 smnus,
2493 4919 2546 4960 et
2571 4921 2674 4960 non
2696 4909 2888 4963 desivit
2945 4912 3104 4983 587
3142 4929 3263 4970 esse
3284 4919 3424 4985 quod

1843 4987 2058 5043 fuerat:
2088 4993 2167 5046 sic
2205 5008 2486 5050 assumens
2538 5006 2781 5052 naturam
2829 4999 3117 5056 humanam
3140 5046 3156 5070 ,
3201 5015 3256 5058 ut
3285 5011 3426 5075 quod

1841 5088 1957 5132 erat
2001 5080 2114 5147 ipse
2160 5096 2267 5134 non
2318 5083 2590 5150 perderet.
2635 5087 2948 5159 Quanquam
2989 5094 3130 5147 enim
3191 5095 3427 5151 Joannes

1905 5231 1975 5291 (ο)
2009 5231 2080 5313 EI
2106 5233 2273 5315 91⁸3⁵ρο
2289 5239 2551 5315 Eat-quvis“?
2573 5255 2688 5315 ιύρεςς
2711 5257 2767 5315 .ls'
2784 5255 2928 5304 εἴηὼς,
2949 5260 3009 5298 καὶ
3030 5260 3270 5315 ξομ-δρώσῃ
3289 5268 3425 5315 πάντας

1839 5304 1922 5348 τοὺς
1945 5305 2055 5350 om;
2077 5311 2148 5343 τῶν
2180 5308 2295 5368 tosta
2332 5303 2838 5368 proquihus'Vulgata
2865 5321 2876 5355 :
2905 5303 3168 5362 tlorribt'lt's'
3197 5303 3426 5368 Datianus

1839 5365 1985 5420 super
2009 5367 2123 5420 eos,
2147 5363 2205 5420 et_
2217 5362 2474 5409 διωρίσθη
2497 5375 2660 5414 omnes
2687 5362 2804 5415 uiros
2827 5373 2990 5420 terrae.

1910 5411 1980 5499 )
1992 5415 2081 5499 ἒ
2090 5416 2248 5499 ἐξὲξ..
2255 5426 2448 5499 alisque:
2463 5429 2524 5499 ut
2543 5411 2708 5499 vocula
2730 5411 2884 5478 311.6}
2903 5411 2995 5493 ᾖ)ῖό
3016 5437 3422 5499 comprobaretur,

1840 5471 1978 5544 forte
1992 5478 2300 5544 scribendum
2325 5471 2402 5530 est
2423 5471 2772 5544 corripi-oboritur.

1869 5594 1881 5604 ν
1903 5535 1972 5614 (el)
2015 5537 2195 5614 Grzece
2225 5552 2406 5614 nempe
2439 5535 2624 5614 est'cay
2649 5535 2811 5614 saepe,
2833 5553 2918 5614 qui
2961 5563 3038 5605 est
3075 5556 3294 5609 Christus
3330 5560 3427 5611 Dei

2312 5593 2520 5683 vulgatis

1842 5656 2084 5724 houtiues,
2111 5661 2198 5708 sed
2224 5656 2625 5716 verius'rel'ertur
2649 5656 2908 5724 adterrrajs.

1845 5718 1976 5839 @212
2013 5719 2172 5769 Antea
2204 5733 2326 5778 erat,
2351 5718 2790 5798 ittterpretatiouetii
2812 5718 2931 5800 ιςῙᾸῖ,
2957 5740 3145 5806 absque
3185 5744 3390 5794 nonsatis
3406 5780 3423 5804 ,

1998 5793 2060 5832 ex
2085 5783 2144 5832 Β.
2174 5783 2228 5830 Ρ.
2256 5787 2616 5834 suadet-arces.-

1998 5793 2060 5832 οἷ
2085 5783 2144 5832 Br
2174 5783 2228 5830 Po
2256 5783 2616 5834 ςωὲὶξιιάξτέλ.
2720 5783 2725 5784 ⁷
2775 5783 2782 5784 ί
2825 5783 2840 5786 ⁷
2882 5783 2893 5786 “
2916 5783 2931 5800 '
2960 5783 3145 5806 ’Ἦν-νην
3186 5783 3387 5794 --ν---π-νν
3406 5783 3423 5804 ι
3456 5835 3458 5837 μ
