4054 6192
668 327 771 384 795

669 436 911 493 seribat:
953 430 1164 486 Verbum
1203 438 1320 478 caro
1364 426 1553 490 factum
1591 425 1663 471 est
1708 412 1885 485 (Joan.
1931 411 2015 478 ί),
2059 408 2108 460 itl
2155 416 2237 461 est

669 528 789 582 aliis
816 522 1011 583 verbis,
1043 517 1207 570 Homo
1230 530 1249 578 ;
1280 522 1455 565 tamen
1485 525 1590 561 non
1612 515 1695 559 est
1718 518 1902 557 versus
1925 503 1975 553 itt
1999 512 2238 561 carnem,

668 618 790 689 quia
837 623 1100 678 ntmquam
1135 604 1275 657 Deus
1304 615 1424 655 eSse
1453 598 1703 652 cessavit.
1737 594 1815 647 Ad
1856 606 2012 659 quem
2039 598 2090 641 et
2119 602 2242 638 san-

668 678 783 759 ctus
811 700 1039 769 loquitur
1069 694 1229 747 David
1260 711 1272 745 :
1302 691 1376 743 Tu
1398 700 1565 741 autem
1596 689 1701 756 ipse
1729 702 1781 737 es
1804 681 1972 752 (Psal.
2006 680 2147 746 101).
2175 678 2241 731 Et

668 798 824 849 Pater
864 792 930 843 de
975 788 1115 844 cwlo
1153 794 1517 841 con'estatttr,
1564 791 1615 832 et
1658 778 1785 829 dicit
1817 796 1828 825 :
1856 773 1935 827 Tu
1977 788 2028 824 es
2078 770 2241 823 Filius

664 903 799 939 mem
825 883 1055 943 dilectus,
1084 880 1133 930 in
1159 893 1256 940 quo
1284 874 1404 925 milii
1434 872 1554 923 bene
1582 866 1865 935 romplacui
1890 864 2039 933 (Luc.
2070 859 2142 929 2).
2175 857 2243 913 Ut

664 989 710 1028 et
741 979 897 1025 linum
921 973 1086 1022 l'artns
1113 982 1291 1019 nostra
1332 962 1671 1017 confessione
1701 970 2016 1029 permanere
2037 953 2243 1004 dicatur

663 1065 800 1133 quod
852 1062 945 1115 fuit
992 1061 1295 1129 priusquam
1339 1055 1499 1105 homo
1530 1054 1713 1111 lieret,
1762 1046 1925 1099 Paulo
1964 1043 2239 1094 nobiscum

667 1131 854 1206 eadem
896 1149 1216 1217 ptzrtlicattle
1250 1162 1263 1195 :
1291 1141 1444 1194 Iesus
1472 1141 1699 1192 Christus
1728 1138 1835 1188 lteri
1866 1143 1909 1187 et
1941 1132 2108 1195 hodie,
2137 1131 2242 1198 ipse

664 1254 709 1295 et
745 1245 795 1293 iu
831 1252 1070 1292 tt'ternum
1099 1235 1279 1303 (Hebr.
1320 1234 1429 1302 15).
1459 1230 1515 1284 In
1544 1246 1609 1283 eo
1638 1228 1780 1282 enim
1820 1224 1959 1291 quod
1991 1225 2083 1286 ait,
2114 1222 2237 1290 ipse,

666 1331 899 1386 ostendit
931 1331 1077 1383 illtttu
1119 1326 1398 1395 pristinatn
1432 1340 1536 1376 non
1567 1331 1803 1374 mutasse
1830 1328 2110 1379 naturam,
2144 1328 2244 1367 nec

665 1424 963 1476 divinitatis
993 1436 1104 1473 sua:
1141 1418 1476 1473 imminuisse
1505 1415 1713 1467 divitias
1736 1453 1751 1475 ,
1783 1410 1872 1480 qui
1905 1418 2121 1478 propter
2147 1419 2243 1457 nos

666 1529 868 1584 pauper
885 1511 1132 1574 ell'ectns,
1167 1510 1374 1577 plenam
1403 1504 1804 1560 similitudinem
1832 1511 2030 1555 nostra:
2055 1496 2243 1550 condi-

668 1604 829 1659 tionis
876 1608 1258 1668 assumpsi-rat.
1300 1599 1377 1651 lix
1422 1597 1581 1650 tantis
1625 1605 1679 1648 et
1725 1594 1914 1645 talibus
1955 1586 2246 1653 assumpsit

669 1695 976 1756 hominem,
1006 1692 1262 1744 duntaxat
1306 1689 1506 1756 absque
1551 1694 1802 1754 peccato,
1834 1698 1899 1734 ex
1941 1679 2154 1749 quantis
2192 1686 2245 1730 et

666 1785 915 1855 qualibus
941 1798 1039 1835 nos
1066 1797 1253 1834 omnes
1281 1779 1444 1833 creati
1487 1793 1692 1841 sumus,
1723 1791 1826 1828 non
1858 1790 1920 1826 ex
1951 1780 2118 1840 parte,
2150 1768 2243 1821 sed

668 1886 832 1935 totus.
867 1876 1119 1929 Mediator
1150 1872 1239 1925 Dei
1266 1881 1310 1924 et
1349 1870 1603 1923 hominum
1623 1910 1637 1931 ,
1668 1868 1816 1919 Itonia
1843 1865 2069 1916 Christus
2093 1861 2245 1914 Jesus

670 1966 745 2037 (Ι.
784 1965 919 2020 Tim.
945 1964 1000 2019 2.
1032 1962 1107 2035 5),
1149 1963 1433 2029 nulloque,
1465 1958 1604 2028 quod
1651 1966 1846 2010 nostra:
1886 1950 2245 2007 similitudinis

669 2070 779 2123 est,
811 2058 1013 2117 caruit,
1051 2056 1151 2108 nisi
1194 2054 1308 2107 solo
1350 2062 1565 2119 peccato
1603 2046 1677 2120 (ιι)
1712 2047 1851 2117 qttod
1894 2043 2242 2099 substantiam

669 2167 773 2203 non
818 2148 1019 2202 habet:
1051 2161 1226 2215 neque
1264 2145 1405 2198 enim
1454 2142 1739 2195 inanimam
1779 2153 1993 2193 carnem
2026 2136 2243 2202 habuit,

670 2252 722 2294 et
752 2256 845 2308 pro
871 2240 1047 2291 anima
1081 2235 1320 2290 rationali
1366 2234 1478 2302 ipse
1513 2232 1564 2285 in
1592 2246 1655 2284 ea
1686 2232 1823 2283 Dens
1849 2227 2082 2281 Verbum
2115 2224 2241 2288 fuit,

667 2333 803 2385 sicut
842 2327 1190 2381 dormitantes
1222 2324 1548 2392 Apollinaris
1588 2320 1831 2389 discipuli
1880 2320 2238 2385 sustiieantur.

666 2420 774 2475 Nec
798 2419 983 2474 dicens
1011 2417 1138 2471 illttd
1170 2418 1221 2470 in
1256 2415 1542 2483 Evangelio
1570 2432 1583 2466 :
1615 2411 1767 2465 Nunc
1793 2411 1963 2463 aninta
1994 2426 2102 2461 mea
2129 2418 2239 2460 tur-

667 2513 784 2565 bata
810 2521 879 2564 est
904 2510 1114 2578 (Matth.
1141 2507 1233 2562 26.
1262 2506 1373 2570 38),
1401 2506 1731 2559 divinitatem
1772 2518 1921 2556 suam
1959 2500 2243 2569 perturba-

670 2604 798 2657 tioni
846 2601 1176 2666 subjacuisse
1220 2607 1443 2650 testatur
1472 2594 1564 2669 [aL
1596 2591 1841 2665 testetur].
1871 2591 2013 2662 quod
2050 2605 2243 2643 conse-

666 2706 837 2759 quens
871 2699 954 2745 est
989 2705 1084 2744 eos
1123 2688 1339 2752 dicere,
1368 2687 1456 2755 qui
1498 2700 1595 2754 pro
1620 2684 1794 2736 anima
1827 2681 2159 2735 divinitatem
2193 2678 2242 2730 in

668 2797 893 2850 corpore
937 2781 1053 2849 ejus
1094 2778 1257 2833 fuisse
1299 2777 1663 2838 contendunt;
1702 2790 1800 2828 nec
1836 2788 2047 2827 rursum
2076 2771 2242 2824 solam

668 2873 900 2925 animam
933 2870 1035 2925 sibi
1076 2871 1304 2928 sncians.
1335 2879 1640 2936 susceptum
1684 2866 1920 2933 implevit
1953 2863 2242 2924 hominem,

670 2979 735 3015 ne
761 2978 824 3016 ex
855 2959 1199 3015 similitudine
1222 2959 1397 3012 carnis
1415 2968 1547 3012 etex
1567 2954 2002 3009 diSsimilitndine
2028 2953 2242 3019 animae,

668 3052 859 3105 media:
890 3049 1272 3119 assmnptionis
1300 3047 1752 3117 dispensationem
1786 3044 2033 3112 implesse
2059 3042 2247 3096 creda-

669 3149 799 3195 tur:
835 3141 886 3194 in
915 3156 1077 3195 carne
1122 3140 1289 3194 nostri
1338 3138 1530 3193 similis
1570 3138 1839 3201 existens,
1885 3143 1939 3188 et
1977 3135 2243 3201 inanima

670 3231 1112 3287 irrationabiliutn
1150 3232 1513 3299 jmnentorum
1533 3270 1547 3293 ,
1580 3229 1622 3283 si
1654 3238 1828 3283 tamen
1858 3226 2147 3281 secundum
2179 3225 2246 3278 il-

666 3322 769 3387 los,
797 3321 1175 3375 irrationabilis
1197 3332 1248 3374 et
1274 3320 1476 3388 absque
1499 3329 1676 3373 mente
1698 3334 1759 3371 ac
1782 3334 1941 3372 sensu
1964 3327 2048 3371 est
2071 3317 2246 3370 anima

668 3412 958 3467 Salvatoris
979 3452 993 3474 ,
1034 3411 1173 3479 quod
1222 3394 1439 3478 impium
1477 3418 1559 3463 est
1585 3410 1839 3474 credere,
1872 3416 1927 3461 et
1971 3408 2152 3476 procul
2182 3409 2248 3460 ab

672 3504 1044 3558 Ecrlesiastica
1071 3500 1194 3565 lide,
1224 3516 1290 3552 ne
1319 3500 1557 3566 protinus
1582 3500 1672 3552 illo
1698 3499 2024 3567 percutiatur
2050 3499 2244 3567 elogio,

670 3610 778 3663 quo
804 3593 1059 3661 l'ropbeta
1083 3590 1737 3660 corripitdelinqttentem,
1756 3590 1939 3643 dicens
1962 3607 1974 3642 :
2000 3589 2249 3656 Epltraim

670 3688 795 3739 sicut
839 3683 1068 3736 columba
1108 3683 1359 3735 insensata
1386 3697 1486 3733 nou
1524 3681 1711 3734 [tabem
1752 3696 1839 3733 cor
1869 3679 2017 3749 (Osce
2046 3680 2099 3737 7.
2134 3681 2189 3733 ll
2206 3682 2245 3747 J.

672 3776 741 3832 Et
766 3776 913 3846 quasi
947 3773 1267 3830 irrationalis
1290 3773 1469 3826 audiat
1502 3789 1514 3826 :
1592 3771 1757 3844 588
1831 3772 2161 3839 Comparatus
2180 3779 2251 3823 est

668 3868 905 3938 iumentis
943 3868 1289 3936 insipientibus
1308 3906 1322 3925 .
1355 3874 1400 3918 et
1438 3864 1615 3917 similis
1653 3866 1818 3928 factus
1846 3871 1916 3915 est
1942 3860 2045 3913 illis
2076 3858 2246 3924 (Prol.

672 3962 781 4032 48).
811 3958 954 4015 Nulli
995 3960 1137 4011 enim
1166 3958 1416 4020 dubium,
1445 3955 1569 4025 quin
1616 3952 1993 4007 irrationaltills
2033 3962 2087 4006 et
2134 3953 2251 4007 sine

671 4069 833 4106 sensu
857 4066 918 4105 ac
946 4060 1122 4104 mente
1145 4050 1316 4102 anima
1342 4047 1599 4117 jttmentis
1629 4044 2082 4099 irrationabilibtts
2104 4058 2253 4098 com-

674 4153 894 4211 paretur
921 4160 932 4193 :
959 4141 1097 4195 unde
1135 4152 1187 4195 et
1217 4140 1425 4211 Moyses
1466 4138 1653 4192 scribit
1678 4155 1690 4189 :
1719 4136 1900 4190 Bovem
1932 4138 2251 4189 triturautem
2302 4184 2315 4193 ε

675 4251 773 4287 nou
802 4232 1076 4299 iufrcuabis
1100 4230 1275 4301 (Deut.
1307 4230 1421 4301 25).
1453 4229 1517 4283 Et
1549 4229 1741 4283 l’attlus
1767 4229 2021 4297 scriptum
2051 4227 2253 4281 edisse-

747 4448 814 4517 [ai
843 4448 1024 4517 Excussi
1045 4448 1439 4517 depravatissigno
1460 4459 1627 4502 sensu,
1660 4448 1790 4515 quod
1814 4444 2125 4515 substantiam
2159 4458 2253 4495 non

686 4505 823 4561 habet
848 4505 1122 4559 itumimmu
1144 4507 1186 4557 si
1207 4522 1245 4557 νβ
1281 4507 1441 4557 anima
1472 4519 1662 4568 {neque
1677 4505 1810 4556 enim
1845 4506 2108 4568 inanimum
2145 4520 2254 4555 cur-

677 4587 785 4623 nem
817 4569 977 4622 habuit
999 4607 1011 4630 ,
1040 4577 1133 4619 etc.
1160 4569 1264 4618 Non
1289 4581 1436 4617 voces
1471 4565 1734 4616 inanimum
1770 4568 1872 4630 sine
1909 4567 2071 4630 anima
2092 4606 2105 4623 ,
2141 4580 2254 4629 quae

677 4635 912 4684 hactenus
931 4628 1256 4683 obtinuerant.
1287 4644 1317 4678 e
1340 4638 1476 4678 textu
1500 4630 1782 4685 amovimus,
1811 4628 1926 4676 nihil
1949 4628 2248 4684 dubitantes,

675 4698 914 4755 glossema
941 4693 1057 4742 illud
1083 4706 1194 4755 esse
1218 4692 1436 4755 alterius,
1462 4703 1572 4752 qnte
1605 4690 1778 4755 statim
1788 4690 2111 4755 sttl_.seqttitttr
2126 4691 2254 4737 vocis

673 4749 935 4806 inanimum
955 4791 970 4811 ,
1010 4754 1139 4815 quod
1161 4753 1405 4815 studiosus
1427 4749 1665 4815 nonnemo
1688 4751 1745 4797 ad
1772 4750 1884 4815 libri
1903 4762 2032 4815 oram
2056 4749 2252 4815 adnota-

676 4820 757 4871 rit.
784 4825 837 4867 ttt
860 4808 972 4880 quid
1010 4808 1102 4865 sibi
1144 4813 1295 4880 vellet
1320 4828 1377 4880 ea
1414 4826 1522 4865 vox.
1551 4812 1820 4860 indicaret:
1848 4812 1953 4880 sive
1993 4808 2254 4880 innantium

679 4870 890 4942 pertude'
922 4892 1035 4927 esse
1075 4889 1131 4942 ac
1153 4874 1255 4925 sine
1277 4874 1438 4942 animo
1466 4886 1482 4923 :
1507 4886 1617 4936 qttte
1642 4880 1806 4942 postea
1838 4885 1909 4931 su,
1931 4873 2006 4919 ina
2033 4870 2253 4942 librario:

678 4932 781 4988 i'um
821 4939 1137 5002 imperitiam
1178 4945 1366 5002 tt-xttttn
1404 4932 1812 5002 irrepsertt'ntaUt
1851 4945 2098 5002 vero_eas
2134 4933 2253 5002 nihil

679 5014 792 5050 esse
815 5040 827 5055 .
856 4993 907 5050 et
930 5000 1045 5049 nihil
1068 4999 1126 5047 ad
1150 4999 1382 5047 orationis
1404 4993 1585 5045 seriem
1612 4996 1863 5055 pertinere
1888 4993 2252 5044 evidentissime

680 5062 944 5124 intelligas,
972 5060 1134 5109 recole
1160 5075 1219 5108 ex
1243 5061 1479 5124 superiori
1507 5055 1904 5124 l‘aschali_ntt.‘5.
1933 5056 2100 5124 isllttec
2118 5091 2131 5113 ,
2175 5069 2255 5103 ea-

679 5124 791 5171 dem
813 5114 967 5170 ferme
988 5136 1095 5171 ωλι
1122 5136 1130 5180 ι
1151 5114 1443 5170 rtrsentibus
1465 5121 1610 5167 verba
1639 5132 1650 5165 :
1684 5114 1977 5165 «Perfectus
1994 5115 2131 5163 Dens
2151 5131 2161 5176 ι
2181 5131 2257 5180 ro-

681 5185 784 5244 pria
811 5184 1075 5241 Voluntate,
1102 5179 1330 5244 quidquid
1356 5182 1578 5229 htttnante
1604 5181 1689 5244 t'uit
1714 5190 1759 5227 et
1786 5187 1991 5234 naturae,
2019 5186 2069 5225 et
2090 5179 2255 5244 condi-

684 5239 829 5293 tionis
852 5239 1133 5304 assumens,
1159 5239 1342 5304 absque
1383 5250 1609 5304 pet-cato
1636 5242 1870 5304 duntaxat
1890 5272 1906 5294 ,
1950 5247 2001 5287 et
2041 5239 2217 5304 malitia
2239 5274 2253 5296 ,

682 5319 791 5365 qua:
816 5303 993 5353 nullam
1016 5305 1161 5351 habet
1183 5299 1516 5365 substantiam,
1540 5301 1692 5365 infans
1714 5302 1989 5365 nascitur,»
2005 5299 2257 5365 _etc._'l'_unt

685 5360 830 5413 etiam
844 5365 933 5412 alia
953 5366 1125 5412 istbtec
1138 5378 1198 5411 ex
1218 5364 1428 5411 Pascltal‘
1451 5366 1498 5411 5.
1520 5364 1728 5410 «Vivens
1747 5373 1909 5408 sermo
1931 5361 2037 5413 Dei,
2062 5360 2180 5407 nihil
2195 5362 2258 5410 de

684 5434 850 5472 nostra
873 5426 1157 5485 relinquens
1177 5426 1513 5480 similitudine,
1538 5429 1721 5485 absque
1743 5421 1845 5471 Solo
1872 5430 2073 5485 peccato
2092 5458 2104 5479 ,
2130 5422 2257 5482 quod

685 5485 999 5532 substantiam
1020 5483 1118 5531 non
1145 5486 1309 5539 habet,
1333 5499 1457 5533 novo
1480 5485 1622 5533 modo
1642 5483 1703 5533 ad
1729 5497 1814 5532 nos
1839 5484 2009 5531 venire
2032 5483 2259 5541 dignatus

689 5552 786 5612 ost.
810 5561 831 5585 ι
851 5542 983 5612 llinc
1003 5552 1166 5612 autem
1191 5552 1475 5612 pectmttttu,
1503 5545 1632 5612 quod
1672 5559 1764 5612 non
1789 5545 1879 5591 nisi
1905 5557 1931 5589 ιι
1975 5542 2108 5612 Lege
2135 5556 2258 5601 ira:-

690 5604 917 5663 va_riettio
935 5604 1013 5663 sit,
1032 5605 1344 5651 substantiam
1366 5606 1481 5652 dicit
1503 5618 1597 5652 non
1621 5604 1823 5657 habere,
1847 5611 1996 5663 atque
2020 5604 2141 5651 adeo
2164 5617 2260 5650 non

690 5658 842 5705 fuisse
857 5673 964 5728 cum
984 5661 1186 5728 humana
1207 5671 1371 5710 natura
1396 5672 1691 5724 assumptum
1713 5677 1740 5712 a
1763 5658 1945 5724 Verbo,
1969 5664 2097 5725 quod
2124 5664 2263 5713 facile

691 5731 864 5768 omnes
894 5719 1188 5778 intelligunt.

1947 300 2185 356 ΜΝΟΤΙ
2225 294 2595 351 lllERONYlll

3862 284 3961 337 795

2347 420 2471 458 rens
2496 406 2566 456 ait
2591 423 2605 457 :
2631 403 2893 473 Numquid
2919 404 2981 457 de
3012 404 3163 458 bobus
3191 421 3314 457 cura
3340 415 3417 458 ut
3450 402 3560 454 Deo
3577 404 3604 455 7
3638 418 3713 453 an
3747 415 3951 468 promer

2344 510 2435 545 nos
2465 494 2633 561 utique
2661 494 2781 547 dicit
2809 494 2885 564 (l.
2917 493 3035 548 Cor.
3067 493 3119 548 9.
3150 493 3281 566 £0)?

2415 584 2465 635 5.
2517 583 2740 652 Propter
2782 599 2881 637 nos
2928 585 3087 653 igitur
3121 583 3284 639 homo
3320 585 3574 641 Salvator
3609 594 3704 640 est
3743 585 3951 646 factus.

2346 689 2451 726 non
2496 685 2709 744 propter
2738 677 2889 730 bruta
2915 685 2967 730 ct
2995 677 3378 735 itgrationaliilia
3399 677 3681 747 iumenta,
3715 687 3779 730 ut
3811 679 3952 730 simi.

2346 762 2623 817 litudinem
2645 768 2837 819 anima:
2855 767 3217 831 jnmentorum
3243 769 3444 836 absque
3460 783 3630 823 sensu
3655 778 3713 822 ct
3737 770 3951 821 ratione

2344 857 2657 926 susciperet.
2689 859 2761 929 (b)
2787 859 2888 913 Sed
2917 875 3015 913 nec
3040 861 3186 923 illud,
3214 862 3354 929 quod
3385 861 3633 929 ejusdem
3668 863 3948 916 ἣξει-(ξενος

2344 958 2633 1002 sectatores
2662 951 2975 1002 cavillantur
3009 961 3063 1004 et
3099 953 3341 1021 garriunt
3364 992 3378 1013 .
3416 953 3660 1006 Ecclesia
3706 956 3941 1019 suscipit

2346 1034 2439 1107 [aL
2469 1038 2707 1110 suscepit]
2734 1082 2747 1104 ,
2781 1051 2836 1092 ttt
2881 1041 3213 1108 prudentiam
3260 1043 3436 1096 carnis
3475 1043 3751 1109 appellari
3801 1056 3944 1111 putet

2346 1128 2576 1181 animam
2619 1129 2948 1194 Salvatoris,
2982 1145 3101 1184 cum
3151 1135 3434 1200 perspicue
3473 1134 3783 1200 Apostolus
3825 1150 3945 1202 prn-

2344 1214 2579 1273 dentiam
2619 1218 2791 1271 carnis
2838 1219 3103 1274 inimicam
3148 1222 3256 1274 Deo
3296 1223 3557 1289 appellet,
3595 1234 3657 1276 et
3700 1234 3937 1278 mortem

2345 1304 2519 1375 (llam.
2552 1307 2605 1361 8.
2634 1308 2689 1378 7)
2719 1326 2731 1359 :
2763 1308 2904 1377 quod
2932 1310 3000 1363 de
3045 1311 3270 1363 Domino
3303 1311 3484 1366 dicere
3528 1312 3688 1367 nefas
3729 1323 3823 1366 est
3844 1355 3860 1374 ,
3890 1325 3940 1367 ut

2345 1398 2519 1448 anima
2557 1397 2672 1464 ejus
2714 1414 2895 1460 mors,
2926 1410 2978 1453 et
3015 1399 3108 1454 Dei
3139 1401 3348 1455 inimica
3377 1402 3623 1456 credattt.
3662 1404 3723 1457 Si
3799 1407 3935 1457 enim

2346 1486 2498 1539 nobis
2527 1488 2764 1555 prmcipit
2792 1506 2805 1542 :
2836 1488 3009 1542 Nolite
3036 1491 3209 1545 timere
3236 1508 3319 1544 eos
3346 1494 3433 1561 qui
3465 1505 3686 1561 possunt
3711 1497 3939 1550 occidere

2346 1592 2549 1643 corpus,
2579 1587 2625 1629 et
2656 1579 2877 1630 animant
2906 1596 3006 1632 nou
3035 1583 3199 1633 valent
3224 1580 3431 1653 (Matth.
3469 1583 3560 1638 10.
3592 1584 3714 1654 28),
3743 1601 3939 1656 Coget}.

2349 1672 2433 1717 tttr
2470 1667 2633 1720 stulta
2662 1682 2757 1720 sua
2799 1668 3158 1736 disputatione
3189 1672 3492 1740 suscipere,
3522 1674 3792 1729 meliores
3822 1692 3937 1731 esse

2347 1765 2557 1809 nostras
2594 1757 2797 1810 animas
2821 1758 2995 1811 anima
3023 1758 3338 1825 Salvatoris,
3368 1752 3495 1815 dum
3523 1763 3609 1816 illa
3644 1765 3933 1832 prudentia

2346 1850 2523 1902 carnis
2547 1850 2827 1914 asseritur,
2851 1865 2970 1919 qua:
2993 1865 3138 1904 mors
3161 1864 3216 1904 et
3240 1852 3453 1906 inimica
3482 1864 3566 1908 est
3594 1856 3719 1921 Dei,
3751 1868 3932 1910 nostra

2346 1950 2519 1992 autem
2560 1940 2692 1993 mori
2739 1956 2843 1994 non
2878 1951 3072 2011 potest.
3105 1942 3259 2007 Quod
3300 1959 3634 2013 nequaquam
3671 1945 3745 1999 ita
3781 1947 3931 2000 intel-

2346 2030 2617 2098 ligendum
2646 2040 2749 2095 est,
2779 2033 2967 2087 fratres
2992 2033 3276 2099 carissimi,
3312 2049 3431 2088 cum
3458 2036 3618 2089 etiam
3647 2037 3929 2105 prudentia

2347 2123 2539 2177 anima:
2570 2140 2673 2177 non
2721 2124 2889 2194 possit
2927 2125 3105 2178 anima
3145 2127 3476 2195 nuncupari,
3509 2137 3564 2181 et
3594 2131 3764 2181 multo
3792 2131 3931 2184 inter

2348 2228 2405 2268 se
2432 2214 2681 2269 ditl‘erant
2714 2234 2727 2270 :
2755 2217 2879 2271 licet
2920 2216 3063 2271 enim
3105 2217 3386 2286 prudentia
3420 2219 3616 2274 anima:
3644 2222 3698 2274 in
3727 2236 3793 2275 ea
3821 2223 3925 2286 sit,

2346 2305 2498 2372 cujus
2525 2306 2802 2373 prudentia
2833 2316 2916 2361 est
2944 2324 2957 2361 :
2992 2315 3166 2361 tamen
3202 2309 3430 2363 alterum
3469 2310 3671 2377 habet,
3702 2313 3925 2366 alterum

2348 2393 2575 2448 habetur
2600 2412 2613 2448 :
2636 2406 2689 2449 et
2715 2396 2858 2462 prius
2880 2398 3055 2450 anima
3081 2406 3183 2459 est,
3210 2413 3440 2466 sequens
3465 2412 3718 2454 versatur
3740 2403 3795 2456 in
3818 2405 3925 2455 ani-

2349 2499 2454 2538 ma.
2488 2484 2638 2551 Quod
2670 2486 2713 2538 si
2745 2486 3021 2554 prudentia
3048 2487 3239 2543 anima:
3265 2504 3370 2541 non
3393 2499 3477 2545 est
3498 2493 3707 2555 anima,
3731 2504 3924 2558 quanta

2348 2578 2513 2641 magis
2542 2578 2718 2629 carnis
2758 2576 3033 2644 prudentia
3067 2576 3243 2630 anima
3281 2594 3383 2633 non
3424 2588 3603 2648 potest
3630 2582 3927 2650 appellari?

2349 2665 2584 2720 Tendant
2610 2669 2998 2737 quantumlibet
3032 2672 3461 2743 sleOgismorum
3504 2688 3730 2727 suorum
3777 2677 3921 2739 retia,

2346 2767 2399 2809 et
2426 2757 2810 2826 sopltismattnn
2847 2760 3119 2828 decipulas
3163 2772 3553 2830 proponentes,
3601 2764 3817 2830 seipsos
3855 2765 3925 2817 ia-

2347 2857 2563 2901 nt-ctant
2593 2849 2793 2917 laqueis
2818 2894 2832 2913 ,
2865 2866 2931 2905 ne
2966 2851 3016 2905 id
3059 2852 3270 2920 quidem
3313 2853 3579 2918 scientes,
3610 2854 3770 2922 cujus
3798 2870 3923 2907 vana

2348 2938 2567 2991 scientia
2615 2940 2912 3007 gloriantur
2943 2959 2956 2996 :
2987 2951 3041 2995 et
3074 2943 3283 2997 discant
3309 2959 3339 2997 a
3370 2944 3553 3007 nobis,
3582 2958 3724 3013 quos
3766 2948 3923 3015 gratis

2348 3038 2544 3097 cogunt
2576 3030 2939 3099 hujuscemodi
2980 3033 3394 3103 disputationem
3439 3051 3719 3090 assumere
3742 3078 3757 3102 ,
3787 3037 3924 3091 aliud

2348 3137 2468 3175 esse
2492 3123 2629 3190 quod
2660 3124 2837 3191 sapit,
2871 3125 3015 3179 aliud
3048 3127 3342 3198 sapientia.
3373 3128 3515 3181 aliud
3546 3143 3762 3198 quoque
3790 3130 3923 3200 quod

2348 3214 2569 3280 sapitnr.
2607 3214 2671 3267 Et
2712 3214 2826 3269 lucc
2867 3232 2971 3269 non
3023 3218 3193 3271 solum
3239 3219 3414 3272 verbis
3459 3220 3601 3273 inter
3626 3235 3687 3275 se
3711 3263 3727 3284 ,
3758 3222 3924 3275 sedet

2349 3302 2593 3356 sensibus
2619 3303 2922 3373 discrepare
2950 3323 2963 3358 :
2991 3320 3110 3374 qua:
3142 3308 3284 3360 enim
3329 3309 3501 3373 sapit,
3533 3310 3815 3363 rationalis
3851 3321 3923 3365 cst

2349 3393 2523 3445 anima
2550 3410 2564 3446 :
2595 3409 2752 3461 porro
2774 3410 2892 3464 qua:
2918 3410 2979 3450 ex
3011 3395 3120 3465 ipsa
3148 3406 3249 3463 est,
3280 3405 3333 3449 et
3405 3397 3569 3468 589
3641 3400 3831 3468 ipsius,
3874 3410 3922 3455 et

2351 3498 2455 3535 non
2482 3484 2592 3551 ipsa
2616 3500 2734 3554 qua:
2755 3486 2911 3554 sapit,
2937 3487 3234 3555 appellatur
3260 3488 3520 3558 sapientia
3549 3506 3563 3540 :
3588 3490 3730 3557 quod
3753 3500 3919 3544 autem

2350 3574 2574 3640 sapitur,
2608 3589 2695 3628 res
2720 3584 2803 3628 est
2830 3592 2987 3645 quam
3027 3578 3266 3646 respicit,
3297 3593 3465 3646 eaque
3488 3580 3727 3647 gignitur
3753 3596 3819 3633 ex
3846 3596 3923 3633 sa-

2351 3665 2529 3733 piente
2555 3666 2833 3732 sapientia,
2862 3667 2935 3737 (c)
2964 3678 3017 3721 et
3045 3683 3147 3721 noa
3177 3669 3387 3737 sapiens
3414 3671 3548 3738 ipse,
3580 3686 3681 3724 nec
3708 3673 3816 3739 ipsa
3844 3689 3921 3725 sa-

2354 3755 2570 3821 pientia.
2610 3754 2954 3825 Tandemque
2991 3757 3239 3811 desinant
3283 3759 3584 3814 Dialectica:
3615 3764 3747 3816 artis
3785 3776 3920 3818 stroo

2353 3847 2471 3916 phis
2497 3846 2760 3915 simplicia
2788 3849 3175 3903 Ecclesiastica:
3199 3849 3319 3903 Iidei
3346 3850 3562 3904 decreta
3597 3862 3918 3920 pervertere,

2353 3947 2410 3990 ut
2437 3937 2666 3991 animam
2698 3938 2996 3993 Salvatoris
3039 3942 3373 4008 prudentiam
3406 3945 3586 3995 carnis
3624 3945 3921 4012 appellent,

2353 4044 2510 4097 quam
2544 4030 2831 4099 Apostolus
2858 4042 3081 4086 mortem
3108 4042 3161 4085 et
3192 4033 3459 4087 inimicam
3486 4036 3684 4089 asserit
3710 4036 3823 4091 Dei.

2425 4122 2479 4177 6.
2506 4122 2608 4176 Sed
2635 4132 2688 4175 ct
2715 4123 2813 4175 hoc
2841 4124 3001 4177 modo
3029 4124 3180 4177 nobis
3209 4135 3393 4178 contra
3423 4125 3540 4179 illos
3562 4127 3919 4183 disserendum

2352 4210 2582 4268 videtur.
2612 4215 2877 4281 Scriptum
2900 4224 2982 4269 est
3003 4216 3069 4269 de
3098 4215 3273 4269 Verbo
3298 4216 3387 4270 Dei
3414 4235 3427 4269 :
3454 4216 3645 4270 Omnia
3662 4236 3751 4287 per
3769 4221 3919 4288 ipsum

2355 4309 2633 4386 factaytnt
2662 4304 2840 4375 (Joan.
2871 4305 2919 4358 l.
2946 4304 3024 4375 ὅ).
3043 4304 3180 4359 Num
3204 4306 3457 4359 credibile
3484 4316 3587 4369 est,
3622 4310 3921 4376 sapientiam

2354 4398 2439 4450 vel
2479 4397 2814 4465 prudentiam
2845 4398 3054 4459 carnis,
3086 4412 3244 4465 quam
3279 4398 3349 4449 illi
3379 4399 3613 4451 animam
3646 4401 3924 4455 Salv'atoris

2355 4488 2676 4553 intelligunt,
2705 4503 2733 4539 a
2759 4486 2933 4541 Verbo
2966 4486 3059 4541 Dei
3080 4487 3370 4549 conditam,
3404 4496 3465 4541 ttt
3507 4490 3720 4553 mortis,
3747 4501 3799 4544 et
3828 4493 3922 4543 ini-

2357 4581 2569 4634 micitiae
2599 4589 2781 4632 contra
2816 4580 2979 4631 Deum
3012 4579 3126 4647 ipse
3149 4590 3401 4647 operator
3424 4580 3702 4641 existeret.
3730 4582 3925 4651 sibique

2355 4688 2468 4734 eas,
2490 4672 2629 4740 quod
2654 4672 2795 4725 dictu
2822 4670 2968 4724 nefas
2989 4681 3091 4736 est,
3115 4671 3351 4739 copulari
3369 4675 3393 4723 ἲ
3416 4671 3569 4736 Quod
3597 4673 3642 4725 si
3673 4671 3924 4726 nefarium

2354 4776 2438 4818 (εει
2466 4762 2724 4827 credere,
2754 4771 2809 4815 et
2846 4765 3021 4815 anima
3066 4761 3359 4815 Salvatoris
3398 4761 3607 4815 cunctis
3653 4763 3926 4816 virtutibus

2358 4852 2523 4921 pollet
2549 4869 2563 4903 :
2592 4867 2720 4921 ergo
2747 4853 3023 4921 prudentia
3050 4853 3228 4906 carnis
3255 4868 3359 4905 non
3389 4854 3489 4907 erit
3509 4854 3681 4905 anima
3707 4852 3845 4920 ejus,
3871 4870 3926 4906 ne

2358 4944 2470 5012 ipse
2494 4955 2716 4995 mortem
2742 4954 2796 4996 et
2826 4943 3155 4996 inimicitiam
3181 4953 3367 4995 contra
3402 4942 3563 4996 Deum
3586 4941 3664 5011 (cl)
3691 4942 3794 4996 sibi
3813 4944 3921 5013 jun-

2358 5036 2500 5088 xisse
2542 5033 2811 5088 credatur.
2843 5032 3069 5087 Cessent
3098 5032 3422 5101 Apollinaris
3450 5033 3699 5101 discipuli
3729 5047 3788 5086 ea
3817 5048 3922 5102 quat

2423 5232 2495 5296 (b)
2530 5232 2810 5293 chebatur
2833 5235 2975 5296 antea
3001 5263 3014 5286 ,
3045 5227 3137 5278 sed
3162 5239 3222 5277 ne
3240 5223 3366 5296 illud
3389 5225 3518 5296 quod
3542 5226 3764 5286 ejusdem
3786 5225 3912 5275 hare-

2358 5288 2770 5357 seos'peccittores
2801 5288 3084 5340 emittantur
3111 5302 3129 5338 :
3155 5288 3519 5338 etnendaviunts
3537 5324 3551 5346 ,
3590 5301 3700 5345 nec,
3728 5297 3778 5337 et
3793 5298 3922 5337 secta-

2360 5367 2416 5409 ω
2530 5416 2722 5482 lstltmc,
2747 5419 2907 5482 etnon
2930 5411 3121 5482 sapiens
3140 5408 3240 5471 ipse
3262 5420 3350 5457 nec
3368 5407 3474 5471 ipsa
3496 5408 3757 5469 salientia,
3780 5411 3823 5458 in
3845 5409 3920 5457 alio

2362 5475 2494 5542 quot
2504 5492 2549 5542 ei
2552 5478 2649 5542 litis
2665 5475 3023 5542 desiderantur.

2432 5540 2499 5611 (rt)
2532 5538 2638 5586 Uno
2669 5537 2967 5611 verlbo‘crat,
3001 5530 3335 5611 ζςπώἱςιηλοὶδοςεζ
3347 5539 3449 5611 pro‘
3467 5532 3920 5611 quo‘adlmarginetn

2347 5592 2671 5650 Martianzeus
2707 5592 3283 5652 adnotaverat,subm'uas
3307 5601 3379 5652 e_;
3421 5602 3511 5639 nos
3548 5594 3744 5642 duobus
3780 5595 3923 5640 Verbis

2366 5648 2587 5715 iecimus,
2614 5657 2703 5707 sibi
2708 5657 2931 5717 junxisse
2960 5667 2977 5703 :
3000 5648 3145 5715 quam
3170 5664 3304 5702 vere.
3340 5648 3498 5717 lector
3524 5667 3587 5700 ex
3613 5664 3839 5704 mntextu
3858 5657 3905 5714 λιι

2368 5723 2516 5771 dicet.
2544 5710 2748 5768 Leviora
2770 5715 2986 5780 qttwdatn
3009 5710 3152 5776 supra
3187 5710 3575 5762 emendavimUs.
