4054 6192
112 238 210 293 79⁸1

110 360 291 408 contra
318 346 717 405 Ecclesiasticas
744 347 951 417 regulas
973 357 1055 400 est
1077 346 1308 409 locutus,
1335 355 1548 414 propter
1569 344 1671 397 alia

106 446 222 513 ejus
249 442 443 509 scripta
479 440 763 495 defendere
794 458 805 493 :
839 440 962 493 licet
997 439 1138 494 enim
1165 438 1423 492 adversus
1450 438 1676 490 Arianos

110 544 163 588 et
186 533 543 587 Eunomianos
568 530 856 598 scripserit,
887 538 940 582 ct
964 526 1272 597 Origenem,
1303 527 1542 595 aliosque
1570 525 1679 576 ha:-

111 625 305 677 retieos
332 637 423 675 sua
460 620 817 688 disputatione
846 619 1206 681 Subverterit;
1241 628 1413 670 tamen
1443 615 1529 684 qui
1560 627 1676 666 mc-

111 728 230 766 mor
248 721 325 766 est
350 711 490 764 illius
517 711 766 778 przeeepti
799 728 813 763 :
843 708 961 761 Non
985 709 1200 776 accipies
1227 722 1489 776 personam
1516 706 1566 757 in
1587 704 1678 774 ja-

111 802 243 854 dieio
281 798 470 863 (Leuit.
517 799 605 852 19.
658 801 745 858 15;
791 810 836 852 et
879 796 1086 852 Denter.
1134 799 1182 851 1.
1238 799 1326 867 17)
1356 814 1370 849 :
1400 796 1677 849 veritatem

110 907 319 960 semper
346 889 505 944 debet
532 891 755 960 diligere
780 930 796 954 ,
824 904 930 944 non
964 904 1219 957 personas
1244 904 1258 952 ;
1289 899 1339 942 et
1369 887 1507 940 seire
1536 883 1678 953 quod

108 982 161 1035 in
201 980 599 1047 dispensatione
649 982 879 1034 hominis
902 1022 917 1046 ,
954 996 1110 1049 quant
1157 994 1252 1050 pro
1290 978 1460 1031 salute
1498 985 1679 1029 nostra

110 1072 410 1140 unigenitus
436 1072 607 1127 Filius
643 1072 736 1127 Dei
766 1072 1015 1141 dignatus
1045 1081 1126 1126 est
1154 1086 1448 1132 assumere.
1478 1084 1581 1122 non
1613 1068 1683 1121 sit

107 1165 313 1217 alienus
342 1180 372 1218 a
397 1165 552 1233 culpa
573 1205 587 1224 .
618 1165 708 1234 qui
749 1180 913 1232 super
937 1166 1110 1218 anima
1142 1164 1322 1225 illius,
1352 1176 1601 1231 perversa
1628 1169 1682 1213 et

110 1253 413 1322 intellexit,
444 1265 499 1309 et
540 1256 774 1324 scripsit.
814 1255 963 1310 Sicut
999 1255 1140 1309 enim
1168 1253 1456 1321 Apostolus
1481 1252 1553 1303 ait
1579 1267 1594 1303 :
1622 1248 1682 1303 Si

103 1347 393 1415 expendere
424 1364 622 1401 omnem
646 1347 977 1401 substantiam
1004 1362 1187 1421 nteant,
1217 1355 1264 1397 et
1292 1343 1685 1396 tradidero-cor-

107 1446 201 1507 pus
221 1454 391 1490 meum
408 1478 425 1500 ,
452 1445 507 1490 ut
542 1438 783 1499 ardeam,
809 1436 1068 1489 caritatem
1096 1444 1265 1488 autem
1297 1451 1398 1487 non
1430 1432 1682 1495 habuero,

106 1527 236 1579 nihil
262 1528 390 1579 mihi
416 1528 643 1596 proderit
669 1528 742 1599 (1.
776 1526 894 1581 Cor.
925 1528 1013 1596 15)
1034 1568 1048 1591 ,
1077 1527 1148 1580 ita
1176 1526 1288 1579 sive
1322 1526 1423 1581 iste
1442 1564 1457 1586 ,
1488 1522 1555 1577 de
1580 1537 1686 1589 quo

107 1632 250 1671 nunc.
293 1631 476 1670 sermo
522 1627 634 1679 est,
681 1618 794 1670 sive
844 1615 1138 1685 Origenes,
1184 1626 1237 1668 et
1275 1614 1363 1666 alii
1415 1611 1685 1672 Ineretici,

105 1708 351 1776 quamvis
379 1706 696 1775 scripserint
734 1706 911 1774 aliqua
932 1747 949 1771 ,
986 1721 1106 1776 qua:
1147 1704 1538 1758 Ecclesiasticae
1566 1700 1687 1753 fidei

108 1812 211 1848 non
243 1804 569 1865 repugnent;
599 1805 772 1848 tamen
804 1810 909 1847 non
940 1803 1096 1846 erunt
1133 1793 1333 1860 absque
1362 1790 1607 1852 crimine,
1634 1795 1688 1840 ct

107 1886 160 1938 in
193 1885 296 1948 his,
326 1900 449 1952 qua:
484 1883 794 1952 principalia
832 1892 992 1947 sunt,
1021 1890 1075 1935 et
1111 1881 1176 1935 ad
1207 1882 1431 1935 salutem
1463 1878 1689 1932 creden-

107 1977 234 2029 tium
265 1978 567 2044 pertinent,
598 1973 991 2028 Eeelesiastica:
1022 1973 1142 2027 fidei
1172 1979 1545 2041 repugnantes.
1581 1969 1686 2023 Ne-

104 2082 209 2135 que
232 2066 402 2129 enim,
441 2064 627 2132 utipse
642 2079 763 2117 cum
785 2062 1257 2117 sectatoribussuis
1287 2061 1471 2114 nititur
1494 2075 1692 2129 appro«

103 2158 251 2222 bare,
278 2158 542 2210 Dominus
597 2156 756 2227 590
805 2165 987 2208 noslcr
1009 2164 1169 2222 atque
1195 2153 1438 2209 Salvator
1458 2154 1689 2206 animant

100 2252 222 2302 sine
252 2262 417 2315 sensu
465 2248 751 2314 assumpsit
777 2255 830 2301 et
855 2244 929 2317 (a)
955 2256 1166 2310 mente,
1195 2254 1286 2299 aut
1311 2245 1541 2300 mediam
1574 2260 1693 2312 par-

103 2350 210 2394 tem
242 2339 386 2406 ejus,
407 2338 651 2406 duasque
673 2336 693 2409 [
715 2340 748 2391 f.
778 2336 983 2407 duasne]
1010 2338 1077 2392 de
1104 2338 1294 2401 tribus,
1318 2340 1430 2391 sive
1457 2337 1690 2403 tertiam,

102 2438 155 2482 ut
186 2427 511 2497 imperfecte
532 2428 803 2483 hominem
824 2427 897 2499 (b)
914 2428 1146 2483 salvaret
1170 2436 1500 2496 assumptum
1529 2444 1541 2478 :
1568 2427 1692 2495 quia

101 2538 202 2577 nec
246 2522 471 2585 media,
514 2536 613 2575 nec
650 2521 873 2591 reliqua:
919 2522 1194 2591 portiones
1238 2522 1455 2590 perfecti
1496 2536 1692 2576 nomen

100 2612 391 2679 accipient.
428 2609 501 2664 Et
525 2611 663 2665 sicut
690 2610 830 2679 quod
872 2610 1161 2681 perfectum
1188 2619 1289 2677 est,
1318 2622 1466 2664 caret
1492 2610 1694 2678 imper:

101 2702 225 2757 fecti
259 2702 414 2765 vitio,
452 2702 530 2756 sic
555 2700 697 2770 quod
721 2701 1091 2769 imperfectum
1118 2710 1222 2765 est,
1266 2702 1556 2770 perfectum
1589 2717 1695 2756 non

100 2805 280 2863 potest
307 2794 447 2849 dici.
479 2795 543 2848 Et
569 2794 614 2846 si
646 2790 956 2861 imperfecte
987 2793 1390 2848 similitudinem
1421 2804 1691 2858 nostram,

100 2887 184 2941 vel
205 2903 271 2941 ex
296 2895 459 2956 parte
485 2893 815 2953 susceperat,
838 2884 1107 2954 quomodo
1126 2884 1182 2946 in
1205 2884 1494 2952 Evangelio
1515 2884 1698 2953 loqueg

102 2978 264 3032 batur
293 2994 307 3030 :
339 2976 518 3032 Nemo
548 2974 679 3029 tollit
706 2975 929 3029 animant
958 2990 1121 3028 meam
1160 2991 1191 3028 a
1230 2990 1308 3026 me
1350 2989 1369 3027 :
1402 2983 1697 3043 potestatem

101 3070 263 3123 habeo
296 3066 530 3135 ponendi
559 3082 688 3128 eam,
720 3075 765 3118 et
792 3074 1085 3134 potestatem
1112 3066 1270 3117 habeo
1302 3065 1532 3117 sumendi
1558 3062 1698 3116 eam?

102 3158 286 3225 (loan.
317 3156 412 3210 10.
452 3152 564 3226 18.)
591 3154 721 3221 Quae
744 3163 920 3208 autem
951 3154 1175 3215 tollitur,
1205 3164 1364 3223 atque
1392 3154 1695 3221 deponitur,

94 3263 205 3302 nec
246 3244 622 3310 irrationalis,
663 3258 764 3299 nec
801 3244 1000 3312 absque
1043 3253 1220 3297 mente
1260 3252 1314 3297 et
1356 3245 1701 3315 intelligentia

98 3340 209 3393 dici
241 3346 455 3408 potest,
485 3335 578 3390 sed
603 3351 634 3390 e
658 3336 926 3390 contrario
950 3335 1226 3390 rationalis
1249 3344 1304 3390 et
1332 3336 1700 3407 intelligibilis,

93 3444 155 3486 et
180 3440 435 3485 mentem
463 3426 686 3492 habens,
715 3442 777 3482 ac
802 3427 1063 3489 sentiens.

177 3525 235 3578 7.
264 3523 458 3590 Atque
483 3519 555 3573 ita
585 3519 698 3588 ipse
724 3518 1103 3587 disputationis
1140 3517 1274 3573 ordo
1302 3520 1590 3585 convincit,
1620 3521 1703 3587 ni:

107 3616 184 3669 hil
226 3631 256 3667 a
305 3612 541 3667 Domino
578 3610 944 3679 imperfectum
981 3625 1101 3667 esse
1130 3622 1467 3680 susceptum,
1497 3611 1590 3666 sed
1620 3626 1707 3666 as-

106 3718 394 3777 sumptum
433 3705 501 3760 ab
535 3718 601 3758 eo
629 3702 899 3758 hominem
934 3703 1120 3773 plene,
1150 3705 1490 3773 perfecteqne
1529 3705 1706 3757 salva.

110 3812 251 3853 tuto.
307 3796 457 3852 Nulli
513 3794 655 3862 enim
702 3794 949 3858 dubium,
982 3791 1052 3864 (ε)
1090 3794 1217 3862 quin
1265 3794 1705 3861 irrationabilium

96 3892 495 3960 jumentorutn
544 3885 738 3938 anima:
782 3899 887 3938 non
934 3895 1202 3953 ponantur
1243 3893 1297 3938 ct
1346 3898 1705 3950 resumantnr,

107 3981 208 4034 su-d
235 3995 366 4033 cum
401 3974 719 4042 corporibus
765 3982 1017 4040 pereant,
1046 3982 1101 4027 et
1128 3975 1180 4026 in
1218 3975 1487 4041 pulverem
1516 3974 1710 4029 dissol—

105 4080 337 4124 vantur.
375 4066 551 4119 Porro
580 4063 825 4116 Salvator
855 4063 1044 4115 tollens
1076 4064 1341 4128 animam,
1371 4075 1426 4118 et
1459 4080 1713 4133 separatis

103 4179 136 4216 θ
167 4173 421 4226 corpore
438 4169 556 4219 suo,
581 4162 819 4222 tempore
850 4154 1133 4222 passionis,
1164 4170 1371 4208 rursum
1397 4170 1513 4208 eam
1549 4156 1597 4208 in
1625 4172 1714 4221 reg-

100 4248 472 4305 surrectione
500 4243 752 4310 suscepit.
784 4243 850 4296 Et
880 4242 1047 4296 multo
1071 4253 1354 4312 antequam
1390 4244 1441 4298 id
1481 4245 1710 4311 faceret,

109 4340 456 4412 loquebatur
488 4336 539 4388 in
568 4334 779 4387 Psalmo
809 4350 823 4386 :
855 4331 975 4385 Non
992 4332 1306 4399 derelinques
1319 4336 1540 4387 animam
1558 4352 1717 4389 meam

106 4436 163 4487 in
193 4434 438 4504 inferno,
471 4442 562 4480 nec
590 4425 732 4478 dabis
752 4433 981 4477 sanctum
1002 4430 1141 4474 tuum
1164 4421 1329 4475 videre
1348 4425 1719 4493 corruptionem

184 4604 256 4671 ta}
299 4602 432 4671 illud
475 4601 658 4671 quippe
689 4610 771 4669 ex.
789 4594 1465 4671 Nemesin-observatum‘est
1490 4610 1637 4671 supra
1661 4596 1722 4647 ad

116 4655 272 4719 enisi.
319 4667 408 4714 8i.
458 4655 510 4710 n'.
640 4660 858 4708 sensisse
894 4655 1223 4718 Apollinarem
1265 4670 1327 4704 ex
1366 4655 1721 4719 Ριίηουίξυι-υιη

115 4718 343 4792 placitis,
490 4725 615 4792 sive.
639 4726 949 4792 mentemaut
970 4718 1451 4792 sensyrahquat‘ndum
1475 4732 1589 4791 esse
1610 4723 1722 4770 sub-

112 4778 364 4853 ;tantiatn
380 4788 447 4835 ab
463 4778 620 4853 anima
636 4778 1125 4853 separabilemtunde
1145 4778 1277 4853 illam
1291 4779 1553 4853 salvatoris
1572 4794 1721 4853 sensu

113 4849 415 4903 mulctavit,
451 4852 504 4894 ut
528 4847 636 4907 ejus
660 4840 794 4892 vices
813 4841 1060 4891 Divinitas
1079 4847 1302 4902 gereret.
1327 4840 1501 4891 Confer
1523 4856 1633 4904 qua:
1656 4845 1722 4893 ini

116 4912 451 4958 adnotamus.

195 4968 268 5077 ευ)
303 4967 383 5015 ita
410 4979 472 5014 ex
496 4966 553 5015 B.
594 4966 652 5014 Ρ.
676 4963 985 5023 νερειδυὴηυε
1006 4966 1329 5032 assumptum,
1370 4963 1418 5010 in
1451 4962 1558 5013 aliis
1596 4968 1725 5015 enim

219 5044 273 5077 ιε.
312 5026 466 5075 libris
502 5034 606 5075 erat
636 5026 944 5077 iuteriacenti
981 5025 1129 5074 etiam
1156 5023 1363 5077 virgula,
1395 5023 1618 5077 solveret.
1653 5041 1725 5077 as-

118 5023 273 5091 vulg’.
312 5026 466 5075 libris
502 5034 606 5075 erat
636 5026 944 5087 iutet'jacenti
981 5025 1129 5074 etiam
1156 5023 1363 5085 virgula,
1395 5023 1618 5086 solveret,
1653 5041 1727 5077 as-

137 5095 410 5139 mmmam.
1515 5116 1523 5139 .'

117 5103 448 5214 ‘u'i'c’i'iigxic
480 5160 541 5214 ex
566 5147 740 5214 graeco
776 5146 1039 5214 Theophili
1068 5150 1209 5195 textu
1248 5116 1527 5214 perit-operti
1555 5149 1727 5214 recitat

119 5206 498 5265 ’l'h'eodoretus
510 5211 556 5256 in
566 5208 791 5270 Eraniste
803 5206 1002 5269 Dialogo
1012 5210 1059 5270 δ.
1077 5222 1221 5270 quam
1236 5206 1477 5270 praestabit
1492 5220 1603 5255 cum
1614 5207 1728 5257 Hie-

121 5273 438 5339 ronymiaua
452 5269 853 5330 iutcrpretaiione
876 5268 1154 5319 contulisse.
1169 5268 1321 5331 me,
1334 5281 1471 5330 dum
1485 5282 1547 5319 ὁυι
1569 5278 1730 5331 αἴρωνται

117 5354 188 5390 ιιι
237 5349 416 5388 suum:
452 5344 557 5381 πάλυ
591 5344 629 5381 αἱ
664 5342 786 5393 ψπιαὶ.
820 5341 912 5379 ἀλλὰ
949 5343 1041 5390 pud
1071 5349 1141 5392 ξῦν
1171 5345 1343 5390 capitur
1380 5339 1704 5393 σννδςαᾳοιιρθντιι
1719 5371 1731 5389 ,

118 5415 188 5452 ,αἱ
240 5412 295 5455 ιὶς
334 5410 430 5459 lein
449 5405 675 5443 ἀνιλῦουσιν·
716 5403 735 5439 ὁ
766 5399 806 5440 δί
849 5405 981 5454 σωτήρ,
1015 5399 1104 5455 ἄρας
1142 5407 1268 5448 una,
1297 5404 1395 5453 πὰῴ
1431 5405 1493 5441 τὸν
1516 5403 1636 5445 πιιθόν
1667 5409 1731 5442 rei:

116 5477 282 5523 “ovo-3’
301 5472 376 5517 τήν
410 5468 524 5518 {Vtrub
553 5466 626 5504 ἀπὸ
649 5469 711 5502 τώ
746 5466 873 5523 ductor)
905 5469 1084 5513 σώματος,
1117 5464 1223 5502 πάλιν
1249 5466 1360 5512 eam
1384 5466 1432 5510 ιὶς
1459 5467 1548 5503 doto
1582 5466 1732 5523 τίθιᾳιν

115 5522 355 5580 imm
385 5529 429 5565 ιι
450 5533 587 5578 tuear
611 5531 717 5565 τοῦτο
741 5522 787 5573 δή
816 5526 1048 5575 amoma-lo;
1070 5527 1162 5573 ἡαᾶς
1184 5526 1353 5576 κρὸυλιτι
1374 5523 1437 5565 διὰ
1458 5532 1523 5566 τοῦ
1540 5522 1734 5577 ψαλμωδοῦ

118 5604 237 5648 peior
279 5595 352 5631 όυι
379 5589 644 5639 {multi-bu;
669 5590 729 5637 τὴν
882 5601 948 5637 μου
983 5590 1030 5631 si;
1054 5584 1160 5635 ἅδην,
1183 5585 1270 5625 cudi
1304 5584 1427 5635 δώσνς
1460 5591 1523 5627 τὸν
1546 5588 1647 5626 aetas
1669 5601 1734 5626 σου

112 5656 214 5698 tam
254 5652 481 5695 διαςθθφάν

1453 229 1772 288 EPISTOLA
1816 227 2042 283 XCVI“.

3254 240 3359 317 798

1783 342 1955 413 (Psat.
1998 342 2106 414 15).
2152 342 2257 399 Nec
2293 346 2548 402 credibile
2591 356 2674 403 est
2709 352 2850 420 quod
2894 353 2961 408 ad
3003 355 3203 412 inferos
3232 377 3362 415 caro

1784 433 1899 499 ejus
1923 435 2279 500 descenderit,
2302 424 2387 491 vel
2418 438 2697 500 prudentia
2723 444 2923 509 carnis,
2951 461 3069 514 qua:
3093 450 3360 520 appellata

1788 523 1858 578 sit
1897 526 2069 578 anima
2092 567 2108 590 ,
2139 526 2325 582 inferis
2353 533 2661 598 apparuerit
2686 549 2701 586 :
2731 533 2824 588 sed
2852 539 2994 605 quod
3025 554 3218 609 corpus
3244 543 3362 612 ejus

1786 613 2015 680 positum
2042 614 2094 668 in
2122 618 2371 684 sepulcro
2398 619 2498 684 sit,
2540 631 2591 675 et
2639 623 2752 691 ipse
2799 640 2897 679 nec
2937 627 3005 681 de
3038 645 3265 699 corpore
3306 645 3363 690 et

1785 705 2042 770 sapientia
2081 710 2288 773 carnis,
2322 727 2420 765 nec
2446 713 2513 767 de
2538 714 2816 770 divinitate
2856 733 2949 772 sua
2990 720 3204 790 dixerit,
3239 726 3362 782 Non

1787 791 2100 863 derelinquas
2126 799 2349 853 animam
2376 818 2535 855 meam
2563 804 2614 857 in
2643 806 2862 872 inferno,
2891 810 2986 864 sed
3015 828 3141 868 vere
3165 815 3232 870 de
3266 833 3364 871 no-

1788 890 1912 937 stra:
1941 896 2142 938 naturae
2180 890 2390 956 anima,
2432 902 2487 945 ut
2526 894 2811 959 perfectam
2841 914 2904 954 ac
2931 903 3243 960 rationalem
3265 948 3279 970 ,
3306 920 3363 964 et

1788 973 2170 1042 intelligihilem
2216 987 2374 1048 atque
2421 984 2727 1039 sensibilent
2774 988 2840 1042 ad
2883 991 3083 1048 inferos
3129 998 3360 1052 animam

1789 1063 2131 1121 descendisse
2170 1079 2509 1127 monstraret.
2551 1073 2838 1133 Hortamur
2861 1095 2958 1135 eos
2992 1085 3083 1150 qui
3113 1087 3233 1141 talia
3273 1104 3363 1142 sa-

1790 1155 1972 1222 piunt.
2001 1156 2077 1226 (d)
2109 1168 2164 1211 ut
2193 1160 2390 1215 relictis
2417 1163 2789 1231 haereticorum
2815 1173 3118 1238 erroribus,
3149 1180 3364 1246 acquie-

1790 1254 1939 1299 scant
1966 1246 2352 1305 Ecclesiasticze
2380 1255 2606 1317 veritati.
2636 1267 2687 1310 et
2715 1257 3052 1317 festivitatem
3084 1265 3368 1322 dominicas

1793 1336 2054 1402 passionis
2101 1356 2204 1392 non
2253 1340 2449 1397 faciant
2484 1346 2877 1414 imperfectam,
2910 1367 2978 1406 ne
3018 1355 3363 1424 principalem

1792 1431 1846 1476 et
1891 1424 2144 1493 majorem
2196 1428 2426 1485 hominis
2471 1444 2673 1502 partem
2719 1437 2775 1491 in
2819 1438 3093 1498 Salvatore
3137 1460 3361 1514 negent,

1792 1514 1992 1582 alisque
2034 1520 2206 1573 anima
2246 1531 2299 1573 et
2362 1535 2540 1578 mente
2594 1542 2789 1595 corpus
2854 1532 2996 1587 illius
3041 1550 3360 1595 asserentes.

1792 1603 1965 1700 59ιὲ
2023 1608 2077 1661 Si
2102 1611 2244 1700 enim
2283 1613 2352 1665 ita
2402 1625 2539 1681 erat,
2565 1619 2689 1686 quid
2718 1619 2786 1675 de
2821 1636 2881 1677 se
2906 1626 3090 1682 vellens
3118 1630 3361 1700 intelligi,

1795 1693 2106 1763 loquebatur
2128 1715 2141 1753 :
2170 1698 2353 1754 Pastor
2379 1705 2536 1759 bonus
2559 1709 2780 1762 animam
2808 1729 2954 1767 suam
2982 1721 3124 1783 ponit
3148 1737 3242 1787 pro
3262 1693 3367 1774 obi-

1792 1782 1883 1837 ιω
1913 1783 2098 1855 (Joan.
2134 1788 2273 1858 10)?
2314 1792 2377 1844 Et
2416 1794 2460 1846 si
2507 1803 2708 1850 tantum
2754 1782 2988 1857 carnem
3013 1782 3246 1864 hominis
3280 1827 3369 1866 as-

1793 1886 2127 1942 sumpserat,
2160 1894 2257 1933 cur
2284 1881 2334 1934 in
2376 1885 2622 1952 passione
2648 1888 2860 1945 dicebat
2888 1909 2902 1946 :
2930 1895 3157 1964 Spiritus
3193 1918 3367 1970 prom-

1795 1973 1928 2033 ptus.
1961 1982 2080 2019 caro
2108 1979 2273 2023 autem
2300 1972 2505 2034 infirma
2534 1975 2746 2047 (Matth.
2777 1981 2870 2053 26)
2899 1984 2923 2038 ?

1865 2056 1919 2112 8.
1951 2056 2099 2112 Unde
2126 2062 2396 2117 sciendum
2424 2077 2527 2132 est,
2558 2070 2696 2138 quod
2727 2089 2791 2126 ex
2819 2076 2961 2131 omni
2994 2089 3141 2147 parte
3171 2092 3370 2153 tempe-

1796 2158 1967 2201 ratum
2017 2152 2259 2205 lntntana:
2294 2156 2613 2212 conditionis
2640 2161 2897 2219 exhibens
2939 2181 3366 2238 sacramentum,

1797 2239 2082 2307 perfectam
2127 2240 2525 2300 similitudinem
2572 2259 2768 2306 nostra
2810 2257 3129 2313 conditionis
3164 2277 3372 2316 assum-

1798 2327 1983 2419 pscrit,
2007 2344 2105 2383 nec
2127 2346 2341 2389 carnem
2371 2346 2593 2403 tantum,
2617 2356 2717 2396 nec
2735 2344 2964 2400 animam
2987 2350 3369 2419 irrationalem,

1797 2428 1846 2470 et
1870 2416 2188 2487 sine‘sensu,
2211 2424 2302 2477 sed
2328 2435 2493 2480 totum
2514 2444 2708 2498 corpus
2728 2442 2995 2505 totamque
3016 2439 3246 2494 attiniam
3270 2416 3372 2499 sibi

1798 2511 2039 2606 socians,
2074 2515 2365 2582 perfectum
2401 2520 2453 2574 in
2499 2536 2558 2577 se
2600 2522 2868 2580 hominem
2900 2528 3281 2588 demonstravit
3309 2534 3371 2606 [f.

1800 2598 2198 2676 demonstrarit],
2229 2617 2282 2660 ut
2325 2609 2612 2677 perfectam
2642 2616 2849 2672 cunctis
2883 2618 3183 2677 horninibus
3214 2623 3265 2677 in
3291 2598 3375 2694 se,

1800 2701 1855 2745 et
1896 2708 1987 2760 per
2010 2709 2083 2763 se
2112 2696 2395 2766 largiretur
2419 2702 2677 2768 salutem;
2710 2705 3018 2777 habensque
3046 2716 3210 2766 nostri
3242 2730 3376 2769 con-

1801 2782 2059 2849 eoi-tium,
2089 2785 2178 2851 qui
2221 2786 2288 2842 de
2336 2796 2473 2842 terra
2521 2792 2721 2846 conditi
2767 2809 2984 2861 sumus,
3029 2815 3127 2853 nec
3160 2816 3374 2857 carnem

1802 2871 2020 2927 deduxit
2045 2874 2113 2928 de
2137 2877 2296 2942 cmlo,
2326 2894 2424 2934 nec
2450 2881 2702 2947 animam,
2731 2901 2848 2952 qua:
2878 2888 3024 2955 prius
3047 2891 3374 2959 Slllhlllh‘l‘al,

1803 2972 1856 3016 et
1884 2974 2007 3016 ante
2033 2980 2246 3020 carnem
2275 2969 2391 3033 eius
2420 2969 2630 3024 condita
2659 2981 2772 3025 erat
2791 3013 2807 3037 ,
2833 2988 2931 3027 suo
2958 2980 3167 3045 corpori
3204 2995 3373 3048 copu-

1804 3054 1949 3121 lavit,
1980 3058 2115 3111 sicut
2133 3058 2378 3128 Origenis
2400 3062 2637 3117 nituntur
2656 3064 2851 3119 docere
2871 3066 3136 3136 discipuli.
3161 3072 3213 3125 Si
3236 3073 3379 3128 enim

1805 3150 1979 3202 anima
2023 3149 2349 3218 Salvatoris,
2397 3164 2677 3223 antequam
2724 3158 2814 3223 ille
2856 3159 3143 3216 humanum
3185 3179 3380 3235 corpus

1805 3250 2119 3305 assumeret,
2146 3240 2196 3293 in
2219 3242 2474 3297 etelorum
2504 3246 2806 3313 regionibus
2831 3252 3155 3319 morabatur,
3180 3265 3230 3308 et
3260 3274 3382 3310 ιιι-ορ

1806 3333 1931 3388 dmn
1960 3344 2075 3390 erat
2113 3336 2286 3390 anima
2322 3338 2465 3391 illius
2500 3359 2513 3394 :
2552 3339 2624 3409 (ε)
2654 3343 3020 3411 impiissimum
3048 3360 3129 3400 est
3161 3350 3341 3404 dicere
3362 3393 3377 3416 ,

1807 3436 1931 3480 ante
1969 3440 2162 3495 corpus
2199 3443 2317 3481 eam
2360 3428 2522 3482 fuisse
2553 3431 2798 3499 Domini,
2831 3446 3074 3502 agentem
3102 3438 3299 3507 aliquid
3330 3451 3385 3495 et

1809 3514 2075 3583 vigentem
2096 3557 2108 3577 ,
2139 3524 2190 3581 et
2232 3526 2414 3585 postea
2444 3524 2496 3570 tn
2525 3520 2754 3579 animam
2798 3522 2939 3578 illius
2985 3539 3382 3584 commutatam.

1810 3608 1964 3661 Aliud
1995 3617 2093 3671 est,
2122 3610 2166 3663 si
2198 3622 2419 3678 possunt
2447 3611 2513 3664 de
2542 3611 2831 3681 Scriptnris
2856 3616 3068 3681 docere,
3100 3633 3381 3691 antequam

1813 3712 2121 3753 nasceretur
2161 3715 2228 3753 ex
2271 3700 2431 3754 Maria
2454 3741 2468 3764 ,
2503 3699 2754 3755 habuisse
2794 3703 2931 3759 hanc
2958 3708 3188 3762 animam
3222 3712 3386 3768 Deum

1814 3788 2068 3855 Verbum,
2096 3800 2150 3844 et
2178 3799 2302 3843 ante
2330 3791 2508 3844 carnis
2535 3793 2950 3859 assumptionetn
2982 3797 3211 3850 animam
3248 3802 3389 3856 illius

1815 3890 2189 3948 nuncupatam.
2217 3879 2367 3944 Quod
2394 3879 2470 3948 (Ῑ)
2492 3879 2536 3931 si
2558 3889 2611 3932 et
2632 3881 2947 3951 auctoritate
2972 3883 3385 3954 Scripturarum,

1814 3983 1870 4027 et
1918 3974 2028 4040 ipsa
2073 3971 2344 4037 suscipere
2390 3969 2596 4024 ratione
2640 3982 2928 4039 coguntur,
2972 3972 3237 4030 Christum
3284 3996 3390 4035 non

1818 4063 2067 4118 habuisse
2096 4061 2325 4113 animam
2348 4100 2363 4123 ,
2390 4070 2672 4127 antequam
2696 4061 2763 4115 de
2790 4062 2950 4116 Maria
2983 4078 3290 4122 nasceretur
3313 4069 3390 4143 (in

1818 4151 2180 4219 as~utnptionc
2208 4149 2349 4204 enim
2390 4148 2618 4203 hominis
2660 4160 2713 4205 et
2752 4152 2927 4207 anima
2968 4155 3085 4223 ejus
3123 4171 3392 4229 assumpta

1819 4242 1923 4314 est)
1957 4241 2230 4311 perspicue
2268 4239 2654 4296 convincuntur
2686 4243 2927 4299 eamdem
2964 4248 3196 4301 animam
3239 4259 3296 4305 et
3332 4252 3398 4305 il-

1892 4456 1960 4521 (d)
1990 4454 2313 4521 _hliterB._P.
2332 4453 2862 4521 utarei-eammeam:
2885 4457 3215 4521 relinquentes.
3243 4474 3340 4517 etc.
3374 4466 3377 4473 '

1894 4515 1956 4584 (ε)
1990 4518 2108 4589 Haec
2145 4524 2208 4590 ut_
2230 4517 2280 4564 in
2318 4517 2467 4590 editis
2504 4515 2638 4590 libris
2669 4519 2958 4590 invenimus,
2983 4515 3047 4571 ita
3085 4515 3387 4590 reliquimus,

1825 4576 1989 4653 neque
2016 4579 2146 4657 enim
2165 4577 2350 4657 absque
2375 4576 2489 4657 Mss.
2511 4577 2744 4657 suffragio
2766 4576 2959 4657 restitui
2986 4576 3210 4657 possunt}:
3234 4603 3294 4636 ex
3322 4576 3395 4637 iu,-

1826 4638 1973 4711 genio
1996 4648 2159 4711 auﬁte'm
2183 4638 2369 4711 mutare
2394 4638 2645 4711 noluimus.
2670 4638 2835 4690 Sentit
2880 4638 3130 4711 enimvero
3152 4638 3396 4711 Theophi-

1827 4700 1920 4767 lus,
1945 4716 2011 4753 ex
2034 4700 2423 4767 Qrigeuistarum
2457 4700 2504 4762 ι,ι
2521 4702 2949 4767 icitispecessario
2976 4707 3135 4767 sequi,
3167 4715 3221 4757 ut
3259 4700 3392 4758 eam-

1828 4765 1941 4815 dem
1980 4760 2192 4833 aninaIm
2212 4767 2271 4832 _et
2296 4760 2661 4833 [nisse‘uomini
2684 4762 2827 4811 simul
2858 4769 2903 4812 et
2921 4777 3031 4832 .non
3052 4760 3201 4833 fuisse
3221 4769 3393 4821 dicere

1828 4830 2144 4887 cogerentur,
2183 4822 2674 4887 siquidein__animam
2707 4835 2822 4887 ιμιαξ
2854 4822 2988 4885 prius
3020 4822 3311 4886 sab:.titerat.
3349 4838 3395 4881 et

1828 4882 1937 4952 ante
1960 4882 2158 4952 carnem
2176 4882 2281 4952 ejus
2315 4882 2508 4952 condita
2538 4891 2659 4941 erat,
2686 4882 2773 4932 suo
2802 4882 2904 4945 ipse
2926 4887 3121 4952 corpori
3142 4882 3395 4952 copulavit.

1831 4950 1882 4998 Id
1918 4950 2101 5009 quippe
2132 4945 2444 5009 Adamantius
2484 4952 2789 4993 commentus
2824 4954 2934 5004 est,
2973 4945 3397 5009 animam'Cbristi

1831 4961 1882 4998 tu
1918 4962 2035 5009 (tllp
2071 4961 2101 4995 e
2132 4961 2444 4993 Adamantius
2484 4961 2789 4993 connueutus
2824 4961 2934 5004 est,
2973 4961 3180 5009 antotam
3217 4961 3397 5002 curisu

1829 4964 1998 5059 Verbo
2019 4961 2169 5055 fgisse
2192 5006 2511 5065 coniunctam,
2530 5011 2791 5112 alitquam
2809 5007 2998 5067 corpori
3021 5009 3368 5071 adiungeretur
3389 5028 3401 5062 :

1830 5070 1959 5112 nitor!
1992 5069 2074 5112 lib.
2107 5066 2155 5111 2.
2179 5078 2260 5112 nol
2290 5067 2414 5112 λονῦν
2444 5076 2549 5112 can.
2587 5065 2637 5112 ϐ.
2714 5066 2897 5112 tissime
2936 5070 3155 5112 exponit.
3200 5072 3259 5112 Δι
3291 5073 3401 5112 huic!

1830 5070 1959 5133 quod
1992 5069 2089 5133 lib._
2107 5066 2155 5111 2.
2179 5078 2260 5126 «ιρι
2290 5067 2426 5133 ius:
2444 5076 2549 5123 cap.
2587 5065 2637 5133 6_.
2667 5065 2907 5133 latissime
2936 5065 3259 5129 exponit.'At
3291 5073 3403 5123 beic

1832 5123 1981 5179 verba
1995 5128 2170 5189 quibus
2182 5123 2363 5173 sensus
2381 5123 2462 5172 ille
2481 5138 2542 5172 ex
2550 5125 2830 5190 primeudus
2849 5139 2936 5186 per
2958 5123 3119 5186 partes
3135 5143 3257 5190 erat,
3279 5136 3403 5190 adeo

1834 5186 2057 5238 laciniosa
2081 5194 2213 5249 sunt,
2249 5198 2432 5249 manca,
2465 5192 2514 5249 at
2535 5199 2621 5249 lue
2645 5186 2872 5249 impedita
2894 5224 2907 5247 ,
2934 5195 3036 5236 tum
3060 5191 3167 5249 bac,
3195 5186 3292 5244 tuin
3317 5188 3400 5244 se-

1832 5249 2004 5314 quenti
2039 5246 2269 5314 periodo,
2296 5246 2947 5314 idqnelibrariorttmculpa,
2974 5246 3243 5314 (integram
3270 5259 3399 5305 enim

1836 5304 2086 5377 periodum
2114 5304 2517 5377 excidisse—facile
2553 5304 2945 5377 crediderimlut
2965 5304 3161 5377 operam
3185 5304 3399 5377 perdere

1835 5367 2182 5436 'videattyj,_q_ui
2223 5379 2287 5436 ex
2309 5367 2612 5436 coniecturis
2635 5367 2866 5429 supplere
2892 5367 3035 5436 velit,
3059 5367 3207 5436 atque
3233 5391 3401 5427 cmen-

1834 5433 1972 5501 dare.
2010 5427 2338 5501 l‘lihilomilnus.
2365 5427 2512 5501 paulo
2542 5427 2988 5501 ἰηιὶςθζπξιςοηάζξηά
3026 5427 3403 5501 εδι,’1αεειιι1υιιι

1838 5494 2110 5546 videretur,
2142 5487 2421 5537 audendum
2441 5494 2526 5545 est,
2553 5497 2637 5537 aut
2657 5490 2771 5550 quid
2795 5487 2971 5541 simile.

1904 5554 1975 5614 (Γ)
2012 5552 2194 5599 Vitioso
2231 5551 2489 5599 verborum
2526 5550 2695 5599 ordine
2737 5557 3010 5615 erat,and
3046 5565 3093 5610 et
3124 5561 3168 5611 si
3198 5567 3407 5617 amtori-

1840 5623 1951 5672 (Illt’,
1978 5621 2072 5662 etc.
