4054 6192
94 288 199 341 801

103 399 299 453 dicitur
329 412 341 448 :
370 391 546 445 Creata
575 396 688 442 sunt
708 403 895 448 omnia,
928 393 1107 439 nosset
1133 384 1311 449 utique
1331 380 1397 433 ab
1426 381 1575 434 initio
1594 382 1667 435 ita

106 503 201 541 ens
229 483 490 539 conditas,
519 488 573 533 et
615 493 722 530 non
759 475 983 527 aliorum
1016 472 1336 534 socordiam,
1369 478 1423 523 et
1449 473 1500 522 in
1533 471 1670 523 infe-

110 581 251 630 riora
294 573 613 642 prolapsum,
642 567 975 620 occasionem
1015 562 1229 618 dedisse
1260 563 1387 623 Deo,
1417 571 1473 615 ut
1504 560 1620 612 illas
1653 599 1671 625 ,

110 666 470 732 l’tittcipaltts,
502 671 552 713 et
593 658 912 718 Potestates,
944 664 998 708 et
1046 653 1403 707 Fortitmlines
1443 650 1673 717 reliquas

113 754 411 809 nominaret
451 748 722 801 :niaxime
765 760 884 799 cum
933 752 1292 795 creaturarum
1338 738 1673 807 pulchritudo

109 848 365 900 consistat
389 841 437 892 in
469 839 655 890 ordine
684 838 1019 904 dignitatum.
1053 831 1128 902 (a)
1151 832 1540 885 Sicuteuimde
1562 830 1675 881 sole

108 945 159 988 et
190 935 310 986 luna
332 971 345 992 ,
378 938 433 981 et
473 927 641 980 stellis
689 927 941 992 scriptum
992 934 1071 976 est
1104 940 1117 975 :
1156 940 1173 971 ι
1208 921 1358 975 Fecit
1402 921 1539 972 Deus
1567 920 1674 971 duo

110 1021 390 1077 luminaria
420 1033 605 1086 magna
636 1035 650 1071 τ
684 1017 944 1068 luminare
973 1014 1165 1081 majus,
1198 1024 1249 1066 ιιι
1276 1012 1672 1081 pricessetdiei,

108 1122 161 1165 et
198 1110 461 1163 luminare
492 1106 702 1171 minus,
734 1116 789 1158 ut
812 1115 1063 1173 ννειιινεςοι
1095 1104 1235 1157 nocti
1266 1146 1280 1168 ,
1314 1114 1365 1155 et
1394 1105 1592 1166 stellas,
1624 1114 1678 1157 et

106 1202 286 1270 posuit
330 1200 447 1251 illas
492 1198 542 1249 in
589 1197 923 1249 firmamento
962 1195 1103 1257 cmli,
1136 1207 1191 1247 ut
1236 1195 1473 1247 lueerent
1518 1209 1678 1259 super

110 1305 306 1342 terram
344 1306 362 1339 ι
412 1285 562 1353 (Gen.
596 1284 647 1356 1)
677 1328 692 1350 ,
726 1301 824 1339 nec
856 1286 1128 1353 pnemimn
1170 1285 1428 1337 bonorum
1456 1299 1675 1352 operum

107 1380 444 1446 reciperent,
476 1386 532 1429 ut
568 1384 689 1445 post
730 1374 1089 1427 conditiOnem
1134 1373 1213 1424 sui
1246 1371 1297 1425 itt
1346 1373 1678 1423 firmamento

106 1470 226 1522 caeli
258 1468 519 1529 lucercnt,
552 1475 604 1515 et
646 1463 836 1516 dielms
861 1462 972 1515 sive
1005 1462 1244 1514 noctibus
1285 1461 1632 1514 succederent
1659 1476 1674 1524 ;

108 1560 185 1611 sie
210 1556 546 1622 Principatus
567 1562 619 1606 et
645 1553 961 1615 Potestates,
996 1568 1112 1619 qme
1141 1552 1190 1603 in
1218 1551 1475 1605 caelorum
1502 1551 1676 1615 regio-

110 1648 265 1699 nibus
306 1644 533 1697 condita:
582 1651 740 1707 sunt,
788 1658 891 1694 non
939 1650 1056 1708 post
1102 1640 1237 1693 bona
1280 1655 1439 1707 opera
1484 1641 1533 1692 in
1568 1640 1679 1692 lucc

112 1736 401 1805 profecisse
420 1733 701 1787 sentimus.
732 1732 823 1784 sed
846 1734 921 1782 sic
946 1730 1013 1782 ab
1040 1730 1188 1781 initio
1209 1728 1481 1782 conditas:
1508 1744 1679 1795 neque

111 1828 249 1879 enim
290 1825 537 1892 Origenis
577 1833 627 1876 et
655 1821 1037 1888 discipulorum
1073 1820 1187 1887 ejus
1219 1820 1486 1872 imitamur
1529 1833 1680 1871 erro-

117 1931 249 1980 rem,
276 1916 364 1983 qui
393 1923 581 1983 putant
604 1918 653 1966 in
684 1912 1029 1966 similitudine
1057 1910 1114 1983 [Ι.
1141 1909 1544 1981 similitudinem]
1571 1912 1680 1963 dac-

113 2021 326 2059 tnonum
350 2016 405 2060 et
427 2005 644 2067 diaboli,
673 2006 761 2073 qui
795 2004 1004 2072 propria
1032 2004 1300 2056 voluntate
1323 2002 1443 2055 talia
1467 2003 1679 2055 nomina

110 2096 391 2164 ofliciaque
437 2096 608 2149 sortiti
656 2103 799 2157 sunt,
848 2093 1188 2162 Principatus
1238 2102 1292 2146 et
1334 2092 1633 2146 Potestates
1662 2134 1679 2158 ,

118 2186 344 2240 Virtutes
374 2197 431 2241 et
457 2187 723 2248 Tlironos,
755 2194 808 2239 et
836 2186 1233 2239 Dominationes
1264 2193 1380 2253 post
1416 2185 1683 2238 conditio-

111 2292 233 2330 nem
260 2278 364 2341 sui,
396 2278 523 2330 lnmi
551 2276 746 2341 aliquid
776 2287 1129 2346 perpetrasse,
1178 2286 1233 2328 ut
1275 2277 1393 2329 aliis
1431 2276 1495 2330 ad
1547 2278 1681 2331 infe-

111 2366 248 2419 riora
277 2366 533 2434 delapsis,
610 2365 768 2437 595
841 2365 905 2419 ad
939 2366 1147 2419 excelsa
1171 2366 1611 2427 conscenderent,
1631 2375 1687 2421 et

114 2455 194 2509 bis
225 2458 538 2510 nominibus
578 2457 979 2525 insignirentur,
1029 2457 1281 2509 habentes
1312 2466 1513 2525 postea,
1546 2457 1684 2524 quod

116 2547 261 2613 prius
288 2564 391 2601 non
434 2548 750 2602 habuerant.
780 2550 911 2615 Qua:
940 2547 1203 2610 dicentes,
1236 2565 1338 2601 non
1367 2550 1683 2618 intelligunt,

115 2634 258 2688 Pauli
286 2650 344 2690 se
372 2638 658 2691 sententize
684 2639 972 2701 contraire,
999 2641 1049 2690 in
1070 2638 1283 2691 Christo
1306 2649 1513 2692 creatos
1538 2640 1688 2692 Prin-

114 2727 338 2792 cipatus,
370 2738 431 2781 et
458 2728 775 2787 Porestates,
807 2737 861 2780 et
885 2727 1156 2792 Tlironos,
1186 2738 1237 2781 et
1267 2729 1685 2794 Dominationes,

117 2816 400 2884 loquentis.
440 2818 591 2885 Quod
621 2827 797 2872 autem
830 2818 978 2879 dicit,
1023 2828 1249 2883 creatos,
1297 2820 1425 2873 nulli
1472 2820 1687 2872 dubium

116 2914 215 2967 est,
244 2907 370 2975 quin
404 2908 487 2960 sic
515 2908 581 2960 ab
609 2908 827 2961 exordio
856 2907 1053 2961 conditi
1096 2908 1225 2973 sint,
1258 2918 1311 2963 et
1354 2924 1459 2963 non
1508 2922 1689 2977 postea

116 2994 414 3050 tstiusmodi
449 2996 750 3063 aeciqierint
778 2996 1080 3065 dignitates.

185 3083 270 3137 15.
306 3084 380 3138 De
400 3085 603 3153 Spiritu
627 3085 833 3138 Sancto.
860 3115 930 3125 —
955 3086 1146 3139 Verum
1172 3087 1285 3141 hare
1309 3089 1542 3143 breviter
1570 3105 1692 3143 san-

121 3171 261 3227 xisse
289 3174 523 3227 sufficiat
556 3192 568 3226 :
600 3175 665 3227 ad
693 3175 848 3227 aliam
893 3175 1008 3243 ejus
1040 3176 1315 3230 veniamus
1343 3179 1689 3247 impietatem,

115 3275 275 3326 quam
318 3264 468 3317 velut
510 3262 578 3316 de
622 3262 1052 3332 profundissimis
1081 3266 1310 3319 tenebris
1336 3279 1582 3322 eructans
1614 3272 1693 3324 lo-

118 3351 322 3419 quitur,
352 3362 407 3406 et
452 3352 894 3420 hlaSphemiarum
934 3370 1148 3407 suarum
1178 3357 1458 3423 pessimam
1499 3361 1695 3415 mundo

122 3439 334 3507 reliquit
353 3443 683 3495 memoriam.
715 3442 849 3495 Dicit
874 3443 1013 3495 enim
1041 3443 1292 3511 Spiritum
1320 3444 1570 3500 Sanctum
1590 3465 1691 3503 non

123 3531 329 3594 operari
362 3548 423 3586 ea
452 3548 570 3600 qua.
596 3532 673 3602 ib)
702 3533 930 3586 inanima
960 3544 1102 3597 sunt,
1133 3551 1229 3588 nec
1256 3536 1320 3589 ad
1353 3536 1692 3592 irrationabi-

124 3617 188 3669 lia
221 3626 518 3688 pervenire.
550 3624 701 3692 Quod
733 3639 981 3679 asserens
1008 3642 1110 3679 non
1141 3629 1416 3696 recogitat,
1446 3645 1609 3697 aquas
1641 3632 1693 3684 in

129 3705 445 3776 baptismate
474 3715 724 3784 mysticus
764 3716 992 3768 adventu
1024 3718 1199 3769 Sancti
1245 3719 1472 3784 Spiritus
1496 3736 1691 3773 conse-

124 3800 257 3852 erari
294 3818 308 3854 :
342 3803 644 3874 Panemque
671 3805 1018 3869 Dominicmu,
1046 3822 1151 3873 quo
1177 3806 1468 3859 Salvatot'is
1488 3808 1695 3876 Corpus

123 3892 453 3955 ostenditur,
499 3903 551 3945 et
593 3911 748 3962 quem
796 3895 1081 3960 frangimus
1131 3896 1181 3947 in
1223 3898 1517 3949 sanctificat
1538 3914 1694 3951 ouem

127 3984 290 4033 nostri
320 4000 331 4033 :
358 3996 411 4038 et
457 4000 667 4037 sacrum
711 3987 930 4037 calicem
963 3983 1101 4054 (qua:
1130 3986 1179 4035 iu
1228 4001 1407 4039 mensa
1449 3989 1697 4042 Ecclesia:

123 4070 461 4126 collocantur
482 4084 534 4126 et
563 4074 740 4141 utique
763 4073 991 4125 inanima
1016 4071 1161 4143 sunt)
1187 4090 1279 4141 per
1310 4076 1695 4131 invocationem

122 4166 177 4209 et
208 4160 491 4215 adventum
522 4164 701 4215 Sani-ti
732 4164 961 4230 Spiritus
988 4164 1326 4215 sanctilicari.
1370 4164 1425 4218 Si
1456 4166 1521 4219 ad
1565 4168 1697 4220 irra-

129 4249 423 4319 tionabilia,
453 4266 507 4308 et
536 4254 601 4307 ad
643 4270 726 4317 ea,
754 4270 876 4322 qua:
902 4254 1101 4319 absque
1130 4254 1304 4307 anima
1336 4266 1479 4320 sunt,
1519 4256 1696 4311 Sancti

133 4337 361 4405 Spiritus
404 4345 659 4398 fortitudo
707 4359 810 4396 non
860 4344 1133 4409 pervenit,
1181 4359 1277 4398 cur
1310 4346 1470 4399 David
1516 4348 1695 4401 canit:

136 4427 243 4490 Quo
270 4431 415 4487 abibo
451 4451 482 4486 α
511 4434 709 4501 Spiritu
734 4443 818 4485 tuo
847 4430 962 4501 (Ps.
995 4434 1044 4486 1.
1078 4433 1162 4486 58.
1191 4433 1291 4503 8)?
1316 4434 1465 4501 Quod
1496 4438 1697 4502 dicens,

133 4524 359 4577 ostendit
381 4526 577 4579 Sancto
602 4526 797 4593 Spiritu:
826 4526 1002 4577 omnia
1034 4527 1315 4586 contineri.
1339 4539 1391 4581 et
1418 4528 1556 4583 illius
1585 4545 1697 4583 ina-

131 4605 319 4671 jestate
345 4615 662 4670 circumdari
696 4633 708 4669 :
737 4616 780 4667 si
826 4616 1004 4667 omnia
1055 4616 1105 4667 iu
1142 4617 1407 4682 omnibus,
1439 4620 1621 4686 utique
1650 4630 1702 4673 et

137 4749 330 4807 veteres
353 4750 593 4807 lrzecipue
619 4746 963 4795 Grammaticos
987 4745 1211 4806 exempla
1244 4761 1338 4794 non
1362 4748 1589 4796 deerunt.
1617 4750 1698 4797 Si-

139 4802 510 4871 [Itileestjquod
537 4816 757 4871 notamus
780 4808 898 4871 infra
934 4808 1072 4855 initio
1093 4802 1246 4867 Epist.
1272 4808 1329 4855 ad
1354 4808 1599 4869 ltiparinm
1635 4812 1699 4859 de

140 4858 515 4932 Vigi.|autio':_de
539 4867 612 4932 [iis
647 4869 790 4917 rebus
821 4858 1284 4929 interrogem-Qum.
1318 4876 1362 4916 et
1400 4858 1617 4932 proferre
1653 4858 1699 4920 et

140 4923 629 4991 (tudirqsacrilegium
652 4936 736 4979 est.

178 5037 189 5054 ε
208 4977 271 5041 (al
312 4977 489 5054 lterum
501 4977 729 5054 "cogente
767 4990 997 5040 orationis
1020 4990 1179 5047 serie,
1206 4988 1332 5038 sicut
1357 4987 1583 5051 legimus,
1610 5004 1700 5054 pro

142 5047 349 5147 δινιὲυοό
374 5057 513 5097 antea
536 5047 799 5112 obtinebat,
823 5054 1107 5112 imperiecto
1129 5063 1295 5097 sensu.

210 5099 221 5147 ί
260 5102 272 5147 l
311 5106 489 5147 διυιὶηο
527 5123 692 5147 orrum!
750 5114 829 5147 ιιιιί
869 5120 1029 5147 lnam)"
1073 5110 1218 5147 Iilwns'
1255 5124 1295 5147 nl

210 5099 279 5173 (ω
311 5106 489 5168 Supino
527 5123 712 5173 errore,
750 5099 831 5172 qui
869 5099 1031 5160 tamen
1072 5110 1218 5159 libros
1255 5122 1428 5173 omnes
1464 5115 1695 5173 pervasit,

142 5168 367 5229 illtum
394 5178 495 5218 erat
519 5170 567 5217 iu
588 5168 747 5219 anima
764 5168 950 5220 duobus
976 5172 1154 5222 verbis,
1178 5186 1268 5218 nou
1295 5172 1407 5218 lteic
1427 5168 1585 5229 modo,
1609 5168 1697 5222 sed

144 5222 273 5293 ipfea.
301 5232 443 5293 etiam
464 5269 476 5290 ,
505 5242 596 5278 nec
618 5232 802 5289 semel,
829 5244 892 5281 ne
916 5232 1198 5293 typographi
1223 5232 1453 5293 tuendutn
1480 5222 1695 5293 putares.

143 5278 325 5352 Sedita
350 5278 627 5352 legeitdutn,
654 5300 705 5339 ut
736 5278 1061 5347 ementlaitiusu,
1103 5278 1291 5339 s'cnsus
1313 5278 1500 5340 clamat:
1529 5278 1700 5342 Confe;

142 5347 323 5413 rendus
354 5347 494 5410 porro
528 5361 602 5399 est
626 5352 804 5401 'l‘omus
837 5353 1081 5401 secundus
1120 5352 1349 5413 Origeuis
1386 5355 1431 5401 in
1465 5352 1700 5400 Joannem

143 5412 235 5478 tum
262 5404 401 5478 longe
423 5429 449 5461 a
474 5414 587 5469 line,
609 5414 688 5478 ubi
715 5428 869 5474 Xpmafi
888 5427 949 5473 μιν
964 5426 1082 5478 eam
1097 5404 1258 5478 multo
1276 5426 1323 5462 vi
1338 5426 1474 5478 aqua,
1500 5427 1607 5470 uiue
1625 5426 1703 5478 ra-

140 5466 263 5535 tione
286 5466 483 5535 quidem
511 5466 718 5531 prtcdita
739 5466 846 5522 sunt
868 5466 1026 5523 ouium
1050 5466 1165 5521 (Ἰὶνὶ
1188 5466 1290 5522 tum
1309 5466 1600 5535 participare
1618 5474 1702 5521 do-

140 5533 255 5595 ςξυιι,
281 5542 426 5595 secus
446 5534 537 5580 alia
561 5547 571 5580 :
599 5542 696 5581 tuin
718 5537 954 5594 superiori
981 5543 1108 5583 tomo
1132 5535 1212 5595 ubi
1240 5533 1410 5595 triplex
1437 5533 1604 5584 rerum
1625 5548 1700 5582 ra-

139 5590 270 5637 tione
294 5590 577 5651 pollentium
610 5590 979 5655 genus-statuit,
1006 5590 1322 5654 Angeloruni,
1348 5596 1621 5653 Hominum,
1646 5603 1700 5645 et

139 5664 204 5695 un
224 5664 472 5714 ητσιδονίυν.
495 5656 598 5705 sive
617 5656 912 5705 iufernortun
940 5659 1066 5704 inter
1085 5670 1194 5716 quae
1218 5658 1481 5704 dat-mones.

1451 270 1769 325 EPISTULA
1802 269 2027 324 XCVIII.

3240 279 3345 334 802

1776 380 2175 444 irrationabilia,
2218 391 2271 437 et
2321 381 2552 438 inanima
2595 392 2741 438 sunt.
2792 398 2857 440 et
2900 387 3025 443 subl
3071 388 3341 458 legimus:

1777 470 2001 538 Spiritus
2030 470 2232 525 Domini
2261 473 2471 540 ruplevit
2510 471 2677 527 orbem
2716 484 2964 529 terrarum
2988 478 3143 546 (Sap.
3180 482 3229 533 1.
3262 482 3342 547 7).

1775 560 1925 626 Quod
1953 577 2222 630 nunquam
2262 564 2533 631 Scriptura
2563 574 2902 627 memoraret,
2934 565 3034 619 nisi
3062 568 3343 623 irrationa-

1778 652 1899 705 bilia
1922 669 2165 721 qua'qne,
2189 663 2244 708 et
2265 654 2495 708 inanima
2524 656 2662 708 illius
2688 656 2905 711 numine
2929 659 3343 725 complerentur.

1781 740 1972 794 Verum
2006 758 2109 795 non
2138 754 2218 795 est
2262 752 2548 797 contentus
2592 744 2693 797 hoc
2725 746 2828 799 line
2857 745 3219 810 hlaSphetnize,
3250 751 3340 803 sed

1780 832 1829 883 in
1861 847 2060 882 morem
2105 831 2476 894 lunaticorum,
2522 834 2609 899 qui
2643 833 2873 886 furorem
2918 850 3070 887 sumu
3121 837 3347 893 illisione

1779 922 2037 984 dentium,
2067 932 2118 975 et
2149 922 2506 989 Spttmantium
2538 924 2823 977 salivarnm
2856 926 3117 990 ejectimte
3146 938 3348 980 testan-

1782 1020 1885 1073 tur,
1918 1028 2126 1065 l'UISlltII
2155 1022 2378 1071 eructat,
2420 1022 2471 1066 et
2510 1012 2638 1067 dicit
2669 1013 2858 1066 Filium
2907 1016 3016 1080 Dei,
3049 1016 3097 1069 id
3125 1026 3226 1078 est,
3260 1034 3347 1070 ra-

1783 1100 1978 1153 tionem
2008 1100 2106 1171 (τὸν
2126 1102 2317 1170 Λόγον),
2348 1112 2399 1155 et
2426 1118 2749 1163 sermonem,
2779 1119 2838 1155 ac
2861 1104 3102 1157 virtutem
3126 1108 3258 1173 ejus,
3282 1108 3346 1159 ad

1780 1206 1841 1243 ea
1876 1198 2077 1243 tantum
2123 1208 2241 1258 qua:
2283 1193 2615 1245 rationabilia
2662 1204 2805 1253 sunt,
2857 1197 3151 1261 pervenire.
3196 1196 3347 1261 Quod

1784 1281 2021 1344 audiens,
2054 1283 2217 1335 miror
2246 1285 2385 1337 unde
2411 1284 2717 1351 sumpserit,
2748 1294 2836 1337 aut
2863 1286 3130 1354 quomodo
3158 1287 3349 1353 legisse

1781 1388 1840 1425 se
1886 1374 2084 1426 nesciat
2118 1392 2130 1426 :
2168 1374 2349 1427 ()muia
2390 1393 2477 1442 per
2516 1379 2680 1440 ipsum
2712 1377 2845 1443 facta
2874 1390 2988 1429 sunt
3018 1380 3033 1445 (
3065 1378 3221 1430 Joan.
3251 1378 3303 1450 1)
3332 1397 3346 1433 :

1782 1478 1844 1514 ex
1867 1464 2331 1531 quuapprobatur,
2355 1465 2420 1517 ad
2446 1476 2633 1519 cuncta
2669 1466 2821 1519 Verbi
2859 1468 2947 1519 Dei
2982 1467 3347 1523 fortitudinem

1785 1554 2083 1619 pervenire.
2112 1553 2353 1606 Forsitan
2384 1556 2582 1607 oblitus
2606 1566 2659 1606 et
2683 1557 2825 1609 illius
2853 1557 3107 1618 historias,
3140 1561 3350 1627 quando

1783 1642 1974 1695 virtute
2004 1643 2199 1697 Christi
2239 1643 2465 1696 Lazarus
2539 1646 2698 1716 596
2768 1650 3049 1701 suscitatus
3079 1650 3351 1717 est,eujus

1785 1733 1963 1797 utique
1988 1747 2201 1799 corpus,
2232 1749 2297 1784 eo
2336 1742 2576 1800 tempore
2603 1752 2707 1801 quo
2735 1736 2800 1787 de
2831 1747 3001 1789 morte
3022 1740 3267 1804 surgebat
3300 1741 3351 1791 in

1783 1820 1963 1882 vitam,
1985 1822 2249 1884 ntanima,
2271 1823 2335 1873 ita
2356 1831 2409 1875 et
2432 1826 2831 1876 rationecnruit.
2853 1824 3060 1891 Ignorat
3076 1827 3113 1877 it
3129 1838 3180 1879 et
3200 1827 3350 1892 illttd,

1783 1912 1923 1978 quod
1942 1912 2008 1964 de
2038 1912 2270 1979 quinque
2294 1913 2519 1979 panibus
2541 1916 2772 1982 quinque
2791 1915 2951 1966 millia
2978 1924 3208 1968 saturata
3231 1926 3355 1970 sunt

1787 2002 2081 2065 hominum,
2111 2003 2348 2070 exet-ptis
2375 2004 2710 2067 mulieribus,
2742 2014 2793 2057 et
2820 2005 3107 2057 infantibus
3134 2024 3147 2057 :
3179 2019 3232 2059 et
3257 2020 3348 2058 su-

1788 2094 2095 2160 perfuerunt
2138 2093 2419 2146 duodecim
2452 2094 2661 2161 cupbini
2697 2092 3111 2160 fragmentorum
3142 2094 3351 2164 (Matth.

1791 2179 1896 2251 Η).
1926 2181 2072 2247 Quod
2101 2182 2286 2251 utique
2324 2182 2525 2235 Christi
2556 2183 2807 2235 fortitudo
2836 2183 3071 2251 perfecit.
3114 2186 3356 2238 Arbitror

1787 2286 1908 2323 eum
1936 2287 2035 2325 nec.
2073 2272 2210 2324 illius
2241 2270 2481 2323 miraculi
2512 2272 2867 2336 recordatum,
2898 2274 3109 2341 quando
3149 2273 3357 2326 irratio-

1791 2362 1991 2415 nabiles
2022 2362 2182 2415 maris
2212 2362 2406 2416 ﬂuctus
2433 2363 2613 2415 divino
2641 2364 2855 2416 calcans
2883 2363 3032 2430 pede,
3064 2366 3359 2432 tranquilli-

1792 2456 1881 2507 tati
1910 2455 2266 2523 navigantium
2297 2454 2549 2509 reddidit.
2577 2454 2706 2519 Qua:
2734 2455 2929 2509 Christi
2956 2457 3141 2519 virtus,
3172 2466 3226 2509 et
3250 2472 3355 2509 non

1790 2548 2008 2599 alterius
2054 2548 2280 2615 patravit
2326 2547 2630 2615 imperium.
2660 2545 2938 2611 Quomodo
2962 2562 3089 2616 ergo
3113 2561 3219 2599 non
3249 2556 3361 2599 toto

1792 2636 1953 2689 corde
1994 2646 2047 2689 et
2074 2637 2251 2688 animo
2277 2644 2331 2689 et
2360 2650 2586 2703 corpore
2611 2637 2985 2704 perhorrescit,
3016 2636 3217 2698 dicens,
3250 2637 3358 2688 for-

1793 2726 2067 2778 titudinem
2090 2724 2250 2778 Verbi
2273 2724 2364 2779 Dei
2386 2724 2772 2778 irrationabiles
2788 2735 3058 2778 creaturas
3084 2739 3186 2777 non
3207 2740 3365 2793 posse

1794 2816 2133 2883 pertingere?
2165 2816 2226 2868 Et
2248 2816 2335 2881 qui
2358 2815 2525 2883 jactat
2546 2828 2604 2867 se
2624 2815 2673 2867 in
2704 2815 2925 2869 scientia
2945 2814 3358 2883 Ser-ipturarnm,

1793 2915 1844 2956 et
1863 2914 2005 2972 putat
2030 2913 2173 2957 tanta
2198 2904 2414 2973 legisse,
2438 2912 2633 2972 quanta
2661 2904 2837 2957 nullus
2860 2904 3131 2955 hominum
3155 2904 3364 2971 legerit,

1794 2998 1926 3048 sciat
1941 2996 2219 3063 scriptum,
2239 2994 2378 3064 quod
2397 3004 2716 3063 :rgrotantes
2740 2994 2790 3046 in
2813 2994 3017 3046 lectulis
3032 2993 3359 3055 deferebant,

1794 3097 1847 3140 et
1874 3090 2140 3154 ponebant
2168 3089 2219 3141 in
2266 3086 2431 3140 triviis
2456 3096 2511 3139 et
2554 3086 2761 3153 plateis,
2804 3094 2857 3136 nt
2887 3083 3029 3138 Petri
3060 3100 3154 3138 eos
3180 3084 3364 3138 umbra

1795 3178 2133 3244 contingeret
2158 3187 2210 3229 et
2241 3186 2455 3230 sanaret
2482 3175 2616 3247 (Art.
2644 3174 2719 3245 5),
2749 3176 2887 3243 quod
2915 3190 3062 3227 sacra
3085 3174 3365 3243 Apostolo-

1798 3285 1911 3321 rum
1936 3270 2063 3322 Acta
2090 3277 2374 3327 testantur,
2402 3267 2673 3335 arguentia
2696 3266 2940 3331 Origenis
2968 3267 3265 3328 stultitiam,
3295 3265 3365 3336 (c)

1798 3376 1891 3428 per
1921 3375 2039 3426 qua:
2070 3359 2119 3411 id
2161 3360 2534 3426 Apostolorum
2566 3358 2752 3410 umbra
2790 3357 2975 3410 fecisse
2998 3356 3327 3409 convincitur
3349 3396 3365 3421 ,

1797 3450 1934 3519 quod
1959 3450 2047 3504 ille
2073 3449 2262 3503 Filium
2292 3448 2408 3514 Dei,
2439 3448 2669 3503 Verbum
2695 3446 2787 3503 Dei
2816 3462 2921 3500 non
2950 3445 3183 3516 potui~se
3205 3454 3367 3500 testa-

1800 3552 1901 3595 tur.

1869 3634 1957 3686 Η.
1994 3632 2069 3687 De
2103 3631 2427 3685 Providentia
2456 3630 2565 3685 Dei.
2594 3659 2667 3671 —
2693 3629 2861 3683 Simili
2890 3645 3072 3684 errore
3092 3628 3367 3697 deceptus,

1798 3734 1849 3778 et
1896 3726 2139 3778 nesciens
2172 3724 2296 3791 quid
2330 3724 2595 3792 loquatur,
2628 3721 2708 3792 (d)
2735 3738 2917 3774 eorum
2949 3722 3034 3788 qui
3065 3722 3249 3773 nolunt
3278 3721 3371 3773 Dei

1802 3816 2186 3881 providentiam
2229 3828 2394 3879 usque
2436 3813 2499 3862 ad
2542 3825 2727 3863 onmes
2764 3821 3055 3870 creaturas,
3098 3817 3150 3860 et
3191 3809 3372 3861 tutnnli

1802 3904 2046 3954 inferiora
2078 3902 2402 3953 descendere
2423 3940 2436 3959 ,
2464 3900 2555 3951 sed
2590 3908 2790 3949 tantum
2835 3898 2885 3948 in
2915 3900 3170 3949 caelorum
3198 3901 3367 3963 regio-

1803 3994 1956 4043 nilms
1985 3990 2329 4049 commorari,
2360 3998 2415 4039 ιιι
2442 3988 2645 4040 scilicet
2676 3986 2725 4038 id
2758 3987 2942 4039 umbra
2971 3985 3152 4038 fecerit
3183 3986 3323 4038 Petri
3354 4027 3370 4049 ,

1804 4080 1945 4149 quod
1992 4080 2213 4146 implere
2238 4078 2527 4131 Salvatoris
2570 4076 2821 4129 fortitudo
2852 4092 2956 4129 non
2994 4078 3235 4144 quiverit.
3266 4077 3370 4131 Sed

1802 4182 1856 4224 et
1881 4172 1944 4223 ad
1977 4172 2064 4222 illa
2098 4170 2375 4222 veniamus
2406 4185 2420 4221 :
2452 4165 2709 4233 Apostolo
2748 4167 2889 4219 enini
2918 4166 2985 4220 de
3024 4167 3376 4235 primogenita

1806 4260 1939 4313 Filio
1988 4259 2076 4313 Dei
2130 4259 2406 4327 perspicue
2453 4258 2816 4326 proclamante
2856 4273 2872 4309 :
2914 4275 2932 4308 ι
2966 4256 3076 4310 lloc
3114 4257 3374 4326 intelligat

1806 4354 2170 4421 unusquisque
2201 4353 2251 4404 in
2284 4351 2456 4415 nobis,
2502 4348 2641 4418 quod
2680 4358 2733 4402 ct
2764 4348 2814 4401 in
2860 4348 3071 4402 Christo
3110 4348 3253 4411 Jcsu,
3288 4348 3376 4416 qui

1803 4460 1923 4496 cum
1963 4445 2013 4496 in
2046 4443 2214 4496 forma
2248 4442 2339 4495 Dei
2370 4451 2531 4502 esset,
2563 4454 2667 4493 non
2710 4441 2945 4508 rapinam
2975 4440 3258 4494 arbitratus
3296 4449 3380 4493 est

1804 4550 1925 4588 esse
1953 4548 2013 4586 se
2043 4533 2300 4600 aequalem
2333 4530 2474 4593 Deo,
2506 4530 2599 4583 sed
2632 4530 2868 4597 seipsum
2909 4529 3228 4592 cxinanivit,
3271 4527 3381 4581 for-

1807 4637 1944 4675 mam
1975 4622 2115 4676 servi
2146 4620 2415 4688 accipiens
2450 4639 2468 4671 ι
2503 4620 2726 4688 (Philip.
2755 4619 2813 4687 9)
2841 4637 2853 4671 :
2883 4619 2972 4672 ille
2997 4633 3155 4671 ausus
3184 4626 3265 4671 est
3295 4617 3379 4669 dio

1804 4729 1951 4779 cere,
1972 4713 2111 4782 quod
2130 4713 2303 4765 anima
2322 4710 2618 4764 Salvatoris
2638 4724 2695 4762 se
2712 4708 3064 4769 evacuavcrit,
3081 4717 3132 4759 et
3154 4705 3379 4759 fortnam

1805 4805 1943 4857 servi
1963 4804 2249 4873 acceperit,
2270 4811 2325 4855 ut
2345 4801 2578 4855 Joannes
2597 4800 2850 4851 mentitus
2865 4810 2981 4850 esse
2999 4795 3268 4857 credatur,
3289 4796 3377 4862 qui

1804 4894 2141 4948 aitzl’erbum
2171 4909 2289 4945 caro
2314 4898 2501 4961 factum
2530 4900 2599 4941 est
2623 4889 2798 4956 (Joau.
2827 4885 2899 4955 l),
2927 4886 3153 4938 similem
3184 4895 3381 4937 nostra:

1804 4986 2094 5040 conditioni
2124 4986 2369 5052 ingerens
2396 4981 2748 5039 Salvatorem,
2775 4978 2897 5029 dum
2927 4991 3031 5029 non
3057 4985 3137 5029 est
3159 4976 3379 5043 ipsequi

1804 5092 1862 5131 se
1887 5074 2184 5137 evacuavit,
2217 5081 2273 5126 et
2298 5073 2519 5124 formam
2541 5069 2682 5123 servi
2703 5066 2907 5135 accepit
2937 5082 2950 5119 :
2984 5064 3077 5121 sed
3108 5062 3177 5136 (ε)
3206 5066 3381 5119 anima

1874 5289 1933 5397 (cl
1970 5288 2156 5337 Vitiose
2191 5290 2313 5343 erat,
2350 5298 2436 5346 per
2476 5297 2636 5348 quam,
2670 5290 2726 5332 ut
2754 5282 2971 5332 referres
3010 5283 3068 5332 ad
3112 5281 3381 5344 stultitiam,

1874 5367 1913 5397 Ut
1957 5350 2159 5397 resnicit
2184 5347 2503 5397 Apostolorum
2537 5354 2661 5394 acta.
2688 5344 3061 5393 Emendavimns
3084 5357 3146 5393 ex
3171 5344 3229 5392 Β.
3256 5344 3314 5393 Ρ.

1805 5344 1936 5413 quod
1957 5350 2159 5413 respicit
2184 5344 2503 5409 Apostolorum
2537 5354 2661 5394 acta.
2688 5344 3061 5413 Emendavimus
3084 5357 3146 5413 ex
3171 5344 3314 5413 lt.‘P.

1874 5408 1940 5471 (tl)
1984 5404 2055 5456 Ut‘
2069 5404 2243 5456 sensus
2266 5416 2529 5471 utcumque
2552 5413 2756 5471 constet,
2770 5405 3077 5471 suiipleheic
3098 5404 3211 5471 loci,
3231 5405 3385 5471 factus

1804 5465 2114 5526 est'scctator,
2142 5478 2223 5517 aut
2242 5468 2362 5522 dtur,
2390 5465 2474 5517 aut
2495 5467 2609 5530 qttid
2630 5465 2807 5524 simile,
2832 5468 2957 5527 quod
2980 5468 3174 5514 omnino
3199 5468 3387 5516 excutit

1806 5531 2112 5581 librariorum
2135 5530 2407 5577 osci.antia.

1877 5590 1937 5654 (el
1976 5590 2253 5654 Erat_alio,
2281 5596 2332 5637 et
2366 5589 2608 5654 contrario
2628 5587 3009 5654 sensunnimam
3048 5592 3096 5637 in
3135 5592 3385 5639 acr‘ttsamli

1811 5648 1944 5714 casu,
1971 5668 2078 5703 cum
2102 5651 2286 5714 liquido
2310 5652 2521 5699 auctoris
2553 5661 2692 5696 mens
2716 5648 2826 5695 velit
2852 5650 2900 5695 ia
2927 5658 3067 5698 red»
