  <div class='ocr_page' id='page_1' title='image "/cluster/home/n/w/nwhite01/storage/ocr_20150623/22/uva.x000826587/476.png"; bbox 0 0 4054 6192; ppageno 0'>
   <div class='ocr_carea' id='block_1_1' title="bbox 85 367 1639 458">
    <p class='ocr_par' dir='ltr' id='par_1_1' title="bbox 85 367 1639 458">
     <span class='ocr_line' id='line_1_1' title="bbox 85 367 1639 458; baseline 0.001 -27"><span class='ocrx_word' id='word_1_1' title='bbox 85 389 165 432; x_wconf 89' lang='lat' dir='ltr'><strong>ms</strong></span> <span class='ocrx_word' id='word_1_2' title='bbox 205 384 262 434; x_wconf 89' lang='lat' dir='ltr'><strong>et</strong></span> <span class='ocrx_word' id='word_1_3' title='bbox 305 367 679 447; x_wconf 59' lang='lat' dir='ltr'><strong>primogenita</strong></span> <span class='ocrx_word' id='word_1_4' title='bbox 724 375 900 432; x_wconf 82' lang='lat' dir='ltr'><strong>omnis</strong></span> <span class='ocrx_word' id='word_1_5' title='bbox 940 382 1220 458; x_wconf 60' lang='lat' dir='ltr'><strong>creaturae,</strong></span> <span class='ocrx_word' id='word_1_6' title='bbox 1266 391 1364 432; x_wconf 91' lang='lat' dir='ltr'><strong>nec</strong></span> <span class='ocrx_word' id='word_1_7' title='bbox 1409 378 1639 434; x_wconf 78' lang='lat' dir='ltr'><strong>Verbum</strong></span> 
     </span>
    </p>
   </div>
   <div class='ocr_carea' id='block_1_2' title="bbox 83 466 1644 538">
    <p class='ocr_par' dir='ltr' id='par_1_2' title="bbox 83 466 1644 538">
     <span class='ocr_line' id='line_1_2' title="bbox 83 466 1644 538; baseline 0 -15"><span class='ocrx_word' id='word_1_8' title='bbox 83 469 196 535; x_wconf 88' lang='lat' dir='ltr'><strong>Dei,</strong></span> <span class='ocrx_word' id='word_1_9' title='bbox 216 467 356 538; x_wconf 91' lang='lat' dir='ltr'><strong>quod</strong></span> <span class='ocrx_word' id='word_1_10' title='bbox 374 468 722 524; x_wconf 82' lang='lat' dir='ltr'><strong>conditionem</strong></span> <span class='ocrx_word' id='word_1_11' title='bbox 745 466 936 522; x_wconf 65' lang='lat' dir='ltr'><strong>animai</strong></span> <span class='ocrx_word' id='word_1_12' title='bbox 957 480 1236 536; x_wconf 87' lang='lat' dir='ltr'><strong>superans,</strong></span> <span class='ocrx_word' id='word_1_13' title='bbox 1258 475 1312 523; x_wconf 92' lang='lat' dir='ltr'><strong>et</strong></span> <span class='ocrx_word' id='word_1_14' title='bbox 1332 482 1457 524; x_wconf 83' lang='lat' dir='ltr'><strong>vere</strong></span> <span class='ocrx_word' id='word_1_15' title='bbox 1478 468 1644 523; x_wconf 82' lang='lat' dir='ltr'><strong>Filius</strong></span> 
     </span>
    </p>
   </div>
   <div class='ocr_carea' id='block_1_3' title="bbox 46 549 1643 627">
    <p class='ocr_par' dir='ltr' id='par_1_3' title="bbox 46 549 1643 627">
     <span class='ocr_line' id='line_1_3' title="bbox 46 549 1643 627; baseline -0.003 -13"><span class='ocrx_word' id='word_1_16' title='bbox 46 551 48 562; x_wconf 87' lang='grc'><em>’</em></span> <span class='ocrx_word' id='word_1_17' title='bbox 84 550 174 614; x_wconf 77' lang='lat' dir='ltr'><strong>Dei</strong></span> <span class='ocrx_word' id='word_1_18' title='bbox 199 557 250 610; x_wconf 89' lang='lat' dir='ltr'><strong>in</strong></span> <span class='ocrx_word' id='word_1_19' title='bbox 271 555 540 627; x_wconf 85' lang='lat' dir='ltr'><strong>evangelio</strong></span> <span class='ocrx_word' id='word_1_20' title='bbox 561 555 872 625; x_wconf 76' lang='lat' dir='ltr'><strong>loquebatur</strong></span> <span class='ocrx_word' id='word_1_21' title='bbox 893 572 907 609; x_wconf 89' lang='lat'><strong>:</strong></span> <span class='ocrx_word' id='word_1_22' title='bbox 928 553 1232 609; x_wconf 72' lang='lat' dir='ltr'><strong>Potestatem</strong></span> <span class='ocrx_word' id='word_1_23' title='bbox 1250 555 1405 609; x_wconf 81' lang='lat' dir='ltr'><strong><em>habeo</em></strong></span> <span class='ocrx_word' id='word_1_24' title='bbox 1422 549 1643 624; x_wconf 71' lang='lat' dir='ltr'><strong>ponendi</strong></span> 
     </span>
    </p>
   </div>
   <div class='ocr_carea' id='block_1_4' title="bbox 76 646 1640 718">
    <p class='ocr_par' dir='ltr' id='par_1_4' title="bbox 76 646 1640 718">
     <span class='ocr_line' id='line_1_4' title="bbox 76 646 1640 718; baseline -0.001 -15"><span class='ocrx_word' id='word_1_25' title='bbox 76 665 205 714; x_wconf 76' lang='lat' dir='ltr'><strong>eam,</strong></span> <span class='ocrx_word' id='word_1_26' title='bbox 233 658 282 702; x_wconf 80' lang='lat' dir='ltr'><strong>et</strong></span> <span class='ocrx_word' id='word_1_27' title='bbox 306 657 597 718; x_wconf 73' lang='lat' dir='ltr'><strong>potestatem</strong></span> <span class='ocrx_word' id='word_1_28' title='bbox 630 647 798 700; x_wconf 54' lang='lat' dir='ltr'><strong>habeo</strong></span> <span class='ocrx_word' id='word_1_29' title='bbox 826 646 1012 700; x_wconf 70' lang='lat' dir='ltr'><strong>iterum</strong></span> <span class='ocrx_word' id='word_1_30' title='bbox 1035 648 1268 702; x_wconf 65' lang='lat' dir='ltr'><strong>eamdi</strong></span> <span class='ocrx_word' id='word_1_31' title='bbox 1299 647 1438 700; x_wconf 80' lang='lat' dir='ltr'><strong>illam</strong></span> <span class='ocrx_word' id='word_1_32' title='bbox 1463 646 1640 718; x_wconf 78' lang='lat' dir='ltr'><strong>(Joau.</strong></span> 
     </span>
    </p>
   </div>
   <div class='ocr_carea' id='block_1_5' title="bbox 77 737 1642 811">
    <p class='ocr_par' dir='ltr' id='par_1_5' title="bbox 77 737 1642 811">
     <span class='ocr_line' id='line_1_5' title="bbox 77 737 1642 811; baseline -0.002 -16"><span class='ocrx_word' id='word_1_33' title='bbox 77 738 294 811; x_wconf 69' lang='lat'><strong>10.18).</strong></span> <span class='ocrx_word' id='word_1_34' title='bbox 323 738 466 808; x_wconf 82' lang='lat' dir='ltr'><strong>Ergo</strong></span> <span class='ocrx_word' id='word_1_35' title='bbox 505 738 550 793; x_wconf 89' lang='lat' dir='ltr'><strong>si</strong></span> <span class='ocrx_word' id='word_1_36' title='bbox 589 737 782 792; x_wconf 84' lang='lat' dir='ltr'><strong>melior</strong></span> <span class='ocrx_word' id='word_1_37' title='bbox 822 746 907 793; x_wconf 89' lang='lat' dir='ltr'><strong>est</strong></span> <span class='ocrx_word' id='word_1_38' title='bbox 953 746 1008 793; x_wconf 91' lang='lat' dir='ltr'><strong>et</strong></span> <span class='ocrx_word' id='word_1_39' title='bbox 1048 737 1312 807; x_wconf 90' lang='lat' dir='ltr'><strong>potentior</strong></span> <span class='ocrx_word' id='word_1_40' title='bbox 1340 737 1506 792; x_wconf 84' lang='lat' dir='ltr'><strong>Filius</strong></span> <span class='ocrx_word' id='word_1_41' title='bbox 1549 737 1642 792; x_wconf 89' lang='lat' dir='ltr'><strong>Dei</strong></span> 
     </span>
    </p>
   </div>
   <div class='ocr_carea' id='block_1_6' title="bbox 73 828 1641 898">
    <p class='ocr_par' dir='ltr' id='par_1_6' title="bbox 73 828 1641 898">
     <span class='ocr_line' id='line_1_6' title="bbox 73 828 1641 898; baseline -0.001 -14"><span class='ocrx_word' id='word_1_42' title='bbox 73 830 242 884; x_wconf 87' lang='lat' dir='ltr'><strong>anima</strong></span> <span class='ocrx_word' id='word_1_43' title='bbox 270 844 382 894; x_wconf 85' lang='lat' dir='ltr'><strong>sua,</strong></span> <span class='ocrx_word' id='word_1_44' title='bbox 423 828 569 898; x_wconf 83' lang='lat' dir='ltr'><strong>quod</strong></span> <span class='ocrx_word' id='word_1_45' title='bbox 614 829 743 884; x_wconf 86' lang='lat' dir='ltr'><strong>nulli</strong></span> <span class='ocrx_word' id='word_1_46' title='bbox 770 828 988 884; x_wconf 90' lang='lat' dir='ltr'><strong>dubium</strong></span> <span class='ocrx_word' id='word_1_47' title='bbox 1015 838 1118 896; x_wconf 92' lang='lat' dir='ltr'><strong>est,</strong></span> <span class='ocrx_word' id='word_1_48' title='bbox 1161 829 1427 898; x_wconf 89' lang='lat' dir='ltr'><strong>quomodo</strong></span> <span class='ocrx_word' id='word_1_49' title='bbox 1464 829 1641 883; x_wconf 90' lang='lat' dir='ltr'><strong>anima</strong></span> 
     </span>
    </p>
   </div>
   <div class='ocr_carea' id='block_1_7' title="bbox 73 916 1641 990">
    <p class='ocr_par' dir='ltr' id='par_1_7' title="bbox 73 916 1641 990">
     <span class='ocr_line' id='line_1_7' title="bbox 73 916 1641 990; baseline -0.004 -15"><span class='ocrx_word' id='word_1_50' title='bbox 73 921 208 975; x_wconf 88' lang='lat' dir='ltr'><strong>illius</strong></span> <span class='ocrx_word' id='word_1_51' title='bbox 245 920 296 974; x_wconf 90' lang='lat' dir='ltr'><strong>in</strong></span> <span class='ocrx_word' id='word_1_52' title='bbox 337 920 507 974; x_wconf 87' lang='lat' dir='ltr'><strong>forma</strong></span> <span class='ocrx_word' id='word_1_53' title='bbox 534 919 629 976; x_wconf 86' lang='lat' dir='ltr'><strong>Dei</strong></span> <span class='ocrx_word' id='word_1_54' title='bbox 671 935 792 975; x_wconf 90' lang='lat' dir='ltr'><strong>esse</strong></span> <span class='ocrx_word' id='word_1_55' title='bbox 822 928 1060 988; x_wconf 75' lang='lat' dir='ltr'><strong>poterat,</strong></span> <span class='ocrx_word' id='word_1_56' title='bbox 1090 927 1142 974; x_wconf 91' lang='lat' dir='ltr'><strong>et</strong></span> <span class='ocrx_word' id='word_1_57' title='bbox 1183 919 1400 989; x_wconf 57' lang='lat' dir='ltr'><strong>aequalis</strong></span> <span class='ocrx_word' id='word_1_58' title='bbox 1427 918 1538 972; x_wconf 93' lang='lat' dir='ltr'><strong>Deo</strong></span> <span class='ocrx_word' id='word_1_59' title='bbox 1566 916 1641 990; x_wconf 82' lang='grc' dir='ltr'><strong>(η)</strong></span> 
     </span>
    </p>
   </div>
   <div class='ocr_carea' id='block_1_8' title="bbox 75 1009 1642 1082">
    <p class='ocr_par' dir='ltr' id='par_1_8' title="bbox 75 1009 1642 1082">
     <span class='ocr_line' id='line_1_8' title="bbox 75 1009 1642 1082; baseline -0.001 -16"><span class='ocrx_word' id='word_1_60' title='bbox 75 1027 224 1082; x_wconf 89' lang='lat' dir='ltr'><strong>quam</strong></span> <span class='ocrx_word' id='word_1_61' title='bbox 257 1026 379 1074; x_wconf 77' lang='lat' dir='ltr'><strong>cum</strong></span> <span class='ocrx_word' id='word_1_62' title='bbox 414 1011 563 1065; x_wconf 85' lang='lat' dir='ltr'><strong>dicat</strong></span> <span class='ocrx_word' id='word_1_63' title='bbox 589 1025 648 1066; x_wconf 90' lang='lat' dir='ltr'><strong>se</strong></span> <span class='ocrx_word' id='word_1_64' title='bbox 689 1025 1016 1074; x_wconf 88' lang='lat' dir='ltr'><strong>evacuasse,</strong></span> <span class='ocrx_word' id='word_1_65' title='bbox 1043 1018 1097 1066; x_wconf 92' lang='lat' dir='ltr'><strong>et</strong></span> <span class='ocrx_word' id='word_1_66' title='bbox 1122 1010 1264 1064; x_wconf 89' lang='lat' dir='ltr'><strong>servi</strong></span> <span class='ocrx_word' id='word_1_67' title='bbox 1291 1009 1642 1076; x_wconf 75' lang='lat' dir='ltr'><strong>assumpsisse</strong></span> 
     </span>
    </p>
   </div>
   <div class='ocr_carea' id='block_1_9' title="bbox 73 1099 1640 1170">
    <p class='ocr_par' dir='ltr' id='par_1_9' title="bbox 73 1099 1640 1170">
     <span class='ocr_line' id='line_1_9' title="bbox 73 1099 1640 1170; baseline -0.003 -14"><span class='ocrx_word' id='word_1_68' title='bbox 73 1102 334 1166; x_wconf 87' lang='lat' dir='ltr'><strong>formam;</strong></span> <span class='ocrx_word' id='word_1_69' title='bbox 359 1116 548 1157; x_wconf 79' lang='lat' dir='ltr'><strong>orniies</strong></span> <span class='ocrx_word' id='word_1_70' title='bbox 586 1100 869 1156; x_wconf 71' lang='lat' dir='ltr'><strong>hmreticos</strong></span> <span class='ocrx_word' id='word_1_71' title='bbox 910 1099 1268 1170; x_wconf 82' lang='lat' dir='ltr'><strong>magnitudine</strong></span> <span class='ocrx_word' id='word_1_72' title='bbox 1297 1099 1640 1168; x_wconf 76' lang='lat' dir='ltr'><strong>blasphemia:</strong></span> 
     </span>
    </p>
   </div>
   <div class='ocr_carea' id='block_1_10' title="bbox 72 1189 1640 1263">
    <p class='ocr_par' dir='ltr' id='par_1_10' title="bbox 72 1189 1640 1263">
     <span class='ocr_line' id='line_1_10' title="bbox 72 1189 1640 1263; baseline -0.003 -15"><span class='ocrx_word' id='word_1_73' title='bbox 72 1202 301 1263; x_wconf 88' lang='lat' dir='ltr'><strong>superat.</strong></span> <span class='ocrx_word' id='word_1_74' title='bbox 337 1194 394 1250; x_wconf 93' lang='lat' dir='ltr'><strong>Si</strong></span> <span class='ocrx_word' id='word_1_75' title='bbox 426 1195 568 1250; x_wconf 88' lang='lat' dir='ltr'><strong>enim</strong></span> <span class='ocrx_word' id='word_1_76' title='bbox 595 1195 647 1248; x_wconf 91' lang='lat' dir='ltr'><strong>in</strong></span> <span class='ocrx_word' id='word_1_77' title='bbox 690 1192 858 1248; x_wconf 88' lang='lat' dir='ltr'><strong>forma</strong></span> <span class='ocrx_word' id='word_1_78' title='bbox 889 1193 1002 1256; x_wconf 91' lang='lat' dir='ltr'><strong>Dei,</strong></span> <span class='ocrx_word' id='word_1_79' title='bbox 1034 1204 1090 1247; x_wconf 90' lang='lat' dir='ltr'><strong>et</strong></span> <span class='ocrx_word' id='word_1_80' title='bbox 1116 1191 1332 1260; x_wconf 62' lang='lat' dir='ltr'><strong>aqualis</strong></span> <span class='ocrx_word' id='word_1_81' title='bbox 1359 1190 1467 1244; x_wconf 93' lang='lat' dir='ltr'><strong>Deo</strong></span> <span class='ocrx_word' id='word_1_82' title='bbox 1503 1189 1640 1244; x_wconf 80' lang='lat' dir='ltr'><strong>Ver-</strong></span> 
     </span>
    </p>
   </div>
   <div class='ocr_carea' id='block_1_11' title="bbox 71 1282 1639 1352">
    <p class='ocr_par' dir='ltr' id='par_1_11' title="bbox 71 1282 1639 1352">
     <span class='ocr_line' id='line_1_11' title="bbox 71 1282 1639 1352; baseline -0.001 -15"><span class='ocrx_word' id='word_1_83' title='bbox 71 1283 189 1337; x_wconf 85' lang='lat' dir='ltr'><strong>bum</strong></span> <span class='ocrx_word' id='word_1_84' title='bbox 217 1284 309 1338; x_wconf 87' lang='lat' dir='ltr'><strong>Dei</strong></span> <span class='ocrx_word' id='word_1_85' title='bbox 351 1294 455 1351; x_wconf 89' lang='lat' dir='ltr'><strong>est,</strong></span> <span class='ocrx_word' id='word_1_86' title='bbox 484 1285 537 1339; x_wconf 86' lang='lat' dir='ltr'><strong>in</strong></span> <span class='ocrx_word' id='word_1_87' title='bbox 578 1284 744 1340; x_wconf 91' lang='lat' dir='ltr'><strong>forma</strong></span> <span class='ocrx_word' id='word_1_88' title='bbox 787 1293 963 1338; x_wconf 83' lang='lat' dir='ltr'><strong>autem</strong></span> <span class='ocrx_word' id='word_1_89' title='bbox 995 1283 1088 1337; x_wconf 90' lang='lat' dir='ltr'><strong>Dei</strong></span> <span class='ocrx_word' id='word_1_90' title='bbox 1117 1293 1172 1337; x_wconf 92' lang='lat' dir='ltr'><strong>et</strong></span> <span class='ocrx_word' id='word_1_91' title='bbox 1197 1282 1495 1352; x_wconf 81' lang='lat' dir='ltr'><strong>aequalitate</strong></span> <span class='ocrx_word' id='word_1_92' title='bbox 1523 1282 1639 1351; x_wconf 84' lang='lat' dir='ltr'><strong>ejus</strong></span> 
     </span>
    </p>
   </div>
   <div class='ocr_carea' id='block_1_12' title="bbox 69 1370 1636 1442">
    <p class='ocr_par' dir='ltr' id='par_1_12' title="bbox 69 1370 1636 1442">
     <span class='ocr_line' id='line_1_12' title="bbox 69 1370 1636 1442; baseline -0.003 -16"><span class='ocrx_word' id='word_1_93' title='bbox 69 1374 238 1426; x_wconf 88' lang='lat' dir='ltr'><strong>anima</strong></span> <span class='ocrx_word' id='word_1_94' title='bbox 269 1373 561 1428; x_wconf 88' lang='lat' dir='ltr'><strong>Salvatoris</strong></span> <span class='ocrx_word' id='word_1_95' title='bbox 593 1382 701 1437; x_wconf 86' lang='lat' dir='ltr'><strong>est,</strong></span> <span class='ocrx_word' id='word_1_96' title='bbox 745 1372 1014 1442; x_wconf 89' lang='lat' dir='ltr'><strong>quomodo</strong></span> <span class='ocrx_word' id='word_1_97' title='bbox 1037 1370 1234 1441; x_wconf 87' lang='lat' dir='ltr'><strong>poterit</strong></span> <span class='ocrx_word' id='word_1_98' title='bbox 1262 1371 1400 1426; x_wconf 90' lang='lat' dir='ltr'><strong>inter</strong></span> <span class='ocrx_word' id='word_1_99' title='bbox 1419 1370 1636 1440; x_wconf 63' lang='lat' dir='ltr'><strong>a‘qnalia</strong></span> 
     </span>
    </p>
   </div>
   <div class='ocr_carea' id='block_1_13' title="bbox 69 1459 1636 1532">
    <p class='ocr_par' dir='ltr' id='par_1_13' title="bbox 69 1459 1636 1532">
     <span class='ocr_line' id='line_1_13' title="bbox 69 1459 1636 1532; baseline -0.003 -16"><span class='ocrx_word' id='word_1_100' title='bbox 69 1463 206 1516; x_wconf 85' lang='lat' dir='ltr'><strong>aliud</strong></span> <span class='ocrx_word' id='word_1_101' title='bbox 229 1476 349 1517; x_wconf 80' lang='lat' dir='ltr'><strong>esse</strong></span> <span class='ocrx_word' id='word_1_102' title='bbox 375 1463 564 1532; x_wconf 84' lang='lat' dir='ltr'><strong>majus,</strong></span> <span class='ocrx_word' id='word_1_103' title='bbox 589 1462 730 1516; x_wconf 84' lang='lat' dir='ltr'><strong>aliud</strong></span> <span class='ocrx_word' id='word_1_104' title='bbox 755 1461 968 1516; x_wconf 82' lang='lat' dir='ltr'><strong>minus?</strong></span> <span class='ocrx_word' id='word_1_105' title='bbox 997 1461 1072 1514; x_wconf 87' lang='lat' dir='ltr'><strong>Ea</strong></span> <span class='ocrx_word' id='word_1_106' title='bbox 1100 1461 1240 1516; x_wconf 89' lang='lat' dir='ltr'><strong>enim</strong></span> <span class='ocrx_word' id='word_1_107' title='bbox 1271 1475 1386 1529; x_wconf 74' lang='lat' dir='ltr'><strong>qua:</strong></span> <span class='ocrx_word' id='word_1_108' title='bbox 1417 1459 1636 1514; x_wconf 88' lang='lat' dir='ltr'><strong>inferio-</strong></span> 
     </span>
    </p>
   </div>
   <div class='ocr_carea' id='block_1_14' title="bbox 70 1549 1635 1620">
    <p class='ocr_par' dir='ltr' id='par_1_14' title="bbox 70 1549 1635 1620">
     <span class='ocr_line' id='line_1_14' title="bbox 70 1549 1635 1620; baseline -0.003 -13"><span class='ocrx_word' id='word_1_109' title='bbox 70 1555 139 1607; x_wconf 87' lang='lat' dir='ltr'><strong>ris</strong></span> <span class='ocrx_word' id='word_1_110' title='bbox 163 1561 362 1607; x_wconf 71' lang='lat' dir='ltr'><strong>uatura:</strong></span> <span class='ocrx_word' id='word_1_111' title='bbox 388 1562 532 1615; x_wconf 84' lang='lat' dir='ltr'><strong>sunt,</strong></span> <span class='ocrx_word' id='word_1_112' title='bbox 555 1553 924 1607; x_wconf 82' lang='lat' dir='ltr'><strong>sublimiorem</strong></span> <span class='ocrx_word' id='word_1_113' title='bbox 943 1559 1184 1606; x_wconf 84' lang='lat' dir='ltr'><strong>naturam</strong></span> <span class='ocrx_word' id='word_1_114' title='bbox 1205 1559 1365 1620; x_wconf 89' lang='lat' dir='ltr'><strong>atque</strong></span> <span class='ocrx_word' id='word_1_115' title='bbox 1388 1549 1635 1604; x_wconf 84' lang='lat' dir='ltr'><strong>substan-</strong></span> 
     </span>
    </p>
   </div>
   <div class='ocr_carea' id='block_1_15' title="bbox 71 1642 928 1711">
    <p class='ocr_par' dir='ltr' id='par_1_15' title="bbox 71 1642 928 1711">
     <span class='ocr_line' id='line_1_15' title="bbox 71 1642 928 1711; baseline -0.002 -15"><span class='ocrx_word' id='word_1_116' title='bbox 71 1643 189 1697; x_wconf 85' lang='lat' dir='ltr'><strong>tiam</strong></span> <span class='ocrx_word' id='word_1_117' title='bbox 217 1643 298 1697; x_wconf 80' lang='lat' dir='ltr'><strong>sui</strong></span> <span class='ocrx_word' id='word_1_118' title='bbox 326 1642 624 1711; x_wconf 87' lang='lat' dir='ltr'><strong>dejectione</strong></span> <span class='ocrx_word' id='word_1_119' title='bbox 652 1650 928 1696; x_wconf 80' lang='lat' dir='ltr'><strong>testantur.</strong></span> 
     </span>
    </p>
   </div>
   <div class='ocr_carea' id='block_1_16' title="bbox 135 1727 1632 1800">
    <p class='ocr_par' dir='ltr' id='par_1_16' title="bbox 135 1727 1632 1800">
     <span class='ocr_line' id='line_1_16' title="bbox 135 1727 1632 1800; baseline -0.005 -14"><span class='ocrx_word' id='word_1_120' title='bbox 135 1733 217 1787; x_wconf 81' lang='grc'>17.</span> <span class='ocrx_word' id='word_1_121' title='bbox 247 1731 364 1786; x_wconf 84' lang='grc' dir='ltr'>Νοιι</span> <span class='ocrx_word' id='word_1_122' title='bbox 390 1733 440 1787; x_wconf 91' lang='lat' dir='ltr'><strong>ei</strong></span> <span class='ocrx_word' id='word_1_123' title='bbox 471 1730 668 1786; x_wconf 77' lang='lat' dir='ltr'><strong>sufficit</strong></span> <span class='ocrx_word' id='word_1_124' title='bbox 711 1731 809 1785; x_wconf 81' lang='lat' dir='ltr'><strong>ista</strong></span> <span class='ocrx_word' id='word_1_125' title='bbox 840 1729 1168 1800; x_wconf 79' lang='lat' dir='ltr'><strong>blasphemia</strong></span> <span class='ocrx_word' id='word_1_126' title='bbox 1190 1769 1206 1794; x_wconf 94' lang='lat'><strong>,</strong></span> <span class='ocrx_word' id='word_1_127' title='bbox 1235 1729 1330 1783; x_wconf 88' lang='lat' dir='ltr'><strong>sed</strong></span> <span class='ocrx_word' id='word_1_128' title='bbox 1359 1737 1504 1781; x_wconf 85' lang='lat' dir='ltr'><strong>trans</strong></span> <span class='ocrx_word' id='word_1_129' title='bbox 1533 1727 1632 1779; x_wconf 86' lang='lat' dir='ltr'><strong>flo-</strong></span> 
     </span>
    </p>
   </div>
   <div class='ocr_carea' id='block_1_17' title="bbox 69 1817 1633 1892">
    <p class='ocr_par' dir='ltr' id='par_1_17' title="bbox 69 1817 1633 1892">
     <span class='ocr_line' id='line_1_17' title="bbox 69 1817 1633 1892; baseline -0.004 -16"><span class='ocrx_word' id='word_1_130' title='bbox 69 1822 202 1876; x_wconf 89' lang='lat' dir='ltr'><strong>mina</strong></span> <span class='ocrx_word' id='word_1_131' title='bbox 257 1821 544 1891; x_wconf 68' lang='lat' dir='ltr'><strong>Ethiopiae</strong></span> <span class='ocrx_word' id='word_1_132' title='bbox 589 1819 662 1892; x_wconf 88' lang='lat' dir='ltr'><strong>(b)</strong></span> <span class='ocrx_word' id='word_1_133' title='bbox 709 1834 924 1876; x_wconf 89' lang='lat' dir='ltr'><strong>currum</strong></span> <span class='ocrx_word' id='word_1_134' title='bbox 996 1819 1160 1889; x_wconf 73' lang='lat'><strong>600</strong></span> <span class='ocrx_word' id='word_1_135' title='bbox 1229 1817 1466 1871; x_wconf 82' lang='lat' dir='ltr'><strong>stultitia:</strong></span> <span class='ocrx_word' id='word_1_136' title='bbox 1523 1832 1633 1869; x_wconf 70' lang='lat' dir='ltr'><strong>suze</strong></span> 
     </span>
    </p>
   </div>
   <div class='ocr_carea' id='block_1_18' title="bbox 64 1908 1631 1980">
    <p class='ocr_par' dir='ltr' id='par_1_18' title="bbox 64 1908 1631 1980">
     <span class='ocr_line' id='line_1_18' title="bbox 64 1908 1631 1980; baseline -0.003 -16"><span class='ocrx_word' id='word_1_137' title='bbox 64 1911 319 1980; x_wconf 88' lang='lat' dir='ltr'><strong>dirigens,</strong></span> <span class='ocrx_word' id='word_1_138' title='bbox 355 1912 548 1966; x_wconf 89' lang='lat' dir='ltr'><strong>iterum</strong></span> <span class='ocrx_word' id='word_1_139' title='bbox 592 1909 904 1964; x_wconf 90' lang='lat' dir='ltr'><strong>furibundus</strong></span> <span class='ocrx_word' id='word_1_140' title='bbox 930 1910 1188 1972; x_wconf 84' lang='lat' dir='ltr'><strong>exsultat,</strong></span> <span class='ocrx_word' id='word_1_141' title='bbox 1219 1917 1298 1962; x_wconf 90' lang='lat' dir='ltr'><strong>tot</strong></span> <span class='ocrx_word' id='word_1_142' title='bbox 1324 1908 1508 1961; x_wconf 80' lang='lat' dir='ltr'><strong>dicens</strong></span> <span class='ocrx_word' id='word_1_143' title='bbox 1538 1922 1631 1959; x_wconf 82' lang='lat' dir='ltr'><strong>v0-</strong></span> 
     </span>
    </p>
   </div>
   <div class='ocr_carea' id='block_1_19' title="bbox 64 1998 1628 2060">
    <p class='ocr_par' dir='ltr' id='par_1_19' title="bbox 64 1998 1628 2060">
     <span class='ocr_line' id='line_1_19' title="bbox 64 1998 1628 2060; baseline -0.004 -7"><span class='ocrx_word' id='word_1_144' title='bbox 64 2000 262 2055; x_wconf 90' lang='lat' dir='ltr'><strong>lnutate</strong></span> <span class='ocrx_word' id='word_1_145' title='bbox 287 2016 379 2055; x_wconf 84' lang='lat' dir='ltr'><strong>sua</strong></span> <span class='ocrx_word' id='word_1_146' title='bbox 423 2001 586 2056; x_wconf 90' lang='lat' dir='ltr'><strong>Deum</strong></span> <span class='ocrx_word' id='word_1_147' title='bbox 623 1998 929 2055; x_wconf 76' lang='lat' dir='ltr'><strong>condidisse</strong></span> <span class='ocrx_word' id='word_1_148' title='bbox 957 1998 1295 2053; x_wconf 84' lang='lat' dir='ltr'><strong>rationabiles</strong></span> <span class='ocrx_word' id='word_1_149' title='bbox 1335 2005 1628 2060; x_wconf 85' lang='lat' dir='ltr'><strong>creaturas,</strong></span> 
     </span>
    </p>
   </div>
   <div class='ocr_carea' id='block_1_20' title="bbox 62 2087 1630 2161">
    <p class='ocr_par' dir='ltr' id='par_1_20' title="bbox 62 2087 1630 2161">
     <span class='ocr_line' id='line_1_20' title="bbox 62 2087 1630 2161; baseline -0.004 -14"><span class='ocrx_word' id='word_1_150' title='bbox 62 2099 186 2159; x_wconf 88' lang='lat' dir='ltr'><strong>quot</strong></span> <span class='ocrx_word' id='word_1_151' title='bbox 209 2101 426 2160; x_wconf 80' lang='lat' dir='ltr'><strong>poterat</strong></span> <span class='ocrx_word' id='word_1_152' title='bbox 443 2093 740 2161; x_wconf 80' lang='lat' dir='ltr'><strong>gubernare</strong></span> <span class='ocrx_word' id='word_1_153' title='bbox 771 2107 785 2144; x_wconf 90' lang='lat'><strong>:</strong></span> <span class='ocrx_word' id='word_1_154' title='bbox 810 2101 867 2145; x_wconf 93' lang='lat' dir='ltr'><strong>ut</strong></span> <span class='ocrx_word' id='word_1_155' title='bbox 887 2091 1132 2145; x_wconf 87' lang='lat' dir='ltr'><strong>virtutem</strong></span> <span class='ocrx_word' id='word_1_156' title='bbox 1160 2089 1255 2144; x_wconf 87' lang='lat' dir='ltr'><strong>Dei</strong></span> <span class='ocrx_word' id='word_1_157' title='bbox 1285 2087 1630 2142; x_wconf 75' lang='lat' dir='ltr'><strong>imbecillitati</strong></span> 
     </span>
    </p>
   </div>
   <div class='ocr_carea' id='block_1_21' title="bbox 61 2179 1628 2251">
    <p class='ocr_par' dir='ltr' id='par_1_21' title="bbox 61 2179 1628 2251">
     <span class='ocr_line' id='line_1_21' title="bbox 61 2179 1628 2251; baseline -0.001 -18"><span class='ocrx_word' id='word_1_158' title='bbox 61 2181 348 2248; x_wconf 82' lang='lat' dir='ltr'><strong>hominum,</strong></span> <span class='ocrx_word' id='word_1_159' title='bbox 376 2191 434 2236; x_wconf 80' lang='lat' dir='ltr'><strong>et</strong></span> <span class='ocrx_word' id='word_1_160' title='bbox 453 2182 662 2236; x_wconf 75' lang='lat' dir='ltr'><strong>caeteris</strong></span> <span class='ocrx_word' id='word_1_161' title='bbox 681 2197 798 2251; x_wconf 75' lang='lat' dir='ltr'><strong>qua:</strong></span> <span class='ocrx_word' id='word_1_162' title='bbox 821 2191 998 2235; x_wconf 86' lang='lat' dir='ltr'><strong>creata</strong></span> <span class='ocrx_word' id='word_1_163' title='bbox 1015 2189 1159 2244; x_wconf 87' lang='lat' dir='ltr'><strong>sunt,</strong></span> <span class='ocrx_word' id='word_1_164' title='bbox 1181 2188 1471 2249; x_wconf 85' lang='lat' dir='ltr'><strong>comparet.</strong></span> <span class='ocrx_word' id='word_1_165' title='bbox 1500 2179 1628 2232; x_wconf 78' lang='lat' dir='ltr'><strong>Nam</strong></span> 
     </span>
    </p>
   </div>
   <div class='ocr_carea' id='block_1_22' title="bbox 57 2271 1629 2343">
    <p class='ocr_par' dir='ltr' id='par_1_22' title="bbox 57 2271 1629 2343">
     <span class='ocr_line' id='line_1_22' title="bbox 57 2271 1629 2343; baseline -0.003 -17"><span class='ocrx_word' id='word_1_166' title='bbox 57 2272 106 2326; x_wconf 83' lang='lat' dir='ltr'><strong>in</strong></span> <span class='ocrx_word' id='word_1_167' title='bbox 137 2273 370 2326; x_wconf 89' lang='lat' dir='ltr'><strong>humano</strong></span> <span class='ocrx_word' id='word_1_168' title='bbox 405 2287 633 2343; x_wconf 89' lang='lat' dir='ltr'><strong>corpore</strong></span> <span class='ocrx_word' id='word_1_169' title='bbox 650 2281 726 2326; x_wconf 93' lang='lat' dir='ltr'><strong>tot</strong></span> <span class='ocrx_word' id='word_1_170' title='bbox 747 2272 998 2326; x_wconf 91' lang='lat' dir='ltr'><strong>fortitudo</strong></span> <span class='ocrx_word' id='word_1_171' title='bbox 1016 2271 1132 2341; x_wconf 87' lang='lat' dir='ltr'><strong>ejus</strong></span> <span class='ocrx_word' id='word_1_172' title='bbox 1156 2271 1390 2325; x_wconf 90' lang='lat' dir='ltr'><strong>membra</strong></span> <span class='ocrx_word' id='word_1_173' title='bbox 1414 2281 1629 2324; x_wconf 86' lang='lat' dir='ltr'><strong>susten-</strong></span> 
     </span>
    </p>
   </div>
   <div class='ocr_carea' id='block_1_23' title="bbox 57 2360 1631 2432">
    <p class='ocr_par' dir='ltr' id='par_1_23' title="bbox 57 2360 1631 2432">
     <span class='ocr_line' id='line_1_23' title="bbox 57 2360 1631 2432; baseline -0.001 -18"><span class='ocrx_word' id='word_1_174' title='bbox 57 2371 130 2415; x_wconf 78' lang='lat' dir='ltr'><strong>tat</strong></span> <span class='ocrx_word' id='word_1_175' title='bbox 152 2372 207 2416; x_wconf 93' lang='lat' dir='ltr'><strong>et</strong></span> <span class='ocrx_word' id='word_1_176' title='bbox 249 2367 386 2432; x_wconf 64' lang='lat' dir='ltr'><strong>regit</strong></span> <span class='ocrx_word' id='word_1_177' title='bbox 407 2403 427 2427; x_wconf 92' lang='lat'><strong>,</strong></span> <span class='ocrx_word' id='word_1_178' title='bbox 471 2371 602 2431; x_wconf 91' lang='lat' dir='ltr'><strong>quot</strong></span> <span class='ocrx_word' id='word_1_179' title='bbox 631 2371 806 2431; x_wconf 83' lang='lat' dir='ltr'><strong>petest</strong></span> <span class='ocrx_word' id='word_1_180' title='bbox 849 2377 911 2416; x_wconf 86' lang='lat' dir='ltr'><strong>ex</strong></span> <span class='ocrx_word' id='word_1_181' title='bbox 942 2361 1020 2416; x_wconf 89' lang='lat' dir='ltr'><strong>eis</strong></span> <span class='ocrx_word' id='word_1_182' title='bbox 1063 2360 1232 2414; x_wconf 88' lang='lat' dir='ltr'><strong>infusa</strong></span> <span class='ocrx_word' id='word_1_183' title='bbox 1258 2369 1502 2430; x_wconf 86' lang='lat' dir='ltr'><strong>vegetare</strong></span> <span class='ocrx_word' id='word_1_184' title='bbox 1533 2376 1544 2411; x_wconf 93' lang='lat'>:</span> <span class='ocrx_word' id='word_1_185' title='bbox 1577 2369 1631 2413; x_wconf 91' lang='lat' dir='ltr'><strong>et</strong></span> 
     </span>
    </p>
   </div>
   <div class='ocr_carea' id='block_1_24' title="bbox 55 2453 1627 2522">
    <p class='ocr_par' dir='ltr' id='par_1_24' title="bbox 55 2453 1627 2522">
     <span class='ocr_line' id='line_1_24' title="bbox 55 2453 1627 2522; baseline -0.001 -16"><span class='ocrx_word' id='word_1_186' title='bbox 55 2468 165 2508; x_wconf 89' lang='lat' dir='ltr'><strong>eam</strong></span> <span class='ocrx_word' id='word_1_187' title='bbox 207 2453 367 2507; x_wconf 78' lang='lat' dir='ltr'><strong>nobis</strong></span> <span class='ocrx_word' id='word_1_188' title='bbox 423 2453 606 2507; x_wconf 87' lang='lat' dir='ltr'><strong>tribuit</strong></span> <span class='ocrx_word' id='word_1_189' title='bbox 653 2453 1088 2522; x_wconf 75' lang='lat' dir='ltr'><strong>temperantiam,</strong></span> <span class='ocrx_word' id='word_1_190' title='bbox 1138 2467 1296 2522; x_wconf 90' lang='lat' dir='ltr'><strong>quam</strong></span> <span class='ocrx_word' id='word_1_191' title='bbox 1352 2453 1494 2506; x_wconf 85' lang='lat' dir='ltr'><strong>valet</strong></span> <span class='ocrx_word' id='word_1_192' title='bbox 1533 2466 1627 2504; x_wconf 86' lang='lat' dir='ltr'><strong>sua</strong></span> 
     </span>
    </p>
   </div>
   <div class='ocr_carea' id='block_1_25' title="bbox 54 2542 1630 2612">
    <p class='ocr_par' dir='ltr' id='par_1_25' title="bbox 54 2542 1630 2612">
     <span class='ocr_line' id='line_1_25' title="bbox 54 2542 1630 2612; baseline -0.002 -15"><span class='ocrx_word' id='word_1_193' title='bbox 54 2545 328 2611; x_wconf 65' lang='lat' dir='ltr'><strong>prmsentia</strong></span> <span class='ocrx_word' id='word_1_194' title='bbox 357 2557 572 2612; x_wconf 86' lang='lat' dir='ltr'><strong>regere,</strong></span> <span class='ocrx_word' id='word_1_195' title='bbox 601 2551 910 2612; x_wconf 85' lang='lat' dir='ltr'><strong>tantumque</strong></span> <span class='ocrx_word' id='word_1_196' title='bbox 931 2542 1126 2596; x_wconf 91' lang='lat' dir='ltr'><strong>virtute</strong></span> <span class='ocrx_word' id='word_1_197' title='bbox 1147 2550 1432 2608; x_wconf 87' lang='lat' dir='ltr'><strong>sustentat,</strong></span> <span class='ocrx_word' id='word_1_198' title='bbox 1460 2557 1630 2611; x_wconf 87' lang='lat' dir='ltr'><strong>quan-</strong></span> 
     </span>
    </p>
   </div>
   <div class='ocr_carea' id='block_1_26' title="bbox 55 2630 1624 2700">
    <p class='ocr_par' dir='ltr' id='par_1_26' title="bbox 55 2630 1624 2700">
     <span class='ocr_line' id='line_1_26' title="bbox 55 2630 1624 2700; baseline -0.001 -16"><span class='ocrx_word' id='word_1_199' title='bbox 55 2640 156 2684; x_wconf 76' lang='lat' dir='ltr'><strong>tum</strong></span> <span class='ocrx_word' id='word_1_200' title='bbox 182 2639 406 2700; x_wconf 65' lang='lat' dir='ltr'><strong>possunt</strong></span> <span class='ocrx_word' id='word_1_201' title='bbox 428 2630 666 2686; x_wconf 88' lang='lat' dir='ltr'><strong>membra</strong></span> <span class='ocrx_word' id='word_1_202' title='bbox 692 2630 964 2685; x_wconf 82' lang='lat' dir='ltr'><strong>hominum</strong></span> <span class='ocrx_word' id='word_1_203' title='bbox 985 2631 1264 2685; x_wconf 88' lang='lat' dir='ltr'><strong>sustinere.</strong></span> <span class='ocrx_word' id='word_1_204' title='bbox 1290 2630 1430 2685; x_wconf 89' lang='lat' dir='ltr'><strong>Dens</strong></span> <span class='ocrx_word' id='word_1_205' title='bbox 1448 2637 1624 2684; x_wconf 84' lang='lat' dir='ltr'><strong>autem</strong></span> 
     </span>
    </p>
   </div>
   <div class='ocr_carea' id='block_1_27' title="bbox 53 2721 1626 2792">
    <p class='ocr_par' dir='ltr' id='par_1_27' title="bbox 53 2721 1626 2792">
     <span class='ocr_line' id='line_1_27' title="bbox 53 2721 1626 2792; baseline -0.002 -16"><span class='ocrx_word' id='word_1_206' title='bbox 53 2722 215 2791; x_wconf 86' lang='lat' dir='ltr'><strong>major</strong></span> <span class='ocrx_word' id='word_1_207' title='bbox 255 2723 338 2776; x_wconf 89' lang='lat' dir='ltr'><strong>his</strong></span> <span class='ocrx_word' id='word_1_208' title='bbox 363 2737 488 2792; x_wconf 71' lang='lat' dir='ltr'><strong>qua:</strong></span> <span class='ocrx_word' id='word_1_209' title='bbox 517 2723 632 2791; x_wconf 88' lang='lat' dir='ltr'><strong>ipse</strong></span> <span class='ocrx_word' id='word_1_210' title='bbox 663 2721 948 2776; x_wconf 83' lang='lat' dir='ltr'><strong>fabricatus</strong></span> <span class='ocrx_word' id='word_1_211' title='bbox 977 2731 1078 2786; x_wconf 91' lang='lat' dir='ltr'><strong>est,</strong></span> <span class='ocrx_word' id='word_1_212' title='bbox 1116 2737 1236 2776; x_wconf 92' lang='lat' dir='ltr'><strong>cum</strong></span> <span class='ocrx_word' id='word_1_213' title='bbox 1264 2721 1370 2776; x_wconf 91' lang='lat' dir='ltr'><strong>illis</strong></span> <span class='ocrx_word' id='word_1_214' title='bbox 1409 2735 1626 2775; x_wconf 85' lang='lat' dir='ltr'><strong>mensu-</strong></span> 
     </span>
    </p>
   </div>
   <div class='ocr_carea' id='block_1_28' title="bbox 52 2809 1627 2882">
    <p class='ocr_par' dir='ltr' id='par_1_28' title="bbox 52 2809 1627 2882">
     <span class='ocr_line' id='line_1_28' title="bbox 52 2809 1627 2882; baseline 0.001 -19"><span class='ocrx_word' id='word_1_215' title='bbox 52 2826 158 2865; x_wconf 88' lang='lat' dir='ltr'><strong>ram</strong></span> <span class='ocrx_word' id='word_1_216' title='bbox 183 2813 232 2866; x_wconf 91' lang='lat' dir='ltr'><strong>iu</strong></span> <span class='ocrx_word' id='word_1_217' title='bbox 255 2813 532 2866; x_wconf 90' lang='lat' dir='ltr'><strong>creatione</strong></span> <span class='ocrx_word' id='word_1_218' title='bbox 561 2811 886 2880; x_wconf 71' lang='lat' dir='ltr'><strong>prmstiter‘it,</strong></span> <span class='ocrx_word' id='word_1_219' title='bbox 911 2826 1067 2882; x_wconf 91' lang='lat' dir='ltr'><strong>quam</strong></span> <span class='ocrx_word' id='word_1_220' title='bbox 1090 2825 1272 2865; x_wconf 89' lang='lat' dir='ltr'><strong>rerum</strong></span> <span class='ocrx_word' id='word_1_221' title='bbox 1290 2809 1422 2864; x_wconf 88' lang='lat' dir='ltr'><strong>ordo</strong></span> <span class='ocrx_word' id='word_1_222' title='bbox 1443 2824 1627 2879; x_wconf 81' lang='lat' dir='ltr'><strong>posce-</strong></span> 
     </span>
    </p>
   </div>
   <div class='ocr_carea' id='block_1_29' title="bbox 51 2900 1621 2974">
    <p class='ocr_par' dir='ltr' id='par_1_29' title="bbox 51 2900 1621 2974">
     <span class='ocr_line' id='line_1_29' title="bbox 51 2900 1621 2974; baseline 0.001 -20"><span class='ocrx_word' id='word_1_223' title='bbox 51 2900 154 2968; x_wconf 85' lang='lat' dir='ltr'><strong>bat,</strong></span> <span class='ocrx_word' id='word_1_224' title='bbox 176 2912 230 2958; x_wconf 92' lang='lat' dir='ltr'><strong>et</strong></span> <span class='ocrx_word' id='word_1_225' title='bbox 254 2919 361 2974; x_wconf 93' lang='lat' dir='ltr'><strong>quo</strong></span> <span class='ocrx_word' id='word_1_226' title='bbox 379 2904 613 2974; x_wconf 86' lang='lat' dir='ltr'><strong>amplius</strong></span> <span class='ocrx_word' id='word_1_227' title='bbox 629 2906 895 2959; x_wconf 74' lang='lat' dir='ltr'><strong>sustinere</strong></span> <span class='ocrx_word' id='word_1_228' title='bbox 916 2919 1019 2958; x_wconf 92' lang='lat' dir='ltr'><strong>non</strong></span> <span class='ocrx_word' id='word_1_229' title='bbox 1037 2911 1265 2974; x_wconf 87' lang='lat' dir='ltr'><strong>poterat,</strong></span> <span class='ocrx_word' id='word_1_230' title='bbox 1293 2904 1410 2974; x_wconf 90' lang='lat' dir='ltr'><strong>plus</strong></span> <span class='ocrx_word' id='word_1_231' title='bbox 1427 2913 1621 2972; x_wconf 86' lang='lat' dir='ltr'><strong>potest,</strong></span> 
     </span>
    </p>
   </div>
   <div class='ocr_carea' id='block_1_30' title="bbox 50 2995 1621 3066">
    <p class='ocr_par' dir='ltr' id='par_1_30' title="bbox 50 2995 1621 3066">
     <span class='ocr_line' id='line_1_30' title="bbox 50 2995 1621 3066; baseline 0.001 -19"><span class='ocrx_word' id='word_1_232' title='bbox 50 3011 200 3064; x_wconf 91' lang='lat' dir='ltr'><strong>quam</strong></span> <span class='ocrx_word' id='word_1_233' title='bbox 227 3012 287 3051; x_wconf 88' lang='lat' dir='ltr'><strong>ea</strong></span> <span class='ocrx_word' id='word_1_234' title='bbox 315 3012 438 3066; x_wconf 68' lang='lat' dir='ltr'><strong>qua:</strong></span> <span class='ocrx_word' id='word_1_235' title='bbox 478 2996 616 3050; x_wconf 85' lang='lat' dir='ltr'><strong>facta</strong></span> <span class='ocrx_word' id='word_1_236' title='bbox 658 3004 812 3062; x_wconf 88' lang='lat' dir='ltr'><strong>sunt,</strong></span> <span class='ocrx_word' id='word_1_237' title='bbox 841 2996 1076 3065; x_wconf 89' lang='lat' dir='ltr'><strong>capiunt.</strong></span> <span class='ocrx_word' id='word_1_238' title='bbox 1116 2997 1187 3050; x_wconf 85' lang='lat' dir='ltr'><strong>At</strong></span> <span class='ocrx_word' id='word_1_239' title='bbox 1225 2995 1334 3062; x_wconf 89' lang='lat' dir='ltr'><strong>ille,</strong></span> <span class='ocrx_word' id='word_1_240' title='bbox 1378 2995 1621 3050; x_wconf 83' lang='lat' dir='ltr'><strong>columen</strong></span> 
     </span>
    </p>
   </div>
   <div class='ocr_carea' id='block_1_31' title="bbox 49 3085 1624 3154">
    <p class='ocr_par' dir='ltr' id='par_1_31' title="bbox 49 3085 1624 3154">
     <span class='ocr_line' id='line_1_31' title="bbox 49 3085 1624 3154; baseline 0.001 -15"><span class='ocrx_word' id='word_1_241' title='bbox 49 3089 312 3154; x_wconf 75' lang='lat' dir='ltr'><strong>veritatis,</strong></span> <span class='ocrx_word' id='word_1_242' title='bbox 359 3087 750 3142; x_wconf 88' lang='lat' dir='ltr'><strong>terminabilem</strong></span> <span class='ocrx_word' id='word_1_243' title='bbox 796 3088 886 3141; x_wconf 89' lang='lat' dir='ltr'><strong>Dei</strong></span> <span class='ocrx_word' id='word_1_244' title='bbox 934 3087 1123 3142; x_wconf 85' lang='lat' dir='ltr'><strong>asserit</strong></span> <span class='ocrx_word' id='word_1_245' title='bbox 1159 3085 1539 3151; x_wconf 89' lang='lat' dir='ltr'><strong>fortitudinem,</strong></span> <span class='ocrx_word' id='word_1_246' title='bbox 1568 3094 1624 3141; x_wconf 90' lang='lat' dir='ltr'><strong>et</strong></span> 
     </span>
    </p>
   </div>
   <div class='ocr_carea' id='block_1_32' title="bbox 50 3174 1621 3244">
    <p class='ocr_par' dir='ltr' id='par_1_32' title="bbox 50 3174 1621 3244">
     <span class='ocr_line' id='line_1_32' title="bbox 50 3174 1621 3244; baseline 0 -16"><span class='ocrx_word' id='word_1_247' title='bbox 50 3176 304 3230; x_wconf 87' lang='lat' dir='ltr'><strong>minorem</strong></span> <span class='ocrx_word' id='word_1_248' title='bbox 332 3177 540 3230; x_wconf 88' lang='lat' dir='ltr'><strong>artibus</strong></span> <span class='ocrx_word' id='word_1_249' title='bbox 569 3174 862 3229; x_wconf 79' lang='lat' dir='ltr'><strong>hominum.</strong></span> <span class='ocrx_word' id='word_1_250' title='bbox 887 3174 1224 3229; x_wconf 66' lang='lat' dir='ltr'><strong>Carmentarii</strong></span> <span class='ocrx_word' id='word_1_251' title='bbox 1245 3175 1458 3244; x_wconf 85' lang='lat' dir='ltr'><strong>quippe,</strong></span> <span class='ocrx_word' id='word_1_252' title='bbox 1486 3184 1534 3229; x_wconf 90' lang='lat' dir='ltr'><strong>et</strong></span> <span class='ocrx_word' id='word_1_253' title='bbox 1567 3174 1621 3228; x_wconf 89' lang='lat' dir='ltr'><strong>hi</strong></span> 
     </span>
    </p>
   </div>
   <div class='ocr_carea' id='block_1_33' title="bbox 48 3264 1622 3335">
    <p class='ocr_par' dir='ltr' id='par_1_33' title="bbox 48 3264 1622 3335">
     <span class='ocr_line' id='line_1_33' title="bbox 48 3264 1622 3335; baseline -0.001 -17"><span class='ocrx_word' id='word_1_254' title='bbox 48 3265 133 3335; x_wconf 90' lang='lat' dir='ltr'><strong>qui</strong></span> <span class='ocrx_word' id='word_1_255' title='bbox 161 3264 540 3320; x_wconf 89' lang='lat' dir='ltr'><strong>struendarum</strong></span> <span class='ocrx_word' id='word_1_256' title='bbox 568 3264 845 3318; x_wconf 83' lang='lat' dir='ltr'><strong>domorum</strong></span> <span class='ocrx_word' id='word_1_257' title='bbox 876 3264 1073 3318; x_wconf 86' lang='lat' dir='ltr'><strong>callent</strong></span> <span class='ocrx_word' id='word_1_258' title='bbox 1096 3264 1393 3329; x_wconf 86' lang='lat' dir='ltr'><strong>scientiam,</strong></span> <span class='ocrx_word' id='word_1_259' title='bbox 1421 3265 1622 3332; x_wconf 78' lang='lat' dir='ltr'><strong>majora</strong></span> 
     </span>
    </p>
   </div>
   <div class='ocr_carea' id='block_1_34' title="bbox 50 3353 1623 3426">
    <p class='ocr_par' dir='ltr' id='par_1_34' title="bbox 50 3353 1623 3426">
     <span class='ocr_line' id='line_1_34' title="bbox 50 3353 1623 3426; baseline -0.003 -16"><span class='ocrx_word' id='word_1_260' title='bbox 50 3364 273 3426; x_wconf 91' lang='lat' dir='ltr'><strong>possunt</strong></span> <span class='ocrx_word' id='word_1_261' title='bbox 299 3355 597 3418; x_wconf 63' lang='lat' dir='ltr'><strong>aedificare,</strong></span> <span class='ocrx_word' id='word_1_262' title='bbox 627 3369 787 3424; x_wconf 90' lang='lat' dir='ltr'><strong>quam</strong></span> <span class='ocrx_word' id='word_1_263' title='bbox 828 3353 1070 3409; x_wconf 84' lang='lat' dir='ltr'><strong>fecerunt</strong></span> <span class='ocrx_word' id='word_1_264' title='bbox 1097 3372 1110 3409; x_wconf 91' lang='lat'><strong>:</strong></span> <span class='ocrx_word' id='word_1_265' title='bbox 1141 3355 1184 3407; x_wconf 90' lang='lat' dir='ltr'><strong>si</strong></span> <span class='ocrx_word' id='word_1_266' title='bbox 1212 3361 1388 3407; x_wconf 89' lang='lat' dir='ltr'><strong>tamen</strong></span> <span class='ocrx_word' id='word_1_267' title='bbox 1426 3363 1623 3422; x_wconf 90' lang='lat' dir='ltr'><strong>queant</strong></span> 
     </span>
    </p>
   </div>
   <div class='ocr_carea' id='block_1_35' title="bbox 47 3443 1622 3514">
    <p class='ocr_par' dir='ltr' id='par_1_35' title="bbox 47 3443 1622 3514">
     <span class='ocr_line' id='line_1_35' title="bbox 47 3443 1622 3514; baseline 0 -16"><span class='ocrx_word' id='word_1_268' title='bbox 47 3446 392 3500; x_wconf 89' lang='lat' dir='ltr'><strong>fundamenta</strong></span> <span class='ocrx_word' id='word_1_269' title='bbox 413 3445 699 3509; x_wconf 81' lang='lat' dir='ltr'><strong>sustinere,</strong></span> <span class='ocrx_word' id='word_1_270' title='bbox 717 3459 832 3514; x_wconf 70' lang='lat' dir='ltr'><strong>quae</strong></span> <span class='ocrx_word' id='word_1_271' title='bbox 853 3443 1319 3513; x_wconf 67' lang='lat' dir='ltr'><strong>supermdificanda</strong></span> <span class='ocrx_word' id='word_1_272' title='bbox 1341 3450 1466 3497; x_wconf 90' lang='lat' dir='ltr'><strong>sunt</strong></span> <span class='ocrx_word' id='word_1_273' title='bbox 1484 3459 1501 3502; x_wconf 83' lang='lat'><strong>;</strong></span> <span class='ocrx_word' id='word_1_274' title='bbox 1523 3457 1622 3498; x_wconf 92' lang='lat' dir='ltr'><strong>nec</strong></span> 
     </span>
    </p>
   </div>
   <div class='ocr_carea' id='block_1_36' title="bbox 46 3535 1620 3610">
    <p class='ocr_par' dir='ltr' id='par_1_36' title="bbox 46 3535 1620 3610">
     <span class='ocr_line' id='line_1_36' title="bbox 46 3535 1620 3610; baseline -0.001 -16"><span class='ocrx_word' id='word_1_275' title='bbox 46 3542 324 3597; x_wconf 88' lang='lat' dir='ltr'><strong>fabricatio</strong></span> <span class='ocrx_word' id='word_1_276' title='bbox 350 3540 690 3610; x_wconf 76' lang='lat' dir='ltr'><strong>cogitationis</strong></span> <span class='ocrx_word' id='word_1_277' title='bbox 708 3541 899 3593; x_wconf 69' lang='lat' dir='ltr'><strong>artium</strong></span> <span class='ocrx_word' id='word_1_278' title='bbox 924 3538 1042 3592; x_wconf 87' lang='lat' dir='ltr'><strong>finis</strong></span> <span class='ocrx_word' id='word_1_279' title='bbox 1066 3548 1168 3593; x_wconf 89' lang='lat' dir='ltr'><strong>est.</strong></span> <span class='ocrx_word' id='word_1_280' title='bbox 1200 3535 1438 3608; x_wconf 88' lang='lat' dir='ltr'><strong>Cumque</strong></span> <span class='ocrx_word' id='word_1_281' title='bbox 1458 3551 1620 3606; x_wconf 89' lang='lat' dir='ltr'><strong>opera</strong></span> 
     </span>
    </p>
   </div>
   <div class='ocr_carea' id='block_1_37' title="bbox 49 3627 1616 3702">
    <p class='ocr_par' dir='ltr' id='par_1_37' title="bbox 49 3627 1616 3702">
     <span class='ocr_line' id='line_1_37' title="bbox 49 3627 1616 3702; baseline -0.003 -15"><span class='ocrx_word' id='word_1_282' title='bbox 49 3641 186 3687; x_wconf 83' lang='lat' dir='ltr'><strong>tanta</strong></span> <span class='ocrx_word' id='word_1_283' title='bbox 218 3631 562 3702; x_wconf 86' lang='lat' dir='ltr'><strong>perfecerint,</strong></span> <span class='ocrx_word' id='word_1_284' title='bbox 585 3641 778 3700; x_wconf 85' lang='lat' dir='ltr'><strong>quanta</strong></span> <span class='ocrx_word' id='word_1_285' title='bbox 805 3645 981 3684; x_wconf 91' lang='lat' dir='ltr'><strong>rerum</strong></span> <span class='ocrx_word' id='word_1_286' title='bbox 1010 3629 1300 3684; x_wconf 87' lang='lat' dir='ltr'><strong>necessitas</strong></span> <span class='ocrx_word' id='word_1_287' title='bbox 1327 3627 1616 3698; x_wconf 81' lang='lat' dir='ltr'><strong>flagitabat,</strong></span> 
     </span>
    </p>
   </div>
   <div class='ocr_carea' id='block_1_38' title="bbox 47 3722 1620 3795">
    <p class='ocr_par' dir='ltr' id='par_1_38' title="bbox 47 3722 1620 3795">
     <span class='ocr_line' id='line_1_38' title="bbox 47 3722 1620 3795; baseline -0.001 -18"><span class='ocrx_word' id='word_1_288' title='bbox 47 3722 380 3795; x_wconf 85' lang='lat' dir='ltr'><strong>habeantque</strong></span> <span class='ocrx_word' id='word_1_289' title='bbox 423 3739 726 3780; x_wconf 86' lang='lat' dir='ltr'><strong>mensuram</strong></span> <span class='ocrx_word' id='word_1_290' title='bbox 771 3723 904 3778; x_wconf 89' lang='lat' dir='ltr'><strong>ultra</strong></span> <span class='ocrx_word' id='word_1_291' title='bbox 935 3738 1090 3792; x_wconf 87' lang='lat' dir='ltr'><strong>quam</strong></span> <span class='ocrx_word' id='word_1_292' title='bbox 1121 3723 1166 3778; x_wconf 89' lang='lat' dir='ltr'><strong>si</strong></span> <span class='ocrx_word' id='word_1_293' title='bbox 1195 3723 1378 3778; x_wconf 86' lang='lat' dir='ltr'><strong>fuisset</strong></span> <span class='ocrx_word' id='word_1_294' title='bbox 1420 3722 1620 3793; x_wconf 86' lang='lat' dir='ltr'><strong>aliquid</strong></span> 
     </span>
    </p>
   </div>
   <div class='ocr_carea' id='block_1_39' title="bbox 45 3813 1619 3884">
    <p class='ocr_par' dir='ltr' id='par_1_39' title="bbox 45 3813 1619 3884">
     <span class='ocr_line' id='line_1_39' title="bbox 45 3813 1619 3884; baseline 0 -16"><span class='ocrx_word' id='word_1_295' title='bbox 45 3825 396 3882; x_wconf 82' lang='lat' dir='ltr'><strong>exstructum,</strong></span> <span class='ocrx_word' id='word_1_296' title='bbox 428 3815 680 3869; x_wconf 89' lang='lat' dir='ltr'><strong>indecens</strong></span> <span class='ocrx_word' id='word_1_297' title='bbox 707 3823 761 3868; x_wconf 92' lang='lat' dir='ltr'><strong>et</strong></span> <span class='ocrx_word' id='word_1_298' title='bbox 798 3813 984 3870; x_wconf 85' lang='lat' dir='ltr'><strong>inutile</strong></span> <span class='ocrx_word' id='word_1_299' title='bbox 1030 3814 1364 3883; x_wconf 87' lang='lat' dir='ltr'><strong>probaretur,</strong></span> <span class='ocrx_word' id='word_1_300' title='bbox 1391 3829 1480 3870; x_wconf 89' lang='lat' dir='ltr'><strong>ars</strong></span> <span class='ocrx_word' id='word_1_301' title='bbox 1507 3816 1619 3884; x_wconf 89' lang='lat' dir='ltr'><strong>ipsa</strong></span> 
     </span>
    </p>
   </div>
   <div class='ocr_carea' id='block_1_40' title="bbox 47 3905 1622 3974">
    <p class='ocr_par' dir='ltr' id='par_1_40' title="bbox 47 3905 1622 3974">
     <span class='ocr_line' id='line_1_40' title="bbox 47 3905 1622 3974; baseline 0.001 -14"><span class='ocrx_word' id='word_1_302' title='bbox 47 3906 162 3973; x_wconf 81' lang='lat' dir='ltr'><strong>plus</strong></span> <span class='ocrx_word' id='word_1_303' title='bbox 192 3917 373 3962; x_wconf 89' lang='lat' dir='ltr'><strong>mente</strong></span> <span class='ocrx_word' id='word_1_304' title='bbox 393 3905 652 3969; x_wconf 90' lang='lat' dir='ltr'><strong>continet,</strong></span> <span class='ocrx_word' id='word_1_305' title='bbox 682 3920 838 3973; x_wconf 89' lang='lat' dir='ltr'><strong>quam</strong></span> <span class='ocrx_word' id='word_1_306' title='bbox 869 3920 1029 3974; x_wconf 91' lang='lat' dir='ltr'><strong>opere</strong></span> <span class='ocrx_word' id='word_1_307' title='bbox 1051 3905 1443 3961; x_wconf 83' lang='lat' dir='ltr'><strong>demonstravit</strong></span> <span class='ocrx_word' id='word_1_308' title='bbox 1475 3923 1487 3958; x_wconf 89' lang='lat'><strong>:</strong></span> <span class='ocrx_word' id='word_1_309' title='bbox 1520 3921 1622 3961; x_wconf 88' lang='lat' dir='ltr'><strong>nec</strong></span> 
     </span>
    </p>
   </div>
   <div class='ocr_carea' id='block_1_41' title="bbox 45 3995 1618 4064">
    <p class='ocr_par' dir='ltr' id='par_1_41' title="bbox 45 3995 1618 4064">
     <span class='ocr_line' id='line_1_41' title="bbox 45 3995 1618 4064; baseline 0.001 -15"><span class='ocrx_word' id='word_1_310' title='bbox 45 3997 146 4052; x_wconf 88' lang='lat' dir='ltr'><strong>fine</strong></span> <span class='ocrx_word' id='word_1_311' title='bbox 172 4013 352 4055; x_wconf 86' lang='lat' dir='ltr'><strong>rerum</strong></span> <span class='ocrx_word' id='word_1_312' title='bbox 377 3996 500 4050; x_wconf 86' lang='lat' dir='ltr'><strong>finis</strong></span> <span class='ocrx_word' id='word_1_313' title='bbox 520 3995 805 4064; x_wconf 90' lang='lat' dir='ltr'><strong>imponitur</strong></span> <span class='ocrx_word' id='word_1_314' title='bbox 831 3996 1087 4060; x_wconf 86' lang='lat' dir='ltr'><strong>scientiae;</strong></span> <span class='ocrx_word' id='word_1_315' title='bbox 1111 3997 1156 4051; x_wconf 91' lang='lat' dir='ltr'><strong>si</strong></span> <span class='ocrx_word' id='word_1_316' title='bbox 1186 4006 1386 4063; x_wconf 87' lang='lat' dir='ltr'><strong>tamen,</strong></span> <span class='ocrx_word' id='word_1_317' title='bbox 1412 4006 1468 4050; x_wconf 92' lang='lat' dir='ltr'><strong>ut</strong></span> <span class='ocrx_word' id='word_1_318' title='bbox 1489 3998 1618 4062; x_wconf 83' lang='lat' dir='ltr'><strong>dixi,</strong></span> 
     </span>
    </p>
   </div>
   <div class='ocr_carea' id='block_1_42' title="bbox 45 4084 1618 4158">
    <p class='ocr_par' dir='ltr' id='par_1_42' title="bbox 45 4084 1618 4158">
     <span class='ocr_line' id='line_1_42' title="bbox 45 4084 1618 4158; baseline -0.003 -16"><span class='ocrx_word' id='word_1_319' title='bbox 45 4088 298 4158; x_wconf 81' lang='lat' dir='ltr'><strong>quidquid</strong></span> <span class='ocrx_word' id='word_1_320' title='bbox 337 4100 493 4140; x_wconf 89' lang='lat' dir='ltr'><strong>mens</strong></span> <span class='ocrx_word' id='word_1_321' title='bbox 537 4084 863 4154; x_wconf 89' lang='lat' dir='ltr'><strong>conceperit,</strong></span> <span class='ocrx_word' id='word_1_322' title='bbox 906 4093 962 4140; x_wconf 92' lang='lat' dir='ltr'><strong>et</strong></span> <span class='ocrx_word' id='word_1_323' title='bbox 1002 4085 1362 4155; x_wconf 77' lang='lat' dir='ltr'><strong>magnitudine</strong></span> <span class='ocrx_word' id='word_1_324' title='bbox 1399 4101 1618 4155; x_wconf 80' lang='lat' dir='ltr'><strong>operum</strong></span> 
     </span>
    </p>
   </div>
   <div class='ocr_carea' id='block_1_43' title="bbox 45 4175 1624 4249">
    <p class='ocr_par' dir='ltr' id='par_1_43' title="bbox 45 4175 1624 4249">
     <span class='ocr_line' id='line_1_43' title="bbox 45 4175 1624 4249; baseline -0.001 -17"><span class='ocrx_word' id='word_1_325' title='bbox 45 4179 292 4249; x_wconf 84' lang='lat' dir='ltr'><strong>cogitatio</strong></span> <span class='ocrx_word' id='word_1_326' title='bbox 311 4176 570 4241; x_wconf 88' lang='lat' dir='ltr'><strong>dilatarit,</strong></span> <span class='ocrx_word' id='word_1_327' title='bbox 597 4175 800 4246; x_wconf 90' lang='lat' dir='ltr'><strong>possint</strong></span> <span class='ocrx_word' id='word_1_328' title='bbox 819 4190 880 4231; x_wconf 90' lang='lat' dir='ltr'><strong>ea</strong></span> <span class='ocrx_word' id='word_1_329' title='bbox 905 4191 1024 4246; x_wconf 74' lang='lat' dir='ltr'><strong>quae</strong></span> <span class='ocrx_word' id='word_1_330' title='bbox 1043 4175 1278 4246; x_wconf 86' lang='lat' dir='ltr'><strong>subjecta</strong></span> <span class='ocrx_word' id='word_1_331' title='bbox 1295 4184 1438 4240; x_wconf 90' lang='lat' dir='ltr'><strong>sunt,</strong></span> <span class='ocrx_word' id='word_1_332' title='bbox 1463 4177 1624 4230; x_wconf 80' lang='lat' dir='ltr'><strong>susti-</strong></span> 
     </span>
    </p>
   </div>
   <div class='ocr_carea' id='block_1_44' title="bbox 45 4266 1620 4339">
    <p class='ocr_par' dir='ltr' id='par_1_44' title="bbox 45 4266 1620 4339">
     <span class='ocr_line' id='line_1_44' title="bbox 45 4266 1620 4339; baseline -0.001 -16"><span class='ocrx_word' id='word_1_333' title='bbox 45 4284 188 4324; x_wconf 89' lang='lat' dir='ltr'><strong>nere.</strong></span> <span class='ocrx_word' id='word_1_334' title='bbox 208 4270 276 4325; x_wconf 85' lang='lat' dir='ltr'><strong>Et</strong></span> <span class='ocrx_word' id='word_1_335' title='bbox 297 4267 572 4339; x_wconf 88' lang='lat' dir='ltr'><strong>quomodo</strong></span> <span class='ocrx_word' id='word_1_336' title='bbox 588 4283 696 4321; x_wconf 89' lang='lat' dir='ltr'><strong>non</strong></span> <span class='ocrx_word' id='word_1_337' title='bbox 717 4267 936 4336; x_wconf 87' lang='lat' dir='ltr'><strong>impium</strong></span> <span class='ocrx_word' id='word_1_338' title='bbox 953 4273 1055 4328; x_wconf 84' lang='lat' dir='ltr'><strong>est,</strong></span> <span class='ocrx_word' id='word_1_339' title='bbox 1080 4267 1322 4320; x_wconf 69' lang='lat' dir='ltr'><strong>humanm</strong></span> <span class='ocrx_word' id='word_1_340' title='bbox 1341 4267 1438 4320; x_wconf 89' lang='lat' dir='ltr'><strong>arti</strong></span> <span class='ocrx_word' id='word_1_341' title='bbox 1465 4266 1620 4322; x_wconf 89' lang='lat' dir='ltr'><strong>finem</strong></span> 
     </span>
    </p>
   </div>
   <div class='ocr_carea' id='block_1_45' title="bbox 46 4353 1620 4430">
    <p class='ocr_par' dir='ltr' id='par_1_45' title="bbox 46 4353 1620 4430">
     <span class='ocr_line' id='line_1_45' title="bbox 46 4353 1620 4430; baseline -0.001 -17"><span class='ocrx_word' id='word_1_342' title='bbox 46 4373 147 4413; x_wconf 87' lang='lat' dir='ltr'><strong>non</strong></span> <span class='ocrx_word' id='word_1_343' title='bbox 175 4361 474 4430; x_wconf 89' lang='lat' dir='ltr'><strong>imponere,</strong></span> <span class='ocrx_word' id='word_1_344' title='bbox 507 4374 608 4413; x_wconf 85' lang='lat' dir='ltr'><strong>nec</strong></span> <span class='ocrx_word' id='word_1_345' title='bbox 635 4357 885 4428; x_wconf 88' lang='lat' dir='ltr'><strong>operibus</strong></span> <span class='ocrx_word' id='word_1_346' title='bbox 911 4357 1024 4412; x_wconf 90' lang='lat' dir='ltr'><strong>suis</strong></span> <span class='ocrx_word' id='word_1_347' title='bbox 1057 4353 1318 4411; x_wconf 86' lang='lat' dir='ltr'><strong>artificum</strong></span> <span class='ocrx_word' id='word_1_348' title='bbox 1347 4356 1620 4411; x_wconf 74' lang='lat' dir='ltr'><strong>scientiam</strong></span> 
     </span>
    </p>
   </div>
   <div class='ocr_carea' id='block_1_46' title="bbox 45 4447 1621 4518">
    <p class='ocr_par' dir='ltr' id='par_1_46' title="bbox 45 4447 1621 4518">
     <span class='ocr_line' id='line_1_46' title="bbox 45 4447 1621 4518; baseline 0 -16"><span class='ocrx_word' id='word_1_349' title='bbox 45 4461 320 4518; x_wconf 65' lang='lat' dir='ltr'><strong>coaequare</strong></span> <span class='ocrx_word' id='word_1_350' title='bbox 342 4466 357 4515; x_wconf 89' lang='lat'><strong>;</strong></span> <span class='ocrx_word' id='word_1_351' title='bbox 391 4462 444 4504; x_wconf 89' lang='lat' dir='ltr'><strong>et</strong></span> <span class='ocrx_word' id='word_1_352' title='bbox 468 4448 633 4503; x_wconf 88' lang='lat' dir='ltr'><strong>Detnn</strong></span> <span class='ocrx_word' id='word_1_353' title='bbox 660 4456 800 4501; x_wconf 91' lang='lat' dir='ltr'><strong>tanta</strong></span> <span class='ocrx_word' id='word_1_354' title='bbox 825 4447 1016 4503; x_wconf 77' lang='lat' dir='ltr'><strong>fecisse</strong></span> <span class='ocrx_word' id='word_1_355' title='bbox 1035 4447 1212 4503; x_wconf 88' lang='lat' dir='ltr'><strong>dicere</strong></span> <span class='ocrx_word' id='word_1_356' title='bbox 1234 4448 1621 4502; x_wconf 88' lang='lat' dir='ltr'><strong>rationabilinm</strong></span> 
     </span>
    </p>
   </div>
   <div class='ocr_carea' id='block_1_47' title="bbox 47 4538 1624 4610">
    <p class='ocr_par' dir='ltr' id='par_1_47' title="bbox 47 4538 1624 4610">
     <span class='ocr_line' id='line_1_47' title="bbox 47 4538 1624 4610; baseline 0 -18"><span class='ocrx_word' id='word_1_357' title='bbox 47 4549 432 4606; x_wconf 87' lang='lat' dir='ltr'><strong>creaturarum,</strong></span> <span class='ocrx_word' id='word_1_358' title='bbox 464 4549 657 4610; x_wconf 85' lang='lat' dir='ltr'><strong>quanta</strong></span> <span class='ocrx_word' id='word_1_359' title='bbox 698 4538 875 4595; x_wconf 86' lang='lat' dir='ltr'><strong>facere</strong></span> <span class='ocrx_word' id='word_1_360' title='bbox 918 4539 1171 4610; x_wconf 84' lang='lat' dir='ltr'><strong>poterat?</strong></span> <span class='ocrx_word' id='word_1_361' title='bbox 1197 4539 1387 4594; x_wconf 86' lang='lat' dir='ltr'><strong>Audiat</strong></span> <span class='ocrx_word' id='word_1_362' title='bbox 1415 4554 1542 4610; x_wconf 77' lang='lat' dir='ltr'><strong>ergo</strong></span> <span class='ocrx_word' id='word_1_363' title='bbox 1570 4548 1624 4594; x_wconf 90' lang='lat' dir='ltr'><strong>et</strong></span> 
     </span>
    </p>
   </div>
   <div class='ocr_carea' id='block_1_48' title="bbox 49 4627 1618 4701">
    <p class='ocr_par' dir='ltr' id='par_1_48' title="bbox 49 4627 1618 4701">
     <span class='ocr_line' id='line_1_48' title="bbox 49 4627 1618 4701; baseline 0.003 -21"><span class='ocrx_word' id='word_1_364' title='bbox 49 4627 214 4683; x_wconf 88' lang='lat' dir='ltr'><strong>discat</strong></span> <span class='ocrx_word' id='word_1_365' title='bbox 259 4630 453 4701; x_wconf 89' lang='lat' dir='ltr'><strong>impius</strong></span> <span class='ocrx_word' id='word_1_366' title='bbox 482 4647 496 4682; x_wconf 92' lang='lat'><strong>:</strong></span> <span class='ocrx_word' id='word_1_367' title='bbox 522 4629 638 4684; x_wconf 86' lang='lat' dir='ltr'><strong>Non</strong></span> <span class='ocrx_word' id='word_1_368' title='bbox 680 4627 773 4700; x_wconf 75' lang='grc' dir='ltr'>[ει.</span> <span class='ocrx_word' id='word_1_369' title='bbox 809 4629 960 4695; x_wconf 83' lang='lat' dir='ltr'><strong>Quod</strong></span> <span class='ocrx_word' id='word_1_370' title='bbox 996 4627 1118 4701; x_wconf 83' lang='lat' dir='ltr'><strong>non]</strong></span> <span class='ocrx_word' id='word_1_371' title='bbox 1151 4639 1291 4682; x_wconf 90' lang='lat' dir='ltr'><strong>tanta</strong></span> <span class='ocrx_word' id='word_1_372' title='bbox 1327 4637 1411 4683; x_wconf 89' lang='lat' dir='ltr'><strong>est</strong></span> <span class='ocrx_word' id='word_1_373' title='bbox 1455 4631 1618 4684; x_wconf 85' lang='lat' dir='ltr'><strong>virtus</strong></span> 
     </span>
    </p>
   </div>
   <div class='ocr_carea' id='block_1_49' title="bbox 51 4717 1621 4790">
    <p class='ocr_par' dir='ltr' id='par_1_49' title="bbox 51 4717 1621 4790">
     <span class='ocr_line' id='line_1_49' title="bbox 51 4717 1621 4790; baseline 0.003 -19"><span class='ocrx_word' id='word_1_374' title='bbox 51 4717 163 4784; x_wconf 91' lang='lat' dir='ltr'><strong>Dei,</strong></span> <span class='ocrx_word' id='word_1_375' title='bbox 185 4731 410 4790; x_wconf 90' lang='lat' dir='ltr'><strong>quantas</strong></span> <span class='ocrx_word' id='word_1_376' title='bbox 430 4723 616 4778; x_wconf 73' lang='lat' dir='ltr'><strong>fecisse</strong></span> <span class='ocrx_word' id='word_1_377' title='bbox 635 4721 830 4775; x_wconf 89' lang='lat' dir='ltr'><strong>dicitur</strong></span> <span class='ocrx_word' id='word_1_378' title='bbox 846 4719 1185 4774; x_wconf 89' lang='lat' dir='ltr'><strong>rationabiles</strong></span> <span class='ocrx_word' id='word_1_379' title='bbox 1199 4727 1468 4774; x_wconf 88' lang='lat' dir='ltr'><strong>creaturas</strong></span> <span class='ocrx_word' id='word_1_380' title='bbox 1491 4736 1504 4772; x_wconf 90' lang='lat'><strong>:</strong></span> <span class='ocrx_word' id='word_1_381' title='bbox 1527 4719 1621 4775; x_wconf 88' lang='lat' dir='ltr'><strong>sed</strong></span> 
     </span>
    </p>
   </div>
   <div class='ocr_carea' id='block_1_50' title="bbox 50 4807 1623 4881">
    <p class='ocr_par' dir='ltr' id='par_1_50' title="bbox 50 4807 1623 4881">
     <span class='ocr_line' id='line_1_50' title="bbox 50 4807 1623 4881; baseline 0.004 -21"><span class='ocrx_word' id='word_1_382' title='bbox 50 4807 328 4877; x_wconf 83' lang='lat' dir='ltr'><strong>imponens</strong></span> <span class='ocrx_word' id='word_1_383' title='bbox 372 4827 674 4872; x_wconf 88' lang='lat' dir='ltr'><strong>mensuram</strong></span> <span class='ocrx_word' id='word_1_384' title='bbox 703 4811 976 4881; x_wconf 88' lang='lat' dir='ltr'><strong>operibus,</strong></span> <span class='ocrx_word' id='word_1_385' title='bbox 1009 4810 1142 4865; x_wconf 85' lang='lat' dir='ltr'><strong>ultra</strong></span> <span class='ocrx_word' id='word_1_386' title='bbox 1183 4825 1341 4879; x_wconf 89' lang='lat' dir='ltr'><strong>quam</strong></span> <span class='ocrx_word' id='word_1_387' title='bbox 1368 4826 1486 4866; x_wconf 89' lang='lat' dir='ltr'><strong>esse</strong></span> <span class='ocrx_word' id='word_1_388' title='bbox 1515 4825 1623 4866; x_wconf 85' lang='lat' dir='ltr'><strong>non</strong></span> 
     </span>
    </p>
   </div>
   <div class='ocr_carea' id='block_1_51' title="bbox 49 4900 1626 4969">
    <p class='ocr_par' dir='ltr' id='par_1_51' title="bbox 49 4900 1626 4969">
     <span class='ocr_line' id='line_1_51' title="bbox 49 4900 1626 4969; baseline 0.006 -20"><span class='ocrx_word' id='word_1_389' title='bbox 49 4907 316 4968; x_wconf 80' lang='lat' dir='ltr'><strong>poterant,</strong></span> <span class='ocrx_word' id='word_1_390' title='bbox 361 4911 416 4954; x_wconf 91' lang='lat' dir='ltr'><strong>et</strong></span> <span class='ocrx_word' id='word_1_391' title='bbox 457 4916 632 4957; x_wconf 91' lang='lat' dir='ltr'><strong>rerum</strong></span> <span class='ocrx_word' id='word_1_392' title='bbox 677 4917 958 4956; x_wconf 88' lang='lat' dir='ltr'><strong>numerum</strong></span> <span class='ocrx_word' id='word_1_393' title='bbox 987 4900 1348 4969; x_wconf 85' lang='lat' dir='ltr'><strong>dispositionis</strong></span> <span class='ocrx_word' id='word_1_394' title='bbox 1373 4919 1482 4958; x_wconf 70' lang='lat' dir='ltr'><strong>suae</strong></span> <span class='ocrx_word' id='word_1_395' title='bbox 1507 4913 1626 4960; x_wconf 86' lang='lat' dir='ltr'><strong>arte</strong></span> 
     </span>
    </p>
   </div>
   <div class='ocr_carea' id='block_1_52' title="bbox 50 4985 1625 5056">
    <p class='ocr_par' dir='ltr' id='par_1_52' title="bbox 50 4985 1625 5056">
     <span class='ocr_line' id='line_1_52' title="bbox 50 4985 1625 5056; baseline 0.006 -15"><span class='ocrx_word' id='word_1_396' title='bbox 50 4985 404 5052; x_wconf 88' lang='lat' dir='ltr'><strong>concludens,</strong></span> <span class='ocrx_word' id='word_1_397' title='bbox 431 4988 543 5056; x_wconf 85' lang='lat' dir='ltr'><strong>ipse</strong></span> <span class='ocrx_word' id='word_1_398' title='bbox 561 5005 808 5047; x_wconf 89' lang='lat' dir='ltr'><strong>mensura</strong></span> <span class='ocrx_word' id='word_1_399' title='bbox 832 5000 891 5047; x_wconf 89' lang='lat' dir='ltr'><strong>et</strong></span> <span class='ocrx_word' id='word_1_400' title='bbox 912 5006 1134 5047; x_wconf 89' lang='lat' dir='ltr'><strong>numero</strong></span> <span class='ocrx_word' id='word_1_401' title='bbox 1160 5007 1263 5046; x_wconf 90' lang='lat' dir='ltr'><strong>non</strong></span> <span class='ocrx_word' id='word_1_402' title='bbox 1293 5001 1520 5048; x_wconf 81' lang='lat' dir='ltr'><strong>tenetur.</strong></span> <span class='ocrx_word' id='word_1_403' title='bbox 1545 4995 1625 5051; x_wconf 82' lang='lat' dir='ltr'><strong>Ex</strong></span> 
     </span>
    </p>
   </div>
   <div class='ocr_carea' id='block_1_53' title="bbox 50 5075 1624 5155">
    <p class='ocr_par' dir='ltr' id='par_1_53' title="bbox 50 5075 1624 5155">
     <span class='ocr_line' id='line_1_53' title="bbox 50 5075 1624 5155; baseline 0.007 -24"><span class='ocrx_word' id='word_1_404' title='bbox 50 5077 246 5148; x_wconf 91' lang='lat' dir='ltr'><strong>quibus</strong></span> <span class='ocrx_word' id='word_1_405' title='bbox 273 5075 474 5147; x_wconf 92' lang='lat' dir='ltr'><strong>liquido</strong></span> <span class='ocrx_word' id='word_1_406' title='bbox 490 5093 728 5150; x_wconf 86' lang='lat' dir='ltr'><strong>apparet,</strong></span> <span class='ocrx_word' id='word_1_407' title='bbox 749 5097 855 5138; x_wconf 91' lang='lat' dir='ltr'><strong>non</strong></span> <span class='ocrx_word' id='word_1_408' title='bbox 879 5098 1004 5140; x_wconf 90' lang='lat' dir='ltr'><strong>eum</strong></span> <span class='ocrx_word' id='word_1_409' title='bbox 1033 5091 1173 5138; x_wconf 89' lang='lat' dir='ltr'><strong>tanta</strong></span> <span class='ocrx_word' id='word_1_410' title='bbox 1196 5083 1406 5150; x_wconf 87' lang='lat' dir='ltr'><strong>fecisse,</strong></span> <span class='ocrx_word' id='word_1_411' title='bbox 1430 5095 1624 5155; x_wconf 87' lang='lat' dir='ltr'><strong>quanta</strong></span> 
     </span>
    </p>
   </div>
   <div class='ocr_carea' id='block_1_54' title="bbox 51 5251 1624 5372">
    <p class='ocr_par' dir='ltr' id='par_1_54' title="bbox 51 5251 1624 5372">
     <span class='ocr_line' id='line_1_54' title="bbox 113 5251 1624 5328; baseline 0.013 -30"><span class='ocrx_word' id='word_1_412' title='bbox 113 5251 189 5323; x_wconf 78' lang='grc' dir='ltr'>(ιι)</span> <span class='ocrx_word' id='word_1_413' title='bbox 224 5251 454 5324; x_wconf 58' lang='lat' dir='ltr'><strong>Pluribus</strong></span> <span class='ocrx_word' id='word_1_414' title='bbox 473 5253 578 5305; x_wconf 71' lang='lat' dir='ltr'><strong>haec</strong></span> <span class='ocrx_word' id='word_1_415' title='bbox 597 5255 828 5318; x_wconf 82' lang='lat' dir='ltr'><strong>periodus</strong></span> <span class='ocrx_word' id='word_1_416' title='bbox 849 5258 981 5310; x_wconf 79' lang='lat' dir='ltr'><strong>vitiis</strong></span> <span class='ocrx_word' id='word_1_417' title='bbox 1011 5262 1059 5310; x_wconf 88' lang='lat' dir='ltr'><strong>in</strong></span> <span class='ocrx_word' id='word_1_418' title='bbox 1080 5260 1388 5314; x_wconf 87' lang='lat' dir='ltr'><strong>Benedictin.</strong></span> <span class='ocrx_word' id='word_1_419' title='bbox 1419 5263 1624 5328; x_wconf 85' lang='lat' dir='ltr'><strong>altisque</strong></span> 
     </span>
     <span class='ocr_line' id='line_1_55' title="bbox 51 5311 1622 5372; baseline 0.01 -14"><span class='ocrx_word' id='word_1_420' title='bbox 51 5311 349 5362; x_wconf 85' lang='lat' dir='ltr'><strong>editiontbus</strong></span> <span class='ocrx_word' id='word_1_421' title='bbox 384 5313 660 5372; x_wconf 82' lang='lat' dir='ltr'><strong>laborabat,</strong></span> <span class='ocrx_word' id='word_1_422' title='bbox 698 5331 843 5372; x_wconf 86' lang='lat' dir='ltr'><strong>quam</strong></span> <span class='ocrx_word' id='word_1_423' title='bbox 882 5323 1052 5372; x_wconf 75' lang='lat' dir='ltr'><strong>partim</strong></span> <span class='ocrx_word' id='word_1_424' title='bbox 1091 5337 1154 5372; x_wconf 81' lang='lat' dir='ltr'><strong>ex</strong></span> <span class='ocrx_word' id='word_1_425' title='bbox 1178 5324 1233 5372; x_wconf 92' lang='lat' dir='ltr'><strong>B.</strong></span> <span class='ocrx_word' id='word_1_426' title='bbox 1257 5324 1334 5372; x_wconf 88' lang='lat' dir='ltr'><strong>P..</strong></span> <span class='ocrx_word' id='word_1_427' title='bbox 1363 5328 1533 5372; x_wconf 79' lang='lat' dir='ltr'><strong>partim</strong></span> <span class='ocrx_word' id='word_1_428' title='bbox 1559 5341 1622 5372; x_wconf 81' lang='lat' dir='ltr'><strong>ex</strong></span> 
     </span>
    </p>
   </div>
   <div class='ocr_carea' id='block_1_55' title="bbox 51 5331 1627 5442">
    <p class='ocr_par' dir='ltr' id='par_1_55' title="bbox 51 5331 1627 5442">
     <span class='ocr_line' id='line_1_56' title="bbox 51 5331 1622 5386; baseline 0.011 -28"><span class='ocrx_word' id='word_1_429' title='bbox 51 5331 349 5386; x_wconf 58' lang='lat' dir='ltr'><strong>coitionibus</strong></span> <span class='ocrx_word' id='word_1_430' title='bbox 384 5331 660 5375; x_wconf 70' lang='lat' dir='ltr'><strong>laborabat,</strong></span> <span class='ocrx_word' id='word_1_431' title='bbox 698 5331 843 5379; x_wconf 88' lang='lat' dir='ltr'><strong>quam</strong></span> <span class='ocrx_word' id='word_1_432' title='bbox 882 5331 1052 5381; x_wconf 89' lang='lat' dir='ltr'><strong>partim</strong></span> <span class='ocrx_word' id='word_1_433' title='bbox 1091 5337 1154 5372; x_wconf 81' lang='lat' dir='ltr'><strong>ex</strong></span> <span class='ocrx_word' id='word_1_434' title='bbox 1178 5331 1233 5372; x_wconf 83' lang='grc' dir='ltr'>Β.</span> <span class='ocrx_word' id='word_1_435' title='bbox 1259 5331 1334 5383; x_wconf 80' lang='grc' dir='ltr'>Ρ.,</span> <span class='ocrx_word' id='word_1_436' title='bbox 1363 5331 1533 5386; x_wconf 87' lang='lat' dir='ltr'><strong>partim</strong></span> <span class='ocrx_word' id='word_1_437' title='bbox 1559 5341 1622 5378; x_wconf 80' lang='lat' dir='ltr'><strong>ex</strong></span> 
     </span>
     <span class='ocr_line' id='line_1_57' title="bbox 51 5379 1627 5442; baseline 0.011 -23"><span class='ocrx_word' id='word_1_438' title='bbox 51 5380 343 5442; x_wconf 66' lang='lat' dir='ltr'><strong>conjecttirts</strong></span> <span class='ocrx_word' id='word_1_439' title='bbox 388 5379 585 5442; x_wconf 83' lang='lat' dir='ltr'><strong>pristino</strong></span> <span class='ocrx_word' id='word_1_440' title='bbox 633 5379 808 5437; x_wconf 87' lang='lat' dir='ltr'><strong>nitori,</strong></span> <span class='ocrx_word' id='word_1_441' title='bbox 850 5393 905 5430; x_wconf 92' lang='lat' dir='ltr'><strong>ac</strong></span> <span class='ocrx_word' id='word_1_442' title='bbox 944 5384 1109 5431; x_wconf 87' lang='lat' dir='ltr'><strong>sensui</strong></span> <span class='ocrx_word' id='word_1_443' title='bbox 1149 5385 1476 5435; x_wconf 86' lang='lat' dir='ltr'><strong>reddidimus:</strong></span> <span class='ocrx_word' id='word_1_444' title='bbox 1520 5395 1627 5438; x_wconf 87' lang='lat' dir='ltr'><strong>erat</strong></span> 
     </span>
    </p>
   </div>
   <div class='ocr_carea' id='block_1_56' title="bbox 52 5433 1629 5508">
    <p class='ocr_par' dir='ltr' id='par_1_56' title="bbox 52 5433 1629 5508">
     <span class='ocr_line' id='line_1_58' title="bbox 52 5433 1629 5508; baseline 0.014 -30"><span class='ocrx_word' id='word_1_445' title='bbox 52 5433 439 5508; x_wconf 18' lang='lat' dir='ltr'><strong>enimdadthuttc</strong></span> <span class='ocrx_word' id='word_1_446' title='bbox 473 5438 665 5508; x_wconf 77' lang='lat' dir='ltr'><strong>inodqu</strong></span> <span class='ocrx_word' id='word_1_447' title='bbox 685 5473 700 5495; x_wconf 94' lang='lat'><strong>,</strong></span> <span class='ocrx_word' id='word_1_448' title='bbox 732 5433 827 5502; x_wconf 68' lang='lat' dir='ltr'><strong>quo</strong></span> <span class='ocrx_word' id='word_1_449' title='bbox 861 5442 990 5508; x_wconf 64' lang='lat' dir='ltr'><strong>(lica!</strong></span> <span class='ocrx_word' id='word_1_450' title='bbox 1022 5455 1072 5508; x_wconf 68' lang='lat' dir='ltr'><strong>se</strong></span> <span class='ocrx_word' id='word_1_451' title='bbox 1108 5433 1359 5496; x_wconf 77' lang='lat' dir='ltr'><strong>evacuasse</strong></span> <span class='ocrx_word' id='word_1_452' title='bbox 1380 5433 1409 5508; x_wconf 26' lang='grc' dir='ltr'>,η</span> <span class='ocrx_word' id='word_1_453' title='bbox 1434 5433 1479 5498; x_wconf 81' lang='lat' dir='ltr'><strong>et</strong></span> <span class='ocrx_word' id='word_1_454' title='bbox 1502 5433 1629 5501; x_wconf 47' lang='lat' dir='ltr'><strong>sariri</strong></span> 
     </span>
    </p>
   </div>
   <div class='ocr_carea' id='block_1_57' title="bbox 49 5497 1259 5562">
    <p class='ocr_par' dir='ltr' id='par_1_57' title="bbox 49 5497 1259 5562">
     <span class='ocr_line' id='line_1_59' title="bbox 49 5497 1259 5562; baseline 0.015 -24"><span class='ocrx_word' id='word_1_455' title='bbox 49 5497 363 5562; x_wconf 54' lang='lat' dir='ltr'><strong>assumpsi“!</strong></span> <span class='ocrx_word' id='word_1_456' title='bbox 385 5497 586 5562; x_wconf 56' lang='lat' dir='ltr'><strong>[gutum</strong></span> <span class='ocrx_word' id='word_1_457' title='bbox 613 5497 653 5562; x_wconf 62' lang='grc' dir='ltr'>ζ</span> <span class='ocrx_word' id='word_1_458' title='bbox 672 5497 844 5552; x_wconf 69' lang='lat' dir='ltr'><strong>attines</strong></span> <span class='ocrx_word' id='word_1_459' title='bbox 866 5502 1135 5562; x_wconf 70' lang='lat' dir='ltr'><strong>limi-elices,</strong></span> <span class='ocrx_word' id='word_1_460' title='bbox 1162 5513 1259 5556; x_wconf 88' lang='lat' dir='ltr'><strong>etc.</strong></span> 
     </span>
    </p>
   </div>
   <div class='ocr_carea' id='block_1_58' title="bbox 52 5553 1626 5666">
    <p class='ocr_par' dir='ltr' id='par_1_58' title="bbox 52 5553 1626 5666">
     <span class='ocr_line' id='line_1_60' title="bbox 52 5553 1626 5666; baseline 0.013 -66"><span class='ocrx_word' id='word_1_461' title='bbox 52 5553 274 5666; x_wconf 36' lang='lat' dir='ltr'><strong>“(rl’i’jml&#39;n</strong></span> <span class='ocrx_word' id='word_1_462' title='bbox 316 5553 394 5604; x_wconf 53' lang='grc' dir='ltr'><strong>Β(</strong></span> <span class='ocrx_word' id='word_1_463' title='bbox 415 5557 470 5606; x_wconf 83' lang='grc' dir='ltr'>Ρ.</span> <span class='ocrx_word' id='word_1_464' title='bbox 511 5560 569 5607; x_wconf 88' lang='lat' dir='ltr'><strong>ad</strong></span> <span class='ocrx_word' id='word_1_465' title='bbox 610 5558 719 5610; x_wconf 86' lang='lat' dir='ltr'><strong>libri</strong></span> <span class='ocrx_word' id='word_1_466' title='bbox 763 5566 1036 5627; x_wconf 86' lang='lat' dir='ltr'><strong>marginem</strong></span> <span class='ocrx_word' id='word_1_467' title='bbox 1071 5553 1265 5620; x_wconf 69' lang='lat' dir='ltr'><strong>notatur</strong></span> <span class='ocrx_word' id='word_1_468' title='bbox 1288 5582 1482 5632; x_wconf 77' lang='lat' dir='ltr'><strong>cursum</strong></span> <span class='ocrx_word' id='word_1_469' title='bbox 1519 5583 1626 5634; x_wconf 88' lang='lat' dir='ltr'><strong>pro,</strong></span> 
     </span>
    </p>
   </div>
   <div class='ocr_carea' id='block_1_59' title="bbox 326 5698 890 5768">
    <p class='ocr_par' dir='ltr' id='par_1_59' title="bbox 326 5698 890 5768">
     <span class='ocr_line' id='line_1_61' title="bbox 326 5698 890 5768; baseline 0.014 -8"><span class='ocrx_word' id='word_1_470' title='bbox 326 5698 387 5760; x_wconf 87' lang='lat' dir='ltr'><strong>S.</strong></span> <span class='ocrx_word' id='word_1_471' title='bbox 437 5701 797 5768; x_wconf 60' lang='lat' dir='ltr'><strong>HIERONYMI</strong></span> <span class='ocrx_word' id='word_1_472' title='bbox 840 5708 890 5768; x_wconf 88' lang='grc' dir='ltr'><strong>Ι.</strong></span> 
     </span>
    </p>
   </div>
   <div class='ocr_carea' id='block_1_60' title="bbox 1409 263 1998 324">
    <p class='ocr_par' dir='ltr' id='par_1_60' title="bbox 1409 263 1998 324">
     <span class='ocr_line' id='line_1_62' title="bbox 1409 263 1998 324; baseline 0.002 -1"><span class='ocrx_word' id='word_1_473' title='bbox 1409 263 1737 323; x_wconf 78' lang='lat' dir='ltr'><strong>EPlSTOLA</strong></span> <span class='ocrx_word' id='word_1_474' title='bbox 1781 265 1998 324; x_wconf 74' lang='lat' dir='ltr'><strong>XCVIII.</strong></span> 
     </span>
    </p>
   </div>
   <div class='ocr_carea' id='block_1_61' title="bbox 3220 281 3325 338">
    <p class='ocr_par' dir='ltr' id='par_1_61' title="bbox 3220 281 3325 338">
     <span class='ocr_line' id='line_1_63' title="bbox 3220 281 3325 338; baseline 0.019 -2"><span class='ocrx_word' id='word_1_475' title='bbox 3220 281 3325 338; x_wconf 80' lang='lat'><strong>808</strong></span> 
     </span>
    </p>
   </div>
   <div class='ocr_carea' id='block_1_62' title="bbox 1752 379 3323 460">
    <p class='ocr_par' dir='ltr' id='par_1_62' title="bbox 1752 379 3323 460">
     <span class='ocr_line' id='line_1_64' title="bbox 1752 379 3323 460; baseline 0.008 -26"><span class='ocrx_word' id='word_1_476' title='bbox 1752 388 1994 448; x_wconf 87' lang='lat' dir='ltr'><strong>poterat,</strong></span> <span class='ocrx_word' id='word_1_477' title='bbox 2024 379 2117 436; x_wconf 87' lang='lat' dir='ltr'><strong>sed</strong></span> <span class='ocrx_word' id='word_1_478' title='bbox 2159 389 2411 452; x_wconf 88' lang='lat' dir='ltr'><strong>quantum</strong></span> <span class='ocrx_word' id='word_1_479' title='bbox 2454 397 2634 440; x_wconf 87' lang='lat' dir='ltr'><strong>rerum</strong></span> <span class='ocrx_word' id='word_1_480' title='bbox 2675 382 2967 444; x_wconf 81' lang='lat' dir='ltr'><strong>necessitas</strong></span> <span class='ocrx_word' id='word_1_481' title='bbox 2989 388 3323 460; x_wconf 68' lang='lat' dir='ltr'><strong>expetebat.</strong></span> 
     </span>
    </p>
   </div>
   <div class='ocr_carea' id='block_1_63' title="bbox 1752 469 3325 549">
    <p class='ocr_par' dir='ltr' id='par_1_63' title="bbox 1752 469 3325 549">
     <span class='ocr_line' id='line_1_65' title="bbox 1752 469 3325 549; baseline 0.011 -29"><span class='ocrx_word' id='word_1_482' title='bbox 1752 475 1954 522; x_wconf 85' lang='lat' dir='ltr'><strong>tantum</strong></span> <span class='ocrx_word' id='word_1_483' title='bbox 1982 469 2100 540; x_wconf 88' lang='lat' dir='ltr'><strong>ejus</strong></span> <span class='ocrx_word' id='word_1_484' title='bbox 2120 469 2310 528; x_wconf 88' lang='lat' dir='ltr'><strong>fecisse</strong></span> <span class='ocrx_word' id='word_1_485' title='bbox 2332 472 2600 529; x_wconf 85' lang='lat' dir='ltr'><strong>virtutem.</strong></span> <span class='ocrx_word' id='word_1_486' title='bbox 2623 473 2894 531; x_wconf 84' lang='lat' dir='ltr'><strong>Ponamus</strong></span> <span class='ocrx_word' id='word_1_487' title='bbox 2919 481 3239 549; x_wconf 83' lang='lat' dir='ltr'><strong>exemplum,</strong></span> <span class='ocrx_word' id='word_1_488' title='bbox 3263 492 3325 537; x_wconf 89' lang='lat' dir='ltr'><strong>ut</strong></span> 
     </span>
    </p>
   </div>
   <div class='ocr_carea' id='block_1_64' title="bbox 1748 556 3320 640">
    <p class='ocr_par' dir='ltr' id='par_1_64' title="bbox 1748 556 3320 640">
     <span class='ocr_line' id='line_1_66' title="bbox 1748 556 3320 640; baseline 0.011 -31"><span class='ocrx_word' id='word_1_489' title='bbox 1748 557 1889 624; x_wconf 91' lang='lat' dir='ltr'><strong>quod</strong></span> <span class='ocrx_word' id='word_1_490' title='bbox 1914 556 2159 623; x_wconf 87' lang='lat' dir='ltr'><strong>dicimus,</strong></span> <span class='ocrx_word' id='word_1_491' title='bbox 2185 559 2516 616; x_wconf 86' lang='lat' dir='ltr'><strong>manifestius</strong></span> <span class='ocrx_word' id='word_1_492' title='bbox 2585 562 2743 634; x_wconf 70' lang='grc' dir='ltr'>σοι</span> <span class='ocrx_word' id='word_1_493' title='bbox 2818 563 2931 618; x_wconf 80' lang='lat' dir='ltr'><strong>ﬁat.</strong></span> <span class='ocrx_word' id='word_1_494' title='bbox 2958 566 3013 621; x_wconf 92' lang='lat' dir='ltr'><strong>Si</strong></span> <span class='ocrx_word' id='word_1_495' title='bbox 3039 568 3156 636; x_wconf 86' lang='lat' dir='ltr'><strong>quis</strong></span> <span class='ocrx_word' id='word_1_496' title='bbox 3191 584 3320 640; x_wconf 81' lang='lat' dir='ltr'><strong>opu-</strong></span> 
     </span>
    </p>
   </div>
   <div class='ocr_carea' id='block_1_65' title="bbox 1748 645 3324 716">
    <p class='ocr_par' dir='ltr' id='par_1_65' title="bbox 1748 645 3324 716">
     <span class='ocr_line' id='line_1_67' title="bbox 1748 645 3324 716; baseline 0.011 -18"><span class='ocrx_word' id='word_1_497' title='bbox 1748 645 1926 701; x_wconf 91' lang='lat' dir='ltr'><strong>lentus</strong></span> <span class='ocrx_word' id='word_1_498' title='bbox 1967 648 2346 716; x_wconf 87' lang='lat' dir='ltr'><strong>paterfamilias</strong></span> <span class='ocrx_word' id='word_1_499' title='bbox 2373 651 2623 706; x_wconf 84' lang='lat' dir='ltr'><strong>convivas</strong></span> <span class='ocrx_word' id='word_1_500' title='bbox 2648 653 2715 706; x_wconf 91' lang='lat' dir='ltr'><strong>ad</strong></span> <span class='ocrx_word' id='word_1_501' title='bbox 2742 667 2952 708; x_wconf 71' lang='lat' dir='ltr'><strong>cumam</strong></span> <span class='ocrx_word' id='word_1_502' title='bbox 2982 656 3207 712; x_wconf 88' lang='lat' dir='ltr'><strong>voluerit</strong></span> <span class='ocrx_word' id='word_1_503' title='bbox 3245 662 3324 714; x_wconf 82' lang='lat' dir='ltr'><strong>in-</strong></span> 
     </span>
    </p>
   </div>
   <div class='ocr_carea' id='block_1_66' title="bbox 1746 739 3324 817">
    <p class='ocr_par' dir='ltr' id='par_1_66' title="bbox 1746 739 3324 817">
     <span class='ocr_line' id='line_1_68' title="bbox 1746 739 3324 817; baseline 0.009 -27"><span class='ocrx_word' id='word_1_504' title='bbox 1746 739 1934 803; x_wconf 86' lang='lat' dir='ltr'><strong>vitare,</strong></span> <span class='ocrx_word' id='word_1_505' title='bbox 1965 749 2019 794; x_wconf 91' lang='lat' dir='ltr'><strong>et</strong></span> <span class='ocrx_word' id='word_1_506' title='bbox 2057 750 2229 795; x_wconf 88' lang='lat' dir='ltr'><strong>tantas</strong></span> <span class='ocrx_word' id='word_1_507' title='bbox 2258 742 2454 798; x_wconf 82' lang='lat' dir='ltr'><strong>offerre</strong></span> <span class='ocrx_word' id='word_1_508' title='bbox 2493 743 2677 813; x_wconf 87' lang='lat' dir='ltr'><strong>dapes,</strong></span> <span class='ocrx_word' id='word_1_509' title='bbox 2708 760 2829 815; x_wconf 76' lang='lat' dir='ltr'><strong>qua:</strong></span> <span class='ocrx_word' id='word_1_510' title='bbox 2868 745 3091 816; x_wconf 89' lang='lat' dir='ltr'><strong>implere</strong></span> <span class='ocrx_word' id='word_1_511' title='bbox 3120 751 3324 817; x_wconf 88' lang='lat' dir='ltr'><strong>possint</strong></span> 
     </span>
    </p>
   </div>
   <div class='ocr_carea' id='block_1_67' title="bbox 1745 828 3324 906">
    <p class='ocr_par' dir='ltr' id='par_1_67' title="bbox 1745 828 3324 906">
     <span class='ocr_line' id='line_1_69' title="bbox 1745 828 3324 906; baseline 0.009 -27"><span class='ocrx_word' id='word_1_512' title='bbox 1745 828 2046 883; x_wconf 86' lang='lat' dir='ltr'><strong>aviditatem</strong></span> <span class='ocrx_word' id='word_1_513' title='bbox 2071 833 2417 895; x_wconf 76' lang='lat' dir='ltr'><strong>coenantium,</strong></span> <span class='ocrx_word' id='word_1_514' title='bbox 2438 847 2546 888; x_wconf 90' lang='lat' dir='ltr'><strong>non</strong></span> <span class='ocrx_word' id='word_1_515' title='bbox 2566 834 2740 888; x_wconf 87' lang='lat' dir='ltr'><strong>statim</strong></span> <span class='ocrx_word' id='word_1_516' title='bbox 2765 845 3021 906; x_wconf 90' lang='lat' dir='ltr'><strong>quantum</strong></span> <span class='ocrx_word' id='word_1_517' title='bbox 3046 838 3119 893; x_wconf 91' lang='lat' dir='ltr'><strong>illi</strong></span> <span class='ocrx_word' id='word_1_518' title='bbox 3143 852 3324 894; x_wconf 87' lang='lat' dir='ltr'><strong>come-</strong></span> 
     </span>
    </p>
   </div>
   <div class='ocr_carea' id='block_1_68' title="bbox 1744 914 3322 993">
    <p class='ocr_par' dir='ltr' id='par_1_68' title="bbox 1744 914 3322 993">
     <span class='ocr_line' id='line_1_70' title="bbox 1744 914 3322 993; baseline 0.01 -25"><span class='ocrx_word' id='word_1_519' title='bbox 1744 914 1943 982; x_wconf 89' lang='lat' dir='ltr'><strong>derint,</strong></span> <span class='ocrx_word' id='word_1_520' title='bbox 1991 926 2047 972; x_wconf 92' lang='lat' dir='ltr'><strong>et</strong></span> <span class='ocrx_word' id='word_1_521' title='bbox 2073 928 2328 988; x_wconf 87' lang='lat' dir='ltr'><strong>quantum</strong></span> <span class='ocrx_word' id='word_1_522' title='bbox 2374 922 2454 976; x_wconf 90' lang='lat' dir='ltr'><strong>eis</strong></span> <span class='ocrx_word' id='word_1_523' title='bbox 2501 922 2659 976; x_wconf 89' lang='lat' dir='ltr'><strong>fuerit</strong></span> <span class='ocrx_word' id='word_1_524' title='bbox 2700 933 3077 993; x_wconf 65' lang='lat' dir='ltr'><strong>prmparatum,</strong></span> <span class='ocrx_word' id='word_1_525' title='bbox 3119 937 3322 984; x_wconf 87' lang='lat' dir='ltr'><strong>tantum</strong></span> 
     </span>
    </p>
   </div>
   <div class='ocr_carea' id='block_1_69' title="bbox 1744 1004 3324 1085">
    <p class='ocr_par' dir='ltr' id='par_1_69' title="bbox 1744 1004 3324 1085">
     <span class='ocr_line' id='line_1_71' title="bbox 1744 1004 3324 1085; baseline 0.009 -28"><span class='ocrx_word' id='word_1_526' title='bbox 1744 1004 1892 1059; x_wconf 86' lang='lat' dir='ltr'><strong>dives</strong></span> <span class='ocrx_word' id='word_1_527' title='bbox 1914 1005 2162 1062; x_wconf 89' lang='lat' dir='ltr'><strong>dominus</strong></span> <span class='ocrx_word' id='word_1_528' title='bbox 2187 1008 2385 1065; x_wconf 88' lang='lat' dir='ltr'><strong>habere</strong></span> <span class='ocrx_word' id='word_1_529' title='bbox 2415 1020 2623 1080; x_wconf 89' lang='lat' dir='ltr'><strong>poterat</strong></span> <span class='ocrx_word' id='word_1_530' title='bbox 2647 1029 2662 1076; x_wconf 91' lang='lat'><strong>;</strong></span> <span class='ocrx_word' id='word_1_531' title='bbox 2691 1012 2784 1067; x_wconf 88' lang='lat' dir='ltr'><strong>sed</strong></span> <span class='ocrx_word' id='word_1_532' title='bbox 2811 1014 3038 1081; x_wconf 78' lang='lat' dir='ltr'><strong>praebuit</strong></span> <span class='ocrx_word' id='word_1_533' title='bbox 3057 1016 3135 1070; x_wconf 89' lang='lat' dir='ltr'><strong>eis</strong></span> <span class='ocrx_word' id='word_1_534' title='bbox 3155 1033 3324 1085; x_wconf 87' lang='lat' dir='ltr'><strong>quan-</strong></span> 
     </span>
    </p>
   </div>
   <div class='ocr_carea' id='block_1_70' title="bbox 1745 1096 3321 1174">
    <p class='ocr_par' dir='ltr' id='par_1_70' title="bbox 1745 1096 3321 1174">
     <span class='ocr_line' id='line_1_72' title="bbox 1745 1096 3321 1174; baseline 0.008 -27"><span class='ocrx_word' id='word_1_535' title='bbox 1745 1102 1854 1148; x_wconf 91' lang='lat' dir='ltr'><strong>tum</strong></span> <span class='ocrx_word' id='word_1_536' title='bbox 1892 1096 2120 1151; x_wconf 89' lang='lat' dir='ltr'><strong>convivii</strong></span> <span class='ocrx_word' id='word_1_537' title='bbox 2141 1097 2374 1168; x_wconf 84' lang='lat' dir='ltr'><strong>dignitas</strong></span> <span class='ocrx_word' id='word_1_538' title='bbox 2401 1101 2724 1169; x_wconf 81' lang='lat' dir='ltr'><strong>exposcebat</strong></span> <span class='ocrx_word' id='word_1_539' title='bbox 2757 1119 2770 1155; x_wconf 89' lang='lat'>:</span> <span class='ocrx_word' id='word_1_540' title='bbox 2802 1102 2880 1156; x_wconf 92' lang='lat' dir='ltr'><strong>sic</strong></span> <span class='ocrx_word' id='word_1_541' title='bbox 2906 1113 2959 1158; x_wconf 92' lang='lat' dir='ltr'><strong>et</strong></span> <span class='ocrx_word' id='word_1_542' title='bbox 2984 1105 3321 1174; x_wconf 89' lang='lat' dir='ltr'><strong>omnipotens</strong></span> 
     </span>
    </p>
   </div>
   <div class='ocr_carea' id='block_1_71' title="bbox 1746 1182 3320 1260">
    <p class='ocr_par' dir='ltr' id='par_1_71' title="bbox 1746 1182 3320 1260">
     <span class='ocr_line' id='line_1_73' title="bbox 1746 1182 3320 1260; baseline 0.01 -25"><span class='ocrx_word' id='word_1_543' title='bbox 1746 1182 1904 1249; x_wconf 88' lang='lat' dir='ltr'><strong>Deus,</strong></span> <span class='ocrx_word' id='word_1_544' title='bbox 1931 1185 2149 1242; x_wconf 91' lang='lat' dir='ltr'><strong>vincens</strong></span> <span class='ocrx_word' id='word_1_545' title='bbox 2193 1191 2609 1258; x_wconf 87' lang='lat' dir='ltr'><strong>comparationis</strong></span> <span class='ocrx_word' id='word_1_546' title='bbox 2638 1191 2960 1260; x_wconf 83' lang='lat' dir='ltr'><strong>exemplum,</strong></span> <span class='ocrx_word' id='word_1_547' title='bbox 2992 1209 3098 1247; x_wconf 92' lang='lat' dir='ltr'><strong>non</strong></span> <span class='ocrx_word' id='word_1_548' title='bbox 3139 1204 3320 1250; x_wconf 89' lang='lat' dir='ltr'><strong>tantas</strong></span> 
     </span>
    </p>
   </div>
   <div class='ocr_carea' id='block_1_72' title="bbox 1743 1272 3318 1350">
    <p class='ocr_par' dir='ltr' id='par_1_72' title="bbox 1743 1272 3318 1350">
     <span class='ocr_line' id='line_1_74' title="bbox 1743 1272 3318 1350; baseline 0.009 -24"><span class='ocrx_word' id='word_1_549' title='bbox 1743 1272 1866 1330; x_wconf 85' lang='lat' dir='ltr'><strong>fecit</strong></span> <span class='ocrx_word' id='word_1_550' title='bbox 1891 1285 2185 1345; x_wconf 89' lang='lat' dir='ltr'><strong>creaturas,</strong></span> <span class='ocrx_word' id='word_1_551' title='bbox 2216 1289 2445 1348; x_wconf 89' lang='lat' dir='ltr'><strong>quantas</strong></span> <span class='ocrx_word' id='word_1_552' title='bbox 2476 1290 2701 1350; x_wconf 80' lang='lat' dir='ltr'><strong>poterat,</strong></span> <span class='ocrx_word' id='word_1_553' title='bbox 2736 1282 2831 1338; x_wconf 90' lang='lat' dir='ltr'><strong>sed</strong></span> <span class='ocrx_word' id='word_1_554' title='bbox 2863 1292 3022 1339; x_wconf 69' lang='lat' dir='ltr'><strong>tantae</strong></span> <span class='ocrx_word' id='word_1_555' title='bbox 3051 1286 3119 1340; x_wconf 88' lang='lat' dir='ltr'><strong>ab</strong></span> <span class='ocrx_word' id='word_1_556' title='bbox 3146 1301 3211 1341; x_wconf 89' lang='lat' dir='ltr'><strong>eo</strong></span> <span class='ocrx_word' id='word_1_557' title='bbox 3238 1286 3318 1340; x_wconf 87' lang='lat' dir='ltr'><strong>fa-</strong></span> 
     </span>
    </p>
   </div>
   <div class='ocr_carea' id='block_1_73' title="bbox 1741 1370 3319 1444">
    <p class='ocr_par' dir='ltr' id='par_1_73' title="bbox 1741 1370 3319 1444">
     <span class='ocr_line' id='line_1_75' title="bbox 1741 1370 3319 1444; baseline 0.008 -24"><span class='ocrx_word' id='word_1_558' title='bbox 1741 1374 1840 1420; x_wconf 73' lang='lat' dir='ltr'><strong>cta:</strong></span> <span class='ocrx_word' id='word_1_559' title='bbox 1861 1375 2006 1431; x_wconf 91' lang='lat' dir='ltr'><strong>sunt,</strong></span> <span class='ocrx_word' id='word_1_560' title='bbox 2029 1378 2239 1436; x_wconf 76' lang='lat' dir='ltr'><strong>quantae</strong></span> <span class='ocrx_word' id='word_1_561' title='bbox 2259 1370 2522 1425; x_wconf 86' lang='lat' dir='ltr'><strong>debebant</strong></span> <span class='ocrx_word' id='word_1_562' title='bbox 2543 1372 2677 1426; x_wconf 88' lang='lat' dir='ltr'><strong>fieri.</strong></span> <span class='ocrx_word' id='word_1_563' title='bbox 2709 1375 2777 1427; x_wconf 84' lang='lat' dir='ltr'><strong>At</strong></span> <span class='ocrx_word' id='word_1_564' title='bbox 2802 1374 2876 1444; x_wconf 77' lang='grc' dir='ltr'><strong>(ε)</strong></span> <span class='ocrx_word' id='word_1_565' title='bbox 2903 1375 2992 1430; x_wconf 91' lang='lat' dir='ltr'><strong>ille</strong></span> <span class='ocrx_word' id='word_1_566' title='bbox 3017 1377 3319 1432; x_wconf 82' lang='lat' dir='ltr'><strong>verbosita-</strong></span> 
     </span>
    </p>
   </div>
   <div class='ocr_carea' id='block_1_74' title="bbox 1742 1454 3316 1539">
    <p class='ocr_par' dir='ltr' id='par_1_74' title="bbox 1742 1454 3316 1539">
     <span class='ocr_line' id='line_1_76' title="bbox 1742 1454 3316 1539; baseline 0.01 -32"><span class='ocrx_word' id='word_1_567' title='bbox 1742 1454 1810 1539; x_wconf 84' lang='lat' dir='ltr'><strong>tis</strong></span> <span class='ocrx_word' id='word_1_568' title='bbox 1838 1455 2181 1511; x_wconf 90' lang='lat' dir='ltr'><strong>seminarium</strong></span> <span class='ocrx_word' id='word_1_569' title='bbox 2207 1460 2466 1526; x_wconf 83' lang='lat' dir='ltr'><strong>contexit,</strong></span> <span class='ocrx_word' id='word_1_570' title='bbox 2495 1469 2548 1515; x_wconf 89' lang='lat' dir='ltr'><strong>et</strong></span> <span class='ocrx_word' id='word_1_571' title='bbox 2569 1462 2807 1531; x_wconf 89' lang='lat' dir='ltr'><strong>replicat,</strong></span> <span class='ocrx_word' id='word_1_572' title='bbox 2829 1473 2883 1518; x_wconf 93' lang='lat' dir='ltr'><strong>et</strong></span> <span class='ocrx_word' id='word_1_573' title='bbox 2907 1465 2983 1519; x_wconf 89' lang='lat' dir='ltr'><strong>ait</strong></span> <span class='ocrx_word' id='word_1_574' title='bbox 3008 1483 3020 1519; x_wconf 93' lang='lat'>:</span> <span class='ocrx_word' id='word_1_575' title='bbox 3046 1465 3127 1536; x_wconf 76' lang='grc' dir='ltr'><strong>(ὀ)</strong></span> <span class='ocrx_word' id='word_1_576' title='bbox 3149 1467 3316 1522; x_wconf 86' lang='lat' dir='ltr'><strong>Tanta</strong></span> 
     </span>
    </p>
   </div>
   <div class='ocr_carea' id='block_1_75' title="bbox 1739 1543 3317 1622">
    <p class='ocr_par' dir='ltr' id='par_1_75' title="bbox 1739 1543 3317 1622">
     <span class='ocr_line' id='line_1_77' title="bbox 1739 1543 3317 1622; baseline 0.01 -25"><span class='ocrx_word' id='word_1_577' title='bbox 1739 1543 1864 1598; x_wconf 88' lang='lat' dir='ltr'><strong>fecit</strong></span> <span class='ocrx_word' id='word_1_578' title='bbox 1891 1545 2050 1612; x_wconf 89' lang='lat' dir='ltr'><strong>Deus,</strong></span> <span class='ocrx_word' id='word_1_579' title='bbox 2073 1558 2264 1616; x_wconf 88' lang='lat' dir='ltr'><strong>quanta</strong></span> <span class='ocrx_word' id='word_1_580' title='bbox 2293 1559 2499 1619; x_wconf 89' lang='lat' dir='ltr'><strong>poterat</strong></span> <span class='ocrx_word' id='word_1_581' title='bbox 2523 1553 2991 1622; x_wconf 83' lang='lat' dir='ltr'><strong>comprehendere,</strong></span> <span class='ocrx_word' id='word_1_582' title='bbox 3017 1564 3070 1610; x_wconf 92' lang='lat' dir='ltr'><strong>et</strong></span> <span class='ocrx_word' id='word_1_583' title='bbox 3095 1557 3193 1612; x_wconf 86' lang='lat' dir='ltr'><strong>sibi</strong></span> <span class='ocrx_word' id='word_1_584' title='bbox 3222 1557 3317 1612; x_wconf 89' lang='lat' dir='ltr'><strong>ha-</strong></span> 
     </span>
    </p>
   </div>
   <div class='ocr_carea' id='block_1_76' title="bbox 1739 1633 3312 1712">
    <p class='ocr_par' dir='ltr' id='par_1_76' title="bbox 1739 1633 3312 1712">
     <span class='ocr_line' id='line_1_78' title="bbox 1739 1633 3312 1712; baseline 0.011 -26"><span class='ocrx_word' id='word_1_585' title='bbox 1739 1633 1866 1687; x_wconf 84' lang='lat' dir='ltr'><strong>bere</strong></span> <span class='ocrx_word' id='word_1_586' title='bbox 1908 1634 2185 1702; x_wconf 89' lang='lat' dir='ltr'><strong>subjecta,</strong></span> <span class='ocrx_word' id='word_1_587' title='bbox 2233 1652 2432 1705; x_wconf 82' lang='lat' dir='ltr'><strong>suaque</strong></span> <span class='ocrx_word' id='word_1_588' title='bbox 2481 1641 2804 1708; x_wconf 77' lang='lat' dir='ltr'><strong>providentia</strong></span> <span class='ocrx_word' id='word_1_589' title='bbox 2851 1644 3166 1712; x_wconf 89' lang='lat' dir='ltr'><strong>gubernare.</strong></span> <span class='ocrx_word' id='word_1_590' title='bbox 3205 1646 3312 1704; x_wconf 87' lang='lat' dir='ltr'><strong>Nec</strong></span> 
     </span>
    </p>
   </div>
   <div class='ocr_carea' id='block_1_77' title="bbox 1735 1724 3363 1804">
    <p class='ocr_par' dir='ltr' id='par_1_77' title="bbox 1735 1724 3363 1804">
     <span class='ocr_line' id='line_1_79' title="bbox 1735 1724 3363 1804; baseline 0.01 -29"><span class='ocrx_word' id='word_1_591' title='bbox 1735 1724 1882 1776; x_wconf 83' lang='lat' dir='ltr'><strong>audit</strong></span> <span class='ocrx_word' id='word_1_592' title='bbox 1931 1724 2250 1794; x_wconf 85' lang='lat' dir='ltr'><strong>Prophetam</strong></span> <span class='ocrx_word' id='word_1_593' title='bbox 2293 1728 2558 1782; x_wconf 81' lang='lat' dir='ltr'><strong>dicentem</strong></span> <span class='ocrx_word' id='word_1_594' title='bbox 2591 1751 2604 1785; x_wconf 73' lang='grc' dir='ltr'>ε</span> <span class='ocrx_word' id='word_1_595' title='bbox 2642 1749 2661 1781; x_wconf 77' lang='grc' dir='ltr'><strong>ι</strong></span> <span class='ocrx_word' id='word_1_596' title='bbox 2698 1732 2754 1786; x_wconf 91' lang='lat' dir='ltr'><strong>Si</strong></span> <span class='ocrx_word' id='word_1_597' title='bbox 2794 1747 2977 1788; x_wconf 90' lang='lat' dir='ltr'><strong>omnes</strong></span> <span class='ocrx_word' id='word_1_598' title='bbox 3004 1744 3207 1804; x_wconf 84' lang='lat' dir='ltr'><strong>gentes,</strong></span> <span class='ocrx_word' id='word_1_599' title='bbox 3255 1746 3316 1791; x_wconf 87' lang='lat' dir='ltr'><strong>ut</strong></span> <span class='ocrx_word' id='word_1_600' title='bbox 3354 1727 3363 1737; x_wconf 70' lang='grc'><em>’</em></span> 
     </span>
    </p>
   </div>
   <div class='ocr_carea' id='block_1_78' title="bbox 1734 1812 3313 1894">
    <p class='ocr_par' dir='ltr' id='par_1_78' title="bbox 1734 1812 3313 1894">
     <span class='ocr_line' id='line_1_80' title="bbox 1734 1812 3313 1894; baseline 0.01 -29"><span class='ocrx_word' id='word_1_601' title='bbox 1734 1812 1872 1865; x_wconf 87' lang='lat' dir='ltr'><strong>stilla</strong></span> <span class='ocrx_word' id='word_1_602' title='bbox 1891 1812 1956 1865; x_wconf 89' lang='lat' dir='ltr'><strong>de</strong></span> <span class='ocrx_word' id='word_1_603' title='bbox 1978 1814 2154 1877; x_wconf 77' lang='lat' dir='ltr'><strong>situL&#39;t,</strong></span> <span class='ocrx_word' id='word_1_604' title='bbox 2177 1824 2231 1868; x_wconf 88' lang='lat' dir='ltr'><strong>et</strong></span> <span class='ocrx_word' id='word_1_605' title='bbox 2247 1815 2389 1870; x_wconf 86' lang='lat' dir='ltr'><strong>sicut</strong></span> <span class='ocrx_word' id='word_1_606' title='bbox 2414 1827 2737 1872; x_wconf 89' lang='lat' dir='ltr'><strong>momentum</strong></span> <span class='ocrx_word' id='word_1_607' title='bbox 2761 1830 2974 1877; x_wconf 75' lang='lat' dir='ltr'><strong>staterae</strong></span> <span class='ocrx_word' id='word_1_608' title='bbox 2994 1834 3313 1894; x_wconf 80' lang='lat' dir='ltr'><strong>computata:</strong></span> 
     </span>
    </p>
   </div>
   <div class='ocr_carea' id='block_1_79' title="bbox 1733 1903 3311 1978">
    <p class='ocr_par' dir='ltr' id='par_1_79' title="bbox 1733 1903 3311 1978">
     <span class='ocr_line' id='line_1_81' title="bbox 1733 1903 3311 1978; baseline 0.01 -24"><span class='ocrx_word' id='word_1_609' title='bbox 1733 1911 1878 1964; x_wconf 86' lang='lat' dir='ltr'><strong>sunt,</strong></span> <span class='ocrx_word' id='word_1_610' title='bbox 1914 1910 1968 1955; x_wconf 89' lang='lat' dir='ltr'><strong>et</strong></span> <span class='ocrx_word' id='word_1_611' title='bbox 1993 1903 2142 1971; x_wconf 87' lang='lat' dir='ltr'><strong>quasi</strong></span> <span class='ocrx_word' id='word_1_612' title='bbox 2174 1904 2339 1958; x_wconf 85' lang='lat' dir='ltr'><strong>saliva</strong></span> <span class='ocrx_word' id='word_1_613' title='bbox 2365 1905 2787 1975; x_wconf 87' lang='lat' dir='ltr'><strong>deputabuntur,</strong></span> <span class='ocrx_word' id='word_1_614' title='bbox 2816 1921 2944 1978; x_wconf 90' lang='lat' dir='ltr'><strong>etc.,</strong></span> <span class='ocrx_word' id='word_1_615' title='bbox 2970 1914 3054 1966; x_wconf 91' lang='lat' dir='ltr'><strong>cui</strong></span> <span class='ocrx_word' id='word_1_616' title='bbox 3094 1916 3311 1968; x_wconf 87' lang='lat' dir='ltr'><strong>assimi-</strong></span> 
     </span>
    </p>
   </div>
   <div class='ocr_carea' id='block_1_80' title="bbox 1733 1988 3310 2072">
    <p class='ocr_par' dir='ltr' id='par_1_80' title="bbox 1733 1988 3310 2072">
     <span class='ocr_line' id='line_1_82' title="bbox 1733 1988 3310 2072; baseline 0.013 -31"><span class='ocrx_word' id='word_1_617' title='bbox 1733 1988 1883 2042; x_wconf 88' lang='lat' dir='ltr'><strong>lastis</strong></span> <span class='ocrx_word' id='word_1_618' title='bbox 1901 1989 2067 2043; x_wconf 91' lang='lat' dir='ltr'><strong>Deum</strong></span> <span class='ocrx_word' id='word_1_619' title='bbox 2093 2009 2112 2042; x_wconf 83' lang='grc' dir='ltr'><strong>ι</strong></span> <span class='ocrx_word' id='word_1_620' title='bbox 2143 1990 2292 2062; x_wconf 80' lang='lat' dir='ltr'><strong>(Isai.</strong></span> <span class='ocrx_word' id='word_1_621' title='bbox 2318 1994 2407 2049; x_wconf 70' lang='grc'><strong>40.</strong></span> <span class='ocrx_word' id='word_1_622' title='bbox 2433 1996 2520 2062; x_wconf 77' lang='grc'><strong>15,</strong></span> <span class='ocrx_word' id='word_1_623' title='bbox 2554 2007 2598 2050; x_wconf 85' lang='lat' dir='ltr'><strong>et</strong></span> <span class='ocrx_word' id='word_1_624' title='bbox 2625 1999 2706 2068; x_wconf 85' lang='lat' dir='ltr'><strong>l8)</strong></span> <span class='ocrx_word' id='word_1_625' title='bbox 2729 1999 2828 2054; x_wconf 86' lang='lat' dir='ltr'><strong>?Et</strong></span> <span class='ocrx_word' id='word_1_626' title='bbox 2855 2016 3066 2057; x_wconf 90' lang='lat' dir='ltr'><strong>rursum</strong></span> <span class='ocrx_word' id='word_1_627' title='bbox 3091 2020 3105 2056; x_wconf 89' lang='lat'>:</span> <span class='ocrx_word' id='word_1_628' title='bbox 3135 2022 3153 2054; x_wconf 79' lang='grc' dir='ltr'><strong>ι</strong></span> <span class='ocrx_word' id='word_1_629' title='bbox 3179 2003 3310 2072; x_wconf 87' lang='lat' dir='ltr'><strong>Quis</strong></span> 
     </span>
    </p>
   </div>
   <div class='ocr_carea' id='block_1_81' title="bbox 1734 2089 3308 2158">
    <p class='ocr_par' dir='ltr' id='par_1_81' title="bbox 1734 2089 3308 2158">
     <span class='ocr_line' id='line_1_83' title="bbox 1734 2089 3308 2158; baseline 0.013 -28"><span class='ocrx_word' id='word_1_630' title='bbox 1734 2094 1952 2132; x_wconf 85' lang='lat' dir='ltr'><strong>mensus</strong></span> <span class='ocrx_word' id='word_1_631' title='bbox 1972 2091 2054 2133; x_wconf 88' lang='lat' dir='ltr'><strong>est</strong></span> <span class='ocrx_word' id='word_1_632' title='bbox 2076 2096 2231 2135; x_wconf 89' lang='lat' dir='ltr'><strong>manu</strong></span> <span class='ocrx_word' id='word_1_633' title='bbox 2260 2098 2472 2153; x_wconf 89' lang='lat' dir='ltr'><strong>aquam,</strong></span> <span class='ocrx_word' id='word_1_634' title='bbox 2501 2096 2553 2140; x_wconf 89' lang='lat' dir='ltr'><strong>et</strong></span> <span class='ocrx_word' id='word_1_635' title='bbox 2574 2089 2764 2142; x_wconf 75' lang='lat' dir='ltr'><strong>cmlum</strong></span> <span class='ocrx_word' id='word_1_636' title='bbox 2791 2090 2988 2158; x_wconf 92' lang='lat' dir='ltr'><strong>palmo,</strong></span> <span class='ocrx_word' id='word_1_637' title='bbox 3015 2101 3069 2146; x_wconf 88' lang='lat' dir='ltr'><strong>et</strong></span> <span class='ocrx_word' id='word_1_638' title='bbox 3094 2107 3308 2150; x_wconf 87' lang='lat' dir='ltr'><strong>omnem</strong></span> 
     </span>
    </p>
   </div>
   <div class='ocr_carea' id='block_1_82' title="bbox 1732 2171 3306 2250">
    <p class='ocr_par' dir='ltr' id='par_1_82' title="bbox 1732 2171 3306 2250">
     <span class='ocr_line' id='line_1_84' title="bbox 1732 2171 3306 2250; baseline 0.011 -28"><span class='ocrx_word' id='word_1_639' title='bbox 1732 2177 1927 2223; x_wconf 90' lang='lat' dir='ltr'><strong>terram</strong></span> <span class='ocrx_word' id='word_1_640' title='bbox 1973 2172 2168 2240; x_wconf 81' lang='lat' dir='ltr'><strong>pugillo</strong></span> <span class='ocrx_word' id='word_1_641' title='bbox 2205 2171 2380 2245; x_wconf 84' lang='lat' dir='ltr'><strong>(Ibid.</strong></span> <span class='ocrx_word' id='word_1_642' title='bbox 2413 2176 2560 2246; x_wconf 69' lang='lat'><strong>12)?</strong></span> <span class='ocrx_word' id='word_1_643' title='bbox 2598 2197 2614 2229; x_wconf 74' lang='grc' dir='ltr'><strong>ι</strong></span> <span class='ocrx_word' id='word_1_644' title='bbox 2647 2178 2700 2233; x_wconf 91' lang='lat' dir='ltr'><strong>Si</strong></span> <span class='ocrx_word' id='word_1_645' title='bbox 2746 2179 2810 2233; x_wconf 90' lang='lat' dir='ltr'><strong>ad</strong></span> <span class='ocrx_word' id='word_1_646' title='bbox 2855 2185 3306 2250; x_wconf 88' lang='lat' dir='ltr'><strong>comparationem</strong></span> 
     </span>
    </p>
   </div>
   <div class='ocr_carea' id='block_1_83' title="bbox 1731 2258 3304 2336">
    <p class='ocr_par' dir='ltr' id='par_1_83' title="bbox 1731 2258 3304 2336">
     <span class='ocr_line' id='line_1_85' title="bbox 1731 2258 3304 2336; baseline 0.011 -24"><span class='ocrx_word' id='word_1_647' title='bbox 1731 2258 2054 2315; x_wconf 88' lang='lat' dir='ltr'><strong>fortitudinis</strong></span> <span class='ocrx_word' id='word_1_648' title='bbox 2105 2263 2195 2317; x_wconf 89' lang='lat' dir='ltr'><strong>Dei</strong></span> <span class='ocrx_word' id='word_1_649' title='bbox 2233 2280 2366 2334; x_wconf 88' lang='lat' dir='ltr'><strong>aqua</strong></span> <span class='ocrx_word' id='word_1_650' title='bbox 2409 2277 2745 2323; x_wconf 89' lang='lat' dir='ltr'><strong>mensuratur</strong></span> <span class='ocrx_word' id='word_1_651' title='bbox 2789 2286 2982 2336; x_wconf 90' lang='lat' dir='ltr'><strong>manu,</strong></span> <span class='ocrx_word' id='word_1_652' title='bbox 3015 2281 3069 2328; x_wconf 90' lang='lat' dir='ltr'><strong>et</strong></span> <span class='ocrx_word' id='word_1_653' title='bbox 3110 2275 3304 2330; x_wconf 64' lang='lat' dir='ltr'><strong>caelum</strong></span> 
     </span>
    </p>
   </div>
   <div class='ocr_carea' id='block_1_84' title="bbox 1731 2350 3303 2432">
    <p class='ocr_par' dir='ltr' id='par_1_84' title="bbox 1731 2350 3303 2432">
     <span class='ocr_line' id='line_1_86' title="bbox 1731 2350 3303 2432; baseline 0.011 -30"><span class='ocrx_word' id='word_1_654' title='bbox 1731 2350 1926 2420; x_wconf 90' lang='lat' dir='ltr'><strong>palmo,</strong></span> <span class='ocrx_word' id='word_1_655' title='bbox 1961 2360 2015 2406; x_wconf 90' lang='lat' dir='ltr'><strong>et</strong></span> <span class='ocrx_word' id='word_1_656' title='bbox 2041 2354 2212 2408; x_wconf 90' lang='lat' dir='ltr'><strong>omnis</strong></span> <span class='ocrx_word' id='word_1_657' title='bbox 2243 2365 2379 2408; x_wconf 88' lang='lat' dir='ltr'><strong>terra</strong></span> <span class='ocrx_word' id='word_1_658' title='bbox 2410 2358 2607 2426; x_wconf 86' lang='lat' dir='ltr'><strong>pugillo</strong></span> <span class='ocrx_word' id='word_1_659' title='bbox 2647 2360 2667 2428; x_wconf 89' lang='lat'>(</span> <span class='ocrx_word' id='word_1_660' title='bbox 2694 2359 2806 2415; x_wconf 80' lang='lat' dir='ltr'><strong>hth</strong></span> <span class='ocrx_word' id='word_1_661' title='bbox 2857 2371 3035 2416; x_wconf 91' lang='lat' dir='ltr'><strong>autem</strong></span> <span class='ocrx_word' id='word_1_662' title='bbox 3069 2379 3164 2432; x_wconf 89' lang='lat' dir='ltr'><strong>per</strong></span> <span class='ocrx_word' id='word_1_663' title='bbox 3190 2381 3303 2420; x_wconf 87' lang='lat' dir='ltr'><strong>me-</strong></span> 
     </span>
    </p>
   </div>
   <div class='ocr_carea' id='block_1_85' title="bbox 1731 2441 3304 2519">
    <p class='ocr_par' dir='ltr' id='par_1_85' title="bbox 1731 2441 3304 2519">
     <span class='ocr_line' id='line_1_87' title="bbox 1731 2441 3304 2519; baseline 0.01 -26"><span class='ocrx_word' id='word_1_664' title='bbox 1731 2441 2006 2509; x_wconf 78' lang='lat' dir='ltr'><strong>taphoram</strong></span> <span class='ocrx_word' id='word_1_665' title='bbox 2049 2442 2315 2510; x_wconf 89' lang='lat' dir='ltr'><strong>dicuntur,</strong></span> <span class='ocrx_word' id='word_1_666' title='bbox 2348 2455 2404 2500; x_wconf 95' lang='lat' dir='ltr'><strong>ut</strong></span> <span class='ocrx_word' id='word_1_667' title='bbox 2432 2464 2614 2502; x_wconf 90' lang='lat' dir='ltr'><strong>eorum</strong></span> <span class='ocrx_word' id='word_1_668' title='bbox 2645 2465 2762 2519; x_wconf 76' lang='lat' dir='ltr'><strong>qure</strong></span> <span class='ocrx_word' id='word_1_669' title='bbox 2789 2450 2926 2506; x_wconf 87' lang='lat' dir='ltr'><strong>facta</strong></span> <span class='ocrx_word' id='word_1_670' title='bbox 2963 2462 3086 2507; x_wconf 90' lang='lat' dir='ltr'><strong>sunt</strong></span> <span class='ocrx_word' id='word_1_671' title='bbox 3131 2455 3304 2510; x_wconf 79' lang='lat' dir='ltr'><strong>vilitas</strong></span> 
     </span>
    </p>
   </div>
   <div class='ocr_carea' id='block_1_86' title="bbox 1729 2529 3300 2617">
    <p class='ocr_par' dir='ltr' id='par_1_86' title="bbox 1729 2529 3300 2617">
     <span class='ocr_line' id='line_1_88' title="bbox 1729 2529 3300 2617; baseline 0.01 -33"><span class='ocrx_word' id='word_1_672' title='bbox 1729 2545 1790 2584; x_wconf 77' lang='lat' dir='ltr'><strong>ex</strong></span> <span class='ocrx_word' id='word_1_673' title='bbox 1838 2529 2470 2617; x_wconf 70' lang='lat' dir='ltr'><strong>factorismagnificentia</strong></span> <span class='ocrx_word' id='word_1_674' title='bbox 2511 2541 2920 2609; x_wconf 86' lang='lat' dir='ltr'><strong>comprobetur;</strong></span> <span class='ocrx_word' id='word_1_675' title='bbox 2953 2559 3126 2613; x_wconf 89' lang='lat' dir='ltr'><strong>neque</strong></span> <span class='ocrx_word' id='word_1_676' title='bbox 3159 2547 3300 2600; x_wconf 90' lang='lat' dir='ltr'><strong>enim</strong></span> 
     </span>
    </p>
   </div>
   <div class='ocr_carea' id='block_1_87' title="bbox 1729 2617 3301 2705">
    <p class='ocr_par' dir='ltr' id='par_1_87' title="bbox 1729 2617 3301 2705">
     <span class='ocr_line' id='line_1_89' title="bbox 1729 2617 3301 2705; baseline 0.011 -31"><span class='ocrx_word' id='word_1_677' title='bbox 1729 2620 2042 2676; x_wconf 89' lang='lat' dir='ltr'><strong>diversitate</strong></span> <span class='ocrx_word' id='word_1_678' title='bbox 2081 2626 2437 2680; x_wconf 89' lang='lat' dir='ltr'><strong>membrorum</strong></span> <span class='ocrx_word' id='word_1_679' title='bbox 2466 2617 2787 2698; x_wconf 78' lang='lat' dir='ltr'><strong>cumpositns</strong></span> <span class='ocrx_word' id='word_1_680' title='bbox 2837 2642 2918 2686; x_wconf 84' lang='lat' dir='ltr'><strong>est</strong></span> <span class='ocrx_word' id='word_1_681' title='bbox 2965 2632 3127 2705; x_wconf 91' lang='lat' dir='ltr'><strong>Deus)</strong></span> <span class='ocrx_word' id='word_1_682' title='bbox 3154 2653 3165 2688; x_wconf 92' lang='lat'>:</span> <span class='ocrx_word' id='word_1_683' title='bbox 3197 2651 3301 2704; x_wconf 90' lang='lat' dir='ltr'><strong>quo</strong></span> 
     </span>
    </p>
   </div>
   <div class='ocr_carea' id='block_1_88' title="bbox 1729 2711 3302 2792">
    <p class='ocr_par' dir='ltr' id='par_1_88' title="bbox 1729 2711 3302 2792">
     <span class='ocr_line' id='line_1_90' title="bbox 1729 2711 3302 2792; baseline 0.013 -29"><span class='ocrx_word' id='word_1_684' title='bbox 1729 2711 1888 2765; x_wconf 90' lang='lat' dir='ltr'><strong>modo</strong></span> <span class='ocrx_word' id='word_1_685' title='bbox 1916 2721 2056 2768; x_wconf 89' lang='lat' dir='ltr'><strong>tanta</strong></span> <span class='ocrx_word' id='word_1_686' title='bbox 2080 2715 2267 2771; x_wconf 86' lang='lat' dir='ltr'><strong>fecisse</strong></span> <span class='ocrx_word' id='word_1_687' title='bbox 2294 2717 2505 2786; x_wconf 88' lang='lat' dir='ltr'><strong>dicitur,</strong></span> <span class='ocrx_word' id='word_1_688' title='bbox 2537 2731 2731 2790; x_wconf 85' lang='lat' dir='ltr'><strong>quanta</strong></span> <span class='ocrx_word' id='word_1_689' title='bbox 2759 2733 2965 2792; x_wconf 89' lang='lat' dir='ltr'><strong>poterat</strong></span> <span class='ocrx_word' id='word_1_690' title='bbox 2987 2741 3082 2781; x_wconf 89' lang='lat' dir='ltr'><strong>sua</strong></span> <span class='ocrx_word' id='word_1_691' title='bbox 3111 2727 3302 2783; x_wconf 88' lang='lat' dir='ltr'><strong>virtute</strong></span> 
     </span>
    </p>
   </div>
   <div class='ocr_carea' id='block_1_89' title="bbox 1726 2801 2210 2869">
    <p class='ocr_par' dir='ltr' id='par_1_89' title="bbox 1726 2801 2210 2869">
     <span class='ocr_line' id='line_1_91' title="bbox 1726 2801 2210 2869; baseline 0.008 -16"><span class='ocrx_word' id='word_1_692' title='bbox 1726 2801 2210 2869; x_wconf 84' lang='lat' dir='ltr'><strong>comprehendere?</strong></span> 
     </span>
    </p>
   </div>
   <div class='ocr_carea' id='block_1_90' title="bbox 1798 2889 3400 2968">
    <p class='ocr_par' dir='ltr' id='par_1_90' title="bbox 1798 2889 3400 2968">
     <span class='ocr_line' id='line_1_92' title="bbox 1798 2889 3400 2968; baseline 0.011 -24"><span class='ocrx_word' id='word_1_693' title='bbox 1798 2890 1886 2946; x_wconf 79' lang='lat' dir='ltr'><strong>t8.</strong></span> <span class='ocrx_word' id='word_1_694' title='bbox 1923 2889 2204 2948; x_wconf 85' lang='lat' dir='ltr'><strong>Caleemus</strong></span> <span class='ocrx_word' id='word_1_695' title='bbox 2233 2895 2373 2964; x_wconf 84' lang='lat' dir='ltr'><strong>quod</strong></span> <span class='ocrx_word' id='word_1_696' title='bbox 2403 2898 2680 2968; x_wconf 81' lang='lat' dir='ltr'><strong>empimus,</strong></span> <span class='ocrx_word' id='word_1_697' title='bbox 2724 2909 2778 2956; x_wconf 93' lang='lat' dir='ltr'><strong>et</strong></span> <span class='ocrx_word' id='word_1_698' title='bbox 2818 2917 3030 2958; x_wconf 89' lang='lat' dir='ltr'><strong>sensum</strong></span> <span class='ocrx_word' id='word_1_699' title='bbox 3059 2916 3300 2961; x_wconf 88' lang='lat' dir='ltr'><strong>nostrum</strong></span> <span class='ocrx_word' id='word_1_700' title='bbox 3394 2912 3400 2917; x_wconf 82' lang='lat'>&#39;</span> 
     </span>
    </p>
   </div>
   <div class='ocr_carea' id='block_1_91' title="bbox 1725 2979 3300 3064">
    <p class='ocr_par' dir='ltr' id='par_1_91' title="bbox 1725 2979 3300 3064">
     <span class='ocr_line' id='line_1_93' title="bbox 1725 2979 3300 3064; baseline 0.013 -31"><span class='ocrx_word' id='word_1_701' title='bbox 1725 2979 1934 3048; x_wconf 89' lang='lat' dir='ltr'><strong>plenius</strong></span> <span class='ocrx_word' id='word_1_702' title='bbox 1958 2983 2307 3051; x_wconf 82' lang='lat' dir='ltr'><strong>explicemus.</strong></span> <span class='ocrx_word' id='word_1_703' title='bbox 2345 3005 2362 3037; x_wconf 83' lang='grc' dir='ltr'><strong>ι</strong></span> <span class='ocrx_word' id='word_1_704' title='bbox 2393 2987 2448 3040; x_wconf 92' lang='lat' dir='ltr'><strong>Si</strong></span> <span class='ocrx_word' id='word_1_705' title='bbox 2479 3005 2666 3044; x_wconf 90' lang='lat' dir='ltr'><strong>omnes</strong></span> <span class='ocrx_word' id='word_1_706' title='bbox 2684 3003 2868 3061; x_wconf 86' lang='lat' dir='ltr'><strong>gentes</strong></span> <span class='ocrx_word' id='word_1_707' title='bbox 2891 2997 3040 3064; x_wconf 87' lang='lat' dir='ltr'><strong>quasi</strong></span> <span class='ocrx_word' id='word_1_708' title='bbox 3068 2998 3208 3051; x_wconf 91' lang='lat' dir='ltr'><strong>stilla</strong></span> <span class='ocrx_word' id='word_1_709' title='bbox 3231 3000 3300 3054; x_wconf 90' lang='lat' dir='ltr'><strong>de</strong></span> 
     </span>
    </p>
   </div>
   <div class='ocr_carea' id='block_1_92' title="bbox 1724 3071 3298 3156">
    <p class='ocr_par' dir='ltr' id='par_1_92' title="bbox 1724 3071 3298 3156">
     <span class='ocr_line' id='line_1_94' title="bbox 1724 3071 3298 3156; baseline 0.013 -31"><span class='ocrx_word' id='word_1_710' title='bbox 1724 3071 1902 3136; x_wconf 89' lang='lat' dir='ltr'><strong>situla,</strong></span> <span class='ocrx_word' id='word_1_711' title='bbox 1932 3083 1986 3126; x_wconf 90' lang='lat' dir='ltr'><strong>et</strong></span> <span class='ocrx_word' id='word_1_712' title='bbox 2013 3076 2164 3144; x_wconf 89' lang='lat' dir='ltr'><strong>quasi</strong></span> <span class='ocrx_word' id='word_1_713' title='bbox 2193 3088 2520 3132; x_wconf 87' lang='lat' dir='ltr'><strong>momentum</strong></span> <span class='ocrx_word' id='word_1_714' title='bbox 2551 3089 2764 3136; x_wconf 75' lang='lat' dir='ltr'><strong>statera:</strong></span> <span class='ocrx_word' id='word_1_715' title='bbox 2794 3095 3051 3156; x_wconf 68' lang='lat' dir='ltr'><strong>reputatae</strong></span> <span class='ocrx_word' id='word_1_716' title='bbox 3073 3099 3216 3155; x_wconf 92' lang='lat' dir='ltr'><strong>sunt,</strong></span> <span class='ocrx_word' id='word_1_717' title='bbox 3241 3103 3298 3146; x_wconf 86' lang='lat' dir='ltr'><strong>et</strong></span> 
     </span>
    </p>
   </div>
   <div class='ocr_carea' id='block_1_93' title="bbox 1724 3161 3298 3240">
    <p class='ocr_par' dir='ltr' id='par_1_93' title="bbox 1724 3161 3298 3240">
     <span class='ocr_line' id='line_1_95' title="bbox 1724 3161 3298 3240; baseline 0.015 -28"><span class='ocrx_word' id='word_1_718' title='bbox 1724 3161 1876 3230; x_wconf 90' lang='lat' dir='ltr'><strong>quasi</strong></span> <span class='ocrx_word' id='word_1_719' title='bbox 1901 3161 2064 3216; x_wconf 83' lang='lat' dir='ltr'><strong>saliva</strong></span> <span class='ocrx_word' id='word_1_720' title='bbox 2092 3165 2480 3233; x_wconf 88' lang='lat' dir='ltr'><strong>reputabuntur</strong></span> <span class='ocrx_word' id='word_1_721' title='bbox 2508 3183 2524 3221; x_wconf 89' lang='lat'><strong>:</strong></span> <span class='ocrx_word' id='word_1_722' title='bbox 2561 3187 2581 3219; x_wconf 84' lang='grc'><strong>›</strong></span> <span class='ocrx_word' id='word_1_723' title='bbox 2627 3185 2719 3238; x_wconf 90' lang='lat' dir='ltr'><strong>per</strong></span> <span class='ocrx_word' id='word_1_724' title='bbox 2739 3187 2854 3240; x_wconf 76' lang='lat' dir='ltr'><strong>qua:</strong></span> <span class='ocrx_word' id='word_1_725' title='bbox 2877 3174 3036 3230; x_wconf 84' lang='lat' dir='ltr'><strong>verba</strong></span> <span class='ocrx_word' id='word_1_726' title='bbox 3060 3181 3298 3235; x_wconf 92' lang='lat' dir='ltr'><strong>omnium</strong></span> 
     </span>
    </p>
   </div>
   <div class='ocr_carea' id='block_1_94' title="bbox 1723 3255 3295 3326">
    <p class='ocr_par' dir='ltr' id='par_1_94' title="bbox 1723 3255 3295 3326">
     <span class='ocr_line' id='line_1_96' title="bbox 1723 3255 3295 3326; baseline 0.013 -20"><span class='ocrx_word' id='word_1_727' title='bbox 1723 3262 2088 3309; x_wconf 86' lang='lat' dir='ltr'><strong>creaturarum</strong></span> <span class='ocrx_word' id='word_1_728' title='bbox 2116 3255 2293 3311; x_wconf 86' lang='lat' dir='ltr'><strong>vilitas</strong></span> <span class='ocrx_word' id='word_1_729' title='bbox 2321 3265 2376 3311; x_wconf 92' lang='lat' dir='ltr'><strong>et</strong></span> <span class='ocrx_word' id='word_1_730' title='bbox 2417 3273 2575 3326; x_wconf 89' lang='lat' dir='ltr'><strong>parva</strong></span> <span class='ocrx_word' id='word_1_731' title='bbox 2621 3261 2913 3319; x_wconf 88' lang='lat' dir='ltr'><strong>substantia</strong></span> <span class='ocrx_word' id='word_1_732' title='bbox 2957 3266 3295 3326; x_wconf 88' lang='lat' dir='ltr'><strong>demonstra-</strong></span> 
     </span>
    </p>
   </div>
   <div class='ocr_carea' id='block_1_95' title="bbox 1725 3347 3296 3432">
    <p class='ocr_par' dir='ltr' id='par_1_95' title="bbox 1725 3347 3296 3432">
     <span class='ocr_line' id='line_1_97' title="bbox 1725 3347 3296 3432; baseline 0.013 -36"><span class='ocrx_word' id='word_1_733' title='bbox 1725 3351 1830 3408; x_wconf 90' lang='lat' dir='ltr'><strong>tur,</strong></span> <span class='ocrx_word' id='word_1_734' title='bbox 1861 3354 1917 3397; x_wconf 91' lang='lat' dir='ltr'><strong>ut</strong></span> <span class='ocrx_word' id='word_1_735' title='bbox 1946 3356 2201 3414; x_wconf 84' lang='lat' dir='ltr'><strong>appareat</strong></span> <span class='ocrx_word' id='word_1_736' title='bbox 2231 3347 2660 3418; x_wconf 85' lang='lat' dir='ltr'><strong>incomparabilis</strong></span> <span class='ocrx_word' id='word_1_737' title='bbox 2689 3352 2987 3412; x_wconf 88' lang='lat' dir='ltr'><strong>sublimitas</strong></span> <span class='ocrx_word' id='word_1_738' title='bbox 3017 3359 3136 3424; x_wconf 91' lang='lat' dir='ltr'><strong>Dei;</strong></span> <span class='ocrx_word' id='word_1_739' title='bbox 3167 3376 3296 3432; x_wconf 86' lang='lat' dir='ltr'><strong>ergo</strong></span> 
     </span>
    </p>
   </div>
   <div class='ocr_carea' id='block_1_96' title="bbox 1723 3433 3300 3514">
    <p class='ocr_par' dir='ltr' id='par_1_96' title="bbox 1723 3433 3300 3514">
     <span class='ocr_line' id='line_1_98' title="bbox 1723 3433 3300 3514; baseline 0.014 -27"><span class='ocrx_word' id='word_1_740' title='bbox 1723 3443 1777 3488; x_wconf 94' lang='lat' dir='ltr'><strong>ct</strong></span> <span class='ocrx_word' id='word_1_741' title='bbox 1803 3433 2054 3489; x_wconf 89' lang='lat' dir='ltr'><strong>fortitudo</strong></span> <span class='ocrx_word' id='word_1_742' title='bbox 2092 3437 2226 3506; x_wconf 90' lang='lat' dir='ltr'><strong>ejus,</strong></span> <span class='ocrx_word' id='word_1_743' title='bbox 2273 3440 2410 3493; x_wconf 85' lang='lat' dir='ltr'><strong>sicut</strong></span> <span class='ocrx_word' id='word_1_744' title='bbox 2443 3441 2585 3496; x_wconf 89' lang='lat' dir='ltr'><strong>stilla</strong></span> <span class='ocrx_word' id='word_1_745' title='bbox 2611 3442 2677 3497; x_wconf 91' lang='lat' dir='ltr'><strong>de</strong></span> <span class='ocrx_word' id='word_1_746' title='bbox 2706 3445 2887 3514; x_wconf 90' lang='lat' dir='ltr'><strong>situla,</strong></span> <span class='ocrx_word' id='word_1_747' title='bbox 2923 3457 2978 3504; x_wconf 91' lang='lat' dir='ltr'><strong>et</strong></span> <span class='ocrx_word' id='word_1_748' title='bbox 3010 3451 3144 3506; x_wconf 90' lang='lat' dir='ltr'><strong>sicut</strong></span> <span class='ocrx_word' id='word_1_749' title='bbox 3183 3470 3300 3508; x_wconf 84' lang='lat' dir='ltr'><strong>mo-</strong></span> 
     </span>
    </p>
   </div>
   <div class='ocr_carea' id='block_1_97' title="bbox 1719 3529 3295 3612">
    <p class='ocr_par' dir='ltr' id='par_1_97' title="bbox 1719 3529 3295 3612">
     <span class='ocr_line' id='line_1_99' title="bbox 1719 3529 3295 3612; baseline 0.011 -30"><span class='ocrx_word' id='word_1_750' title='bbox 1719 3535 1956 3582; x_wconf 87' lang='lat' dir='ltr'><strong>mentum</strong></span> <span class='ocrx_word' id='word_1_751' title='bbox 1996 3536 2229 3595; x_wconf 82' lang='lat' dir='ltr'><strong>staterae,</strong></span> <span class='ocrx_word' id='word_1_752' title='bbox 2263 3537 2316 3584; x_wconf 92' lang='lat' dir='ltr'><strong>et</strong></span> <span class='ocrx_word' id='word_1_753' title='bbox 2355 3529 2516 3585; x_wconf 87' lang='lat' dir='ltr'><strong>saliva</strong></span> <span class='ocrx_word' id='word_1_754' title='bbox 2561 3533 2791 3590; x_wconf 91' lang='lat' dir='ltr'><strong>hominis</strong></span> <span class='ocrx_word' id='word_1_755' title='bbox 2832 3541 3186 3607; x_wconf 88' lang='lat' dir='ltr'><strong>reputabitur,</strong></span> <span class='ocrx_word' id='word_1_756' title='bbox 3227 3545 3295 3612; x_wconf 89' lang='lat' dir='ltr'><strong>si,</strong></span> 
     </span>
    </p>
   </div>
   <div class='ocr_carea' id='block_1_98' title="bbox 1717 3615 3301 3703">
    <p class='ocr_par' dir='ltr' id='par_1_98' title="bbox 1717 3615 3301 3703">
     <span class='ocr_line' id='line_1_100' title="bbox 1717 3615 3301 3703; baseline 0.016 -36"><span class='ocrx_word' id='word_1_757' title='bbox 1717 3615 1867 3683; x_wconf 80' lang='lat' dir='ltr'><strong>juxta</strong></span> <span class='ocrx_word' id='word_1_758' title='bbox 1911 3615 2213 3688; x_wconf 88' lang='lat' dir='ltr'><strong>Origenem,</strong></span> <span class='ocrx_word' id='word_1_759' title='bbox 2255 3627 2396 3674; x_wconf 88' lang='lat' dir='ltr'><strong>tanta</strong></span> <span class='ocrx_word' id='word_1_760' title='bbox 2428 3621 2717 3680; x_wconf 86' lang='lat' dir='ltr'><strong>fabricatus</strong></span> <span class='ocrx_word' id='word_1_761' title='bbox 2741 3637 2840 3692; x_wconf 90' lang='lat' dir='ltr'><strong>est,</strong></span> <span class='ocrx_word' id='word_1_762' title='bbox 2871 3642 3066 3698; x_wconf 89' lang='lat' dir='ltr'><strong>quanta</strong></span> <span class='ocrx_word' id='word_1_763' title='bbox 3093 3645 3301 3703; x_wconf 92' lang='lat' dir='ltr'><strong>poterat</strong></span> 
     </span>
    </p>
   </div>
   <div class='ocr_carea' id='block_1_99' title="bbox 1721 3707 3299 3782">
    <p class='ocr_par' dir='ltr' id='par_1_99' title="bbox 1721 3707 3299 3782">
     <span class='ocr_line' id='line_1_101' title="bbox 1721 3707 3299 3782; baseline 0.015 -24"><span class='ocrx_word' id='word_1_764' title='bbox 1721 3719 1817 3760; x_wconf 87' lang='lat' dir='ltr'><strong>sua</strong></span> <span class='ocrx_word' id='word_1_765' title='bbox 1855 3707 2048 3762; x_wconf 89' lang='lat' dir='ltr'><strong>virtute</strong></span> <span class='ocrx_word' id='word_1_766' title='bbox 2090 3710 2546 3776; x_wconf 86' lang='lat' dir='ltr'><strong>comprehendere</strong></span> <span class='ocrx_word' id='word_1_767' title='bbox 2588 3733 2603 3769; x_wconf 92' lang='lat'><strong>:</strong></span> <span class='ocrx_word' id='word_1_768' title='bbox 2644 3725 2698 3770; x_wconf 87' lang='lat' dir='ltr'><strong>et</strong></span> <span class='ocrx_word' id='word_1_769' title='bbox 2724 3732 2942 3773; x_wconf 90' lang='lat' dir='ltr'><strong>necesse</strong></span> <span class='ocrx_word' id='word_1_770' title='bbox 2969 3731 3056 3775; x_wconf 91' lang='lat' dir='ltr'><strong>est</strong></span> <span class='ocrx_word' id='word_1_771' title='bbox 3077 3739 3299 3782; x_wconf 83' lang='lat' dir='ltr'><strong>numero</strong></span> 
     </span>
    </p>
   </div>
   <div class='ocr_carea' id='block_1_100' title="bbox 1721 3797 3300 3879">
    <p class='ocr_par' dir='ltr' id='par_1_100' title="bbox 1721 3797 3300 3879">
     <span class='ocr_line' id='line_1_102' title="bbox 1721 3797 3300 3879; baseline 0.013 -31"><span class='ocrx_word' id='word_1_772' title='bbox 1721 3809 2090 3865; x_wconf 74' lang='lat' dir='ltr'><strong>mensurmque</strong></span> <span class='ocrx_word' id='word_1_773' title='bbox 2114 3797 2401 3864; x_wconf 89' lang='lat' dir='ltr'><strong>factorum,</strong></span> <span class='ocrx_word' id='word_1_774' title='bbox 2425 3800 2518 3856; x_wconf 90' lang='lat' dir='ltr'><strong>Dei</strong></span> <span class='ocrx_word' id='word_1_775' title='bbox 2554 3802 2914 3859; x_wconf 88' lang='lat' dir='ltr'><strong>fortitudinem</strong></span> <span class='ocrx_word' id='word_1_776' title='bbox 2937 3815 3222 3879; x_wconf 71' lang='lat' dir='ltr'><strong>coazquari,</strong></span> <span class='ocrx_word' id='word_1_777' title='bbox 3253 3817 3300 3869; x_wconf 93' lang='lat' dir='ltr'><strong>si</strong></span> 
     </span>
    </p>
   </div>
   <div class='ocr_carea' id='block_1_101' title="bbox 1726 3885 3298 3975">
    <p class='ocr_par' dir='ltr' id='par_1_101' title="bbox 1726 3885 3298 3975">
     <span class='ocr_line' id='line_1_103' title="bbox 1726 3885 3298 3975; baseline 0.01 -38"><span class='ocrx_word' id='word_1_778' title='bbox 1726 3899 1830 3938; x_wconf 90' lang='lat' dir='ltr'><strong>non</strong></span> <span class='ocrx_word' id='word_1_779' title='bbox 1857 3886 2027 3953; x_wconf 90' lang='lat' dir='ltr'><strong>potuit</strong></span> <span class='ocrx_word' id='word_1_780' title='bbox 2053 3885 2230 3940; x_wconf 87' lang='lat' dir='ltr'><strong>facere</strong></span> <span class='ocrx_word' id='word_1_781' title='bbox 2260 3887 2460 3954; x_wconf 87' lang='lat' dir='ltr'><strong>majora</strong></span> <span class='ocrx_word' id='word_1_782' title='bbox 2501 3905 2658 3958; x_wconf 84' lang='lat' dir='ltr'><strong>quam</strong></span> <span class='ocrx_word' id='word_1_783' title='bbox 2696 3891 2836 3946; x_wconf 86' lang='lat' dir='ltr'><strong>fecit.</strong></span> <span class='ocrx_word' id='word_1_784' title='bbox 2867 3894 3062 3950; x_wconf 88' lang='lat' dir='ltr'><strong>Verum</strong></span> <span class='ocrx_word' id='word_1_785' title='bbox 3136 3901 3298 3975; x_wconf 72' lang='lat'><strong>602</strong></span> 
     </span>
    </p>
   </div>
   <div class='ocr_carea' id='block_1_102' title="bbox 1724 3975 3300 4052">
    <p class='ocr_par' dir='ltr' id='par_1_102' title="bbox 1724 3975 3300 4052">
     <span class='ocr_line' id='line_1_104' title="bbox 1724 3975 3300 4052; baseline 0.013 -24"><span class='ocrx_word' id='word_1_786' title='bbox 1724 3990 1832 4028; x_wconf 90' lang='lat' dir='ltr'><strong>non</strong></span> <span class='ocrx_word' id='word_1_787' title='bbox 1882 3983 2009 4043; x_wconf 89' lang='lat' dir='ltr'><strong>puto</strong></span> <span class='ocrx_word' id='word_1_788' title='bbox 2061 3975 2390 4043; x_wconf 86' lang='lat' dir='ltr'><strong>quempiam,</strong></span> <span class='ocrx_word' id='word_1_789' title='bbox 2425 3993 2529 4032; x_wconf 92' lang='lat' dir='ltr'><strong>non</strong></span> <span class='ocrx_word' id='word_1_790' title='bbox 2577 3979 2697 4033; x_wconf 87' lang='lat' dir='ltr'><strong>dico</strong></span> <span class='ocrx_word' id='word_1_791' title='bbox 2742 3980 3052 4052; x_wconf 91' lang='lat' dir='ltr'><strong>hominum,</strong></span> <span class='ocrx_word' id='word_1_792' title='bbox 3082 3991 3175 4044; x_wconf 88' lang='lat' dir='ltr'><strong>sed</strong></span> <span class='ocrx_word' id='word_1_793' title='bbox 3230 4009 3300 4048; x_wconf 87' lang='lat' dir='ltr'><strong>ne</strong></span> 
     </span>
    </p>
   </div>
   <div class='ocr_carea' id='block_1_103' title="bbox 1724 4065 3298 4156">
    <p class='ocr_par' dir='ltr' id='par_1_103' title="bbox 1724 4065 3298 4156">
     <span class='ocr_line' id='line_1_105' title="bbox 1724 4065 3298 4156; baseline 0.013 -36"><span class='ocrx_word' id='word_1_794' title='bbox 1724 4065 2025 4121; x_wconf 69' lang='lat' dir='ltr'><strong>daemonum</strong></span> <span class='ocrx_word' id='word_1_795' title='bbox 2054 4065 2267 4136; x_wconf 92' lang='lat' dir='ltr'><strong>quidem</strong></span> <span class='ocrx_word' id='word_1_796' title='bbox 2295 4066 2411 4124; x_wconf 68' lang='lat' dir='ltr'><strong>hare</strong></span> <span class='ocrx_word' id='word_1_797' title='bbox 2435 4069 2503 4124; x_wconf 90' lang='lat' dir='ltr'><strong>de</strong></span> <span class='ocrx_word' id='word_1_798' title='bbox 2523 4085 2589 4126; x_wconf 88' lang='lat' dir='ltr'><strong>eo</strong></span> <span class='ocrx_word' id='word_1_799' title='bbox 2609 4072 2807 4130; x_wconf 90' lang='lat' dir='ltr'><strong>audere</strong></span> <span class='ocrx_word' id='word_1_800' title='bbox 2830 4079 3154 4150; x_wconf 85' lang='lat' dir='ltr'><strong>confingere,</strong></span> <span class='ocrx_word' id='word_1_801' title='bbox 3178 4101 3298 4156; x_wconf 71' lang='lat' dir='ltr'><strong>quae</strong></span> 
     </span>
    </p>
   </div>
   <div class='ocr_carea' id='block_1_104' title="bbox 1787 4233 3300 4314">
    <p class='ocr_par' dir='ltr' id='par_1_104' title="bbox 1787 4233 3300 4314">
     <span class='ocr_line' id='line_1_106' title="bbox 1787 4233 3300 4314; baseline 0.007 -22"><span class='ocrx_word' id='word_1_802' title='bbox 1787 4233 2205 4314; x_wconf 30' lang='grc' dir='ltr'><strong>ςεξλξᾳξλειὶειιιιειιξ</strong></span> <span class='ocrx_word' id='word_1_803' title='bbox 2226 4237 2387 4314; x_wconf 71' lang='lat' dir='ltr'><strong>locum</strong></span> <span class='ocrx_word' id='word_1_804' title='bbox 2421 4241 2493 4291; x_wconf 90' lang='lat' dir='ltr'><strong>sic</strong></span> <span class='ocrx_word' id='word_1_805' title='bbox 2527 4242 2816 4308; x_wconf 81' lang='lat' dir='ltr'><strong>distinguit,</strong></span> <span class='ocrx_word' id='word_1_806' title='bbox 2849 4257 3096 4314; x_wconf 11' lang='lat' dir='ltr'><strong>acgnotat,</strong></span> <span class='ocrx_word' id='word_1_807' title='bbox 3133 4263 3187 4307; x_wconf 88' lang='lat' dir='ltr'><strong>ut</strong></span> <span class='ocrx_word' id='word_1_808' title='bbox 3216 4257 3300 4310; x_wconf 71' lang='lat' dir='ltr'><strong>me</strong></span> 
     </span>
    </p>
   </div>
   <div class='ocr_carea' id='block_1_105' title="bbox 1724 4297 3301 4380">
    <p class='ocr_par' dir='ltr' id='par_1_105' title="bbox 1724 4297 3301 4380">
     <span class='ocr_line' id='line_1_107' title="bbox 1724 4297 3301 4380; baseline -0.007 0"><span class='ocrx_word' id='word_1_809' title='bbox 1724 4297 2711 4380; x_wconf 62' lang='grc' dir='ltr'><strong>ς.ξξις,,πολυλ-λιῖς</strong></span> <span class='ocrx_word' id='word_1_810' title='bbox 2733 4297 2882 4371; x_wconf 55' lang='grc' dir='ltr'><strong>ηομ.</strong></span> <span class='ocrx_word' id='word_1_811' title='bbox 2913 4297 3301 4380; x_wconf 55' lang='grc' dir='ltr'><strong>ίιὶὲῖότίέὶὶίέζι</strong></span> 
     </span>
    </p>
   </div>
   <div class='ocr_carea' id='block_1_106' title="bbox 1724 4358 2517 4423">
    <p class='ocr_par' dir='ltr' id='par_1_106' title="bbox 1724 4358 2517 4423">
     <span class='ocr_line' id='line_1_108' title="bbox 1724 4358 2517 4423; baseline 0.004 -16"><span class='ocrx_word' id='word_1_812' title='bbox 1724 4358 2098 4423; x_wconf 57' lang='lat' dir='ltr'><strong>dicatur,un</strong></span> <span class='ocrx_word' id='word_1_813' title='bbox 2111 4361 2320 4423; x_wconf 82' lang='lat' dir='ltr'><strong>minime</strong></span> <span class='ocrx_word' id='word_1_814' title='bbox 2343 4358 2517 4423; x_wconf 84' lang='lat' dir='ltr'><strong>placet.</strong></span> 
     </span>
    </p>
   </div>
   <div class='ocr_carea' id='block_1_107' title="bbox 1791 4418 3300 4502">
    <p class='ocr_par' dir='ltr' id='par_1_107' title="bbox 1791 4418 3300 4502">
     <span class='ocr_line' id='line_1_109' title="bbox 1791 4418 3300 4502; baseline 0.007 0"><span class='ocrx_word' id='word_1_815' title='bbox 1791 4418 2076 4502; x_wconf 53' lang='grc' dir='ltr'><strong>έάὶὲέὶτζιξξξι</strong></span> <span class='ocrx_word' id='word_1_816' title='bbox 2108 4418 2414 4502; x_wconf 52' lang='lat' dir='ltr'><strong>infami)“</strong></span> <span class='ocrx_word' id='word_1_817' title='bbox 2439 4423 2677 4502; x_wconf 50' lang='grc' dir='ltr'><strong>ξζτξοίξίφ</strong></span> <span class='ocrx_word' id='word_1_818' title='bbox 2694 4427 2819 4502; x_wconf 57' lang='lat' dir='ltr'><strong>hanc</strong></span> <span class='ocrx_word' id='word_1_819' title='bbox 2848 4430 3300 4502; x_wconf 46' lang='lat' dir='ltr'><strong>moimmsch</strong></span> 
     </span>
    </p>
   </div>
   <div class='ocr_carea' id='block_1_108' title="bbox 1724 4480 3300 4555">
    <p class='ocr_par' dir='ltr' id='par_1_108' title="bbox 1724 4480 3300 4555">
     <span class='ocr_line' id='line_1_110' title="bbox 1724 4480 3300 4555; baseline 0.015 -27"><span class='ocrx_word' id='word_1_820' title='bbox 1846 4480 2074 4555; x_wconf 77' lang='lat' dir='ltr'><strong>potentia</strong></span> <span class='ocrx_word' id='word_1_821' title='bbox 2111 4480 2377 4555; x_wconf 73' lang='lat' dir='ltr'><strong>doctrinam</strong></span> <span class='ocrx_word' id='word_1_822' title='bbox 2396 4520 2410 4544; x_wconf 96' lang='lat'><strong>,</strong></span> <span class='ocrx_word' id='word_1_823' title='bbox 2440 4480 2563 4555; x_wconf 81' lang='lat' dir='ltr'><strong>_imo_</strong></span> <span class='ocrx_word' id='word_1_824' title='bbox 2581 4487 2812 4555; x_wconf 80' lang='lat' dir='ltr'><strong>insaniam</strong></span> <span class='ocrx_word' id='word_1_825' title='bbox 2851 4480 3300 4555; x_wconf 55' lang='lat' dir='ltr'><strong>ouééﬁf&#39;iiaﬁi&#39;ui</strong></span> 
     </span>
    </p>
   </div>
   <div class='ocr_carea' id='block_1_109' title="bbox 1725 4546 3300 4620">
    <p class='ocr_par' dir='ltr' id='par_1_109' title="bbox 1725 4546 3300 4620">
     <span class='ocr_line' id='line_1_111' title="bbox 1725 4546 3300 4620; baseline -0.001 0"><span class='ocrx_word' id='word_1_826' title='bbox 1725 4546 2071 4620; x_wconf 49' lang='lat'><strong>899314-931?</strong></span> <span class='ocrx_word' id='word_1_827' title='bbox 2107 4546 2481 4620; x_wconf 53' lang='grc' dir='ltr'><strong>θέξῖίὲξέἒφέιίίί</strong></span> <span class='ocrx_word' id='word_1_828' title='bbox 2508 4548 2626 4620; x_wconf 61' lang='lat' dir='ltr'><strong>Plu“</strong></span> <span class='ocrx_word' id='word_1_829' title='bbox 2655 4549 2876 4610; x_wconf 66' lang='grc' dir='ltr'>ἀοεωεω</span> <span class='ocrx_word' id='word_1_830' title='bbox 2910 4546 3008 4620; x_wconf 64' lang='lat' dir='ltr'><strong>l5!&quot;</strong></span> <span class='ocrx_word' id='word_1_831' title='bbox 3029 4546 3300 4620; x_wconf 64' lang='grc' dir='ltr'><strong>άίὲίέὲηἶέτ</strong></span> 
     </span>
    </p>
   </div>
   <div class='ocr_carea' id='block_1_110' title="bbox 1731 4601 3298 4676">
    <p class='ocr_par' dir='ltr' id='par_1_110' title="bbox 1731 4601 3298 4676">
     <span class='ocr_line' id='line_1_112' title="bbox 1731 4601 3298 4676; baseline 0.015 -28"><span class='ocrx_word' id='word_1_832' title='bbox 1731 4601 2420 4676; x_wconf 35' lang='grc' dir='ltr'>εχειιιιιιειιιιιιξᾎῌξερυιιιιιιιιε</span> <span class='ocrx_word' id='word_1_833' title='bbox 2437 4601 2634 4676; x_wconf 79' lang='lat' dir='ltr'><strong>quidem</strong></span> <span class='ocrx_word' id='word_1_834' title='bbox 2658 4601 2753 4676; x_wconf 66' lang='lat' dir='ltr'><strong>non</strong></span> <span class='ocrx_word' id='word_1_835' title='bbox 2779 4601 2884 4676; x_wconf 79' lang='lat' dir='ltr'><strong>eam</strong></span> <span class='ocrx_word' id='word_1_836' title='bbox 2903 4601 3057 4665; x_wconf 72' lang='lat' dir='ltr'><strong>fuisse</strong></span> <span class='ocrx_word' id='word_1_837' title='bbox 3063 4601 3298 4676; x_wconf 46' lang='lat'><strong>63555};</strong></span> 
     </span>
    </p>
   </div>
   <div class='ocr_carea' id='block_1_111' title="bbox 1730 4657 3299 4734">
    <p class='ocr_par' dir='ltr' id='par_1_111' title="bbox 1730 4657 3299 4734">
     <span class='ocr_line' id='line_1_113' title="bbox 1730 4657 3299 4734; baseline -0.02 14"><span class='ocrx_word' id='word_1_838' title='bbox 1730 4671 1944 4734; x_wconf 59' lang='grc' dir='ltr'><strong>’τθθξξιβπη</strong></span> <span class='ocrx_word' id='word_1_839' title='bbox 1965 4697 1979 4722; x_wconf 68' lang='grc' dir='ltr'><em>υ</em></span> <span class='ocrx_word' id='word_1_840' title='bbox 2001 4673 2115 4734; x_wconf 59' lang='lat' dir='ltr'><strong>aee</strong></span> <span class='ocrx_word' id='word_1_841' title='bbox 2143 4657 2292 4734; x_wconf 62' lang='lat'><strong>“5.8.13</strong></span> <span class='ocrx_word' id='word_1_842' title='bbox 2317 4665 2421 4728; x_wconf 78' lang='lat' dir='ltr'><strong>eius</strong></span> <span class='ocrx_word' id='word_1_843' title='bbox 2439 4657 3299 4734; x_wconf 56' lang='lat' dir='ltr'><strong>eidemin-5usaiia&#39;;}&#39;gaa°s;;:</strong></span> 
     </span>
    </p>
   </div>
   <div class='ocr_carea' id='block_1_112' title="bbox 1725 4711 3298 4846">
    <p class='ocr_par' dir='ltr' id='par_1_112' title="bbox 1725 4711 3298 4846">
     <span class='ocr_line' id='line_1_114' title="bbox 1728 4711 3298 4800; baseline 0.01 -28"><span class='ocrx_word' id='word_1_844' title='bbox 1728 4723 1846 4794; x_wconf 80' lang='lat' dir='ltr'><strong>cinit</strong></span> <span class='ocrx_word' id='word_1_845' title='bbox 1865 4711 2035 4771; x_wconf 65' lang='lat' dir='ltr'><strong>tamen</strong></span> <span class='ocrx_word' id='word_1_846' title='bbox 2044 4711 2980 4796; x_wconf 54' lang='lat' dir='ltr'><strong>Theopiiiio&#39;naétia&#39;JlisﬁhiZnﬁk&#39;EBiéii</strong></span> <span class='ocrx_word' id='word_1_847' title='bbox 3003 4711 3298 4800; x_wconf 51' lang='lat' dir='ltr'><strong>ididem:</strong></span> 
     </span>
     <span class='ocr_line' id='line_1_115' title="bbox 1725 4783 3294 4846; baseline 0.01 -14"><span class='ocrx_word' id='word_1_848' title='bbox 1725 4783 1808 4832; x_wconf 85' lang='lat' dir='ltr'><strong>ubi</strong></span> <span class='ocrx_word' id='word_1_849' title='bbox 1830 4784 2081 4832; x_wconf 89' lang='lat' dir='ltr'><strong>desertum</strong></span> <span class='ocrx_word' id='word_1_850' title='bbox 2105 4797 2135 4833; x_wconf 88' lang='lat' dir='ltr'><strong>e</strong></span> <span class='ocrx_word' id='word_1_851' title='bbox 2158 4797 2309 4846; x_wconf 85' lang='lat' dir='ltr'><strong>primo</strong></span> <span class='ocrx_word' id='word_1_852' title='bbox 2328 4800 2408 4846; x_wconf 58' lang='lat' dir='ltr'><strong>apt</strong></span> <span class='ocrx_word' id='word_1_853' title='bbox 2436 4801 2552 4846; x_wconf 69' lang='grc' dir='ltr'><strong>ἀηον</strong></span> <span class='ocrx_word' id='word_1_854' title='bbox 2574 4789 2699 4838; x_wconf 90' lang='lat' dir='ltr'><strong>libro</strong></span> <span class='ocrx_word' id='word_1_855' title='bbox 2723 4794 3041 4846; x_wconf 70' lang='lat' dir='ltr'><strong>fragmentum</strong></span> <span class='ocrx_word' id='word_1_856' title='bbox 3077 4800 3260 4846; x_wconf 79' lang='lat' dir='ltr'><strong>profert</strong></span> <span class='ocrx_word' id='word_1_857' title='bbox 3279 4838 3294 4846; x_wconf 90' lang='lat'><strong>-</strong></span> 
     </span>
    </p>
   </div>
   <div class='ocr_carea' id='block_1_113' title="bbox 1726 4800 3294 4968">
    <p class='ocr_par' dir='ltr' id='par_1_113' title="bbox 1726 4800 3294 4968">
     <span class='ocr_line' id='line_1_116' title="bbox 1726 4800 3294 4859; baseline 0.011 -28"><span class='ocrx_word' id='word_1_858' title='bbox 1726 4800 1808 4856; x_wconf 75' lang='grc' dir='ltr'>ιωι</span> <span class='ocrx_word' id='word_1_859' title='bbox 1830 4800 2081 4856; x_wconf 63' lang='lat' dir='ltr'><strong>desertum</strong></span> <span class='ocrx_word' id='word_1_860' title='bbox 2105 4800 2139 4858; x_wconf 65' lang='grc' dir='ltr'><strong>ε</strong></span> <span class='ocrx_word' id='word_1_861' title='bbox 2158 4800 2408 4858; x_wconf 47' lang='lat' dir='ltr'><strong>primum»</strong></span> <span class='ocrx_word' id='word_1_862' title='bbox 2436 4801 2552 4853; x_wconf 53' lang='lat' dir='ltr'><strong>duo.</strong></span> <span class='ocrx_word' id='word_1_863' title='bbox 2575 4800 2699 4838; x_wconf 84' lang='lat' dir='ltr'><strong>libro</strong></span> <span class='ocrx_word' id='word_1_864' title='bbox 2723 4800 3041 4855; x_wconf 83' lang='lat' dir='ltr'><strong>tragmentum</strong></span> <span class='ocrx_word' id='word_1_865' title='bbox 3077 4800 3260 4859; x_wconf 85' lang='lat' dir='ltr'><strong>profert</strong></span> <span class='ocrx_word' id='word_1_866' title='bbox 3279 4838 3294 4857; x_wconf 92' lang='lat'><strong>,</strong></span> 
     </span>
     <span class='ocr_line' id='line_1_117' title="bbox 1727 4851 3294 4922; baseline 0.012 -30"><span class='ocrx_word' id='word_1_867' title='bbox 1727 4857 1775 4892; x_wconf 82' lang='grc' dir='ltr'>ιη</span> <span class='ocrx_word' id='word_1_868' title='bbox 1800 4857 1907 4917; x_wconf 81' lang='lat' dir='ltr'><strong>ejus</strong></span> <span class='ocrx_word' id='word_1_869' title='bbox 1926 4852 2188 4894; x_wconf 66' lang='lat' dir='ltr'><strong>sententiae</strong></span> <span class='ocrx_word' id='word_1_870' title='bbox 2209 4851 2557 4921; x_wconf 68' lang='lat' dir='ltr'><strong>testimonium,</strong></span> <span class='ocrx_word' id='word_1_871' title='bbox 2583 4857 2636 4899; x_wconf 90' lang='lat' dir='ltr'><strong>et</strong></span> <span class='ocrx_word' id='word_1_872' title='bbox 2658 4851 2932 4902; x_wconf 77' lang='lat' dir='ltr'><strong>Methodius</strong></span> <span class='ocrx_word' id='word_1_873' title='bbox 2954 4869 3020 4918; x_wconf 94' lang='lat' dir='ltr'><strong>qu</strong></span> <span class='ocrx_word' id='word_1_874' title='bbox 3087 4872 3151 4906; x_wconf 89' lang='lat' dir='ltr'><strong>ue</strong></span> <span class='ocrx_word' id='word_1_875' title='bbox 3170 4862 3294 4922; x_wconf 86' lang='lat' dir='ltr'><strong>apud</strong></span> 
     </span>
     <span class='ocr_line' id='line_1_118' title="bbox 1726 4871 3294 4968; baseline 0.01 -16"><span class='ocrx_word' id='word_1_876' title='bbox 1726 4904 2083 4968; x_wconf 63' lang='lat' dir='ltr'><strong>Ijbottumeod.</strong></span> <span class='ocrx_word' id='word_1_877' title='bbox 2109 4905 2217 4968; x_wconf 66' lang='lat'><strong>235.</strong></span> <span class='ocrx_word' id='word_1_878' title='bbox 2264 4907 2598 4968; x_wconf 76' lang='lat' dir='ltr'><strong>DiserttsStme</strong></span> <span class='ocrx_word' id='word_1_879' title='bbox 2635 4925 2757 4961; x_wconf 88' lang='lat' dir='ltr'><strong>vero</strong></span> <span class='ocrx_word' id='word_1_880' title='bbox 2792 4916 3004 4963; x_wconf 89' lang='lat' dir='ltr'><strong>omnium</strong></span> <span class='ocrx_word' id='word_1_881' title='bbox 3022 4871 3260 4968; x_wconf 50' lang='lat' dir='ltr'><strong>0[({uffinns</strong></span> <span class='ocrx_word' id='word_1_882' title='bbox 3280 4959 3294 4968; x_wconf 94' lang='lat'><strong>.</strong></span> 
     </span>
    </p>
   </div>
   <div class='ocr_carea' id='block_1_114' title="bbox 1728 4929 3296 5038">
    <p class='ocr_par' dir='ltr' id='par_1_114' title="bbox 1728 4929 3296 5038">
     <span class='ocr_line' id='line_1_119' title="bbox 1728 4929 3260 4970; baseline 0.01 -18"><span class='ocrx_word' id='word_1_883' title='bbox 1728 4929 1952 4954; x_wconf 81' lang='lat' dir='ltr'><strong>ruuuum</strong></span> <span class='ocrx_word' id='word_1_884' title='bbox 1974 4929 2083 4954; x_wconf 72' lang='grc' dir='ltr'>υυυ.</span> <span class='ocrx_word' id='word_1_885' title='bbox 2110 4929 2217 4956; x_wconf 65' lang='lat' dir='ltr'><strong>wn.</strong></span> <span class='ocrx_word' id='word_1_886' title='bbox 2265 4929 2598 4960; x_wconf 69' lang='grc' dir='ltr'>υιδυι-ιιεδιωε</span> <span class='ocrx_word' id='word_1_887' title='bbox 2635 4929 2757 4961; x_wconf 85' lang='lat' dir='ltr'><strong>vero</strong></span> <span class='ocrx_word' id='word_1_888' title='bbox 2792 4929 3004 4963; x_wconf 85' lang='lat' dir='ltr'><strong>omnium</strong></span> <span class='ocrx_word' id='word_1_889' title='bbox 3041 4929 3260 4970; x_wconf 74' lang='lat' dir='ltr'><strong>nummis</strong></span> 
     </span>
     <span class='ocr_line' id='line_1_120' title="bbox 1728 4959 3296 5038; baseline 0.012 -26"><span class='ocrx_word' id='word_1_890' title='bbox 1728 4961 1878 5038; x_wconf 66' lang='lat' dir='ltr'><strong>Syrus</strong></span> <span class='ocrx_word' id='word_1_891' title='bbox 1914 4962 2036 5038; x_wconf 65' lang='lat' dir='ltr'><strong>ille,</strong></span> <span class='ocrx_word' id='word_1_892' title='bbox 2085 4967 2224 5032; x_wconf 91' lang='lat' dir='ltr'><strong>cujus</strong></span> <span class='ocrx_word' id='word_1_893' title='bbox 2262 4966 2488 5038; x_wconf 65' lang='lat' dir='ltr'><strong>libellum</strong></span> <span class='ocrx_word' id='word_1_894' title='bbox 2516 4970 2586 5038; x_wconf 19' lang='lat' dir='ltr'><strong>Ade</strong></span> <span class='ocrx_word' id='word_1_895' title='bbox 2622 4970 2744 5021; x_wconf 86' lang='lat' dir='ltr'><strong>Fide</strong></span> <span class='ocrx_word' id='word_1_896' title='bbox 2782 4975 3065 5038; x_wconf 76' lang='lat' dir='ltr'><strong>Sirmondus</strong></span> <span class='ocrx_word' id='word_1_897' title='bbox 3111 4959 3296 5031; x_wconf 57' lang='lat' dir='ltr'><strong>edidit;</strong></span> 
     </span>
    </p>
   </div>
   <div class='ocr_carea' id='block_1_115' title="bbox 1729 5029 3298 5100">
    <p class='ocr_par' dir='ltr' id='par_1_115' title="bbox 1729 5029 3298 5100">
     <span class='ocr_line' id='line_1_121' title="bbox 1729 5029 3298 5100; baseline 0.011 -25"><span class='ocrx_word' id='word_1_898' title='bbox 1729 5029 1880 5100; x_wconf 58' lang='lat' dir='ltr'><strong>impie</strong></span> <span class='ocrx_word' id='word_1_899' title='bbox 1901 5029 2119 5100; x_wconf 57' lang='lat' dir='ltr'><strong>origine;</strong></span> <span class='ocrx_word' id='word_1_900' title='bbox 2135 5029 2243 5100; x_wconf 39' lang='lat' dir='ltr'><strong>{hac</strong></span> <span class='ocrx_word' id='word_1_901' title='bbox 2253 5029 2436 5100; x_wconf 56' lang='lat' dir='ltr'><strong>nefarie</strong></span> <span class='ocrx_word' id='word_1_902' title='bbox 2457 5030 2583 5100; x_wconf 66' lang='grc' dir='ltr'>ίᾳιιιε</span> <span class='ocrx_word' id='word_1_903' title='bbox 2617 5037 2688 5100; x_wconf 73' lang='grc' dir='ltr'>εει</span> <span class='ocrx_word' id='word_1_904' title='bbox 2705 5067 2721 5091; x_wconf 88' lang='grc'><strong>,</strong></span> <span class='ocrx_word' id='word_1_905' title='bbox 2758 5033 2842 5094; x_wconf 83' lang='lat' dir='ltr'><strong>qui</strong></span> <span class='ocrx_word' id='word_1_906' title='bbox 2875 5035 2945 5084; x_wconf 83' lang='lat' dir='ltr'><strong>sic</strong></span> <span class='ocrx_word' id='word_1_907' title='bbox 2979 5038 3105 5089; x_wconf 65' lang='lat' dir='ltr'><strong>dixit</strong></span> <span class='ocrx_word' id='word_1_908' title='bbox 3129 5051 3148 5089; x_wconf 88' lang='lat'><strong><em>:</em></strong></span> <span class='ocrx_word' id='word_1_909' title='bbox 3195 5029 3298 5092; x_wconf 63' lang='lat' dir='ltr'><strong>Noti</strong></span> 
     </span>
    </p>
   </div>
   <div class='ocr_carea' id='block_1_116' title="bbox 1727 5085 3300 5168">
    <p class='ocr_par' dir='ltr' id='par_1_116' title="bbox 1727 5085 3300 5168">
     <span class='ocr_line' id='line_1_122' title="bbox 1727 5085 3300 5168; baseline 0 0"><span class='ocrx_word' id='word_1_910' title='bbox 2028 5085 2534 5168; x_wconf 48' lang='grc' dir='ltr'><strong>ΞῬΞΨΞΞΨΔΕΨ</strong></span> <span class='ocrx_word' id='word_1_911' title='bbox 2553 5093 2642 5168; x_wconf 59' lang='grc' dir='ltr'>ΞΕ</span> <span class='ocrx_word' id='word_1_912' title='bbox 2675 5085 2733 5168; x_wconf 61' lang='grc' dir='ltr'><em>ξά</em></span> <span class='ocrx_word' id='word_1_913' title='bbox 2752 5085 2976 5168; x_wconf 45' lang='lat' dir='ltr'><strong>(“alma</strong></span> <span class='ocrx_word' id='word_1_914' title='bbox 3009 5085 3300 5168; x_wconf 49' lang='lat' dir='ltr'><strong>mare</strong></span> 
     </span>
    </p>
   </div>
   <div class='ocr_carea' id='block_1_117' title="bbox 1727 5146 3298 5217">
    <p class='ocr_par' dir='ltr' id='par_1_117' title="bbox 1727 5146 3298 5217">
     <span class='ocr_line' id='line_1_123' title="bbox 1727 5146 3298 5217; baseline 0.011 -22"><span class='ocrx_word' id='word_1_915' title='bbox 1727 5146 1966 5217; x_wconf 65' lang='lat' dir='ltr'><strong>eminere</strong></span> <span class='ocrx_word' id='word_1_916' title='bbox 1983 5181 1998 5206; x_wconf 95' lang='lat'><strong>,</strong></span> <span class='ocrx_word' id='word_1_917' title='bbox 2022 5151 2068 5195; x_wconf 86' lang='lat' dir='ltr'><strong>et</strong></span> <span class='ocrx_word' id='word_1_918' title='bbox 2090 5146 2527 5217; x_wconf 71' lang='lat' dir='ltr'><strong>comprehendere.&#39;</strong></span> <span class='ocrx_word' id='word_1_919' title='bbox 2554 5150 2643 5211; x_wconf 81' lang='lat' dir='ltr'><strong>Qui</strong></span> <span class='ocrx_word' id='word_1_920' title='bbox 2668 5165 2780 5217; x_wconf 79' lang='lat' dir='ltr'><strong>cum</strong></span> <span class='ocrx_word' id='word_1_921' title='bbox 2809 5154 2896 5205; x_wconf 81' lang='lat' dir='ltr'><strong>hoc</strong></span> <span class='ocrx_word' id='word_1_922' title='bbox 2919 5146 3298 5217; x_wconf 16' lang='grc' dir='ltr'><strong>ἀὶείινξαῖιὲἦῆξ</strong></span> 
     </span>
    </p>
   </div>
   <div class='ocr_carea' id='block_1_118' title="bbox 1729 5197 3301 5282">
    <p class='ocr_par' dir='ltr' id='par_1_118' title="bbox 1729 5197 3301 5282">
     <span class='ocr_line' id='line_1_124' title="bbox 1729 5197 3301 5282; baseline -0.003 0"><span class='ocrx_word' id='word_1_923' title='bbox 1729 5207 1940 5282; x_wconf 57' lang='grc' dir='ltr'><strong>θρηνεῖτε),</strong></span> <span class='ocrx_word' id='word_1_924' title='bbox 1967 5197 2250 5282; x_wconf 44' lang='lat' dir='ltr'><strong>autem</strong></span> <span class='ocrx_word' id='word_1_925' title='bbox 2553 5197 2580 5271; x_wconf 71' lang='grc' dir='ltr'><em>ἱ</em></span> <span class='ocrx_word' id='word_1_926' title='bbox 2595 5197 3301 5282; x_wconf 51' lang='grc' dir='ltr'><strong>’Μ”ςῑῦιεῖῦ</strong></span> 
     </span>
    </p>
   </div>
   <div class='ocr_carea' id='block_1_119' title="bbox 1728 5268 3301 5343">
    <p class='ocr_par' dir='ltr' id='par_1_119' title="bbox 1728 5268 3301 5343">
     <span class='ocr_line' id='line_1_125' title="bbox 1728 5268 3301 5343; baseline 0 0"><span class='ocrx_word' id='word_1_927' title='bbox 1728 5268 1941 5343; x_wconf 54' lang='lat' dir='ltr'><strong>LW!“</strong></span> <span class='ocrx_word' id='word_1_928' title='bbox 2214 5268 2434 5343; x_wconf 52' lang='grc' dir='ltr'><strong>ἐαῗξφτ·</strong></span> <span class='ocrx_word' id='word_1_929' title='bbox 2461 5268 2587 5343; x_wconf 61' lang='grc' dir='ltr'>,Νιέἀι</span> <span class='ocrx_word' id='word_1_930' title='bbox 2607 5268 2941 5343; x_wconf 45' lang='lat' dir='ltr'><strong>ﬂaminem</strong></span> <span class='ocrx_word' id='word_1_931' title='bbox 2956 5313 2972 5340; x_wconf 73' lang='lat'><strong>.</strong></span> <span class='ocrx_word' id='word_1_932' title='bbox 2995 5268 3177 5343; x_wconf 46' lang='lat' dir='ltr'><strong>nisi?</strong></span> <span class='ocrx_word' id='word_1_933' title='bbox 3186 5268 3301 5343; x_wconf 65' lang='grc' dir='ltr'><strong>ὁὶιὲ</strong></span> 
     </span>
    </p>
   </div>
   <div class='ocr_carea' id='block_1_120' title="bbox 1728 5327 3298 5405">
    <p class='ocr_par' dir='ltr' id='par_1_120' title="bbox 1728 5327 3298 5405">
     <span class='ocr_line' id='line_1_126' title="bbox 1728 5327 3298 5405; baseline -0.021 1"><span class='ocrx_word' id='word_1_934' title='bbox 1728 5327 2256 5405; x_wconf 47' lang='lat' dir='ltr'><strong>{eammeam</strong></span> <span class='ocrx_word' id='word_1_935' title='bbox 2571 5339 2623 5405; x_wconf 41' lang='lat' dir='ltr'><strong>tu</strong></span> <span class='ocrx_word' id='word_1_936' title='bbox 2645 5333 2726 5405; x_wconf 59' lang='lat' dir='ltr'><strong>gn.</strong></span> <span class='ocrx_word' id='word_1_937' title='bbox 2747 5327 3298 5405; x_wconf 51' lang='grc' dir='ltr'><strong>ωειέη...υ,γί,α-τ.ι-,-πτ,,η-τ</strong></span> 
     </span>
    </p>
   </div>
   <div class='ocr_carea' id='block_1_121' title="bbox 1729 5387 3303 5468">
    <p class='ocr_par' dir='ltr' id='par_1_121' title="bbox 1729 5387 3303 5468">
     <span class='ocr_line' id='line_1_127' title="bbox 1729 5387 3303 5468; baseline 0 0"><span class='ocrx_word' id='word_1_938' title='bbox 1729 5387 2470 5468; x_wconf 50' lang='grc' dir='ltr'><strong>ηςεζεξῖιεέίμςῑεεξείξμηι</strong></span> <span class='ocrx_word' id='word_1_939' title='bbox 2486 5387 2788 5468; x_wconf 55' lang='grc' dir='ltr'><strong>ηίίέφεξαιεηξ</strong></span> <span class='ocrx_word' id='word_1_940' title='bbox 2821 5387 3303 5468; x_wconf 33' lang='lat' dir='ltr'><strong>{ambiti—WHT</strong></span> 
     </span>
    </p>
   </div>
   <div class='ocr_carea' id='block_1_122' title="bbox 1731 5447 3301 5518">
    <p class='ocr_par' dir='ltr' id='par_1_122' title="bbox 1731 5447 3301 5518">
     <span class='ocr_line' id='line_1_128' title="bbox 1731 5447 3301 5518; baseline -0.001 0"><span class='ocrx_word' id='word_1_941' title='bbox 1731 5448 1931 5518; x_wconf 63' lang='grc' dir='ltr'><strong>ςτςαηᾴί</strong></span> <span class='ocrx_word' id='word_1_942' title='bbox 1949 5447 2406 5518; x_wconf 45' lang='lat' dir='ltr'><strong>ﬂamma.</strong></span> <span class='ocrx_word' id='word_1_943' title='bbox 2425 5457 2472 5502; x_wconf 75' lang='grc' dir='ltr'>ει</span> <span class='ocrx_word' id='word_1_944' title='bbox 2487 5447 2782 5518; x_wconf 69' lang='lat' dir='ltr'><strong>Zsubjugmdi</strong></span> <span class='ocrx_word' id='word_1_945' title='bbox 2795 5447 3064 5513; x_wconf 46' lang='lat' dir='ltr'><strong>ausam</strong></span> 
     </span>
    </p>
   </div>
   <div class='ocr_carea' id='block_1_123' title="bbox 1731 5507 3299 5582">
    <p class='ocr_par' dir='ltr' id='par_1_123' title="bbox 1731 5507 3299 5582">
     <span class='ocr_line' id='line_1_129' title="bbox 1731 5507 3299 5582; baseline 0.014 -25"><span class='ocrx_word' id='word_1_946' title='bbox 1731 5507 1959 5582; x_wconf 48' lang='grc' dir='ltr'><strong>(ςαρερίιί</strong></span> <span class='ocrx_word' id='word_1_947' title='bbox 1985 5508 2173 5561; x_wconf 77' lang='lat' dir='ltr'><strong>Caetera</strong></span> <span class='ocrx_word' id='word_1_948' title='bbox 2193 5507 2436 5582; x_wconf 66' lang='lat' dir='ltr'><strong>_0rigeuis</strong></span> <span class='ocrx_word' id='word_1_949' title='bbox 2471 5507 2696 5582; x_wconf 73' lang='lat' dir='ltr'><strong>dogmata</strong></span> <span class='ocrx_word' id='word_1_950' title='bbox 2713 5553 2728 5572; x_wconf 93' lang='lat'><strong>.</strong></span> <span class='ocrx_word' id='word_1_951' title='bbox 2768 5507 2883 5582; x_wconf 55' lang='lat' dir='ltr'><strong>qua</strong></span> <span class='ocrx_word' id='word_1_952' title='bbox 2904 5507 3299 5578; x_wconf 63' lang='grc' dir='ltr'><strong>’έιὶιιῖιῖἀΐιῗιέἔὸ</strong></span> 
     </span>
    </p>
   </div>
   <div class='ocr_carea' id='block_1_124' title="bbox 1735 5571 3297 5650">
    <p class='ocr_par' dir='ltr' id='par_1_124' title="bbox 1735 5571 3297 5650">
     <span class='ocr_line' id='line_1_130' title="bbox 1735 5571 3297 5650; baseline 0.007 0"><span class='ocrx_word' id='word_1_953' title='bbox 1735 5571 2685 5650; x_wconf 49' lang='lat' dir='ltr'><strong>litterismeaemeaetssimﬁw,</strong></span> <span class='ocrx_word' id='word_1_954' title='bbox 2701 5571 2891 5641; x_wconf 68' lang='grc' dir='ltr'>ιιιιέυάο</span> <span class='ocrx_word' id='word_1_955' title='bbox 2912 5571 3297 5650; x_wconf 59' lang='grc' dir='ltr'><strong>³ιῖέιῖιῖσὶτίόῖοῖιῖ</strong></span> 
     </span>
    </p>
   </div>
   <div class='ocr_carea' id='block_1_125' title="bbox 1736 5631 2384 5695">
    <p class='ocr_par' dir='ltr' id='par_1_125' title="bbox 1736 5631 2384 5695">
     <span class='ocr_line' id='line_1_131' title="bbox 1736 5631 2384 5695; baseline 0.008 -13"><span class='ocrx_word' id='word_1_956' title='bbox 1736 5645 1787 5695; x_wconf 83' lang='lat' dir='ltr'><strong>sy</strong></span> <span class='ocrx_word' id='word_1_957' title='bbox 1793 5631 2011 5683; x_wconf 43' lang='lat' dir='ltr'><strong>nodicam’</strong></span> <span class='ocrx_word' id='word_1_958' title='bbox 2023 5631 2384 5694; x_wconf 73' lang='lat' dir='ltr'><strong>expenduntur.</strong></span> 
     </span>
    </p>
   </div>
   <div class='ocr_carea' id='block_1_126' title="bbox 2485 5696 3369 5808">
    <p class='ocr_par' dir='ltr' id='par_1_126' title="bbox 2485 5696 3369 5808">
     <span class='ocr_line' id='line_1_132' title="bbox 2485 5696 3369 5808; baseline 0.012 -28"><span class='ocrx_word' id='word_1_959' title='bbox 2485 5719 2902 5808; x_wconf 54' lang='lat' dir='ltr'><strong>(linat-six.)</strong></span> <span class='ocrx_word' id='word_1_960' title='bbox 3278 5696 3345 5772; x_wconf 48' lang='grc' dir='ltr'><strong>*λ’</strong></span> <span class='ocrx_word' id='word_1_961' title='bbox 3366 5800 3369 5801; x_wconf 21' lang='grc' dir='ltr'><em>ν</em></span> 
     </span>
    </p>
   </div>
  </div>
