4054 6192
699 294 800 352 801

704 408 798 465 ille
827 412 882 460 et
914 401 1188 465 sensium
1211 393 1443 463 scripsit,
1472 396 1673 446 tantum
1701 387 1867 444 Deum
1896 385 2086 443 fecisse
2109 393 2288 441 mate-

708 500 865 563 riam,
891 501 1140 564 quamam
1163 499 1360 542 ornare
1391 490 1602 553 poterat
1621 488 1676 536 et
1696 481 1750 534 in
1777 493 1961 534 rerum
1985 476 2187 532 formas
2208 475 2288 530 di-

709 586 913 642 videre.
963 581 1091 646 Quae
1117 575 1400 640 sentiens,
1444 585 1656 628 rursum
1700 569 1871 624 discat
1905 583 1935 622 a
1964 567 2138 631 nobis,
2179 580 2286 620 non

708 681 907 744 quanta
936 669 1064 724 fecit
1092 667 1255 732 Deus,
1287 672 1430 719 tanta
1457 662 1637 718 facere
1664 667 1897 732 poterat,
1920 658 2014 714 sed
2035 665 2288 729 quantam

710 773 1016 818 mensuram
1044 772 1224 814 rerum
1250 755 1386 810 ordo
1411 752 1684 824 poscebat,
1716 759 1864 806 tanta
1891 749 2180 804 fabricatus
2206 755 2290 802 est

706 854 872 918 Deus,
904 850 1073 906 multo
1106 847 1367 918 majorem
1403 844 1606 900 habens
1644 851 1700 898 et
1733 850 1902 897 artem
1947 849 2001 895 et
2025 839 2291 894 fortitudi-

713 957 858 1004 nem,
888 955 1048 1011 qnam
1078 953 1142 994 ea
1169 953 1289 1009 quae
1314 936 1449 992 facta
1473 943 1616 1002 sunt,
1644 948 1922 988 numerum
1948 941 2108 1001 atque
2138 946 2290 985 men-

705 1046 911 1086 suram.
943 1029 1013 1084 Et
1042 1030 1145 1084 hoc
1170 1029 1318 1082 sciat
1358 1025 1744 1095 Prophetarum
1789 1021 2105 1077 testimoniis
2146 1034 2292 1074 com-

710 1127 950 1195 probari,
988 1139 1034 1178 ’θ
1081 1123 1276 1193 quibus
1313 1117 1456 1192 [sup.
1495 1115 1649 1189 unus]
1693 1116 1770 1170 ait
1821 1133 1834 1169 :
1885 1113 2098 1183 Operuit
2144 1111 2293 1166 calas

714 1217 873 1271 virtus
907 1215 1016 1285 ejus
1068 1228 1086 1267 :
1150 1212 1220 1266 Et
1261 1211 1398 1264 alter
1420 1208 1694 1263 clamitat:
1728 1204 1942 1259 Terram
1972 1212 2136 1255 autem
2165 1202 2294 1254 sicut

715 1308 864 1361 nihili
894 1305 1012 1377 fecit
1056 1319 1075 1358 :
1120 1313 1179 1357 ut
1207 1302 1463 1372 majorem
1506 1299 1600 1353 Dei
1639 1311 1757 1350 csse
1793 1297 2042 1349 virtutem
2071 1292 2151 1346 his
2176 1307 2293 1377 qua;

712 1398 854 1453 facta
885 1370 1029 1462 sunt,
1063 1370 1409 1464 praedicarent
1434 1388 1527 1462 [aL
1557 1385 1898 1458 prtediraretj.
1943 1385 2110 1438 Porro
2152 1370 2304 1450 quod

713 1488 848 1544 dixit
877 1504 892 1539 :
922 1497 1107 1540 terram
1133 1484 1262 1538 sicut
1292 1480 1439 1534 nihili
1465 1479 1581 1548 fecit
1601 1517 1616 1542 ,
1649 1477 1714 1530 de
1742 1474 2008 1528 universis
2035 1467 2295 1532 creaturis

699 1577 1005 1648 ‘Apostolus
1049 1575 1406 1643 interpretans
1448 1569 1680 1637 loquitur
1727 1582 1741 1617 :
1793 1563 1890 1630 Qui
1933 1570 2074 1616 uocat
2101 1578 2157 1614 ea
2182 1573 2297 1627 quia

719 1686 823 1724 non
853 1675 988 1732 sunt,
1019 1675 1257 1732 tanquam
1281 1661 1383 1715 sint
1411 1658 1586 1732 (Rom.
1615 1657 1692 1725 4).
1725 1655 1789 1710 Ut
1810 1666 1862 1708 et
1888 1668 1981 1722 per
2002 1651 2117 1706 hzrc
2138 1650 2295 1703 verba

721 1761 1009 1820 discamus,
1042 1753 1299 1822 majorem
1327 1764 1445 1804 esse
1476 1745 1833 1800 fortitudinem
1880 1741 1995 1806 Dei,
2038 1754 2195 1809 quam
2233 1753 2296 1792 ea

722 1865 840 1922 qum
884 1846 951 1902 ab
992 1844 1084 1900 illo
1115 1841 1250 1896 facta
1282 1846 1426 1895 sunt.
1459 1837 1526 1893 Et
1553 1852 1656 1890 non
1687 1831 1955 1889 erubescit
1979 1837 2163 1885 contra
2205 1828 2295 1922 Dei

721 1919 1083 1998 fortitudinem
1127 1934 1406 2005 disputans
1449 1930 1649 1992 dicere,
1699 1924 1840 1996 quod
1888 1931 2088 1977 tantum
2131 1919 2298 1991 possit

724 2036 888 2100 Deus,
937 2037 1188 2103 quantum
1234 2026 1283 2082 ei
1313 2023 1378 2079 ad
1422 2018 1746 2094 operandam
1777 2015 2000 2072 materia
2029 2014 2296 2068 ministra-

721 2125 823 2180 rit!
869 2122 980 2178 Nec
1027 2118 1270 2188 intelligit
1313 2116 1468 2169 aliam
1509 2121 1748 2166 naturam
1775 2121 1892 2162 esse
1925 2105 2177 2160 factorum
2199 2142 2214 2166 ,
2245 2109 2300 2155 et

720 2217 878 2270 aliam
909 2215 1024 2283 ejus
1068 2212 1157 2283 qui
1201 2210 1370 2264 factor
1396 2215 1480 2261 est
1511 2207 1674 2270 Deus,
1709 2216 1882 2272 neque
1909 2214 2065 2271 posse
2095 2204 2297 2252 tantum

721 2309 866 2362 illam
897 2305 964 2360 de
992 2320 1095 2374 qua
1121 2300 1318 2372 aliquid
1349 2299 1429 2365 fit,
1463 2307 1716 2368 quantum
1742 2294 1789 2349 is
1812 2299 2007 2364 potest,
2033 2290 2120 2359 qui
2145 2303 2210 2342 ex
2235 2300 2298 2341 ea

724 2395 921 2466 aliquid
954 2395 1239 2449 fabricatur
1282 2409 1296 2445 :
1340 2391 1671 2446 diversarum
1715 2385 1858 2441 enim
1883 2379 2297 2452 substantiarum

722 2487 932 2542 diversa
961 2495 1043 2540 est
1071 2487 1236 2539 virtus
1262 2492 1423 2552 atque
1451 2479 1705 2535 conditio.

797 2577 884 2632 l9.
922 2576 1252 2645 Quapropter
1278 2573 1323 2628 si
1354 2571 1538 2625 volunt
1567 2585 1687 2624 eum
1711 2563 1950 2621 Ecclesia
1973 2559 2300 2618 dominicum

727 2669 928 2725 Pascha
963 2667 1254 2731 celebrare,
1295 2662 1385 2732 qui
1420 2657 1722 2715 auctoritati
1762 2655 2153 2724 Scripturarum
2179 2649 2300 2702 Ori-

724 2760 874 2830 genis
920 2758 1208 2827 prmferunt
1250 2753 1634 2815 deliramenta,
1665 2746 1881 2801 audiant
1925 2744 2298 2798 inclamantem

723 2850 889 2904 Deum
919 2865 932 2902 :
961 2845 1026 2900 Et
1059 2862 1162 2900 non
1199 2843 1397 2899 ostendi
1422 2841 1514 2896 illa
1542 2839 1631 2893 tibi
1657 2847 1708 2891 ut
1735 2834 2020 2916 ambulares
2057 2841 2167 2904 post
2197 2848 2254 2886 ea
2282 2847 2302 2886 :

721 2941 800 2994 Ac
830 2935 1148 3008 Prophetam
1179 2931 1598 3005 lacrymabiliter
1646 2933 2074 2983 commoneutcm
2122 2939 2136 2975 :
2189 2918 2233 2975 0
2272 2936 2301 2974 ο

721 3030 882 3101 fugite
909 3028 971 3081 de
1000 3037 1133 3081 terra
1158 3023 1442 3094 Aquilonis,
1471 3020 1604 3076 dicit
1631 3017 1886 3074 Dominus
1904 3057 1919 3081 ,
1944 3015 2063 3086 quia
2104 3029 2135 3066 α
2172 3026 2300 3082 qua-

724 3131 840 3174 tuor
863 3120 1022 3173 ventis
1051 3116 1363 3189 congregabo
1388 3130 1496 3177 vos,
1523 3113 1577 3166 in
1607 3112 1735 3166 Sion
1784 3107 2071 3173 salvamini,
2095 3103 2180 3175 qui
2205 3103 2302 3156 Ιιαο

723 3209 891 3264 bitatis
915 3209 1074 3276 ﬁliam
1097 3204 1374 3276 Babylonis
1401 3201 1586 3274 (Zaclt.
1609 3199 1690 3272 2).
1715 3199 1786 3255 Ut
1807 3197 2006 3254 erroris
2033 3194 2296 3261 tenebras,

721 3298 993 3370 frigusque
1039 3295 1354 3366 ignorantizn
1397 3293 1783 3362 relinquentes,
1831 3289 1901 3344 ad
1947 3296 2122 3343 ortum
2173 3288 2302 3343 solis

718 3389 959 3458 justitize,
985 3385 1156 3455 juncti
1183 3398 1460 3453 magorum
1491 3382 1685 3436 studiis
1708 3387 2106 3444 convertantur,
2139 3386 2192 3433 et
2216 3378 2300 3432 in-

725 3479 1027 3534 habitantes
1045 3474 1418 3530 calidissimam
1437 3473 1640 3541 plagam
1657 3470 1801 3537 ceeli,
1828 3484 1946 3538 qua:
1976 3467 2030 3521 in
2059 3467 2302 3537 Scriptu-

725 3585 905 3625 rarum
937 3569 1145 3622 fervore
1165 3565 1412 3628 sentitur,
1484 3564 1646 3635 603
1719 3571 1959 3632 pastores
1979 3562 2303 3618 ecclesiasti-

725 3677 847 3726 cos,
872 3670 1048 3731 spreta
1070 3658 1317 3729 Origenis
1344 3656 1601 3721 amentia,
1619 3653 1979 3718 sciscitentur,
2001 3660 2056 3706 et
2079 3653 2256 3707 dicant
2286 3670 2302 3707 :

729 3752 826 3810 Ubi
878 3763 950 3807 est
992 3752 1078 3822 qui
1119 3759 1272 3805 natus
1315 3757 1387 3803 est
1433 3762 1523 3801 rex
1548 3742 1851 3799 Judteorum
1879 3741 2095 3813 (Matth.
2125 3742 2179 3797 2.
2207 3741 2303 3814 2)?

726 3844 855 3901 Cum
901 3844 1047 3897 illum
1098 3840 1398 3896 invenerint
1439 3839 1706 3908 jaccntem
1752 3834 1806 3888 in
1835 3834 2083 3904 praesepi,
2117 3832 2303 3886 humili

725 3935 972 3989 videlicet
999 3933 1212 4002 eloquio
1248 3930 1664 3999 Scripturarum,
1699 3923 1925 3978 oll'erant
1946 3920 2039 3996 [aL
2063 3919 2302 3994 o/ferunt]

725 4029 773 4084 ei
830 4043 1038 4090 aurum,
1083 4033 1136 4080 et
1166 4025 1309 4089 thus,
1341 4031 1396 4076 et
1423 4021 1695 4092 myrrham
1727 4034 1741 4072 :
1773 4015 1826 4071 id
1855 4024 1956 4081 est,
1989 4014 2147 4068 ﬁdem
2176 4029 2302 4084 pro.

725 4117 925 4179 batam,
957 4124 1010 4167 et
1057 4113 1200 4166 omni
1244 4110 1486 4165 veritatis
1514 4106 1801 4177 splendore
1830 4105 2141 4176 fulgentem,
2170 4119 2304 4159 con-

728 4205 1149 4272 versationisquc
1188 4199 1515 4256 beneolentis
1543 4196 1908 4267 fragrantiam,
1940 4204 1994 4251 et
2020 4195 2303 4249 contineo-

730 4294 878 4356 tiam,
910 4292 1092 4345 luxum
1123 4289 1430 4358 voluptatis,
1459 4297 1513 4342 et
1541 4286 1805 4341 ﬂuitantia
1835 4286 2012 4340 carnis
2037 4285 2305 4339 incentiva

729 4385 1038 4446 siceantem.
1088 4380 1189 4446 Qui
1237 4380 1376 4434 enim
1424 4387 1546 4448 post
1571 4377 1790 4433 crebras
1816 4373 2302 4440 commonitiones,

728 4471 1103 4528 ecclesiastica:
1135 4469 1256 4523 fidei
1285 4467 1677 4530 contradicunt,
1703 4465 1903 4535 duplici
1931 4465 2187 4534 languore
2211 4463 2307 4518 de-

729 4562 985 4624 tinentur,
1016 4559 1282 4630 nequitia,
1310 4565 1362 4611 et
1384 4553 1670 4623 imperitia,
1701 4554 1829 4608 etin
1854 4568 2056 4607 morem
2081 4567 2304 4620 serpen-

727 4661 840 4707 tum
872 4650 968 4706 toti
997 4649 1063 4703 ad
1095 4657 1308 4702 terrena
1338 4642 1604 4710 conversi,
1636 4641 2078 4710 adliaerentesque
2117 4641 2301 4706 humo,

725 4742 881 4797 bonis
928 4739 1064 4794 mala
1111 4735 1423 4808 prmferunt,
1456 4747 1556 4787 nec
1585 4740 1866 4797 noverunt,
1897 4746 2014 4799 qua:
2054 4731 2123 4784 sit
2151 4730 2304 4785 diffe-

725 4833 899 4890 rentia
943 4831 1196 4886 vitiorum
1239 4835 1398 4897 atque
1423 4825 1700 4889 virtutum,
1730 4830 1787 4877 et
1813 4820 1881 4876 de
1924 4820 2121 4875 sanctis
2165 4820 2308 4876 Scri-

727 4927 898 4998 pturis
928 4923 981 4977 in
1011 4915 1797 4989 correptionem,etsanitatem
1820 4912 1900 4967 sui
1919 4911 2305 4966 medicamenta

726 5023 1100 5078 contemnunt,
1142 5013 1196 5068 in
1237 5026 1442 5067 morem
1468 5007 1850 5080 prazgnantium
1878 5004 2181 5068 mulierum,
2212 5017 2306 5058 vc-

726 5107 903 5162 ritatis
946 5105 1158 5159 fastidia
1198 5103 1523 5159 sustinentes
1551 5141 1565 5168 ,
1613 5113 1732 5170 qua:
1789 5099 1976 5154 solitos
2023 5099 2171 5156 cibos
2217 5113 2306 5154 re-

722 5206 947 5268 spuunt,
974 5206 1029 5252 et
1057 5197 1214 5252 noxia
1239 5209 1462 5265 quaeque
1489 5201 1796 5258 sectantur;
1826 5206 1926 5247 nec
1964 5192 2144 5247 valent
2186 5206 2307 5246 con-

727 5295 807 5342 tra
858 5285 1102 5340 veritatis
1153 5285 1332 5340 radios
1378 5284 1582 5338 cla-rum
1648 5282 1841 5336 anima:
1911 5281 2088 5335 lumen
2135 5281 2307 5335 inten-

725 5375 893 5431 dere:
921 5373 1278 5442 despicientes
1319 5373 1734 5429 ecclesiasticam
1771 5371 2130 5442 disciplinam,
2154 5370 2306 5440 quasi

725 5465 875 5531 porci
918 5463 1224 5518 volutantur
1249 5465 1300 5518 in
1329 5477 1514 5529 emno,
1549 5470 1605 5518 et
1629 5471 1899 5532 unguenta
1928 5469 2298 5516 contemnunt.

727 5547 834 5602 Sed
857 5549 1059 5618 justum
1087 5561 1190 5620 est,
1222 5564 1277 5607 ut
1301 5552 1490 5607 saltem
1536 5552 1605 5608 de
1646 5553 1906 5621 exemplis
1956 5568 2073 5621 qua:
2121 5551 2304 5606 inferi.

725 5649 850 5689 mus
896 5639 1154 5704 recipiant
1206 5644 1505 5697 sanitatem.
1537 5643 1687 5699 Sicut
1736 5643 1878 5697 enim
1925 5643 2081 5698 oculo
2131 5642 2335 5700 ofﬁcit.

1986 272 2227 332 SANCTI
2264 270 2637 334 HIERONYHI

2393 384 2672 456 lippitudo,
2720 392 2778 440 et
2825 391 2993 440 totum
3037 399 3230 454 corpus
3273 383 3651 456 depopulatur
3693 384 3901 452 febris,
3938 408 3992 444 ις

2393 489 2605 544 quoque
2643 482 2697 528 et
2723 473 2920 529 ferrum
2967 475 3216 545 paulatim
3246 475 3438 546 rubigo
3465 475 3785 542 consumit,
3821 477 3896 530 ita
3916 480 3990 533 do.

2391 573 2625 634 gmatnm
2652 579 3027 634 perversorum
3059 565 3356 635 perniciosa
3384 567 3651 636 contagio
3692 568 3987 622 animarum

2392 653 2774 725 negligentium
2818 654 3270 725 pulchritudinem
3311 655 3498 721 violat,
3549 666 3610 711 et
3639 657 3987 714 deformius

2393 741 2489 814 [aL
2535 741 2642 816 eos]
2687 743 3087 800 mendaciorum
3137 747 3340 815 pallore
3379 745 3690 816 perfundit.
3724 745 3983 812 Obsecro,

2394 831 2617 899 fratres,
2668 843 2726 888 ut
2757 833 3048 905 ignoscatis
3083 835 3256 891 dolori
3287 851 3428 903 meo,
3460 838 3773 892 sceleratas
3803 838 3982 894 doctri-

2392 939 2490 979 nas
2519 925 2572 979 in
2599 926 2832 981 medium
2861 926 3174 997 proferenti.
3204 927 3352 983 Licet
3377 931 3522 983 enim
3555 944 3660 998 per
3687 929 3981 999 Babyloni:

2394 1015 2611 1071 llumina
2643 1018 3030 1084 transierimus,
3066 1029 3125 1073 ut
3152 1021 3393 1089 captivos
3413 1019 3619 1075 ibidem
3645 1031 3980 1074 cammare:-

2397 1115 2476 1161 tes
2516 1106 2583 1161 ad
2623 1107 2968 1163 festivitatem
3013 1108 3308 1164 Jerusalem
3353 1125 3583 1179 pergere
3611 1111 3977 1174 suaderemus,

2397 1205 2575 1250 tamen
2605 1189 2975 1252 misericordia
3009 1199 3106 1252 Dei
3136 1199 3236 1268 ipsi
3266 1200 3638 1268 Captivitatem
3677 1217 3795 1254 non
3826 1206 3979 1256 sensi-

2397 1301 2538 1354 mus,
2580 1289 2854 1358 prosperis
2881 1290 3054 1344 ventis
3086 1287 3479 1359 Scripturarum
3510 1291 3634 1344 vela
3671 1293 3979 1360 pandentes.

2397 1378 2505 1434 Nec
2532 1379 2828 1434 obruerunt
2854 1396 2951 1434 nos
2979 1379 3238 1435 doctrinae
3269 1381 3538 1436 bmreticse
3572 1385 3831 1452 gurgites
3860 1385 3978 1437 into.

2397 1481 2718 1536 mescentes,
2748 1488 2849 1528 nec
2889 1473 3289 1528 mendaciorum
3320 1482 3622 1544 tempestas
3657 1477 3879 1540 terruit,
3904 1494 3978 1530 ne.

2399 1577 2502 1629 que
2532 1571 2796 1616 torrentes
2825 1563 3120 1632 iniquitatis
3145 1565 3197 1617 in
3229 1565 3406 1618 medio
3430 1579 3625 1618 eorum
3658 1567 3863 1634 pelago
3885 1582 3976 1634 per-

2401 1661 2694 1716 traxerunt,
2734 1652 2824 1706 ubi
2858 1653 3009 1722 juxta
3054 1653 3392 1708 Psalmistam
3419 1664 3747 1721 canentem,
3781 1655 3975 1723 Reptiiis

2398 1759 2610 1812 quorum
2635 1760 2734 1797 non
2762 1755 2835 1798 est
2862 1760 3100 1798 numerus
3125 1743 3242 1818 (Ps.
3268 1745 3391 1800 105.
3419 1745 3534 1817 25),
3575 1754 3637 1799 et
3681 1747 3863 1800 Draco
3888 1746 3974 1800 dis-

2397 1834 2554 1888 bolus
2580 1844 2998 1900 commorantur,
3025 1835 3508 1889 venenatissimum
3538 1836 3759 1888 animal
3792 1847 3973 1890 Sancto

2400 1940 2518 1980 rum
2557 1926 2757 1980 lusibus
2805 1935 2991 1995 patens
3034 1943 3048 1978 :
3122 1923 3286 1996 604
3354 1939 3477 1990 nec,
3508 1934 3568 1978 ut
3597 1937 3807 1980 cuncta
3858 1926 3972 1978 brevi

2401 2031 2650 2071 sermone
2673 2015 3012 2082 concludam,
3046 2029 3112 2069 ex
3141 2015 3285 2069 omni
3316 2023 3469 2083 parte
3499 2024 3805 2068 ventorum
3840 2015 3972 2068 ﬂabra

2400 2106 2775 2176 consurgcntia
2796 2106 3214 2161 ecclesiasticam
3238 2119 3431 2158 navem
3454 2105 3788 2161 subvertere
3815 2118 3972 2176 potue-

2401 2207 2544 2261 runt,
2575 2207 2629 2251 et
2667 2197 2965 2251 studiorum
3011 2204 3318 2251 nostrorum
3360 2210 3509 2249 saevo
3541 2197 3770 2252 turbine
3796 2199 3973 2266 operire

2402 2291 2706 2360 remigium.
2740 2290 2806 2343 Et
2834 2304 2952 2343 cum
2979 2286 3256 2343 Salvatore
3284 2287 3535 2351 Domino,
3569 2288 3758 2342 instar
3783 2289 3972 2358 discipu-

2402 2380 2575 2434 lorum
2609 2380 2774 2444 illius,
2818 2379 3132 2448 navigantes
3161 2377 3663 2441 transfretavimus,
3713 2389 3776 2432 et
3803 2388 3968 2448 portum

2402 2471 2596 2539 quietis
2640 2470 2925 2534 intrantes,
2959 2468 3374 2538 pulcherrimum
3404 2467 3735 2523 divinorum
3781 2470 3966 2524 volamio

2403 2577 2530 2616 num
2591 2560 2738 2614 littus
2802 2559 3212 2629 amplectimur;
3264 2559 3441 2613 varios
3491 2572 3806 2629 carpentes
3852 2562 3967 2616 ﬂores

2403 2651 2664 2715 scientize,
2692 2658 2747 2704 et
2775 2649 2926 2704 nivea
2955 2648 3195 2704 membra
3222 2648 3498 2718 sapientia:
3531 2653 3760 2718 pressis
3792 2653 3964 2722 figentes

2404 2741 2478 2814 (a)
2506 2742 2723 2807 osculis,
2754 2741 2806 2795 in
2834 2741 2952 2810 ejus
2974 2740 3240 2795 haeremus
3265 2740 3634 2809 amplexibus.
3668 2752 3730 2797 et
3758 2745 3807 2797 si
3836 2744 3964 2798 Domi-

2404 2850 2503 2888 nus
2531 2834 2878 2898 concesserit,
2911 2833 3152 2886 viventes
3179 2847 3300 2886 cum
3326 2847 3423 2898 ea,
3450 2840 3508 2887 et
3538 2835 3595 2886 in
3633 2835 3792 2890 illius
3822 2852 3957 2904 persc-

2403 2934 2648 2978 verantes
2665 2939 2867 2988 amore,
2882 2923 3215 2978 cantabimus
3232 2941 3244 2978 ;
3268 2925 3478 2977 Amator
3494 2925 3574 2994 {ui
3600 2927 3963 2994 pulchr-itinde.)

2405 3016 2514 3085 ejus
2543 3013 2696 3086 (Sap.
2729 3012 2804 3085 8).
2847 3013 3122 3083 Quotquot
3167 3015 3309 3067 enim
3336 3013 3663 3084 diligentius
3694 3015 3962 3086 Scriptum

2405 3112 2616 3159 sanctas
2659 3103 2860 3172 legunt,
2904 3111 2959 3158 et
2996 3117 3092 3172 per
3136 3103 3274 3172 picta
3319 3115 3645 3157 sermonum
3701 3106 3964 3161 calcati-im

2407 3205 2557 3268 prata
2599 3194 2925 3258 discurrunt,
2977 3193 3076 3248 hac
3118 3191 3443 3248 beatitudine
3489 3193 3860 3262 perfruuntur
3897 3194 3961 3268 [aL

2407 3285 2772 3360 perfruentur].
2818 3285 2918 3353 Qui
2959 3293 3136 3340 autem
3168 3283 3536 3354 relinquentes
3580 3284 3877 3341 dominica:
3903 3301 3965 3339 so-

2407 3377 2696 3432 lemnitatis
2733 3376 2987 3439 virorem,
3016 3373 3082 3429 ad
3109 3374 3320 3429 deserta
3352 3375 3782 3444 transcendunt,
3810 3377 3861 3434 in
3881 3392 3964 3431 mo-

2406 3483 2518 3524 rem
2549 3467 2758 3520 urbium
2800 3481 2920 3535 qu:e
2946 3465 3146 3536 absque
3171 3479 3325 3519 muro
3350 3473 3499 3534 sunt,
3535 3465 3779 3524 hostiles
3805 3469 3963 3525 daemo-

2407 3573 2533 3613 num
2562 3557 2789 3626 impetus
2815 3557 3096 3611 sustinent.

2477 3647 2568 3703 20.
2609 3647 2942 3716 Quapropter
2987 3647 3319 3701 imminentia
3349 3645 3481 3702 festa
3509 3649 3881 3719 celebrantes,
3903 3654 3960 3706 in.

2408 3743 2706 3812 telligamus
2752 3753 2804 3798 et
2841 3745 3222 3814 nosmetipsos,
3263 3755 3319 3799 et
3362 3746 3625 3799 universa
3665 3762 3790 3816 qnze
3819 3758 3960 3800 nostra

2407 3843 2560 3900 sunt;
2603 3835 3006 3904 scientiamque,
3049 3845 3101 3890 et
3127 3834 3200 3907 (ὁ)
3227 3835 3603 3890 rationabilem
3633 3838 3870 3892 animam
3897 3855 3962 3889 ηιμ

2407 3933 2596 3990 stram,
2627 3926 2779 3995 quasi
2808 3934 3054 3993 matrem,
3083 3926 3226 3980 omni
3253 3926 3428 3980 studio
3463 3927 3866 3996 amplexcmur,
3896 3928 3963 3981 ha-

2408 4017 2596 4072 bentes
2622 4017 2853 4071 radicem
2875 4017 3157 4080 sermonis,
3185 4027 3342 4085 atque
3373 4018 3600 4071 rationis
3628 4021 3872 4074 scientia:
3897 4034 3963 4071 no—

2409 4109 2604 4162 tionem
2634 4147 2647 4171 ,
2701 4123 3004 4163 sermonem
3051 4118 3250 4173 autem,
3305 4116 3363 4162 ut
3416 4109 3486 4162 ita
3542 4109 3773 4176 dicam,
3822 4110 3964 4181 operi<

2409 4199 2750 4254 vestibulum.
2782 4200 2948 4255 Porro
2974 4216 3109 4268 opus
3138 4200 3402 4254 sermonis
3430 4208 3487 4255 et
3512 4201 3769 4256 scientia:
3789 4200 3965 4257 mdifieii

2410 4289 2480 4363 (ε)
2510 4298 2644 4344 tecta
2678 4290 2932 4360 perfecta,
2962 4299 3016 4346 et
3043 4291 3406 4345 firmissimum
3433 4291 3632 4346 domus
3659 4295 3874 4348 culmen
3895 4295 3968 4345 im-

2409 4384 2660 4452 positum.
2705 4383 2894 4436 Sermo
2923 4385 3088 4447 enim,
3136 4393 3189 4437 et
3217 4383 3372 4447 ratio,
3403 4392 3460 4437 et
3488 4385 3743 4450 scientia,
3775 4395 3830 4439 et
3866 4383 3970 4437 tiles

2409 4473 2610 4542 absque
2654 4487 2816 4542 opere
2861 4487 3013 4527 cassa
3057 4482 3181 4528 sunt
3210 4481 3265 4527 et
3293 4473 3586 4527 instabilia.
3619 4474 3691 4528 Et
3716 4485 3776 4528 ut
3801 4474 3970 4543 aliquid

2411 4572 2628 4633 propter
2654 4578 2769 4629 eos,
2807 4565 2895 4634 qui
2935 4563 3230 4618 dialecticis
3255 4564 3461 4618 artibus
3487 4565 3721 4619 instituti
3753 4577 3896 4631 sunt,
3924 4580 3972 4618 ex

2409 4654 2500 4708 illa
2540 4653 2780 4708 doctrina
2827 4654 3102 4708 videamur
3127 4669 3436 4718 assumere;
3468 4670 3575 4724 quo
3605 4657 3775 4710 modo
3802 4659 3849 4712 si
3877 4672 3970 4710 ver-

2409 4742 2536 4796 bum
2565 4744 2764 4796 nomini
2793 4743 3197 4813 conjungamus,
3229 4743 3495 4813 perfectus
3519 4759 3714 4800 sensus
3738 4747 3969 4805 efﬁcitur,

2409 4834 2754 4903 verbumque,
2785 4835 2828 4889 si
2857 4833 3030 4889 solum
3061 4835 3237 4901 fuerit,
3269 4842 3361 4889 aut
3406 4849 3592 4889 nomen
3635 4837 3762 4888 sine
3791 4839 3968 4891 verbo.

2411 4925 2543 4980 nihil
2589 4935 2671 4980 est
2713 4926 2930 4980 omnino
2977 4925 3118 4995 quod
3170 4925 3395 4992 dicitur;
3425 4927 3503 4980 sic
3529 4925 3760 4982 scientia
3787 4927 3972 4995 absque

2411 5030 2592 5084 opere,
2622 5022 2676 5070 et
2703 5030 2837 5086 opus
2867 5017 2981 5072 sine
3011 5017 3115 5071 fide
3141 5017 3344 5070 infirma
3374 5026 3498 5072 sunt
3522 5025 3578 5071 ct
3601 5017 3812 5073 caduca
3838 5028 3970 5078 :et,e

2411 5108 2700 5174 contrario,
2748 5107 2972 5163 scicntia
3017 5108 3166 5178 operi
3207 5108 3452 5187 copulata
3493 5107 3755 5177 perfectae
3785 5111 3966 5165 virtutis

2473 5283 2546 5347 (a)
2579 5282 2638 5332 In
2660 5287 2820 5347 textu,
2844 5280 2996 5347 oculis
3013 5319 3026 5344 ,
3056 5283 3108 5331 in
3138 5284 3326 5347 paginae
3345 5280 3472 5347 (albo
3495 5285 3607 5331 erat
3627 5282 3816 5334 osculis
3833 5319 3847 5342 ,
3869 5279 3966 5343 quod

2410 5341 2664 5406 recipere,
2704 5345 2864 5406 priore
2904 5341 3020 5406 illo,
3064 5341 3559 5406 quod'certissimum
3601 5350 3686 5406 est
3728 5341 3966 5394 mendum.

2410 5402 2572 5468 amoto
2587 5440 2602 5464 ,
2628 5402 2722 5452 non
2738 5402 3095 5468 dubitavimus;
3115 5404 3184 5452 Ac
3207 5406 3369 5468 statim
3394 5411 3502 5468 erat
3523 5402 3577 5453 in
3598 5404 3673 5455 eis
3694 5443 3710 5465 ,
3732 5405 3863 5468 quod
3882 5418 3969 5454 coa-

2411 5467 2601 5517 cinnius
2621 5479 2678 5514 ac
2697 5468 2866 5516 verius
2888 5478 2949 5513 ex
2972 5465 3031 5514 Β.
3056 5465 3114 5512 Ρ.
3139 5466 3429 5514 mutavimus
3448 5466 3501 5516 in
3523 5478 3652 5520 eius.

2475 5529 2545 5588 (D)
2581 5527 2637 5576 In
2657 5528 2714 5576 Β.
2739 5527 2797 5575 Ρ.
2821 5525 3100 5575 rationalem
3122 5538 3134 5573 :
3160 5533 3212 5588 et
3233 5537 3370 5584 mox,
3395 5523 3585 5588 cristatis
3604 5527 3803 5580 studiis.

2477 5586 2545 5660 (a)
2582 5587 3120 5660 Emenganduminnuit
3141 5586 3199 5660 ad
3222 5599 3352 5660 oram
3387 5588 3503 5660 libri
3525 5587 3690 5639 editor
3714 5589 3776 5639 Β.
3804 5589 3859 5640 Ρ.
3883 5599 3970 5650 ptr-

2411 5645 2625 5714 ficit'pro
2644 5649 2856 5712 perfecta
2875 5685 2889 5707 ,
2914 5655 2965 5697 et
2987 5646 3183 5710 imponit
3205 5659 3291 5710 pro
3313 5645 3607 5709 impositum.
