4054 6192
57 289 145 346 109

64 403 300 457 ndicium
348 410 450 457 est.
500 400 679 456 Tacita
708 400 906 470 quippe
932 400 1092 454 animi
1119 400 1370 470 cogitatio
1396 415 1622 456 arcanus

58 496 162 562 :jus
187 504 272 549 est
295 507 493 557 sermo,
519 491 594 565 (a)
622 505 739 560 qua:
764 505 860 560 per
884 489 1119 561 linguam
1152 490 1447 547 forinsecus
1477 506 1627 547 reso-

57 598 204 648 ians,
234 581 437 652 profert
458 581 649 635 mentis
675 580 1014 636 sententiam.
1044 580 1283 650 Cumque
1308 594 1489 635 sermo
1512 580 1625 635 fue-

57 676 116 727 -it
144 689 312 743 opere
354 682 775 738 consummatus,
805 673 1043 727 scientia:
1072 682 1127 727 et
1173 673 1484 742 cogitationi
1528 689 1626 727 no-

57 773 175 817 stra:
206 763 328 817 finis
349 762 660 830 imponitur.
694 762 855 831 Atqui
879 763 1236 832 cogitationis,
1264 771 1319 817 et
1339 763 1625 830 sermunis,

57 861 97 906 2t
127 853 309 920 operis
334 850 620 906 reddemus
648 852 912 905 rationem
938 852 988 904 in
1010 851 1233 920 judicio,
1260 851 1628 906 accusantibus

57 957 103 995 te
133 942 362 994 invicem
407 941 817 1010 cogitatioaibus
878 940 1047 1011 >605
1127 941 1325 995 nostris
1353 979 1368 1005 ,
1402 940 1514 994 sive
1540 940 1631 993 dc-

57 1030 409 1093 cndentibus,
444 1031 497 1084 in
527 1030 613 1085 die
635 1046 735 1100 qua
767 1030 1101 1098 iudicaturus
1124 1038 1209 1085 est
1238 1031 1377 1085 Deus
1404 1032 1630 1083 abscon-

58 1123 153 1175 lita
210 1122 510 1186 hominum,
555 1138 650 1191 per
689 1121 876 1177 Jesum
920 1122 1191 1177 Christum
1236 1122 1377 1176 sicut
1435 1121 1631 1175 Paulus

57 1212 341 1281 \postolus
370 1212 581 1265 scribit.

113 1304 212 1357 2|.
255 1304 407 1368 Quod
430 1319 558 1357 cum
604 1304 675 1357 ita
720 1303 812 1369 sit,
857 1304 1319 1373 apprOpiuquante
1344 1302 1630 1358 festivitate

57 1395 285 1457 )omini,
331 1395 571 1448 dicamus
600 1394 735 1459 istis,
780 1409 914 1463 quos
936 1393 1183 1463 Origenis
1213 1410 1364 1448 error
1388 1392 1629 1456 involvit,

58 1497 96 1540 ξι
143 1484 503 1538 fraudulentia
533 1485 773 1553 captivos
804 1493 950 1539 tenet
983 1502 996 1537 :
1032 1484 1219 1554 Fugite
1244 1485 1306 1538 de
1331 1484 1495 1538 medio
1524 1483 1632 1537 Bu-

58 1576 269 1645 iglonis,
301 1584 348 1627 et
379 1576 625 1628 resaluate
654 1574 991 1643 unusquisque
1009 1575 1232 1627 animam
1251 1590 1395 1627 suam
1417 1572 1629 1646 (Ierem.

58 1668 160 1735 Si).
194 1664 447 1732 Quamvis
467 1664 608 1717 enim
633 1663 786 1731 juxta
810 1663 1120 1717 vaticinium
1151 1664 1445 1732 prophetae,
1462 1662 1633 1732 Baby-

57 1759 135 1809 You
181 1756 319 1809 calix
365 1770 547 1808 aureus
590 1767 710 1809 esse
757 1752 989 1816 dicatur,
1037 1762 1093 1807 et
1140 1754 1529 1823 compositione
1571 1768 1634 1807 ac

57 1854 236 1916 lepore
265 1846 570 1910 verborum,
602 1844 842 1899 veritatis
885 1842 1335 1911 pulchritudinem
1362 1841 1628 1911 praal'erat,

57 1951 107 1995 et
136 1941 480 2009 transﬁguret
509 1952 569 1992 se
608 1938 663 1992 in
709 1936 969 2006 Angelum
1006 1935 1143 1990 lucis
1184 1952 1198 1987 :
1236 1942 1418 1987 tamen
1464 1934 1634 1987 scien-

58 2033 179 2085 Jum
206 2071 220 2095 ,
252 2031 394 2099 quod
437 2031 754 2099 quicumque
799 2028 989 2082 bibunt
1031 2027 1098 2082 de
1137 2025 1260 2080 vino
1296 2026 1473 2091 illius,
1522 2038 1636 2078 mo-

57 2132 251 2177 ventur
292 2130 348 2176 et
391 2129 665 2185 corruunt,
720 2128 775 2176 et
814 2118 1031 2174 contriti
1081 2115 1461 2171 lamentatione
1511 2124 1636 2169 sunt

57 2213 224 2281 digni.
269 2212 379 2266 Nos
419 2221 595 2266 autem
638 2209 928 2264 mortiferis
973 2207 1461 2277 perturbationibus
1500 2207 1634 2260 resi-

57 2311 283 2365 stentes,
324 2315 480 2354 muro
508 2298 849 2354 continentia:
892 2298 1154 2351 valleinus
1193 2296 1451 2360 animam,
1493 2304 1547 2348 et
1576 2296 1638 2347 li-

57 2394 320 2447 bertatem
372 2390 512 2444 illius
571 2388 876 2459 quotidiana
933 2387 1191 2441 virtutum
1251 2383 1638 2440 exercitatione

57 2493 325 2538 tueamur.
356 2481 506 2535 Sicut
532 2482 674 2535 enim
705 2478 899 2533 venditi
924 2478 1086 2541 servi,
1111 2492 1299 2531 eorum
1321 2476 1412 2545 qui
1435 2490 1532 2545 pro
1558 2474 1637 2528 eis

57 2572 260 2626 dedere
290 2572 539 2639 pretium,
570 2578 623 2624 et
650 2568 832 2621 famuli
879 2576 934 2620 et
974 2566 1297 2619 verberones
1334 2574 1593 2617 vocantur
1621 2580 1635 2615 :

57 2664 131 2716 ita
160 2661 248 2730 qui
287 2661 489 2713 animas
516 2672 643 2713 suas
676 2657 841 2710 variis
868 2655 1160 2711 vendidere
1201 2652 1505 2717 desideriis,
1535 2651 1638 2705 ho-

57 2768 203 2817 rum,
253 2749 445 2820 quibus
495 2764 555 2803 se
584 2747 920 2809 tradiderint,
955 2745 1134 2799 famuli
1167 2750 1556 2812 nuncupantur,
1586 2750 1643 2796 et

58 2842 214 2911 quasi
236 2840 542 2894 crudelibus
568 2838 826 2893 obediunt
849 2836 1099 2891 dominis.
1126 2835 1365 2903 Cumque
1384 2840 1437 2887 et
1458 2847 1642 2888 emen-

58 2935 277 2987 datores
306 2932 505 2987 erroris
533 2930 613 2984 sui
655 2929 821 2999 rigida
853 2927 1030 2983 fronte
1070 2934 1439 2990 contemnant,
1469 2932 1640 2978 teme-

60 3024 225 3079 ritate
256 3022 534 3076 stultitiam
563 3019 934 3082 defendentes,
968 3019 1235 3087 ignorant,
1261 3015 1399 3086 quod
1421 3014 1642 3069 audacia

60 3116 201 3169 nihil
232 3116 301 3168 sit
331 3113 497 3178 aliud,
532 3120 590 3165 ut
632 3110 763 3164 mihi
792 3111 1008 3179 quidem
1041 3109 1270 3174 videtur,
1311 3108 1412 3161 nisi
1442 3107 1644 3174 absque

58 3220 226 3260 sensu
270 3212 323 3257 et
360 3201 683 3270 cogitatione
724 3200 1012 3264 sententia,
1064 3197 1247 3267 procul
1296 3211 1327 3249 a
1368 3210 1428 3250 se
1456 3194 1647 3264 fugans

58 3297 478 3367 gubernatorem
510 3291 972 3361 perturbationum
1000 3289 1261 3342 animum.
1293 3287 1531 3355 Cumque
1554 3286 1646 3339 tali

60 3386 230 3442 fuerit
256 3384 581 3452 conspoliata
622 3381 801 3435 anima
843 3378 1113 3449 prmsidio,
1161 3392 1399 3447 princeps
1436 3378 1489 3433 in
1518 3391 1648 3447 pro-

60 3477 292 3532 fundum
319 3474 486 3528 fertur
516 3472 827 3541 impietatis,
857 3479 914 3525 et
957 3470 1109 3539 quasi
1153 3468 1381 3539 quodam
1425 3470 1649 3523 amaris-

61 3571 209 3623 simo
253 3565 533 3620 rheumata
577 3563 755 3618 lumen
800 3561 999 3616 mentis
1028 3560 1299 3626 obscurat,
1330 3560 1648 3629 oculumquc

60 3658 209 3725 ejus,
240 3654 528 3709 secundum
569 3653 836 3722 eloquium
879 3649 1295 3721 Scripturarum,
1326 3650 1647 3705 intractabili

58 3748 411 3803 tenebrarum
438 3754 596 3800 nocte
620 3743 938 3799 circumdat.

141 3838 235 3891 22.
282 3835 431 3892 Unde
477 3836 566 3905 qui
602 3834 850 3903 Origenis
877 3832 1151 3888 erroribus
1179 3831 1535 3897 delectantur,
1571 3830 1650 3885 fe-

62 3927 327 3983 stivitatis
354 3925 642 3979 dominicae
667 3939 773 3975 non
800 3931 1018 3990 sperent
1048 3921 1311 3990 prteconia
1356 3937 1370 3974 :
1412 3935 1513 3974 nec
1552 3936 1654 3972 un-

58 4026 291 4087 guenta,
314 4028 526 4075 aurum,
552 4021 607 4066 et
631 4012 946 4080 margaritas
968 4018 1212 4079 quarrant
1238 4011 1290 4064 in
1317 4010 1451 4074 luto,
1481 4026 1654 4077 neque

61 4116 303 4163 matrem
329 4117 481 4156 suam
510 4100 827 4165 Eeclesiam,
859 4115 977 4169 qua:
1005 4114 1099 4154 eos
1128 4101 1309 4168 genuit
1331 4110 1387 4154 et
1415 4101 1652 4165 nutrivit,

61 4202 122 4256 in
179 4194 386 4263 magnis
425 4190 500 4264 (ὁ)
541 4191 763 4245 urbibus
813 4190 1068 4256 lacerent,
1092 4190 1185 4259 qui
1224 4190 1509 4259 aliquando
1534 4205 1657 4260 pro-

60 4300 198 4360 pter
246 4284 392 4339 illum
442 4292 497 4337 et
569 4280 858 4349 discipulos
910 4281 1025 4347 ejus
1101 4281 1379 4351 gentilium
1441 4281 1493 4335 in
1560 4296 1658 4335 nos

62 4377 240 4449 θος
308 4374 429 4427 odia
487 4379 774 4441 superant,
823 4380 881 4425 et
933 4372 986 4423 in
1028 4370 1314 4426 dilectione
1363 4386 1547 4427 eorum
1601 4374 1655 4428 in

67 4482 178 4522 nos
216 4464 496 4518 maledicta
524 4462 921 4531 congeminant,
952 4461 1283 4531 divitumque
1307 4463 1556 4517 obsident
1581 4464 1658 4518 fo-

70 4572 187 4620 res,
240 4570 340 4609 nec
384 4554 571 4609 audire
598 4560 842 4607 metuunt
869 4566 991 4606 cum
1021 4550 1223 4606 Judaiis
1259 4573 1271 4607 :
1301 4551 1465 4607 Filios
1506 4556 1659 4624 genui

72 4656 124 4701 et
173 4643 411 4708 exaltari,
460 4644 560 4714 ipsi
601 4652 769 4695 autem
813 4657 891 4694 me
930 4649 1223 4710 spreverunt
1267 4639 1419 4713 (Isai.
1455 4641 1527 4714 1).
1556 4642 1654 4709 Qui

76 4736 212 4792 mihi
256 4735 499 4789 videntur
537 4732 863 4805 (c),nescire
910 4744 1070 4785 omne
1116 4732 1337 4786 verbum
1392 4732 1654 4797 veritatis,

77 4842 189 4883 non
221 4826 423 4880 habens
451 4823 874 4887 fundamentum,
909 4822 1013 4877 etsi
1041 4821 1108 4876 ad
1139 4822 1324 4876 horam
1351 4823 1654 4878 audientem

76 4915 332 4979 illexerit,
362 4923 420 4967 ut
446 4921 591 4982 putet
617 4927 799 4967 verum
829 4925 948 4967 esse
972 4911 1114 4982 quod
1140 4926 1244 4966 non
1271 4920 1374 4977 est,
1406 4913 1656 4982 paulatim

79 5004 327 5070 dissolvi,
352 5012 408 5057 et
435 5004 488 5055 in
516 5004 737 5057 nihilum
768 5003 972 5071 redigi;
1001 5005 1412 5074 universumque
1434 5015 1656 5060 senten-

143 5138 217 5198 (a)
250 5136 306 5198 In
329 5132 808 5198 Benedictin._qme,h
825 5134 1013 5198 scilicet
1032 5133 1274 5198 cogitatio.

143 5193 212 5259 (bj
250 5197 373 5259 Puta
408 5193 895 5259 Constantinopolim,
914 5196 996 5259 _ad
1027 5193 1171 5258 quam
1200 5196 1449 5245 civitatem
1475 5193 1654 5259 Orige-

74 5255 217 5312 nis‘tze
239 5256 594 5327 confugerant,
608 5255 1008 5327 quemadmodum
1029 5255 1179 5327 supra
1194 5262 1409 5327 notatum
1434 5264 1509 5327 est
1533 5255 1652 5327 ηςιὶξ.

76 5330 227 5383 atque
267 5313 409 5367 alibi:
438 5315 546 5383 Mox
582 5313 640 5364 in'
662 5315 719 5363 Β.
742 5316 802 5364 Ρ.
844 5313 1055 5378 legitur:
1090 5313 1180 5379 'qui
1217 5317 1477 5379 aliquando
1515 5317 1651 5379 milli,

75 5377 201 5431 nunc
226 5387 417 5442 propter
440 5377 577 5426 illum
595 5415 608 5431 .
636 5384 737 5442 _etc_.

139 5438 316 5504 (cilia
356 5438 950 5504 interpunctiouisvitiis,
986 5452 1099 5504 qua:
1133 5438 1318 5504 infinita
1352 5438 1652 5504 sustulimus,

76 5499 357 5572 neutiquam
384 5500 569 5572 lectore
590 5499 832 5572 admonito
849 5532 863 5554 ,
889 5499 1035 5572 unum
1062 5500 1176 5572 heic
1198 5508 1393 5563 praestat
1413 5501 1652 5572 indicare,

78 5572 128 5613 ut
152 5559 420 5627 perieulum
446 5561 606 5627 iacias.
647 5559 761 5608 Erat
793 5561 842 5609 in
876 5561 1022 5627 editis
1057 5561 1117 5609 ad
1153 5559 1281 5627 hunc
1315 5561 1507 5627 modum
1526 5561 1655 5627 {Otii

77 5620 191 5675 milii
226 5624 444 5674 ridentur
476 5620 668 5684 nescire,
693 5634 830 5684 urnae
850 5622 1048 5684 verbum
1070 5620 1283 5672 actitatis
1302 5656 1318 5684 ,
1358 5636 1448 5674 non
1472 5622 1652 5672 habens

75 5688 449 5739 ltuulwnrutum.
487 5681 585 5732 Etsi
605 5683 670 5732 ad
685 5681 856 5733 horam
868 5682 1164 5744 audientem,
1185 5690 1283 5732 etc.

1381 288 1705 347 EPISTOLA
1744 290 1972 350 XCVI".

3204 305 3311 362 8l0

1734 406 1880 471 tiam,
1911 421 2029 477 qum
2060 407 2111 461 in
2141 421 2341 465 morem
2365 412 2617 467 torrentis
2642 412 2710 468 de
2733 416 2959 482 pessima
2988 429 3166 476 mente
3188 437 3311 491 pro-

1731 492 2150 559 fertur,obruere
2167 508 2435 555 auctorem
2451 515 2604 555 suum
2626 520 2639 553 :
2659 511 2713 555 et
2734 503 2939 559 litteras
2950 508 3309 582 syllabasque,

1733 584 1926 652 quibus
1972 597 2087 641 erat
2133 598 2400 654 contexta,
2440 592 2782 660 perdentem,
2825 595 3028 664 absque
3070 613 3227 664 sensu
3257 613 3313 658 et

1732 684 1952 738 sono,et
1979 676 2080 730 ulla
2098 677 2325 746 imagine
2340 679 2657 751 derelinqui,
2680 690 2732 736 et
2757 662 3315 744 iustara'ctienatissi-

1733 762 1803 816 mi
1846 763 2050 818 colubri
2104 778 2381 834 percutere
2421 770 2748 838 prolatorem
2792 786 2969 838 suum,
3030 776 3315 845 statimque

1730 855 2007 910 retrahere
2054 868 2233 928 caput,
2281 868 2335 914 et
2373 862 2523 929 quasi
2552 864 2602 915 in
2636 863 2899 919 foramine
2934 868 3128 922 mentis
3168 871 3315 925 tabe-

1733 959 1884 999 scere
1908 955 2066 1015 atque
2094 949 2357 1002 consumi.
2390 949 2522 1003 Nam
2556 952 2957 1008 mendaciorum
2989 956 3111 1011 finis
3135 959 3319 1013 interi-

1736 1043 1821 1086 tus
1864 1044 1964 1088 est.
2022 1035 2100 1089 Illi
2146 1038 2236 1107 qni
2280 1039 2549 1108 quondam
2592 1042 2865 1111 iactabant
2907 1061 2965 1101 se
3013 1049 3318 1103 solitudinis

1733 1133 2020 1189 amatores,
2050 1126 2238 1180 saltem
2269 1129 2540 1195 parvulam
2569 1131 2633 1185 ad
2666 1134 2977 1189 occultanda
3010 1137 3313 1203 maledicta,

1734 1227 1897 1280 super
1941 1213 2079 1268 labia
2120 1215 2323 1271 furoris
2369 1219 2450 1272 sui
2499 1219 2766 1276 mdiﬁcent
2808 1224 3075 1293 cellulam,
3114 1242 3220 1281 non
3252 1230 3319 1282 de

1734 1306 1934 1358 sanctis
1960 1304 2256 1362 Jerusalem
2285 1309 2573 1379 lapidibus,
2603 1312 2697 1367 sed
2731 1314 3045 1373 informibus
3088 1319 3321 1390 Babylo-

1736 1395 1818 1479 n’is
1840 1395 2004 1462 saxis,
2034 1411 2153 1464 quae
2187 1398 2418 1454 indolata
2466 1409 2522 1455 et
2564 1402 2843 1472 inzequalia
2874 1407 3092 1461 ruitura:
3124 1406 3320 1463 domus

1738 1483 1969 1553 parietes
2002 1484 2239 1541 fulciant.
2271 1489 2583 1559 Quanquam
2613 1493 2929 1550 ell'eminatis
2954 1493 3030 1567 [1⁸.
3061 1495 3318 1570 efferatis]

1735 1574 1973 1639 auribus,
2006 1586 2060 1629 et
2088 1575 2377 1631 Gentilium
2400 1579 2537 1633 odiis
2557 1596 2615 1635 se
2640 1584 2806 1637 nostri
2827 1584 3155 1641 detractione
3173 1598 3320 1641 com-‘

1737 1664 2008 1730 mendent,
2060 1676 2341 1735 carpentes
2387 1670 2804 1726 ecclesiasticam
2851 1674 3221 1743 disciplinam,
3266 1687 3321 1730 et

1736 1753 1984 1820 patientia
2013 1762 2192 1806 nostra
2216 1755 2363 1822 quasi
2391 1756 2618 1824 quodam
2643 1759 2957 1814 temeritatis
2983 1760 3168 1818 fomite
3189 1763 3318 1816 abu-

1737 1851 1941 1907 tentes;
1974 1851 2149 1895 tamen
2176 1844 2460 1913 aliquando
2491 1855 2700 1901 taceant
2741 1857 2796 1902 et
2820 1848 3119 1918 quiescant,
3150 1860 3205 1906 et
3229 1867 3320 1905 au-

1735 1931 1881 1986 diant
1927 1932 2248 2002 Prophetam
2278 1933 2542 1989 dicentem
2574 1954 2587 1989 :
2619 1935 2843 1992 Prohibe
2868 1938 3098 2011 linguam
3124 1951 3260 1995 tuam
3290 1960 3322 1994 α

1676 2086 1679 2089 b
1736 2023 1889 2087 malo,
1938 2034 1985 2076 et
2010 2023 2143 2078 labia
2168 2034 2255 2078 tua
2283 2042 2348 2081 ne
2377 2026 2650 2097 loquantur
2678 2029 2851 2083 dolum
2881 2028 2998 2102 (Ps.
3027 2032 3141 2103 '53).
3174 2034 3323 2088 Desi-

1737 2112 2032 2184 derentque
2062 2131 2124 2170 ea
2171 2131 2380 2187 sapere,
2413 2134 2531 2188 quae
2560 2120 2717 2189 digna
2747 2132 2871 2177 sunt
2903 2123 3010 2178 vita
3038 2135 3239 2192 sancta,
3270 2137 3324 2181 et

1740 2204 1989 2258 Ecclesia:
2019 2207 2309 2275 principem
2338 2222 2401 2262 ac
2427 2208 2508 2279 (ά)
2531 2211 2844 2279 magistrum
2874 2228 2978 2267 non
3004 2216 3324 2270 contristent

1741 2294 1929 2347 Deum.

1807 2383 1900 2437 25.
1943 2382 2048 2439 Vos
2091 2394 2267 2439 autem
2310 2387 2554 2455 obsecro,
2600 2388 2814 2455 fratres,
2848 2400 2907 2445 ut
2948 2392 3000 2446 in
3041 2407 3325 2449 commune

1740 2487 1957 2527 oremus
2000 2489 2097 2543 pro
2144 2476 2245 2540 eis,
2289 2485 2344 2530 et
2375 2477 2668 2546 prephetali
2700 2494 2831 2534 voce
2873 2480 3110 2535 dicamus
3148 2499 3160 2535 :
3196 2482 3325 2549 Quis

1740 2564 1879 2617 dabit
1906 2565 2063 2634 capiti
2081 2581 2189 2620 meo
2215 2583 2421 2635 aquam,
2449 2576 2495 2622 et
2520 2570 2681 2624 oculis
2709 2571 2831 2625 meis
2857 2572 3048 2640 fontem
3070 2574 3324 2644 lacryma-

1740 2655 1895 2709 rum?
1940 2665 1988 2709 et
2034 2657 2245 2725 plorabo
2289 2659 2373 2711 die
2414 2674 2475 2713 ac
2503 2670 2648 2715 nocte
2674 2661 2959 2716 vulneratos
2996 2664 3122 2733 filiw
3150 2666 3327 2735 populi

1743 2747 1838 2798 mei
1884 2746 2095 2816 (Jerem.
2125 2748 2181 2819 9)
2227 2766 2242 2804 :
2281 2749 2376 2803 Dei
2419 2750 2839 2806 misericordiam
2862 2752 3236 2822 deprecantes,
3269 2766 3327 2809 ut

1743 2835 1929 2892 liberet
1954 2852 2047 2892 eos
2072 2853 2254 2893 errore
2278 2853 2383 2908 quo
2411 2839 2577 2894 vincti
2605 2850 2730 2895 sunt
2758 2858 2771 2895 :
2799 2850 2854 2897 et
2877 2842 3079 2909 odium,
3106 2859 3213 2913 quo
3233 2844 3326 2897 ad-

1742 2942 1955 2981 versum
1970 2943 2068 2982 nos
2086 2928 2276 2983 frustra
2292 2930 2580 2993 insaniunt,
2600 2944 2782 2985 amore
2796 2941 3144 2987 commutent.
3168 2932 3321 2988 Unde

1744 3025 1908 3071 etnos
1927 3017 2075 3071 obliti
2099 3018 2429 3087 injuriarum,
2504 3018 2663 3089 607
2738 3018 3196 3089 indulgentissimo
3227 3036 3323 3076 eos

1744 3108 1985 3176 cupimus
2013 3108 2253 3177 recipere
2280 3109 2425 3175 sinu,
2457 3117 2511 3163 et
2541 3109 2755 3163 illorum
2786 3110 3066 3165 sanitatem
3097 3120 3150 3167 et
3190 3126 3326 3166 cou-

1746 3197 2045 3251 versioncm
2087 3198 2153 3250 ad
2198 3198 2387 3263 Deum,
2419 3198 2687 3267 propriam
2716 3199 2994 3254 sanitatem
3024 3209 3077 3254 et
3104 3200 3323 3269 gloriam

1746 3296 2131 3355 computamus.
2166 3286 2234 3340 Et
2261 3287 2303 3340 si
2330 3286 2487 3341 aliter
2510 3301 2615 3341 non
2646 3298 2867 3357 possunt
2888 3289 3084 3352 curari,
3106 3291 3207 3344 nisi
3232 3306 3328 3345 no-

1748 3385 1859 3430 stra
1888 3376 2202 3442 humilitate,
2233 3376 2371 3430 ultro
2400 3376 2479 3430 eis
2504 3376 2927 3443 satisfaciamus;
2962 3378 3034 3448 (e)
3085 3374 3212 3433 nihil
3249 3383 3328 3436 eis

1750 3466 2022 3519 intulimus
2050 3464 2280 3534 injurias,
2314 3466 2443 3519 nihil
2474 3468 2773 3531 nocuimus,
2804 3468 3014 3522 tametsi
3044 3469 3328 3539 indignan-

1751 3564 1857 3624 tur,
1887 3564 1943 3611 et
1969 3556 2197 3610 saeviunt
2238 3565 2421 3610 contra
2451 3555 2710 3612 Ecclesia:
2739 3556 3109 3625 medicamina,
3139 3561 3331 3630 quibus

1751 3647 2043 3702 vulneratis
2086 3648 2286 3702 sanitas
2318 3646 2577 3701 redditur.
2608 3646 2719 3702 Nos
2748 3663 2869 3717 qua:
2907 3648 3129 3716 scimus,
3160 3650 3333 3720 loqui-

1753 3753 1886 3802 mur,
1920 3745 1973 3791 et
1997 3752 2116 3806 quae
2136 3735 2456 3801 didicimus,
2487 3736 2877 3804 praedicamus:
2902 3748 3137 3803 orantes,
3161 3748 3215 3791 ut
3239 3740 3332 3808 qui

1753 3827 2140 3881 ecclesiasticas
2185 3826 2487 3894 despiciunt
2530 3825 2762 3893 regulas,
2806 3839 3047 3878 normam
3078 3827 3335 3895 recipiant

1755 3917 2013 3980 veritatis,
2057 3930 2157 3969 nec
2214 3923 2435 3984 propter
2482 3914 2757 3967 hominum
2800 3912 3193 3980 confusionem,
3240 3933 3336 3985 per

1755 4021 1913 4075 quam
1939 4005 2223 4059 difficulter
2257 4011 2497 4057 errantes
2521 4002 2720 4073 corrigi
2749 4003 2944 4069 solent,
2971 4003 3195 4074 perdant
3232 4008 3336 4061 uti~

1756 4098 1956 4152 litatem
1987 4095 2331 4167 ρωηίιθιιιίω.
2363 4094 2430 4148 Et
2457 4108 2597 4149 nunc
2623 4092 2870 4162 dicimus,
2903 4105 2956 4151 et
2989 4104 3112 4152 ante
3141 4097 3336 4168 pracdi-

1756 4187 1953 4253 ximus,
1982 4193 2037 4240 et
2065 4184 2203 4239 idem
2231 4185 2538 4253 frequenter
2565 4182 2878 4254 ingerimus,
2911 4186 3089 4257 vagari
3116 4200 3210 4242 eos
3241 4202 3336 4242 no-

1759 4278 1952 4343 lumus,
2001 4289 2099 4331 nec
2136 4290 2232 4345 per
2271 4275 2471 4330 alienas
2509 4290 2691 4331 errare
2736 4276 3058 4347 provincias,
3116 4279 3211 4334 sed
3266 4281 3334 4335 ad

1759 4379 2000 4425 extorres
2046 4377 2100 4424 et
2144 4366 2455 4423 furibundus
2482 4382 2604 4423 cum
2646 4366 2911 4439 Propheta
2938 4370 3251 4436 clamamus,
3284 4383 3339 4427 et

1759 4459 2023 4529 loquimur
2061 4475 2075 4513 :
2114 4457 2399 4513 Salvamini
2428 4458 2492 4513 de
2515 4468 2683 4527 terra,
2728 4469 2778 4514 et
2802 4462 3142 4530 revertimini,
3172 4472 3218 4517 et
3242 4480 3337 4518 no-

1818 4692 1898 4764 (α)
1935 4691 2177 4764 Facile’B.
2200 4692 2259 4764 Ρἶ
2286 4690 2450 4764 lectio,
2473 4708 2569 4757 qua
2592 4694 2688 4745 vita
2705 4694 2923 4764 solitaria
2942 4695 3151 4764 proauita
3165 4704 3335 4764 sancta

1758 4752 1932 4820 dicitur
1952 4791 1965 4811 ,
1992 4754 2292 4815 prteferenda
2316 4752 2582 4820 videatur,
2604 4770 2712 4805 cum
2736 4752 2993 4820 Monachés
3015 4756 3335 4820 Origenistas,

1758 4792 3334 4879 gratagrata:tinam:itua;g352¥£531§§13§§5i2§1

1760 4875 1813 4923 In
1859 4874 2102 4938 Syncdica
2127 4863 2254 4925 n.'5.
2271 4863 2276 4864 ί
2294 4863 2327 4921 ἶ
2343 4863 2642 4926 variat-iii
2659 4863 2792 4938 "esse
2808 4910 2823 4935 ,
2844 4863 2928 4925 si
2956 4863 3063 4925 aias
3082 4863 3199 4935 ζίὲἷῖ
3210 4863 3339 4930 aid;

1761 4936 1959 4984 errores
1981 4936 2233 4998 corrigere
2256 4938 2539 4998 paenitentia
2560 4974 2574 4994 ,
2600 4944 2652 4986 et
2677 4937 2839 4998 digne
2869 4949 2957 4985 suo
2996 4939 3187 4986 nomine
3223 4954 3336 4986 con-

1762 4999 1977 5056 versari,
2018 5002 2073 5044 ut
2110 4996 2195 5057 qui
2234 4996 2464 5047 vocantur
2504 4996 2763 5057 Monachi,
2800 4996 3045 5057 sigtamen
3090 4998 3180 5046 hoe
3216 5011 3331 5049 esse

1758 5058 1996 5118 culiunt,
2039 5056 2165 5118 quod
2208 5057 2470 5118 dicuntur,
2515 5056 2763 5118 silentium
2806 5056 3046 5118 diligant,
3096 5067 3149 5118 et
3187 5058 3330 5108 [idem

1757 5115 2094 5181 catholicamg
2124 5115 2223 5181 Sed
2240 5120 2398 5181 statim
2418 5115 2545 5181 post,
2566 5115 2847 5181 magistrum
2865 5115 2957 5181 pro
2973 5115 3301 5181 "mgistratum
3317 5157 3332 5180 ,

1758 5189 1867 5239 qum
1893 5188 1985 5223 vox
2011 5175 2183 5224 vitiose
2207 5176 2255 5223 in
2275 5175 2386 5239 aliis
2407 5175 2827 5239 editisierebatur
2848 5175 3094 5239 {primum
3128 5192 3189 5227 ex
3215 5175 3333 5229 ceu;

1751 5238 2118 5344 j‘ecéulgahluusm
2154 5236 2426 5288 accedente
2460 5238 2521 5287 Β.
2543 5237 2604 5288 Ρ.
2638 5236 2872 5301 sull‘ragio
2892 5236 3204 5289 substituere
3236 5254 3333 5291 non

1755 5310 1819 5345 tu
1856 5310 1869 5343 l
1923 5310 1966 5345 vi
2081 5330 2094 5344 .

1755 5310 2094 5345 ttumtavmtus.

1822 5376 2751 5491 ‘i’ﬁﬁﬁﬁﬁiﬂi‘ﬁw’iiit
2776 5380 3132 5491 arma
3170 5384 3336 5491 '32}?

1756 5438 1805 5488 in
1826 5438 2081 5503 ‘Synodica
2114 5438 2485 5503 replicat—num.
2509 5441 2561 5491 ὕ.
2608 5438 2741 5492 ΜΙιῆ
2776 5438 2846 5491 eis
2881 5440 3165 5504 nocuimus,
3209 5443 3335 5495 nillil

1756 5498 2717 5577 Slai.utis.i°t‘"iitt'9§§W9a
2728 5502 3054 5577 βυρνιθηςῑιξεη
3072 5506 3331 5576 innuimus-

1755 5560 1855 5610 Sed
1881 5560 2012 5612 etB.
2037 5560 2096 5611 P.
2121 5561 2235 5611 heic
2254 5560 2386 5623 loci,
2409 5561 2539 5615 Nihil
2557 5560 2629 5616 eis
2645 5560 2873 5624 tulimus,
2904 5562 3026 5616 nihil
3047 5565 3296 5617 nocuimus
3314 5600 3331 5627 ,

1754 5629 1811 5695 ut
1829 5620 1972 5695 plane
1990 5624 2164 5671 mirum
2179 5621 2232 5671 fit
2251 5623 2477 5695 eumdem
2495 5637 2713 5678 errorem
2731 5624 2938 5679 diversis
2954 5625 3091 5691 locis,
3104 5641 3159 5679 ac
3176 5628 3333 5689 libris,

1759 5688 1812 5734 et
1831 5683 1861 5732 'a
1883 5683 2078 5735 diversa
2100 5696 2244 5734 manu
2267 5686 2479 5749 peccari.
