4054 6192
634 256 740 311 811

640 367 729 422 lite
773 374 910 421 stare
935 382 954 420 :
985 364 1060 437 (a)
1090 360 1424 417 recordamini
1453 359 1541 429 qui
1567 359 1745 429 procul
1772 358 1891 414 estis
1910 375 1944 412 a
1969 359 2213 425 Domino,

641 466 688 512 et
713 457 999 512 Jerusaiem
1029 453 1264 507 ascendat
1290 468 1440 520 super
1465 467 1549 505 cor
1578 459 1795 504 vestrum
1819 449 1952 523 (Jer.
1982 451 2070 504 5!.
2099 449 2215 517 50).

712 547 806 602 24.
848 543 1092 600 Forsitan
1117 541 1231 595 haec
1260 542 1557 607 audientes,
1588 540 1963 596 ecclesiastica:
1992 555 2218 609 congre-

641 637 868 711 gationis
915 647 1066 688 amor
1106 632 1325 696 subeat,
1394 641 1449 686 et
1491 632 1838 687 recordentur
1878 631 2124 687 fraternas
2165 632 2218 686 in

639 737 922 780 commune
948 722 1165 786 lzetitizn,
1197 731 1248 776 et
1277 721 1617 793 hymnorum,
1647 723 1836 792 quibus
1861 737 1980 777 cum
2011 722 2218 777 caeteris

639 815 920 869 Dominum
949 813 1323 878 concinebant,
1349 813 1618 882 frigusque
1644 814 1886 868 odiorum
1914 813 2218 869 dilectionis

637 905 816 960 calore
856 914 1205 968 commutent,
1249 915 1302 958 et
1347 905 1645 975 intelligant
1687 922 1784 960 nos
1825 907 2079 971 medicos,
2111 922 2217 961 non

635 996 898 1057 inimicos,
925 996 1412 1065 indulgentissimos
1441 1009 1639 1067 patres,
1675 1013 1777 1050 non
1811 998 1986 1052 hostili
2014 1008 2218 1052 tumen-

634 1092 717 1140 tes
745 1086 1014 1156 superbia.
1042 1085 1226 1157 Neque
1253 1088 1395 1141 enim
1430 1088 1541 1141 ﬁeri
1568 1096 1762 1157 potest,
1790 1097 1848 1142 ut
1871 1102 2004 1158 quos
2025 1089 2216 1143 salvari

631 1177 899 1241 volumus,
933 1176 1106 1245 perire
1135 1179 1432 1246 cupiamus,
1464 1186 1518 1232 et
1556 1194 1662 1232 non
1692 1179 1770 1232 eis
1797 1179 2217 1234 ecclesiasticam

633 1266 836 1334 virgam
874 1266 1115 1320 converti
1149 1267 1200 1319 in
1233 1265 1478 1321 baculum
1523 1285 1536 1320 :
1570 1269 1614 1321 si
1647 1277 1821 1322 tamen
1854 1269 2219 1338 relinquentes

634 1370 897 1418 errorem,
928 1357 1205 1411 veritatem
1248 1358 1397 1426 sequi
1427 1357 1611 1419 velint,
1643 1367 1698 1412 et
1727 1359 1973 1414 omittere
2000 1358 2218 1412 temeri-

635 1455 798 1500 tatcm
842 1446 1228 1500 lascivientium
1275 1463 1583 1516 puerorum.
1630 1449 1722 1503 Sin
1755 1458 1930 1503 autem
1962 1455 2221 1518 respuunt

632 1550 774 1599 eam,
821 1545 875 1589 et
925 1546 1330 1591 contemnentes
1378 1539 1797 1592 ecclesiasticam
1843 1539 2214 1606 disciplinam,

637 1625 849 1677 elevant
877 1639 1042 1678 cornu
1075 1641 1232 1679 suum
1261 1636 1446 1680 contra
1482 1629 1690 1697 regulas
1719 1629 1855 1698 ejus,
1885 1639 1937 1683 et
1966 1631 2216 1684 salutaria

635 1724 950 1782 spernentes
993 1717 1257 1784 consilia,
1302 1719 1589 1787 projiciunt
1630 1730 1959 1787 retrorsum,
2001 1721 2220 1778 audiant

634 1804 917 1858 Dominum
949 1807 1365 1862 comminantem
1405 1826 1419 1862 :
1446 1808 1616 1864 Homo
1639 1813 1725 1880 qui
1754 1813 1930 1881 fecerit
1958 1813 2010 1866 in
2041 1830 2218 1883 super-

633 1895 740 1961 bia,
771 1905 826 1949 ut
855 1912 958 1950 non
988 1897 1164 1951 audiat
1202 1897 1552 1966 Sacerdotem,
1599 1903 1684 1971 qui
1709 1912 1808 1956 stat
1834 1905 1900 1957 ad
1928 1905 2218 1959 ministran-

633 1987 756 2040 dum
782 1989 834 2041 in
875 1989 1078 2043 nomine
1119 1988 1216 2043 Dei
1257 1990 1335 2060 (ὁ)
1379 1992 1472 2057 tui,
1519 1993 1596 2046 vel
1624 1993 1875 2062 judicem,
1917 1995 2218 2064 quicumque

633 2078 786 2147 fuerit
813 2079 867 2132 in
893 2079 1067 2134 diebus
1093 2081 1220 2145 illis,
1253 2082 1497 2135 morietur
1520 2080 1616 2153 [aL
1647 2083 1912 2155 moriatur]
1935 2086 2083 2138 homo
2107 2086 2214 2153 ille,

632 2178 682 2222 et
711 2169 909 2238 auferes
937 2168 1127 2222 malum
1153 2170 1216 2224 de
1245 2169 1433 2237 Israel,
1473 2181 1521 2224 et
1560 2173 1970 2243 omnis'populus
2006 2175 2217 2228 audiens

633 2261 861 2326 timebit,
938 2261 1104 2332 608
1173 2271 1219 2316 et
1261 2278 1364 2316 non
1408 2263 1562 2329 impie
1603 2273 1717 2332 aget
1757 2263 1892 2317 ultra
1920 2263 2094 2334 (Deut.
2125 2266 2215 2319 17.

635 2353 751 2420 12).
801 2351 998 2406 Verum
1027 2367 1095 2406 ne
1120 2353 1363 2420 occupati
1390 2354 1534 2407 circa
1559 2353 1958 2407 vulneratorum
1988 2354 2218 2408 curatio-

637 2457 786 2508 nem,
820 2443 988 2496 nostri
1021 2443 1363 2497 immemores
1391 2442 1582 2508 simus,
1620 2453 1674 2497 et
1718 2443 1934 2512 propria
1981 2444 2215 2514 negliga-

634 2546 774 2598 mus,
807 2546 870 2584 ac
909 2532 1057 2600 juxta
1085 2531 1228 2600 quod
1261 2533 1517 2602 scriptum
1544 2542 1627 2586 est
1657 2550 1670 2586 :
1701 2533 1829 2588 Aliis
1859 2535 2211 2603 prwdicautes,

633 2622 733 2691 ipsi
774 2622 975 2692 reprobi
1019 2622 1336 2674 inveniamur
1381 2623 1456 2690 (Ι.
1508 2620 1629 2677 Cor.
1675 2623 1764 2692 9),
1813 2638 2216 2680 commonemus

634 2720 855 2776 stantes,
889 2721 944 2765 ut
972 2721 1196 2766 caveant
1229 2729 1242 2764 :
1275 2726 1342 2766 ne
1365 2712 1492 2765 dum
1517 2711 1820 2781 jacentibus
1845 2728 2060 2767 manum
2088 2729 2215 2784 por-

633 2802 831 2872 rigunt,
873 2803 972 2871 ipsi
1003 2811 1276 2870 corruant,
1324 2813 1375 2856 et
1405 2811 1460 2857 ut
1501 2812 1776 2858 servantes
1800 2805 2213 2861 ecclesiasticam

633 2895 991 2964 disciplinam,
1019 2894 1254 2950 futurum
1275 2896 1532 2965 judicium
1559 2896 1932 2952 reformident.

703 2984 793 3040 25.
837 2985 1000 3052 Igitur
1036 2985 1362 3040 dominicum
1403 2985 1606 3040 Pascha
1633 2987 1986 3052 celebrantes,
2016 2989 2216 3044 sanctis

633 3075 1028 3146 Scriputrantm
1082 3076 1428 3145 purificcmur
1466 3077 1712 3144 eloquiis,
1757 3087 1812 3132 et
1856 3078 1923 3132 ad
1977 3079 2214 3147 tropluea

633 3166 926 3223 Salvatoris
985 3168 1358 3236 respicientes,
1410 3177 1598 3223 cuncta
1643 3167 1981 3234 olfendicula,
2022 3171 2216 3240 quibus

634 3261 758 3313 vita:
787 3269 986 3314 nostra:
1012 3260 1338 3313 curriculum
1366 3260 1686 3323 retardatur,
1720 3263 2026 3318 auferamus
2052 3281 2082 3317 e
2112 3279 2217 3318 me-

633 3349 744 3403 dio.
791 3349 1079 3403 Avaritiam
1110 3350 1261 3418 quasi
1311 3349 1686 3405 fmueratorem
1738 3354 2025 3421 pessinmm
2055 3353 2217 3408 decli-

637 3448 847 3502 nantes,
875 3454 1023 3492 vanae
1053 3439 1237 3508 gloriae
1264 3441 1629 3508 cupiditatem,
1670 3451 1726 3495 ut
1756 3443 2106 3499 insatiabilem
2128 3444 2216 3514 ju-

634 3529 876 3599 gulemus
901 3530 1087 3589 feram,
1113 3537 1167 3582 et
1196 3530 1561 3583 fornicationis
1590 3531 1836 3585 blandum
1867 3548 1928 3586 ac
1955 3533 2215 3589 lubricum

635 3619 914 3673 colubrum
954 3617 1180 3672 sollicita
1225 3628 1405 3672 mente
1451 3620 1692 3673 vitemus.
1741 3621 2034 3689 Siquando
2062 3624 2216 3678 nobis

636 3711 945 3780 prosperior
1006 3724 1185 3763 rerum
1250 3711 1783 3776 aura.successerit,
1827 3713 2125 3768 humilitate
2160 3724 2216 3769 et

635 3801 1051 3857 mansuetudine
1091 3809 1351 3854 tumorem
1393 3801 1558 3854 animi
1593 3811 1969 3870 temperemus.
2016 3805 2070 3858 Si
2115 3806 2213 3858 atl-

635 3893 774 3950 versi
807 3893 948 3947 venti
977 3892 1241 3958 flaverint,
1273 3891 1582 3946 fortitudine
1609 3907 1850 3961 pressum
1878 3903 1932 3948 et
1947 3895 2213 3963 jacentem

635 3987 872 4042 animum
899 3985 1244 4048 suscitemus,
1278 3983 1485 4052 ipsique
1514 3983 1680 4036 nostri
1709 3984 1912 4052 peccati
1939 3996 2215 4040 accusato-

637 4095 726 4135 res
754 4082 922 4132 simus
968 4094 982 4129 :
1031 4086 1088 4128 ut
1115 4074 1342 4130 scientes
1380 4076 1736 4143 nosmetipsos
1763 4076 2130 4145 corripiamus,
2161 4086 2215 4130 et

631 4169 743 4238 jugi
787 4167 1427 4230 meditatione,virtutum
1477 4165 1777 4220 libertatem
1821 4167 2048 4233 animai,
2096 4183 2213 4236 qua:

634 4258 777 4312 vitiis
825 4271 1078 4325 Oppressa
1123 4266 1227 4321 est,
1260 4271 1662 4325 recuperemus.
1693 4257 2026 4326 Quapropter
2056 4259 2212 4326 positi

637 4351 692 4404 in
721 4349 1013 4403 certamine
1056 4356 1110 4401 ct
1152 4347 1348 4402 sudore
1375 4362 1438 4401 ac
1469 4348 1650 4402 labore
1677 4348 2039 4416 praesentium,
2068 4347 2210 4402 futu-

637 4454 752 4492 ram
779 4437 933 4492 nobis
953 4437 1306 4492 solemnitatis
1322 4438 1554 4492 caelestis
1579 4438 1802 4507 gloriam
1831 4448 2210 4508 prteparantes,

634 4531 944 4601 priusquam
988 4537 1192 4582 stemus
1237 4536 1362 4582 ante
1406 4527 1636 4581 tribunal
1682 4528 1899 4595 Christi,
1947 4531 2210 4598 praeterita

634 4631 853 4692 peccata
881 4620 1186 4689 paenitentia
1214 4618 1545 4688 corrigamus
1574 4634 1586 4669 :
1623 4620 1871 4686 praisenti
1901 4618 2026 4674 ﬂetu
2070 4621 2212 4675 redi-

635 4727 843 4770 mamus
870 4711 1045 4766 futura
1085 4710 1296 4780 gaudia,
1325 4709 1614 4778 aculeoque
1645 4709 1987 4764 conscientiae.
2014 4712 2066 4767 in
2096 4729 2213 4767 mo-

632 4823 749 4863 rem
775 4807 950 4876 apium
979 4805 1167 4858 noxios
1195 4809 1532 4872 peccatorum
1560 4801 1708 4856 fucos
1736 4802 2078 4871 repellamus,
2107 4806 2215 4876 ple-

633 4914 699 4952 na
746 4897 887 4953 ceris
943 4910 1005 4949 ac
1054 4894 1214 4948 melle
1264 4893 1493 4947 alvearia
1543 4902 1903 4948 reservantes.
1949 4893 2211 4950 Curemus

633 4991 844 5045 diversa
871 4987 1118 5042 vitiorum
1150 4984 1392 5047 vulnera,
1424 4994 1477 5038 et
1506 4983 1719 5052 rapinas
1741 4984 1985 5050 divitum,
2014 4985 2209 5054 quibus

628 5083 712 5136 vel
743 5079 976 5134 maxime
995 5077 1096 5131 hoc
1116 5075 1389 5130 hominum
1415 5075 1620 5143 capitur
1635 5089 1822 5144 genus,
1847 5075 2049 5130 crebris
2069 5091 2208 5130 com-

628 5169 1015 5227 monitiouibus
1045 5168 1416 5236 reprimamus.
1465 5165 1532 5218 Et
1569 5167 1648 5220 sic
1688 5166 1984 5236 poterimus
2029 5168 2207 5221 immi-

626 5266 868 5320 nentium
911 5261 1236 5332 jejuniorum
1284 5261 1387 5314 iter
1433 5271 1675 5327 carpere.
1708 5258 1962 5328 Incipient
1990 5258 2059 5329 (e)
2089 5258 2204 5315 dies

689 5395 760 5458 (a)
797 5395 896 5444 Pro
915 5392 994 5462 his
1017 5390 1211 5462 vulgata
1229 5425 1244 5450 ,
1269 5389 1569 5462 Quifugistis
1590 5386 1810 5462 gladium
1826 5424 1841 5450 ,
1868 5387 2035 5448 venite,
2060 5387 2206 5438 nolite

626 5452 754 5503 stare
774 5493 788 5512 ,
813 5452 1138 5503 recordamini
1160 5452 1327 5514 procul
1353 5452 1454 5499 non
1472 5452 1560 5508 ini,
1587 5457 1682 5498 etc.

687 5513 759 5573 (ὸ)
779 5509 930 5572 Ἐιδειι,
956 5515 1042 5573 ιω,
1066 5509 1205 5560 sacro
1228 5519 1368 5562 textu
1391 5517 1653 5573 renuente.
1690 5509 1876 5573 Ctetera
1902 5511 1960 5573 ad
1981 5509 2206 5560 Graecum

623 5570 875 5633 exemplar
885 5570 1142 5633 ﬁexigenda
1164 5578 1303 5630 sunt,
1327 5581 1436 5633 qua;
1457 5584 1486 5619 a
1509 5570 1716 5633 vulgato
1737 5571 2030 5633 discordant.

687 5630 760 5692 (e)
775 5629 851 5682 'B.
882 5632 942 5679 P.
981 5629 1260 5690 incipientes
1291 5629 1713 5693 quadragesimum
1753 5644 1784 5679 a
1818 5631 2077 5692 tricesima,
2107 5637 2202 5682 etc.

1949 247 2193 306 SANC’I'I
2230 246 2608 306 ΗῙΕΒΟΝἾΜΙ

3841 261 3939 319 8η

2327 359 2761 431 ρωιᾶηεθείωω
2801 373 2833 415 a
2891 360 3159 418 tricesima
3197 362 3290 419 die
3333 367 3537 422 mensis
3581 368 3834 425 leehir.
3875 375 3935 431 Et

2332 449 2722 506 hebdomadam
2758 451 3010 507 salutaris
3050 453 3270 509 Pascha:
3311 457 3717 514 celebrabimus
3746 463 3932 530 quinta

2327 539 2416 596 die
2472 542 2672 597 mensis
2736 542 3031 609 Pharmuti,
3082 544 3327 601 tinnientes
3367 547 3573 618 jejuni:
3619 555 3933 611 secundum

2326 633 2676 704 Evangelicas
2704 635 3021 690 traditiones
3054 651 3282 705 vespere
3326 639 3536 694 sabbati
3577 641 3812 698 decima
3851 648 3933 703 die

2325 723 2598 778 Pharmuti
2635 741 2648 776 :
2681 732 2738 780 et
2780 725 3130 782 illucescente
3171 729 3350 782 statim
3405 730 3688 787 Dominiea
3715 775 3736 799 ,
3799 737 3929 792 festa

2325 815 2654 871 celebremus
2702 817 2981 872 undecima
3034 817 3122 872 die
3159 817 3396 889 ejusdem
3442 824 3681 891 mensis,
3767 828 3932 901 ωθ

2321 903 2606 974 iungentes
2649 915 2704 962 et
2751 915 2956 976 septem
3009 908 3243 978 reliquas
3302 909 3672 969 hebdomadas
3719 931 3927 975 saneta:

2325 994 2669 1050 Pentecostes
2715 1013 2729 1051 :
2774 1005 2832 1050 ut
2863 1011 2983 1051 cum
3014 996 3100 1050 his
3129 1000 3216 1068 qui
3247 999 3522 1056 Trinitatis
3552 1019 3722 1059 unam
3753 1011 3926 1062 conti-

2327 1094 2503 1140 tentur
2547 1085 2901 1150 divinitatem,
2935 1088 2988 1142 in
3027 1087 3181 1143 caelis
3220 1091 3437 1159 praemia
3480 1094 3844 1165 recipiamus.
3877 1102 3923 1156 in

2324 1175 2538 1230 Christo
2578 1175 2705 1230 Jesu
2735 1177 2964 1231 Domino
2993 1187 3200 1244 nostro,
3245 1195 3340 1249 per
3364 1197 3522 1250 quem
3546 1192 3600 1238 et
3633 1200 3765 1240 cum
3795 1203 3921 1257 quo,

2325 1264 2433 1318 Deo
2477 1263 2622 1320 Patri
2651 1265 2844 1334 gloria,
2873 1275 2927 1320 et
2958 1267 3261 1336 imperium,
3293 1283 3416 1324 cum
3455 1269 3662 1328 Sancto
3687 1273 3919 1346 Spiritu,

2325 1354 2376 1407 in
2405 1354 2600 1408 saecula
2627 1355 2966 1420 saeculorum,
2998 1359 3187 1412 Amen.

2393 1466 2484 1522 26.
2515 1466 2750 1522 Salutate
2774 1468 2998 1523 invicem
3022 1469 3074 1524 in
3094 1472 3278 1526 osculo
3299 1483 3506 1528 sancto.
3533 1473 3798 1531 Salutant
3824 1494 3921 1534 VOS

2323 1573 2509 1614 omnes
2539 1560 2631 1629 qui
2674 1577 2880 1615 mecum
2923 1572 3053 1616 sunt
3099 1562 3310 1618 fratres.
3343 1565 3412 1619 Et
3460 1568 3564 1622 hoc
3603 1574 3915 1626 necessario

2323 1651 2608 1707 scribimus
2627 1695 2642 1720 ,
2670 1663 2728 1706 ut
2757 1653 2940 1708 sciatis
2970 1670 3065 1723 pro
3094 1657 3292 1710 sanctis
3321 1667 3374 1712 et
3413 1656 3588 1714 beatis
3629 1660 3916 1732 Episcopis

2325 1746 2414 1815 qui
2459 1747 2511 1799 in
2561 1745 2789 1800 Domino
2831 1745 3200 1812 dormierunt,
3245 1748 3523 1805 ordinatos
3565 1766 3696 1808 esse
3739 1754 3799 1808 in
3843 1757 3914 1823 (Δ)

2324 1835 2596 1890 Lemnado
2623 1850 2720 1905 pro
2746 1835 2974 1901 llerone,
3003 1836 3230 1892 Naseam
3258 1854 3272 1890 :
3306 1841 3358 1892 in
3391 1839 3624 1909 Erythro
3646 1855 3752 1910 pro
3784 1842 3915 1898 Sab-

2323 1930 2500 1995 batio,
2535 1929 2803 1984 Paulum:
2840 1930 2892 1984 in
2937 1930 3173 1986 Omboes
3215 1946 3316 2001 pro
3355 1931 3625 2003 Sylvano,
3667 1934 3912 1991 Verrem.

2322 2020 2416 2074 llis
2445 2034 2574 2089 ergo
2603 2021 2848 2086 scribite,
2881 2029 2936 2076 et
2959 2022 3027 2075 ab
3058 2021 3140 2076 his
3185 2023 3412 2093 accipite
3451 2024 3732 2094 pacificas,
3765 2027 3913 2097 juxta

2322 2109 2739 2165 ecclesiasticum
2764 2124 2994 2175 morem,
3023 2111 3250 2166 litteras.

2738 2241 3069 2299 EPISTULA
3101 2243 3173 2314 (e)
3203 2243 3372 2300 XCIX
3402 2244 3472 2318 (Γ)

2880 2390 2949 2430 ΔΙ)
2985 2390 3342 2432 ἸΙΙ-201⁵111131.

2321 2503 2547 2579 Excusat
2577 2521 2630 2560 se
2659 2505 2961 2574 Theoprlilo,
2992 2508 3129 2578 quod
3156 2509 3433 2563 subnexam
3461 2507 3781 2566 Paschalem
3808 2514 3903 2583 ejus

2392 2597 2682 2667 Epistolam
2725 2599 2887 2652 serius
2930 2598 3169 2663 verterit;
3216 2600 3485 2670 impeditus
3534 2605 3737 2672 partim
3781 2607 3904 2660 obitu

2392 2685 2598 2753 Paulle,
2629 2688 2813 2758 partim
2842 2705 2934 2743 suo
2965 2689 3160 2744 morbo.

2375 2817 2777 2874 BEATISSIMO
2815 2817 3020 2874 PAPIE
3058 2819 3447 2878 TllEOPHILO
3486 2821 3855 2880 thaosvlus.

2392 2952 2446 3006 l.
2481 2950 2696 3005 Hieron.
2727 2951 3011 3022 wgrotatio.
3045 2952 3123 3006 Ex
3153 2967 3220 3007 eo
3249 2963 3490 3025 tempore
3520 2973 3629 3026 quo
3671 2959 3898 3014 Beatitn-

2320 3040 2458 3095 diuis
2509 3051 2611 3095 tua:
2655 3042 2836 3110 accepi
2886 3041 3184 3110 Epistolas,
3219 3042 3406 3112 juncto
3455 3045 3706 3102 Paschali
3752 3049 3896 3112 libro,

2321 3145 2490 3198 usque
2520 3131 2571 3183 in
2601 3140 2920 3200 praesentem
2951 3131 3128 3194 diem,
3165 3131 3233 3186 ita
3275 3142 3329 3186 ct
3357 3147 3594 3190 mcerore
3622 3137 3827 3200 luctus,
3854 3149 3899 3193 et

2319 3221 2716 3284 Sollicitudine,
2749 3235 2812 3274 ac
2848 3221 3074 3275 diversis
3104 3237 3266 3290 super
3303 3232 3446 3278 statu
3485 3225 3744 3282 Ecclesiae
3788 3228 3898 3283 hinc

2324 3311 2451 3365 inde
2479 3310 2783 3365 rumoribus
2805 3311 3104 3380 exagitatus
3126 3327 3263 3374 sum,
3293 3322 3350 3367 ut
3372 3315 3455 3367 vix
3479 3316 3734 3371 volumen
3764 3328 3897 3372 tuum

2322 3402 2584 3470 potuerim
2640 3403 2692 3455 in
2749 3401 2995 3455 Latinum
3045 3416 3349 3457 sermonem
3403 3412 3636 3461 vertere.
3695 3406 3897 3478 Optime

2321 3493 2463 3546 enim
2493 3492 2633 3546 nosﬁ
2661 3493 2835 3561 juxta,
2870 3500 3104 3546 veterem
3135 3494 3479 3558 sententiam,
3509 3493 3624 3548 Non
3657 3512 3784 3552 esse
3813 3500 3896 3552 tri-

2323 3593 2457 3636 stem
2487 3583 2847 3653 eloquentiam
2876 3601 2889 3637 :
2920 3583 3150 3637 maxime
3176 3584 3219 3638 si
3246 3584 3312 3638 ad
3340 3585 3716 3655 :rgritudiuem
3744 3588 3896 3643 animi

2321 3674 2541 3727 accedat
2566 3677 2807 3742 corporis
2836 3673 3114 3742 :rgritudo.
3147 3674 3210 3726 Et
3237 3672 3374 3727 hanc
3404 3675 3572 3743 ipsam
3606 3675 3896 3745 Epistolam

2321 3763 2468 3819 febre
2507 3775 2768 3832 a-stuans,
2812 3773 2864 3817 et
2891 3764 3132 3832 quintum
3164 3763 3268 3834 iam
3296 3763 3435 3818 diem
3466 3749 3800 3822 decumbens
3826 3769 3893 3824 le-

2319 3904 2498 3953 omisso
2542 3900 2684 3962 infra,
2707 3901 3070 3953 celebrabimus.
3106 3902 3258 3951 Porro
3292 3902 3540 3950 tricesima
3572 3901 3686 3950 dies
3724 3903 3896 3954 Mediir

2320 3965 2563 4013 vicesimae
2585 3972 2770 4027 quarta:
2792 3964 3045 4027 [ehi-uarii
3069 3963 3361 4027 reSandet;
3387 3971 3439 4011 et
3461 3962 3717 4012 Pharmuti
3739 3969 3894 4027 quinta

2321 4027 2580 4088 tricesima:
2604 4024 2792 4088 prima:
2815 4024 3000 4088 Martii,
3027 4024 3277 4088 undecima
3301 4031 3468 4088 autem
3475 4055 3492 4088 ρ
3517 4032 3678 4088 sextae
3703 4024 3896 4088 ‘A‘prilis

2321 4100 2383 4134 ex
2407 4087 2586 4148 quibus
2605 4084 2716 4134 anui
2739 4086 3209 4148 quadringentesimi
3225 4085 3430 4134 secundi
3451 4084 3638 4133 Pascha
3683 4084 3894 4136 (καὶυωὶ

2321 4160 2380 4196 0X
2391 4155 2621 4196 ploratum
2647 4155 2737 4196 85L

2381 4161 2752 4268 l5
2775 4207 2826 4257 S.
2851 4206 3020 4264 Paulo,
3042 4206 3277 4268 temando
3298 4205 3453 4268 legit,
3480 4218 3692 4268 eamque
3732 4209 3896 4258 urbem

2320 4269 2367 4316 iu
2387 4267 2636 4317 Provincia
2662 4269 2825 4330 Libya:
2848 4267 3174 4330 Pentapoleos
3194 4267 3472 4328 eorustituit,
3507 4280 3568 4316 ex
3607 4267 3702 4318 hoc
3740 4277 3896 4319 tamen

2319 4343 2416 4391 uno
2450 4330 2823 4391 'l‘heophilensis
2854 4330 3070 4389 epistolae
3107 4330 3410 4385 testimonio,
3459 4341 3566 4391 non‘
3604 4331 3737 4391 enim
3779 4330 3895 4391 apud

2317 4390 2440 4450 alios
2473 4388 2786 4450 Geographos
2821 4388 3044 4448 veteres,
3087 4397 3170 4438 aut
3193 4392 3240 4438 in
3284 4391 3493 4450 antiquis
3527 4388 3896 4450 Episwpatumn

2318 4449 2514 4518 Notitiis
2535 4449 2632 4499 ulla
2657 4449 2872 4518 ejus_est
2901 4453 3120 4518 mentio;
3155 4451 3347 4499 tametsi
3379 4449 3520 4518 facile
3555 4449 3726 4518 colligi
3759 4464 3896 4512 posse

2322 4513 2542 4573 videatur
2560 4547 2574 4571 ,
2614 4509 2709 4560 non
2747 4511 2887 4558 aliam
2917 4513 2979 4573 ah
3004 4523 3062 4573 ea
3086 4524 3200 4573 esse
3223 4546 3238 4569 ,
3266 4522 3408 4573 quam
3759 4509 3897 4560 'voat

2317 4572 2591 4622 Antoninus
2610 4610 2624 4629 ,
2658 4573 2840 4621 itinere
2865 4585 2892 4619 a
2914 4571 3218 4620 Ptolemaide
3257 4571 3620 4620 Alexandriam.
3639 4573 3763 4629 Qua
3785 4574 3896 4621 sub-

2317 4635 2538 4704 sequi}!!!
2569 4633 2812 4704 ενείιίινςιρ
2854 4634 3016 4704 eidem
3044 4633 3331 4704 .Psstiecie.
3364 4631 3530 4704 ωιτη
3570 4632 3899 4704 ἒςυυρριροε

2316 4692 2604 4744 adscribitur
2635 4692 2697 4741 in
2740 4692 3057 4742 Alexandrini
3103 4692 3470 4742 Patriarchatus'
3503 4694 3693 4741 notitia.
3733 4692 3899 4742 'Alias

2316 4755 2579 4825 Eruthras,
2602 4752 3398 4825 etErytllron‘apud_Ptolema:um
3415 4790 3429 4812 ,
3454 4761 3528 4825 et
3543 4755 3593 4801 in
3616 4754 3758 4825 Actis
3780 4755 3898 4825 tion-

2317 4813 2418 4865 cilii
2460 4813 2868 4878 Chalcedonensis
2908 4813 3018 4878 Act.
3061 4816 3109 4878 ξ.
3151 4827 3290 4878 ιμιρδς
3324 4814 3613 4878 appellatur.
3634 4871 3646 4878 _
3664 4813 3897 4878 Denique

2317 4890 2403 4939 pro
2418 4876 2595 4939 ambae
2613 4876 2794 4925 Graec:
2814 4875 3025 4936 Notitiaz,
3051 4871 3311 4939 Ggaaciq'ue
3319 4871 3578 4939 scriptores
3599 4871 3896 4939 plerumque

2317 4933 2468 5001 in...”
2489 4937 2691 4988 ombroe
2745 4945 2920 4988 vocant
2942 4973 2957 4999 ,
3003 4933 3060 4986 ae
3095 4933 3331 4986 Thebaidi
3368 4933 3614 4985 secunde
3633 4933 3896 4986 verissimo

2314 4999 2603 5061 adjndicant.
2940 5017 2942 5020 ν

2382 5083 2451 5144 (e)
2495 5081 2755 5132 Lectorem
2777 5092 3039 5144 monemus
3052 5080 3231 5144 iterum
3251 5114 3266 5138 ,
3292 5080 3544 5144 pertinere
3565 5077 3694 5144 banc
3717 5080 3891 5144 episto-

2313 5139 2409 5193 lam
2430 5139 2539 5193 eum
2570 5145 2792 5192 subnexa
2822 5141 3072 5203 Paschalis
3107 5139 3512 5203 interpretatione
3545 5139 3763 5203 adanni
3787 5140 3886 5203 404.

2313 5207 2634 5269 posteriorem
2656 5212 2875 5269 partem;
2900 5202 3042 5269 subdi
3061 5214 3180 5251 vero
3198 5197 3310 5269 héic
3326 5197 3596 5269 lociqsemel
3615 5201 3890 5269 intermisso

2312 5261 2587 5328 temporum
2624 5261 2798 5314 ordine
2817 5298 2832 5322 ,
2861 5261 2937 5312 'ob
2968 5264 3164 5312 istarum
3190 5262 3610 5328 elucubrationum
3648 5261 3855 5328 indolem
3873 5292 3886 5315 ,

2312 5321 2662 5396 ipge'uiumque
2688 5363 2702 5384 ,
2758 5321 2907 5396 angue
2961 5324 3236 5385 argumenti
3299 5323 3577 5396 unitatem,
3755 5333 3886 5396 quam

2311 5383 2873 5452 diétrahihsuunujueiu
2891 5383 3047 5434 locum
3069 5385 3328 5452 reservari,
3355 5383 3481 5452 docti
3507 5383 3888 5452 hominem-qum

2310 5451 2365 5508 in
2397 5440 2650 5510 consilium
2681 5440 2988 5510 adhibuimus
3007 5481 3020 5502 ,
3044 5455 3192 5510 aegre
3234 5443 3561 5510 patiebantur.
3591 5440 3813 5510 _Accedit
3845 5445 3887 5510 in

2310 5501 2562 5578 veteribus
2725 5515 2878 5578 atque
2897 5509 2947 5555 in
2980 5501 3196 5578 vulgatis
3214 5501 3456 5578 erunibus
3473 5506 3710 5578 continuo
3738 5501 3886 5566 iungi,

2311 5570 2505 5620 tametsi
2529 5571 2698 5618 ordine
2720 5566 2829 5616 aliis
2849 5568 2913 5616 de
2935 5566 3286 5628 causisivitioso
3313 5571 3464 5628 atque
3485 5566 3706 5617 inverso.

2302 5700 2304 5702 ν
2372 5632 2445 5692 (Γ)
2482 5629 2608 5680 Alias
2630 5631 2708 5679 3t.
2735 5628 2922 5691 Scripta
2943 5639 3066 5677 anno
3087 5625 3195 5675 405.
