4054 6192
1045 158 1102 174 ..4

113 200 244 257 διδ

125 305 344 372 ctulo,
380 303 547 362 nimia
588 303 934 361 festinatione
962 301 1155 358 dictavi
1184 321 1198 358 :
1229 302 1470 358 breviter
1508 302 1748 358 indicans

121 399 328 469 610
409 395 728 452 Beatitudini
773 403 898 459 tute,
932 408 1182 463 magnum
1213 407 1300 447 me
1325 393 1559 446 laborem
1586 392 1747 445 susti~

128 491 361 544 iuuisse
391 490 442 542 in
467 487 815 543 translatione
837 485 981 555 ejus,
1015 494 1076 539 ut
1097 499 1287 538 omnes
1313 484 1606 538 sententias
1635 482 1749 550 pari

125 588 456 634 venitssate
492 576 874 642 transferrem,
921 585 976 630 et
1013 575 1215 631 Cra-cie
1252 575 1571 644 eloquentia
1601 572 1750 626 Lati-

125 684 280 722 num
317 668 505 737 aliqua
534 682 595 720 es
629 675 780 734 parte
811 664 1162 732 reSpondcret
1178 663 1472 733 eloquium.

215 759 281 811 ‘2.
316 761 385 812 ιιι
415 757 676 825 principio
697 753 1091 824 philosopharis
1117 770 1131 805 :
1164 763 1220 808 et
1239 754 1564 822 generaliter
1587 765 1752 820 agens

137 848 286 900 dum
319 861 516 900 omnes
537 847 737 909 crudis,
773 861 935 898 unum
964 845 1214 912 jugulas:
1247 846 1297 898 in
1330 843 1548 912 reliquis
1573 853 1750 896 autem

135 936 304 1005 quod
356 937 444 990 vel
488 937 861 990 difﬁcillimum
912 946 1029 999 est,
1083 935 1384 988 Rhetorica:
1432 934 1753 1002 eloquentiae

131 1025 345 1095 jungis
394 1026 785 1095 Philosoplios,
831 1035 886 1079 et
919 1025 1361 1088 Demosthenem,
1391 1032 1550 1092 atque
1582 1023 1756 1076 Plato-

137 1130 279 1168 nem
307 1117 474 1170 nobis
497 1117 799 1170 consocias.
824 1113 868 1170 Ο
891 1124 1086 1184 quanta
1112 1113 1362 1168 dicuntur
1384 1113 1436 1166 in
1462 1113 1750 1176 luxuriam,

136 1207 387 1274 quantis
413 1207 694 1275 prmeoniis
717 1207 992 1260 extollitur
1011 1207 1360 1269 continentia,
1387 1215 1441 1259 et
1460 1204 1528 1258 de
1556 1203 1756 1257 intimis

136 1299 451 1366 sapientia:
480 1298 796 1367 disciplinis,
825 1298 933 1352 diei
967 1313 1028 1352 ac
1057 1299 1256 1360 noctis,
1285 1298 1424 1350 luna:
1449 1311 1661 1358 cursus,
1691 1308 1756 1347 ac

135 1389 289 1444 solis
322 1391 494 1455 ratio,
522 1391 706 1444 mundi
733 1390 885 1444 istius
915 1399 1101 1444 natura
1127 1389 1452 1445 describitur
1477 1405 1493 1454 ;
1538 1396 1594 1442 et
1621 1386 1758 1440 hanc

141 1483 334 1551 ipsam
369 1481 888 1550 disputationem-ad
915 1483 1311 1550 Scripturarum
1341 1480 1506 1535 refers
1531 1479 1758 1533 auctori-

142 1582 326 1627 tatem
354 1611 382 1636 ν
426 1586 496 1626 ne
540 1572 592 1625 in
625 1571 868 1626 Paschali
899 1573 1039 1626 libro
1067 1571 1296 1626 videaris
1321 1571 1388 1624 de
1412 1570 1757 1624 saecularibus

143 1664 466 1734 quidquam
511 1663 754 1718 fontibus
797 1673 1088 1717 mutuatus.
1134 1663 1272 1728 Quid
1324 1663 1470 1730 plura
1498 1662 1523 1714 ?
1569 1660 1626 1713 In
1675 1659 1757 1712 his

143 1753 388 1808 laudare
425 1762 478 1807 te
507 1769 735 1819 vereor,
770 1769 852 1806 ne
879 1752 1182 1805 assentandi
1221 1753 1436 1804 crimen.
1465 1751 1751 1803 incurram.

139 1844 413 1913 Optimus
447 1843 584 1898 liber
612 1853 717 1908 est,
746 1853 800 1896 et
829 1844 880 1895 in
911 1842 1268 1908 Philusopliis,
1299 1849 1354 1894 et
1377 1855 1542 1910 agens
1572 1854 1757 1893 susce-

142 1943 298 2002 ptam
333 1947 567 1988 causam
611 1933 813 2001 absque
854 1932 1048 1985 invidia
1080 1946 1452 2000 personarum.
1485 1929 1635 1984 Unde
1663 1929 1760 1982 ob-

139 2039 310 2079 secro
359 2033 463 2088 te,
515 2024 756 2093 ignoscas
802 2023 1034 2077 tarditati
1083 2025 1246 2078 etiam
1292 2039 1461 2086 meae;
1498 2024 1568 2075 ita
1613 2022 1755 2076 enim

145 2128 364 2171 sanetae
380 2123 446 2170 et
462 2115 782 2169 venerabilis
797 2115 973 2169 Paula:
986 2115 1262 2169 confectus
1276 2130 1392 2169 sum
1411 2114 1754 2180 dormitione,

149 2218 212 2260 ut
242 2207 467 2275 absque
497 2205 846 2258 translatione
872 2205 1030 2273 hujus
1057 2206 1204 2269 libri,
1236 2221 1402 2274 usque
1434 2205 1487 2258 in
1522 2220 1757 2273 praesen-

152 2299 366 2351 tiarum
414 2295 551 2348 nihil
590 2295 730 2348 aliud
761 2295 924 2348 divini
951 2294 1132 2363 cperis
1159 2296 1482 2363 scripserim.
1517 2294 1758 2348 Perdidi-

154 2402 282 2441 mus
313 2385 497 2448 enim,
529 2394 585 2437 ut
613 2385 726 2454 ipse
755 2385 917 2449 nosti,
947 2393 1170 2453 repente
1199 2384 1484 2448 solatium,
1514 2384 1652 2454 quod
1682 2384 1764 2455 (ut

155 2475 527 2532 conscientiae
565 2483 763 2529 nostra:
796 2476 947 2529 testis
975 2484 1059 2530 est
1087 2475 1375 2545 Dominus)
1406 2491 1510 2528 non
1541 2475 1607 2529 ad
1640 2491 1761 2545 pro-

158 2568 314 2637 prias
340 2565 601 2622 ducimus
629 2567 978 2621 necessitates
996 2606 1013 2632 ,
1041 2566 1135 2620 sed
1163 2565 1228 2620 ad
1267 2577 1572 2620 sanctorum
1603 2568 1762 2622 refri-

158 2659 337 2728 geria,
368 2657 572 2726 quibus
601 2656 688 2709 illa
715 2657 944 2711 sollicile
971 2656 1258 2711 serviebat.
1290 2656 1483 2712 Sancta
1515 2667 1571 2712 et
1599 2672 1760 2712 vene-

160 2750 356 2804 rabilis
389 2758 484 2815 te,
538 2748 643 2802 lilia
689 2759 777 2803 tua
827 2749 1212 2816 Eustochium,
1263 2767 1382 2819 quae
1426 2751 1621 2804 nullam
1668 2764 1765 2819 pro

163 2841 360 2895 matris
381 2840 633 2894 absentia
666 2842 854 2910 recipit
873 2843 1315 2904 consolationem,
1343 2850 1393 2896 te
1418 2845 1660 2896 universa
1688 2843 1773 2911 (α)-

163 2929 519 2984 Fraternitas
565 2931 879 3000 suppliciter
905 2933 1118 2986 salutat.
1157 2930 1231 3002 (ὁ)
1264 2932 1453 2986 Libros
1497 2947 1632 3000 quos
1668 2932 1768 2986 du-

163 3019 296 3074 dum
335 3020 631 3090 scripsisse
662 3029 718 3076 te
754 3022 1046 3087 nuntiasti,
1079 3023 1160 3075 vel
1191 3022 1442 3091 legendos
1471 3022 1622 3077 nobis
1643 3062 1659 3089 ,
1683 3022 1767 3077 vel

162 3111 482 3168 vertendos
507 3111 826 3166 transmitte.
856 3111 990 3165 Vale
1018 3113 1072 3165 in
1098 3111 1332 3166 Christo.

605 3213 765 3314 an
842 3241 1175 3297 EPISTOLA
1215 3242 1256 3297 c
1288 3241 1380 3312 (c).

244 3390 372 3430 9M?!
433 3387 721 3427 THEOPBILI
777 3388 1126 3427 ALBXANDRINI
1184 3386 1409 3427 El’ISCOPI
1465 3388 1532 3426 AD
1583 3385 1774 3426 ’1⁵0⁸1⁵1118

176 3481 389 3523 scum
432 3478 710 3520 episcopos
747 3479 1030 3520 rascmus
1061 3464 1141 3534 (d)
1170 3479 1292 3518 iam
1336 3463 1460 3518 404.
1505 3480 1537 3517 n
1587 3478 1774 3520 mano-

176 3571 320 3611 NYIO
348 3570 707 3611 INTERPBETE.

179 3647 507 3701 Ccssandum
547 3663 579 3698 a
619 3647 866 3715 peccatis,
911 3647 1038 3701 inita
1086 3647 1330 3701 virtutum
1376 3648 1770 3712 consuetudine,

249 3752 356 3804 qua
378 3735 452 3788 ad
482 3736 684 3789 Pascha
705 3736 1060 3790 celebrandum
1087 3735 1246 3789 animi
1282 3747 1651 3810 praeparentur.
1678 3736 1773 3790 Je-

247 3827 524 3897 juniorttm
558 3826 1077 3895 quadragesimalium
1116 3825 1393 3879 observatio
1417 3838 1592 3880 sancta
1611 3868 1627 3894 ,
1671 3838 1776 3881 tum

253 3927 397 3970 recta
423 3917 480 3968 in
511 3913 679 3967 Deum
714 3914 841 3982 ﬁdes
879 3924 1253 3983 proponuntur.
1287 3915 1520 3985 Origenis
1544 3931 1774 3982 errores,

251 4021 388 4076 quos
437 4003 692 4057 exsecrari
735 4013 966 4070 aportcat
1013 4012 1131 4056 ante
1169 4001 1497 4056 Dominicum
1551 4003 1777 4059 Pascha.

251 4093 530 4149 Cafcanda
553 4093 760 4161 insuper
785 4093 1020 4160 avaritia,
1053 4103 1099 4147 et
1121 4094 1284 4147 amori
1311 4093 1364 4147 in
1388 4093 1552 4148 Deum
1576 4096 1780 4150 dilectio

254 4186 312 4240 in
340 4184 613 4255 proximos
628 4183 920 4253 jungenda.

256 4299 312 4354 ι.
341 4297 498 4354 Nunc
541 4311 756 4367 quoque
802 4297 895 4352 Dei
934 4297 1050 4350 viva
1096 4296 1357 4368 sapientia
1408 4311 1506 4353 nos
1543 4297 1610 4353 ad
1657 4312 1782 4354 san-

253 4429 328 4492 (α)
353 4431 581 4481 Fratrum
603 4437 775 4492 cintus,
798 4428 1163 4492 quisolitariam
1185 4443 1293 4478 cum
1317 4428 1612 4492 Hieronymo
1633 4431 1781 4480 vitam

191 4490 438 4562 agebant,
484 4490 782 4562 Παιεῖηξιαδ
815 4490 930 4562 beic
964 4491 1228 4562 lpciobvio
1267 4504 1421 4562 sensti
1455 4490 1777 4562 intelligitur;

196 4550 304 4614 ejus
322 4550 489 4602 tamen
508 4551 730 4614 vocabuli
749 4551 875 4614 apud
894 4550 1258 4614 ecclesiasticos
1262 4551 1544 4614 Scriptores
1565 4550 1782 4614 acceptio

194 4612 326 4675 varia
351 4620 446 4670 est,
474 4621 528 4663 et
549 4611 860 4675 signiﬁcatio:
887 4625 980 4675 nec
1002 4625 1218 4675 raropro
1241 4611 1456 4675 Ecclesia
1477 4613 1619 4670 sumi,
1644 4611 1779 4675 saepe

197 4672 589 4736 etiani_niysterii
603 4672 813 4736 multum
829 4685 886 4722 ac
902 4672 1220 4736 religionisin
1239 4686 1300 4721 eo
1320 4674 1526 4736 positum
1543 4672 1776 4736 invenias.

197 4727 306 4804 Xid.
340 4727 572 4804 Opiat'um
608 4733 876 4804 Milevitan.
902 4727 1118 4804 init.‘lib.
1147 4735 1191 4782 1.
1229 4727 1597 4804 de'Schismate
1619 4734 1781 4784 Dona-

197 4795 431 4855 tistar._i_n
456 4807 668 4855 eumque
689 4795 940 4844 doctorum
961 4797 1172 4843 virorum
1194 4802 1348 4844 notas.

252 4849 340 4918 _(b)
363 4851 502 4902 Hand
524 4849 888 4918 aliosputamus
903 4855 1102 4918 indicari
1131 4856 1294 4912 libros,
1315 4869 1458 4917 quam
1473 4854 1778 4918 rlllosﬂlnve-

197 4914 624 4978 ctivarumcontra
645 4914 696 4978 S.
719 4916 956 4978 Joannem
973 4914 1376 4978 Clirysostomum,
1399 4917 1483 4977 qui
1507 4918 1569 4965 ab
1599 4917 1778 4966 Hiero-

201 4983 346 5031 nymo
369 4971 568 5032 quidem
589 4973 759 5025 Latine
782 4976 1012 5039 explicati
1047 4971 1194 5035 s'unt;
1231 4977 1322 5025 sed
1353 4971 1551 5024 minime
1582 4984 1777 5026 aetatem

201 5029 423 5080 tulerunt
461 5045 627 5086 neque
665 5035 714 5083 in
758 5036 922 5086 Graeco
961 5037 1228 5086 exemplari
1255 5071 1270 5086 .
1314 5049 1479 5086 neque
1518 5037 1570 5084 in
1609 5037 1777 5086 Latina

295 5047 423 5080 εηιιιι
461 5047 627 5084 neque
665 5048 714 5083 Ill
758 5047 922 5084 Draco
961 5047 1228 5084 exemplari
1255 5071 1270 5084 α
1314 5049 1479 5084 neaue
1518 5051 1534 5084 ι

201 5047 423 5080 tulerunt
461 5047 627 5095 neque
665 5048 714 5083 tn
758 5047 922 5086 Draco
961 5047 1228 5099 exemplari
1255 5071 1270 5096 ,
1314 5050 1378 5085 ne
1415 5049 1479 5086 ue
1518 5050 1570 5084 tu
1609 5047 1778 5087 Latina

199 5090 609 5164 interpretatione
627 5128 642 5152 ,
668 5097 890 5164 exceptis
911 5098 1036 5164 apud
1069 5098 1345 5164 Facundum
1374 5050 1777 5164 llqrmianensem

201 5148 488 5223 fragmentis
503 5148 738 5223 perquam
757 5148 970 5219 eiiguis.
993 5159 1200 5210 Consule
1221 5159 1362 5223 paulo
1379 5157 1503 5207 infra
1526 5159 1778 5222 epistolam

133 5239 140 5250 .
201 5186 970 5323 ςῖῖ·έ·ιν;ί;;;ειςῖ,ιιι;ςῖις·ε;ιξῖι;εξ.”·
993 5186 1124 5278 ωυέ

264 5271 334 5323 (cl
372 5288 406 5322 Α
431 5313 444 5323 .
468 5289 665 5323 numera
686 5287 835 5323 mret-
857 5280 1040 5323 utrium
1075 5287 1122 5323 ρι

264 5271 342 5392 ξὲὂ
372 5271 1045 5392 ’ἧέληῗιπῖνὲυῐέἲέἓτῗξῗξῧ
1068 5275 1776 5392 acassam-ta;

324 5337 342 5394 )
375 5335 608 5388 Nimirum
631 5335 901 5404 superioris
932 5335 1045 5391 ahni
1068 5343 1179 5393 405.
1214 5342 1498 5394 Paschalem
1523 5339 1777 5404 epistolam

201 5390 527 5467 gygen-bamus
557 5415 655 5467 non
795 5390 970 5467 Latine
997 5390 1396 5467 interpretatus,
1429 5390 1486 5454 et
1521 5390 1778 5466 splendide
1843 5409 1846 5412 θ

202 5452 554 5534 ἷξᾳξιξξιξῐξιιξιι
576 5465 659 5534 qui
682 5461 809 5511 illam
841 5452 1496 5534 arbitrantur'intercidisse,
1532 5452 1636 5514 t'um
1658 5475 1780 5534 y-ero

203 5518 414 5568 maxime
432 5522 516 5628 Ἑιὶ
539 5518 748 5595 priorem
769 5525 885 5597 anni
908 5526 993 5576 401
1022 5534 1078 5580 ut
1097 5527 1316 5579 lacunam
1338 5518 1597 5591 impleant,
1628 5523 1777 5577 alteri

203 5573 295 5628 ιω
312 5591 424 5628 cum
487 5594 652 5628 aromo
672 5586 966 5628 adscribunt-

312 5591 424 5632 cum
445 5586 652 5642 Heronio
672 5586 966 5638 adscribunt.

1569 189 1893 249 EPISTOLA
1930 192 1993 250 (Ξ.

3325 206 3434 265 8η

1852 317 1997 361 ctum
2065 317 2320 377 provocat
2383 310 2587 366 Pascha
2647 310 3053 381 celebrandum,
3102 330 3292 372 omnes
3332 333 3430 372 en-

1853 399 2006 469 picns
2050 400 2168 468 ejus
2210 415 2329 456 esse
2373 403 2704 472 participes:
2737 403 2881 456 unde
2919 419 3148 475 propero
3191 408 3259 462 ad
3299 408 3438 463 illud

1852 501 2131 546 currentes
2155 492 2345 561 gradu,
2372 492 2596 561 jejnniis
2631 501 2686 548 et
2710 493 3041 548 continentia
3067 497 3323 565 omnique
3345 497 3429 552 af-

1855 580 2088 636 ﬂictione
2107 582 2348 650 corporis
2371 592 2668 652 pugnantes
2689 593 2874 638 contra
2907 584 3160 638 virtutum
3185 586 3432 642 adversa-

1855 669 2052 723 riarnm
2081 670 2418 736 industriam,
2442 674 2742 743 voluptates
2765 673 3071 744 redigamus
3084 675 3154 728 ad
3179 675 3429 742 nihilum,

1855 759 1973 814 fulti
1999 761 2292 817 Salvatoris
2316 765 2560 818 auxilio:
2593 773 2648 820 et
2691 779 2906 834 peccata
2953 776 3134 821 nostra
3167 768 3279 821 Deo
3299 809 3314 830 ,
3344 771 3432 836 qui

1854 867 2046 906 sanare
2095 862 2290 922 potest,
2341 856 2655 923 simpliciter
2679 856 3020 920 conﬁtentes,
3069 873 3256 912 verum
3305 873 3436 912 con-

1856 943 2094 997 scicntia:
2139 943 2398 1012 judicium
2431 945 2820 1012 formidemns,
2874 957 2931 1001 ut
2977 962 3096 1002 cum
3148 947 3437 1002 David‘vo-

1855 1031 2142 1086 ciferantcs
2196 1043 2358 1102 atque
2429 1034 2668 1089 dicentes
2716 1053 2730 1088 :
2783 1035 3002 1089 Peccata
3073 1036 3430 1090 adolescentia:

1858 1138 1983 1176 mea!
2017 1119 2087 1194 (e)
2114 1125 2492 1194 et'ignorantiat
2529 1142 2750 1180 meane
2793 1128 3082 1181 memineris
3105 1144 3124 1180 :
3151 1131 3431 1183 secundum

1859 1215 2258 1268 misericordium
2287 1226 2425 1269 totam
2473 1235 2664 1270 memor
2688 1228 2792 1272 esto
2817 1221 2914 1272 mei
2942 1219 3058 1291 (Ps.
3086 1220 3179 1274 27.
3208 1221 3297 1292 7);
3326 1231 3435 1274 ter-

1859 1317 1983 1358 rore
2033 1305 2168 1372 ignis
2211 1307 2398 1360 mterni
2429 1309 2725 1362 crescentia
2769 1309 2894 1362 vitia
2919 1324 3298 1364 consumemus
3339 1309 3432 1381 [ιιι.

1858 1395 2237 1467 consumamus]
2269 1411 2529 1464 :quornm
2577 1398 2696 1451 linis
2739 1409 2842 1464 est,
2889 1401 2994 1452 alia
3023 1393 3172 1454 ultra.
3213 1417 3314 1454 non
3365 1401 3444 1453 fa.

1858 1499 2006 1546 cere,
2021 1494 2074 1539 et
2096 1487 2374 1540 exordium
2393 1489 2598 1552 salutis,
2625 1491 3019 1557 przeteritorum
3045 1492 3262 1546 oblivio.
3289 1491 3441 1547 Sicut

1859 1579 2000 1631 enim
2030 1579 2345 1646 principium
2369 1581 2467 1632 viae
2502 1579 2561 1650 (f.
2587 1581 2725 1650 vita)
2756 1581 2936 1648 bonae,
2963 1582 3140 1637 facere
3165 1583 3330 1652 justa,
3363 1585 3444 1638 sic
3505 1583 3508 1586 ’

1858 1668 2139 1720 exordium
2169 1670 2495 1723 cessantium
2530 1682 2873 1737 peccatorum
2905 1682 3008 1739 est,
3041 1689 3225 1727 eorum
3273 1664 3442 1741 impc-

1862 1766 1945 1812 tus
1987 1757 2264 1824 cohibere,
2293 1759 2423 1813 dum
2469 1769 2561 1813 aut
2591 1763 2798 1816 ratione
2829 1764 3126 1825 frcnantur,
3176 1775 3264 1817 aut
3295 1774 3441 1818 metu

1859 1848 1935 1903 ad‘
1973 1850 2262 1918 praecipitia
2312 1865 2416 1904 non
2465 1851 2705 1905 veniunt.
2753 1853 2993 1922 Cumque
3023 1854 3153 1923 legis
3201 1855 3356 1909 fuerit
3389 1855 3439 1908 in

1859 1941 2040 1996 animo
2078 1941 2402 2007 recordatio,
2450 1943 2592 1998 illico
2645 1943 2873 2013 fugiunt,
2903 1953 2956 1998 et
2985 1954 3259 1999 cessantes
3303 1946 3442 1999 ultra

1863 2031 2175 2100 procedere,
2204 2032 2256 2086 in
2281 2033 2718 2102 triumphantium
2742 2034 2993 2087 virtutum
3017 2045 3189 2087 castra
3222 2035 3285 2103 (Ι)
3315 2051 3444 2088 eon-

1860 2123 2476 2194 cednnt,paulatimqne
2523 2125 2833 2191 pmnitendo
2904 2127 3066 2196 612
3149 2127 3442 2179 referentes

1863 2215 2088 2284 pedem,
2137 2225 2191 2270 et
2221 2217 2538 2285 sapientium
2580 2216 2836 2285 judicium
2877 2217 3240 2279 declinantes,
3277 2217 3442 2270 instar

1864 2304 1991 2358 fumi
2023 2307 2364 2360 resolvuntur
2394 2307 2444 2360 in
2473 2307 2717 2361 nihilum.
2751 2306 2975 2361 Difﬁcile
2998 2315 3254 2360 sanantur
3282 2308 3441 2369 mala,

1863 2413 1983 2465 qum
2005 2412 2109 2448 non
2133 2396 2310 2450 statim
2354 2406 2410 2450 ut
2430 2411 2675 2450 crescere
2714 2405 3011 2464 coeperunt,
3039 2395 3441 2464 opprimuntur:

1866 2486 2035 2540 facilis
2058 2495 2141 2541 est
2167 2501 2353 2541 eorum
2392 2487 2705 2550 eradicatio,
2739 2487 2989 2556 cnmqni‘
3022 2486 3220 2540 dudum
3252 2501 3444 2554 pecca-

1863 2585 2091 2640 verunt,
2126 2591 2220 2645 per
2243 2577 2611 2644 paenitentiam
2641 2575 2706 2629 ad
2741 2577 3074 2646 prudentiam
3117 2585 3446 2629 convertun-

1867 2675 1972 2728 tnr,
2001 2675 2055 2720 et
2077 2666 2180 2720 line
2204 2665 2480 2734 peccandi,
2504 2667 2924 2720 emolumentmn
2949 2665 3249 2720 invenerint
3277 2667 3449 2733 pomi-

1869 2757 2032 2810 tcndi.
2079 2756 2262 2825 Neque
2301 2757 2442 2810 enim
2493 2771 2779 2825 possumus
2824 2756 3131 2824 opprimere
3180 2755 3447 2809 incentiva

1867 2846 2136 2908 vitiorum,
2168 2846 2268 2899 nisi
2297 2847 2520 2900 virtutes
2548 2845 2724 2899 facere
2750 2845 3074 2912 emperimus
3105 2862 3120 2898 :
3153 2855 3240 2896 aut
3269 2859 3450 2899 cessa-

1870 2937 2000 2990 bunt
2032 2947 2208 2991 vetera
2236 2936 2545 3005 priusquam
2588 2950 2848 2988 novorum
2879 2934 3132 3002 Operibus
3159 2933 3453 2985 excludan-

1871 3037 1974 3080 tur.
2001 3026 2069 3080 Et
2098 3025 2366 3093 quomodo
2391 3026 2434 3078 si
2463 3036 2650 3079 contra
2678 3023 3118 3093 supervenientes
3150 3023 3452 3091 voluptates

1872 3119 2025 3173 firmo
2055 3120 2232 3172 animo
2259 3119 2592 3184 resistamus,
2627 3118 2893 3187 prmterita
2919 3124 3133 3186 peccata
3161 3114 3407 3169 delentur
3435 3132 3448 3168 :

1873 3210 1940 3263 ita
1970 3224 2318 3278 perseverans
2345 3210 2387 3264 si
2420 3207 2579 3263 fuerit
2607 3210 2998 3278 praeteritorum
3030 3207 3249 3270 oblivio,
3279 3204 3451 3259 futura

1871 3303 2065 3358 delicta
2087 3303 2224 3356 ultra
2251 3315 2496 3356 crescere
2522 3315 2628 3354 non
2658 3299 2933 3355 valebunt.
2961 3297 3221 3352 Malorum
3255 3297 3452 3364 quippe

1872 3405 2205 3462 cperatores,
2237 3391 2388 3460 quasi
2418 3392 2470 3445 in
2508 3390 2765 3444 ditionem
2805 3403 2954 3441 suam
2998 3387 3300 3456 redigentes
3335 3400 3450 3449 eos,

1874 3484 1961 3551 qni
1993 3490 2216 3551 possunt
2241 3481 2549 3552 prohibere,
2596 3495 2697 3534 nec
2737 3477 3044 3548 prohibent,
3075 3485 3183 3529 tota
3223 3475 3289 3528 ad
3331 3489 3456 3543 pec-

1873 3574 2101 3627 candum
2131 3571 2530 3626 debacchentur
2567 3570 2793 3634 insania,
2835 3577 2892 3622 et
2921 3567 3188 3621 silentium
3235 3567 3286 3618 in
3329 3579 3457 3618 sen-

1875 3678 1994 3718 Sum
2036 3662 2328 3727 trahentes,
2377 3658 2632 3729 quidquid
2684 3659 2862 3711 animo
2909 3657 3073 3709 libido
3111 3655 3454 3724 suggesserit,

1876 3770 2038 3824 opere
2057 3753 2273 3822 explere
2293 3753 2555 3804 nituntur.
2577 3750 2824 3803 Libertas
2846 3746 3185 3813 praesentium
3209 3745 3457 3798 vitiorum

1878 3845 2050 3899 futura
2074 3843 2337 3912 germinat
2358 3841 2484 3893 vitia
2513 3857 2525 3892 :
2559 3849 2611 3893 et
2635 3840 2678 3892 si
2707 3839 2884 3906 priora
2911 3835 3230 3903 neglexeris,
3259 3834 3377 3888 fons
3405 3847 3461 3890 et

1878 3932 2224 3989 seminarium
2255 3929 2548 3983 futurorum
2575 3935 2676 3982 est.

1948 4023 2003 4076 2.
2039 4019 2364 4076 Prohibenda
2389 4027 2615 4089 peccata.
2645 4017 2775 4084 Quae
2798 4029 2918 4070 curn
2951 4015 3020 4068 ita
3051 4013 3179 4077 sint,
3210 4012 3301 4084 qui
3333 4028 3460 4082 pos-

1880 4123 2004 4168 sunt
2030 4112 2315 4182 prohibere
2354 4117 2669 4178 peccantes,
2712 4116 2766 4161 et
2805 4104 3002 4160 laboris
3045 4104 3166 4172 fuga
3195 4104 3462 4173 inertique

1880 4203 2094 4258 silentio
2117 4200 2478 4261 dissimulant,
2509 4206 2561 4252 et
2586 4211 2831 4252 crescere
2861 4196 3133 4265 patiuntur
3157 4196 3315 4259 mala,
3343 4210 3465 4263 par-

1881 4295 2069 4361 ticipes
2097 4305 2284 4346 eorum
2325 4288 2624 4344 rectissime
2643 4286 3045 4358 judicabnntur,
3083 4286 3172 4356 qui
3216 4294 3464 4341 auctores

1881 4384 2143 4439 scelerum
2173 4389 2319 4444 sunt,
2347 4388 2401 4434 et
2429 4379 2763 4449 negligentia:
2791 4391 2978 4448 pmnas
3005 4379 3152 4432 luent
3181 4395 3195 4432 :
3221 4377 3346 4432 dum
3388 4377 3465 4430 ir-

1881 4471 2198 4529 mtionabile
2231 4470 2398 4524 otium
2439 4468 2622 4524 sudori
2671 4468 3040 4522 ulciscentium
3072 4467 3462 4537 prtetulerunt,

1882 4555 2141 4617 m'alentes
2163 4561 2398 4630 quietem
2421 4559 2761 4628 culpabilem,
2791 4573 2949 4628 quam
2973 4557 3313 4612 severitatem
3338 4557 3466 4612 vitia

1880 4651 2262 4707 Succidentcm.
2296 4650 2351 4704 Si
2374 4650 2518 4704 enim
2545 4648 2859 4703 recedamus
2886 4661 2916 4699 a
2944 4645 3107 4710 vitiis,
3142 4644 3353 4713 penitus
3387 4645 3468 4697 in-

1882 4745 2150 4808 teribunt,
2193 4750 2248 4796 et
2283 4755 2468 4795 eorum
2498 4739 2830 4793 fraudulenta
2870 4735 3095 4790 dulcedo
3135 4735 3458 4802 siccabitur;

1878 4834 2161 4902 omnisque
2188 4832 2418 4899 impetus
2446 4827 2732 4897 voluptatis
2759 4825 2988 4895 quodam
3011 4865 3027 4892 ,
3057 4833 3116 4878 ut
3140 4823 3214 4878 ita
3238 4823 3414 4880 dicam
3452 4867 3467 4890 ,

1878 4924 2136 4995 languore
2165 4921 2457 4990 torpescit:
2486 4917 2699 4988 quando
2726 4928 2884 4970 mens
2903 4925 3084 4969 nostra
3106 4913 3267 4970 fuerit
3293 4915 3464 4968 virtu.

1941 5095 2012 5157 (c)
2049 5094 2110 5157 in
2158 5091 2327 5141 Greco
2378 5101 2563 5157 nempe
2607 5100 2786 5157 ειτηιαςη
2840 5092 2893 5136 et
2947 5087 2997 5134 in
3037 5086 3209 5157 minori
3245 5097 3463 5157 numero

1877 5146 2112 5220 gignendi
2147 5163 2311 5220 casum
2338 5187 2352 5210 ,
2394 5155 2448 5199 et
2486 5146 2536 5220 in
2575 5146 2785 5220 plurium
2819 5147 3072 5220 accusandi
3109 5147 3325 5220 denotat.
3383 5146 3464 5196 Sic

1879 5206 2085 5281 proinde
2104 5225 2214 5262 cum
2240 5206 2482 5281 impressa.
2499 5206 2732 5281 lectione,
2758 5207 3088 5281 Augustinus,
3111 5206 3207 5281 duo
3229 5207 3457 5281 ιξριιιειυίι,

1877 5267 2027 5327 imum
2052 5267 2388 5326 Germanense
2403 5305 2418 5332 ,
2440 5276 2591 5332 atque
2613 5267 2820 5320 alterum
2839 5267 3142 5319 Carnutense
3166 5267 3461 5317 Psalterium

1879 5331 2075 5388 faciunt.

1941 5399 2006 5462 (f)
2040 5393 2254 5462 Perinde
2278 5400 2356 5462 est
2376 5399 2544 5462 atque,
2568 5405 2599 5442 a
2623 5389 2872 5462 virtutibus
2894 5389 3080 5462 comitia
3104 5389 3345 5462 (incutitur
3363 5401 3462 5457 ,nc

1878 5448 2254 5522 uiiimpltantur.
2300 5448 2606 5522 martianams
2637 5461 2800 5522 tamen
2830 5448 3039 5522 negandi
3077 5448 3461 5522 particulamin-

1880 5511 2116 5580 terserit,
2157 5515 2402 5568 contrario
2463 5528 2616 5567 sensu
2634 5549 2649 5579 ,
2697 5513 2749 5566 in
2791 5511 3188 5578 tt’iutitpltttttiiunt
3232 5511 3460 5562 virtutum

1881 5591 2042 5636 castra
2062 5593 2155 5635 non
2175 5580 2456 5634 concedunt.
