4054 6192
615 192 720 247 815
1328 237 1339 245 .

616 304 687 359 tis
713 303 1020 375 hospitium.
1047 298 1203 367 Legit:
1227 294 1531 350 recordatio
1555 309 1663 349 non
1690 293 1820 351 sinit
1845 300 2062 362 peccata
2090 305 2188 360 go-

616 395 834 458 nerari,
878 406 979 448 nec
1018 403 1081 444 ea
1118 399 1365 442 crescere
1408 385 1637 456 patitur;
1676 399 1906 454 eramque
1953 381 2191 437 futurum

619 483 856 538 tribunal
898 488 952 535 et
985 475 1386 532 formidolosum
1410 475 1597 546 judicii
1641 474 1792 530 diem
1814 472 1891 546 (ιι)
1917 473 2194 542 cogitave-

618 576 747 639 rint,
775 580 884 625 tum
911 568 1154 638 principii
1182 567 1326 622 diem
1350 606 1368 632 ,
1393 567 1631 622 medium
1651 605 1669 633 ,
1697 566 1966 636 finemque
1987 564 2190 634 peccati

618 658 955 730 prohibebit,
998 667 1056 712 et
1097 673 1311 713 amaros
1336 656 1482 713 illius
1505 655 1733 723 ﬂuctus,
1761 665 1922 726 atque
1964 655 2193 709 intume—

613 755 825 802 scentes
850 747 1088 816 gurgites
1126 761 1296 816 usque
1336 746 1404 802 ad
1442 747 1618 817 ipsum
1658 745 1895 809 fontem,
1922 757 2194 813 venasque

613 835 870 901 siccabit;
899 837 1068 890 virtus
1136 836 1301 907 613
1374 836 1494 906 lege
1521 837 1771 890 comitata
1812 834 2062 888 vitiorum
2092 845 2194 899 op-

615 925 807 992 primet
841 926 1076 991 semina,
1119 935 1176 980 et
1202 927 1436 981 animum
1473 925 1543 982 de
1567 925 1859 980 humilibus
1885 923 1953 978 ad
1981 921 2193 978 excelsa

612 1019 878 1074 sustollet.
911 1020 960 1074 Ε
987 1020 1260 1074 contrario
1285 1019 1437 1084 vitia,
1469 1019 1572 1073 nisi
1610 1025 1980 1080 coerceantur,
2007 1029 2196 1083 super-

611 1110 788 1174 biuut,
820 1119 877 1164 et
904 1109 1218 1164 obedientes
1239 1109 1340 1164 sibi
1369 1109 1438 1164 ad
1462 1109 1668 1164 inferna
1694 1107 2019 1167 detrudunt;
2047 1120 2195 1159 cum-

613 1217 721 1270 que
747 1201 916 1256 semel
947 1201 1286 1270 possederint
1312 1200 1538 1264 animas,
1573 1201 1880 1269 opprimunt
1900 1212 1992 1252 eas
2013 1197 2194 1270 illece-

613 1291 727 1346 bris
753 1291 1086 1360 voluptatum
1106 1330 1122 1354 ,
1164 1306 1265 1346 nec
1305 1291 1489 1344 sinunt
1514 1289 1666 1358 juxta
1699 1287 1915 1342 humani
1954 1285 2196 1354 corporis

615 1390 812 1436 statum
843 1382 896 1436 in
925 1382 1173 1449 sublime,
1205 1392 1553 1452 erectumque
1579 1381 1881 1448 suspicere,
1910 1380 2005 1433 sed
2030 1379 2198 1432 instar

616 1472 881 1541 pecudum
908 1472 975 1527 ad
1021 1482 1235 1528 terrena
1260 1471 1549 1527 declinant.
1584 1472 1660 1526 De
1686 1471 1877 1540 quibus
1916 1469 2198 1524 Psalmista

616 1571 862 1626 testatur,
895 1563 1102 1629 dicens,
1141 1561 1458 1616 Yocarerunt
1486 1563 1693 1615 nomina
1716 1577 1813 1615 sua
1841 1565 1893 1614 in
1921 1559 2067 1614 terris
2092 1558 2198 1613 suis

617 1651 788 1722 (Ρωι.
818 1653 930 1724 ts).

691 1746 747 1800 3.
777 1744 878 1810 Qui
901 1745 1132 1799 exuenda
1156 1746 1297 1797 vitia.
1329 1745 1476 1799 Dicat
1500 1744 1726 1813 aliquis,
1757 1743 1903 1814 quod
1923 1743 1969 1797 si
2000 1750 2201 1796 tantam

621 1835 823 1890 habent
850 1836 974 1889 vitia
1015 1835 1417 1901 fortitudinem,
1461 1843 1517 1890 et
1556 1834 1814 1903 plurimos
1855 1848 2025 1902 usque
2065 1832 2202 1887 adeo

622 1927 813 1982 blanda
841 1929 1190 1996 persuasione
1224 1926 1570 1996 supplantant
1600 1944 1615 1979 :
1645 1924 1771 1995 quid
1797 1923 1996 1979 debent
2017 1937 2200 1992 agere,

623 2019 712 2086 qui
744 2031 969 2086 peccare
1009 2032 1067 2072 se
1108 2017 1435 2082 sentientes,
1481 2016 1706 2084 cupiunt
1751 2024 1958 2068 mutare
1987 2022 2201 2082 peccata

625 2104 940 2167 virtutibus,
986 2113 1039 2158 et
1069 2119 1254 2158 amore
1283 2104 1565 2158 meliorum
1600 2103 1781 2171 pejora
1823 2103 2203 2156 contemnunt?

623 2193 859 2249 Audiam
903 2192 1272 2262 hujuscemodi
1315 2193 1622 2260 loquentem
1661 2191 1876 2261 Moysen
1909 2209 1922 2243 :
1954 2188 2028 2261 (ὁ)
2067 2189 2202 2244 Pec-

624 2283 788 2337 caui.’
816 2281 1021 2347 desine,
1052 2280 1158 2336 fine
1183 2281 1384 2350 peccati
1417 2281 1594 2350 priora
1621 2280 1937 2335 subvertens
1955 2321 1970 2345 ,
2003 2289 2057 2334 et
2083 2278 2202 2332 elfi-

625 2374 910 2431 eacissimo
933 2372 1286 2427 medicamine
1321 2372 1450 2426 vitia
1474 2371 1768 2426 emendans
1797 2371 2097 2426 cessatione
2121 2370 2205 2423 vi-

627 2465 822 2520 tiorum
850 2480 864 2516 :
893 2461 1076 2516 dulces
1103 2461 1256 2515 mala:
1284 2461 1406 2514 vitae
1438 2459 1720 2514 illecebras
1739 2499 1758 2526 ,
1787 2469 1842 2514 et
1871 2459 2206 2514 blandientes

627 2554 874 2624 corporis
899 2553 1218 2622 voluptates,
1246 2552 1397 2621 quasi
1429 2551 1588 2605 noxia
1612 2565 1816 2605 venena
1844 2550 2074 2604 declina.
2097 2548 2207 2604 Nec

628 2659 728 2714 per
756 2643 1012 2698 lubricam
1035 2651 1091 2696 et
1117 2641 1339 2696 mollem
1362 2640 1675 2695 deliciarum
1703 2639 2018 2709 ingrediaris
2042 2639 2206 2694 semi-

627 2743 735 2787 tam
765 2750 779 2788 :
811 2734 932 2803 quia
955 2732 1174 2802 jejuniis
1211 2739 1268 2786 et
1303 2731 1627 2786 continentia
1655 2727 1724 2801 (c)
1762 2728 2072 2783 solemnitas
2108 2743 2206 2796 ap-

627 2823 996 2894 prehenditur,
1027 2830 1084 2877 et
1111 2823 1200 2877 vix
1230 2821 1536 2876 laborantes
1575 2829 1735 2890 atque
1772 2818 2026 2873 sudantes
2069 2819 2206 2872 mala

627 2914 783 2969 bonis
811 2927 1094 2983 possumus
1119 2913 1423 2978 immutare,
1448 2919 1502 2967 et
1525 2918 1884 2980 repugnantes
1902 2911 2208 2979 opprimere

627 3007 956 3074 voluptates.
990 3003 1152 3059 Pauci
1191 3011 1353 3066 sunt,
1385 3004 1472 3072 qui
1511 3001 1733 3056 calcatis
1769 3000 1912 3054 vitiis
1941 3001 2206 3054 tramitem

630 3104 849 3152 teneant
896 3095 1173 3161 veritatis,
1227 3095 1354 3149 dum
1399 3093 1600 3148 malitia
1647 3091 1939 3146 innumeris
1980 3089 2209 3146 nocendi

629 3189 798 3244 utitur
822 3188 1048 3254 artibus,
1075 3196 1130 3242 et
1151 3186 1290 3240 vinci
1320 3199 1425 3239 non
1456 3192 1650 3252 potest,
1681 3183 1784 3236 nisi
1811 3182 2088 3252 sapientia:
2117 3181 2210 3236 de-

630 3293 794 3349 super
833 3277 1118 3332 fulciamur
1141 3275 1376 3340 auxilio,
1423 3274 1705 3327 clamantis
1746 3273 1898 3327 nobis
1941 3282 2102 3342 atque
2129 3271 2212 3325 di-

631 3368 800 3422 centis
830 3383 845 3420 :
879 3363 1008 3420 Noli
1037 3366 1240 3431 timere,
1276 3364 1396 3433 quia
1447 3373 1610 3417 tecum
1651 3380 1764 3416 sum
1790 3361 1941 3434 (Gen.
1972 3363 2064 3416 26.
2094 3359 2206 3430 Ἡ).

633 3456 752 3510 Mali
780 3455 1030 3510 interitus
1053 3463 1166 3519 est,
1210 3455 1349 3508 mala
1377 3454 1515 3508 ultra
1550 3470 1654 3508 non
1696 3453 1873 3506 facere
1899 3471 1913 3506 :
1943 3453 2092 3506 radix
2125 3453 2208 3506 vi-

634 3547 829 3600 tiorum
856 3545 988 3614 legis
1027 3544 1160 3599 scita
1198 3553 1562 3600 contemnere.
1601 3543 1666 3598 Ut
1705 3551 1919 3611 peccata
1948 3542 2212 3610 germinat

632 3635 730 3709 [aL
759 3633 1064 3709 germinant]
1091 3636 1431 3707 negligentia,
1463 3637 1532 3688 ita
1556 3631 1858 3686 sollicitudo
1877 3633 2098 3686 virtutes
2119 3647 2213 3702 pa-

633 3727 724 3782 rit.
755 3725 866 3781 Lex
889 3725 1152 3781 custodita
1181 3725 1328 3796 fugat
1358 3721 1700 3793 ignominiam
1721 3761 1736 3786 ,
1767 3720 2004 3789 neglecta
2036 3734 2212 3790 partu-

632 3816 704 3870 rit
728 3830 915 3886 pmnas
939 3832 953 3867 :
971 3823 1027 3870 et
1045 3825 1266 3885 quanto,
1289 3814 1335 3867 si
1361 3811 1707 3880 despiciatur,
1722 3812 1898 3865 severi
1917 3811 2111 3880 judicis
2130 3811 2210 3884 (ti)

632 3909 871 3963 imitatur
913 3907 1308 3968 trucuieutiam,
1338 3911 1508 3969 tanto,
1537 3907 1580 3956 si
1615 3911 1877 3966 servetur,
1908 3903 2212 3958 clementis-

633 4001 756 4055 simi
792 4000 960 4068 patris
997 3998 1215 4052 exhibet
1255 3995 1737 4050 mansuetudinem.
1768 3995 1953 4051 lctrun
1993 4011 2210 4052 necem

633 4089 864 4155 cessatio
893 4087 1106 4141 virtutis
1151 4086 1471 4156 principium
1501 4095 1603 4140 est.
1630 4083 1890 4140 Medicina
1915 4087 2212 4155 praeterito-

634 4192 790 4244 rum,
830 4191 894 4232 ac
931 4175 1309 4245 praesentium,
1350 4175 1754 4247 futurorumque
1790 4176 2038 4232 vitiorum
2078 4177 2216 4248 legis

696 4310 774 4420 fa)
808 4306 1064 4381 Mallemus
1111 4307 1328 4372 quidem,
1372 4307 1646 4419 cogitaverit
1671 4346 1685 4366 ,
1719 4307 1846 4378 quod
1890 4307 1972 4390 ad
1992 4313 2211 4378 mentem

713 4370 950 4420 ereudum
970 4376 1052 4420 sit.
1099 4370 1198 4420 Sed
1218 4369 1398 4419 deinde
1441 4370 1684 4420 egentium
1705 4381 1898 4417 Olnlllle
1920 4376 1997 4418 est
2034 4381 2211 4420 armci-

635 4368 950 4432 refereudum
970 4372 1052 4421 sit.
1099 4368 1198 4432 Sed
1214 4369 1398 4432 deinde
1420 4368 1684 4432 legendum
1705 4368 1898 4432 oinnino
1920 4376 1997 4418 est
2032 4368 2212 4432 princi-

637 4430 942 4496 pium_dies,__
963 4440 1047 4481 aut
1067 4429 1356 4496 principium
1380 4429 1596 4490 tantum,
1631 4431 1676 4477 si
1705 4429 1885 4496 mavis;
1919 4429 2047 4490 quod
2081 4430 2212 4477 enim

634 4489 864 4556 principii
890 4489 1020 4556 diem
1055 4489 1174 4541 editi
1211 4489 1469 4552 prmleruut
1489 4524 1506 4551 ,
1555 4489 1748 4539 tametsi
1792 4501 1891 4536 non
1933 4489 2173 4539 mutamus
2193 4525 2208 4550 ,

634 4554 910 4616 certissime
927 4554 1240 4616 depravatum
1260 4559 1353 4602 est.

704 4615 766 4683 (ὁ)
803 4609 1270 4683 Hunclécum,_c}im
1292 4625 1524 4674 nusquam
1549 4613 1599 4659 in
1619 4609 1956 4683 Pentateucho
1985 4611 2050 4659 sit
2073 4611 2209 4660 inve-

638 4669 765 4736 nir'e,’
791 4689 854 4725 ex
879 4689 1048 4726 eorum
1072 4669 1233 4724 indole
1257 4669 1479 4736 putamus
1502 4685 1633 4736 esse,
1659 4678 1714 4719 ut
1735 4669 2098 4736 Chrysostqmus
2119 4683 2208 4719 no-

636 4747 708 4788 tat
729 4730 910 4789 Homil.
925 4739 972 4786 7.
987 4737 1039 4786 in
1063 4730 1272 4798 prioreni
1286 4733 1345 4798 ad
1369 4732 1656 4790 Corinthios,
1664 4732 1757 4798 ,ιιιξὶ
1775 4730 1943 4792 scripti
1962 4730 2208 4798 dicuntur,

638 4813 749 4848 cum
781 4811 878 4849 non
913 4791 1082 4848 verbis
1099 4831 1113 4857 ,
1137 4794 1229 4857 sed
1250 4807 1308 4842 re
1331 4796 1432 4855 ipsa
1455 4791 1823 4857 cypressi’sint,
1855 4791 1883 4857 ς
1901 4791 2210 4857 quemadmol-

636 4862 750 4909 dum
786 4861 837 4909 in
875 4853 1127 4914 historiis}
1155 4855 1233 4904 vel
1267 4853 1376 4903 cum
1417 4853 1590 4914 eadem
1625 4853 1800 4913 scripta
1839 4853 1902 4901 sit
1945 4855 2208 4913 sententia,

637 4922 859 4983 quamvis
879 4932 975 4968 non
996 4913 1171 4983 iisdem
1193 4916 1378 4966 verbis.
1402 4931 1426 4961 ι
1449 4913 1631 4983 Verum
1655 4914 1855 4983 preprio
1869 4922 1975 4962 loco
1996 4914 2210 4983 iuvetu-

637 4974 814 5042 s'tioris,
837 4993 982 5042 quam
1008 4978 1178 5042 Italam
1209 4983 1396 5042 vocant,
1420 4974 1670 5042 versionis:
1692 4974 1939 5042 codicibus
1959 4975 2211 5042 exstitisse

640 5034 823 5092 Genesi.
850 5034 900 5092 λ.
928 5043 1002 5092 15.
1028 5041 1204 5089 indicat
1225 5038 1278 5087 S.
1299 5038 1403 5096 ipse
1423 5037 1574 5096 Pater
1590 5037 1682 5086 sub
1699 5035 1779 5084 lin.
1806 5034 1959 5096 Epist.
1986 5035 2211 5096 adSabi-

639 5103 851 5162 nianum,
877 5103 951 5152 his
974 5101 1179 5162 verbis:
1205 5095 1337 5159 Quod
1359 5098 1426 5147 ad
1447 5095 1566 5147 Cain
1597 5096 1781 5146 dictum
1813 5095 1900 5158 est,
1925 5096 2011 5146 tibi
2029 5095 2214 5146 dictum

639 5160 1296 5232 ριιςιιιὶεοοεεειὲςέιυῖαςιῖει,
1387 5220 1398 5232 .
1455 5221 1466 5232 .
1517 5217 1555 5232 .,
1598 5220 1610 5232 .

796 5196 1363 5330 ‘rmiii'uTc'c'frim
1387 5220 1497 5270 heic
1517 5217 1632 5278 loci,
1654 5230 1746 5268 seu
1767 5231 1901 5269 more
1927 5223 1979 5268 et
2001 5231 2210 5268 consue~

642 5288 692 5329 tu
729 5297 828 5343 ine,
860 5296 970 5346 quin
1006 5291 1199 5333 actuum
1238 5282 1870 5346 Arequeutiammparatur.
1915 5293 2014 5342 quo
2049 5287 2212 5328 tamen

641 5355 790 5406 sensu
812 5340 938 5406 apud
963 5345 1116 5406 honos
1138 5340 1364 5406 auctores
1387 5351 1464 5392 est
1474 5340 1630 5406 plane
1649 5340 1886 5406 insolens.

699 5401 778 5475 id!
816 5401 1002 5475 iterum
1024 5405 1214 5475 absque
1225 5402 1453 5475 codicum_
1473 5401 1588 5452 Mss.
1620 5413 1717 5475 ope
1741 5401 2004 5475 legendum
2028 5401 2201 5475 velini,

642 5461 890 5531 minitatur
921 5465 1025 5531 loco
1047 5461 1300 5531 imitatur,
1326 5464 1454 5531 quod
1497 5475 1593 5531 nec
1627 5461 1813 5512 is'ocnlo‘
1835 5463 2064 5522 sequenti
2097 5463 2214 5531 satis

641 5519 1062 5626 ξειξῶξεροηᾱοι
1091 5561 1104 5582 ,
1126 5537 1240 5585 nec,
1263 5519 1303 5574 si
1327 5519 1449 5588 quid
1472 5525 1708 5587 videmus,
1737 5519 1952 5585 congruo
1975 5534 2122 5574 sensu
2142 5522 2215 5572 di-

1877 178 2134 235 SANCTL
2158 175 2542 232 ωΕΒΟΝῐω

3793 185 3914 240 816

2302 288 2568 344 indefessa
2589 288 2866 344 meditatio
2888 306 2903 344 :
2933 304 3053 360 qua
3075 304 3196 345 arm
3223 294 3548 361 possessoris
3567 295 3658 350 sui
3685 295 3904 353 habue-

2299 379 2371 432 rit
2391 379 2770 444 securitatem,
2799 379 3007 434 cunctis
3042 381 3534 448 perturbationibus
3572 396 3762 440 caret.
3796 386 3900 442 Sa-

2299 469 2496 537 pientia
2522 469 2718 537 quippe
2757 469 2809 522 in
2839 469 2996 525 nobis
3031 481 3284 540 cperatur
3321 472 3564 529 bonum:
3599 485 3904 546 postquam

2299 559 2348 612 ei
2379 558 2636 612 mundum
2665 558 2845 613 cordis
2873 561 3260 628 prabuerimus
3278 562 3643 620 habitaculum
3664 607 3683 634 ,
3719 578 3782 622 et
3805 584 3898 623 co-

2296 649 2583 717 gitationes
2651 647 2819 720 ειη.
2887 649 2943 704 in
2988 665 3151 720 opera
3182 655 3520 710 verterimus.
3555 656 3672 711 Nec
3709 661 3894 713 ambi-

2296 740 2458 809 gitur,
2490 740 2615 809 quin
2661 741 2714 794 in
2757 752 3041 811 utramque
3075 753 3314 810 partem,
3345 747 3429 800 vel
3476 747 3756 814 faciendi,
3811 752 3898 804 vel

2299 843 2406 884 non
2431 827 2656 883 faciendi
2683 829 2843 894 bona,
2874 831 3176 887 habeamus
3195 833 3418 889 liberam
3450 837 3769 894 facultatem
3789 880 3810 905 ,
3840 852 3896 895 et

2298 922 2570 989 Oppressis
2599 922 2800 991 pravis,
2824 933 2970 977 recta
3000 934 3327 980 nascantur:
3356 935 3591 997 tuncque
3620 931 3900 986 virtutum

2299 1012 2440 1066 inter
2483 1027 2543 1066 se
2590 1013 2826 1068 concinit
2866 1014 3095 1081 chorus,
3139 1030 3264 1070 cum
3292 1018 3544 1073 vitiorum
3588 1021 3644 1074 in
3687 1023 3900 1078 animis.

2298 1099 2456 1154 fuerit
2481 1101 2735 1156 solitudo.
2767 1102 2919 1158 Sicut
2944 1105 3088 1158 enim
3116 1107 3445 1161 continentia
3477 1110 3531 1162 in
3561 1114 3894 1180 corporibus

2298 1193 2498 1246 nostris
2521 1194 2770 1249 obtinens
2797 1196 3176 1265 principatum,
3208 1198 3550 1256 inﬁrmitates
3578 1204 3734 1257 nasci
3766 1220 3888 1273 pro-

2299 1283 2484 1350 hibet,
2511 1293 2568 1338 et
2603 1293 2873 1340 amatores
2919 1287 3000 1340 sui
3043 1302 3143 1342 nec
3185 1287 3460 1356 debilitat,
3504 1307 3606 1349 nec
3652 1296 3884 1361 occidit,

2300 1374 2703 1444 praeteritosque
2733 1375 3019 1445 ianguores
3059 1376 3116 1430 in
3163 1378 3439 1446 pristinam
3471 1382 3712 1436 restituit
3737 1387 3883 1438 sani-

2301 1473 2483 1526 tatem,
2511 1475 2565 1520 et
2590 1466 2864 1534 expellens
2883 1467 3026 1536 quod
3051 1477 3236 1524 contra
3259 1479 3502 1525 naturam
3525 1483 3633 1540 est,
3665 1488 3890 1531 revocat

2301 1568 2362 1608 ea
2385 1570 2502 1624 quze
2524 1566 2726 1610 natura:
2748 1571 2980 1626 congrua
3001 1567 3144 1623 sunt,
3167 1567 3224 1612 ut
3241 1560 3434 1629 aqua“
3458 1570 3886 1630 temperamento

2301 1645 2424 1698 vitae
2451 1645 2609 1715 hujus
2633 1647 2772 1701 ratio
2799 1657 3150 1702 conservetur
3174 1665 3188 1702 :
3217 1647 3297 1703 sic
3321 1650 3506 1703 anima
3534 1652 3711 1720 lqum
3734 1655 3892 1719 jussa

2301 1751 2674 1804 conservans,
2717 1747 2974 1807 quantum
3005 1739 3246 1808 recipere
3289 1748 3478 1808 potest.
3501 1739 3740 1794 humana
3789 1758 3885 1796 na-

2306 1837 2454 1894 tura,
2493 1843 2524 1881 a
2563 1828 2822 1892 malorum
2851 1830 3170 1898 contagione
3195 1831 3510 1894 secernitur,
3553 1839 3609 1886 et
3637 1848 3705 1887 ex
3738 1836 3884 1887 omni

2305 1927 2452 1986 parte
2481 1917 2734 1984 sollicita,
2758 1933 2926 1987 seque
2953 1919 3394 1986 circumspiciens
3413 1959 3429 1981 ,
3459 1921 3587 1974 nihil
3609 1921 3680 1974 ad
3711 1937 3779 1977 se
3812 1923 3888 1975 in-

2307 2007 2471 2062 troire
2494 2007 2783 2076 permittit,
2813 2007 2956 2077 quod
2983 2009 3313 2062 contrarium
3338 2009 3409 2064 sit
3435 2009 3704 2078 praclaris
3736 2014 3886 2080 cogi-

2307 2097 2612 2152 titionibus.
2644 2097 2784 2164 Quin
2805 2098 2983 2166 potius
3005 2097 3059 2152 in
3083 2098 3338 2167 templum
3361 2113 3514 2154 versa
3538 2099 3653 2165 Dei,
3677 2101 3886 2156 caelesti

2301 2187 2500 2256 jugiter
2523 2189 2860 2242 solemnitate
2878 2188 3193 2257 perfruitur,
3209 2188 3412 2244 habens
3437 2188 3674 2253 divitias,
3702 2193 3885 2247 obser-

2307 2283 2538 2334 vnntiam
2568 2280 2731 2350 legis,
2761 2295 2880 2350 qua:
2900 2280 3142 2350 jacentes
3191 2283 3449 2346 suscitat,
3479 2281 3761 2350 malosque
3791 2298 3884 2351 pu-

2309 2371 2490 2435 niens,
2532 2370 2667 2426 alios
2693 2371 2948 2440 corrigit,
2977 2380 3032 2426 et
3070 2385 3283 2440 semper
3307 2371 3545 2426 clamans
3577 2389 3591 2423 :
3626 2371 3892 2440 Numquid

2306 2461 2391 2530 qui
2415 2459 2627 2523 cecidit,
2659 2475 2761 2513 non
2788 2459 3052 2530 resurget?
3079 2471 3170 2513 aut
3197 2462 3285 2530 qui
3311 2476 3514 2514 aversus
3540 2469 3613 2514 est
3631 2500 3658 2525 ,
3683 2477 3787 2514 non
3810 2477 3883 2514 rc-

2307 2559 2524 2602 uertetur
2547 2547 2759 2620 (Jerem.
2786 2546 2880 2620 8)?
2909 2563 3057 2618 spem
3101 2549 3290 2604 salutis
3333 2549 3555 2619 largitur
3586 2551 3886 2618 paenitenti-

2308 2639 2408 2692 bus
2433 2656 2446 2690 :
2474 2638 2602 2693 dum
2630 2647 2814 2693 monet
2833 2678 2847 2702 ,
2878 2646 2936 2691 ut
2962 2639 3129 2707 prosit
3159 2656 3173 2691 :
3205 2639 3459 2707 corripit,
3490 2647 3551 2692 ut
3588 2639 3840 2694 emendet
3868 2657 3880 2690 :

2310 2729 2676 2798 pudoremque
2707 2729 3051 2798 pristinorum
3083 2728 3327 2796 injiciens
3353 2739 3704 2798 peccatorum
3725 2770 3741 2792 ,
3772 2729 3888 2782 facit

2311 2820 2534 2874 meliora
2576 2819 2767 2874 sectari
2815 2837 2828 2873 :
2880 2835 3000 2889 qua:
3043 2831 3297 2889 appetere
3343 2835 3501 2874 nemo
3544 2821 3751 2888 possit,
3795 2821 3884 2874 nisi

2313 2912 2456 2981 prius
2484 2910 2831 2964 conscientia:
2857 2910 3080 2964 vulnera
3111 2909 3502 2963 condemnarit.

2380 3002 2438 3072 4.
2470 3000 2664 3054 Verum
2691 3001 2813 3070 quia
2851 3000 2940 3055 lex
2962 3001 3295 3068 negligentes
3320 3000 3402 3053 sui
3423 3041 3436 3063 ,
3468 3007 3524 3054 et
3567 3000 3620 3052 in
3654 3013 3883 3052 errorem

2310 3092 2588 3146 demersos
2609 3091 2848 3146 consiliis
2873 3092 3088 3160 eptimis
3115 3090 3181 3144 ad
3210 3091 3430 3144 meliora
3456 3104 3723 3145 revocare
3751 3089 3887 3143 festi-

2314 3192 2403 3234 nat
2423 3222 2437 3242 ,
2466 3182 2618 3251 quasi
2657 3196 2850 3235 norma
2885 3196 3169 3250 pravorum
3198 3195 3454 3250 operum;
3483 3195 3578 3238 eos
3603 3191 3781 3234 autem
3806 3180 3884 3249 qui

2313 3273 2418 3328 sibi
2435 3273 2708 3335 obediunt,
2737 3273 2939 3342 absque
2960 3273 3180 3341 pra-nuo
3203 3286 3323 3327 esse
3347 3287 3451 3326 non
3481 3273 3701 3341 patitur,
3726 3288 3884 3340 neque

2313 3365 2529 3418 :eternis
2557 3363 2816 3433 angustiis
2861 3364 3069 3432 premi;
3099 3372 3360 3432 quotquot
3404 3371 3648 3417 sanctum
3696 3363 3883 3417 Pascha

2313 3454 2673 3516 celebramus,
2709 3453 3036 3506 continentia
3079 3461 3238 3520 atque
3259 3452 3477 3520 jejuniis
3512 3454 3738 3506 latorem
3768 3454 3886 3522 legis

2313 3546 2541 3598 amicum
2569 3544 2719 3598 nobis
2741 3559 2862 3599 esse
2884 3544 3160 3600 faciamus.
3183 3544 3448 3612 Propheta
3473 3544 3554 3597 his
3575 3545 3665 3612 qui
3696 3544 3886 3598 Pascha

2314 3633 2585 3690 celebrant
2602 3675 2618 3699 ,
2651 3635 2995 3703 promittente
3023 3651 3036 3686 :
3071 3632 3187 3688 Eris
3212 3649 3400 3686 corona
3438 3633 3635 3692 decoris
3663 3636 3716 3686 in
3744 3651 3886 3686 ntanu

2314 3723 2553 3788 Domini,
2585 3733 2631 3776 et
2659 3723 2896 3778 diadema
2936 3723 3077 3794 regni
3105 3723 3157 3776 in
3189 3739 3343 3776 manu
3368 3722 3466 3776 Dei
3495 3724 3568 3777 tui
3608 3722 3777 3793 (lsai.
3807 3724 3882 3777 6‘2.

2315 3812 2389 3884 5).
2420 3813 2743 3884 Opulentum
2770 3815 3022 3868 virtutum
3051 3813 3357 3868 convivium
3397 3813 3770 3883 requiramus,
3810 3829 3888 3867 or-

2313 3915 2503 3960 nantes
2531 3921 2633 3961 nos
2660 3906 2882 3960 scientia
2921 3904 3317 3975 Scripturarum
3337 3945 3357 3970 ,
3391 3905 3542 3973 quasi
3570 3904 3887 3958 solemnibus

2314 3995 2666 4050 vestimentis.
2695 3995 2889 4050 Sancta
2910 4037 2926 4062 ,
2959 3994 3262 4048 lmtantibus
3289 3995 3570 4049 nobiscum
3597 3995 3818 4064 Angelis
3839 3994 3884 4047 in

2313 4085 2474 4153 etet»,
2501 4088 2681 4141 oscula
2711 4100 3089 4156 praeparemus,
3122 4085 3366 4155 fugantes
3386 4099 3604 4139 onmem
3629 4085 3887 4155 negligen-

2315 4177 2474 4241 tiam,
2503 4183 2558 4231 et
2581 4184 2891 4246 rumpentes
2920 4190 3127 4230 moram
3149 4215 3166 4241 ,
3199 4183 3256 4228 ut
3281 4175 3442 4230 alacri
3471 4190 3590 4229 cum
3621 4175 3888 4244 discipulis

2314 4269 2381 4324 ad
2423 4271 2753 4326 Salvatorem
2801 4284 3085 4340 pergamus
3146 4269 3388 4330 incessu,
3462 4268 3625 4340 615
3700 4268 3888 4322 dicant-

2315 4376 2482 4431 usque
2511 4361 2581 4428 ei,
2613 4360 2711 4417 Ubi
2733 4362 2806 4415 vis
2827 4377 3060 4430 paremus
3085 4359 3174 4413 tibi
3209 4357 3284 4432 (ιι)
3307 4358 3512 4414 Pascha
3533 4356 3896 4430 (Matthjti)?!

2377 4544 2449 4606 (a)
2479 4543 2728 4595 Revocant
2749 4544 2854 4595 haec
2875 4545 3019 4606 nobis
3035 4545 3087 4593 in
3109 4547 3330 4606 mentem
3355 4509 3618 4601 pericopen
3641 4538 3892 4606 quamdam

2314 4598 2571 4668 Theophili
2602 4606 2774 4668 nostri,
2797 4605 3097 4668 quam,_dum
3119 4601 3286 4668 Roma:
3309 4598 3571 4668 ageremus
3589 4635 3603 4656 ,
3629 4598 3694 4668 εξ
3718 4598 3892 4668 Catena

2294 4661 2518 4728 ‘quadam
2556 4667 2608 4714 in
2629 4661 2859 4715 Vaticano
2881 4661 3125 4717 Cod.699.
3157 4661 3490 4729 antiquissimo
3527 4661 3889 4729 exscripsimus,

2316 4719 2430 4788 quae
2453 4739 2492 4778 ιι
2510 4743 2576 4786 τῆς
2598 4737 2635 4776 ot
2657 4729 3120 4790 μετισταῆςηδὶνθ-εω
3139 4719 3328 4790 decinia
3344 4719 3587 4790 paschali.
3610 4719 3890 4790 dicitur‘ex-

2507 4801 2522 4836 :
2547 4777 2638 4835 nos
2658 4777 2770 4856 huic
2792 4777 3114 4856 eo'iibentius
3132 4784 3500 4856 subnectimus,
3527 4777 3657 4856 quod
3676 4780 3889 4856 nondum

2332 4861 2366 4896 ι
2387 4847 2566 4910 vulgus
2595 4847 2864 4910 prodiderit
2889 4863 2906 4909 ;
2927 4849 3003 4896 sic
3023 4855 3189 4896 autem
3211 4858 3269 4895 se
3291 4844 3455 4893 habet.
3482 4844 3546 4897 in
3565 4850 3673 4890 πάλιν
3697 4853 3745 4890 τὸ
3768 4865 3889 4903 κιρ.-

2312 4919 2487 4970 κὶτισιω
2523 4921 2778 4970 autem.“
2813 4926 2878 4968 τις
2913 4919 3038 4964 “Em
3073 4917 3352 4962 humiliatus;

2313 4982 2377 5030 τὴν
2401 4963 2644 5034 sicce-uim
2748 4963 2989 5032 οιιουάσχι
3006 4963 3196 5031 ίανήτνμν
3210 4975 3506 5029 κυκεῶνα
3523 4979 3675 5025 βοῶπις
3686 4963 3745 5025 ἡ·
3756 4963 3863 5013 1w:
3880 5001 3890 5017 .

2314 5048 2382 5081 τοῦ
2407 5044 2518 5091 “hic
2541 5045 2782 5093 ιτοψάσηκν
2821 5056 2884 5082 σοι
2902 5043 2947 5082 τὸ
2967 5043 3119 5093 siqu;
3139 5040 3198 5078 ὅτι
3217 5040 3283 5078 ια).
3304 5039 3477 5088 μαθόντες
3499 5036 3583 5088 πάρ’
3605 5035 3722 5072 εἶιυῦ
3745 5036 3779 5073 ιν
3807 5035 3885 5073 ἄνι-

2315 5106 2406 5154 τιὶο
2427 5101 2500 5144 8d»
2540 5105 2708 5144 ιπιτιλιῖν
2743 5109 2868 5151 τοῦτο,
2887 5098 2961 5142 ἄν.
2993 5107 3062 5142 νῦν
3084 5097 3327 5152 vsa-drodant
3353 5099 3572 5154 apsntum
3604 5096 3760 5147 ιγινοκο
3783 5097 3829 5141 si;
3849 5098 3889 5130 τά

2313 5150 2402 5216 ira
2424 5173 2493 5204 τω
2513 5165 2620 5217 ἁγίων
2653 5163 2824 5216 δρομαῑοι
2844 5170 2892 5216 τῇ
2912 5166 3030 5216 τάμῃ
3068 5150 3299 5208 suam“.
3341 5150 3438 5198 ἐνδυ.
3461 5157 3481 5196 ὅ
3501 5155 3661 5208 Κρητός
3682 5156 3792 5203 αὐτὸς
3813 5155 3887 5204 imo

2315 5228 2411 5277 ἦμῦν
2435 5228 2608 5275 defiunt,
2629 5229 2694 5266 τοῦ
2715 5226 2814 5266 κατὰ
2845 5228 2907 5264 τὸν
2929 5225 3038 5263 vim
3069 5223 3252 5275 ἀπαθῶς
3273 5222 3432 5259 cintus
3452 5224 3518 5266 τῆν
3540 5225 3682 5269 χρεων,
3704 5217 3786 5266 ᾐδ
3808 5217 3884 5254 nh-

2315 5290 2393 5326 νιαν
2413 5289 2586 5340 λῦτμισιν
2620 5287 2819 5338 ἀράμενοί
2849 5287 2914 5326 ιιι
2940 5284 3027 5337 bdo
3061 5285 3159 5333 ήμῢι
3182 5281 3406 5334 Infundas
3427 5286 3479 5332 τῷ
3799 5277 3873 5316 Μ

2315 5351 2401 5388 πότι
2423 5338 2572 5401 sum
2587 5347 2686 5392 ἄεισε
2717 5351 2783 5386 τοῦ
2806 5349 2969 5390 θωυτοῦ
2991 5347 3097 5396 μινυς
3119 5343 3140 5382 ὁ
3161 5343 3340 5401 delapsis
3369 5340 3630 5401 adamat;
3650 5338 3806 5401 talpa

2315 5396 2595 5460 ιτίυνίεέτόυ
2613 5409 2708 5448 λαοῦ
2739 5411 2906 5459 μνοντος
2927 5403 2991 5447 tu.
3009 5407 3054 5446 τδ
3073 5404 3277 5460 ma;
3297 5399 3492 5452 δυνάμεως.
3512 5399 3542 5460 ες,
3557 5396 3603 5460 si
3623 5399 3744 5460 φὴ
3771 5399 3883 5443 me

2315 5449 2781 5524 ἀὲιιανέριςεοηλφμινέκ
2797 5449 2964 5509 «eam
2981 5449 3148 5507 δωρειαί
3169 5449 3356 5524 cetera
3376 5449 3486 5524 quae
3510 5450 3578 5524 ibi
3595 5449 3868 5524 subserit

2317 5529 2416 5583 tur,
2440 5511 2781 5583 'l‘heophilum'
2797 5527 3044 5583 auctorem
3077 5527 3173 5583 non
3195 5511 3423 5582 videntur
3448 5511 3641 5583 habere
3659 5543 3678 5570 ,
3713 5511 3885 5583 etiamst

2320 5567 2747 5633 initia-imitati
2770 5592 2782 5632 :
2802 5567 3059 5642 superiora
3089 5581 3254 5628 autem
3274 5573 3347 5624 sic
3366 5573 3606 5624 vertimus
3628 5567 3700 5622 εἰ
3725 5567 3786 5620 Ut
3806 5568 3887 5648 def

2568 5765 2627 5806 Α
