4054 6192
105 272 231 327 817
312 318 313 321 η

102 395 294 455 atque
324 380 431 455 [aL
465 377 581 452 ut.]
615 380 668 433 in
696 376 954 434 calorum
983 371 1267 431 camaculo
1305 371 1619 435 constituti,
1648 386 1715 425 ac

105 475 423 547 mysticum
446 470 651 526 Pascha
676 469 953 533 facientes,
980 466 1251 537 possimus
1269 473 1488 519 cantare
1512 481 1527 518 :
1554 463 1719 529 Quam

105 567 327 621 dilecta
369 561 692 618 tabernacula
734 570 821 614 tua
854 560 1069 613 Domine
1113 559 1352 611 virtutum
1388 555 1556 626 (Psal.
1590 555 1714 626 85)!

109 657 199 709 lbi
235 654 390 710 enim
422 651 747 722 Angelorum
778 649 1109 718 reperiemus
1135 646 1227 718 [aL
1257 643 1557 717 reperimus]
1586 645 1722 699 cho-

112 760 242 811 ros,
277 753 335 799 et
363 759 482 797 cum
508 743 587 796 eis
612 742 743 796 festa
773 741 1110 795 celebrantes
1130 778 1145 805 ,
1174 737 1485 792 habebimus
1510 750 1604 790 eos
1630 750 1720 790 so-

112 837 246 889 cios
270 834 651 905 mysteriorum
673 832 793 897 Dei,
821 840 875 884 et
895 830 1228 884 exultatione
1254 826 1503 881 ineffabili
1526 826 1723 895 gestie-

118 938 289 987 mus,
327 922 600 990 sapientiae
638 936 761 974 cum
801 920 903 973 illis
933 925 1267 973 sacramenta
1292 916 1599 970 discentes:
1630 912 1724 967 ubi

118 1015 280 1067 nulla
314 1012 519 1067 fraudis
544 1011 789 1079 deceptio
817 1020 898 1064 est
929 1026 942 1063 ε
972 1008 1061 1064 ubi
1086 1008 1175 1078 qui
1200 1015 1400 1061 vestem
1429 1021 1534 1060 non
1564 1004 1725 1059 habet

118 1103 477 1172 nuptialem,
522 1102 824 1156 convivium
872 1101 1070 1154 intrare
1117 1098 1450 1167 prohibetur,
1501 1096 1626 1150 licet
1670 1096 1721 1147 in

120 1193 397 1262 praesenti
426 1193 622 1246 steculo
662 1191 864 1259 justum
909 1204 1028 1243 esse
1057 1202 1117 1242 se
1153 1189 1339 1257 jactet.
1370 1186 1559 1240 Omnia
1602 1193 1726 1239 sunt

118 1282 200 1337 ibi
234 1282 580 1337 senescentis
616 1295 679 1335 ac
714 1290 983 1350 provectae
1025 1280 1185 1348 plena
1232 1276 1571 1346 prudentiae:
1604 1275 1726 1328 nul-

119 1375 334 1442 lusque
378 1373 484 1438 ibi,
524 1372 673 1441 juxta
717 1369 1070 1438 Prophetam,
1116 1368 1411 1421 immatura:
1452 1364 1728 1434 sapientia:

120 1462 449 1530 reperietur
474 1479 486 1514 :
516 1460 589 1532 (a)
615 1460 727 1513 Erit
746 1461 901 1526 enim,
930 1460 1119 1527 inquit,
1136 1459 1335 1529 juvenis
1354 1467 1551 1510 centum
1571 1471 1731 1509 anno-

122 1567 245 1605 rum
269 1548 434 1621 (Isai.
455 1550 543 1603 65.
571 1548 663 1620 20)
688 1566 701 1601 :
729 1548 1093 1616 magnitudine
1119 1548 1323 1600 numeri
1347 1545 1727 1617 perfectionem

121 1638 469 1696 eruditionis
494 1637 804 1692 ostendens.
834 1635 1018 1701 Unde,
1052 1636 1245 1689 fratres
1264 1674 1280 1698 ,
1307 1643 1505 1688 sancta:
1535 1636 1727 1689 eccles-

126 1731 317 1800 tisque
342 1726 643 1782 vocationis
666 1727 980 1795 participes,
1001 1725 1334 1780 Salvatorem
1363 1738 1460 1791 per
1485 1723 1727 1791 Prophe-

126 1830 240 1874 tam
271 1818 569 1873 audiamus
595 1817 911 1871 clamantem
937 1831 952 1867 :
994 1813 1203 1869 Veniam
1230 1828 1533 1881 congregare
1560 1825 1730 1863 omnes

122 1918 331 1979 gentes,
364 1916 417 1962 et
446 1908 658 1972 venient,
689 1916 737 1959 et
756 1905 989 1959 videbunt
1015 1904 1231 1974 gloriam
1259 1918 1455 1967 meam,
1488 1910 1534 1955 et
1562 1901 1732 1954 dimit-

132 2014 241 2055 tam
263 2015 431 2069 super
451 2015 536 2052 eos
563 1999 762 2068 signum
785 1994 981 2067 mundi(
1003 1994 1129 2049 lsai.
1162 1992 1272 2065 66).

204 2092 261 2146 5.
298 2090 386 2145 Ad
418 2089 810 2143 solemnitatem
839 2088 998 2156 igitur
1014 2100 1381 2156 preperemus,
1407 2092 1566 2153 atque
1591 2084 1735 2137 dica-

130 2198 257 2238 mus
289 2200 305 2236 :
354 2181 492 2234 Mihi
530 2191 698 2232 autem
727 2180 855 2232 absit
882 2178 1123 2248 gloriari,
1155 2176 1251 2229 nisi
1280 2177 1332 2229 in
1360 2191 1510 2229 cruce
1546 2173 1734 2229 Christi

131 2274 289 2345 (Gal.
324 2270 421 2344 6).
469 2271 658 2335 Dabit,
692 2269 879 2335 dabit,
911 2269 1162 2337 inquam,
1211 2266 1573 2320 laborantibus
1599 2279 1732 2333 gau-

131 2366 324 2428 dium,
369 2370 428 2415 et
470 2360 835 2430 jejunantibus
879 2357 1198 2412 benedicens
1241 2356 1527 2425 loquetur:
1571 2353 1735 2408 Erunt

130 2456 318 2510 domui
340 2454 505 2507 Iuda:
527 2453 581 2505 in
619 2452 860 2522 gaudium
888 2459 937 2503 et
965 2450 1191 2503 latitiam
1211 2489 1225 2512 ,
1252 2457 1297 2501 et
1326 2448 1378 2501 in
1401 2447 1736 2501 solemnitates

136 2550 321 2611 bonas,
352 2553 401 2598 et
424 2543 719 2597 lwtabimini
742 2556 761 2595 :
789 2542 1043 2595 veritatem
1064 2556 1123 2592 ac
1145 2555 1315 2607 pacem
1341 2538 1534 2609 diligite
1552 2536 1733 2608 (Zach.

135 2638 191 2691 8.
228 2635 360 2707 £6):
393 2648 505 2688 non
532 2640 617 2687 est
634 2632 777 2686 enim
806 2630 1045 2684 omnium
1077 2629 1406 2693 solemnitas,
1438 2627 1530 2682 sed
1556 2626 1737 2681 domui

135 2727 314 2791 Judae,
344 2724 400 2779 id
434 2733 517 2778 est
536 2764 551 2788 ,
587 2722 837 2777 Ecclesiae
857 2720 1076 2775 Christi.
1108 2720 1270 2789 Igitur
1295 2720 1419 2789 quia
1445 2718 1738 2774 secundum

135 2816 515 2879 Psalmistam,
540 2812 758 2881 Tempus
774 2812 993 2882 faciendi
1015 2810 1232 2863 Domino
1256 2807 1424 2880 (Psal.
1446 2809 1568 2863 118.
1590 2807 1735 2881 126);

135 2921 190 2963 et
216 2908 426 2962 Paulus
460 2904 650 2959 scribit
680 2922 694 2958 :
729 2902 851 2957 Nox
880 2903 1129 2972 precessit
1150 2942 1168 2970 ,
1199 2902 1306 2955 dies
1331 2914 1502 2955 autem
1542 2917 1737 2970 appro-

138 2994 432 3064 pinquavit.
465 2990 782 3057 Abjiciamus
800 3004 920 3059 ergo
939 3004 1093 3058 opera
1119 2987 1449 3050 tenebrarum,
1483 2996 1529 3041 et
1554 2986 1740 3040 indua-

140 3104 257 3141 mur
281 3100 435 3138 arma
474 3083 637 3145 lucis,
664 3082 793 3134 sicut
817 3082 872 3133 in
901 3080 984 3133 die
1017 3081 1224 3133 honeste
1264 3078 1604 3143 ambulemus,
1635 3094 1737 3131 non

139 3175 606 3232 comessationibus
630 3182 675 3225 et
698 3170 1051 3235 ebrietatibus,
1082 3187 1185 3223 non
1215 3169 1460 3222 cubilibus
1488 3179 1534 3222 et
1569 3171 1740 3239 impu-

140 3267 375 3329 dicitiis,
418 3279 523 3317 non
565 3263 881 3315 contentione
924 3271 971 3314 et
1012 3257 1337 3312 mattulatione
1366 3274 1387 3312 :
1412 3257 1501 3311 sed
1543 3258 1742 3311 induite

138 3356 432 3411 Dominum
455 3350 494 3405 Ι
495 3368 631 3406 esum
700 3351 865 3422 616
934 3348 1211 3410 Christum,
1232 3356 1279 3401 et
1303 3348 1470 3400 carnis
1484 3362 1660 3400 curam
1678 3363 1740 3399 ne

144 3447 372 3518 feceritis
388 3444 444 3497 in
465 3442 727 3496 desideriis
748 3440 921 3513 (Rom.
945 3440 1030 3493 13.
1055 3438 1163 3505 12).
1182 3437 1392 3491 Justnm
1415 3446 1498 3490 est
1515 3445 1738 3491 cunctos

146 3536 361 3590 Domini
390 3535 585 3589 timore
612 3543 867 3603 purgatos
896 3531 1107 3600 dignam
1146 3543 1402 3598 peragere
1429 3527 1735 3583 solemnitao

144 3637 275 3690 tem,
302 3625 656 3681 continentiis
684 3636 896 3693 quoque
917 3636 979 3674 ac
995 3620 1216 3689 jejuniis
1238 3620 1500 3673 redimere
1524 3620 1738 3673 castita-

145 3728 289 3783 tem,
337 3725 395 3771 et
441 3715 801 3770 dormientem
850 3727 1069 3767 sensum
1114 3711 1262 3780 vigili
1310 3711 1573 3765 suscitare
1601 3710 1736 3778 llde,

145 3809 458 3877 imitarique
486 3806 943 3875 sapientissimum
975 3802 1245 3857 Danielem
1266 3843 1280 3865 ,
1319 3803 1387 3857 de
1413 3818 1519 3872 quo
1543 3804 1736 3857 scribi-

148 3911 234 3953 tur
259 3918 273 3953 :
306 3899 400 3952 Est
428 3899 506 3951 vir
525 3903 579 3949 in
604 3912 757 3965 regno
784 3906 889 3957 tuo,
920 3896 974 3947 in
998 3911 1094 3955 quo
1120 3903 1191 3947 est
1218 3894 1429 3963 spiritus
1454 3892 1588 3959 Dei,
1618 3893 1738 3946 etin

146 3992 320 4044 diebus
372 3988 536 4058 patris
592 3987 664 4038 tui
701 3984 964 4053 vigilantia
1002 3993 1048 4036 et
1085 3984 1335 4050 sapientia
1372 3984 1585 4037 inventa:
1627 3982 1735 4054 [al.

146 4076 401 4148 inventa.]
429 4086 544 4129 sunt
567 4077 619 4127 in
651 4091 708 4127 eo
728 4074 889 4143 (Dan.
923 4074 975 4127 5.
1006 4071 1117 4141 Η).
1142 4072 1241 4136 Qui
1274 4071 1415 4125 enim
1452 4086 1637 4125 curam
1658 4074 1740 4126 sui

146 4177 380 4238 gerunt,
432 4173 495 4218 ut
533 4164 598 4216 ad
648 4162 869 4216 meliora
912 4160 1231 4229 proficiant,
1266 4159 1527 4213 habentes
1570 4159 1739 4229 legem

150 4258 301 4326 quasi
331 4253 684 4309 fortissimum
708 4252 919 4315 ducem,
945 4258 1134 4320 parent
1154 4249 1396 4319 imperiis
1416 4249 1553 4317 ejus,
1576 4258 1631 4303 et
1652 4263 1743 4303 ve-

153 4348 349 4401 nientia
377 4352 568 4399 contra
596 4358 654 4397 se
682 4351 899 4411 peccata
928 4341 1266 4403 subvertant,
1304 4337 1589 4408 splendore
1614 4352 1743 4407 0pc-

156 4452 269 4489 rum
300 4436 630 4490 illustranles
674 4431 894 4485 Pascha:
925 4430 1265 4485 festivitatem
1300 4445 1313 4481 :
1357 4437 1412 4484 et
1455 4429 1743 4484 securitate

155 4528 525 4592 conscientia,
555 4523 1018 4593 perturbationum
1039 4521 1218 4591 jacula
1250 4522 1577 4590 negligentes
1602 4562 1615 4587 ,
1646 4535 1743 4591 Spe

162 4616 451 4685 anticipant
497 4615 796 4669 victoriam.
845 4612 945 4680 Qui
992 4622 1170 4666 autem
1214 4612 1403 4667 horum
1450 4612 1742 4666 imitatores

163 4756 257 4817 ξιιδο
278 4744 451 4817 .veium
485 4755 633 4817 atque
657 4745 1013 4817 operimentum
1029 4740 1213 4817 litterae
1234 4742 1573 4817 demittent'es,
1592 4755 1741 4817 reve-

164 4800 257 4869 lata
275 4804 415 4869 facie,
431 4800 567 4869 quasi
590 4820 675 4868 pro
690 4800 900 4869 transitu
922 4803 1221 4869 sacriﬁcium,
1241 4803 1477 4869 Dominici
1492 4803 1743 4869 Pa$Mtis

166 4862 519 4915 solemnitatem
540 4862 836 4927 intueantur,
856 4865 1127 4927 clamantes,
1160 4863 1217 4927 ad
1240 4862 1411 4927 Iesum
1440 4878 1452 4912 :
1476 4881 1499 4909 ι
1530 4863 1623 4927 Ubi
1670 4866 1741 4912 vis

167 4933 393 4987 paremus
414 4927 504 4974 tibi
524 4928 709 4976 Pascha
730 4928 753 4976 ?
783 4944 806 4972 ι
823 4923 904 4974 Ἀι)
927 4926 1029 4987 ipso
1053 4926 1183 4987 enim
1207 4923 1557 4986 intelligentes,
1588 4926 1639 4973 in
1661 4938 1743 4973 su-

168 4984 349 5049 periori
372 4987 686 5049 tc_c_t_o_periici
710 4984 959 5049 oportere;
982 4984 1110 5049 quod
1137 4992 1212 5033 est
1234 4984 1388 5046 supra
1419 4991 1620 5049 terrena
1644 4999 1736 5034 ne-

169 5044 299 5109 gotia
321 5078 335 5100 ,
368 5042 568 5092 sollicito
591 5042 756 5109 curqu
777 5049 935 5096 animo
946 5042 1233 5109 iquidem‘ac
1256 5042 1423 5109 mente
1440 5080 1454 5103 ,
1482 5046 1539 5093 ad
1564 5045 1742 5109 Sancta

167 5105 452 5177 {Sanctorum
476 5105 760 5177 procedant:
779 5121 927 5177 quem
944 5105 1099 5156 locum
1122 5106 1341 5177 Christus
1362 5106 1469 5166 ipse
1496 5118 1584 5166 pro
1598 5106 1743 5155 nobis

170 5164 421 5229 ingressus
439 5200 454 5224 ,
480 5164 651 5229 legalis
671 5164 920 5229 Pontiﬁcis
947 5180 1147 5229 operam
1180 5173 1330 5229 atque
1366 5164 1509 5213 usum
1545 5178 1743 5229 cessare

171 5221 558 5289 ἰδέαι-πιθέωῶ
573 5227 709 5275 nobis
726 5221 1404 5289 inveniens'redemptionem,
1422 5234 1475 5275 et
1495 5238 1581 5289 pro
1605 5228 1743 5274 nobis

169 5290 280 5333 ante
296 5284 390 5333 Dei
410 5285 581 5335 faciem
598 5300 711 5336 sese
729 5290 1042 5337 constituens.
1056 5284 1194 5338 Tunc
1219 5290 1351 5337 enim
1368 5284 1525 5337 semel
1550 5287 1597 5333 in
1615 5299 1743 5335 anno

171 5343 302 5410 solus
323 5346 549 5410 Pontifex
574 5349 623 5396 in
646 5347 819 5410 sancta
840 5349 1129 5410 Sanctorum
1146 5350 1533 5410 ingrediebatur,
1561 5346 1739 5410 populo

171 5401 300 5481 foris!
310 5406 543 5481 adstante,
567 5408 695 5481 quod
720 5415 901 5481 tantum
926 5406 1168 5481 facultatis
1180 5401 1283 5481 non
1306 5401 1739 5481 haberet'fSIaIva-

174 5468 248 5509 tor
274 5477 390 5513 vero
412 5468 727 5532 ingrediens,
749 5477 1041 5533 potestatem
1063 5471 1288 5521 omnibus
1313 5472 1499 5521 intrare
1533 5468 1741 5521 volenti-

172 5521 264 5572 bus
286 5523 488 5572 lartzitus
511 5537 603 5572 est.
619 5546 642 5572 ι

208 5536 264 5572 US
286 5536 488 5579 largitus
511 5537 603 5579 εει.
619 5546 642 5574 ι

234 5584 306 5659 (να)
331 5584 401 5634 EX
425 5586 588 5659 θηξοο
610 5602 713 5643 tam
730 5605 833 5656 me
848 5604 1066 5652 νιοςιιατδν
1082 5603 1202 5645 tm:
1227 5591 1467 5659 Vulgatus
1491 5593 1622 5642 enim
1645 5591 1740 5642 alio

178 5652 325 5695 sensu
349 5660 361 5696 :
389 5652 605 5709 quoniam
632 5652 749 5716 puer
772 5652 962 5707 centum
984 5667 1221 5706 annorum
1242 5652 1489 5707 mofietur.

1408 5844 1459 5877 ’Ν

1539 252 1865 313 EPISTULA
1903 252 1969 309 C.

3311 256 3418 315 8l8

1821 378 1977 436 sunt,
2009 372 2295 437 antequam
2335 365 2519 423 ineant
2561 365 2807 438 praelium
2835 406 2851 434 ,
2898 367 3174 425 desiderio
3200 370 3413 431 virtutis
3438 398 3475 421 -τ-

1822 461 2053 531 palmam
2081 468 2343 529 occupant
2374 459 2767 530 triumphorum
2786 501 2804 526 ,
2844 472 3212 532 cumnamque
3240 464 3413 520 victo-

1822 566 1909 606 res
1928 551 2149 607 lubricm
2173 551 2459 621 voluptatis
2497 552 2549 605 in
2576 550 2893 607 ccclestibus
2920 552 3232 620 possident,
3259 571 3414 613 reve-

1824 642 1928 697 lata
1970 642 2103 697 facie
2123 683 2139 707 ,
2183 646 2363 698 animo
2391 642 2819 711 contemplantes
2841 682 2859 709 ,
2895 641 3330 702 vociferabantur
3358 658 3412 704 et

1823 732 2002 787 dicent
2026 750 2040 785 :
2073 731 2327 787 Dominus
2354 732 2522 795 Deus,
2558 732 2804 803 fortitudo
2840 747 2987 797 nica,
3013 741 3060 785 et
3089 744 3235 801 ponet
3262 738 3411 805 pedes

1824 822 1959 876 πιεοὲ
1989 820 2064 895 (b)
2100 823 2155 876 in
2192 823 2708 884 consummationem,
2747 838 2899 891 super
2941 822 3163 877 excelsae
3188 833 3413 880 statuens

1826 932 1923 981 me,
1955 925 2011 968 ut
2039 916 2237 970 vincam
2262 917 2316 970 in
2342 917 2539 970 cantico
2565 917 2697 986 ejus.

1896 1005 1950 1059 6.
1979 1005 2090 1061 Nec
2127 1015 2404 1075 putemus,
2435 1006 2629 1061 fratres
2655 1006 2952 1072 carissimi,
2994 1014 3267 1063 certamen
3293 1022 3415 1065 esse

1830 1104 2174 1164 perpetuum,
2203 1104 2262 1150 ut
2287 1094 2489 1151 idcirco
2529 1096 2823 1163 lassemur;
2854 1096 2949 1150 sed
2982 1097 3225 1151 sciamus
3246 1097 3414 1153 linem

1830 1185 1984 1255 hujus
2006 1200 2261 1240 coronam
2293 1201 2415 1241 esse
2438 1186 2683 1256 justitize,
2715 1201 2874 1256 quam
2915 1186 3058 1241 nulla
3087 1189 3412 1243 saeculorum

1828 1277 2125 1345 Corrumpit
2166 1285 2315 1331 tetas.
2354 1278 2600 1332 Studium
2636 1278 2758 1331 vita:
2804 1279 2957 1332 istius
3002 1288 3058 1333 et
3103 1280 3414 1335 certaminis

1830 1367 2123 1435 temporale
2143 1377 2243 1431 est,
2268 1369 2357 1437 qui
2378 1376 2557 1422 autem
2581 1367 2841 1422 inoﬂ‘enso
2861 1369 3194 1423 cucurrerint
3218 1370 3410 1439 gradu,

1830 1468 1884 1513 ct
1920 1460 1984 1513 ad
2010 1460 2211 1515 calcem
2244 1462 2486 1514 venerint
2516 1461 2859 1530 pramiorum
2880 1500 2895 1527 ,
2945 1474 3111 1515 novas
3139 1462 3414 1517 invenient

1832 1552 2158 1618 mansiones,
2187 1552 2464 1606 victoriam
2491 1552 2713 1606 canticis
2739 1550 3187 1607 demonstrantes.
3231 1552 3414 1623 itaque

1829 1644 1999 1710 gratia
2051 1644 2261 1697 Domini
2312 1644 2613 1714 triumphos
2657 1644 2813 1698 nobis
2866 1644 2933 1699 de
2982 1644 3414 1700 sceleratissimis

1830 1731 2163 1786 daemonibus
2210 1733 2525 1801 pollicente,
2566 1734 2768 1801 jejunia
2813 1734 2917 1787 rite
2958 1733 3322 1799 celebremus,
3355 1746 3417 1788 ut

1832 1822 2183 1875 Solemnitatjs
2204 1836 2417 1890 quoque
2437 1822 2536 1875 rite
2555 1822 2839 1891 participes
2859 1822 3043 1875 simus.
3065 1821 3413 1891 Nequaquam

1832 1911 2018 1966 diebus
2062 1910 2534 1980 Quadragesimaz,
2593 1912 2731 1965 sicut
2779 1912 3038 1966 luxuriosi
3087 1911 3275 1967 divites
3326 1926 3416 1967 so-

1834 2004 1963 2067 ient,
2036 2002 2198 2071 617
2271 2001 2345 2073 (τ)
2386 2003 2491 2056 vini
2516 2003 2765 2071 poculum
2789 2004 3140 2081 suspiremus,
3166 2018 3340 2073 neque
3362 2006 3416 2057 in

1837 2092 2110 2162 procinctu
2150 2101 2205 2146 et
2232 2093 2453 2161 pr-.clio,
2486 2093 2575 2147 ubi
2605 2093 2757 2147 labor
2791 2101 2846 2147 et
2870 2092 3036 2147 sudor
3057 2102 3142 2148 est
3169 2108 3418 2149 necessa-

1836 2183 1945 2237 rius
1964 2223 1981 2247 ,
2012 2183 2252 2237 carnium
2281 2183 2462 2237 edulio
2506 2183 2857 2239 delectemur.
2891 2183 3114 2252 Crapula
3140 2185 3336 2254 quippe
3364 2194 3419 2240 et

1836 2275 2087 2334 ebrietas,
2119 2281 2172 2329 et
2196 2283 2406 2328 caetera:
2435 2274 2593 2343 hujus
2618 2276 2741 2328 vita:
2783 2273 3050 2329 illecebrae
3072 2274 3417 2344 opulentissi-

1838 2380 1981 2418 mum
2005 2364 2301 2417 animarum
2329 2364 2639 2419 thesaurum
2665 2364 3010 2430 exhauriunt,
3043 2374 3098 2419 et
3121 2376 3417 2421 sementem

1838 2455 2071 2509 scientia:
2096 2454 2464 2524 doctrinaeque
2490 2454 2818 2509 uberrimam
2847 2456 2928 2509 sui
2956 2455 3285 2512 admixtione
3305 2458 3417 2511 suf-

1842 2549 2036 2601 focant.
2065 2547 2424 2614 Quamobrem
2469 2546 2727 2601 Dominus
2766 2556 2923 2617 atque
2952 2547 3195 2603 Salvator
3222 2564 3416 2619 provo-

1839 2654 1967 2693 cans
1992 2638 2283 2706 discipulos
2310 2652 2438 2691 suos
2465 2637 2533 2691 ad
2560 2639 2791 2708 rigorem
2830 2638 3174 2694 continentia:
3193 2681 3207 2706 ,
3238 2639 3419 2710 loque-

1840 2731 1994 2785 batur
2018 2748 2031 2785 :
2062 2730 2319 2783 Attendite
2344 2728 2502 2796 vobis,
2533 2746 2595 2783 ne
2622 2734 2754 2800 forte
2782 2740 3054 2799 graventur
3077 2730 3232 2783 corda
3258 2741 3420 2786 vestra

1841 2822 2051 2891 crapula
2080 2832 2128 2875 et
2154 2822 2424 2884 ebrietate,
2456 2829 2503 2873 et
2544 2823 2681 2874 curis
2724 2823 2876 2892 hujus
2904 2824 3019 2876 vita:
3039 2865 3052 2888 ,
3088 2832 3134 2876 et
3182 2821 3289 2894 [ιιι.
3322 2824 3416 2896 ne]

1839 2914 2159 2981 superveniat
2183 2914 2235 2966 in
2258 2928 2343 2967 vos
2364 2913 2628 2977 repentina
2650 2913 2757 2967 dies
2779 2914 2869 2967 illa
2892 2930 2910 2967 :
2938 2923 3180 2983 tanquam
3208 2914 3420 2982 laqueus

1841 3005 1973 3057 enim
2009 3006 2322 3073 superveniet
2362 3005 2415 3058 in
2461 3020 2663 3068 omnes,
2711 3006 2797 3074 qui
2841 3005 3013 3059 sedent
3050 3022 3204 3075 super
3240 3006 3421 3074 faciem

1841 3096 2003 3148 omnis
2022 3104 2170 3148 terra:
2193 3093 2343 3165 (Luc.
2366 3095 2457 3149 2i.
2482 3096 2571 3149 54.
2600 3104 2646 3147 et
2668 3096 2780 3165 55).
2806 3093 2885 3167 (d)
2913 3095 3119 3166 Surgite
3138 3114 3158 3149 :
3184 3095 3419 3149 abeamus

1842 3186 1957 3238 hinc
1985 3184 2163 3258 (Joan.
2202 3186 2288 3239 14.
2320 3184 2432 3257 51),
2462 3200 2596 3255 quos
2622 3186 2691 3240 ob
2721 3187 3093 3257 negligentiam
3121 3187 3203 3242 sui
3244 3202 3421 3258 paenae

1841 3275 1982 3329 illico
2011 3284 2429 3345 consequentur.
2477 3276 2580 3342 Qui
2609 3286 2783 3332 autem
2817 3278 2991 3347 legum
3024 3286 3292 3348 praecepta
3320 3293 3419 3333 cu-

1842 3368 2111 3434 stodiunt,
2145 3369 2393 3437 ignorant
2422 3368 2601 3422 vinum
2634 3368 2685 3422 in
2713 3368 2957 3438 jejuniis,
2999 3370 3237 3424 carnium
3268 3382 3419 3425 esum
3508 3406 3511 3407 ν

1841 3460 2145 3527 repudiant,
2176 3469 2231 3513 et
2260 3459 2610 3514 insatiabilem
2638 3461 2912 3513 avaritiam
2940 3461 3031 3515 Dei
3059 3462 3249 3516 timore
3274 3475 3423 3515 com-

1841 3558 2086 3620 pcscunt.
2117 3548 2268 3604 Unde
2295 3549 2360 3603 ad
2388 3550 2726 3605 continentes
2750 3550 3021 3619 Scriptura
3052 3550 3288 3619 quotidie
3313 3551 3427 3605 cla-

1841 3642 1991 3694 mitat
2016 3658 2030 3693 :
2072 3637 2259 3693 Vinum
2292 3650 2339 3694 et
2368 3643 2582 3695 siceram
2611 3657 2711 3694 non
2743 3639 2905 3694 bibent
2935 3639 3141 3711 (Judic.
3175 3641 3263 3695 15.
3290 3642 3344 3695 4.
3374 3651 3424 3695 et

1842 3731 1893 3783 7.
1922 3741 1967 3784 et
1988 3730 2095 3801 l4).
2128 3732 2191 3784 Et
2212 3746 2242 3785 e
2263 3732 2530 3785 contrario
2550 3730 2718 3785 Judaei
2740 3730 2808 3785 ob
2828 3731 3038 3799 culpam
3061 3732 3319 3787 audiunt:
3348 3731 3423 3802 (e)

1911 3900 1978 4007 (bl
2002 3900 2077 3949 Ex
2097 3912 2256 3959 grteoo
2280 3912 2327 3968 si;
2349 3912 2566 3956 συντιλιιαν,
2587 3901 2638 3948 in
2661 3899 3111 3949 consummationem
3135 3913 3153 3949 :
3176 3900 3425 3962 V’ulgatus

1934 3962 1961 4007 ι
1982 3961 2162 4007 ebraeo.
2187 3972 2324 4007 auast
2350 3972 2615 4007 certorum.
2635 3966 2687 4007 et
2710 3972 2823 4007 mox
2846 3975 2911 4007 ws
2933 3975 3090 4007 νηῆσαι.
3113 3967 3164 4007 ut
3187 3962 3374 4007 vincam
3404 3978 3422 4007 :

1880 3961 2162 4020 x‘llebraeo,
2187 3961 2324 4020 quasi
2339 3972 2615 4020 cervorum,
2635 3966 2687 4007 et
2710 3972 2823 4020 mox
2846 3975 2911 4009 τοῦ
2933 3975 3090 4017 νικῆσαι,
3113 3967 3164 4010 ut
3187 3961 3374 4011 vincant
3404 3978 3422 4012 :

1842 4021 1971 4084 quod
1992 4017 2374 4084 vulgatusdixit
2391 4017 2488 4084 alio
2509 4032 2676 4084 sensu,
2701 4018 2867 4084 victor.

1914 4080 1974 4145 (pc)
2012 4078 2304 4145 Aliquandiu
2346 4080 2486 4145 nobis
2526 4078 2635 4140 plus
2666 4092 2814 4145 aequo
2844 4080 3009 4145 durior
3036 4082 3136 4130 visa
3170 4086 3248 4145 est
3280 4082 3427 4144 hujus

1844 4139 1938 4190 loci
1964 4139 2215 4202 sententia
2232 4176 2246 4196 ,
2272 4140 2483 4202 maxime
2506 4139 2615 4188 cum
2640 4139 2952 4202 pauloinfra,
2976 4147 3029 4191 et
3052 4154 3134 4190 nu.
3169 4144 3217 4192 8.
3242 4139 3425 4194 oonéev

1846 4204 1942 4262 ptis
1964 4200 2129 4248 verbis
2141 4198 2677 4262 jejuniorumtempofe
2699 4214 2730 4249 a
2752 4200 2874 4259 vino,
2902 4198 2957 4249 ut
2979 4215 3007 4249 a
3030 4203 3258 4254 carnibus
3278 4204 3422 4254 absti-

1843 4260 2056 4326 nendum
2084 4268 2373 4326 constanter
2404 4260 2703 4326 Theophilus
2731 4262 2925 4326 jubeat.
2946 4262 3067 4326 Nam
3090 4264 3131 4312 si
3155 4267 3267 4326 quis
3302 4276 3425 4325 ἀπλεις

1846 4324 1941 4389 iret
1963 4321 2260 4389 conclusum,
2285 4320 2796 4389 Fidelibus’olimvi'ai
2822 4321 3044 4389 poculum
3068 4325 3119 4372 in
3139 4320 3420 4389 Q'uadrageJ

1846 4385 1981 4430 simze
2013 4381 2212 4443 jejuniis
2244 4393 2481 4441 usurpare
2523 4395 2619 4430 non
2657 4381 2870 4442 licuisse,
2904 4383 3053 4433 multa
3077 4381 3423 4436 veniebanfitt

1846 4442 2063 4509 mentem
2086 4454 2195 4503 qua:
2218 4444 2394 4503 apponi
2417 4446 2659 4509 poterant.
2679 4442 2843 4505 Atque
2865 4445 2907 4509 ii
2918 4446 3139 4509 quidem,
3159 4448 3243 4509 qui
3267 4448 3425 4497 varias

1845 4502 2174 4568 Ecclesiarum
2198 4502 2577 4568 consuetudines
2599 4502 2860 4568 enarraut,
2877 4502 3105 4568 Socrates
3126 4502 3216 4568 lib.
3237 4509 3286 4557 5.
3312 4520 3420 4568 cap.

1846 4564 1922 4613 ἓξ.
1960 4570 2013 4613 et
2048 4562 2345 4627 Sozomenus
2385 4563 2673 4627 lib.;7._cap.
2714 4565 2790 4613 i9.
2816 4566 2863 4614 id
2888 4567 3087 4616 minime
3120 4567 3315 4617 tradunt
3337 4562 3424 4617 ob-

1847 4631 2113 4689 servatum,
2156 4624 2679 4689 nedum__a_b_Eoclesia
2712 4626 2970 4689 sancitum,
2998 4634 3054 4676 ut
3073 4628 3117 4676 si
3137 4628 3221 4688 qui
3245 4627 3369 4689 adeo
3388 4644 3421 4689 ba

1849 4686 1960 4748 vino
1984 4686 2288 4734 abstinerent
2306 4684 2530 4748 Fideles,
2556 4688 2721 4747 pietati
2747 4700 2916 4748 eorum
2955 4688 3134 4748 potius,
3155 4684 3303 4748 'qnam
3326 4685 3421 4736 Ec-

1847 4745 2135 4809 clesiasticae
2177 4744 2366 4809 regulae
2399 4744 2608 4795 dandum
2646 4749 2726 4809 sit,
2763 4744 2994 4809 quidquid
3037 4744 3145 4795 aliis
3174 4744 3419 4809 'videatur.

1846 4806 2065 4856 Tandem
2108 4805 2361 4855 commode
2397 4809 2609 4856 occurrit
2648 4805 2935 4856 Tertulliani
2976 4805 3128 4863 locus,
3171 4806 3302 4855 unde
3334 4807 3427 4861 bos

1847 4868 1975 4929 idem
2000 4866 2278 4929 planissime
2294 4866 2597 4929 doceremur;
2624 4866 2844 4929 Quidam,
2883 4866 3165 4929 inquit,lib.
3192 4867 3256 4915 de
3274 4866 3424 4929 Cultu

1848 4926 2136 4976 feminarum
2178 4940 2224 4976 c.
2248 4928 2297 4976 9.
2330 4945 2352 4972 ι
2376 4928 2526 4988 ipsam
2561 4926 2658 4988 _Dei
2690 4926 2961 4988 creaturam
2984 4928 3076 4975 sibi
3107 4928 3422 4987 interdicunt,

1849 4989 2154 5048 abstinentes
2176 4990 2306 5043 vino,
2331 4995 2384 5036 et
2396 4985 2690 5048 animalibus
2712 4987 2988 5048 exulantes,
3012 5000 3219 5048 quorum
3239 4985 3424 5048 fruetus

1848 5047 1969 5096 nulli
2014 5048 2233 5108 periculo
2265 5052 2349 5094 aut
2368 5046 2674 5095 sollicitudini
2705 5046 2953 5108 adjacent,
2977 5046 3069 5108 sed
3100 5046 3421 5108 humilitatem

1848 5106 2143 5177 animielsuze
2168 5108 2396 5177 invictus
2416 5120 2614 5177 quoque
2637 5106 3085 5177 castigationepco
3105 5106 3372 5177 immolant.
3390 5125 3414 5154 ι

1918 5167 1986 5231 (d)
2024 5164 2250 5231 Nonnihil
2276 5164 2567 5231 resarcietur
2593 5164 2813 5231 locusfet
2835 5166 3053 5216 voculam
3076 5169 3117 5217 si
3142 5180 3392 5230 praeponas

1850 5225 2123 5288 nam'certe
2146 5225 2451 5288 librariorum
2484 5228 2722 5288 incuriam
2735 5235 2983 5288 espertus
3007 5236 3100 5277 est.

1917 5285 1978 5352 (e)
2017 5285 2129 5335 Loci
2169 5286 2312 5356 hujus
2352 5287 2535 5358 hiatum
2570 5286 2777 5347 pendula
2800 5285 2950 5397 atque
2985 5288 3267 5361 imperfecta
3293 5289 3423 5359 Scri-

1905 5359 2005 5397 urm
2024 5354 2272 5396 sententia
2306 5356 2492 5399 arguit.
2515 5348 2576 5396 ad
2597 5362 2739 5399 quam
2767 5361 2863 5399 exn
2885 5350 3059 5398 endam
3082 5349 3263 5399 aliquid
3291 5351 3426 5398 nobis

1849 5355 2005 5419 ptum
2024 5355 2272 5418 sententia
2306 5355 2492 5408 arguit,
2515 5355 2576 5396 ad
2597 5362 2739 5420 quam
2757 5355 3059 5455 explendam
3082 5355 3263 5412 aliquid
3291 5355 3421 5398 nobis

1850 5417 2069 5480 lavet-ert.
2084 5406 2297 5480 editione
2312 5407 2371 5456 Β.
2464 5410 2676 5480 praesidii
2702 5410 2833 5480 ῐιῃι,⁸
2850 5415 2949 5458 tcet
2973 5419 3024 5461 et
3047 5424 3147 5480 ipsa
3170 5424 3278 5480 cum
3293 5421 3421 5480 saepe

1849 5468 2152 5533 fallacissima
2170 5468 2261 5533 sit,
2276 5476 2376 5533 tum
2395 5468 2507 5519 beic
2527 5482 2725 5533 quoque
2744 5468 2836 5519 loci
2860 5482 3043 5533 manca.
3065 5468 3149 5521 Sic
3170 5469 3250 5521 illa
3268 5484 3325 5520 se
3348 5468 3428 5519 lia-

1849 5530 1954 5595 bet,
1977 5545 2010 5595 ,ι
2028 5528 2231 5595 Dabatis
2250 5529 2426 5595 bibere
2448 5528 2626 5581 sanctis
2643 5528 2814 5580 'vinum
2845 5539 2897 5579 et
2914 5532 3197 5595 l’rophetis,
3225 5540 3276 5595 et
3299 5545 3426 5595 pra:-

1849 5587 2105 5657 cipi'ebatis
2121 5587 2485 5657 dicentes,_Non
2509 5600 2724 5657 possunt,
2741 5600 2840 5657 _etc_.
2862 5607 2886 5638 ι
2914 5587 3431 5657 ζωᾳὶιεξέυῄριειὶάιιιη

1851 5650 2150 5715 conjicimm,
2164 5654 2212 5702 et
2234 5650 2485 5716 Prophetis
2501 5650 2854 5720 prtecipiebatis
2877 5650 3106 5719 dicentes,
3130 5650 3435 5720 Ne'proptte-‘
