4054 6192
113 244 232 303 811

114 370 329 425 lorum
373 342 667 424 memores
698 381 714 419 :
744 354 1117 417 lacerabantur
1135 350 1361 416 viscera,
1378 345 1502 404 tabo
1526 353 1581 402 et
1606 345 1756 400 sanie

116 466 294 514 artus
347 457 707 521 diffluebant,
739 458 796 507 et
840 460 1015 504 tamen
1061 441 1321 500 sententia
1379 434 1756 508 perseverabat

120 548 462 604 immobilis
496 566 514 603 :
546 548 679 602 liber
705 548 820 599 erat
844 536 1073 599 animus,
1100 543 1155 589 et
1200 529 1336 585 mala
1363 525 1646 598 praesentia
1677 522 1759 576 fu-

120 648 406 692 turorum
438 651 549 706 spe
576 629 901 703 despiciebat
929 624 1021 699 [aL
1053 616 1433 693 despiciebant].
1456 613 1759 706 Lassaban-

121 736 223 781 tur
267 704 563 789 tortores,
602 731 656 778 et
698 734 802 775 non
834 716 1130 772 lassabatur
1174 710 1351 765 ﬁdes:
1380 704 1761 775 frangebantur

122 831 289 881 ossa,
324 824 389 871 et
421 814 652 870 volubili
676 821 790 866 rota
811 806 990 862 omnis
1009 816 1269 873 compago
1296 811 1577 854 nervorum
1598 802 1760 862 atque

124 916 365 962 artuum
402 905 748 964 solvebatur,
780 910 833 955 et
864 899 914 951 in
958 897 1274 951 immensum
1318 887 1569 959 spirantia
1614 898 1760 938 mor-

126 1009 256 1054 tem
307 998 585 1053 incendia
635 986 1264 1062 consurgebantzplena:
1306 991 1460 1037 erant
1507 975 1764 1034 ferventis

124 1093 245 1148 olei
298 1092 654 1162 sartagines,
699 1096 753 1141 et
795 1085 860 1138 ad
906 1079 1141 1151 frigenda
1192 1084 1498 1132 sanctorum
1536 1082 1761 1138 corpora

128 1193 367 1236 terrore
400 1159 718 1235 incredibili
745 1170 1139 1244 personabant;
1181 1176 1236 1222 et
1265 1176 1439 1219 tamen
1483 1163 1623 1216 inter
1649 1159 1765 1212 haec

127 1271 338 1328 omnia
378 1270 702 1339 paradisum
747 1266 927 1318 animo
957 1260 1379 1320 deanibulautes,
1423 1268 1532 1309 non
1570 1252 1767 1306 sentie-

132 1365 281 1417 haut
316 1360 486 1431 quod
518 1358 869 1429 patiebantur,
918 1353 1013 1407 sed
1051 1349 1193 1419 quod
1226 1348 1406 1401 videre
1456 1343 1762 1431 cupiebant.

130 1453 304 1508 Meus
335 1430 500 1506 enim
529 1450 619 1503 Dei
647 1448 834 1501 timore
860 1444 1047 1496 vallata
1072 1440 1309 1493 flammas
1331 1443 1568 1503 superat,
1593 1430 1769 1483 varios

138 1552 575 1597 tormentorum
608 1536 809 1606 spernit
838 1532 1072 1587 dolores.
1104 1530 1345 1596 Cumque
1381 1523 1547 1578 semel
1587 1519 1770 1574 virtuti

138 1649 205 1688 se
257 1629 591 1693 tradiderit,
622 1623 876 1695 quidquid
919 1620 1135 1675 adversi
1180 1614 1441 1675 eveneril.
1489 1612 1677 1672 calcat,
1715 1617 1770 1663 et

141 1719 423 1791 deSpicit.
455 1717 648 1784 Qualis
677 1713 772 1766 fuit
801 1712 996 1766 Paulus
1018 1708 1300 1762 scribens:
1337 1702 1400 1756 In
1431 1702 1507 1755 Itis
1542 1699 1770 1753 omnibus

142 1788 505 1880 superamus,
558 1823 646 1875 per
694 1819 828 1867 eunt,
876 1802 961 1871 qui
1011 1815 1101 1852 nos
1129 1796 1305 1850 dilexit
1346 1793 1526 1862 (Rom.
1567 1791 1622 1845 8.
1652 1788 1764 1859 57).

143 1902 314 1969 Quod
363 1900 526 1952 enim
570 1896 833 1949 susdnere
883 1907 989 1945 non
1037 1898 1210 1959 potest
1255 1885 1433 1940 carnis
1480 1881 1762 1951 fragilitas,

147 1992 402 2048 naturali
436 1990 750 2044 infirmitate
776 1992 1050 2056 superata,
1070 1979 1232 2036 vincit
1263 1978 1496 2044 animus,
1522 1976 1623 2029 fide
1653 1973 1767 2029 col-

146 2086 395 2156 loquens
427 2084 566 2136 Deo.
690 2060 703 2071 ’

228 2175 329 2228 ιθ.
380 2174 535 2240 Ergo
559 2169 646 2239 qui
667 2167 890 2237 jejuuia,
915 2163 968 2219 id
991 2172 1095 2229 est,
1116 2160 1573 2217 conversationem
1596 2158 1772 2225 Ange-

149 2268 326 2320 licam
362 2263 650 2318 imitantur
683 2263 734 2314 in
767 2260 943 2322 terris,
975 2256 1054 2328 (ιι)
1087 2252 1425 2309 meminerint
1456 2251 1593 2303 illius
1619 2248 1767 2313 dicti,

152 2356 411 2425 Regnum
448 2351 551 2404 Dei
577 2367 675 2403 non
705 2358 775 2402 est
796 2348 934 2400 cibus
962 2356 1008 2399 et
1033 2354 1201 2415 potus,
1227 2343 1315 2396 sed
1343 2342 1556 2405 iustitia,
1580 2348 1626 2391 et
1646 2355 1774 2408 gau-

151 2448 335 2508 dium,
368 2454 421 2496 et
456 2457 583 2511 pax,
614 2450 661 2493 et
697 2438 869 2492 lwtitia
894 2436 1070 2505 (Rom.
1102 2433 1213 2499 14).
1245 2431 1335 2485 lsti
1363 2429 1456 2502 [:tl.
1491 2426 1645 2498 Quin]
1678 2442 1772 2497 per

154 2537 599 2595 continentiam.
633 2530 785 2586 brevi
810 2538 865 2585 et
890 2543 1056 2599 parvo
1101 2525 1285 2579 labore
1340 2536 1529 2591 magna
1569 2520 1669 2573 sibi
1716 2529 1771 2572 et

154 2638 374 2682 a:terna
409 2624 709 2679 conciliant
740 2621 988 2690 praemia;
1033 2626 1087 2671 et
1128 2615 1294 2668 multo
1334 2613 1452 2683 plus
1482 2610 1766 2679 accipiunt,

156 2736 330 2791 quam
363 2717 630 2777 offerunt,
675 2724 732 2768 et
778 2712 939 2766 futuri
978 2708 1233 2777 temporis
1259 2705 1428 2776 gloria
1478 2712 1770 2773 praesentes

157 2808 457 2880 angustias
486 2806 748 2874 mitigant,
776 2803 897 2872 quia
925 2802 975 2855 in
1006 2800 1108 2854 hoc
1129 2798 1301 2854 stadio
1328 2812 1423 2866 pro
1448 2796 1642 2849 virtute
1667 2809 1770 2863 pu-

160 2900 490 2969 gnantibus,
527 2896 645 2949 finis
687 2895 789 2948 erit
827 2891 1112 2961 aliquando
1148 2887 1475 2945 certaminis.
1517 2885 1648 2940 Nam
1677 2884 1766 2955 qui

161 2990 261 3062 [ςιι.
298 2989 407 3055 Qui
433 2983 631 3055 autemj
662 2998 887 3053 pugnam
931 2984 1121 3036 ineunt
1161 2990 1345 3033 contra
1394 2978 1542 3040 vitia,
1588 2985 1642 3028 et
1677 2990 1767 3029 sa-

161 3082 396 3151 pientia:
424 3075 726 3145 disciplinis
752 3088 876 3128 suas
896 3073 1101 3126 animas
1127 3070 1461 3135 dedicaruut,
1483 3076 1769 3138 quantum-

162 3189 276 3243 que
328 3173 544 3242 patitur
592 3169 822 3220 humana
874 3164 1131 3228 conditio,
1185 3163 1463 3217 scientiam
1514 3166 1771 3229 appetunt

166 3263 515 3321 futurorum,
543 3272 634 3325 per
663 3254 939 3323 speculum
978 3262 1031 3307 et
1061 3252 1368 3321 imaginem,
1402 3265 1560 3303 sensu
1585 3260 1636 3302 et
1668 3249 1771 3301 fide

165 3353 454 3409 calorum
521 3362 679 3415 regna
745 3354 1063 3407 cernentes,
1122 3349 1517 3409 consequentur
1569 3348 1771 3392 aeterna

171 3442 430 3512 prannia,
461 3447 517 3492 et
545 3437 689 3490 nullo
727 3444 1028 3504 temporum
1075 3432 1178 3486 fine
1220 3429 1537 3484 claudenda.
1611 3428 1771 3498 621

173 3534 307 3585 Dies
347 3539 405 3584 et
454 3542 559 3580 nox
588 3525 748 3580 certis
792 3524 1043 3577 horarum
1088 3522 1188 3575 sibi
1230 3520 1524 3576 succedunt
1564 3519 1770 3587 spatiis,

173 3621 553 3691 paulatimque
582 3616 974 3678 decrescentes,
1006 3612 1146 3682 quod
1185 3613 1457 3672 amittunt,
1486 3610 1771 3680 recipiunt,

176 3724 235 3767 et
259 3711 410 3782 quod
451 3708 734 3777 recipiunt,
785 3708 1021 3761 tribuunt
1054 3724 1067 3759 :
1099 3704 1165 3757 ad
1197 3704 1439 3758 cauulcm
1470 3717 1772 3757 mensuram

178 3805 265 3860 bis
317 3805 373 3857 in
424 3817 571 3856 anno
622 3800 1025 3864 convenientes,
1072 3814 1169 3852 nec
1220 3807 1438 3851 manent
1487 3797 1536 3850 iu
1581 3795 1773 3850 eodem

179 3904 353 3959 statu,
385 3892 483 3948 sed
520 3891 590 3959 (ὁ)
629 3891 888 3945 brevitate
925 3897 980 3942 et.
1015 3886 1343 3955 longitudine
1373 3885 1625 3938 horarum
1656 3897 1774 3935 mo-

180 3993 369 4038 menta
401 3979 794 4042 discriminant,
826 3986 885 4030 ut
910 3976 1091 4030 utilem
1120 3975 1315 4027 mundo
1342 3973 1537 4026 faciant
1565 3982 1772 4038 tempo-

181 4090 306 4129 rum
338 4071 731 4127 diversitatem.
756 4067 885 4121 Nam
906 4081 1008 4135 que
1036 4065 1150 4119 dies
1180 4065 1250 4133 (c)
1279 4064 1467 4117 ordine
1492 4073 1545 4115 et
1574 4060 1778 4114 circulo

182 4178 289 4219 suo
316 4162 390 4216 de
418 4159 590 4214 noctis
630 4156 959 4225 temporibus
1005 4162 1294 4217 mutuatur,
1328 4160 1382 4205 et
1426 4166 1637 4204 rursum
1669 4164 1775 4202 nox

185 4251 385 4322 recipit
437 4248 579 4320 quod
629 4248 815 4318 largita
854 4254 939 4300 est
980 4263 994 4299 :
1038 4243 1269 4311 dumque
1311 4241 1543 4296 vicissim
1592 4250 1646 4294 et
1684 4239 1779 4293 tri-

190 4342 384 4404 buunt,
420 4350 475 4394 et
506 4340 790 4408 accipiunt,
824 4345 880 4392 et
904 4336 1036 4391 orbe
1064 4334 1294 4405 quodam
1335 4332 1475 4403 quod
1521 4331 1776 4401 paulatim

192 4431 490 4484 amiserant
511 4426 901 4490 decrescentes,
925 4424 1123 4478 sensim
1143 4432 1450 4477 crescentes
1470 4419 1734 4489 recipiunt
1758 4435 1773 4473 :

194 4522 455 4577 creatoris
506 4519 599 4574 Dei
644 4521 1060 4587 interpretantur
1104 4512 1443 4583 sapientiam.
1486 4513 1661 4580 Atque
1708 4525 1774 4564 ex

199 4607 299 4663 hac
327 4608 693 4665 vicissitudine
737 4607 1028 4674 Spatiormn
1062 4603 1146 4657 vel
1176 4610 1482 4677 menstruus
1512 4601 1650 4653 luna:
1688 4614 1777 4652 or-

200 4699 281 4752 bis
307 4700 563 4777 efficitur,
583 4701 664 4754 vel
696 4698 827 4752 solis
845 4712 940 4752 sua
975 4711 1069 4765 per
1091 4694 1310 4763 vestigia
1336 4692 1653 4747 revertentis
1678 4706 1774 4744 an-

202 4802 302 4841 nus
322 4781 605 4859 impletur,
650 4788 776 4842 dum
819 4795 1083 4848 crescunt,
1134 4795 1293 4856 atque
1330 4783 1670 4849 decrescunt,
1720 4790 1777 4836 et

203 4876 357 4944 lapsu
387 4881 770 4947 pr.eteritorum
801 4878 973 4934 futura
1005 4876 1316 4941 succedunt,
1349 4876 1534 4930 eadem
1565 4889 1778 4943 semper

203 4974 365 5033 atque
388 4968 486 5020 alia
512 4978 744 5038 tempora
784 4978 1199 5024 commutantur.
1236 4966 1385 5022 Unde
1410 4976 1464 5021 et
1493 4966 1617 5019 luna
1647 4979 1776 5034 pru-

204 5054 520 5109 dentissimo
547 5056 637 5111 Dei
663 5059 888 5114 artificio
915 5059 1150 5124 condita,
1174 5065 1228 5112 et
1249 5056 1537 5110 formarum
1565 5065 1776 5110 mutans

203 5146 511 5212 varietates,
538 5146 603 5201 ad
633 5148 1012 5218 plenitudinem
1042 5147 1229 5211 tendit,
1271 5158 1325 5201 et
1349 5144 1566 5199 festinat
1598 5144 1665 5198 ad
1691 5143 1776 5198 di-

204 5236 572 5305 minutionem,
618 5249 675 5293 ut
702 5238 953 5309 quicquid
976 5251 1223 5295 crescens
1265 5236 1607 5308 acquisierat,
1651 5248 1775 5305 per-

358 5430 620 5508 Brev'iores
637 5430 830 5508 hieme,
847 5442 1016 5487 testate
1033 5434 1282 5497 longiores
1291 5437 1431 5482 erant
1443 5430 1630 5508 diurna:
1647 5430 1778 5508 horae

204 5499 330 5559 apud
355 5504 572 5557 veteres,
596 5499 775 5559 quibus
805 5510 932 5558 unaq

205 5553 362 5605 decim
388 5553 677 5608 nartes’sive
700 5557 843 5608 horas
865 5553 1190 5607 tribuebatur.

208 5615 342 5727 αξξ)
373 5614 598 5673 Fortasse
633 5616 853 5674 ordinem
894 5624 940 5674 et
973 5617 1211 5708 circulum
1240 5629 1381 5691 suum
1408 5614 1776 5695 resaibcmlum

268 5371 319 5493 in
372 5373 532 5437 Vulgo
555 5379 701 5424 antea
724 5372 983 5436 legebatur
1004 5373 1346 5424 meminerunt.

290 5374 341 5541 ff}
358 5434 620 5486 Breviores
637 5437 830 5508 hyeme,
847 5442 1016 5487 testate
1033 5434 1282 5497 longiores
1291 5447 1346 5482 er

269 5508 298 5541 u
355 5504 572 5541 veteres.
596 5499 775 5541 ambus
805 5509 1108 5541 unaanzmue
1143 5508 1232 5541 ner
1255 5507 1346 5541 ann

1044 5511 1108 5546 ue
1119 5493 1232 5558 ’νοι-
1255 5506 1433 5544 annum
1453 5493 1563 5543 dies
1585 5494 1632 5541 in
1655 5493 1779 5541 duo-

1582 228 1912 290 EPISTOLA
1946 228 2009 286 C.

1863 345 1956 400 dat
1982 341 2295 414 amittatque
2329 341 2672 398 decrescens.
2706 342 2816 400 Nec
2837 351 2943 400 stat
2977 343 3030 400 in
3056 343 3246 405 eodem
3276 352 3443 415 statu,

1864 434 1959 490 sed
1984 434 2296 506 quibusdam
2324 432 2577 504 gradibus
2598 433 2892 489 ascendens
2906 444 3066 506 atque
3085 435 3441 502 descendens,

1862 526 1929 581 de
1957 533 2264 595 paupertate
2293 524 2464 593 pergit
2503 522 2570 578 ad
2598 522 2828 588 divitias.
2874 524 3022 578 etde
3064 525 3263 580 divitiis
3306 526 3443 580 redit

1862 616 1930 671 ad
1957 624 2327 687 paupertatem
2352 633 2367 670 :
2391 614 2510 685 ipsa
2548 613 2855 687 diversitate
2893 614 3180 668 formarum
3216 615 3443 671 mutabi-

1864 705 1973 761 lem
1997 716 2050 761 et
2078 705 2346 761 conditam
2372 720 2433 761 se
2457 720 2578 760 esse
2602 704 2993 760 demonstrans.
3027 703 3153 771 Quis
3177 720 3303 757 vero
3325 720 3444 773 pos-

1866 796 1936 851 sit
1981 796 2140 866 digno
2182 810 2431 851 sermone
2471 796 2773 865 exprimere
2802 794 2932 850 solis
2958 809 3195 860 cursum,
3240 802 3289 847 et
3320 795 3445 851 anni

1866 886 2123 942 circulum
2167 887 2357 941 rationi
2389 896 2677 941 menstrua:
2698 885 2776 958 (ά)
2804 886 2917 943 sive
2944 885 3113 939 lunari
3149 900 3447 954 congruen-

1870 981 2019 1035 tem?
2047 980 2178 1033 Dum
2222 995 2316 1049 per
2352 989 2580 1049 quatuor
2621 978 2854 1033 volvitur
2899 987 3160 1048 tempora.
3205 987 3259 1031 et
3293 979 3346 1032 in
3388 992 3449 1033 se

1869 1087 2082 1141 semper
2134 1072 2439 1136 revertitur,
2491 1071 2791 1141 eademque
2838 1085 3085 1125 mensura
3136 1069 3449 1123 censeendit

1870 1174 2029 1232 atque
2052 1160 2347 1225 descendit,
2389 1170 2440 1214 et
2470 1170 2673 1215 mtcruo
2716 1160 2905 1215 ordine
2943 1160 3179 1213 labitur:
3213 1168 3270 1213 ut
3305 1159 3447 1227 quod

1872 1253 2058 1307 lunare
2095 1252 2322 1321 spatium
2361 1251 2572 1320 triginta
2617 1249 2806 1303 diebus
2848 1249 3031 1317 implet
3072 1262 3135 1302 ac
3179 1247 3447 1312 noctibus,

1874 1345 1975 1399 hoc
1999 1344 2129 1398 solis
2158 1358 2345 1399 cursus
2372 1342 2556 1412 spatiis
2582 1341 2709 1395 anni
2737 1341 2994 1395 vertentis
3035 1339 3258 1394 reficiat.
3284 1337 3449 1392 Cum-

1873 1452 1977 1506 que
2005 1435 2070 1489 ad
2099 1435 2455 1504 mtjualitatelii
2482 1433 2586 1487 diei
2612 1433 2889 1502 noctisque
2918 1431 3243 1500 pervenerit,
3269 1438 3325 1485 et
3359 1444 3450 1498 pa-

1875 1542 2093 1593 rumper
2123 1527 2171 1579 in
2206 1525 2339 1580 libra
2362 1525 2492 1592 justi
2522 1538 2712 1577 cursus
2731 1522 2960 1586 steterit,
2990 1521 3207 1577 festinat
3229 1521 3296 1575 ad
3318 1522 3450 1575 inte-

1876 1618 2205 1685 qualitatcm,
2233 1615 2488 1669 deserens
2508 1613 2573 1666 ad
2600 1612 2743 1681 quod
2772 1621 3108 1681 pervenerat.
3140 1611 3290 1677 Quod
3324 1623 3453 1681 puto

1878 1707 2261 1769 Ecclesiasten,
2301 1719 2366 1757 ne
2397 1704 2465 1758 de
2509 1703 2697 1757 alienis
2743 1714 2924 1756 nostra
2969 1702 3204 1755 fontibus
3234 1701 3448 1755 hauria-

1876 1811 2014 1858 tnus,
2048 1795 2098 1848 in
2127 1793 2392 1848 volumine
2422 1806 2521 1845 suo
2560 1792 2744 1845 dicere
2776 1808 2789 1844 :
2822 1789 3022 1859 Gymns
3051 1789 3277 1859 gyrando
3317 1789 3452 1841 radit

1875 1886 2101 1953 spiritus,
2132 1892 2178 1937 et
2204 1884 2255 1936 in
2286 1883 2499 1935 cireulos
2526 1898 2643 1934 suus
2664 1881 2928 1934 revertitur
2943 1880 3147 1946 spiritus
3174 1876 3344 1947 (Eccl.
3374 1879 3450 1941 l),

1875 1990 2109 2031 annuum
2181 1974 2349 2045 622
2418 1972 2546 2027 solis
2588 1986 2803 2027 Cursum
2824 1971 3236 2040 significantem.
3257 1970 3452 2023 Eadem

1876 2063 2019 2121 enim
2049 2076 2346 2133 temporqu
2379 2074 2489 2117 rota
2523 2065 2573 2116 in
2614 2070 2784 2116 semet
2810 2062 3114 2125 revertitur,
3148 2060 3358 2113 rediens
3387 2060 3452 2113 ad

1875 2173 1961 2223 ea,
1995 2156 2137 2210 unde
2161 2155 2428 2224 profectus
2458 2155 2647 2234 fuerat.

1948 2249 2036 2303 ll.
2078 2248 2270 2301 Sancta
2289 2261 2414 2299 vero
2439 2244 2781 2313 caelestisque
2807 2242 3120 2296 sclemnitas
3150 2241 3328 2294 radios
3358 2256 3429 2294 no

1877 2339 1957 2394 bis
1986 2338 2067 2391 sui
2112 2336 2412 2407 splendoris
2458 2335 2726 2396 rmitteus,
2771 2333 2931 2387 nullis
2978 2332 3163 2401 spatiis
3196 2333 3454 2385 termina-

1879 2442 1966 2487 tur
1998 2449 2012 2485 :
2038 2445 2268 2496 cumque
2293 2437 2595 2483 sanctorqu
2626 2425 2937 2489 certamina,
2966 2433 3018 2475 et
3048 2422 3326 2490 prtesenlis
3352 2437 3455 2475 sa:-

1876 2526 1980 2579 Cttli
2029 2523 2180 2576 labor
2233 2518 2391 2572 finetn
2442 2515 2786 2583 acceperint,
2840 2512 3091 2567 succedet
3142 2521 3455 2580 perpetuum

1874 2614 2147 2686 gaudium,
2193 2621 2247 2666 et
2299 2622 2497 2663 aeterna
2538 2607 2817 2661 festivitas.
2874 2603 3028 2659 Unde
3082 2603 3300 2673 perfecti
3355 2602 3452 2656 viri

1876 2706 2083 2760 animas
2110 2716 2236 2756 suas
2270 2700 2339 2754 ab
2374 2698 2519 2752 omni
2567 2710 2814 2751 errorum
2857 2694 3083 2763 caligine
3122 2703 3454 2762 separantcs,

1871 2797 1983 2867 jam
2012 2810 2154 2849 nunc
2191 2793 2323 2847 festa
2355 2790 2641 2845 deeantant
2670 2803 2686 2843 :
2716 2786 3038 2840 lntroemnus
3068 2794 3235 2853 portas
3263 2785 3371 2852 ejus
3406 2785 3457 2836 in

1876 2886 2210 2955 confessione,
2238 2882 2368 2935 atria
2393 2882 2504 2950 ejus
2529 2881 2579 2931 in
2608 2878 2807 2948 hymnis
2830 2874 2999 2946 (Psnl.
3026 2874 3141 2942 94),
3164 2872 3460 2928 SaIVatoris

1876 2979 2162 3033 adventum
2194 2975 2331 3029 lanis
2373 2972 2592 3026 vocibus
2639 2976 3014 3039 personantes.
3046 2967 3178 3021 Cu-n
3218 2967 3360 3020 enim
3407 2968 3458 3020 in

1878 3078 1990 3123 toto
2018 3070 2149 3120 orbe
2173 3072 2419 3139 regnaret
2447 3062 2667 3125 malitia,
2694 3069 2746 3113 et
2777 3057 3029 3113 tenebras
3060 3057 3308 3111 humanis
3333 3071 3460 3110 ocu-

1880 3159 1946 3212 lis
1968 3158 2240 3211 davmones
2260 3153 2593 3215 olfudissent,
2636 3164 2808 3218 neque
2849 3156 3031 3218 posset
3058 3149 3135 3202 eis
3173 3148 3316 3203 ullus
3346 3150 3462 3216 opi-

1880 3246 2059 3310 tulari,
2086 3246 2235 3313 juxta
2261 3243 2386 3296 illud
2415 3242 2554 3312 quod
2578 3239 2836 3310 scriptum
2865 3247 2948 3292 est
2978 3254 2992 3291 :
3024 3237 3257 3307 Respexi,
3284 3248 3329 3291 et
3360 3255 3459 3291 non

1877 3346 1983 3389 erat
2022 3335 2107 3403 qui
2145 3333 2474 3386 auxiliaretur
2504 3345 2521 3383 :
2548 3328 2880 3391 consideravi,
2922 3338 2967 3380 et
2997 3328 3163 3380 nullus
3190 3328 3276 3397 qui
3305 3328 3461 3380 susci-

1879 3437 2011 3498 peret
2044 3423 2212 3495 (Psal.
2249 3423 2362 3493 99),
2404 3430 2460 3476 ut
2506 3421 2664 3475 finem
2707 3419 2929 3474 haberet
2957 3418 3242 3487 aliquando
3270 3418 3455 3488 impie-

1880 3529 1982 3581 tas,
2016 3529 2070 3573 et
2100 3518 2464 3572 destrueretur
2493 3512 2808 3566 idololatria:
2857 3511 3232 3583 fraudulentia,
3276 3511 3462 3564 vivens

1879 3609 2070 3665 Sermo
2102 3607 2216 3674 Dei,
2249 3605 2376 3660 nihil
2419 3605 2486 3659 de
2530 3612 2713 3658 nostra
2745 3603 3053 3671 relinquens
3088 3600 3460 3662 similitudine.

1879 3701 2081 3770 absque
2107 3699 2223 3752 solo
2267 3708 2505 3766 peccato,
2556 3693 2695 3764 quod
2739 3693 3094 3747 substantiam
3136 3706 3242 3746 non
3282 3690 3463 3755 habet,

1880 3806 2020 3846 novo
2045 3789 2206 3844 modo
2229 3788 2295 3842 ad
2324 3802 2421 3840 nos
2448 3786 2630 3839 venire
2653 3784 2902 3851 dignatus
2930 3791 3033 3846 est,
3061 3790 3119 3834 ut
3147 3781 3297 3835 fieret
3326 3782 3466 3836 filius

1882 3880 2117 3935 hominis
2144 3879 2242 3946 (e),
2271 3886 2326 3930 et
2350 3881 2691 3944 permaneret
2729 3871 2895 3925 Filius
2936 3870 3052 3933 Dei,
3084 3878 3240 3922 natus
3269 3870 3465 3939 quippe

1881 3985 1947 4026 ex
1980 3968 2214 4037 Virgine,
2243 3967 2344 4019 hoc
2377 3972 2580 4017 tantum
2610 3959 2790 4014 stultis
2818 3958 3083 4013 mentibus
3110 3957 3457 4024 credebatur,

1882 4059 2023 4132 quod
2047 4058 2185 4113 oculi
2219 4053 2676 4111 demonstrabant.
2711 4051 2790 4106 Ex
2830 4049 3084 4120 operibus
3129 4064 3256 4103 vero
3295 4058 3349 4103 et
3391 4050 3466 4103 si-

1882 4164 2106 4221 gnorum
2150 4145 2514 4217 magnitudine
2549 4144 2689 4199 Deus
2731 4141 3016 4197 invisibilis
3045 4156 3075 4195 a
3116 4140 3465 4209 prudentibus

1882 4242 2223 4305 cernebatur,
2251 4252 2515 4309 quemque
2539 4236 2705 4291 facies
2732 4232 3004 4289 hominem
3040 4231 3462 4297 demonstrabat,

1885 4335 2028 4389 hunc
2066 4332 2293 4387 virtutes
2338 4327 2714 4398 significabant
2762 4325 2963 4386 Deum,
3021 4322 3234 4379 servilis
3282 4322 3467 4377 forma:

1884 4425 2085 4478 vilitate
2108 4428 2439 4491 coopertum.
2463 4418 2777 4485 Quanquam
2825 4414 2970 4469 enim
2999 4412 3317 4468 tradiderint
3344 4428 3466 4466 eum

1882 4513 2075 4574 Judaei,
2121 4519 2175 4565 et
2215 4506 2633 4578 crucifigendum
2677 4505 2898 4560 vocibus
2948 4503 3125 4572 impiis
3168 4502 3469 4556 conclauia-

1884 4606 2011 4666 rint,
2051 4599 2425 4655 interfectioue
2465 4595 2711 4666 corporis
2739 4595 2856 4665 ejus
2885 4594 3169 4647 Dominum
3213 4590 3467 4657 blaSphe-

1884 4703 2091 4750 inantes
2127 4711 2140 4747 :
2174 4691 2281 4743 imo
2321 4689 2595 4743 occisione
2650 4686 2830 4741 carnis
2865 4683 3150 4737 dominica:
3186 4681 3323 4733 servi
3366 4680 3467 4732 im-

1885 4783 2096 4853 pietatis
2119 4779 2316 4841 effecti,
2367 4786 2546 4833 tamen
2592 4774 2660 4829 ad
2704 4784 2930 4829 mortem
2975 4770 3269 4839 intrepidus
3310 4783 3466 4824 acce-

1881 4875 2036 4939 dens,
2055 4882 2113 4927 ut
2141 4870 2297 4926 nobis
2321 4869 2533 4923 virtutis
2563 4865 2832 4936 prazberet
2848 4861 3175 4932 exemplum,
3205 4860 3468 4915 Dominus

1882 4965 2064 5035 gloria:
2094 4963 2147 5016 in
2177 4962 2293 5031 ipsa
2332 4958 2581 5025 passione
2619 4961 2947 5009 monstratus
2978 4960 3081 5015 est,
3123 4950 3468 5018 impassibilis

1883 5053 2176 5110 divinitatis
2220 5063 2540 5120 permanens
2571 5044 2871 5113 majestate,
2894 5051 2956 5096 et
2990 5055 3150 5095 carne
3178 5036 3467 5109 passihilis,

1879 5147 2030 5215 juxta
2056 5141 2197 5196 beati
2225 5140 2371 5195 Petri
2396 5146 2641 5209 repertus
2666 5133 2963 5203 eloquium.
3004 5131 3072 5185 Et
3098 5128 3219 5183 ideo
3247 5141 3343 5197 pro
3367 5142 3469 5182 no-

1881 5235 1965 5290 bis
1992 5232 2221 5303 patiens,
2263 5242 2370 5284 non
2398 5227 2530 5299 fugit
2569 5232 2818 5290 mortem,
2862 5238 2931 5278 ne
2967 5234 3066 5276 nos
3092 5220 3285 5273 timore
3324 5230 3469 5272 mor-

1944 5365 2025 5429 (d)
2045 5363 2189 5429 llud,
2211 5363 2310 5429 sive
2331 5360 2509 5429 tamen,
2532 5362 2584 5410 in
2608 5358 2825 5409 editione
2840 5355 2983 5429 3.)".
3007 5353 3339 5429 desideratur:

1948 5410 2023 5491 ié)’
2049 5410 2530 5491 Ηέῑιῐιίὲῐειέάῆἰιίιέτ
2561 5425 2925 5491 eam-erant
2946 5419 2997 5466 in
3016 5414 3351 5491 eaeeae:
3360 5410 3469 5491 99!-

1882 5475 2021 5543 tio‘né
2053 5475 2113 5536 ad
2137 5487 2267 5536 hunc
2287 5484 2503 5545 modum,
2520 5475 2730 5545 utﬁer'et
2750 5476 2881 5542 titius
2900 5475 3469 5545 horninis,

1882 5534 2111 5613 imitri;
2136 5534 2155 5598 ὲ
2375 5556 2439 5613 ea:
2686 5534 2783 5613 etc:
2809 5552 2875 5589 ex
2894 5539 3074 5613 quibus
3095 5534 3470 5613 idoneum

2075 5597 2375 5678 eadem
2394 5597 2786 5678 ηεειίῑυίειίειξεε
2800 5597 3384 5678 meamea
3410 5597 3469 5648 ει

1886 5662 2027 5730 iratus
2050 5686 2116 5726 ex
2138 5672 2197 5723 B.
2224 5669 2282 5721 P.
2305 5679 2415 5734 quae
2436 5667 2631 5721 omnino
2652 5662 2979 5718 erant'sensui
3000 5662 3296 5716 necessaria.
