4054 6192
628 255 735 313 823

627 371 698 423 tis
728 369 807 437 (α)
839 368 952 438 ejus
985 370 1303 437 proprietate
1328 365 1607 425 bellantes,
1647 359 1923 415 victoriam
1952 362 2202 429 perdere-

629 474 770 513 mus.
807 458 938 513 Nam
985 463 1028 510 si
1077 458 1332 508 timuisset
1373 468 1609 518 crucem,
1655 453 1918 506 contraria
1962 452 2045 506 his
2086 468 2206 519 qu:

628 551 886 602 docuerat
947 561 1185 613 gerens,
1228 545 1344 611 quis
1405 544 1788 610 discipulorum
1852 545 1970 610 ejus
2033 543 2205 596 libens

627 638 788 709 623
863 650 958 702 pro
998 635 1253 700 religione
1295 634 1622 702 pugnasset?
1668 633 1924 687 Irridctur
1953 636 2129 704 itaque
2175 649 2203 686 a

626 742 656 778 a
686 725 859 777 stuitis
884 732 938 774 et
967 722 1274 784 incredulis,
1303 739 1390 790 qm
1431 724 1616 774 orbem
1647 732 1908 776 terrarum
1938 740 2047 776 sure
2077 725 2205 776 sub-

622 817 750 883 jecit
779 813 923 878 ﬁdei,
966 822 1019 866 et
1064 814 1294 866 nominis
1336 814 1624 867 Christiani
1655 816 1852 868 sanctis
1883 815 2100 883 largitus
2126 823 2209 867 est

622 906 951 972 dignitatem.
979 902 1221 971 Cumque
1251 905 1557 972 magnitudo
1587 906 1836 958 virtutum
1877 906 1992 974 ejus
2029 908 2206 959 omni-

623 994 720 1044 bus
749 993 1004 1044 enitescat
1032 990 1123 1063 [λι.
1154 991 1386 1063 darent].
1419 993 1790 1062 blasphemare
1827 1010 1931 1048 non
1972 1005 2203 1048 cessant.

623 1084 715 1136 lile
753 1099 878 1136 vero
907 1084 996 1150 qui
1043 1082 1292 1136 irridetur
1322 1085 1486 1149 Deus,
1519 1087 1772 1153 operibus
1813 1088 2206 1140 demonstratus

621 1183 724 1236 est,
753 1185 813 1226 ut
848 1173 1150 1227 dmrnonum
1183 1175 1378 1242 templa
1407 1175 1766 1241 subverteret,
1798 1189 1848 1229 ut
1879 1176 2205 1245 Origeniata-

622 1279 739 1315 rum
781 1263 1104 1331 impietatem
1148 1276 1395 1329 argueret
1433 1266 1768 1332 versipellem
1801 1283 1814 1317 :
1848 1281 2073 1334 quorum
2114 1283 2209 1318 au-

623 1363 738 1405 ctor
763 1353 1037 1419 Origenes,
1070 1354 1138 1405 iu
1183 1369 1339 1407 aures
1378 1353 1696 1422 simplicium
1731 1365 1788 1410 et
1825 1356 2080 1409 leviorum
2112 1372 2204 1409 sua

623 1444 969 1511 persuasione
998 1443 1228 1511 dcc-epit,
1261 1454 1318 1496 ut
1356 1445 1536 1496 solent
1576 1447 1627 1496 in
1664 1446 1838 1498 littora
1875 1462 1940 1499 ex
1978 1448 2087 1500 alto
2113 1461 2206 1500 ve-

625 1537 831 1589 nientes
876 1537 1006 1589 ili'di
1051 1539 1310 1606 gurgites,
1355 1546 1410 1591 et
1453 1540 1504 1589 in
1547 1547 1721 1591 semet
1761 1541 2028 1607 spumanti
2067 1541 2208 1594 mole

624 1627 764 1680 C0ltrl
780 1628 906 1694 iugi.

701 1716 786 1768 1³2.
828 1715 933 1768 Sos
983 1731 1113 1783 ergo
1158 1716 1224 1768 ad
1270 1732 1415 1781 eum,
1470 1717 1559 1786 qui
1608 1733 1772 1773 ausus
1821 1729 1904 1772 est
1948 1721 2201 1782 scribere,

628 1808 777 1858 ruina
818 1807 1209 1858 rationabilium
1237 1817 1601 1860 creaturarum
1633 1823 1753 1862 esse
1783 1825 2007 1878 corpora
2049 1811 2207 1865 labri-

627 1908 766 1960 cata,
796 1898 908 1948 zelo
948 1897 1068 1950 ﬁdei
1101 1899 1350 1952 concitati
1383 1897 1667 1967 loquamur
1698 1919 1712 1953 :
1743 1901 1797 1955 Si
1836 1903 1926 1955 tibi
1955 1902 2203 1972 hujusce-

628 1990 770 2043 moti
821 1990 1064 2057 inqit-tas
1111 1989 1304 2058 placet,
1361 1993 1629 2059 quomodo
1678 1992 1872 2046 Paulus
1920 1997 2204 2064 Apostolus

628 2079 813 2132 serLbit
859 2096 872 2129 :
927 2077 1050 2130 Volo
1097 2079 1502 2132 adulescentulas
1528 2082 1730 2145 nubere,
1762 2085 1898 2150 ﬁlios
1946 2103 2207 2153 procreare

627 2169 783 2238 (Tim.
818 2170 912 2237 5)?
957 2169 1142 2224 Utrum
1193 2170 1392 2224 idcirco
1441 2174 1694 2241 pra-cepit
1747 2179 1981 2242 nuptias,
2037 2188 2094 2231 ut
2136 2194 2200 2232 ex

624 2259 937 2313 mulieribus
965 2261 1233 2314 nascentia
1261 2275 1510 2329 corpora,
1536 2264 1816 2318 ruentibus
1839 2266 1905 2320 de
1934 2267 2073 2320 coelo
2091 2268 2202 2320 An-

621 2349 778 2417 gelis,
809 2358 864 2402 et
902 2350 1072 2402 versis
1095 2351 1245 2418 juxta
1278 2359 1329 2404 te
1360 2352 1411 2404 in
1442 2352 1666 2417 animas,
1707 2368 1955 2408 cara-res
1998 2373 2204 2426 parpa-

624 2448 803 2492 rarent
829 2436 920 2509 [ιιι.
953 2438 1326 2511 praepararet]?
1356 2443 1435 2493 An
1479 2451 1536 2494 ut
1567 2442 1618 2495 in
1643 2444 2018 2511 conjunctione
2042 2448 2202 2500 mari-

624 2530 713 2584 tali
761 2530 849 2583 Dei
900 2532 1177 2584 sententia:
1232 2533 1511 2597 serviens,
1568 2546 1850 2588 conservet
1908 2537 2200 2590 humanum

621 2623 830 2690 genus?
856 2621 910 2677 Si
941 2624 1083 2676 enim
1127 2623 1240 2676 vult
1274 2623 1700 2680 adulescentulas
1727 2628 1952 2689 nubere,
1979 2638 2035 2682 et
2065 2630 2201 2683 ﬁlios

621 2728 928 2781 procreare,
980 2729 1074 2782 per
1122 2729 1255 2783 quas
1302 2724 1596 2768 nascuntur
1638 2730 1864 2786 corpora
1920 2717 2194 2770 humana:

619 2803 933 2872 corporibus
960 2812 1140 2856 autem
1172 2815 1388 2872 propter
1415 2820 1598 2872 manas
1639 2815 1797 2874 atque
1824 2821 1938 2874 sup;
1961 2806 2078 2860 licia
2116 2823 2202 2861 er-

619 2906 800 2948 rantes
830 2896 1025 2948 anima:
1059 2896 1334 2961 uniuntur,
1369 2897 1497 2950 nulli
1540 2897 1781 2961 dubium,
1811 2901 1937 2967 quin
1984 2910 2201 2970 propter

619 3001 803 3053 pwnas
831 2987 1153 3051 animarum,
1183 2997 1237 3041 et
1279 3002 1383 3040 non
1420 2997 1632 3054 propter
1661 2991 2025 3056 generationis
2053 2992 2200 3045 ordi-

619 3094 740 3132 nem
786 3078 1090 3146 nuptiarum
1141 3077 1557 3131 adolescentulis
1610 3078 1822 3132 vincula
1876 3080 2194 3136 tribuantur.

619 3168 814 3222 Verum
854 3169 1013 3234 absit,
1050 3177 1108 3223 ut
1149 3169 1216 3222 ita
1247 3183 1367 3222 εδςε
1394 3168 1699 3233 credamus,
1742 3179 1796 3223 et
1841 3171 2039 3235 mariti,
2070 3188 2201 3225 uso-

617 3261 797 3328 risque
838 3258 1039 3315 hedera
1079 3274 1182 3312 non
1211 3259 1280 3312 ob
1306 3258 1756 3320 benedictionem,
1797 3259 1892 3313 sed
1924 3261 1992 3314 ob
2015 3276 2202 3329 pecca-

619 3361 727 3403 tum
760 3351 944 3419 juncta
977 3349 1280 3403 credamus.
1310 3348 1419 3403 Nec
1449 3348 1614 3401 Adam
1653 3361 1706 3402 et
1732 3351 1895 3403 Evam
1935 3354 2201 3421 plasmans

620 3441 779 3501 Inus,
809 3448 1028 3506 propter
1053 3438 1262 3490 animas
1308 3437 1373 3489 de
1412 3437 1549 3490 coal”
1595 3447 1812 3491 ruentes
1841 3451 1895 3492 el
1933 3441 2105 3509 lapsas
2137 3441 2198 3512 [Γ.

619 3525 811 3596 lapsus]
858 3525 1255 3579 rationabilium
1300 3535 1666 3577 creaturarum
1710 3527 2081 3583 benedictione
2123 3532 2195 3602 (ὑ)

617 3616 842 3669 sociavit
872 3632 883 3666 :
912 3613 1132 3669 Crescite
1153 3622 1199 3666 et
1227 3613 1656 3680 multiplicamini,
1690 3616 1893 3678 dicens,
1932 3628 1978 3670 et
2016 3622 2203 3688 replete

620 3716 802 3758 terram
829 3703 978 3775 (Cea.
1006 3705 1052 3758 l.
1079 3703 1194 3773 28).
1226 3703 1280 3758 Si
1320 3703 1461 3757 enim
1487 3713 1705 3774 propter
1731 3716 1944 3772 peccata
1972 3707 2024 3761 in
2053 3711 2201 3765 caalis

618 3796 973 3865 praecedentia
1001 3795 1066 3850 ad
1104 3804 1275 3850 terras
1311 3795 1486 3849 missa:
1512 3805 1638 3849 sunt
1674 3797 1889 3861 animm,
1931 3809 1988 3853 ut
2013 3815 2202 3870 corpo-

621 3887 766 3942 ribus
795 3889 1106 3958 ligarentur,
1148 3886 1407 3940 mentitur
1433 3886 1630 3940 Paulus
1651 3888 1893 3942 scribens
1918 3908 1930 3942 :
1965 3889 2199 3945 Honora-

618 3979 740 4032 biles
769 3981 980 4047 nuptiae,
1028 3987 1074 4032 et
1123 3978 1288 4030 cubile
1331 3978 1714 4030 immaculatum
1748 3977 1904 4047 (Heb.
1951 3981 2066 4049 12).
2095 3983 2198 4038 Sed

619 4085 952 4139 nequaquam
983 4069 1073 4122 ille
1103 4068 1379 4122 mentitur.
1419 4067 1581 4136 Igitur
1610 4085 1716 4122 non
1743 4081 1961 4139 propter
1991 4075 2198 4130 ruinam

619 4160 939 4222 animarum,
969 4173 1193 4226 corpora
1219 4158 1544 4212 fabricantur
1571 4175 1584 4212 :
1612 4159 1705 4212 sed
1739 4169 1794 4214 ut
1821 4163 2050 4217 mundus
2082 4181 2203 4219 suc-

619 4248 862 4301 eessionc
906 4248 1258 4314 nascentium,
1293 4248 1636 4303 morientium
1669 4249 1860 4304 damna
1890 4266 2202 4323 compenset

619 4335 1119 4410 [al.compensaret],
1165 4346 1220 4392 et
1269 4338 1581 4392 brevitatem
1634 4339 1881 4396 humana)
1927 4343 2049 4398 vita:
2078 4347 2196 4398 vin-

619 4437 705 4484 cat
757 4428 1096 4482 successione
1165 4427 1330 4500 624
1400 4438 1676 4499 perpetua.
1704 4431 1837 4486 Nam
1885 4434 1929 4488 si
1984 4446 2201 4492 ruentes

618 4517 921 4587 junctaque
945 4518 1260 4585 corporibus
1301 4517 1688 4572 benedicuntur
1721 4534 1751 4573 a
1793 4521 1922 4587 Deo,
1962 4527 2199 4580 melioris

619 4606 943 4660 conditionis
971 4614 1148 4668 erunt,
1175 4613 1454 4674 postquam
1481 4620 1702 4674 corpora
1729 4623 2075 4679 susceperunt
2103 4613 2196 4684 [aL

619 4695 948 4770 susceperint]
983 4715 994 4750 :
1022 4696 1163 4767 quod
1191 4697 1234 4750 si
1261 4697 1457 4750 ideirco
1483 4696 1551 4766 (ε)
1585 4696 1856 4763 dicuntur,
1888 4711 1943 4754 ut
1967 4703 2016 4756 in
2042 4706 2199 4756 ultio-

621 4805 742 4846 ncm
775 4796 1136 4859 peccatorum,
1159 4802 1386 4855 corpora
1413 4787 1700 4856 accipiant,
1723 4791 1991 4859 quomodo
2031 4794 2194 4850 beneo

688 4918 752 4985 (α)
777 4920 920 4979 Illud,
944 4921 1301 4990 proprietate,si
1327 4921 1468 4990 modo
1483 4919 1618 4970 locus
1633 4934 1778 4972 sanus
1797 4931 1889 4983 est,
1916 4937 2198 4990 usurpatum

624 4981 844 5043 putamus
860 4981 1308 5049 pro'singnlaritate,
1335 4982 1490 5049 Graec.
1515 4996 1595 5033 κατ’
1618 4992 1715 5032 tam
1734 5011 1746 5040 ς
1762 4981 2048 5049 quanquam'
2067 4991 2198 5039 nullo

623 5051 840 5110 auctore.
869 5044 1002 5110 Quod
1027 5043 1066 5092 Si
1092 5047 1382 5110 conjectura:
1407 5043 1540 5110 locus
1563 5050 1659 5110 est,
1683 5043 1921 5108 suspicari
1942 5052 2094 5110 possis
2118 5051 2192 5101 le-

623 5103 837 5168 gendum
857 5104 1046 5168 duobus
1067 5107 1249 5168 verbis,
1266 5118 1356 5166 pro
1370 5106 1559 5168 pietate,
1578 5106 1625 5154 in
1641 5103 1789 5168 quem
1811 5103 2010 5159 sensum
2033 5113 2198 5162 denuo

623 5165 785 5212 subdit
803 5163 1331 5235 _:‘gttis_disr_ipulorunt
1347 5163 1451 5235 ejus
1475 5163 1624 5216 libens
1650 5163 1764 5216 i’ItO
1787 5177 2096 5235 ligata/9N5
2112 5187 2199 5235 Im.

623 5233 811 5296 gnasset
832 5225 969 5284 γριιὶ
992 5226 1196 5276 meliora
1219 5226 1454 5290 proferet,
1467 5240 1691 5290 magnam
1714 5242 1742 5276 a
1765 5231 1906 5280 nobis
1927 5231 2068 5282 inibit
2085 5225 2199 5296 gra-

623 5287 753 5335 tiam.

711 5346 754 5414 b}
793 5345 846 5414 [η
868 5346 928 5414 B_.
953 5347 1013 5414 Ρ.
1037 5344 1570 5414 legiturﬁenedictione
1593 5349 1902 5414 vocabit,_pro
1922 5353 2135 5406 sociavit.

710 5407 751 5478 ς)
783 5407 863 5478 ita
898 5408 1047 5478 babet
1067 5409 1384 5478 Benedictina
1417 5409 1587 5478 editio,
1631 5418 1682 5478 et
1705 5407 1974 5478 itu'légitur
1997 5429 2197 5478 quoque

625 5466 673 5535 in
695 5466 755 5515 BL
783 5467 840 5515 Ρ.
867 5469 1039 5535 vitiose
1061 5472 1272 5527 omnino,
1297 5471 1350 5535 si
1357 5470 1502 5535 modo
1525 5466 1802 5535 mendosam
1826 5466 2199 5535 scriptui'am'ab

624 5524 816 5597 integra
833 5530 1010 5597 scimus
1019 5524 1280 5597 seponere}
1294 5529 1420 5579 Olim
1432 5529 1696 5597 legendum
1717 5524 2095 5597 suspicabamur,
2115 5524 2197 5588 si;

625 5587 942 5652 ttt’tlt'rttnlttt,
987 5587 1114 5647 quod
1151 5589 1350 5652 minimc
1386 5587 1514 5639 nunc
1547 5587 1815 5652 probatur;
1845 5596 1942 5643 imo
1978 5587 2199 5648 labuntur

629 5645 1128 5694 rosa-ibeudum'essc
1151 5649 1491 5700 constituimus
1513 5645 1577 5702 ei
1600 5645 1858 5716 TlteOpliili
1883 5645 2070 5707 mente.

1918 247 2158 306 SASCTI
2197 249 2309 305 lllE
2319 250 2576 307 liONYIl

3807 273 3931 332 825

2315 362 2562 417 dicantur
2591 365 2644 418 in
2673 368 3008 436 corporibus,
3037 370 3086 424 in
3117 388 3233 439 qua
3254 375 3321 428 ob
3345 388 3564 443 peccata
3591 396 3876 440 venerunt
3897 391 3926 441 3

2313 452 2357 506 ε
2380 454 2585 508 duobus
2607 457 2750 510 enim
2789 459 3016 514 alterum
3037 460 3141 516 erit
3168 482 3184 516 :
3210 476 3300 518 aut
3326 478 3450 522 ante
3477 472 3698 526 ruinam
3740 473 3921 533 fuisse

2313 558 2405 595 eas
2431 545 2482 597 in
2511 545 2591 613 (cf)
2617 547 3011 612 benedictione,
3042 564 3132 606 aut
3157 567 3276 622 post
3301 560 3512 614 ruinam
3535 563 3764 630 juncta:
3790 584 3922 622 cor-

2316 636 2534 702 poribus
2578 653 2916 708 neq-iaquam
2962 658 3120 712 posse
3159 647 3420 702 benedici.
3463 652 3522 706 Si
3561 656 3712 711 enim
3761 659 3913 714 illam

2315 725 2474 775 vitam
2511 724 2813 782 benedictio
2833 734 3096 800 sequitur,
3125 736 3280 789 istam
3305 738 3502 794 deserit
3531 761 3546 794 :
3572 745 3619 798 si
3650 747 3720 798 ad
3749 749 3910 804 istam

2315 815 2660 878 transfertur,
2695 820 2747 872 in
2791 821 2879 873 illa
2921 838 3028 876 non
3068 825 3232 881 luisse
3263 832 3625 887 murincitur.
3661 838 3822 902 Quod
3865 846 3908 896 si

2312 915 2366 958 et
2391 918 2674 976 antequam
2719 925 2960 979 ruerent,
3008 917 3345 988 necdumque
3383 923 3632 978 humanis
3668 934 3908 998 corpori-

2313 998 2412 1051 bus
2445 1002 2793 1066 vestirentur,
2827 1005 3041 1060 luerunt
3065 1010 3116 1062 in
3143 1010 3534 1080 benedictione,
3564 1029 3620 1072 et
3659 1036 3902 1091 ruentes,

2316 1090 2678 1159 tabentesque
2706 1109 2955 1162 corpora,
2985 1115 3170 1152 rursus
3200 1101 3494 1160 benedicta:
3528 1121 3680 1172 sunt,
3711 1090 3902 1171 similis

2313 1180 2584 1244 eritjuxta
2625 1184 3016 1240 benedictionis
3059 1193 3416 1249 eonditimesn
3464 1209 3518 1251 et
3569 1204 3724 1267 prior
3769 1209 3895 1268 vita,
3961 1249 3964 1252 .

2311 1279 2360 1318 et
2393 1271 2660 1334 posterior
2693 1292 2706 1325 :
2736 1277 2877 1342 quod
2911 1294 3245 1348 nequaquam
3267 1299 3606 1356 consequens
3629 1305 3735 1355 est,
3781 1299 3892 1364 quia

2313 1362 2639 1425 peccatrECes
2668 1369 2953 1433 supplicia,
2995 1388 3100 1424 non
3141 1388 3424 1442 peccantes
3469 1362 3893 1442 benedictionem

2312 1463 2604 1504 merentur.
2643 1456 2906 1523 Quidquid
2931 1477 2960 1514 e
2983 1462 3191 1518 duobus
3221 1483 3405 1522 verum
3445 1488 3566 1527 esse
3602 1484 3894 1545 restuiride-

2312 1539 2435 1599 rint,
2464 1542 2591 1594 vitio
2627 1547 2921 1614 sobjacebit
2948 1569 2964 1605 :
2991 1553 3117 1607 dum
3145 1557 3233 1609 iSti
3271 1560 3456 1614 nolunt
3495 1563 3590 1633 {al
3641 1539 3888 1641 nolentes}

2310 1630 2684 1686 ecrlesiastice
2710 1637 2964 1693 doctrinae
2993 1646 3229 1712 regulam
3268 1630 3561 1716 custodire.
3589 1655 3718 1712 Sive
3754 1633 3886 1713 enini

2313 1732 2526 1786 [trnpler
2567 1738 2781 1791 peccata
2827 1730 2893 1784 de
2938 1735 3078 1787 cmlo
3120 1739 3313 1793 animae
3363 1757 3682 1801 corruentes
3731 1750 3890 1806 instar

2309 1814 2536 1865 carceris
2565 1826 2619 1868 et
2663 1829 2970 1876 catenarum
3008 1829 3318 1894 corporibus
3362 1831 3577 1903 illigata:
3615 1850 3762 1905 sunt,
3803 1858 3890 1895 re-

2309 1903 2628 1968 spo::deattl,
2656 1911 2924 1976 quomodo
2968 1915 3135 1968 Adam
3165 1927 3220 1971 et
3258 1919 3389 1983 Eva,
3427 1927 3695 1980 masculus
3722 1903 3778 1983 et
3817 1933 3888 1985 le-

2310 1992 2474 2054 tnina,
2507 1993 2747 2051 viventes
2787 2001 2837 2051 in
2868 2007 3183 2071 corporibus
3220 2009 3486 2064 benedicti
3517 2028 3627 2068 sunt
3653 2019 3887 2089 2Neque

2308 2085 2448 2137 enim
2489 2091 2639 2154 justa
2680 2090 3025 2147 deliramenta
3071 2113 3256 2151 eorum
3303 2103 3461 2155 nuda:
3497 2108 3678 2161 anima:
3709 2111 3792 2163 vir
3828 2122 3885 2165 et

2308 2176 2499 2229 mulier
2517 2180 2873 2246 appellantur,
2928 2186 3021 2237 sed
3046 2202 3269 2256 Corpora
3313 2209 3432 2259 qua!
3467 2213 3648 2249 sexum
3682 2211 3884 2254 utrum-

2307 2278 2410 2331 que
2448 2267 2795 2335 distinguunt.
2842 2272 2964 2327 Sive
2994 2274 3087 2346 [aL
3137 2277 3200 2332 Si
3236 2281 3371 2352 vero]
3414 2296 3540 2339 ante
3572 2303 3798 2357 corpora
3834 2294 3880 2346 in

2306 2357 2612 2411 CLL'iL'SlibllS
2640 2365 3003 2431 morabantur,
3030 2377 3084 2420 et
3106 2369 3254 2423 beata
3283 2374 3362 2426 eis
3393 2384 3516 2429 tunc
3536 2389 3672 2443 erat,
3701 2381 3880 2451 digna-

2306 2463 2410 2514 que
2455 2450 2829 2508 benedictione
2871 2458 3073 2527 absque
3124 2466 3441 2530 corporibus
3486 2450 3826 2527 conversatio
3862 2491 3878 2529 :

2304 2553 2406 2606 qua
2435 2542 2642 2596 ratione
2667 2554 2758 2597 ant
2788 2548 3095 2616 priuSquam
3131 2565 3364 2620 ruerent,
3398 2557 3696 2615 benedicta:
3739 2578 3874 2629 sunt,

2304 2640 2393 2681 aut
2419 2641 2697 2699 postquam
2724 2650 3064 2703 corruerunt,
3097 2655 3151 2695 et
3175 2644 3226 2696 in
3256 2660 3467 2713 poenam
3496 2650 3670 2703 ruina:
3689 2655 3878 2708 crassis

2304 2722 2922 2792 Corporibuscopulatre
2965 2738 3112 2795 sunt,
3143 2748 3332 2787 rursus
3377 2736 3751 2795 benedictione
3785 2743 3877 2796 do-

2305 2813 2536 2863 nantur?
2555 2813 2735 2883 Neque
2757 2819 2897 2870 cnim
2914 2820 3141 2889 idipsum
3163 2833 3244 2877 est
3273 2825 3574 2883 benedictio
3589 2842 3749 2901 atque
3769 2851 3875 2902 sup.

2307 2901 2540 2968 plicium,
2559 2920 2676 2971 qua:
2697 2915 2748 2959 et
2770 2910 3098 2975 nominibus,
3119 2917 3435 2984 etopcribus
3463 2922 3648 2985 procul
3668 2901 3871 2978 distant:

2306 3008 2401 3044 nec
2430 3005 2646 3061 possunt
2682 2998 2787 3052 ullo
2836 2998 2996 3056 modo
3045 3005 3186 3059 inter
3224 3021 3282 3060 se
3311 3009 3528 3073 sociari,
3564 3028 3697 3079 quas
3742 3024 3869 3068 tanta

2304 3081 2492 3135 dividit
2518 3090 2886 3154 repugnantia.
2925 3091 3204 3157 Quomodo
3233 3105 3409 3151 autem
3436 3108 3490 3151 et
3516 3098 3676 3167 juSIis
3704 3105 3869 3156 multi-

2306 3173 2432 3226 tudo
2463 3175 2752 3232 liberorum
2794 3195 2891 3248 pro
2929 3184 3301 3241 benedictione
3337 3191 3713 3256 promittitur?
3751 3193 3872 3247 Pru-

2307 3266 2461 3330 plzeta
2494 3267 2705 3321 dicente
2734 3289 2748 3323 :
2785 3271 2884 3335 Qui
2913 3275 3149 3328 minimus
3175 3285 3267 3343 est,
3300 3278 3394 3330 erit
3416 3279 3468 3331 in
3494 3281 3658 3333 millia
3680 3297 3700 3335 :
3723 3294 3766 3336 et
3795 3285 3870 3351 qui

2305 3357 2621 3419 novissimus,
2651 3362 2701 3412 in
2731 3373 2927 3430 gentem
2953 3383 3205 3436 magnam.

2378 3449 2464 3503 15.
2510 3451 2646 3520 Ergo
2686 3463 2740 3506 et
2775 3456 2863 3522 qui
2909 3459 3093 3511 volunt
3139 3460 3346 3514 Domini
3403 3462 3535 3517 festa
3588 3468 3865 3527 celebrare,

2305 3537 2548 3608 Origenis
2578 3544 2860 3598 simulacra
2891 3559 3258 3616 contemnant,
3287 3563 3341 3607 et
3383 3557 3761 3624 turpitudinem
3788 3561 3871 3612 do-

2303 3641 2540 3696 gmatum
2570 3633 2708 3686 illius
2735 3639 2947 3692 ratione
2969 3652 3247 3709 superent.
3275 3643 3424 3699 Sicut
3456 3648 3600 3701 enim
3632 3649 3872 3703 Etlinico-

2304 3736 2422 3774 rum
2494 3722 2656 3796 625
2733 3727 3032 3796 impiissimi
3062 3747 3302 3788 errorem
3347 3745 3401 3790 et
3443 3741 3868 3795 consuetudinem

2308 3811 2602 3876 pratl'erunt
2632 3817 2862 3885 veritati,
2891 3819 3216 3877 labriranles
3246 3825 3297 3877 in
3334 3825 3610 3882 hominum
3639 3831 3870 3884 similitu-

2304 3902 2480 3956 dinem
2540 3905 2700 3973 idula,
2751 3916 2804 3961 et
2847 3909 3168 3966 invisibilem
3207 3913 3643 3985 blaSpltemanles
3693 3921 3866 3984 Deum,

2304 3992 2431 4047 dum
2461 3994 2682 4050 formam
2714 4007 2767 4051 et
2805 4000 3041 4054 membra
3083 4011 3138 4056 et
3181 4019 3379 4073 organa
3414 4008 3669 4076 genitalia
3720 4011 3768 4063 in
3809 4012 3867 4078 (e)

2305 4083 2383 4136 eis
2431 4099 2551 4138 esse
2597 4087 2912 4156 contingunt
2951 4107 2964 4142 :
3005 4106 3146 4146 nunc
3195 4095 3389 4160 virum,
3447 4112 3588 4150 nunc
3631 4097 3867 4152 fetuinam

2304 4175 2645 4242 Confitentes,
2687 4189 2741 4231 et
2768 4188 3080 4234 mutaverunt
3105 4182 3322 4253 gloriam
3357 4187 3752 4257 incorruptibilis
3786 4189 3872 4242 Dei

2303 4268 2355 4319 iu
2383 4270 2760 4324 similitudinem
2788 4273 3024 4344 imaginis
3064 4278 3407 4347 corruptibilis
3450 4279 3668 4335 hominis
3705 4281 3867 4350 (Rom.

2308 4359 2356 4410 1.
2384 4357 2495 4430 25),
2531 4362 2905 4432 variarumque
2932 4363 3226 4420 formarum
3258 4384 3272 4420 :
3305 4369 3374 4422 ita
3414 4368 3674 4439 Origenes
3714 4372 3871 4426 facili-

2306 4457 2413 4502 tate
2441 4459 2495 4503 et
2537 4451 2812 4520 impietate
2861 4455 3214 4522 credentium,
3256 4459 3406 4527 quasi
3448 4459 3671 4514 delubra
3713 4463 3873 4516 idolo-

2305 4556 2443 4603 rum,
2475 4550 2796 4596 tracuituum
2845 4559 3064 4599 suorum
3115 4549 3462 4602 monimentis
3490 4549 3725 4613 demisit,
3764 4567 3872 4620 qua:

2305 4647 2401 4683 nos
2431 4633 2750 4687 auctoritate
2789 4636 3209 4705 Scriptum-rum,
3251 4649 3305 4692 et
3346 4640 3464 4693 zelo
3494 4641 3615 4695 lidei
3655 4642 3867 4695 subver-

2306 4731 2496 4789 tentes,
2531 4732 2742 4778 utamur
2768 4726 2854 4779 illa
2886 4727 3232 4782 similitudine
3261 4746 3274 4782 :
3305 4728 3373 4783 Ut
3408 4732 3605 4784 etenim
3637 4746 3864 4785 eminen-

2306 4815 2422 4867 lat‘ii
2466 4815 2724 4884 quadram
2769 4817 3013 4872 volentes
3055 4819 3322 4873 aediﬁcare
3362 4819 3592 4882 domum,
3635 4822 3871 4887 aequales

2303 4921 2368 4960 ex
2399 4906 2540 4958 omni
2568 4917 2716 4972 parte
2744 4907 2972 4975 parietes
3007 4909 3321 4975 metiuntur,
3356 4923 3549 4978 eosque
3592 4922 3785 4962 norma
3825 4919 3870 4964 ct

2303 4995 2682 5065 perpendiculo
2727 4997 3043 5068 dirigentes,
3093 4999 3233 5067 quod
3287 5001 3469 5053 animo
3512 4999 3867 5068 depinxerint,

2304 5102 2466 5155 opere
2495 5098 2776 5141 exstruunt
2811 5104 2824 5140 :
2855 5096 2908 5141 et
2933 5087 3172 5156 ejusdem
3199 5104 3466 5143 mensura:
3501 5105 3596 5159 per
3622 5091 3864 5158 quadrum

2305 5177 2469 5230 latera
2497 5186 2722 5246 quatuor
2753 5176 2983 5246 jungunt
3018 5178 3228 5246 angulis
3270 5194 3481 5232 sursum
3511 5193 3575 5232 ac
3601 5177 3863 5242 deorsum,

2305 5280 2532 5338 emptam
2574 5271 2952 5338 aequalitatem,
2997 5269 3356 5339 paulatimque
3400 5271 3733 5323 incrementa
3769 5284 3867 5323 ser-

2304 5369 2510 5426 vantes,
2551 5368 2609 5414 ut
2651 5361 2888 5415 materiae
2929 5361 3294 5416 diversitatem
3329 5361 3520 5431 jungat
3553 5363 3734 5431 operis
3770 5361 3863 5431 pul-

2388 5535 2442 5596 d)
2478 5535 2708 5599 Yoeulam
2730 5537 2780 5586 in
2802 5535 3133 5599 supplevimus
3156 5548 3216 5599 ομ
3243 5535 3543 5599 conjectura.

2389 5594 2431 5662 ei
2471 5598 2530 5646 B.
2555 5598 2626 5662 _P.
2651 5597 2701 5646 in
2737 5610 2793 5662 e_o
2825 5594 2967 5662 esse;
3003 5603 3056 5646 et
3087 5594 3229 5660 paulo
3254 5594 3374 5661 infra
3399 5594 3686 5647 vocabulum
3710 5594 3869 5646 relatu

2311 5657 2482 5710 eadem
2508 5658 2724 5710 editione
2745 5657 3068 5709 desideratur.
