  <div class='ocr_page' id='page_1' title='image "/cluster/home/n/w/nwhite01/storage/ocr_20150623/22/uva.x000826587/486.png"; bbox 0 0 4054 6192; ppageno 0'>
   <div class='ocr_carea' id='block_1_1' title="bbox 954 157 992 169">
    <p class='ocr_par' dir='ltr' id='par_1_1' title="bbox 954 157 992 169">
     <span class='ocr_line' id='line_1_1' title="bbox 954 157 992 169; baseline 0 0"><span class='ocrx_word' id='word_1_1' title='bbox 954 157 992 169; x_wconf 71' lang='grc' dir='ltr'><strong>..ρ</strong></span> 
     </span>
    </p>
   </div>
   <div class='ocr_carea' id='block_1_2' title="bbox 119 168 252 226">
    <p class='ocr_par' dir='ltr' id='par_1_2' title="bbox 119 168 252 226">
     <span class='ocr_line' id='line_1_2' title="bbox 119 168 252 226; baseline 0.015 -2"><span class='ocrx_word' id='word_1_2' title='bbox 119 168 252 226; x_wconf 78' lang='lat'><strong>8:25</strong></span> 
     </span>
    </p>
   </div>
   <div class='ocr_carea' id='block_1_3' title="bbox 116 283 1797 356">
    <p class='ocr_par' dir='ltr' id='par_1_3' title="bbox 116 283 1797 356">
     <span class='ocr_line' id='line_1_3' title="bbox 116 283 1797 356; baseline -0.002 -16"><span class='ocrx_word' id='word_1_3' title='bbox 116 284 456 354; x_wconf 86' lang='lat' dir='ltr'><strong>chritudo,</strong></span> <span class='ocrx_word' id='word_1_4' title='bbox 491 289 568 344; x_wconf 84' lang='lat' dir='ltr'><strong>et</strong></span> <span class='ocrx_word' id='word_1_5' title='bbox 602 284 882 356; x_wconf 75' lang='lat' dir='ltr'><strong>angulares</strong></span> <span class='ocrx_word' id='word_1_6' title='bbox 906 283 1076 339; x_wconf 81' lang='lat' dir='ltr'><strong>lineas</strong></span> <span class='ocrx_word' id='word_1_7' title='bbox 1098 283 1288 339; x_wconf 76' lang='lat' dir='ltr'><strong>artifex</strong></span> <span class='ocrx_word' id='word_1_8' title='bbox 1317 289 1579 336; x_wconf 90' lang='lat' dir='ltr'><strong>structura</strong></span> <span class='ocrx_word' id='word_1_9' title='bbox 1614 292 1797 337; x_wconf 86' lang='lat' dir='ltr'><strong>custo-</strong></span> 
     </span>
    </p>
   </div>
   <div class='ocr_carea' id='block_1_4' title="bbox 119 373 1798 444">
    <p class='ocr_par' dir='ltr' id='par_1_4' title="bbox 119 373 1798 444">
     <span class='ocr_line' id='line_1_4' title="bbox 119 373 1798 444; baseline 0 -17"><span class='ocrx_word' id='word_1_10' title='bbox 119 374 261 429; x_wconf 89' lang='lat' dir='ltr'><strong>diat</strong></span> <span class='ocrx_word' id='word_1_11' title='bbox 303 394 318 428; x_wconf 91' lang='lat'>:</span> <span class='ocrx_word' id='word_1_12' title='bbox 356 377 458 433; x_wconf 86' lang='lat' dir='ltr'><strong>sic</strong></span> <span class='ocrx_word' id='word_1_13' title='bbox 506 376 790 433; x_wconf 69' lang='lat' dir='ltr'><strong>Ecclesia:</strong></span> <span class='ocrx_word' id='word_1_14' title='bbox 817 383 1173 444; x_wconf 83' lang='lat' dir='ltr'><strong>praeceptores</strong></span> <span class='ocrx_word' id='word_1_15' title='bbox 1202 373 1462 428; x_wconf 78' lang='lat' dir='ltr'><strong>habentes</strong></span> <span class='ocrx_word' id='word_1_16' title='bbox 1503 373 1798 427; x_wconf 89' lang='lat' dir='ltr'><strong>testimonia</strong></span> 
     </span>
    </p>
   </div>
   <div class='ocr_carea' id='block_1_5' title="bbox 119 464 1796 537">
    <p class='ocr_par' dir='ltr' id='par_1_5' title="bbox 119 464 1796 537">
     <span class='ocr_line' id='line_1_5' title="bbox 119 464 1796 537; baseline -0.003 -15"><span class='ocrx_word' id='word_1_17' title='bbox 119 468 638 537; x_wconf 82' lang='lat' dir='ltr'><strong>Scripturarum,</strong></span> <span class='ocrx_word' id='word_1_18' title='bbox 681 470 830 522; x_wconf 83' lang='lat' dir='ltr'><strong>firma</strong></span> <span class='ocrx_word' id='word_1_19' title='bbox 877 466 1139 521; x_wconf 69' lang='lat' dir='ltr'><strong>doctrina:</strong></span> <span class='ocrx_word' id='word_1_20' title='bbox 1184 465 1384 520; x_wconf 89' lang='lat' dir='ltr'><strong>faciunt</strong></span> <span class='ocrx_word' id='word_1_21' title='bbox 1429 464 1796 529; x_wconf 86' lang='lat' dir='ltr'><strong>fundamenta,</strong></span> 
     </span>
    </p>
   </div>
   <div class='ocr_carea' id='block_1_6' title="bbox 131 552 1795 629">
    <p class='ocr_par' dir='ltr' id='par_1_6' title="bbox 131 552 1795 629">
     <span class='ocr_line' id='line_1_6' title="bbox 131 552 1795 629; baseline -0.005 -17"><span class='ocrx_word' id='word_1_22' title='bbox 131 567 196 612; x_wconf 79' lang='lat' dir='ltr'><strong>et</strong></span> <span class='ocrx_word' id='word_1_23' title='bbox 234 559 545 629; x_wconf 73' lang='lat' dir='ltr'><strong>intrepidi</strong></span> <span class='ocrx_word' id='word_1_24' title='bbox 584 565 917 629; x_wconf 90' lang='lat' dir='ltr'><strong>permanent,</strong></span> <span class='ocrx_word' id='word_1_25' title='bbox 947 555 1236 610; x_wconf 74' lang='lat' dir='ltr'><strong>offerentes</strong></span> <span class='ocrx_word' id='word_1_26' title='bbox 1259 569 1422 624; x_wconf 80' lang='lat' dir='ltr'><strong>opera</strong></span> <span class='ocrx_word' id='word_1_27' title='bbox 1445 569 1538 606; x_wconf 88' lang='lat' dir='ltr'><strong>sua</strong></span> <span class='ocrx_word' id='word_1_28' title='bbox 1559 552 1795 616; x_wconf 85' lang='lat' dir='ltr'><strong>Christo,</strong></span> 
     </span>
    </p>
   </div>
   <div class='ocr_carea' id='block_1_7' title="bbox 132 642 1794 718">
    <p class='ocr_par' dir='ltr' id='par_1_7' title="bbox 132 642 1794 718">
     <span class='ocr_line' id='line_1_7' title="bbox 132 642 1794 718; baseline -0.004 -18"><span class='ocrx_word' id='word_1_29' title='bbox 132 658 333 718; x_wconf 83' lang='lat' dir='ltr'><strong>atque</strong></span> <span class='ocrx_word' id='word_1_30' title='bbox 377 649 654 704; x_wconf 83' lang='lat' dir='ltr'><strong>dicentes</strong></span> <span class='ocrx_word' id='word_1_31' title='bbox 685 665 698 701; x_wconf 92' lang='lat'><strong>:</strong></span> <span class='ocrx_word' id='word_1_32' title='bbox 729 646 986 714; x_wconf 82' lang='lat' dir='ltr'><strong>Conﬁrma</strong></span> <span class='ocrx_word' id='word_1_33' title='bbox 1025 662 1104 700; x_wconf 82' lang='lat' dir='ltr'><strong>me</strong></span> <span class='ocrx_word' id='word_1_34' title='bbox 1129 645 1182 698; x_wconf 84' lang='lat' dir='ltr'><strong>in</strong></span> <span class='ocrx_word' id='word_1_35' title='bbox 1213 645 1370 698; x_wconf 80' lang='lat' dir='ltr'><strong>verbis</strong></span> <span class='ocrx_word' id='word_1_36' title='bbox 1394 644 1492 697; x_wconf 83' lang='lat' dir='ltr'><strong>tuis</strong></span> <span class='ocrx_word' id='word_1_37' title='bbox 1523 642 1641 714; x_wconf 88' lang='lat' dir='ltr'><strong>(Ps.</strong></span> <span class='ocrx_word' id='word_1_38' title='bbox 1673 643 1794 697; x_wconf 74' lang='grc' dir='ltr'><strong>ηε.</strong></span> 
     </span>
    </p>
   </div>
   <div class='ocr_carea' id='block_1_8' title="bbox 129 722 1794 809">
    <p class='ocr_par' dir='ltr' id='par_1_8' title="bbox 129 722 1794 809">
     <span class='ocr_line' id='line_1_8' title="bbox 129 722 1794 809; baseline -0.004 -16"><span class='ocrx_word' id='word_1_39' title='bbox 129 739 273 809; x_wconf 73' lang='grc'><strong>28).</strong></span> <span class='ocrx_word' id='word_1_40' title='bbox 307 739 451 808; x_wconf 86' lang='lat' dir='ltr'><strong>Ipse</strong></span> <span class='ocrx_word' id='word_1_41' title='bbox 474 741 658 804; x_wconf 90' lang='lat' dir='ltr'><strong>enim,</strong></span> <span class='ocrx_word' id='word_1_42' title='bbox 691 740 760 795; x_wconf 92' lang='lat' dir='ltr'><strong>de</strong></span> <span class='ocrx_word' id='word_1_43' title='bbox 797 754 903 808; x_wconf 82' lang='lat' dir='ltr'><strong>quo</strong></span> <span class='ocrx_word' id='word_1_44' title='bbox 929 739 1188 807; x_wconf 83' lang='lat' dir='ltr'><strong>scriptum</strong></span> <span class='ocrx_word' id='word_1_45' title='bbox 1219 745 1302 790; x_wconf 90' lang='lat' dir='ltr'><strong>est</strong></span> <span class='ocrx_word' id='word_1_46' title='bbox 1331 753 1345 791; x_wconf 90' lang='lat'><strong>:</strong></span> <span class='ocrx_word' id='word_1_47' title='bbox 1375 722 1628 803; x_wconf 74' lang='lat' dir='ltr'><strong>Lapidem</strong></span> <span class='ocrx_word' id='word_1_48' title='bbox 1651 750 1794 802; x_wconf 78' lang='lat' dir='ltr'><strong>quem</strong></span> 
     </span>
    </p>
   </div>
   <div class='ocr_carea' id='block_1_9' title="bbox 129 826 1796 899">
    <p class='ocr_par' dir='ltr' id='par_1_9' title="bbox 129 826 1796 899">
     <span class='ocr_line' id='line_1_9' title="bbox 129 826 1796 899; baseline -0.001 -19"><span class='ocrx_word' id='word_1_49' title='bbox 129 829 609 898; x_wconf 78' lang='lat' dir='ltr'><strong>reprobaverunt</strong></span> <span class='ocrx_word' id='word_1_50' title='bbox 636 830 966 897; x_wconf 74' lang='lat' dir='ltr'><strong>a&#39;di/icautes,</strong></span> <span class='ocrx_word' id='word_1_51' title='bbox 1003 830 1086 881; x_wconf 81' lang='lat' dir='ltr'><strong>hic</strong></span> <span class='ocrx_word' id='word_1_52' title='bbox 1125 829 1291 899; x_wconf 79' lang='lat' dir='ltr'><strong>{actus</strong></span> <span class='ocrx_word' id='word_1_53' title='bbox 1329 837 1400 880; x_wconf 84' lang='lat' dir='ltr'><strong>est</strong></span> <span class='ocrx_word' id='word_1_54' title='bbox 1438 826 1491 878; x_wconf 81' lang='lat' dir='ltr'><strong>iu</strong></span> <span class='ocrx_word' id='word_1_55' title='bbox 1527 834 1678 893; x_wconf 85' lang='lat' dir='ltr'><strong>caput</strong></span> <span class='ocrx_word' id='word_1_56' title='bbox 1703 841 1796 878; x_wconf 75' lang='lat' dir='ltr'><strong>au.-</strong></span> 
     </span>
    </p>
   </div>
   <div class='ocr_carea' id='block_1_10' title="bbox 131 919 1790 992">
    <p class='ocr_par' dir='ltr' id='par_1_10' title="bbox 131 919 1790 992">
     <span class='ocr_line' id='line_1_10' title="bbox 131 919 1790 992; baseline -0.003 -21"><span class='ocrx_word' id='word_1_57' title='bbox 131 920 263 990; x_wconf 81' lang='lat' dir='ltr'><strong>gu&#39;i</strong></span> <span class='ocrx_word' id='word_1_58' title='bbox 295 919 563 989; x_wconf 82' lang='lat' dir='ltr'><strong>(Matth.</strong></span> <span class='ocrx_word' id='word_1_59' title='bbox 595 919 712 992; x_wconf 70' lang='lat' dir='ltr'><strong>2i),</strong></span> <span class='ocrx_word' id='word_1_60' title='bbox 756 935 855 975; x_wconf 90' lang='lat' dir='ltr'><strong>nos</strong></span> <span class='ocrx_word' id='word_1_61' title='bbox 901 931 955 982; x_wconf 88' lang='lat' dir='ltr'><strong>et</strong></span> <span class='ocrx_word' id='word_1_62' title='bbox 984 934 1078 974; x_wconf 87' lang='lat' dir='ltr'><strong>eos</strong></span> <span class='ocrx_word' id='word_1_63' title='bbox 1118 919 1206 988; x_wconf 93' lang='lat' dir='ltr'><strong>qui</strong></span> <span class='ocrx_word' id='word_1_64' title='bbox 1251 932 1461 971; x_wconf 88' lang='lat' dir='ltr'><strong>sursum</strong></span> <span class='ocrx_word' id='word_1_65' title='bbox 1503 923 1648 979; x_wconf 89' lang='lat' dir='ltr'><strong>sunt,</strong></span> <span class='ocrx_word' id='word_1_66' title='bbox 1689 930 1790 967; x_wconf 87' lang='lat' dir='ltr'><strong>una</strong></span> 
     </span>
    </p>
   </div>
   <div class='ocr_carea' id='block_1_11' title="bbox 131 1006 1790 1084">
    <p class='ocr_par' dir='ltr' id='par_1_11' title="bbox 131 1006 1790 1084">
     <span class='ocr_line' id='line_1_11' title="bbox 131 1006 1790 1084; baseline -0.004 -18"><span class='ocrx_word' id='word_1_67' title='bbox 131 1010 553 1066; x_wconf 72' lang='lat' dir='ltr'><strong>Solemnitate</strong></span> <span class='ocrx_word' id='word_1_68' title='bbox 581 1011 654 1084; x_wconf 92' lang='lat' dir='ltr'><strong>(a)</strong></span> <span class='ocrx_word' id='word_1_69' title='bbox 682 1011 979 1076; x_wconf 84' lang='lat' dir='ltr'><strong>consociat,</strong></span> <span class='ocrx_word' id='word_1_70' title='bbox 1011 1010 1076 1062; x_wconf 91' lang='lat' dir='ltr'><strong>ad</strong></span> <span class='ocrx_word' id='word_1_71' title='bbox 1109 1025 1266 1079; x_wconf 89' lang='lat' dir='ltr'><strong>quam</strong></span> <span class='ocrx_word' id='word_1_72' title='bbox 1309 1007 1401 1079; x_wconf 83' lang='lat' dir='ltr'><strong>[aL</strong></span> <span class='ocrx_word' id='word_1_73' title='bbox 1436 1006 1604 1079; x_wconf 85' lang='lat' dir='ltr'><strong>quem]</strong></span> <span class='ocrx_word' id='word_1_74' title='bbox 1630 1022 1790 1060; x_wconf 83' lang='lat' dir='ltr'><strong>cursu</strong></span> 
     </span>
    </p>
   </div>
   <div class='ocr_carea' id='block_1_12' title="bbox 130 1097 1794 1170">
    <p class='ocr_par' dir='ltr' id='par_1_12' title="bbox 130 1097 1794 1170">
     <span class='ocr_line' id='line_1_12' title="bbox 130 1097 1794 1170; baseline -0.001 -18"><span class='ocrx_word' id='word_1_75' title='bbox 130 1101 328 1153; x_wconf 83' lang='lat' dir='ltr'><strong>celeri</strong></span> <span class='ocrx_word' id='word_1_76' title='bbox 384 1102 748 1170; x_wconf 86' lang='lat' dir='ltr'><strong>navigantes,</strong></span> <span class='ocrx_word' id='word_1_77' title='bbox 782 1101 984 1155; x_wconf 85' lang='lat' dir='ltr'><strong>rabiem</strong></span> <span class='ocrx_word' id='word_1_78' title='bbox 1027 1109 1212 1154; x_wconf 89' lang='lat' dir='ltr'><strong>contra</strong></span> <span class='ocrx_word' id='word_1_79' title='bbox 1266 1114 1366 1152; x_wconf 91' lang='lat' dir='ltr'><strong>nos</strong></span> <span class='ocrx_word' id='word_1_80' title='bbox 1414 1097 1794 1153; x_wconf 78' lang='lat' dir='ltr'><strong>haereticorum</strong></span> 
     </span>
    </p>
   </div>
   <div class='ocr_carea' id='block_1_13' title="bbox 129 1187 1792 1258">
    <p class='ocr_par' dir='ltr' id='par_1_13' title="bbox 129 1187 1792 1258">
     <span class='ocr_line' id='line_1_13' title="bbox 129 1187 1792 1258; baseline -0.002 -16"><span class='ocrx_word' id='word_1_81' title='bbox 129 1190 447 1245; x_wconf 88' lang='lat' dir='ltr'><strong>ﬂuctuum</strong></span> <span class='ocrx_word' id='word_1_82' title='bbox 512 1192 776 1246; x_wconf 80' lang='lat' dir='ltr'><strong>velociter</strong></span> <span class='ocrx_word' id='word_1_83' title='bbox 829 1190 1272 1258; x_wconf 79' lang='lat' dir='ltr'><strong>dissolvendam,</strong></span> <span class='ocrx_word' id='word_1_84' title='bbox 1328 1190 1549 1244; x_wconf 86' lang='lat' dir='ltr'><strong>minime</strong></span> <span class='ocrx_word' id='word_1_85' title='bbox 1605 1187 1792 1242; x_wconf 86' lang='lat' dir='ltr'><strong>formi-</strong></span> 
     </span>
    </p>
   </div>
   <div class='ocr_carea' id='block_1_14' title="bbox 129 1281 824 1335">
    <p class='ocr_par' dir='ltr' id='par_1_14' title="bbox 129 1281 824 1335">
     <span class='ocr_line' id='line_1_14' title="bbox 129 1281 824 1335; baseline -0.001 -2"><span class='ocrx_word' id='word_1_86' title='bbox 129 1281 384 1335; x_wconf 81' lang='lat' dir='ltr'><strong>demus.</strong></span> <span class='ocrx_word' id='word_1_87' title='bbox 817 1326 824 1332; x_wconf 90' lang='lat'><strong>.</strong></span> 
     </span>
    </p>
   </div>
   <div class='ocr_carea' id='block_1_15' title="bbox 217 1366 1792 1442">
    <p class='ocr_par' dir='ltr' id='par_1_15' title="bbox 217 1366 1792 1442">
     <span class='ocr_line' id='line_1_15' title="bbox 217 1366 1792 1442; baseline -0.001 -18"><span class='ocrx_word' id='word_1_88' title='bbox 217 1373 324 1425; x_wconf 73' lang='grc'><strong>14.</strong></span> <span class='ocrx_word' id='word_1_89' title='bbox 377 1372 558 1426; x_wconf 73' lang='lat' dir='ltr'><strong>Sicut</strong></span> <span class='ocrx_word' id='word_1_90' title='bbox 593 1372 736 1426; x_wconf 91' lang='lat' dir='ltr'><strong>enim</strong></span> <span class='ocrx_word' id='word_1_91' title='bbox 766 1371 1153 1442; x_wconf 85' lang='lat' dir='ltr'><strong>gubernatores</strong></span> <span class='ocrx_word' id='word_1_92' title='bbox 1194 1383 1508 1440; x_wconf 85' lang='lat' dir='ltr'><strong>magnarum</strong></span> <span class='ocrx_word' id='word_1_93' title='bbox 1549 1366 1792 1430; x_wconf 73' lang='lat' dir='ltr'><strong>navium,</strong></span> 
     </span>
    </p>
   </div>
   <div class='ocr_carea' id='block_1_16' title="bbox 131 1458 1781 1528">
    <p class='ocr_par' dir='ltr' id='par_1_16' title="bbox 131 1458 1781 1528">
     <span class='ocr_line' id='line_1_16' title="bbox 131 1458 1781 1528; baseline -0.004 -13"><span class='ocrx_word' id='word_1_94' title='bbox 131 1477 278 1515; x_wconf 86' lang='lat' dir='ltr'><strong>cum</strong></span> <span class='ocrx_word' id='word_1_95' title='bbox 333 1461 601 1516; x_wconf 74' lang='lat' dir='ltr'><strong>viderint</strong></span> <span class='ocrx_word' id='word_1_96' title='bbox 646 1462 966 1515; x_wconf 86' lang='lat' dir='ltr'><strong>immensum</strong></span> <span class='ocrx_word' id='word_1_97' title='bbox 1007 1477 1073 1516; x_wconf 89' lang='lat' dir='ltr'><strong>ex</strong></span> <span class='ocrx_word' id='word_1_98' title='bbox 1119 1459 1231 1514; x_wconf 84' lang='lat' dir='ltr'><strong>alto</strong></span> <span class='ocrx_word' id='word_1_99' title='bbox 1273 1460 1458 1513; x_wconf 85' lang='lat' dir='ltr'><strong>venire</strong></span> <span class='ocrx_word' id='word_1_100' title='bbox 1499 1458 1781 1528; x_wconf 72' lang='lat' dir='ltr'><strong>gurgitem,</strong></span> 
     </span>
    </p>
   </div>
   <div class='ocr_carea' id='block_1_17' title="bbox 131 1547 1786 1619">
    <p class='ocr_par' dir='ltr' id='par_1_17' title="bbox 131 1547 1786 1619">
     <span class='ocr_line' id='line_1_17' title="bbox 131 1547 1786 1619; baseline -0.001 -20"><span class='ocrx_word' id='word_1_101' title='bbox 131 1550 314 1619; x_wconf 77' lang='lat' dir='ltr'><strong>quasi</strong></span> <span class='ocrx_word' id='word_1_102' title='bbox 366 1561 681 1604; x_wconf 83' lang='lat' dir='ltr'><strong>venatores</strong></span> <span class='ocrx_word' id='word_1_103' title='bbox 724 1549 1113 1603; x_wconf 84' lang='lat' dir='ltr'><strong>ferocissimam</strong></span> <span class='ocrx_word' id='word_1_104' title='bbox 1161 1547 1423 1612; x_wconf 84' lang='lat' dir='ltr'><strong>bestiam,</strong></span> <span class='ocrx_word' id='word_1_105' title='bbox 1475 1555 1786 1617; x_wconf 82' lang='lat' dir='ltr'><strong>spumantes</strong></span> 
     </span>
    </p>
   </div>
   <div class='ocr_carea' id='block_1_18' title="bbox 137 1639 1786 1711">
    <p class='ocr_par' dir='ltr' id='par_1_18' title="bbox 137 1639 1786 1711">
     <span class='ocr_line' id='line_1_18' title="bbox 137 1639 1786 1711; baseline -0.005 -15"><span class='ocrx_word' id='word_1_106' title='bbox 137 1645 365 1697; x_wconf 76' lang='lat' dir='ltr'><strong>ﬂuctus</strong></span> <span class='ocrx_word' id='word_1_107' title='bbox 413 1642 753 1711; x_wconf 85' lang='lat' dir='ltr'><strong>suscipiunt,</strong></span> <span class='ocrx_word' id='word_1_108' title='bbox 797 1657 998 1710; x_wconf 85' lang='lat' dir='ltr'><strong>eosque</strong></span> <span class='ocrx_word' id='word_1_109' title='bbox 1031 1657 1204 1709; x_wconf 68' lang='lat' dir='ltr'><strong>prora:</strong></span> <span class='ocrx_word' id='word_1_110' title='bbox 1245 1639 1547 1708; x_wconf 68' lang='lat' dir='ltr'><strong>obiectione</strong></span> <span class='ocrx_word' id='word_1_111' title='bbox 1576 1647 1786 1690; x_wconf 88' lang='lat' dir='ltr'><strong>susten-</strong></span> 
     </span>
    </p>
   </div>
   <div class='ocr_carea' id='block_1_19' title="bbox 137 1729 1780 1799">
    <p class='ocr_par' dir='ltr' id='par_1_19' title="bbox 137 1729 1780 1799">
     <span class='ocr_line' id='line_1_19' title="bbox 137 1729 1780 1799; baseline -0.005 -12"><span class='ocrx_word' id='word_1_112' title='bbox 137 1742 292 1796; x_wconf 71' lang='lat' dir='ltr'><strong>tant,</strong></span> <span class='ocrx_word' id='word_1_113' title='bbox 346 1732 656 1787; x_wconf 84' lang='lat' dir='ltr'><strong>ﬂectentes</strong></span> <span class='ocrx_word' id='word_1_114' title='bbox 689 1733 740 1785; x_wconf 93' lang='lat' dir='ltr'><strong>in</strong></span> <span class='ocrx_word' id='word_1_115' title='bbox 784 1731 1054 1784; x_wconf 88' lang='lat' dir='ltr'><strong>diversum</strong></span> <span class='ocrx_word' id='word_1_116' title='bbox 1099 1729 1479 1799; x_wconf 77' lang='lat' dir='ltr'><strong>gubernacula,</strong></span> <span class='ocrx_word' id='word_1_117' title='bbox 1525 1737 1578 1781; x_wconf 89' lang='lat' dir='ltr'><strong>et</strong></span> <span class='ocrx_word' id='word_1_118' title='bbox 1622 1736 1780 1796; x_wconf 87' lang='lat' dir='ltr'><strong>prout</strong></span> 
     </span>
    </p>
   </div>
   <div class='ocr_carea' id='block_1_20' title="bbox 137 1818 1782 1887">
    <p class='ocr_par' dir='ltr' id='par_1_20' title="bbox 137 1818 1782 1887">
     <span class='ocr_line' id='line_1_20' title="bbox 137 1818 1782 1887; baseline -0.005 -10"><span class='ocrx_word' id='word_1_119' title='bbox 137 1834 469 1879; x_wconf 79' lang='lat' dir='ltr'><strong>ventorum</strong></span> <span class='ocrx_word' id='word_1_120' title='bbox 516 1823 678 1877; x_wconf 89' lang='lat' dir='ltr'><strong>ﬂatus</strong></span> <span class='ocrx_word' id='word_1_121' title='bbox 717 1831 772 1876; x_wconf 87' lang='lat' dir='ltr'><strong>et</strong></span> <span class='ocrx_word' id='word_1_122' title='bbox 802 1820 1095 1874; x_wconf 75' lang='lat' dir='ltr'><strong>necessitas</strong></span> <span class='ocrx_word' id='word_1_123' title='bbox 1121 1820 1420 1887; x_wconf 87' lang='lat' dir='ltr'><strong>imperarit,</strong></span> <span class='ocrx_word' id='word_1_124' title='bbox 1456 1818 1782 1884; x_wconf 83' lang='lat' dir='ltr'><strong>stringentes</strong></span> 
     </span>
    </p>
   </div>
   <div class='ocr_carea' id='block_1_21' title="bbox 136 1905 1778 1978">
    <p class='ocr_par' dir='ltr' id='par_1_21' title="bbox 136 1905 1778 1978">
     <span class='ocr_line' id='line_1_21' title="bbox 136 1905 1778 1978; baseline -0.005 -11"><span class='ocrx_word' id='word_1_125' title='bbox 136 1915 476 1978; x_wconf 77' lang='lat' dir='ltr'><strong>funiculus,</strong></span> <span class='ocrx_word' id='word_1_126' title='bbox 521 1915 605 1968; x_wconf 85' lang='lat' dir='ltr'><strong>\‘el</strong></span> <span class='ocrx_word' id='word_1_127' title='bbox 633 1913 899 1975; x_wconf 81' lang='lat' dir='ltr'><strong>laxantes,</strong></span> <span class='ocrx_word' id='word_1_128' title='bbox 925 1924 1153 1978; x_wconf 89' lang='lat' dir='ltr'><strong>cumque</strong></span> <span class='ocrx_word' id='word_1_129' title='bbox 1170 1907 1328 1962; x_wconf 88' lang='lat' dir='ltr'><strong>.unda</strong></span> <span class='ocrx_word' id='word_1_130' title='bbox 1357 1905 1680 1968; x_wconf 87' lang='lat' dir='ltr'><strong>subsederit,</strong></span> <span class='ocrx_word' id='word_1_131' title='bbox 1713 1919 1778 1959; x_wconf 84' lang='lat' dir='ltr'><strong>ex</strong></span> 
     </span>
    </p>
   </div>
   <div class='ocr_carea' id='block_1_22' title="bbox 140 1996 1780 2074">
    <p class='ocr_par' dir='ltr' id='par_1_22' title="bbox 140 1996 1780 2074">
     <span class='ocr_line' id='line_1_22' title="bbox 140 1996 1780 2074; baseline -0.007 -15"><span class='ocrx_word' id='word_1_132' title='bbox 140 2017 404 2074; x_wconf 85' lang='lat' dir='ltr'><strong>utroque</strong></span> <span class='ocrx_word' id='word_1_133' title='bbox 443 2003 611 2060; x_wconf 86' lang='lat' dir='ltr'><strong>navis</strong></span> <span class='ocrx_word' id='word_1_134' title='bbox 642 2005 811 2057; x_wconf 90' lang='lat' dir='ltr'><strong>latere</strong></span> <span class='ocrx_word' id='word_1_135' title='bbox 840 2001 1136 2056; x_wconf 86' lang='lat' dir='ltr'><strong>laborantia</strong></span> <span class='ocrx_word' id='word_1_136' title='bbox 1165 2001 1438 2054; x_wconf 89' lang='lat' dir='ltr'><strong>clavorum</strong></span> <span class='ocrx_word' id='word_1_137' title='bbox 1470 1998 1679 2052; x_wconf 87' lang='lat' dir='ltr'><strong>vincula</strong></span> <span class='ocrx_word' id='word_1_138' title='bbox 1702 1996 1780 2048; x_wconf 82' lang='lat' dir='ltr'><strong>di-</strong></span> 
     </span>
    </p>
   </div>
   <div class='ocr_carea' id='block_1_23' title="bbox 142 2085 1777 2164">
    <p class='ocr_par' dir='ltr' id='par_1_23' title="bbox 142 2085 1777 2164">
     <span class='ocr_line' id='line_1_23' title="bbox 142 2085 1777 2164; baseline -0.008 -12"><span class='ocrx_word' id='word_1_139' title='bbox 142 2099 432 2160; x_wconf 82' lang='lat' dir='ltr'><strong>mittunt,</strong></span> <span class='ocrx_word' id='word_1_140' title='bbox 487 2105 553 2151; x_wconf 88' lang='lat' dir='ltr'><strong>ut</strong></span> <span class='ocrx_word' id='word_1_141' title='bbox 600 2109 883 2164; x_wconf 78' lang='lat' dir='ltr'><strong>parumper</strong></span> <span class='ocrx_word' id='word_1_142' title='bbox 932 2092 1256 2162; x_wconf 87' lang='lat' dir='ltr'><strong>quiescentia</strong></span> <span class='ocrx_word' id='word_1_143' title='bbox 1311 2100 1536 2142; x_wconf 89' lang='lat' dir='ltr'><strong>venturo</strong></span> <span class='ocrx_word' id='word_1_144' title='bbox 1587 2085 1777 2155; x_wconf 85' lang='lat' dir='ltr'><strong>gurgiti</strong></span> 
     </span>
    </p>
   </div>
   <div class='ocr_carea' id='block_1_24' title="bbox 141 2181 1782 2258">
    <p class='ocr_par' dir='ltr' id='par_1_24' title="bbox 141 2181 1782 2258">
     <span class='ocr_line' id='line_1_24' title="bbox 141 2181 1782 2258; baseline -0.005 -18"><span class='ocrx_word' id='word_1_145' title='bbox 141 2197 566 2258; x_wconf 71' lang='lat' dir='ltr'><strong>prmparentur</strong></span> <span class='ocrx_word' id='word_1_146' title='bbox 599 2204 612 2238; x_wconf 91' lang='lat'>:</span> <span class='ocrx_word' id='word_1_147' title='bbox 643 2189 731 2255; x_wconf 91' lang='lat' dir='ltr'><strong>qui</strong></span> <span class='ocrx_word' id='word_1_148' title='bbox 773 2201 895 2238; x_wconf 91' lang='lat' dir='ltr'><strong>cum</strong></span> <span class='ocrx_word' id='word_1_149' title='bbox 948 2199 1134 2238; x_wconf 90' lang='lat' dir='ltr'><strong>rursus</strong></span> <span class='ocrx_word' id='word_1_150' title='bbox 1171 2181 1467 2246; x_wconf 85' lang='lat' dir='ltr'><strong>advenerit,</strong></span> <span class='ocrx_word' id='word_1_151' title='bbox 1514 2182 1782 2248; x_wconf 84' lang='lat' dir='ltr'><strong>stringunt</strong></span> 
     </span>
    </p>
   </div>
   <div class='ocr_carea' id='block_1_25' title="bbox 143 2272 1778 2349">
    <p class='ocr_par' dir='ltr' id='par_1_25' title="bbox 143 2272 1778 2349">
     <span class='ocr_line' id='line_1_25' title="bbox 143 2272 1778 2349; baseline -0.008 -12"><span class='ocrx_word' id='word_1_152' title='bbox 143 2285 460 2337; x_wconf 85' lang='lat' dir='ltr'><strong>clavorum</strong></span> <span class='ocrx_word' id='word_1_153' title='bbox 496 2281 694 2349; x_wconf 86' lang='lat' dir='ltr'><strong>capita,</strong></span> <span class='ocrx_word' id='word_1_154' title='bbox 739 2287 792 2332; x_wconf 92' lang='lat' dir='ltr'><strong>et</strong></span> <span class='ocrx_word' id='word_1_155' title='bbox 822 2277 1080 2347; x_wconf 85' lang='lat' dir='ltr'><strong>palmulas</strong></span> <span class='ocrx_word' id='word_1_156' title='bbox 1112 2275 1358 2340; x_wconf 89' lang='lat' dir='ltr'><strong>dilatant,</strong></span> <span class='ocrx_word' id='word_1_157' title='bbox 1401 2281 1459 2326; x_wconf 92' lang='lat' dir='ltr'><strong>ut</strong></span> <span class='ocrx_word' id='word_1_158' title='bbox 1487 2272 1590 2326; x_wconf 92' lang='lat' dir='ltr'><strong>huc</strong></span> <span class='ocrx_word' id='word_1_159' title='bbox 1620 2282 1778 2341; x_wconf 87' lang='lat' dir='ltr'><strong>atque</strong></span> 
     </span>
    </p>
   </div>
   <div class='ocr_carea' id='block_1_26' title="bbox 144 2361 1776 2449">
    <p class='ocr_par' dir='ltr' id='par_1_26' title="bbox 144 2361 1776 2449">
     <span class='ocr_line' id='line_1_26' title="bbox 144 2361 1776 2449; baseline -0.008 -22"><span class='ocrx_word' id='word_1_160' title='bbox 144 2376 293 2432; x_wconf 85' lang='lat' dir='ltr'><strong>illuc</strong></span> <span class='ocrx_word' id='word_1_161' title='bbox 631 2370 814 2426; x_wconf 86' lang='lat' dir='ltr'><strong>scissis</strong></span> <span class='ocrx_word' id='word_1_162' title='bbox 845 2369 1090 2432; x_wconf 89' lang='lat' dir='ltr'><strong>ﬂatibus,</strong></span> <span class='ocrx_word' id='word_1_163' title='bbox 1133 2365 1354 2435; x_wconf 68' lang='lat' dir='ltr'><strong>aequalis</strong></span> <span class='ocrx_word' id='word_1_164' title='bbox 1396 2365 1464 2417; x_wconf 89' lang='lat' dir='ltr'><strong>sit</strong></span> <span class='ocrx_word' id='word_1_165' title='bbox 1500 2363 1776 2429; x_wconf 88' lang='lat' dir='ltr'><strong>utriusque</strong></span> 
     </span>
    </p>
   </div>
   <div class='ocr_carea' id='block_1_27' title="bbox 151 2454 1772 2530">
    <p class='ocr_par' dir='ltr' id='par_1_27' title="bbox 151 2454 1772 2530">
     <span class='ocr_line' id='line_1_27' title="bbox 151 2454 1772 2530; baseline -0.009 -10"><span class='ocrx_word' id='word_1_166' title='bbox 151 2465 359 2521; x_wconf 85' lang='lat' dir='ltr'><strong>lateris</strong></span> <span class='ocrx_word' id='word_1_167' title='bbox 408 2464 594 2527; x_wconf 81' lang='lat' dir='ltr'><strong>labor,</strong></span> <span class='ocrx_word' id='word_1_168' title='bbox 625 2470 681 2516; x_wconf 92' lang='lat' dir='ltr'><strong>et</strong></span> <span class='ocrx_word' id='word_1_169' title='bbox 711 2460 854 2530; x_wconf 90' lang='lat' dir='ltr'><strong>quod</strong></span> <span class='ocrx_word' id='word_1_170' title='bbox 900 2459 1056 2513; x_wconf 90' lang='lat' dir='ltr'><strong>simul</strong></span> <span class='ocrx_word' id='word_1_171' title='bbox 1101 2473 1206 2512; x_wconf 91' lang='lat' dir='ltr'><strong>non</strong></span> <span class='ocrx_word' id='word_1_172' title='bbox 1251 2464 1458 2526; x_wconf 83' lang='lat' dir='ltr'><strong>poterat</strong></span> <span class='ocrx_word' id='word_1_173' title='bbox 1498 2454 1772 2516; x_wconf 88' lang='lat' dir='ltr'><strong>sustineri,</strong></span> 
     </span>
    </p>
   </div>
   <div class='ocr_carea' id='block_1_28' title="bbox 151 2547 1776 2622">
    <p class='ocr_par' dir='ltr' id='par_1_28' title="bbox 151 2547 1776 2622">
     <span class='ocr_line' id='line_1_28' title="bbox 151 2547 1776 2622; baseline -0.009 -10"><span class='ocrx_word' id='word_1_174' title='bbox 151 2557 388 2612; x_wconf 86' lang='lat' dir='ltr'><strong>divisim</strong></span> <span class='ocrx_word' id='word_1_175' title='bbox 430 2553 770 2622; x_wconf 84' lang='lat' dir='ltr'><strong>tolerabilius</strong></span> <span class='ocrx_word' id='word_1_176' title='bbox 797 2552 889 2605; x_wconf 82' lang='lat' dir='ltr'><strong>fiat</strong></span> <span class='ocrx_word' id='word_1_177' title='bbox 917 2568 929 2602; x_wconf 93' lang='lat'>:</span> <span class='ocrx_word' id='word_1_178' title='bbox 961 2552 1051 2619; x_wconf 89' lang='lat' dir='ltr'><strong>qui</strong></span> <span class='ocrx_word' id='word_1_179' title='bbox 1079 2549 1161 2603; x_wconf 91' lang='lat' dir='ltr'><strong>sui</strong></span> <span class='ocrx_word' id='word_1_180' title='bbox 1188 2564 1370 2602; x_wconf 87' lang='lat' dir='ltr'><strong>curam</strong></span> <span class='ocrx_word' id='word_1_181' title='bbox 1411 2555 1617 2617; x_wconf 89' lang='lat' dir='ltr'><strong>gerunt,</strong></span> <span class='ocrx_word' id='word_1_182' title='bbox 1657 2547 1776 2598; x_wconf 78' lang='lat' dir='ltr'><strong>lmi-</strong></span> 
     </span>
    </p>
   </div>
   <div class='ocr_carea' id='block_1_29' title="bbox 157 2637 1774 2713">
    <p class='ocr_par' dir='ltr' id='par_1_29' title="bbox 157 2637 1774 2713">
     <span class='ocr_line' id='line_1_29' title="bbox 157 2637 1774 2713; baseline -0.009 -10"><span class='ocrx_word' id='word_1_183' title='bbox 157 2639 355 2704; x_wconf 84' lang='lat' dir='ltr'><strong>tantur</strong></span> <span class='ocrx_word' id='word_1_184' title='bbox 394 2645 639 2713; x_wconf 76' lang='lat' dir='ltr'><strong>exempli</strong></span> <span class='ocrx_word' id='word_1_185' title='bbox 673 2642 1096 2703; x_wconf 85' lang='lat' dir='ltr'><strong>similitudinem,</strong></span> <span class='ocrx_word' id='word_1_186' title='bbox 1131 2650 1186 2694; x_wconf 90' lang='lat' dir='ltr'><strong>et</strong></span> <span class='ocrx_word' id='word_1_187' title='bbox 1209 2639 1512 2693; x_wconf 89' lang='lat' dir='ltr'><strong>divinorum</strong></span> <span class='ocrx_word' id='word_1_188' title='bbox 1553 2637 1774 2705; x_wconf 86' lang='lat' dir='ltr'><strong>dispen-</strong></span> 
     </span>
    </p>
   </div>
   <div class='ocr_carea' id='block_1_30' title="bbox 155 2732 1776 2803">
    <p class='ocr_par' dir='ltr' id='par_1_30' title="bbox 155 2732 1776 2803">
     <span class='ocr_line' id='line_1_30' title="bbox 155 2732 1776 2803; baseline -0.008 -8"><span class='ocrx_word' id='word_1_189' title='bbox 155 2741 380 2794; x_wconf 90' lang='lat' dir='ltr'><strong>satione</strong></span> <span class='ocrx_word' id='word_1_190' title='bbox 414 2737 729 2799; x_wconf 84' lang='lat' dir='ltr'><strong>verborum,</strong></span> <span class='ocrx_word' id='word_1_191' title='bbox 761 2735 910 2803; x_wconf 90' lang='lat' dir='ltr'><strong>quasi</strong></span> <span class='ocrx_word' id='word_1_192' title='bbox 937 2732 1322 2803; x_wconf 83' lang='lat' dir='ltr'><strong>gubernaculo,</strong></span> <span class='ocrx_word' id='word_1_193' title='bbox 1343 2739 1571 2794; x_wconf 88' lang='lat' dir='ltr'><strong>utentes,</strong></span> <span class='ocrx_word' id='word_1_194' title='bbox 1595 2743 1776 2783; x_wconf 86' lang='lat' dir='ltr'><strong>occur-</strong></span> 
     </span>
    </p>
   </div>
   <div class='ocr_carea' id='block_1_31' title="bbox 158 2819 1773 2892">
    <p class='ocr_par' dir='ltr' id='par_1_31' title="bbox 158 2819 1773 2892">
     <span class='ocr_line' id='line_1_31' title="bbox 158 2819 1773 2892; baseline -0.006 -10"><span class='ocrx_word' id='word_1_195' title='bbox 158 2837 292 2883; x_wconf 93' lang='lat' dir='ltr'><strong>runt</strong></span> <span class='ocrx_word' id='word_1_196' title='bbox 315 2827 707 2883; x_wconf 71' lang='lat' dir='ltr'><strong>hmreticorum</strong></span> <span class='ocrx_word' id='word_1_197' title='bbox 735 2823 1056 2892; x_wconf 87' lang='lat' dir='ltr'><strong>tempestati,</strong></span> <span class='ocrx_word' id='word_1_198' title='bbox 1096 2829 1150 2876; x_wconf 94' lang='lat' dir='ltr'><strong>et</strong></span> <span class='ocrx_word' id='word_1_199' title='bbox 1186 2821 1449 2884; x_wconf 84' lang='lat' dir='ltr'><strong>ﬂuctibus,</strong></span> <span class='ocrx_word' id='word_1_200' title='bbox 1481 2821 1651 2890; x_wconf 90' lang='lat' dir='ltr'><strong>legem</strong></span> <span class='ocrx_word' id='word_1_201' title='bbox 1679 2819 1773 2874; x_wconf 91' lang='lat' dir='ltr'><strong>Dei</strong></span> 
     </span>
    </p>
   </div>
   <div class='ocr_carea' id='block_1_32' title="bbox 161 2909 1775 2988">
    <p class='ocr_par' dir='ltr' id='par_1_32' title="bbox 161 2909 1775 2988">
     <span class='ocr_line' id='line_1_32' title="bbox 161 2909 1775 2988; baseline -0.006 -17"><span class='ocrx_word' id='word_1_202' title='bbox 161 2935 265 2988; x_wconf 80' lang='lat' dir='ltr'><strong>pro</strong></span> <span class='ocrx_word' id='word_1_203' title='bbox 311 2929 439 2974; x_wconf 88' lang='lat' dir='ltr'><strong>arte</strong></span> <span class='ocrx_word' id='word_1_204' title='bbox 471 2919 788 2981; x_wconf 87' lang='lat' dir='ltr'><strong>retinentes,</strong></span> <span class='ocrx_word' id='word_1_205' title='bbox 833 2923 892 2968; x_wconf 86' lang='lat' dir='ltr'><strong>ut</strong></span> <span class='ocrx_word' id='word_1_206' title='bbox 923 2915 1012 2983; x_wconf 91' lang='lat' dir='ltr'><strong>qui</strong></span> <span class='ocrx_word' id='word_1_207' title='bbox 1051 2921 1363 2968; x_wconf 89' lang='lat' dir='ltr'><strong>corruerant</strong></span> <span class='ocrx_word' id='word_1_208' title='bbox 1405 2909 1501 2984; x_wconf 65' lang='grc' dir='ltr'><strong>[ιιι.</strong></span> <span class='ocrx_word' id='word_1_209' title='bbox 1532 2927 1775 2980; x_wconf 80' lang='lat' dir='ltr'><strong>corrupe-</strong></span> 
     </span>
    </p>
   </div>
   <div class='ocr_carea' id='block_1_33' title="bbox 163 3001 1771 3082">
    <p class='ocr_par' dir='ltr' id='par_1_33' title="bbox 163 3001 1771 3082">
     <span class='ocr_line' id='line_1_33' title="bbox 163 3001 1771 3082; baseline -0.007 -18"><span class='ocrx_word' id='word_1_210' title='bbox 163 3009 334 3082; x_wconf 73' lang='lat' dir='ltr'><strong>rant],</strong></span> <span class='ocrx_word' id='word_1_211' title='bbox 364 3009 702 3065; x_wconf 85' lang='lat' dir='ltr'><strong>suscitentur</strong></span> <span class='ocrx_word' id='word_1_212' title='bbox 725 3023 738 3059; x_wconf 88' lang='lat'><strong>:</strong></span> <span class='ocrx_word' id='word_1_213' title='bbox 762 3006 852 3074; x_wconf 91' lang='lat' dir='ltr'><strong>qui</strong></span> <span class='ocrx_word' id='word_1_214' title='bbox 871 3013 1032 3069; x_wconf 87' lang='lat' dir='ltr'><strong>stant,</strong></span> <span class='ocrx_word' id='word_1_215' title='bbox 1057 3003 1208 3056; x_wconf 78' lang='lat' dir='ltr'><strong>firmo</strong></span> <span class='ocrx_word' id='word_1_216' title='bbox 1223 3010 1565 3073; x_wconf 84' lang='lat' dir='ltr'><strong>perseverent</strong></span> <span class='ocrx_word' id='word_1_217' title='bbox 1585 3001 1771 3072; x_wconf 88' lang='lat' dir='ltr'><strong>gradu,</strong></span> 
     </span>
    </p>
   </div>
   <div class='ocr_carea' id='block_1_34' title="bbox 160 3093 1772 3173">
    <p class='ocr_par' dir='ltr' id='par_1_34' title="bbox 160 3093 1772 3173">
     <span class='ocr_line' id='line_1_34' title="bbox 160 3093 1772 3173; baseline -0.007 -16"><span class='ocrx_word' id='word_1_218' title='bbox 160 3111 219 3157; x_wconf 77' lang='lat' dir='ltr'><strong>et</strong></span> <span class='ocrx_word' id='word_1_219' title='bbox 250 3103 352 3173; x_wconf 67' lang='grc' dir='ltr'><strong>[ιιι.</strong></span> <span class='ocrx_word' id='word_1_220' title='bbox 384 3099 472 3172; x_wconf 85' lang='lat' dir='ltr'><strong>ut]</strong></span> <span class='ocrx_word' id='word_1_221' title='bbox 500 3114 688 3154; x_wconf 89' lang='lat' dir='ltr'><strong>omnes</strong></span> <span class='ocrx_word' id='word_1_222' title='bbox 715 3099 767 3152; x_wconf 92' lang='lat' dir='ltr'><strong>in</strong></span> <span class='ocrx_word' id='word_1_223' title='bbox 803 3111 1086 3151; x_wconf 86' lang='lat' dir='ltr'><strong>commune</strong></span> <span class='ocrx_word' id='word_1_224' title='bbox 1127 3095 1384 3148; x_wconf 68' lang='lat' dir='ltr'><strong>doctrina:</strong></span> <span class='ocrx_word' id='word_1_225' title='bbox 1426 3093 1772 3164; x_wconf 84' lang='lat' dir='ltr'><strong>Opitulatione</strong></span> 
     </span>
    </p>
   </div>
   <div class='ocr_carea' id='block_1_35' title="bbox 163 3182 1774 3256">
    <p class='ocr_par' dir='ltr' id='par_1_35' title="bbox 163 3182 1774 3256">
     <span class='ocr_line' id='line_1_35' title="bbox 163 3182 1774 3256; baseline -0.008 -9"><span class='ocrx_word' id='word_1_226' title='bbox 163 3199 490 3247; x_wconf 80' lang='lat' dir='ltr'><strong>serventur.</strong></span> <span class='ocrx_word' id='word_1_227' title='bbox 515 3186 665 3256; x_wconf 85' lang='lat' dir='ltr'><strong>Quod</strong></span> <span class='ocrx_word' id='word_1_228' title='bbox 692 3186 834 3240; x_wconf 89' lang='lat' dir='ltr'><strong>enim</strong></span> <span class='ocrx_word' id='word_1_229' title='bbox 863 3184 1206 3254; x_wconf 84' lang='lat' dir='ltr'><strong>gubernatori</strong></span> <span class='ocrx_word' id='word_1_230' title='bbox 1232 3183 1433 3243; x_wconf 84' lang='lat' dir='ltr'><strong>clavus,</strong></span> <span class='ocrx_word' id='word_1_231' title='bbox 1461 3186 1561 3234; x_wconf 89' lang='lat' dir='ltr'><strong>hoc</strong></span> <span class='ocrx_word' id='word_1_232' title='bbox 1595 3182 1774 3234; x_wconf 91' lang='lat' dir='ltr'><strong>animo</strong></span> 
     </span>
    </p>
   </div>
   <div class='ocr_carea' id='block_1_36' title="bbox 164 3271 1774 3345">
    <p class='ocr_par' dir='ltr' id='par_1_36' title="bbox 164 3271 1774 3345">
     <span class='ocr_line' id='line_1_36' title="bbox 164 3271 1774 3345; baseline -0.009 -9"><span class='ocrx_word' id='word_1_233' title='bbox 164 3288 257 3336; x_wconf 90' lang='lat' dir='ltr'><strong>est</strong></span> <span class='ocrx_word' id='word_1_234' title='bbox 280 3280 372 3333; x_wconf 91' lang='lat' dir='ltr'><strong>lex</strong></span> <span class='ocrx_word' id='word_1_235' title='bbox 404 3278 504 3332; x_wconf 87' lang='lat' dir='ltr'><strong>Dei</strong></span> <span class='ocrx_word' id='word_1_236' title='bbox 537 3292 550 3328; x_wconf 89' lang='lat'><strong>:</strong></span> <span class='ocrx_word' id='word_1_237' title='bbox 580 3276 645 3332; x_wconf 84' lang='lat' dir='ltr'><strong>In</strong></span> <span class='ocrx_word' id='word_1_238' title='bbox 660 3291 761 3345; x_wconf 88' lang='lat' dir='ltr'><strong>qua</strong></span> <span class='ocrx_word' id='word_1_239' title='bbox 789 3274 1124 3328; x_wconf 91' lang='lat' dir='ltr'><strong>Dominicum</strong></span> <span class='ocrx_word' id='word_1_240' title='bbox 1147 3272 1351 3327; x_wconf 87' lang='lat' dir='ltr'><strong>Pascha</strong></span> <span class='ocrx_word' id='word_1_241' title='bbox 1380 3271 1654 3335; x_wconf 88' lang='lat' dir='ltr'><strong>facientes,</strong></span> <span class='ocrx_word' id='word_1_242' title='bbox 1686 3285 1774 3323; x_wconf 86' lang='lat' dir='ltr'><strong>ca-</strong></span> 
     </span>
    </p>
   </div>
   <div class='ocr_carea' id='block_1_37' title="bbox 166 3361 1771 3436">
    <p class='ocr_par' dir='ltr' id='par_1_37' title="bbox 166 3361 1771 3436">
     <span class='ocr_line' id='line_1_37' title="bbox 166 3361 1771 3436; baseline -0.01 -8"><span class='ocrx_word' id='word_1_243' title='bbox 166 3372 319 3428; x_wconf 77' lang='lat' dir='ltr'><strong>ritati</strong></span> <span class='ocrx_word' id='word_1_244' title='bbox 361 3371 464 3424; x_wconf 87' lang='lat' dir='ltr'><strong>Dei</strong></span> <span class='ocrx_word' id='word_1_245' title='bbox 506 3378 560 3423; x_wconf 92' lang='lat' dir='ltr'><strong>et</strong></span> <span class='ocrx_word' id='word_1_246' title='bbox 600 3369 820 3436; x_wconf 76' lang='lat' dir='ltr'><strong>proximi</strong></span> <span class='ocrx_word' id='word_1_247' title='bbox 857 3368 907 3420; x_wconf 92' lang='lat' dir='ltr'><strong>in</strong></span> <span class='ocrx_word' id='word_1_248' title='bbox 951 3365 1150 3419; x_wconf 89' lang='lat' dir='ltr'><strong>mundo</strong></span> <span class='ocrx_word' id='word_1_249' title='bbox 1197 3364 1323 3417; x_wconf 87' lang='lat' dir='ltr'><strong>nihil</strong></span> <span class='ocrx_word' id='word_1_250' title='bbox 1352 3363 1494 3416; x_wconf 87' lang='lat' dir='ltr'><strong>aliud</strong></span> <span class='ocrx_word' id='word_1_251' title='bbox 1523 3361 1771 3431; x_wconf 72' lang='lat' dir='ltr'><strong>prazfera—</strong></span> 
     </span>
    </p>
   </div>
   <div class='ocr_carea' id='block_1_38' title="bbox 169 3451 1774 3530">
    <p class='ocr_par' dir='ltr' id='par_1_38' title="bbox 169 3451 1774 3530">
     <span class='ocr_line' id='line_1_38' title="bbox 169 3451 1774 3530; baseline -0.008 -13"><span class='ocrx_word' id='word_1_252' title='bbox 169 3479 317 3525; x_wconf 90' lang='lat' dir='ltr'><strong>mus,</strong></span> <span class='ocrx_word' id='word_1_253' title='bbox 350 3475 536 3530; x_wconf 89' lang='lat' dir='ltr'><strong>neque</strong></span> <span class='ocrx_word' id='word_1_254' title='bbox 572 3473 669 3528; x_wconf 89' lang='lat' dir='ltr'><strong>pro</strong></span> <span class='ocrx_word' id='word_1_255' title='bbox 709 3457 964 3511; x_wconf 85' lang='lat' dir='ltr'><strong>varietate</strong></span> <span class='ocrx_word' id='word_1_256' title='bbox 1003 3455 1354 3509; x_wconf 89' lang='lat' dir='ltr'><strong>humanorum</strong></span> <span class='ocrx_word' id='word_1_257' title='bbox 1394 3467 1636 3513; x_wconf 88' lang='lat' dir='ltr'><strong>casuum.</strong></span> <span class='ocrx_word' id='word_1_258' title='bbox 1682 3451 1774 3521; x_wconf 90' lang='lat' dir='ltr'><strong>qui</strong></span> 
     </span>
    </p>
   </div>
   <div class='ocr_carea' id='block_1_39' title="bbox 171 3550 1773 3620">
    <p class='ocr_par' dir='ltr' id='par_1_39' title="bbox 171 3550 1773 3620">
     <span class='ocr_line' id='line_1_39' title="bbox 171 3550 1773 3620; baseline -0.005 -14"><span class='ocrx_word' id='word_1_259' title='bbox 171 3554 279 3607; x_wconf 81' lang='lat' dir='ltr'><strong>huc</strong></span> <span class='ocrx_word' id='word_1_260' title='bbox 310 3553 552 3620; x_wconf 89' lang='lat' dir='ltr'><strong>illucque</strong></span> <span class='ocrx_word' id='word_1_261' title='bbox 578 3558 874 3614; x_wconf 89' lang='lat' dir='ltr'><strong>vertuntur,</strong></span> <span class='ocrx_word' id='word_1_262' title='bbox 918 3550 1238 3603; x_wconf 87' lang='lat' dir='ltr'><strong>sententiam</strong></span> <span class='ocrx_word' id='word_1_263' title='bbox 1269 3554 1686 3606; x_wconf 84' lang='lat' dir='ltr'><strong>commutemus.</strong></span> <span class='ocrx_word' id='word_1_264' title='bbox 1716 3553 1773 3598; x_wconf 91' lang='lat' dir='ltr'><strong>ut</strong></span> 
     </span>
    </p>
   </div>
   <div class='ocr_carea' id='block_1_40' title="bbox 171 3635 1770 3711">
    <p class='ocr_par' dir='ltr' id='par_1_40' title="bbox 171 3635 1770 3711">
     <span class='ocr_line' id='line_1_40' title="bbox 171 3635 1770 3711; baseline -0.005 -15"><span class='ocrx_word' id='word_1_265' title='bbox 171 3642 371 3711; x_wconf 84' lang='lat' dir='ltr'><strong>quibus</strong></span> <span class='ocrx_word' id='word_1_266' title='bbox 404 3641 611 3696; x_wconf 90' lang='lat' dir='ltr'><strong>dudum</strong></span> <span class='ocrx_word' id='word_1_267' title='bbox 636 3655 734 3709; x_wconf 91' lang='lat' dir='ltr'><strong>pro</strong></span> <span class='ocrx_word' id='word_1_268' title='bbox 764 3639 1018 3707; x_wconf 89' lang='lat' dir='ltr'><strong>potentia,</strong></span> <span class='ocrx_word' id='word_1_269' title='bbox 1043 3638 1181 3706; x_wconf 90' lang='lat' dir='ltr'><strong>turpi</strong></span> <span class='ocrx_word' id='word_1_270' title='bbox 1216 3636 1519 3690; x_wconf 88' lang='lat' dir='ltr'><strong>adulatione</strong></span> <span class='ocrx_word' id='word_1_271' title='bbox 1554 3635 1626 3704; x_wconf 91' lang='lat' dir='ltr'><strong>(b)</strong></span> <span class='ocrx_word' id='word_1_272' title='bbox 1654 3649 1770 3689; x_wconf 84' lang='lat' dir='ltr'><strong>ser-</strong></span> 
     </span>
    </p>
   </div>
   <div class='ocr_carea' id='block_1_41' title="bbox 171 3726 1774 3797">
    <p class='ocr_par' dir='ltr' id='par_1_41' title="bbox 171 3726 1774 3797">
     <span class='ocr_line' id='line_1_41' title="bbox 171 3726 1774 3797; baseline -0.003 -13"><span class='ocrx_word' id='word_1_273' title='bbox 171 3734 432 3797; x_wconf 84' lang='lat' dir='ltr'><strong>vivimus,</strong></span> <span class='ocrx_word' id='word_1_274' title='bbox 465 3731 511 3784; x_wconf 91' lang='lat' dir='ltr'><strong>si</strong></span> <span class='ocrx_word' id='word_1_275' title='bbox 540 3730 675 3784; x_wconf 86' lang='lat' dir='ltr'><strong>forte</strong></span> <span class='ocrx_word' id='word_1_276' title='bbox 695 3729 1004 3784; x_wconf 84' lang='lat' dir='ltr'><strong>reﬂaverint</strong></span> <span class='ocrx_word' id='word_1_277' title='bbox 1028 3728 1192 3792; x_wconf 90' lang='lat' dir='ltr'><strong>venti,</strong></span> <span class='ocrx_word' id='word_1_278' title='bbox 1222 3736 1278 3782; x_wconf 91' lang='lat' dir='ltr'><strong>et</strong></span> <span class='ocrx_word' id='word_1_279' title='bbox 1308 3734 1616 3796; x_wconf 89' lang='lat' dir='ltr'><strong>paupertate</strong></span> <span class='ocrx_word' id='word_1_280' title='bbox 1640 3726 1774 3779; x_wconf 85' lang='lat' dir='ltr'><strong>divi-</strong></span> 
     </span>
    </p>
   </div>
   <div class='ocr_carea' id='block_1_42' title="bbox 175 3817 1774 3888">
    <p class='ocr_par' dir='ltr' id='par_1_42' title="bbox 175 3817 1774 3888">
     <span class='ocr_line' id='line_1_42' title="bbox 175 3817 1774 3888; baseline -0.002 -12"><span class='ocrx_word' id='word_1_281' title='bbox 175 3823 287 3887; x_wconf 71' lang='lat' dir='ltr'><strong>tim,</strong></span> <span class='ocrx_word' id='word_1_282' title='bbox 323 3823 628 3877; x_wconf 88' lang='lat' dir='ltr'><strong>humilitate</strong></span> <span class='ocrx_word' id='word_1_283' title='bbox 668 3821 986 3884; x_wconf 88' lang='lat' dir='ltr'><strong>sublimitas,</strong></span> <span class='ocrx_word' id='word_1_284' title='bbox 1038 3819 1320 3888; x_wconf 80' lang='lat' dir='ltr'><strong>ignominia</strong></span> <span class='ocrx_word' id='word_1_285' title='bbox 1365 3820 1533 3888; x_wconf 89' lang='lat' dir='ltr'><strong>gloria</strong></span> <span class='ocrx_word' id='word_1_286' title='bbox 1576 3817 1774 3873; x_wconf 82' lang='lat' dir='ltr'><strong>fuerint</strong></span> 
     </span>
    </p>
   </div>
   <div class='ocr_carea' id='block_1_43' title="bbox 175 3911 1773 3978">
    <p class='ocr_par' dir='ltr' id='par_1_43' title="bbox 175 3911 1773 3978">
     <span class='ocr_line' id='line_1_43' title="bbox 175 3911 1773 3978; baseline 0.001 -13"><span class='ocrx_word' id='word_1_287' title='bbox 175 3914 488 3975; x_wconf 83' lang='lat' dir='ltr'><strong>immutata,</strong></span> <span class='ocrx_word' id='word_1_288' title='bbox 516 3912 567 3965; x_wconf 93' lang='lat' dir='ltr'><strong>in</strong></span> <span class='ocrx_word' id='word_1_289' title='bbox 594 3911 779 3965; x_wconf 88' lang='lat' dir='ltr'><strong>hostes</strong></span> <span class='ocrx_word' id='word_1_290' title='bbox 804 3920 1027 3978; x_wconf 88' lang='lat' dir='ltr'><strong>repente</strong></span> <span class='ocrx_word' id='word_1_291' title='bbox 1048 3920 1336 3974; x_wconf 88' lang='lat' dir='ltr'><strong>vertamur,</strong></span> <span class='ocrx_word' id='word_1_292' title='bbox 1359 3911 1671 3965; x_wconf 86' lang='lat' dir='ltr'><strong>resistentes</strong></span> <span class='ocrx_word' id='word_1_293' title='bbox 1695 3912 1773 3966; x_wconf 87' lang='lat' dir='ltr'><strong>eis</strong></span> 
     </span>
    </p>
   </div>
   <div class='ocr_carea' id='block_1_44' title="bbox 178 3999 1770 4071">
    <p class='ocr_par' dir='ltr' id='par_1_44' title="bbox 178 3999 1770 4071">
     <span class='ocr_line' id='line_1_44' title="bbox 178 3999 1770 4071; baseline -0.003 -13"><span class='ocrx_word' id='word_1_294' title='bbox 178 4005 234 4058; x_wconf 82' lang='lat' dir='ltr'><strong>in</strong></span> <span class='ocrx_word' id='word_1_295' title='bbox 290 4005 516 4066; x_wconf 81' lang='lat' dir='ltr'><strong>faciem,</strong></span> <span class='ocrx_word' id='word_1_296' title='bbox 561 4017 730 4071; x_wconf 92' lang='lat' dir='ltr'><strong>quos,</strong></span> <span class='ocrx_word' id='word_1_297' title='bbox 779 3999 1128 4056; x_wconf 84' lang='lat' dir='ltr'><strong>veneratione</strong></span> <span class='ocrx_word' id='word_1_298' title='bbox 1183 4001 1374 4069; x_wconf 87' lang='lat' dir='ltr'><strong>dignos</strong></span> <span class='ocrx_word' id='word_1_299' title='bbox 1423 4003 1770 4067; x_wconf 90' lang='lat' dir='ltr'><strong>ducehamus,</strong></span> 
     </span>
    </p>
   </div>
   <div class='ocr_carea' id='block_1_45' title="bbox 179 4089 1770 4162">
    <p class='ocr_par' dir='ltr' id='par_1_45' title="bbox 179 4089 1770 4162">
     <span class='ocr_line' id='line_1_45' title="bbox 179 4089 1770 4162; baseline -0.002 -13"><span class='ocrx_word' id='word_1_300' title='bbox 179 4093 546 4162; x_wconf 74' lang='lat' dir='ltr'><strong>temporibus,</strong></span> <span class='ocrx_word' id='word_1_301' title='bbox 599 4107 706 4144; x_wconf 90' lang='lat' dir='ltr'><strong>non</strong></span> <span class='ocrx_word' id='word_1_302' title='bbox 749 4091 854 4146; x_wconf 85' lang='lat' dir='ltr'><strong>fide</strong></span> <span class='ocrx_word' id='word_1_303' title='bbox 903 4089 1351 4145; x_wconf 89' lang='lat' dir='ltr'><strong>necessitudinem</strong></span> <span class='ocrx_word' id='word_1_304' title='bbox 1387 4091 1770 4162; x_wconf 86' lang='lat' dir='ltr'><strong>ponderantes.</strong></span> 
     </span>
    </p>
   </div>
   <div class='ocr_carea' id='block_1_46' title="bbox 182 4179 1772 4250">
    <p class='ocr_par' dir='ltr' id='par_1_46' title="bbox 182 4179 1772 4250">
     <span class='ocr_line' id='line_1_46' title="bbox 182 4179 1772 4250; baseline 0.001 -14"><span class='ocrx_word' id='word_1_305' title='bbox 182 4183 298 4237; x_wconf 89' lang='lat' dir='ltr'><strong>lmo</strong></span> <span class='ocrx_word' id='word_1_306' title='bbox 321 4183 558 4236; x_wconf 88' lang='lat' dir='ltr'><strong>latentes</strong></span> <span class='ocrx_word' id='word_1_307' title='bbox 583 4180 887 4235; x_wconf 85' lang='lat' dir='ltr'><strong>inimicitias</strong></span> <span class='ocrx_word' id='word_1_308' title='bbox 913 4179 1248 4235; x_wconf 89' lang='lat' dir='ltr'><strong>necessitatis</strong></span> <span class='ocrx_word' id='word_1_309' title='bbox 1276 4189 1516 4250; x_wconf 91' lang='lat' dir='ltr'><strong>tempore</strong></span> <span class='ocrx_word' id='word_1_310' title='bbox 1548 4183 1772 4237; x_wconf 89' lang='lat' dir='ltr'><strong>demon-</strong></span> 
     </span>
    </p>
   </div>
   <div class='ocr_carea' id='block_1_47' title="bbox 184 4270 1773 4343">
    <p class='ocr_par' dir='ltr' id='par_1_47' title="bbox 184 4270 1773 4343">
     <span class='ocr_line' id='line_1_47' title="bbox 184 4270 1773 4343; baseline 0.001 -17"><span class='ocrx_word' id='word_1_311' title='bbox 184 4281 444 4337; x_wconf 86' lang='lat' dir='ltr'><strong>strantes,</strong></span> <span class='ocrx_word' id='word_1_312' title='bbox 480 4281 534 4326; x_wconf 90' lang='lat' dir='ltr'><strong>et</strong></span> <span class='ocrx_word' id='word_1_313' title='bbox 563 4271 615 4326; x_wconf 92' lang='lat' dir='ltr'><strong>in</strong></span> <span class='ocrx_word' id='word_1_314' title='bbox 651 4270 1056 4326; x_wconf 88' lang='lat' dir='ltr'><strong>similitudinem</strong></span> <span class='ocrx_word' id='word_1_315' title='bbox 1093 4273 1425 4340; x_wconf 91' lang='lat' dir='ltr'><strong>serpentium</strong></span> <span class='ocrx_word' id='word_1_316' title='bbox 1472 4273 1773 4343; x_wconf 84' lang='lat' dir='ltr'><strong>proceden-</strong></span> 
     </span>
    </p>
   </div>
   <div class='ocr_carea' id='block_1_48' title="bbox 191 4360 1770 4431">
    <p class='ocr_par' dir='ltr' id='par_1_48' title="bbox 191 4360 1770 4431">
     <span class='ocr_line' id='line_1_48' title="bbox 191 4360 1770 4431; baseline 0.001 -15"><span class='ocrx_word' id='word_1_317' title='bbox 191 4371 270 4416; x_wconf 88' lang='lat' dir='ltr'><strong>tes</strong></span> <span class='ocrx_word' id='word_1_318' title='bbox 300 4361 366 4417; x_wconf 92' lang='lat' dir='ltr'><strong>de</strong></span> <span class='ocrx_word' id='word_1_319' title='bbox 390 4361 584 4426; x_wconf 82' lang='lat' dir='ltr'><strong>foveis,</strong></span> <span class='ocrx_word' id='word_1_320' title='bbox 616 4368 674 4415; x_wconf 90' lang='lat' dir='ltr'><strong>ut</strong></span> <span class='ocrx_word' id='word_1_321' title='bbox 698 4376 803 4414; x_wconf 91' lang='lat' dir='ltr'><strong>non</strong></span> <span class='ocrx_word' id='word_1_322' title='bbox 830 4360 1002 4415; x_wconf 92' lang='lat' dir='ltr'><strong>solum</strong></span> <span class='ocrx_word' id='word_1_323' title='bbox 1026 4361 1367 4431; x_wconf 83' lang='lat' dir='ltr'><strong>ingratissimi</strong></span> <span class='ocrx_word' id='word_1_324' title='bbox 1390 4363 1555 4416; x_wconf 90' lang='lat' dir='ltr'><strong>simus</strong></span> <span class='ocrx_word' id='word_1_325' title='bbox 1578 4363 1630 4417; x_wconf 92' lang='lat' dir='ltr'><strong>in</strong></span> <span class='ocrx_word' id='word_1_326' title='bbox 1657 4379 1770 4430; x_wconf 88' lang='lat' dir='ltr'><strong>eos,</strong></span> 
     </span>
    </p>
   </div>
   <div class='ocr_carea' id='block_1_49' title="bbox 191 4453 1772 4524">
    <p class='ocr_par' dir='ltr' id='par_1_49' title="bbox 191 4453 1772 4524">
     <span class='ocr_line' id='line_1_49' title="bbox 191 4453 1772 4524; baseline -0.001 -16"><span class='ocrx_word' id='word_1_327' title='bbox 191 4467 419 4521; x_wconf 70' lang='lat' dir='ltr'><strong>Quorum</strong></span> <span class='ocrx_word' id='word_1_328' title='bbox 460 4453 735 4508; x_wconf 79' lang='lat' dir='ltr'><strong>beneﬁciis</strong></span> <span class='ocrx_word' id='word_1_329' title='bbox 767 4453 1217 4518; x_wconf 89' lang='lat' dir='ltr'><strong>sustentabamur,</strong></span> <span class='ocrx_word' id='word_1_330' title='bbox 1257 4454 1552 4524; x_wconf 82' lang='lat' dir='ltr'><strong>gaudentes</strong></span> <span class='ocrx_word' id='word_1_331' title='bbox 1582 4455 1625 4508; x_wconf 92' lang='lat' dir='ltr'><strong>si</strong></span> <span class='ocrx_word' id='word_1_332' title='bbox 1673 4472 1772 4509; x_wconf 85' lang='lat' dir='ltr'><strong>nn-</strong></span> 
     </span>
    </p>
   </div>
   <div class='ocr_carea' id='block_1_50' title="bbox 196 4543 1770 4614">
    <p class='ocr_par' dir='ltr' id='par_1_50' title="bbox 196 4543 1770 4614">
     <span class='ocr_line' id='line_1_50' title="bbox 196 4543 1770 4614; baseline 0.003 -18"><span class='ocrx_word' id='word_1_333' title='bbox 196 4545 335 4597; x_wconf 87' lang='lat' dir='ltr'><strong>mina</strong></span> <span class='ocrx_word' id='word_1_334' title='bbox 363 4543 640 4599; x_wconf 88' lang='lat' dir='ltr'><strong>clientium</strong></span> <span class='ocrx_word' id='word_1_335' title='bbox 686 4543 1105 4612; x_wconf 88' lang='lat' dir='ltr'><strong>possederimus,</strong></span> <span class='ocrx_word' id='word_1_336' title='bbox 1147 4543 1242 4598; x_wconf 91' lang='lat' dir='ltr'><strong>sed</strong></span> <span class='ocrx_word' id='word_1_337' title='bbox 1272 4545 1425 4613; x_wconf 87' lang='lat' dir='ltr'><strong>quasi</strong></span> <span class='ocrx_word' id='word_1_338' title='bbox 1465 4544 1770 4614; x_wconf 89' lang='lat' dir='ltr'><strong>perduelles</strong></span> 
     </span>
    </p>
   </div>
   <div class='ocr_carea' id='block_1_51' title="bbox 198 4633 1769 4704">
    <p class='ocr_par' dir='ltr' id='par_1_51' title="bbox 198 4633 1769 4704">
     <span class='ocr_line' id='line_1_51' title="bbox 198 4633 1769 4704; baseline 0 -18"><span class='ocrx_word' id='word_1_339' title='bbox 198 4646 288 4686; x_wconf 87' lang='lat' dir='ltr'><strong>eos</strong></span> <span class='ocrx_word' id='word_1_340' title='bbox 314 4649 483 4704; x_wconf 79' lang='lat' dir='ltr'><strong>usque</strong></span> <span class='ocrx_word' id='word_1_341' title='bbox 505 4633 572 4688; x_wconf 91' lang='lat' dir='ltr'><strong>ad</strong></span> <span class='ocrx_word' id='word_1_342' title='bbox 601 4633 914 4702; x_wconf 87' lang='lat' dir='ltr'><strong>sanguinem</strong></span> <span class='ocrx_word' id='word_1_343' title='bbox 943 4647 1328 4703; x_wconf 88' lang='lat' dir='ltr'><strong>persequamur</strong></span> <span class='ocrx_word' id='word_1_344' title='bbox 1351 4652 1363 4687; x_wconf 91' lang='lat'><strong>:</strong></span> <span class='ocrx_word' id='word_1_345' title='bbox 1383 4634 1620 4704; x_wconf 71' lang='lat' dir='ltr'><strong>deiectos</strong></span> <span class='ocrx_word' id='word_1_346' title='bbox 1644 4652 1769 4704; x_wconf 85' lang='lat' dir='ltr'><strong>pro-</strong></span> 
     </span>
    </p>
   </div>
   <div class='ocr_carea' id='block_1_52' title="bbox 200 4722 1773 4794">
    <p class='ocr_par' dir='ltr' id='par_1_52' title="bbox 200 4722 1773 4794">
     <span class='ocr_line' id='line_1_52' title="bbox 200 4722 1773 4794; baseline 0.004 -20"><span class='ocrx_word' id='word_1_347' title='bbox 200 4729 496 4793; x_wconf 85' lang='lat' dir='ltr'><strong>stratosque</strong></span> <span class='ocrx_word' id='word_1_348' title='bbox 541 4724 830 4790; x_wconf 88' lang='lat' dir='ltr'><strong>calcantes,</strong></span> <span class='ocrx_word' id='word_1_349' title='bbox 873 4737 1007 4792; x_wconf 90' lang='lat' dir='ltr'><strong>quos</strong></span> <span class='ocrx_word' id='word_1_350' title='bbox 1053 4722 1254 4777; x_wconf 91' lang='lat' dir='ltr'><strong>dudum</strong></span> <span class='ocrx_word' id='word_1_351' title='bbox 1303 4735 1524 4794; x_wconf 88' lang='lat' dir='ltr'><strong>propter</strong></span> <span class='ocrx_word' id='word_1_352' title='bbox 1557 4726 1773 4781; x_wconf 84' lang='lat' dir='ltr'><strong>divitias</strong></span> 
     </span>
    </p>
   </div>
   <div class='ocr_carea' id='block_1_53' title="bbox 205 4813 1772 4887">
    <p class='ocr_par' dir='ltr' id='par_1_53' title="bbox 205 4813 1772 4887">
     <span class='ocr_line' id='line_1_53' title="bbox 205 4813 1772 4887; baseline 0.007 -24"><span class='ocrx_word' id='word_1_353' title='bbox 205 4813 614 4879; x_wconf 85' lang='lat' dir='ltr'><strong>suspiciebamus</strong></span> <span class='ocrx_word' id='word_1_354' title='bbox 645 4813 736 4887; x_wconf 84' lang='lat' dir='ltr'><strong>[aL</strong></span> <span class='ocrx_word' id='word_1_355' title='bbox 769 4814 1204 4886; x_wconf 74' lang='lat' dir='ltr'><strong>suscipiebamus],</strong></span> <span class='ocrx_word' id='word_1_356' title='bbox 1233 4817 1496 4884; x_wconf 88' lang='lat' dir='ltr'><strong>pessimos</strong></span> <span class='ocrx_word' id='word_1_357' title='bbox 1532 4819 1772 4874; x_wconf 91' lang='lat' dir='ltr'><strong>omnium</strong></span> 
     </span>
    </p>
   </div>
   <div class='ocr_carea' id='block_1_54' title="bbox 207 4902 1770 4978">
    <p class='ocr_par' dir='ltr' id='par_1_54' title="bbox 207 4902 1770 4978">
     <span class='ocr_line' id='line_1_54' title="bbox 207 4902 1770 4978; baseline 0.008 -26"><span class='ocrx_word' id='word_1_358' title='bbox 207 4902 612 4970; x_wconf 84' lang='lat' dir='ltr'><strong>conclamantes,</strong></span> <span class='ocrx_word' id='word_1_359' title='bbox 638 4915 916 4976; x_wconf 82' lang='lat' dir='ltr'><strong>postquam</strong></span> <span class='ocrx_word' id='word_1_360' title='bbox 939 4919 1071 4974; x_wconf 84' lang='lat' dir='ltr'><strong>Opes</strong></span> <span class='ocrx_word' id='word_1_361' title='bbox 1094 4917 1404 4975; x_wconf 85' lang='lat' dir='ltr'><strong>paupertate</strong></span> <span class='ocrx_word' id='word_1_362' title='bbox 1427 4911 1770 4978; x_wconf 87' lang='lat' dir='ltr'><strong>mutaverint,</strong></span> 
     </span>
    </p>
   </div>
   <div class='ocr_carea' id='block_1_55' title="bbox 213 4981 1770 5061">
    <p class='ocr_par' dir='ltr' id='par_1_55' title="bbox 213 4981 1770 5061">
     <span class='ocr_line' id='line_1_55' title="bbox 213 4981 1770 5061; baseline 0.01 -20"><span class='ocrx_word' id='word_1_363' title='bbox 213 4989 479 5047; x_wconf 81' lang='lat' dir='ltr'><strong>laudantes</strong></span> <span class='ocrx_word' id='word_1_364' title='bbox 505 4981 899 5061; x_wconf 83' lang='lat' dir='ltr'><strong>potentiam,et</strong></span> <span class='ocrx_word' id='word_1_365' title='bbox 927 4995 1294 5052; x_wconf 79' lang='lat' dir='ltr'><strong>infelicitatem</strong></span> <span class='ocrx_word' id='word_1_366' title='bbox 1337 4999 1723 5056; x_wconf 88' lang='lat' dir='ltr'><strong>calumniantes</strong></span> <span class='ocrx_word' id='word_1_367' title='bbox 1757 5018 1770 5055; x_wconf 90' lang='lat'><strong>:</strong></span> 
     </span>
    </p>
   </div>
   <div class='ocr_carea' id='block_1_56' title="bbox 213 5085 1775 5156">
    <p class='ocr_par' dir='ltr' id='par_1_56' title="bbox 213 5085 1775 5156">
     <span class='ocr_line' id='line_1_56' title="bbox 213 5085 1775 5156; baseline 0.006 -22"><span class='ocrx_word' id='word_1_368' title='bbox 213 5093 308 5134; x_wconf 80' lang='lat' dir='ltr'><strong>nec</strong></span> <span class='ocrx_word' id='word_1_369' title='bbox 333 5096 427 5150; x_wconf 91' lang='lat' dir='ltr'><strong>pro</strong></span> <span class='ocrx_word' id='word_1_370' title='bbox 449 5096 628 5136; x_wconf 87' lang='lat' dir='ltr'><strong>rerum</strong></span> <span class='ocrx_word' id='word_1_371' title='bbox 655 5094 866 5150; x_wconf 88' lang='lat' dir='ltr'><strong>natura,</strong></span> <span class='ocrx_word' id='word_1_372' title='bbox 894 5085 988 5140; x_wconf 89' lang='lat' dir='ltr'><strong>sed</strong></span> <span class='ocrx_word' id='word_1_373' title='bbox 1018 5101 1113 5156; x_wconf 82' lang='lat' dir='ltr'><strong>pro</strong></span> <span class='ocrx_word' id='word_1_374' title='bbox 1133 5089 1390 5142; x_wconf 85' lang='lat' dir='ltr'><strong>varietate</strong></span> <span class='ocrx_word' id='word_1_375' title='bbox 1428 5102 1646 5144; x_wconf 90' lang='lat' dir='ltr'><strong>casuum</strong></span> <span class='ocrx_word' id='word_1_376' title='bbox 1678 5091 1775 5144; x_wconf 85' lang='lat' dir='ltr'><strong>ho-</strong></span> 
     </span>
    </p>
   </div>
   <div class='ocr_carea' id='block_1_57' title="bbox 214 5173 1775 5248">
    <p class='ocr_par' dir='ltr' id='par_1_57' title="bbox 214 5173 1775 5248">
     <span class='ocr_line' id='line_1_57' title="bbox 214 5173 1775 5248; baseline 0.006 -25"><span class='ocrx_word' id='word_1_377' title='bbox 214 5178 458 5225; x_wconf 78' lang='lat' dir='ltr'><strong>not-antes</strong></span> <span class='ocrx_word' id='word_1_378' title='bbox 491 5173 744 5242; x_wconf 78' lang='lat' dir='ltr'><strong>aliquem,</strong></span> <span class='ocrx_word' id='word_1_379' title='bbox 783 5173 865 5227; x_wconf 88' lang='lat' dir='ltr'><strong>vel</strong></span> <span class='ocrx_word' id='word_1_380' title='bbox 909 5185 1348 5232; x_wconf 88' lang='lat' dir='ltr'><strong>contemnentes:</strong></span> <span class='ocrx_word' id='word_1_381' title='bbox 1380 5186 1437 5232; x_wconf 93' lang='lat' dir='ltr'><strong>ut</strong></span> <span class='ocrx_word' id='word_1_382' title='bbox 1463 5192 1598 5248; x_wconf 89' lang='lat' dir='ltr'><strong>quos</strong></span> <span class='ocrx_word' id='word_1_383' title='bbox 1624 5179 1775 5248; x_wconf 78' lang='lat' dir='ltr'><strong>prius</strong></span> 
     </span>
    </p>
   </div>
   <div class='ocr_carea' id='block_1_58' title="bbox 211 5259 1774 5338">
    <p class='ocr_par' dir='ltr' id='par_1_58' title="bbox 211 5259 1774 5338">
     <span class='ocr_line' id='line_1_58' title="bbox 211 5259 1774 5338; baseline 0.008 -26"><span class='ocrx_word' id='word_1_384' title='bbox 211 5259 446 5318; x_wconf 89' lang='lat' dir='ltr'><strong>dominos</strong></span> <span class='ocrx_word' id='word_1_385' title='bbox 473 5272 528 5319; x_wconf 90' lang='lat' dir='ltr'><strong>et</strong></span> <span class='ocrx_word' id='word_1_386' title='bbox 554 5274 809 5334; x_wconf 83' lang='lat' dir='ltr'><strong>patronos</strong></span> <span class='ocrx_word' id='word_1_387' title='bbox 834 5267 1174 5337; x_wconf 88' lang='lat' dir='ltr'><strong>vocabamus,</strong></span> <span class='ocrx_word' id='word_1_388' title='bbox 1203 5269 1422 5324; x_wconf 83' lang='lat' dir='ltr'><strong>eosdem</strong></span> <span class='ocrx_word' id='word_1_389' title='bbox 1458 5269 1610 5338; x_wconf 81' lang='lat' dir='ltr'><strong>quasi</strong></span> <span class='ocrx_word' id='word_1_390' title='bbox 1649 5285 1774 5324; x_wconf 88' lang='lat' dir='ltr'><strong>ver-</strong></span> 
     </span>
    </p>
   </div>
   <div class='ocr_carea' id='block_1_59' title="bbox 292 5411 1602 5488">
    <p class='ocr_par' dir='ltr' id='par_1_59' title="bbox 292 5411 1602 5488">
     <span class='ocr_line' id='line_1_59' title="bbox 292 5411 1602 5488; baseline 0.004 -25"><span class='ocrx_word' id='word_1_391' title='bbox 292 5411 336 5488; x_wconf 46' lang='lat' dir='ltr'><strong>ti]</strong></span> <span class='ocrx_word' id='word_1_392' title='bbox 371 5411 811 5488; x_wconf 54' lang='lat' dir='ltr'><strong>Xplgolegebatur</strong></span> <span class='ocrx_word' id='word_1_393' title='bbox 834 5419 1120 5488; x_wconf 78' lang='lat' dir='ltr'><strong>imperfecto</strong></span> <span class='ocrx_word' id='word_1_394' title='bbox 1137 5433 1286 5488; x_wconf 80' lang='lat' dir='ltr'><strong>sensu</strong></span> <span class='ocrx_word' id='word_1_395' title='bbox 1311 5421 1602 5488; x_wconf 60' lang='lat' dir='ltr'><strong>consecutus.</strong></span> 
     </span>
    </p>
   </div>
   <div class='ocr_carea' id='block_1_60' title="bbox 214 5469 1778 5594">
    <p class='ocr_par' dir='ltr' id='par_1_60' title="bbox 214 5469 1778 5594">
     <span class='ocr_line' id='line_1_60' title="bbox 214 5469 1778 5594; baseline -0.004 -58"><span class='ocrx_word' id='word_1_396' title='bbox 214 5469 654 5594; x_wconf 44' lang='grc' dir='ltr'><strong>ἐωζὲἓὲθῶῗῦ</strong></span> <span class='ocrx_word' id='word_1_397' title='bbox 683 5469 928 5544; x_wconf 76' lang='lat' dir='ltr'><strong>ingenium</strong></span> <span class='ocrx_word' id='word_1_398' title='bbox 950 5482 1092 5546; x_wconf 87' lang='lat' dir='ltr'><strong>sapit,</strong></span> <span class='ocrx_word' id='word_1_399' title='bbox 1117 5483 1249 5547; x_wconf 84' lang='lat' dir='ltr'><strong>quod</strong></span> <span class='ocrx_word' id='word_1_400' title='bbox 1270 5469 1459 5534; x_wconf 82' lang='lat' dir='ltr'><strong>additur</strong></span> <span class='ocrx_word' id='word_1_401' title='bbox 1477 5483 1526 5534; x_wconf 90' lang='lat' dir='ltr'><strong>iu</strong></span> <span class='ocrx_word' id='word_1_402' title='bbox 1547 5482 1607 5533; x_wconf 90' lang='lat' dir='ltr'><strong>B.</strong></span> <span class='ocrx_word' id='word_1_403' title='bbox 1633 5481 1712 5542; x_wconf 83' lang='lat' dir='ltr'><strong>P.,</strong></span> <span class='ocrx_word' id='word_1_404' title='bbox 1736 5493 1778 5532; x_wconf 86' lang='lat' dir='ltr'><strong>st</strong></span> 
     </span>
    </p>
   </div>
   <div class='ocr_carea' id='block_1_61' title="bbox 1684 125 2103 228">
    <p class='ocr_par' dir='ltr' id='par_1_61' title="bbox 1684 125 2103 228">
     <span class='ocr_line' id='line_1_61' title="bbox 1684 125 2103 228; baseline -0.002 -1"><span class='ocrx_word' id='word_1_405' title='bbox 1684 125 2004 228; x_wconf 64' lang='lat' dir='ltr'><strong>El’lSTOLA</strong></span> <span class='ocrx_word' id='word_1_406' title='bbox 2045 174 2103 226; x_wconf 66' lang='grc' dir='ltr'><strong>(Β.</strong></span> 
     </span>
    </p>
   </div>
   <div class='ocr_carea' id='block_1_62' title="bbox 3389 185 3490 245">
    <p class='ocr_par' dir='ltr' id='par_1_62' title="bbox 3389 185 3490 245">
     <span class='ocr_line' id='line_1_62' title="bbox 3389 185 3490 245; baseline -0.03 -1"><span class='ocrx_word' id='word_1_407' title='bbox 3389 185 3490 245; x_wconf 71' lang='lat'><strong>826</strong></span> 
     </span>
    </p>
   </div>
   <div class='ocr_carea' id='block_1_63' title="bbox 1912 286 3485 366">
    <p class='ocr_par' dir='ltr' id='par_1_63' title="bbox 1912 286 3485 366">
     <span class='ocr_line' id='line_1_63' title="bbox 1912 286 3485 366; baseline 0.008 -27"><span class='ocrx_word' id='word_1_408' title='bbox 1912 286 2160 348; x_wconf 78' lang='lat' dir='ltr'><strong>hci-ones,</strong></span> <span class='ocrx_word' id='word_1_409' title='bbox 2206 294 2256 340; x_wconf 90' lang='lat' dir='ltr'><strong>et</strong></span> <span class='ocrx_word' id='word_1_410' title='bbox 2290 300 2472 342; x_wconf 87' lang='lat' dir='ltr'><strong>servos</strong></span> <span class='ocrx_word' id='word_1_411' title='bbox 2517 289 2874 362; x_wconf 81' lang='lat' dir='ltr'><strong>nequissimos</strong></span> <span class='ocrx_word' id='word_1_412' title='bbox 2913 293 3244 366; x_wconf 86' lang='lat' dir='ltr'><strong>appellemus</strong></span> <span class='ocrx_word' id='word_1_413' title='bbox 3276 315 3290 350; x_wconf 90' lang='lat'><strong>:</strong></span> <span class='ocrx_word' id='word_1_414' title='bbox 3323 308 3485 366; x_wconf 87' lang='lat' dir='ltr'><strong>atque</strong></span> 
     </span>
    </p>
   </div>
   <div class='ocr_carea' id='block_1_64' title="bbox 1907 379 3512 457">
    <p class='ocr_par' dir='ltr' id='par_1_64' title="bbox 1907 379 3512 457">
     <span class='ocr_line' id='line_1_64' title="bbox 1907 379 3512 457; baseline 0.009 -29"><span class='ocrx_word' id='word_1_415' title='bbox 1907 394 1972 430; x_wconf 77' lang='lat' dir='ltr'><strong>ex</strong></span> <span class='ocrx_word' id='word_1_416' title='bbox 2003 379 2146 431; x_wconf 88' lang='lat' dir='ltr'><strong>omni</strong></span> <span class='ocrx_word' id='word_1_417' title='bbox 2174 388 2322 446; x_wconf 90' lang='lat' dir='ltr'><strong>parte</strong></span> <span class='ocrx_word' id='word_1_418' title='bbox 2347 390 2603 450; x_wconf 86' lang='lat' dir='ltr'><strong>appareat</strong></span> <span class='ocrx_word' id='word_1_419' title='bbox 2629 391 2814 436; x_wconf 89' lang='lat' dir='ltr'><strong>nostra</strong></span> <span class='ocrx_word' id='word_1_420' title='bbox 2843 383 3092 453; x_wconf 87' lang='lat' dir='ltr'><strong>iniquitas</strong></span> <span class='ocrx_word' id='word_1_421' title='bbox 3117 384 3207 457; x_wconf 90' lang='lat' dir='ltr'><strong>(c),</strong></span> <span class='ocrx_word' id='word_1_422' title='bbox 3236 385 3362 440; x_wconf 89' lang='lat' dir='ltr'><strong>dum</strong></span> <span class='ocrx_word' id='word_1_423' title='bbox 3389 398 3483 444; x_wconf 89' lang='lat' dir='ltr'><strong>aut</strong></span> <span class='ocrx_word' id='word_1_424' title='bbox 3510 398 3512 400; x_wconf 76' lang='lat'><strong>&#39;</strong></span> 
     </span>
    </p>
   </div>
   <div class='ocr_carea' id='block_1_65' title="bbox 1905 467 3484 541">
    <p class='ocr_par' dir='ltr' id='par_1_65' title="bbox 1905 467 3484 541">
     <span class='ocr_line' id='line_1_65' title="bbox 1905 467 3484 541; baseline 0.006 -20"><span class='ocrx_word' id='word_1_425' title='bbox 1905 467 2150 537; x_wconf 85' lang='lat' dir='ltr'><strong>indignos</strong></span> <span class='ocrx_word' id='word_1_426' title='bbox 2193 469 2490 537; x_wconf 81' lang='lat' dir='ltr'><strong>laudamus,</strong></span> <span class='ocrx_word' id='word_1_427' title='bbox 2528 479 2619 525; x_wconf 91' lang='lat' dir='ltr'><strong>aut</strong></span> <span class='ocrx_word' id='word_1_428' title='bbox 2656 471 2848 541; x_wconf 85' lang='lat' dir='ltr'><strong>dignos</strong></span> <span class='ocrx_word' id='word_1_429' title='bbox 2887 472 3064 538; x_wconf 89' lang='lat' dir='ltr'><strong>laude,</strong></span> <span class='ocrx_word' id='word_1_430' title='bbox 3093 475 3484 532; x_wconf 86' lang='lat' dir='ltr'><strong>obtrectatione</strong></span> 
     </span>
    </p>
   </div>
   <div class='ocr_carea' id='block_1_66' title="bbox 1904 560 3480 632">
    <p class='ocr_par' dir='ltr' id='par_1_66' title="bbox 1904 560 3480 632">
     <span class='ocr_line' id='line_1_66' title="bbox 1904 560 3480 632; baseline 0.007 -20"><span class='ocrx_word' id='word_1_431' title='bbox 1904 560 2295 628; x_wconf 85' lang='lat' dir='ltr'><strong>persequimur,</strong></span> <span class='ocrx_word' id='word_1_432' title='bbox 2343 561 2614 616; x_wconf 91' lang='lat' dir='ltr'><strong>imitantes</strong></span> <span class='ocrx_word' id='word_1_433' title='bbox 2658 562 2786 616; x_wconf 90' lang='lat' dir='ltr'><strong>illud</strong></span> <span class='ocrx_word' id='word_1_434' title='bbox 2844 562 2984 632; x_wconf 91' lang='lat' dir='ltr'><strong>quod</strong></span> <span class='ocrx_word' id='word_1_435' title='bbox 3013 563 3079 617; x_wconf 90' lang='lat' dir='ltr'><strong>ad</strong></span> <span class='ocrx_word' id='word_1_436' title='bbox 3121 565 3330 620; x_wconf 89' lang='lat' dir='ltr'><strong>beatum</strong></span> <span class='ocrx_word' id='word_1_437' title='bbox 3377 568 3480 623; x_wconf 85' lang='lat' dir='ltr'><strong>Job</strong></span> 
     </span>
    </p>
   </div>
   <div class='ocr_carea' id='block_1_67' title="bbox 1903 650 3479 726">
    <p class='ocr_par' dir='ltr' id='par_1_67' title="bbox 1903 650 3479 726">
     <span class='ocr_line' id='line_1_67' title="bbox 1903 650 3479 726; baseline 0.005 -22"><span class='ocrx_word' id='word_1_438' title='bbox 1903 650 2289 717; x_wconf 81' lang='lat' dir='ltr'><strong>exprobrantes</strong></span> <span class='ocrx_word' id='word_1_439' title='bbox 2315 652 2693 722; x_wconf 86' lang='lat' dir='ltr'><strong>loquebantur,</strong></span> <span class='ocrx_word' id='word_1_440' title='bbox 2721 653 2896 707; x_wconf 83' lang='lat' dir='ltr'><strong>Pauca</strong></span> <span class='ocrx_word' id='word_1_441' title='bbox 2920 667 3012 724; x_wconf 84' lang='lat' dir='ltr'><strong>pro</strong></span> <span class='ocrx_word' id='word_1_442' title='bbox 3037 655 3214 724; x_wconf 81' lang='lat' dir='ltr'><strong>quibus</strong></span> <span class='ocrx_word' id='word_1_443' title='bbox 3243 661 3479 726; x_wconf 79' lang='lat' dir='ltr'><strong>peccasti,</strong></span> 
     </span>
    </p>
   </div>
   <div class='ocr_carea' id='block_1_68' title="bbox 1901 740 2639 814">
    <p class='ocr_par' dir='ltr' id='par_1_68' title="bbox 1901 740 2639 814">
     <span class='ocr_line' id='line_1_68' title="bbox 1901 740 2639 814; baseline 0.003 -24"><span class='ocrx_word' id='word_1_444' title='bbox 1901 741 2183 793; x_wconf 84' lang='lat' dir='ltr'><strong>verberatus</strong></span> <span class='ocrx_word' id='word_1_445' title='bbox 2212 757 2263 793; x_wconf 85' lang='lat' dir='ltr'><strong>es</strong></span> <span class='ocrx_word' id='word_1_446' title='bbox 2293 740 2412 812; x_wconf 84' lang='lat' dir='ltr'><strong>(Job</strong></span> <span class='ocrx_word' id='word_1_447' title='bbox 2447 742 2534 795; x_wconf 84' lang='grc' dir='ltr'><strong>Η.</strong></span> <span class='ocrx_word' id='word_1_448' title='bbox 2563 740 2639 814; x_wconf 87' lang='lat'><strong>7).</strong></span> 
     </span>
    </p>
   </div>
   <div class='ocr_carea' id='block_1_69' title="bbox 1973 829 3476 902">
    <p class='ocr_par' dir='ltr' id='par_1_69' title="bbox 1973 829 3476 902">
     <span class='ocr_line' id='line_1_69' title="bbox 1973 829 3476 902; baseline 0.006 -21"><span class='ocrx_word' id='word_1_449' title='bbox 1973 829 2058 882; x_wconf 81' lang='grc'><strong>15.</strong></span> <span class='ocrx_word' id='word_1_450' title='bbox 2100 829 2442 899; x_wconf 83' lang='lat' dir='ltr'><strong>Nequaquam</strong></span> <span class='ocrx_word' id='word_1_451' title='bbox 2471 830 2634 897; x_wconf 81' lang='lat' dir='ltr'><strong>igitur</strong></span> <span class='ocrx_word' id='word_1_452' title='bbox 2660 831 2849 887; x_wconf 90' lang='lat' dir='ltr'><strong>dubias</strong></span> <span class='ocrx_word' id='word_1_453' title='bbox 2887 847 3038 902; x_wconf 86' lang='lat' dir='ltr'><strong>opes,</strong></span> <span class='ocrx_word' id='word_1_454' title='bbox 3086 833 3182 888; x_wconf 87' lang='lat' dir='ltr'><strong>sed</strong></span> <span class='ocrx_word' id='word_1_455' title='bbox 3225 834 3476 890; x_wconf 88' lang='lat' dir='ltr'><strong>virtutem</strong></span> 
     </span>
    </p>
   </div>
   <div class='ocr_carea' id='block_1_70' title="bbox 1901 918 3479 989">
    <p class='ocr_par' dir='ltr' id='par_1_70' title="bbox 1901 918 3479 989">
     <span class='ocr_line' id='line_1_70' title="bbox 1901 918 3479 989; baseline 0.006 -19"><span class='ocrx_word' id='word_1_456' title='bbox 1901 918 2258 973; x_wconf 77' lang='lat' dir='ltr'><strong>ﬁrmissimam</strong></span> <span class='ocrx_word' id='word_1_457' title='bbox 2313 921 2596 989; x_wconf 87' lang='lat' dir='ltr'><strong>diligamus</strong></span> <span class='ocrx_word' id='word_1_458' title='bbox 2633 939 2646 975; x_wconf 91' lang='lat'>:</span> <span class='ocrx_word' id='word_1_459' title='bbox 2678 937 2782 976; x_wconf 91' lang='lat' dir='ltr'><strong>non</strong></span> <span class='ocrx_word' id='word_1_460' title='bbox 2836 939 2935 978; x_wconf 88' lang='lat' dir='ltr'><strong>nos</strong></span> <span class='ocrx_word' id='word_1_461' title='bbox 2989 925 3185 978; x_wconf 90' lang='lat' dir='ltr'><strong>duritia</strong></span> <span class='ocrx_word' id='word_1_462' title='bbox 3231 925 3479 981; x_wconf 90' lang='lat' dir='ltr'><strong>humiliet</strong></span> 
     </span>
    </p>
   </div>
   <div class='ocr_carea' id='block_1_71' title="bbox 1901 1011 3478 1083">
    <p class='ocr_par' dir='ltr' id='par_1_71' title="bbox 1901 1011 3478 1083">
     <span class='ocr_line' id='line_1_71' title="bbox 1901 1011 3478 1083; baseline 0.009 -27"><span class='ocrx_word' id='word_1_463' title='bbox 1901 1011 2249 1077; x_wconf 79' lang='lat' dir='ltr'><strong>paupertatis,</strong></span> <span class='ocrx_word' id='word_1_464' title='bbox 2284 1027 2388 1064; x_wconf 91' lang='lat' dir='ltr'><strong>non</strong></span> <span class='ocrx_word' id='word_1_465' title='bbox 2432 1012 2696 1066; x_wconf 81' lang='lat' dir='ltr'><strong>extollant</strong></span> <span class='ocrx_word' id='word_1_466' title='bbox 2721 1013 2945 1081; x_wconf 73' lang='lat' dir='ltr'><strong>divitim,</strong></span> <span class='ocrx_word' id='word_1_467' title='bbox 2986 1031 3104 1083; x_wconf 74' lang='lat' dir='ltr'><strong>qua:</strong></span> <span class='ocrx_word' id='word_1_468' title='bbox 3133 1016 3478 1071; x_wconf 89' lang='lat' dir='ltr'><strong>stultissimos</strong></span> 
     </span>
    </p>
   </div>
   <div class='ocr_carea' id='block_1_72' title="bbox 1898 1097 3478 1171">
    <p class='ocr_par' dir='ltr' id='par_1_72' title="bbox 1898 1097 3478 1171">
     <span class='ocr_line' id='line_1_72' title="bbox 1898 1097 3478 1171; baseline 0.007 -22"><span class='ocrx_word' id='word_1_469' title='bbox 1898 1097 2171 1152; x_wconf 84' lang='lat' dir='ltr'><strong>hominum</strong></span> <span class='ocrx_word' id='word_1_470' title='bbox 2244 1100 2402 1171; x_wconf 76' lang='lat'><strong>627</strong></span> <span class='ocrx_word' id='word_1_471' title='bbox 2475 1100 2775 1170; x_wconf 87' lang='lat' dir='ltr'><strong>deprimere</strong></span> <span class='ocrx_word' id='word_1_472' title='bbox 2817 1111 2872 1157; x_wconf 90' lang='lat' dir='ltr'><strong>et</strong></span> <span class='ocrx_word' id='word_1_473' title='bbox 2918 1103 3130 1157; x_wconf 87' lang='lat' dir='ltr'><strong>elevare</strong></span> <span class='ocrx_word' id='word_1_474' title='bbox 3183 1119 3478 1160; x_wconf 84' lang='lat' dir='ltr'><strong>consueve-</strong></span> 
     </span>
    </p>
   </div>
   <div class='ocr_carea' id='block_1_73' title="bbox 1897 1187 3470 1260">
    <p class='ocr_par' dir='ltr' id='par_1_73' title="bbox 1897 1187 3470 1260">
     <span class='ocr_line' id='line_1_73' title="bbox 1897 1187 3470 1260; baseline 0.005 -19"><span class='ocrx_word' id='word_1_475' title='bbox 1897 1197 2056 1252; x_wconf 85' lang='lat' dir='ltr'><strong>runt;</strong></span> <span class='ocrx_word' id='word_1_476' title='bbox 2086 1187 2179 1241; x_wconf 84' lang='lat' dir='ltr'><strong>sed</strong></span> <span class='ocrx_word' id='word_1_477' title='bbox 2215 1200 2500 1260; x_wconf 88' lang='lat' dir='ltr'><strong>utrumque</strong></span> <span class='ocrx_word' id='word_1_478' title='bbox 2541 1207 2636 1259; x_wconf 89' lang='lat' dir='ltr'><strong>pro</strong></span> <span class='ocrx_word' id='word_1_479' title='bbox 2683 1209 2864 1246; x_wconf 90' lang='lat' dir='ltr'><strong>rerum</strong></span> <span class='ocrx_word' id='word_1_480' title='bbox 2905 1192 3182 1247; x_wconf 90' lang='lat' dir='ltr'><strong>honestate</strong></span> <span class='ocrx_word' id='word_1_481' title='bbox 3223 1195 3470 1249; x_wconf 91' lang='lat' dir='ltr'><strong>modere-</strong></span> 
     </span>
    </p>
   </div>
   <div class='ocr_carea' id='block_1_74' title="bbox 1895 1282 3469 1353">
    <p class='ocr_par' dir='ltr' id='par_1_74' title="bbox 1895 1282 3469 1353">
     <span class='ocr_line' id='line_1_74' title="bbox 1895 1282 3469 1353; baseline 0.002 -20"><span class='ocrx_word' id='word_1_482' title='bbox 1895 1295 2031 1343; x_wconf 89' lang='lat' dir='ltr'><strong>mur,</strong></span> <span class='ocrx_word' id='word_1_483' title='bbox 2067 1290 2120 1334; x_wconf 90' lang='lat' dir='ltr'><strong>et</strong></span> <span class='ocrx_word' id='word_1_484' title='bbox 2160 1282 2352 1345; x_wconf 86' lang='lat' dir='ltr'><strong>tristia,</strong></span> <span class='ocrx_word' id='word_1_485' title='bbox 2395 1293 2449 1335; x_wconf 91' lang='lat' dir='ltr'><strong>et</strong></span> <span class='ocrx_word' id='word_1_486' title='bbox 2492 1282 2612 1336; x_wconf 73' lang='lat' dir='ltr'><strong>lmta</strong></span> <span class='ocrx_word' id='word_1_487' title='bbox 2657 1284 2848 1353; x_wconf 73' lang='lat' dir='ltr'><strong>mquali</strong></span> <span class='ocrx_word' id='word_1_488' title='bbox 2893 1284 3073 1337; x_wconf 91' lang='lat' dir='ltr'><strong>animo</strong></span> <span class='ocrx_word' id='word_1_489' title='bbox 3121 1285 3469 1339; x_wconf 88' lang='lat' dir='ltr'><strong>sustinentes.</strong></span> 
     </span>
    </p>
   </div>
   <div class='ocr_carea' id='block_1_75' title="bbox 1896 1371 3472 1451">
    <p class='ocr_par' dir='ltr' id='par_1_75' title="bbox 1896 1371 3472 1451">
     <span class='ocr_line' id='line_1_75' title="bbox 1896 1371 3472 1451; baseline 0.003 -26"><span class='ocrx_word' id='word_1_490' title='bbox 1896 1371 2202 1425; x_wconf 82' lang='lat' dir='ltr'><strong>Divitiarum</strong></span> <span class='ocrx_word' id='word_1_491' title='bbox 2234 1389 2361 1427; x_wconf 89' lang='lat' dir='ltr'><strong>cura</strong></span> <span class='ocrx_word' id='word_1_492' title='bbox 2386 1388 2604 1451; x_wconf 86' lang='lat' dir='ltr'><strong>somnos</strong></span> <span class='ocrx_word' id='word_1_493' title='bbox 2631 1375 2971 1445; x_wconf 88' lang='lat' dir='ltr'><strong>interrumpit</strong></span> <span class='ocrx_word' id='word_1_494' title='bbox 2993 1375 3351 1442; x_wconf 89' lang='lat' dir='ltr'><strong>dulcissimos,</strong></span> <span class='ocrx_word' id='word_1_495' title='bbox 3385 1377 3472 1430; x_wconf 84' lang='lat' dir='ltr'><strong>in-</strong></span> 
     </span>
    </p>
   </div>
   <div class='ocr_carea' id='block_1_76' title="bbox 1895 1462 3468 1533">
    <p class='ocr_par' dir='ltr' id='par_1_76' title="bbox 1895 1462 3468 1533">
     <span class='ocr_line' id='line_1_76' title="bbox 1895 1462 3468 1533; baseline 0.004 -19"><span class='ocrx_word' id='word_1_496' title='bbox 1895 1462 2067 1514; x_wconf 79' lang='lat' dir='ltr'><strong>noxiis</strong></span> <span class='ocrx_word' id='word_1_497' title='bbox 2097 1462 2394 1516; x_wconf 88' lang='lat' dir='ltr'><strong>calumnias</strong></span> <span class='ocrx_word' id='word_1_498' title='bbox 2422 1465 2600 1530; x_wconf 88' lang='lat' dir='ltr'><strong>struit,</strong></span> <span class='ocrx_word' id='word_1_499' title='bbox 2634 1474 2689 1519; x_wconf 93' lang='lat' dir='ltr'><strong>et</strong></span> <span class='ocrx_word' id='word_1_500' title='bbox 2724 1479 2844 1518; x_wconf 91' lang='lat' dir='ltr'><strong>cum</strong></span> <span class='ocrx_word' id='word_1_501' title='bbox 2894 1465 3128 1518; x_wconf 83' lang='lat' dir='ltr'><strong>inﬁnitas</strong></span> <span class='ocrx_word' id='word_1_502' title='bbox 3165 1481 3296 1533; x_wconf 90' lang='lat' dir='ltr'><strong>opes</strong></span> <span class='ocrx_word' id='word_1_503' title='bbox 3335 1480 3468 1520; x_wconf 93' lang='lat' dir='ltr'><strong>con-</strong></span> 
     </span>
    </p>
   </div>
   <div class='ocr_carea' id='block_1_77' title="bbox 1891 1554 3467 1625">
    <p class='ocr_par' dir='ltr' id='par_1_77' title="bbox 1891 1554 3467 1625">
     <span class='ocr_line' id='line_1_77' title="bbox 1891 1554 3467 1625; baseline 0.004 -23"><span class='ocrx_word' id='word_1_504' title='bbox 1891 1554 2210 1619; x_wconf 74' lang='lat' dir='ltr'><strong>gregaverit,</strong></span> <span class='ocrx_word' id='word_1_505' title='bbox 2231 1556 2506 1607; x_wconf 88' lang='lat' dir='ltr'><strong>materiam</strong></span> <span class='ocrx_word' id='word_1_506' title='bbox 2525 1555 2740 1608; x_wconf 71' lang='lat' dir='ltr'><strong>teternis</strong></span> <span class='ocrx_word' id='word_1_507' title='bbox 2763 1556 2968 1623; x_wconf 85' lang='lat' dir='ltr'><strong>ignibus</strong></span> <span class='ocrx_word' id='word_1_508' title='bbox 2987 1565 3153 1624; x_wconf 88' lang='lat' dir='ltr'><strong>parat.</strong></span> <span class='ocrx_word' id='word_1_509' title='bbox 3176 1557 3467 1625; x_wconf 87' lang='lat' dir='ltr'><strong>Postquam</strong></span> 
     </span>
    </p>
   </div>
   <div class='ocr_carea' id='block_1_78' title="bbox 1892 1642 3465 1713">
    <p class='ocr_par' dir='ltr' id='par_1_78' title="bbox 1892 1642 3465 1713">
     <span class='ocr_line' id='line_1_78' title="bbox 1892 1642 3465 1713; baseline 0.004 -21"><span class='ocrx_word' id='word_1_510' title='bbox 1892 1656 2018 1692; x_wconf 86' lang='lat' dir='ltr'><strong>vero</strong></span> <span class='ocrx_word' id='word_1_511' title='bbox 2066 1642 2384 1695; x_wconf 87' lang='lat' dir='ltr'><strong>insatiabilis</strong></span> <span class='ocrx_word' id='word_1_512' title='bbox 2426 1642 2575 1696; x_wconf 91' lang='lat' dir='ltr'><strong>furor</strong></span> <span class='ocrx_word' id='word_1_513' title='bbox 2621 1646 2856 1711; x_wconf 68' lang='lat' dir='ltr'><strong>qumsitis</strong></span> <span class='ocrx_word' id='word_1_514' title='bbox 2901 1647 3092 1713; x_wconf 87' lang='lat' dir='ltr'><strong>opibus</strong></span> <span class='ocrx_word' id='word_1_515' title='bbox 3141 1647 3465 1713; x_wconf 88' lang='lat' dir='ltr'><strong>incubuerit,</strong></span> 
     </span>
    </p>
   </div>
   <div class='ocr_carea' id='block_1_79' title="bbox 1890 1731 3466 1804">
    <p class='ocr_par' dir='ltr' id='par_1_79' title="bbox 1890 1731 3466 1804">
     <span class='ocr_line' id='line_1_79' title="bbox 1890 1731 3466 1804; baseline 0.005 -22"><span class='ocrx_word' id='word_1_516' title='bbox 1890 1745 1995 1782; x_wconf 83' lang='lat' dir='ltr'><strong>non</strong></span> <span class='ocrx_word' id='word_1_517' title='bbox 2027 1731 2274 1799; x_wconf 87' lang='lat' dir='ltr'><strong>expletur</strong></span> <span class='ocrx_word' id='word_1_518' title='bbox 2298 1733 2542 1797; x_wconf 87' lang='lat' dir='ltr'><strong>avaritia,</strong></span> <span class='ocrx_word' id='word_1_519' title='bbox 2575 1733 2669 1787; x_wconf 90' lang='lat' dir='ltr'><strong>sed</strong></span> <span class='ocrx_word' id='word_1_520' title='bbox 2699 1737 2994 1788; x_wconf 88' lang='lat' dir='ltr'><strong>contemnit</strong></span> <span class='ocrx_word' id='word_1_521' title='bbox 3020 1737 3183 1804; x_wconf 83' lang='lat' dir='ltr'><strong>leges,</strong></span> <span class='ocrx_word' id='word_1_522' title='bbox 3208 1737 3466 1804; x_wconf 74' lang='lat' dir='ltr'><strong>gehennm</strong></span> 
     </span>
    </p>
   </div>
   <div class='ocr_carea' id='block_1_80' title="bbox 1890 1819 3466 1896">
    <p class='ocr_par' dir='ltr' id='par_1_80' title="bbox 1890 1819 3466 1896">
     <span class='ocr_line' id='line_1_80' title="bbox 1890 1819 3466 1896; baseline 0.004 -22"><span class='ocrx_word' id='word_1_523' title='bbox 1890 1819 2130 1875; x_wconf 86' lang='lat' dir='ltr'><strong>ﬂammas</strong></span> <span class='ocrx_word' id='word_1_524' title='bbox 2161 1822 2407 1890; x_wconf 86' lang='lat' dir='ltr'><strong>despicit,</strong></span> <span class='ocrx_word' id='word_1_525' title='bbox 2444 1822 2678 1876; x_wconf 87' lang='lat' dir='ltr'><strong>futurmn</strong></span> <span class='ocrx_word' id='word_1_526' title='bbox 2706 1824 2890 1892; x_wconf 90' lang='lat' dir='ltr'><strong>judicii</strong></span> <span class='ocrx_word' id='word_1_527' title='bbox 2922 1827 3148 1880; x_wconf 87' lang='lat' dir='ltr'><strong>tribunal</strong></span> <span class='ocrx_word' id='word_1_528' title='bbox 3177 1826 3338 1880; x_wconf 90' lang='lat' dir='ltr'><strong>habet</strong></span> <span class='ocrx_word' id='word_1_529' title='bbox 3367 1842 3466 1896; x_wconf 91' lang='lat' dir='ltr'><strong>pro</strong></span> 
     </span>
    </p>
   </div>
   <div class='ocr_carea' id='block_1_81' title="bbox 1887 1911 3462 1980">
    <p class='ocr_par' dir='ltr' id='par_1_81' title="bbox 1887 1911 3462 1980">
     <span class='ocr_line' id='line_1_81' title="bbox 1887 1911 3462 1980; baseline 0.003 -14"><span class='ocrx_word' id='word_1_530' title='bbox 1887 1912 2077 1966; x_wconf 90' lang='lat' dir='ltr'><strong>nihilo.</strong></span> <span class='ocrx_word' id='word_1_531' title='bbox 2123 1911 2234 1966; x_wconf 90' lang='lat' dir='ltr'><strong>Nec</strong></span> <span class='ocrx_word' id='word_1_532' title='bbox 2275 1922 2477 1966; x_wconf 90' lang='lat' dir='ltr'><strong>tantum</strong></span> <span class='ocrx_word' id='word_1_533' title='bbox 2527 1914 2818 1969; x_wconf 87' lang='lat' dir='ltr'><strong>adversarii</strong></span> <span class='ocrx_word' id='word_1_534' title='bbox 2857 1925 3042 1969; x_wconf 90' lang='lat' dir='ltr'><strong>contra</strong></span> <span class='ocrx_word' id='word_1_535' title='bbox 3090 1915 3272 1970; x_wconf 88' lang='lat' dir='ltr'><strong>hostes</strong></span> <span class='ocrx_word' id='word_1_536' title='bbox 3315 1931 3462 1980; x_wconf 91' lang='lat' dir='ltr'><strong>suos,</strong></span> 
     </span>
    </p>
   </div>
   <div class='ocr_carea' id='block_1_82' title="bbox 1887 1995 3464 2071">
    <p class='ocr_par' dir='ltr' id='par_1_82' title="bbox 1887 1995 3464 2071">
     <span class='ocr_line' id='line_1_82' title="bbox 1887 1995 3464 2071; baseline 0.003 -16"><span class='ocrx_word' id='word_1_537' title='bbox 1887 2011 2142 2071; x_wconf 89' lang='lat' dir='ltr'><strong>quantum</strong></span> <span class='ocrx_word' id='word_1_538' title='bbox 2184 2002 2382 2056; x_wconf 67' lang='lat' dir='ltr'><strong>divitiae</strong></span> <span class='ocrx_word' id='word_1_539' title='bbox 2425 2014 2609 2057; x_wconf 91' lang='lat' dir='ltr'><strong>contra</strong></span> <span class='ocrx_word' id='word_1_540' title='bbox 2649 2005 2870 2059; x_wconf 83' lang='lat' dir='ltr'><strong>virtutes</strong></span> <span class='ocrx_word' id='word_1_541' title='bbox 2913 1995 3190 2070; x_wconf 86' lang='lat' dir='ltr'><strong>dimicant,</strong></span> <span class='ocrx_word' id='word_1_542' title='bbox 3239 2007 3340 2060; x_wconf 91' lang='lat' dir='ltr'><strong>nisi</strong></span> <span class='ocrx_word' id='word_1_543' title='bbox 3376 2023 3464 2060; x_wconf 89' lang='lat' dir='ltr'><strong>ra-</strong></span> 
     </span>
    </p>
   </div>
   <div class='ocr_carea' id='block_1_83' title="bbox 1887 2095 3461 2166">
    <p class='ocr_par' dir='ltr' id='par_1_83' title="bbox 1887 2095 3461 2166">
     <span class='ocr_line' id='line_1_83' title="bbox 1887 2095 3461 2166; baseline 0.002 -18"><span class='ocrx_word' id='word_1_544' title='bbox 1887 2095 2052 2160; x_wconf 87' lang='lat' dir='ltr'><strong>tione,</strong></span> <span class='ocrx_word' id='word_1_545' title='bbox 2079 2103 2134 2149; x_wconf 91' lang='lat' dir='ltr'><strong>et</strong></span> <span class='ocrx_word' id='word_1_546' title='bbox 2162 2095 2212 2149; x_wconf 90' lang='lat' dir='ltr'><strong>in</strong></span> <span class='ocrx_word' id='word_1_547' title='bbox 2241 2097 2511 2163; x_wconf 83' lang='lat' dir='ltr'><strong>proximos</strong></span> <span class='ocrx_word' id='word_1_548' title='bbox 2542 2096 2907 2150; x_wconf 90' lang='lat' dir='ltr'><strong>misericordia</strong></span> <span class='ocrx_word' id='word_1_549' title='bbox 2950 2106 3333 2166; x_wconf 89' lang='lat' dir='ltr'><strong>temperentur.</strong></span> <span class='ocrx_word' id='word_1_550' title='bbox 3368 2099 3461 2151; x_wconf 76' lang='lat' dir='ltr'><strong>Ha:</strong></span> 
     </span>
    </p>
   </div>
   <div class='ocr_carea' id='block_1_84' title="bbox 1886 2185 3462 2255">
    <p class='ocr_par' dir='ltr' id='par_1_84' title="bbox 1886 2185 3462 2255">
     <span class='ocr_line' id='line_1_84' title="bbox 1886 2185 3462 2255; baseline 0.003 -16"><span class='ocrx_word' id='word_1_551' title='bbox 1886 2186 1938 2239; x_wconf 90' lang='lat' dir='ltr'><strong>in</strong></span> <span class='ocrx_word' id='word_1_552' title='bbox 1967 2186 2187 2241; x_wconf 85' lang='lat' dir='ltr'><strong>urbibus</strong></span> <span class='ocrx_word' id='word_1_553' title='bbox 2214 2186 2476 2240; x_wconf 92' lang='lat' dir='ltr'><strong>nobilitati</strong></span> <span class='ocrx_word' id='word_1_554' title='bbox 2521 2185 2895 2255; x_wconf 64' lang='lat' dir='ltr'><strong>praeferuntur,</strong></span> <span class='ocrx_word' id='word_1_555' title='bbox 2929 2188 3010 2241; x_wconf 78' lang='lat' dir='ltr'><strong>ha:</strong></span> <span class='ocrx_word' id='word_1_556' title='bbox 3047 2189 3197 2242; x_wconf 87' lang='lat' dir='ltr'><strong>novis</strong></span> <span class='ocrx_word' id='word_1_557' title='bbox 3228 2189 3462 2243; x_wconf 89' lang='lat' dir='ltr'><strong>homini-</strong></span> 
     </span>
    </p>
   </div>
   <div class='ocr_carea' id='block_1_85' title="bbox 1885 2277 3461 2348">
    <p class='ocr_par' dir='ltr' id='par_1_85' title="bbox 1885 2277 3461 2348">
     <span class='ocr_line' id='line_1_85' title="bbox 1885 2277 3461 2348; baseline 0.001 -16"><span class='ocrx_word' id='word_1_558' title='bbox 1885 2278 1984 2332; x_wconf 90' lang='lat' dir='ltr'><strong>bus</strong></span> <span class='ocrx_word' id='word_1_559' title='bbox 2010 2279 2279 2347; x_wconf 89' lang='lat' dir='ltr'><strong>antiquam</strong></span> <span class='ocrx_word' id='word_1_560' title='bbox 2304 2277 2506 2331; x_wconf 87' lang='lat' dir='ltr'><strong>donant</strong></span> <span class='ocrx_word' id='word_1_561' title='bbox 2531 2277 2807 2332; x_wconf 89' lang='lat' dir='ltr'><strong>familiam.</strong></span> <span class='ocrx_word' id='word_1_562' title='bbox 2850 2278 3122 2348; x_wconf 86' lang='lat' dir='ltr'><strong>Nunquam</strong></span> <span class='ocrx_word' id='word_1_563' title='bbox 3157 2279 3461 2333; x_wconf 89' lang='lat' dir='ltr'><strong>divitiarum</strong></span> 
     </span>
    </p>
   </div>
   <div class='ocr_carea' id='block_1_86' title="bbox 1883 2368 3457 2438">
    <p class='ocr_par' dir='ltr' id='par_1_86' title="bbox 1883 2368 3457 2438">
     <span class='ocr_line' id='line_1_86' title="bbox 1883 2368 3457 2438; baseline 0.001 -15"><span class='ocrx_word' id='word_1_564' title='bbox 1883 2368 2206 2423; x_wconf 85' lang='lat' dir='ltr'><strong>desiderium</strong></span> <span class='ocrx_word' id='word_1_565' title='bbox 2238 2370 2360 2422; x_wconf 91' lang='lat' dir='ltr'><strong>ullis</strong></span> <span class='ocrx_word' id='word_1_566' title='bbox 2380 2369 2583 2423; x_wconf 85' lang='lat' dir='ltr'><strong>divitiis</strong></span> <span class='ocrx_word' id='word_1_567' title='bbox 2609 2369 2791 2423; x_wconf 85' lang='lat' dir='ltr'><strong>satiari</strong></span> <span class='ocrx_word' id='word_1_568' title='bbox 2822 2379 3021 2437; x_wconf 89' lang='lat' dir='ltr'><strong>potest.</strong></span> <span class='ocrx_word' id='word_1_569' title='bbox 3063 2369 3196 2438; x_wconf 85' lang='lat' dir='ltr'><strong>Eget</strong></span> <span class='ocrx_word' id='word_1_570' title='bbox 3224 2384 3457 2438; x_wconf 90' lang='lat' dir='ltr'><strong>semper,</strong></span> 
     </span>
    </p>
   </div>
   <div class='ocr_carea' id='block_1_87' title="bbox 1883 2457 3457 2530">
    <p class='ocr_par' dir='ltr' id='par_1_87' title="bbox 1883 2457 3457 2530">
     <span class='ocr_line' id='line_1_87' title="bbox 1883 2457 3457 2530; baseline 0.001 -18"><span class='ocrx_word' id='word_1_571' title='bbox 1883 2460 1977 2529; x_wconf 89' lang='lat' dir='ltr'><strong>qui</strong></span> <span class='ocrx_word' id='word_1_572' title='bbox 2011 2474 2206 2514; x_wconf 87' lang='lat' dir='ltr'><strong>avarus</strong></span> <span class='ocrx_word' id='word_1_573' title='bbox 2249 2469 2372 2513; x_wconf 89' lang='lat' dir='ltr'><strong>est:</strong></span> <span class='ocrx_word' id='word_1_574' title='bbox 2405 2460 2576 2512; x_wconf 88' lang='lat' dir='ltr'><strong>nescit</strong></span> <span class='ocrx_word' id='word_1_575' title='bbox 2621 2457 2700 2530; x_wconf 70' lang='grc' dir='ltr'><strong>(ά)</strong></span> <span class='ocrx_word' id='word_1_576' title='bbox 2739 2473 3065 2520; x_wconf 91' lang='lat' dir='ltr'><strong>mensuram,</strong></span> <span class='ocrx_word' id='word_1_577' title='bbox 3122 2461 3205 2512; x_wconf 90' lang='lat' dir='ltr'><strong>cui</strong></span> <span class='ocrx_word' id='word_1_578' title='bbox 3254 2471 3457 2514; x_wconf 86' lang='lat' dir='ltr'><strong>tantum</strong></span> 
     </span>
    </p>
   </div>
   <div class='ocr_carea' id='block_1_88' title="bbox 1882 2547 3460 2619">
    <p class='ocr_par' dir='ltr' id='par_1_88' title="bbox 1882 2547 3460 2619">
     <span class='ocr_line' id='line_1_88' title="bbox 1882 2547 3460 2619; baseline 0.001 -17"><span class='ocrx_word' id='word_1_579' title='bbox 1882 2551 2032 2603; x_wconf 86' lang='lat' dir='ltr'><strong>deest</strong></span> <span class='ocrx_word' id='word_1_580' title='bbox 2059 2548 2200 2619; x_wconf 90' lang='lat' dir='ltr'><strong>quod</strong></span> <span class='ocrx_word' id='word_1_581' title='bbox 2234 2548 2416 2612; x_wconf 90' lang='lat' dir='ltr'><strong>habet,</strong></span> <span class='ocrx_word' id='word_1_582' title='bbox 2445 2556 2702 2617; x_wconf 90' lang='lat' dir='ltr'><strong>quantum</strong></span> <span class='ocrx_word' id='word_1_583' title='bbox 2726 2547 2866 2616; x_wconf 89' lang='lat' dir='ltr'><strong>quod</strong></span> <span class='ocrx_word' id='word_1_584' title='bbox 2890 2563 2993 2601; x_wconf 91' lang='lat' dir='ltr'><strong>non</strong></span> <span class='ocrx_word' id='word_1_585' title='bbox 3018 2548 3198 2603; x_wconf 90' lang='lat' dir='ltr'><strong>habet.</strong></span> <span class='ocrx_word' id='word_1_586' title='bbox 3218 2549 3460 2604; x_wconf 88' lang='lat' dir='ltr'><strong>lufernus</strong></span> 
     </span>
    </p>
   </div>
   <div class='ocr_carea' id='block_1_89' title="bbox 1881 2638 3459 2710">
    <p class='ocr_par' dir='ltr' id='par_1_89' title="bbox 1881 2638 3459 2710">
     <span class='ocr_line' id='line_1_89' title="bbox 1881 2638 3459 2710; baseline 0.003 -18"><span class='ocrx_word' id='word_1_587' title='bbox 1881 2640 2109 2693; x_wconf 90' lang='lat' dir='ltr'><strong>mortuis</strong></span> <span class='ocrx_word' id='word_1_588' title='bbox 2141 2654 2244 2692; x_wconf 92' lang='lat' dir='ltr'><strong>non</strong></span> <span class='ocrx_word' id='word_1_589' title='bbox 2284 2639 2527 2706; x_wconf 81' lang='lat' dir='ltr'><strong>expletur</strong></span> <span class='ocrx_word' id='word_1_590' title='bbox 2560 2656 2574 2692; x_wconf 90' lang='lat'><strong>:</strong></span> <span class='ocrx_word' id='word_1_591' title='bbox 2603 2638 2699 2692; x_wconf 90' lang='lat' dir='ltr'><strong>sed</strong></span> <span class='ocrx_word' id='word_1_592' title='bbox 2744 2646 2946 2708; x_wconf 86' lang='lat' dir='ltr'><strong>quanto</strong></span> <span class='ocrx_word' id='word_1_593' title='bbox 2987 2639 3164 2708; x_wconf 89' lang='lat' dir='ltr'><strong>plures</strong></span> <span class='ocrx_word' id='word_1_594' title='bbox 3203 2655 3459 2710; x_wconf 84' lang='lat' dir='ltr'><strong>suscepe-</strong></span> 
     </span>
    </p>
   </div>
   <div class='ocr_carea' id='block_1_90' title="bbox 1880 2727 3461 2798">
    <p class='ocr_par' dir='ltr' id='par_1_90' title="bbox 1880 2727 3461 2798">
     <span class='ocr_line' id='line_1_90' title="bbox 1880 2727 3461 2798; baseline 0.001 -15"><span class='ocrx_word' id='word_1_595' title='bbox 1880 2730 1969 2794; x_wconf 87' lang='lat' dir='ltr'><strong>rit,</strong></span> <span class='ocrx_word' id='word_1_596' title='bbox 2001 2737 2148 2783; x_wconf 88' lang='lat' dir='ltr'><strong>tanto</strong></span> <span class='ocrx_word' id='word_1_597' title='bbox 2176 2729 2355 2798; x_wconf 91' lang='lat' dir='ltr'><strong>plures</strong></span> <span class='ocrx_word' id='word_1_598' title='bbox 2391 2727 2682 2782; x_wconf 88' lang='lat' dir='ltr'><strong>desiderat.</strong></span> <span class='ocrx_word' id='word_1_599' title='bbox 2720 2727 2960 2781; x_wconf 83' lang='lat' dir='ltr'><strong>Imitatur</strong></span> <span class='ocrx_word' id='word_1_600' title='bbox 2987 2744 3112 2796; x_wconf 80' lang='lat' dir='ltr'><strong>ergo</strong></span> <span class='ocrx_word' id='word_1_601' title='bbox 3139 2745 3260 2783; x_wconf 90' lang='lat' dir='ltr'><strong>cum</strong></span> <span class='ocrx_word' id='word_1_602' title='bbox 3287 2733 3461 2785; x_wconf 84' lang='lat' dir='ltr'><strong>avari-</strong></span> 
     </span>
    </p>
   </div>
   <div class='ocr_carea' id='block_1_91' title="bbox 1881 2816 3457 2888">
    <p class='ocr_par' dir='ltr' id='par_1_91' title="bbox 1881 2816 3457 2888">
     <span class='ocr_line' id='line_1_91' title="bbox 1881 2816 3457 2888; baseline 0 -14"><span class='ocrx_word' id='word_1_603' title='bbox 1881 2822 1972 2885; x_wconf 88' lang='lat' dir='ltr'><strong>tia,</strong></span> <span class='ocrx_word' id='word_1_604' title='bbox 2005 2834 2104 2874; x_wconf 90' lang='lat' dir='ltr'><strong>nec</strong></span> <span class='ocrx_word' id='word_1_605' title='bbox 2133 2819 2309 2873; x_wconf 86' lang='lat' dir='ltr'><strong>satiari</strong></span> <span class='ocrx_word' id='word_1_606' title='bbox 2347 2827 2541 2887; x_wconf 90' lang='lat' dir='ltr'><strong>potest,</strong></span> <span class='ocrx_word' id='word_1_607' title='bbox 2589 2816 2682 2871; x_wconf 90' lang='lat' dir='ltr'><strong>sed</strong></span> <span class='ocrx_word' id='word_1_608' title='bbox 2735 2817 2983 2886; x_wconf 89' lang='lat' dir='ltr'><strong>quicquid</strong></span> <span class='ocrx_word' id='word_1_609' title='bbox 3030 2817 3294 2884; x_wconf 88' lang='lat' dir='ltr'><strong>habuerit,</strong></span> <span class='ocrx_word' id='word_1_610' title='bbox 3339 2822 3457 2888; x_wconf 87' lang='lat' dir='ltr'><strong>plus</strong></span> 
     </span>
    </p>
   </div>
   <div class='ocr_carea' id='block_1_92' title="bbox 1880 2906 3456 2978">
    <p class='ocr_par' dir='ltr' id='par_1_92' title="bbox 1880 2906 3456 2978">
     <span class='ocr_line' id='line_1_92' title="bbox 1880 2906 3456 2978; baseline -0.001 -14"><span class='ocrx_word' id='word_1_611' title='bbox 1880 2909 2120 2976; x_wconf 88' lang='lat' dir='ltr'><strong>requiret</strong></span> <span class='ocrx_word' id='word_1_612' title='bbox 2149 2925 2162 2960; x_wconf 88' lang='lat'><strong>:</strong></span> <span class='ocrx_word' id='word_1_613' title='bbox 2193 2909 2371 2962; x_wconf 90' lang='lat' dir='ltr'><strong>minus</strong></span> <span class='ocrx_word' id='word_1_614' title='bbox 2414 2915 2563 2972; x_wconf 89' lang='lat' dir='ltr'><strong>putat</strong></span> <span class='ocrx_word' id='word_1_615' title='bbox 2587 2906 2653 2960; x_wconf 90' lang='lat' dir='ltr'><strong>ab</strong></span> <span class='ocrx_word' id='word_1_616' title='bbox 2681 2922 2749 2961; x_wconf 91' lang='lat' dir='ltr'><strong>eo</strong></span> <span class='ocrx_word' id='word_1_617' title='bbox 2775 2906 2914 2974; x_wconf 88' lang='lat' dir='ltr'><strong>quod</strong></span> <span class='ocrx_word' id='word_1_618' title='bbox 2956 2908 3100 2974; x_wconf 84' lang='lat' dir='ltr'><strong>cupit</strong></span> <span class='ocrx_word' id='word_1_619' title='bbox 3127 2922 3286 2963; x_wconf 90' lang='lat' dir='ltr'><strong>omne</strong></span> <span class='ocrx_word' id='word_1_620' title='bbox 3316 2911 3456 2978; x_wconf 89' lang='lat' dir='ltr'><strong>quod</strong></span> 
     </span>
    </p>
   </div>
   <div class='ocr_carea' id='block_1_93' title="bbox 1880 2997 3455 3070">
    <p class='ocr_par' dir='ltr' id='par_1_93' title="bbox 1880 2997 3455 3070">
     <span class='ocr_line' id='line_1_93' title="bbox 1880 2997 3455 3070; baseline 0.001 -18"><span class='ocrx_word' id='word_1_621' title='bbox 1880 3000 2133 3070; x_wconf 88' lang='lat' dir='ltr'><strong>possidet.</strong></span> <span class='ocrx_word' id='word_1_622' title='bbox 2164 3013 2378 3064; x_wconf 85' lang='lat' dir='ltr'><strong>semper</strong></span> <span class='ocrx_word' id='word_1_623' title='bbox 2410 2998 2694 3061; x_wconf 87' lang='lat' dir='ltr'><strong>immensa,</strong></span> <span class='ocrx_word' id='word_1_624' title='bbox 2722 3011 2939 3064; x_wconf 89' lang='lat' dir='ltr'><strong>semper</strong></span> <span class='ocrx_word' id='word_1_625' title='bbox 2966 2997 3270 3061; x_wconf 87' lang='lat' dir='ltr'><strong>immodica,</strong></span> <span class='ocrx_word' id='word_1_626' title='bbox 3299 3001 3455 3053; x_wconf 87' lang='lat' dir='ltr'><strong>ardo-</strong></span> 
     </span>
    </p>
   </div>
   <div class='ocr_carea' id='block_1_94' title="bbox 1881 3087 3452 3160">
    <p class='ocr_par' dir='ltr' id='par_1_94' title="bbox 1881 3087 3452 3160">
     <span class='ocr_line' id='line_1_94' title="bbox 1881 3087 3452 3160; baseline 0.003 -17"><span class='ocrx_word' id='word_1_627' title='bbox 1881 3106 1993 3144; x_wconf 78' lang='lat' dir='ltr'><strong>rem</strong></span> <span class='ocrx_word' id='word_1_628' title='bbox 2042 3090 2338 3157; x_wconf 87' lang='lat' dir='ltr'><strong>peccatoris</strong></span> <span class='ocrx_word' id='word_1_629' title='bbox 2368 3103 2529 3155; x_wconf 87' lang='lat' dir='ltr'><strong>opum</strong></span> <span class='ocrx_word' id='word_1_630' title='bbox 2565 3087 2926 3156; x_wconf 83' lang='lat' dir='ltr'><strong>magnitudine</strong></span> <span class='ocrx_word' id='word_1_631' title='bbox 2961 3103 3067 3142; x_wconf 91' lang='lat' dir='ltr'><strong>non</strong></span> <span class='ocrx_word' id='word_1_632' title='bbox 3095 3090 3452 3160; x_wconf 82' lang='lat' dir='ltr'><strong>restinguens,</strong></span> 
     </span>
    </p>
   </div>
   <div class='ocr_carea' id='block_1_95' title="bbox 1879 3177 3452 3252">
    <p class='ocr_par' dir='ltr' id='par_1_95' title="bbox 1879 3177 3452 3252">
     <span class='ocr_line' id='line_1_95' title="bbox 1879 3177 3452 3252; baseline 0.001 -17"><span class='ocrx_word' id='word_1_633' title='bbox 1879 3183 1931 3235; x_wconf 91' lang='lat' dir='ltr'><strong>in</strong></span> <span class='ocrx_word' id='word_1_634' title='bbox 1959 3181 2214 3234; x_wconf 88' lang='lat' dir='ltr'><strong>conviviis</strong></span> <span class='ocrx_word' id='word_1_635' title='bbox 2243 3194 2347 3232; x_wconf 92' lang='lat' dir='ltr'><strong>non</strong></span> <span class='ocrx_word' id='word_1_636' title='bbox 2374 3179 2522 3232; x_wconf 90' lang='lat' dir='ltr'><strong>cibos</strong></span> <span class='ocrx_word' id='word_1_637' title='bbox 2554 3193 2745 3233; x_wconf 87' lang='lat' dir='ltr'><strong>vorans</strong></span> <span class='ocrx_word' id='word_1_638' title='bbox 2772 3177 2863 3250; x_wconf 82' lang='lat' dir='ltr'><strong>[aL</strong></span> <span class='ocrx_word' id='word_1_639' title='bbox 2899 3178 3083 3252; x_wconf 80' lang='lat' dir='ltr'><strong>vorat],</strong></span> <span class='ocrx_word' id='word_1_640' title='bbox 3114 3181 3206 3234; x_wconf 88' lang='lat' dir='ltr'><strong>sed</strong></span> <span class='ocrx_word' id='word_1_641' title='bbox 3241 3182 3452 3251; x_wconf 88' lang='lat' dir='ltr'><strong>injusti-</strong></span> 
     </span>
    </p>
   </div>
   <div class='ocr_carea' id='block_1_96' title="bbox 1880 3270 3457 3344">
    <p class='ocr_par' dir='ltr' id='par_1_96' title="bbox 1880 3270 3457 3344">
     <span class='ocr_line' id='line_1_96' title="bbox 1880 3270 3457 3344; baseline 0.003 -20"><span class='ocrx_word' id='word_1_642' title='bbox 1880 3272 2005 3324; x_wconf 90' lang='lat' dir='ltr'><strong>tiam</strong></span> <span class='ocrx_word' id='word_1_643' title='bbox 2042 3289 2054 3323; x_wconf 92' lang='lat'><strong>:</strong></span> <span class='ocrx_word' id='word_1_644' title='bbox 2089 3271 2139 3324; x_wconf 92' lang='lat' dir='ltr'><strong>in</strong></span> <span class='ocrx_word' id='word_1_645' title='bbox 2175 3270 2392 3341; x_wconf 75' lang='lat' dir='ltr'><strong>iudiciis</strong></span> <span class='ocrx_word' id='word_1_646' title='bbox 2432 3270 2604 3339; x_wconf 89' lang='lat' dir='ltr'><strong>jurgia</strong></span> <span class='ocrx_word' id='word_1_647' title='bbox 2652 3271 2883 3325; x_wconf 88' lang='lat' dir='ltr'><strong>miscens</strong></span> <span class='ocrx_word' id='word_1_648' title='bbox 2923 3270 3012 3342; x_wconf 86' lang='lat' dir='ltr'><strong>[aL</strong></span> <span class='ocrx_word' id='word_1_649' title='bbox 3047 3273 3259 3344; x_wconf 80' lang='lat' dir='ltr'><strong>miscet],</strong></span> <span class='ocrx_word' id='word_1_650' title='bbox 3297 3282 3457 3343; x_wconf 90' lang='lat' dir='ltr'><strong>atque</strong></span> 
     </span>
    </p>
   </div>
   <div class='ocr_carea' id='block_1_97' title="bbox 1877 3360 3458 3429">
    <p class='ocr_par' dir='ltr' id='par_1_97' title="bbox 1877 3360 3458 3429">
     <span class='ocr_line' id='line_1_97' title="bbox 1877 3360 3458 3429; baseline 0.001 -13"><span class='ocrx_word' id='word_1_651' title='bbox 1877 3361 2190 3426; x_wconf 90' lang='lat' dir='ltr'><strong>discordias,</strong></span> <span class='ocrx_word' id='word_1_652' title='bbox 2219 3360 2474 3414; x_wconf 85' lang='lat' dir='ltr'><strong>invidiam</strong></span> <span class='ocrx_word' id='word_1_653' title='bbox 2511 3360 2760 3428; x_wconf 90' lang='lat' dir='ltr'><strong>parturit,</strong></span> <span class='ocrx_word' id='word_1_654' title='bbox 2803 3376 3081 3429; x_wconf 88' lang='lat' dir='ltr'><strong>perquam</strong></span> <span class='ocrx_word' id='word_1_655' title='bbox 3125 3362 3191 3415; x_wconf 87' lang='lat' dir='ltr'><strong>ad</strong></span> <span class='ocrx_word' id='word_1_656' title='bbox 3233 3364 3458 3418; x_wconf 64' lang='lat' dir='ltr'><strong>homicio</strong></span> 
     </span>
    </p>
   </div>
   <div class='ocr_carea' id='block_1_98' title="bbox 1876 3453 3454 3525">
    <p class='ocr_par' dir='ltr' id='par_1_98' title="bbox 1876 3453 3454 3525">
     <span class='ocr_line' id='line_1_98' title="bbox 1876 3453 3454 3525; baseline 0.002 -18"><span class='ocrx_word' id='word_1_657' title='bbox 1876 3453 2020 3507; x_wconf 84' lang='lat' dir='ltr'><strong>dium</strong></span> <span class='ocrx_word' id='word_1_658' title='bbox 2050 3453 2356 3521; x_wconf 78' lang='lat' dir='ltr'><strong>pervenitur</strong></span> <span class='ocrx_word' id='word_1_659' title='bbox 2384 3469 2396 3504; x_wconf 88' lang='lat'><em>:</em></span> <span class='ocrx_word' id='word_1_660' title='bbox 2423 3468 2528 3505; x_wconf 91' lang='lat' dir='ltr'><strong>non</strong></span> <span class='ocrx_word' id='word_1_661' title='bbox 2561 3461 2641 3505; x_wconf 89' lang='lat' dir='ltr'><strong>est</strong></span> <span class='ocrx_word' id='word_1_662' title='bbox 2668 3466 2888 3520; x_wconf 89' lang='lat' dir='ltr'><strong>compos</strong></span> <span class='ocrx_word' id='word_1_663' title='bbox 2915 3455 3129 3519; x_wconf 90' lang='lat' dir='ltr'><strong>mentis,</strong></span> <span class='ocrx_word' id='word_1_664' title='bbox 3167 3454 3261 3509; x_wconf 88' lang='lat' dir='ltr'><strong>sed</strong></span> <span class='ocrx_word' id='word_1_665' title='bbox 3304 3459 3454 3525; x_wconf 86' lang='lat' dir='ltr'><strong>quasi</strong></span> 
     </span>
    </p>
   </div>
   <div class='ocr_carea' id='block_1_99' title="bbox 1876 3543 3478 3611">
    <p class='ocr_par' dir='ltr' id='par_1_99' title="bbox 1876 3543 3478 3611">
     <span class='ocr_line' id='line_1_99' title="bbox 1876 3543 3478 3611; baseline 0.001 -12"><span class='ocrx_word' id='word_1_666' title='bbox 1876 3545 2022 3599; x_wconf 89' lang='lat' dir='ltr'><strong>ebria</strong></span> <span class='ocrx_word' id='word_1_667' title='bbox 2058 3545 2296 3610; x_wconf 87' lang='lat' dir='ltr'><strong>ﬂuctuat,</strong></span> <span class='ocrx_word' id='word_1_668' title='bbox 2333 3559 2492 3598; x_wconf 89' lang='lat' dir='ltr'><strong>unam</strong></span> <span class='ocrx_word' id='word_1_669' title='bbox 2526 3543 2728 3598; x_wconf 88' lang='lat' dir='ltr'><strong>habens</strong></span> <span class='ocrx_word' id='word_1_670' title='bbox 2758 3558 3087 3611; x_wconf 87' lang='lat' dir='ltr'><strong>mensuram,</strong></span> <span class='ocrx_word' id='word_1_671' title='bbox 3127 3554 3275 3600; x_wconf 90' lang='lat' dir='ltr'><strong>extra</strong></span> <span class='ocrx_word' id='word_1_672' title='bbox 3305 3555 3478 3601; x_wconf 79' lang='lat' dir='ltr'><strong>men-&#39;</strong></span> 
     </span>
    </p>
   </div>
   <div class='ocr_carea' id='block_1_100' title="bbox 1876 3633 3452 3704">
    <p class='ocr_par' dir='ltr' id='par_1_100' title="bbox 1876 3633 3452 3704">
     <span class='ocr_line' id='line_1_100' title="bbox 1876 3633 3452 3704; baseline 0 -14"><span class='ocrx_word' id='word_1_673' title='bbox 1876 3651 2054 3690; x_wconf 88' lang='lat' dir='ltr'><strong>suram</strong></span> <span class='ocrx_word' id='word_1_674' title='bbox 2101 3650 2317 3704; x_wconf 90' lang='lat' dir='ltr'><strong>semper</strong></span> <span class='ocrx_word' id='word_1_675' title='bbox 2347 3634 2638 3703; x_wconf 89' lang='lat' dir='ltr'><strong>inquirere.</strong></span> <span class='ocrx_word' id='word_1_676' title='bbox 2676 3633 2820 3689; x_wconf 84' lang='lat' dir='ltr'><strong>Mare</strong></span> <span class='ocrx_word' id='word_1_677' title='bbox 2865 3635 3138 3690; x_wconf 90' lang='lat' dir='ltr'><strong>littoribus</strong></span> <span class='ocrx_word' id='word_1_678' title='bbox 3171 3637 3452 3703; x_wconf 85' lang='lat' dir='ltr'><strong>clauditur,</strong></span> 
     </span>
    </p>
   </div>
   <div class='ocr_carea' id='block_1_101' title="bbox 1876 3725 3460 3789">
    <p class='ocr_par' dir='ltr' id='par_1_101' title="bbox 1876 3725 3460 3789">
     <span class='ocr_line' id='line_1_101' title="bbox 1876 3725 3460 3789; baseline 0.003 -9"><span class='ocrx_word' id='word_1_679' title='bbox 1876 3735 1931 3780; x_wconf 91' lang='lat' dir='ltr'><strong>et</strong></span> <span class='ocrx_word' id='word_1_680' title='bbox 1972 3727 2252 3780; x_wconf 87' lang='lat' dir='ltr'><strong>venientes</strong></span> <span class='ocrx_word' id='word_1_681' title='bbox 2292 3740 2358 3778; x_wconf 88' lang='lat' dir='ltr'><strong>ex</strong></span> <span class='ocrx_word' id='word_1_682' title='bbox 2402 3726 2512 3778; x_wconf 89' lang='lat' dir='ltr'><strong>alto</strong></span> <span class='ocrx_word' id='word_1_683' title='bbox 2538 3725 2752 3789; x_wconf 88' lang='lat' dir='ltr'><strong>ﬂuctus,</strong></span> <span class='ocrx_word' id='word_1_684' title='bbox 2788 3736 2842 3778; x_wconf 88' lang='lat' dir='ltr'><strong>et</strong></span> <span class='ocrx_word' id='word_1_685' title='bbox 2867 3727 3071 3781; x_wconf 87' lang='lat' dir='ltr'><strong>rabiem</strong></span> <span class='ocrx_word' id='word_1_686' title='bbox 3109 3728 3460 3784; x_wconf 88' lang='lat' dir='ltr'><strong>immitescen-</strong></span> 
     </span>
    </p>
   </div>
   <div class='ocr_carea' id='block_1_102' title="bbox 1878 3813 3453 3883">
    <p class='ocr_par' dir='ltr' id='par_1_102' title="bbox 1878 3813 3453 3883">
     <span class='ocr_line' id='line_1_102' title="bbox 1878 3813 3453 3883; baseline 0.001 -15"><span class='ocrx_word' id='word_1_687' title='bbox 1878 3815 2006 3869; x_wconf 88' lang='lat' dir='ltr'><strong>tium</strong></span> <span class='ocrx_word' id='word_1_688' title='bbox 2037 3815 2301 3883; x_wconf 87' lang='lat' dir='ltr'><strong>gurgitum</strong></span> <span class='ocrx_word' id='word_1_689' title='bbox 2342 3822 2527 3881; x_wconf 91' lang='lat' dir='ltr'><strong>portus</strong></span> <span class='ocrx_word' id='word_1_690' title='bbox 2562 3813 2643 3866; x_wconf 87' lang='lat' dir='ltr'><strong>vel</strong></span> <span class='ocrx_word' id='word_1_691' title='bbox 2672 3813 2980 3876; x_wconf 83' lang='lat' dir='ltr'><strong>manufacti,</strong></span> <span class='ocrx_word' id='word_1_692' title='bbox 3013 3814 3095 3866; x_wconf 90' lang='lat' dir='ltr'><strong>vel</strong></span> <span class='ocrx_word' id='word_1_693' title='bbox 3134 3823 3317 3868; x_wconf 91' lang='lat' dir='ltr'><strong>natura</strong></span> <span class='ocrx_word' id='word_1_694' title='bbox 3361 3820 3453 3870; x_wconf 82' lang='lat' dir='ltr'><strong>lir-</strong></span> 
     </span>
    </p>
   </div>
   <div class='ocr_carea' id='block_1_103' title="bbox 1877 3902 3535 3972">
    <p class='ocr_par' dir='ltr' id='par_1_103' title="bbox 1877 3902 3535 3972">
     <span class='ocr_line' id='line_1_103' title="bbox 1877 3902 3535 3972; baseline -0.001 -15"><span class='ocrx_word' id='word_1_695' title='bbox 1877 3905 2101 3958; x_wconf 89' lang='lat' dir='ltr'><strong>missimi</strong></span> <span class='ocrx_word' id='word_1_696' title='bbox 2141 3903 2426 3972; x_wconf 87' lang='lat' dir='ltr'><strong>prohibent</strong></span> <span class='ocrx_word' id='word_1_697' title='bbox 2462 3903 2805 3956; x_wconf 81' lang='lat' dir='ltr'><strong>:divitiarum</strong></span> <span class='ocrx_word' id='word_1_698' title='bbox 2850 3902 3176 3969; x_wconf 90' lang='lat' dir='ltr'><strong>cupidinem,</strong></span> <span class='ocrx_word' id='word_1_699' title='bbox 3223 3906 3326 3957; x_wconf 89' lang='lat' dir='ltr'><strong>nisi</strong></span> <span class='ocrx_word' id='word_1_700' title='bbox 3365 3923 3453 3959; x_wconf 85' lang='lat' dir='ltr'><strong>ra-</strong></span> <span class='ocrx_word' id='word_1_701' title='bbox 3517 3926 3535 3936; x_wconf 69' lang='grc' dir='ltr'><strong>ο</strong></span> 
     </span>
    </p>
   </div>
   <div class='ocr_carea' id='block_1_104' title="bbox 1879 3990 3453 4058">
    <p class='ocr_par' dir='ltr' id='par_1_104' title="bbox 1879 3990 3453 4058">
     <span class='ocr_line' id='line_1_104' title="bbox 1879 3990 3453 4058; baseline 0.001 -11"><span class='ocrx_word' id='word_1_702' title='bbox 1879 3995 2024 4047; x_wconf 91' lang='lat' dir='ltr'><strong>tione</strong></span> <span class='ocrx_word' id='word_1_703' title='bbox 2077 3992 2350 4058; x_wconf 88' lang='lat' dir='ltr'><strong>frenetur,</strong></span> <span class='ocrx_word' id='word_1_704' title='bbox 2392 4007 2492 4046; x_wconf 89' lang='lat' dir='ltr'><strong>nec</strong></span> <span class='ocrx_word' id='word_1_705' title='bbox 2542 3990 2821 4044; x_wconf 87' lang='lat' dir='ltr'><strong>consilium</strong></span> <span class='ocrx_word' id='word_1_706' title='bbox 2879 3999 3172 4058; x_wconf 90' lang='lat' dir='ltr'><strong>temperat,</strong></span> <span class='ocrx_word' id='word_1_707' title='bbox 3224 4009 3321 4048; x_wconf 91' lang='lat' dir='ltr'><strong>nec</strong></span> <span class='ocrx_word' id='word_1_708' title='bbox 3367 3996 3453 4049; x_wconf 81' lang='lat' dir='ltr'><strong>lex</strong></span> 
     </span>
    </p>
   </div>
   <div class='ocr_carea' id='block_1_105' title="bbox 1880 4079 3454 4152">
    <p class='ocr_par' dir='ltr' id='par_1_105' title="bbox 1880 4079 3454 4152">
     <span class='ocr_line' id='line_1_105' title="bbox 1880 4079 3454 4152; baseline 0 -13"><span class='ocrx_word' id='word_1_709' title='bbox 1880 4082 2125 4151; x_wconf 84' lang='lat' dir='ltr'><strong>mitigare</strong></span> <span class='ocrx_word' id='word_1_710' title='bbox 2180 4089 2382 4152; x_wconf 91' lang='lat' dir='ltr'><strong>potest,</strong></span> <span class='ocrx_word' id='word_1_711' title='bbox 2432 4095 2536 4135; x_wconf 89' lang='lat' dir='ltr'><strong>nec</strong></span> <span class='ocrx_word' id='word_1_712' title='bbox 2588 4080 2694 4132; x_wconf 90' lang='lat' dir='ltr'><strong>ulla</strong></span> <span class='ocrx_word' id='word_1_713' title='bbox 2747 4081 2906 4132; x_wconf 87' lang='lat' dir='ltr'><strong>satiat</strong></span> <span class='ocrx_word' id='word_1_714' title='bbox 2949 4079 3293 4135; x_wconf 88' lang='lat' dir='ltr'><strong>abundantia.</strong></span> <span class='ocrx_word' id='word_1_715' title='bbox 3339 4083 3454 4140; x_wconf 89' lang='lat' dir='ltr'><strong>Non</strong></span> 
     </span>
    </p>
   </div>
   <div class='ocr_carea' id='block_1_106' title="bbox 1879 4167 3457 4241">
    <p class='ocr_par' dir='ltr' id='par_1_106' title="bbox 1879 4167 3457 4241">
     <span class='ocr_line' id='line_1_106' title="bbox 1879 4167 3457 4241; baseline 0.001 -15"><span class='ocrx_word' id='word_1_716' title='bbox 1879 4171 2167 4236; x_wconf 90' lang='lat' dir='ltr'><strong>erubescit,</strong></span> <span class='ocrx_word' id='word_1_717' title='bbox 2202 4185 2306 4223; x_wconf 92' lang='lat' dir='ltr'><strong>non</strong></span> <span class='ocrx_word' id='word_1_718' title='bbox 2337 4167 2406 4241; x_wconf 92' lang='lat' dir='ltr'><strong>(e)</strong></span> <span class='ocrx_word' id='word_1_719' title='bbox 2447 4169 2680 4223; x_wconf 91' lang='lat' dir='ltr'><strong>futurum</strong></span> <span class='ocrx_word' id='word_1_720' title='bbox 2710 4168 2969 4236; x_wconf 88' lang='lat' dir='ltr'><strong>judicium</strong></span> <span class='ocrx_word' id='word_1_721' title='bbox 2998 4168 3331 4235; x_wconf 89' lang='lat' dir='ltr'><strong>reformidat,</strong></span> <span class='ocrx_word' id='word_1_722' title='bbox 3361 4175 3457 4228; x_wconf 90' lang='lat' dir='ltr'><strong>sed</strong></span> 
     </span>
    </p>
   </div>
   <div class='ocr_carea' id='block_1_107' title="bbox 1879 4259 3456 4333">
    <p class='ocr_par' dir='ltr' id='par_1_107' title="bbox 1879 4259 3456 4333">
     <span class='ocr_line' id='line_1_107' title="bbox 1879 4259 3456 4333; baseline 0 -17"><span class='ocrx_word' id='word_1_723' title='bbox 1879 4260 2148 4316; x_wconf 86' lang='lat' dir='ltr'><strong>desiderio</strong></span> <span class='ocrx_word' id='word_1_724' title='bbox 2178 4261 2296 4329; x_wconf 87' lang='lat' dir='ltr'><strong>plus</strong></span> <span class='ocrx_word' id='word_1_725' title='bbox 2323 4259 2577 4325; x_wconf 90' lang='lat' dir='ltr'><strong>habendi,</strong></span> <span class='ocrx_word' id='word_1_726' title='bbox 2611 4267 2669 4312; x_wconf 89' lang='lat' dir='ltr'><strong>ut</strong></span> <span class='ocrx_word' id='word_1_727' title='bbox 2713 4259 2968 4313; x_wconf 83' lang='lat' dir='ltr'><strong>luxuriosi</strong></span> <span class='ocrx_word' id='word_1_728' title='bbox 3008 4260 3169 4314; x_wconf 90' lang='lat' dir='ltr'><strong>dediti</strong></span> <span class='ocrx_word' id='word_1_729' title='bbox 3209 4263 3456 4333; x_wconf 89' lang='lat' dir='ltr'><strong>volupta-</strong></span> 
     </span>
    </p>
   </div>
   <div class='ocr_carea' id='block_1_108' title="bbox 1879 4351 3460 4421">
    <p class='ocr_par' dir='ltr' id='par_1_108' title="bbox 1879 4351 3460 4421">
     <span class='ocr_line' id='line_1_108' title="bbox 1879 4351 3460 4421; baseline 0.001 -14"><span class='ocrx_word' id='word_1_730' title='bbox 1879 4353 2021 4407; x_wconf 91' lang='lat' dir='ltr'><strong>tibus</strong></span> <span class='ocrx_word' id='word_1_731' title='bbox 2047 4352 2219 4406; x_wconf 89' lang='lat' dir='ltr'><strong>solent</strong></span> <span class='ocrx_word' id='word_1_732' title='bbox 2251 4351 2449 4421; x_wconf 84' lang='lat' dir='ltr'><strong>gestire</strong></span> <span class='ocrx_word' id='word_1_733' title='bbox 2476 4352 2528 4406; x_wconf 90' lang='lat' dir='ltr'><strong>in</strong></span> <span class='ocrx_word' id='word_1_734' title='bbox 2555 4351 2851 4419; x_wconf 80' lang='lat' dir='ltr'><strong>amplexus,</strong></span> <span class='ocrx_word' id='word_1_735' title='bbox 2883 4360 2937 4406; x_wconf 92' lang='lat' dir='ltr'><strong>et</strong></span> <span class='ocrx_word' id='word_1_736' title='bbox 2965 4351 3200 4409; x_wconf 90' lang='lat' dir='ltr'><strong>insanire</strong></span> <span class='ocrx_word' id='word_1_737' title='bbox 3231 4355 3296 4408; x_wconf 87' lang='lat' dir='ltr'><strong>ad</strong></span> <span class='ocrx_word' id='word_1_738' title='bbox 3337 4356 3460 4409; x_wconf 80' lang='lat' dir='ltr'><strong>libi-</strong></span> 
     </span>
    </p>
   </div>
   <div class='ocr_carea' id='block_1_109' title="bbox 1877 4441 3493 4514">
    <p class='ocr_par' dir='ltr' id='par_1_109' title="bbox 1877 4441 3493 4514">
     <span class='ocr_line' id='line_1_109' title="bbox 1877 4441 3493 4514; baseline 0.002 -16"><span class='ocrx_word' id='word_1_739' title='bbox 1877 4443 2091 4507; x_wconf 91' lang='lat' dir='ltr'><strong>dinem,</strong></span> <span class='ocrx_word' id='word_1_740' title='bbox 2142 4443 2212 4497; x_wconf 88' lang='lat' dir='ltr'><strong>ita</strong></span> <span class='ocrx_word' id='word_1_741' title='bbox 2267 4443 2653 4497; x_wconf 90' lang='lat' dir='ltr'><strong>calumniarum</strong></span> <span class='ocrx_word' id='word_1_742' title='bbox 2727 4441 2892 4514; x_wconf 73' lang='lat'><strong>628</strong></span> <span class='ocrx_word' id='word_1_743' title='bbox 2963 4451 3019 4498; x_wconf 91' lang='lat' dir='ltr'><strong>et</strong></span> <span class='ocrx_word' id='word_1_744' title='bbox 3063 4443 3493 4502; x_wconf 83' lang='lat' dir='ltr'><strong>dissensionum&#39;</strong></span> 
     </span>
    </p>
   </div>
   <div class='ocr_carea' id='block_1_110' title="bbox 1878 4531 3456 4601">
    <p class='ocr_par' dir='ltr' id='par_1_110' title="bbox 1878 4531 3456 4601">
     <span class='ocr_line' id='line_1_110' title="bbox 1878 4531 3456 4601; baseline 0.001 -15"><span class='ocrx_word' id='word_1_745' title='bbox 1878 4533 2036 4588; x_wconf 91' lang='lat' dir='ltr'><strong>urbes</strong></span> <span class='ocrx_word' id='word_1_746' title='bbox 2065 4547 2128 4587; x_wconf 89' lang='lat' dir='ltr'><strong>ac</strong></span> <span class='ocrx_word' id='word_1_747' title='bbox 2167 4531 2392 4597; x_wconf 87' lang='lat' dir='ltr'><strong>viculos,</strong></span> <span class='ocrx_word' id='word_1_748' title='bbox 2419 4533 2673 4599; x_wconf 85' lang='lat' dir='ltr'><strong>villasque</strong></span> <span class='ocrx_word' id='word_1_749' title='bbox 2709 4533 2943 4601; x_wconf 85' lang='lat' dir='ltr'><strong>complet</strong></span> <span class='ocrx_word' id='word_1_750' title='bbox 2970 4551 2983 4588; x_wconf 88' lang='lat'><strong>:</strong></span> <span class='ocrx_word' id='word_1_751' title='bbox 3017 4535 3237 4599; x_wconf 89' lang='lat' dir='ltr'><strong>insulas,</strong></span> <span class='ocrx_word' id='word_1_752' title='bbox 3269 4537 3456 4600; x_wconf 85' lang='lat' dir='ltr'><strong>maria,</strong></span> 
     </span>
    </p>
   </div>
   <div class='ocr_carea' id='block_1_111' title="bbox 1881 4623 3462 4695">
    <p class='ocr_par' dir='ltr' id='par_1_111' title="bbox 1881 4623 3462 4695">
     <span class='ocr_line' id='line_1_111' title="bbox 1881 4623 3462 4695; baseline -0.001 -15"><span class='ocrx_word' id='word_1_753' title='bbox 1881 4634 2070 4693; x_wconf 78' lang='lat' dir='ltr'><strong>terras,</strong></span> <span class='ocrx_word' id='word_1_754' title='bbox 2098 4625 2297 4692; x_wconf 91' lang='lat' dir='ltr'><strong>littora,</strong></span> <span class='ocrx_word' id='word_1_755' title='bbox 2331 4625 2464 4692; x_wconf 90' lang='lat' dir='ltr'><strong>vias,</strong></span> <span class='ocrx_word' id='word_1_756' title='bbox 2496 4624 2767 4689; x_wconf 87' lang='lat' dir='ltr'><strong>transitus,</strong></span> <span class='ocrx_word' id='word_1_757' title='bbox 2795 4624 2968 4678; x_wconf 84' lang='lat' dir='ltr'><strong>studia</strong></span> <span class='ocrx_word' id='word_1_758' title='bbox 2989 4623 3058 4695; x_wconf 80' lang='lat' dir='ltr'><strong>(f)</strong></span> <span class='ocrx_word' id='word_1_759' title='bbox 3081 4625 3309 4694; x_wconf 89' lang='lat' dir='ltr'><strong>possidet</strong></span> <span class='ocrx_word' id='word_1_760' title='bbox 3333 4641 3462 4679; x_wconf 87' lang='lat' dir='ltr'><strong>ava-</strong></span> 
     </span>
    </p>
   </div>
   <div class='ocr_carea' id='block_1_112' title="bbox 1947 4751 3458 4822">
    <p class='ocr_par' dir='ltr' id='par_1_112' title="bbox 1947 4751 3458 4822">
     <span class='ocr_line' id='line_1_112' title="bbox 1947 4751 3458 4822; baseline 0 -17"><span class='ocrx_word' id='word_1_761' title='bbox 1947 4752 2010 4822; x_wconf 85' lang='lat' dir='ltr'><strong>(c_)</strong></span> <span class='ocrx_word' id='word_1_762' title='bbox 2048 4755 2108 4805; x_wconf 92' lang='lat' dir='ltr'><strong>In</strong></span> <span class='ocrx_word' id='word_1_763' title='bbox 2137 4756 2570 4822; x_wconf 85' lang='lat' dir='ltr'><strong>eadcm_editione,</strong></span> <span class='ocrx_word' id='word_1_764' title='bbox 2609 4753 2727 4805; x_wconf 88' lang='lat' dir='ltr'><strong>dum</strong></span> <span class='ocrx_word' id='word_1_765' title='bbox 2763 4752 2985 4818; x_wconf 81' lang='lat' dir='ltr'><strong>indignos</strong></span> <span class='ocrx_word' id='word_1_766' title='bbox 3009 4751 3170 4816; x_wconf 79' lang='lat' dir='ltr'><strong>laude,</strong></span> <span class='ocrx_word' id='word_1_767' title='bbox 3196 4760 3280 4804; x_wconf 83' lang='lat' dir='ltr'><strong>aut</strong></span> <span class='ocrx_word' id='word_1_768' title='bbox 3301 4753 3458 4806; x_wconf 82' lang='lat' dir='ltr'><strong>obtre-</strong></span> 
     </span>
    </p>
   </div>
   <div class='ocr_carea' id='block_1_113' title="bbox 1879 4816 2457 4880">
    <p class='ocr_par' dir='ltr' id='par_1_113' title="bbox 1879 4816 2457 4880">
     <span class='ocr_line' id='line_1_113' title="bbox 1879 4816 2457 4880; baseline 0 -14"><span class='ocrx_word' id='word_1_769' title='bbox 1879 4816 2086 4880; x_wconf 65' lang='lat' dir='ltr'><strong>ctatione</strong></span> <span class='ocrx_word' id='word_1_770' title='bbox 2108 4818 2457 4880; x_wconf 76' lang='lat' dir='ltr'><strong>prosequimur.</strong></span> 
     </span>
    </p>
   </div>
   <div class='ocr_carea' id='block_1_114' title="bbox 1943 4875 3458 4941">
    <p class='ocr_par' dir='ltr' id='par_1_114' title="bbox 1943 4875 3458 4941">
     <span class='ocr_line' id='line_1_114' title="bbox 1943 4875 3458 4941; baseline 0.001 -15"><span class='ocrx_word' id='word_1_771' title='bbox 1943 4876 2021 4940; x_wconf 80' lang='grc' dir='ltr'><strong>(ά)</strong></span> <span class='ocrx_word' id='word_1_772' title='bbox 2055 4875 2322 4941; x_wconf 72' lang='lat' dir='ltr'><strong>Perpera&#39;m</strong></span> <span class='ocrx_word' id='word_1_773' title='bbox 2355 4878 2679 4941; x_wconf 71' lang='lat' dir='ltr'><strong>Martianaeus,</strong></span> <span class='ocrx_word' id='word_1_774' title='bbox 2699 4875 2848 4926; x_wconf 84' lang='lat' dir='ltr'><strong>nescit</strong></span> <span class='ocrx_word' id='word_1_775' title='bbox 2873 4882 3202 4941; x_wconf 77' lang='lat' dir='ltr'><strong>_mens_vestra,</strong></span> <span class='ocrx_word' id='word_1_776' title='bbox 3227 4890 3324 4933; x_wconf 87' lang='lat' dir='ltr'><strong>cm.</strong></span> <span class='ocrx_word' id='word_1_777' title='bbox 3360 4885 3458 4927; x_wconf 73' lang='lat' dir='ltr'><strong>etc.</strong></span> 
     </span>
    </p>
   </div>
   <div class='ocr_carea' id='block_1_115' title="bbox 1878 4937 3459 5000">
    <p class='ocr_par' dir='ltr' id='par_1_115' title="bbox 1878 4937 3459 5000">
     <span class='ocr_line' id='line_1_115' title="bbox 1878 4937 3459 5000; baseline -0.001 -12"><span class='ocrx_word' id='word_1_778' title='bbox 1878 4937 2068 5000; x_wconf 72' lang='lat' dir='ltr'><strong>vocem</strong></span> <span class='ocrx_word' id='word_1_779' title='bbox 2104 4937 2406 4996; x_wconf 73' lang='lat' dir='ltr'><strong>mensuram,</strong></span> <span class='ocrx_word' id='word_1_780' title='bbox 2444 4950 2599 5000; x_wconf 63' lang='lat' dir='ltr'><strong>quam</strong></span> <span class='ocrx_word' id='word_1_781' title='bbox 2618 4938 2737 5000; x_wconf 67' lang='lat' dir='ltr'><strong>olim</strong></span> <span class='ocrx_word' id='word_1_782' title='bbox 2773 4950 2845 5000; x_wconf 82' lang='lat' dir='ltr'><strong>ex</strong></span> <span class='ocrx_word' id='word_1_783' title='bbox 2870 4937 3071 5000; x_wconf 79' lang='lat' dir='ltr'><strong>ingenio</strong></span> <span class='ocrx_word' id='word_1_784' title='bbox 3104 4939 3459 4998; x_wconf 85' lang='lat' dir='ltr'><strong>substituimus,</strong></span> 
     </span>
    </p>
   </div>
   <div class='ocr_carea' id='block_1_116' title="bbox 1881 4996 3460 5058">
    <p class='ocr_par' dir='ltr' id='par_1_116' title="bbox 1881 4996 3460 5058">
     <span class='ocr_line' id='line_1_116' title="bbox 1881 4996 3460 5058; baseline 0.001 -10"><span class='ocrx_word' id='word_1_785' title='bbox 1881 4999 2033 5048; x_wconf 88' lang='lat' dir='ltr'><strong>etiam</strong></span> <span class='ocrx_word' id='word_1_786' title='bbox 2075 5000 2126 5046; x_wconf 89' lang='lat' dir='ltr'><strong>in</strong></span> <span class='ocrx_word' id='word_1_787' title='bbox 2150 5001 2308 5058; x_wconf 83' lang='lat' dir='ltr'><strong>veteri</strong></span> <span class='ocrx_word' id='word_1_788' title='bbox 2333 4996 2548 5048; x_wconf 76' lang='lat' dir='ltr'><strong>editione</strong></span> <span class='ocrx_word' id='word_1_789' title='bbox 2567 4997 2627 5046; x_wconf 89' lang='lat' dir='ltr'><strong>B.</strong></span> <span class='ocrx_word' id='word_1_790' title='bbox 2671 4998 2731 5046; x_wconf 88' lang='lat' dir='ltr'><strong>P.</strong></span> <span class='ocrx_word' id='word_1_791' title='bbox 2766 4999 2850 5058; x_wconf 91' lang='lat' dir='ltr'><strong>qui</strong></span> <span class='ocrx_word' id='word_1_792' title='bbox 2875 4996 3000 5046; x_wconf 80' lang='lat' dir='ltr'><strong>liber</strong></span> <span class='ocrx_word' id='word_1_793' title='bbox 3022 5011 3148 5047; x_wconf 89' lang='lat' dir='ltr'><strong>nunc</strong></span> <span class='ocrx_word' id='word_1_794' title='bbox 3178 5000 3373 5048; x_wconf 88' lang='lat' dir='ltr'><strong>minime</strong></span> <span class='ocrx_word' id='word_1_795' title='bbox 3411 4996 3460 5050; x_wconf 83' lang='lat' dir='ltr'><strong>in</strong></span> 
     </span>
    </p>
   </div>
   <div class='ocr_carea' id='block_1_117' title="bbox 1881 5057 3461 5132">
    <p class='ocr_par' dir='ltr' id='par_1_117' title="bbox 1881 5057 3461 5132">
     <span class='ocr_line' id='line_1_117' title="bbox 1881 5057 3461 5132; baseline 0.003 -26"><span class='ocrx_word' id='word_1_796' title='bbox 1881 5066 2106 5132; x_wconf 70' lang='lat' dir='ltr'><strong>prpmptu</strong></span> <span class='ocrx_word' id='word_1_797' title='bbox 2144 5068 2256 5132; x_wconf 57' lang='lat' dir='ltr'><strong>est,</strong></span> <span class='ocrx_word' id='word_1_798' title='bbox 2277 5057 2377 5132; x_wconf 71' lang='lat' dir='ltr'><strong>legi</strong></span> <span class='ocrx_word' id='word_1_799' title='bbox 2411 5057 2860 5132; x_wconf 44' lang='lat' dir='ltr'><strong>ordnam_tinr._l_’orro</strong></span> <span class='ocrx_word' id='word_1_800' title='bbox 2886 5059 3080 5132; x_wconf 49' lang='lat' dir='ltr'><strong>meum</strong></span> <span class='ocrx_word' id='word_1_801' title='bbox 3092 5072 3290 5132; x_wconf 65' lang='lat' dir='ltr'><strong>sensum</strong></span> <span class='ocrx_word' id='word_1_802' title='bbox 3316 5060 3461 5121; x_wconf 56' lang='lat' dir='ltr'><strong>paulo</strong></span> 
     </span>
    </p>
   </div>
   <div class='ocr_carea' id='block_1_118' title="bbox 1881 5117 3460 5184">
    <p class='ocr_par' dir='ltr' id='par_1_118' title="bbox 1881 5117 3460 5184">
     <span class='ocr_line' id='line_1_118' title="bbox 1881 5117 3460 5184; baseline 0.003 -18"><span class='ocrx_word' id='word_1_803' title='bbox 1881 5117 2044 5184; x_wconf 55' lang='lat' dir='ltr'><strong>intra}</strong></span> <span class='ocrx_word' id='word_1_804' title='bbox 2073 5117 2376 5184; x_wconf 52' lang='lat' dir='ltr'><strong>unanrhqbet</strong></span> <span class='ocrx_word' id='word_1_805' title='bbox 2411 5117 2730 5184; x_wconf 50' lang='grc' dir='ltr'><strong>Μξὲεηῃμι</strong></span> <span class='ocrx_word' id='word_1_806' title='bbox 2747 5125 2895 5184; x_wconf 69' lang='lat' dir='ltr'><strong>extra</strong></span> <span class='ocrx_word' id='word_1_807' title='bbox 2926 5126 3248 5184; x_wconf 69' lang='lat' dir='ltr'><strong>MEIy§URAM</strong></span> <span class='ocrx_word' id='word_1_808' title='bbox 3271 5117 3460 5184; x_wconf 75' lang='lat' dir='ltr'><strong>semper</strong></span> 
     </span>
    </p>
   </div>
   <div class='ocr_carea' id='block_1_119' title="bbox 1879 5177 3090 5250">
    <p class='ocr_par' dir='ltr' id='par_1_119' title="bbox 1879 5177 3090 5250">
     <span class='ocr_line' id='line_1_119' title="bbox 1879 5177 3090 5250; baseline -0.002 -21"><span class='ocrx_word' id='word_1_809' title='bbox 1879 5177 2255 5250; x_wconf 53' lang='lat' dir='ltr'><strong>inquirereﬂid.</strong></span> <span class='ocrx_word' id='word_1_810' title='bbox 2281 5177 2434 5250; x_wconf 59' lang='lat' dir='ltr'><strong>Epist.</strong></span> <span class='ocrx_word' id='word_1_811' title='bbox 2642 5177 2828 5227; x_wconf 86' lang='lat' dir='ltr'><strong>Paulin.</strong></span> <span class='ocrx_word' id='word_1_812' title='bbox 2856 5192 2988 5250; x_wconf 72' lang='lat' dir='ltr'><strong>num.</strong></span> <span class='ocrx_word' id='word_1_813' title='bbox 3013 5179 3090 5228; x_wconf 86' lang='grc'><strong>10.</strong></span> 
     </span>
    </p>
   </div>
   <div class='ocr_carea' id='block_1_120' title="bbox 1964 5238 3458 5302">
    <p class='ocr_par' dir='ltr' id='par_1_120' title="bbox 1964 5238 3458 5302">
     <span class='ocr_line' id='line_1_120' title="bbox 1964 5238 3458 5302; baseline 0.003 -16"><span class='ocrx_word' id='word_1_814' title='bbox 1964 5240 2012 5302; x_wconf 80' lang='lat' dir='ltr'><strong>e)</strong></span> <span class='ocrx_word' id='word_1_815' title='bbox 2051 5238 2232 5302; x_wconf 84' lang='lat' dir='ltr'><strong>l_terttm</strong></span> <span class='ocrx_word' id='word_1_816' title='bbox 2256 5238 2429 5302; x_wconf 80' lang='lat' dir='ltr'><strong>vitiose</strong></span> <span class='ocrx_word' id='word_1_817' title='bbox 2453 5238 2776 5302; x_wconf 62' lang='lat' dir='ltr'><strong>Martianazus,</strong></span> <span class='ocrx_word' id='word_1_818' title='bbox 2803 5249 2893 5302; x_wconf 73' lang='lat' dir='ltr'><strong>non</strong></span> <span class='ocrx_word' id='word_1_819' title='bbox 2914 5240 3183 5302; x_wconf 70' lang='lat' dir='ltr'><strong>ﬁtturoriuu</strong></span> <span class='ocrx_word' id='word_1_820' title='bbox 3195 5241 3458 5302; x_wconf 82' lang='lat' dir='ltr'><strong>judicium.</strong></span> 
     </span>
    </p>
   </div>
   <div class='ocr_carea' id='block_1_121' title="bbox 1966 5297 3468 5365">
    <p class='ocr_par' dir='ltr' id='par_1_121' title="bbox 1966 5297 3468 5365">
     <span class='ocr_line' id='line_1_121' title="bbox 1966 5297 3468 5365; baseline 0.003 -19"><span class='ocrx_word' id='word_1_821' title='bbox 1966 5297 2020 5360; x_wconf 70' lang='grc' dir='ltr'><strong>Γ)</strong></span> <span class='ocrx_word' id='word_1_822' title='bbox 2053 5297 2278 5365; x_wconf 69' lang='lat' dir='ltr'><strong>Fecimus</strong></span> <span class='ocrx_word' id='word_1_823' title='bbox 2312 5298 2489 5365; x_wconf 70' lang='lat' dir='ltr'><strong>minori</strong></span> <span class='ocrx_word' id='word_1_824' title='bbox 2505 5311 2732 5365; x_wconf 66' lang='lat' dir='ltr'><strong>numero,</strong></span> <span class='ocrx_word' id='word_1_825' title='bbox 2758 5297 2967 5365; x_wconf 71' lang='lat' dir='ltr'><strong>possidet</strong></span> <span class='ocrx_word' id='word_1_826' title='bbox 2989 5297 3210 5365; x_wconf 64' lang='lat' dir='ltr'><strong>avaritia,</strong></span> <span class='ocrx_word' id='word_1_827' title='bbox 3244 5316 3332 5365; x_wconf 87' lang='lat' dir='ltr'><strong>pro</strong></span> <span class='ocrx_word' id='word_1_828' title='bbox 3365 5317 3468 5364; x_wconf 89' lang='lat' dir='ltr'><strong>quo</strong></span> 
     </span>
    </p>
   </div>
   <div class='ocr_carea' id='block_1_122' title="bbox 1883 5357 3468 5421">
    <p class='ocr_par' dir='ltr' id='par_1_122' title="bbox 1883 5357 3468 5421">
     <span class='ocr_line' id='line_1_122' title="bbox 1883 5357 3468 5421; baseline 0.004 -15"><span class='ocrx_word' id='word_1_829' title='bbox 1883 5357 2030 5421; x_wconf 78' lang='lat' dir='ltr'><strong>vulgo</strong></span> <span class='ocrx_word' id='word_1_830' title='bbox 2053 5357 2311 5421; x_wconf 81' lang='lat' dir='ltr'><strong>legebatur</strong></span> <span class='ocrx_word' id='word_1_831' title='bbox 2334 5358 2385 5406; x_wconf 89' lang='lat' dir='ltr'><strong>in</strong></span> <span class='ocrx_word' id='word_1_832' title='bbox 2413 5358 2573 5421; x_wconf 88' lang='lat' dir='ltr'><strong>editis,</strong></span> <span class='ocrx_word' id='word_1_833' title='bbox 2607 5357 2848 5420; x_wconf 55' lang='lat' dir='ltr'><strong>possident</strong></span> <span class='ocrx_word' id='word_1_834' title='bbox 2883 5360 3118 5412; x_wconf 67' lang='lat' dir='ltr'><strong>avaritia.</strong></span> <span class='ocrx_word' id='word_1_835' title='bbox 3156 5357 3468 5413; x_wconf 66' lang='lat' dir='ltr'><strong>Martiatiaétts</strong></span> 
     </span>
    </p>
   </div>
   <div class='ocr_carea' id='block_1_123' title="bbox 1881 5419 3464 5490">
    <p class='ocr_par' dir='ltr' id='par_1_123' title="bbox 1881 5419 3464 5490">
     <span class='ocr_line' id='line_1_123' title="bbox 1881 5419 3464 5490; baseline 0.004 -22"><span class='ocrx_word' id='word_1_836' title='bbox 1881 5419 2044 5490; x_wconf 73' lang='lat' dir='ltr'><strong>autem</strong></span> <span class='ocrx_word' id='word_1_837' title='bbox 2068 5419 2310 5490; x_wconf 76' lang='lat' dir='ltr'><strong>hﬁpendio</strong></span> <span class='ocrx_word' id='word_1_838' title='bbox 2323 5419 2478 5480; x_wconf 83' lang='lat' dir='ltr'><strong>magis</strong></span> <span class='ocrx_word' id='word_1_839' title='bbox 2499 5419 2686 5490; x_wconf 70' lang='lat' dir='ltr'><strong>peccat,</strong></span> <span class='ocrx_word' id='word_1_840' title='bbox 2706 5421 3368 5490; x_wconf 65' lang='lat' dir='ltr'><strong>intrusa_sq_vo_cula,__d_um_se</strong></span> <span class='ocrx_word' id='word_1_841' title='bbox 3383 5425 3464 5473; x_wconf 83' lang='lat' dir='ltr'><strong>de-</strong></span> 
     </span>
    </p>
   </div>
   <div class='ocr_carea' id='block_1_124' title="bbox 1881 5479 3463 5552">
    <p class='ocr_par' dir='ltr' id='par_1_124' title="bbox 1881 5479 3463 5552">
     <span class='ocr_line' id='line_1_124' title="bbox 1881 5479 3463 5552; baseline 0.004 -23"><span class='ocrx_word' id='word_1_842' title='bbox 1881 5479 2080 5552; x_wconf 73' lang='lat' dir='ltr'><strong>siderio,</strong></span> <span class='ocrx_word' id='word_1_843' title='bbox 2105 5479 2223 5544; x_wconf 83' lang='lat' dir='ltr'><strong>etc.,</strong></span> <span class='ocrx_word' id='word_1_844' title='bbox 2243 5479 2716 5546; x_wconf 54' lang='lat' dir='ltr'><strong>quam&quot;au¢toritate</strong></span> <span class='ocrx_word' id='word_1_845' title='bbox 2739 5482 2924 5533; x_wconf 83' lang='lat' dir='ltr'><strong>veteris</strong></span> <span class='ocrx_word' id='word_1_846' title='bbox 2939 5483 2998 5535; x_wconf 85' lang='grc' dir='ltr'><strong>Β.</strong></span> <span class='ocrx_word' id='word_1_847' title='bbox 3022 5483 3082 5536; x_wconf 88' lang='grc' dir='ltr'><strong>Ρ.</strong></span> <span class='ocrx_word' id='word_1_848' title='bbox 3110 5479 3343 5539; x_wconf 78' lang='lat' dir='ltr'><strong>editionis</strong></span> <span class='ocrx_word' id='word_1_849' title='bbox 3371 5497 3463 5536; x_wconf 73' lang='lat' dir='ltr'><strong>ex-</strong></span> 
     </span>
    </p>
   </div>
   <div class='ocr_carea' id='block_1_125' title="bbox 1886 5555 2164 5604">
    <p class='ocr_par' dir='ltr' id='par_1_125' title="bbox 1886 5555 2164 5604">
     <span class='ocr_line' id='line_1_125' title="bbox 1886 5555 2164 5604; baseline 0.011 -17"><span class='ocrx_word' id='word_1_850' title='bbox 1886 5555 2164 5604; x_wconf 80' lang='lat' dir='ltr'><strong>punxuuus.</strong></span> 
     </span>
    </p>
   </div>
  </div>
