4054 6192
638 241 744 300 827

639 356 783 424 ritia,
812 355 942 413 dum
967 355 1231 414 desiderio
1261 353 1376 422 plus
1404 347 1657 412 habendi,
1684 345 2041 416 negotiatione
2065 360 2210 400 mer-

637 463 730 502 ces
759 449 862 503 huc
883 449 1109 516 illucque
1137 450 1445 504 commutat,
1472 449 1527 494 et
1550 439 1822 493 fraudibus
1844 447 2005 507 atque
2033 437 2215 508 perju-

640 542 735 594 riis
763 540 1064 594 divitiarum
1091 536 1214 600 iacit
1242 531 1581 601 iuexplebilia
1610 529 1979 585 fundamenta.

715 631 800 684 ιο.
828 629 1006 694 Itaque
1026 623 1394 692 hujuscemodi
1410 622 1607 676 rabiem
1625 630 2050 683 contemnentes,
2069 617 2212 672 divi-

639 721 736 772 tias
764 718 962 770 cultum
997 714 1110 778 Dei,
1138 724 1193 766 et
1232 711 1562 765 ﬁrmissimas
1601 711 1967 780 possessiones
1999 708 2084 778 (a)
2117 722 2212 762 ca.

633 804 828 858 stitatis
855 812 912 856 et
948 801 1340 866 sanctimoniae,
1378 801 1748 871 requiramus;
1790 799 2076 855 adorantes
2104 798 2207 852 Pa-

635 895 749 956 tris,
782 902 837 946 et
877 893 1015 956 Filii,
1045 902 1101 947 et
1137 891 1369 960 Spiritus
1410 892 1591 946 Sancti
1633 907 1794 944 unam
1832 890 2207 953 divinitatem;

633 988 1082 1037 resurrectionem
1119 993 1452 1037 mortuorum
1482 983 1964 1053 incorruptibilem,
1992 992 2042 1036 et
2067 981 2211 1051 jugl-

632 1081 712 1126 ter
739 1083 1137 1140 permanentem
1179 1088 1299 1126 esse
1327 1072 1631 1127 credentis.
1681 1073 1866 1142 Neque
1909 1073 2051 1126 enim
2093 1070 2207 1124 ﬁeri

632 1173 828 1228 potest,
868 1173 922 1214 ut
953 1177 1071 1216 eam
1101 1177 1248 1216 mors
1284 1171 1526 1231 superet,
1562 1178 1682 1231 qua:
1720 1163 1918 1215 Christi
1962 1163 2209 1230 passione

633 1253 843 1304 firmata
873 1261 976 1318 est,
1022 1253 1289 1306 suscitans
1334 1255 1704 1320 incorruptum
1748 1261 1801 1306 et
1849 1251 1901 1305 in
1947 1261 2209 1306 arternum

633 1356 952 1411 permanens
989 1344 1243 1410 templum
1275 1342 1520 1412 corporis
1558 1343 1663 1398 sui.
1692 1342 1920 1396 Oremus
1949 1355 2046 1410 pro
2076 1341 2206 1410 piis-

629 1436 780 1491 simis
807 1436 1262 1504 lmperatoribus;
1290 1445 1344 1490 et
1367 1436 1744 1489 observatione
1771 1435 1902 1502 legis
1928 1433 2045 1497 Dei,
2069 1431 2209 1500 jeju-

631 1528 840 1581 niorum
888 1535 1152 1596 praecepta
1199 1525 1519 1580 decorenms
1565 1542 1580 1579 :
1624 1525 1745 1593 quia
1791 1525 1960 1578 virtus
2004 1522 2207 1592 absque

629 1618 737 1671 ulla
783 1617 1104 1671 necessitate
1130 1617 1363 1670 custodit
1408 1625 1706 1670 sectatores
1732 1629 1877 1678 suos,
1909 1625 1962 1668 et
1992 1627 2207 1667 sensum

630 1709 683 1762 in
723 1708 1076 1776 cogitationes
1127 1708 1304 1761 varias
1349 1706 1712 1764 ﬂuctuantem.
1761 1705 1831 1760 de
1875 1705 2103 1758 terrenis
2139 1703 2205 1758 ad

630 1800 841 1853 excelsa
870 1799 1142 1861 sublimat,
1173 1813 1502 1866 nequaquam
1535 1795 1986 1866 pulchritudinem
2011 1811 2206 1864 corpo-

630 1903 773 1952 rum,
795 1886 890 1941 sed
913 1885 992 1955 (b)
1021 1886 1445 1942 conversationis
1473 1901 1534 1938 ac
1565 1901 1772 1938 morum
1800 1885 2042 1938 ordinem
2073 1899 2205 1938 con-

630 1976 920 2045 templans,
945 1975 1239 2031 ostendens
1261 1975 1311 2029 ei
1334 1975 1625 2028 la'tantium
1652 1975 1703 2027 in
1725 1973 1864 2028 cmlo
1884 1974 2205 2042 Angelorum

629 2067 847 2132 choros,
890 2075 944 2120 et
977 2065 1180 2120 ducens
1227 2065 1623 2134 splendentium
1661 2065 2058 2133 disciplinarum
2098 2061 2206 2116 ful-

626 2171 780 2226 gura,
810 2143 867 2209 ul
887 2157 938 2209 in
965 2158 1214 2223 presenti
1244 2155 1442 2209 sarculo
1471 2155 1622 2222 quasi
1650 2155 1851 2208 athleta
1885 2154 2206 2208 fortissimus

628 2246 801 2300 illatas
830 2244 1095 2299 sustineat
1125 2244 1326 2313 plagas,
1369 2253 1424 2298 et
1464 2243 1696 2297 futuram
1738 2260 1836 2314 pro
1860 2244 1946 2297 his
1977 2245 2204 2314 gloriam

627 2335 1002 2404 praestoletur:
1035 2349 1373 2404 nequaquam
1401 2334 1542 2388 vitiis
1581 2333 1888 2402 subjacens,
1932 2334 2028 2388 sed
2068 2335 2208 2388 inte-

627 2425 824 2478 riorctn
861 2423 1133 2478 hominem
1159 2421 1228 2494 (ε)
1251 2423 1522 2478 desiderio
1551 2424 1632 2478 sui
1661 2423 1728 2478 ad
1765 2433 1966 2478 aeterna
2003 2426 2205 2478 sustol-

626 2514 745 2570 lens
769 2531 785 2579 ;
816 2524 978 2585 atque
1001 2530 1187 2568 omnes
1223 2515 1452 2583 impetus
1480 2514 1793 2584 voluptatis,
1823 2517 2030 2571 ratione
2057 2531 2205 2570 com-

627 2619 874 2675 pescens,
918 2604 1046 2658 illml
1073 2605 1270 2674 cogitet
1297 2605 1440 2675 quod
1483 2605 1692 2660 futurus
1723 2615 1826 2667 est,
1856 2616 1910 2660 et
1941 2615 2201 2676 quantum

626 2705 803 2766 potest
829 2698 1093 2752 sustinuere
1121 2697 1349 2750 humana
1380 2696 1661 2765 fragilitas,
1705 2697 1922 2751 recedat
1946 2711 1975 2749 a
2012 2712 2206 2766 corpo-

626 2787 815 2843 ralium
871 2802 1048 2842 rerqu
1105 2786 1503 2852 sollicitudine,
1561 2787 1850 2856 praeferens
1899 2786 2204 2841 carnalibus

623 2876 940 2948 spiritualia,
967 2887 1022 2929 ut
1047 2877 1206 2930 etiam
1225 2875 1398 2945 ipsum
1420 2889 1616 2946 corpus
1635 2875 1960 2946 despiciens,
1984 2884 2038 2930 et
2060 2891 2202 2946 pra-

622 2971 853 3024 sentium
901 2967 981 3039 (il)
1030 2967 1360 3036 voluptatum
1409 2966 1721 3031 duriorem,
1775 2965 1870 3021 sed
1924 2966 2200 3021 meliorem

621 3064 784 3118 vitam
810 3062 947 3116 inire
975 3058 1314 3131 persuadeat,
1345 3068 1400 3112 ut
1427 3060 1515 3129 qui
1548 3068 1658 3113 tum
1698 3057 1795 3130 [aL
1845 3058 2061 3130 dudum]
2092 3058 2202 3113 libi-

620 3151 732 3208 dini
757 3150 1043 3216 serviebat,
1075 3149 1318 3204 libertate
1358 3148 1494 3202 bona
1522 3149 1720 3203 serviat
1748 3149 1999 3214 castitati,
2031 3158 2081 3204 et
2111 3165 2201 3203 re-

621 3251 824 3298 tractus
853 3256 883 3296 a
915 3241 1246 3312 prmcipitiis,
1286 3239 1466 3293 mollia
1491 3239 1814 3308 jejuniorum
1847 3239 1992 3294 frena
2027 3238 2200 3293 susci-

620 3336 750 3405 piat.
801 3333 1010 3390 Etenim
1052 3333 1096 3389 si
1139 3332 1339 3401 absque
1380 3341 1587 3386 rectore
1634 3329 1796 3385 fuerit
1841 3345 1905 3384 ac
1949 3330 2202 3400 magistro

619 3440 904 3496 corporum
959 3422 1166 3478 infirma
1237 3422 1401 3494 629
1474 3431 1706 3485 natura,
1763 3436 1864 3476 nec
1918 3422 2198 3490 imperanti

619 3514 802 3569 animo
828 3513 1054 3568 voluerit
1079 3512 1319 3576 obedire,
1360 3521 1414 3565 et
1454 3513 1576 3576 sibi,
1605 3508 1678 3581 (ε)
1708 3519 1761 3563 et
1792 3510 1984 3563 rectori
2015 3510 2196 3564 conci-

620 3613 694 3661 tat
725 3605 928 3660 inﬁnita
967 3604 1264 3675 naufragia,
1300 3611 1355 3658 et
1395 3601 1656 3672 pertrahit
1699 3617 1820 3654 eum
1859 3600 1924 3654 ad
1956 3601 2200 3670 turpissi-

618 3710 736 3751 mas
762 3695 1028 3759 libidines,
1067 3709 1132 3748 ac
1167 3691 1474 3747 barathrum
1513 3691 1864 3758 voluptatum,
1913 3699 1970 3743 ut
2002 3704 2201 3758 nequa-

620 3804 781 3861 quam
810 3789 1031 3844 honesta
1060 3785 1385 3850 consideret,
1414 3783 1510 3839 sed
1546 3781 1752 3852 fugiens
1778 3781 1936 3848 boua,
1961 3784 2014 3836 in
2042 3797 2198 3836 caeno

615 3895 682 3938 ac
722 3881 972 3936 sordibus
1015 3887 1400 3932 commoretur.
1435 3873 1619 3929 Virtus
1668 3889 1796 3928 vero
1833 3887 1955 3928 cum
1999 3873 2196 3942 auriga:

622 3971 786 4028 modo
814 3971 910 4043 [ιιι.
939 3970 992 4023 in
1016 3970 1210 4040 auriga:
1228 3965 1454 4036 modum]
1475 3965 1708 4020 animtnn
1733 3964 1948 4026 rexerit,
1967 3975 2015 4018 et
2044 3962 2196 4034 qua~i

617 4067 672 4121 in
699 4081 860 4121 curru
891 4072 1061 4126 stans,
1095 4063 1325 4131 impetus
1350 4059 1466 4128 ejus
1495 4068 1547 4113 et
1586 4059 1762 4112 varios
1790 4059 2052 4127 appetitus
2093 4056 2195 4110 do-

616 4156 806 4211 ctrina:
861 4152 1084 4206 habenis
1132 4151 1494 4220 composuerit
1545 4147 1608 4223 [f.
1658 4148 2072 4221 tonapescncrit],
2128 4151 2195 4206 de

617 4243 908 4302 humilibus
936 4257 1057 4298 eum
1083 4243 1149 4298 ad
1174 4242 1383 4298 excelsa
1428 4243 1688 4307 sublevat,
1731 4242 2013 4298 invisibilia
2041 4251 2197 4296 teter-

616 4351 791 4404 naque
813 4349 908 4405 pro
933 4333 1227 4388 visibilihus
1253 4335 1563 4398 ostendens,
1598 4335 1930 4389 mansionem
1963 4334 2013 4385 in
2039 4333 2194 4387 ctelis

615 4436 788 4498 parat,
829 4435 885 4480 et
920 4424 1122 4479 amicos
1167 4425 1241 4479 illi
1269 4425 1436 4480 efﬁcit
1465 4441 1577 4486 eos,
1625 4424 1715 4493 qui
1757 4423 1854 4478 Dei
1897 4423 2196 4478 ministerio

615 4517 929 4580 servientes,
956 4515 1319 4585 spiritualibus
1342 4513 1545 4568 deliciis
1570 4513 1916 4582 perfruuntur
1941 4531 1955 4566 :
1976 4513 2194 4582 utquod

616 4612 703 4667 hic
729 4609 984 4664 cernebat
1024 4607 1075 4662 in
1129 4607 1379 4676 imagine,
1428 4604 1497 4659 ibi
1548 4607 1598 4658 in
1637 4604 1856 4657 veritate
1887 4605 2191 4673 perSpieiat,

613 4712 668 4757 ct
705 4701 960 4771 majorem
988 4699 1116 4752 solis
1145 4697 1308 4752 radiis
1338 4695 1513 4750 videat
1539 4694 1858 4758 claritatem,
1889 4709 2008 4764 qua:
2043 4694 2195 4748 nobis

613 4791 718 4848 huc
742 4807 808 4848 cx
839 4799 991 4862 parte
1019 4787 1320 4856 descendit,
1353 4796 1410 4842 ul
1439 4785 1507 4840 de
1552 4785 1851 4841 minoribus
1892 4784 1958 4839 ad
1990 4784 2192 4856 majora

678 4944 754 5012 (a)
777 4942 832 4994 lu
851 4943 910 5012 li.
936 4943 997 5012 ι’ζ
1021 4941 1252 4995 castitatis
1275 4939 1628 5012 mtimonio;
1650 4939 1737 5012 sed
1755 4952 1929 5012 neque
1953 4940 2192 5012 impressa

613 5001 764 5076 lectio
786 5006 905 5076 satis
923 5005 1142 5076 echini-et
1160 5017 1356 5076 ;_.quare
1390 5001 1658 5076 legendum
1680 5001 1883 5076 liirtasse
1905 5001 2029 5076 erat
2045 5003 2191 5070 modo

611 5065 772 5116 cultus
792 5065 876 5115 Dei
901 5077 919 5126 ,°
941 5073 996 5115 ut
1019 5064 1138 5115 nihil
1159 5064 1374 5114 dicamus
1393 5065 1458 5112 de
1483 5064 1888 5125 iuterpunctiouis
1910 5064 2058 5123 vitiis,
2081 5064 2191 5125 qui-

609 5126 703 5176 bus
726 5126 988 5175 laba'abat.

673 5187 747 5249 (ὁ)
781 5185 1013 5250 Legimus
1032 5198 1096 5236 ex
1117 5185 1178 5235 Β.
1199 5184 1259 5234 ιι.
1299 5184 1354 5234 ln
1374 5183 1693 5235 Benedictins
1716 5191 1841 5244 erat,
1871 5183 2189 5234 conversatio-

777 5305 908 5369 ΠΙυᾴ
935 5305 1031 5369 sui,
1053 5305 1181 5369 quod
1205 5307 1254 5356 In
1274 5303 1592 5355 Beuedictiua
1623 5304 2012 5366 desiderabatur,
2035 5304 2186 5356 sull'e-

1239 5425 1507 5500 legendum
1537 5431 1616 5500 est
1651 5439 1738 5488 pro
1768 5424 2076 5500 voluptatum,
2103 5433 2189 5478 aut

609 5482 877 5549 illecebras,
902 5487 1012 5536 sive
1029 5482 1149 5548 'quld
1167 5482 1326 5537 simile
1343 5482 1687 5549 supplendum,
1703 5482 1997 5538 sententiain
2021 5482 2075 5538 ut
2097 5501 2188 5538 ex-

609 5543 764 5661 μῖέῗ
778 5601 906 5651 Satis
936 5605 1195 5655 oscltamer
1227 5605 1514 5667 impressum
1552 5613 1659 5660 erat
1693 5614 1838 5660 antea
1868 5614 1914 5663 et
1940 5608 2034 5661 sibi
2052 5620 2080 5661 ι
2103 5621 2183 5662 re-

1917 228 2157 287 SANCTI
2195 227 2570 286 ΙΙΙΕΒΟΝἩΙΙ

3799 237 3909 300 828

2321 343 2626 410 tendamus,
2660 351 2716 399 et
2742 343 2893 414 quasi
2918 359 3014 415 per
3037 344 3242 403 litteras
3261 363 3324 405 ac
3350 351 3593 423 syllabas
3623 356 3694 411 ad
3723 358 3909 429 legen-

2316 436 2442 490 dum
2472 437 2856 505 proﬁciamus:
2882 439 3006 506 quia
3047 449 3104 494 et
3146 440 3233 495 illa
3273 442 3381 510 his,
3417 453 3474 499 et
3517 445 3640 502 haec
3685 449 3796 504 illis
3842 453 3906 521 (ο

2316 526 2578 596 indigent.
2611 526 2685 581 lbi
2715 542 2837 581 eum
2871 527 3129 582 fuerimus
3155 530 3432 587 beatorum
3464 533 3644 603 juncti
3680 553 3908 595 ωιιεοτ-

2316 619 2412 681 tio,
2439 619 2716 673 audiemus
2753 636 2769 672 :
2809 619 2950 690 Euge
2975 637 3113 674 serve
3151 622 3278 677 bone
3304 633 3350 678 et
3375 626 3565 693 ﬁdelis,
3595 631 3723 698 quia
3756 649 3906 700 super

2315 725 2480 778 pasco
2513 711 2655 780 fuisti
2682 710 2870 776 fidelis,
2913 727 3070 780 supra
3109 712 3273 766 multa
3309 723 3358 767 te
3385 719 3698 771 constituam
3725 734 3748 774 :
3771 721 3902 775 intra

2313 801 2365 852 in
2386 801 2630 870 gaudium
2660 799 2866 854 Domini
2889 803 2963 854 uti
2986 801 3198 870 (Matth.
3220 804 3312 859 25.
3336 805 3428 860 21.
3454 806 3571 877 23).

2388 892 2474 945 l7.
2501 892 2763 962 Incipient
2783 889 2876 964 [aL
2905 892 3224 967 incipientes]
3241 905 3440 950 sancta:
3459 897 3849 969 Quadragesim
3861 921 3904 958 :e

2309 983 2509 1052 jejunia
2538 983 2615 1053 (ς)
2653 983 2722 1038 ab
2760 984 3043 1039 undecima
3069 985 3159 1040 die
3190 987 3392 1041 mensis
3421 987 3767 1045 Phamenotb
3791 1034 3807 1057 ,
3848 1005 3900 1048 et

2316 1075 2664 1129 hebdomade
2715 1075 3008 1131 Dominicae
3065 1078 3331 1145 passionis
3381 1083 3755 1138 sextadecima
3808 1087 3892 1142 die

2315 1166 2518 1219 mensis
2546 1165 2881 1222 Pharmuthi.
2927 1167 2997 1222 Et
3021 1167 3271 1224 ﬁniemus
3291 1169 3492 1240 jejunia
3521 1189 3757 1244 vespere
3783 1179 3890 1232 sab-

2314 1257 2421 1309 bati
2455 1255 2706 1310 vicesima
2731 1258 2899 1325 prima
2933 1257 3022 1313 die
3050 1258 3300 1333 ejusdem,
3319 1264 3523 1317 mensis
3552 1263 3885 1334 Pharmuthi,

2308 1347 2476 1417 630
2543 1356 2600 1402 et
2645 1348 2888 1416 sequenti
2917 1348 3005 1403 die
3037 1349 3315 1404 Dominica
3357 1350 3565 1406 Pascha
3593 1355 3887 1411 celebrabi-

2313 1453 2431 1492 mus
2458 1436 2564 1508 [ει.
2591 1435 2935 1510 celebremus]
2955 1479 2971 1503 ,
3001 1439 3254 1493 vicesima
3279 1448 3336 1494 et
3357 1441 3596 1496 secunda
3627 1443 3722 1499 die
3747 1447 3885 1514 ejus-

2312 1526 2433 1579 dem
2479 1527 2701 1580 meusis.
2754 1527 2881 1581 Post
2925 1543 3044 1597 qua:
3091 1529 3378 1598 jungemus
3417 1529 3528 1602 [aL
3570 1533 3886 1608 iungamus]

2312 1627 2519 1685 septem
2549 1616 2911 1671 hebdomadas
2931 1629 3132 1673 sanctze
3158 1620 3508 1676 Pentecostes
3544 1640 3560 1675 :
3594 1639 3884 1693 pauperum

2312 1724 2582 1763 memores
2600 1748 2617 1773 ,
2639 1718 2879 1763 amantes
2906 1709 3071 1764 Deum
3098 1721 3152 1765 et
3182 1713 3514 1780 proximum,
3543 1728 3768 1771 orantes
3796 1733 3886 1786 pro

2311 1798 2579 1864 inimicis,
2630 1799 3066 1867 persecutoribus
3115 1801 3490 1868 blandientes,
3548 1805 3884 1861 inﬁrmorum

2311 1889 2494 1943 ruinas
2521 1890 2887 1944 consolatione
2927 1899 2982 1945 et
3016 1891 3382 1946 misericordia
3410 1894 3757 1952 sublevantes
3789 1917 3802 1950 :
3836 1909 3886 1952 ut

2313 1979 2486 2048 lingua
2515 1995 2727 2050 semper
2751 1981 2803 2034 in
2838 1980 2930 2035 Dei
2958 1981 3204 2036 laudibus
3229 1996 3520 2053 personet:
3548 1998 3598 2040 ut
3624 1989 3888 2044 Ecclesia:

2305 2073 2447 2142 justa
2470 2074 2666 2142 judicia
2698 2089 3031 2143 nequaquam
3079 2076 3431 2131 irrationabili
3474 2079 3754 2133 clementia
3781 2083 3884 2135 de-

2308 2171 2602 2227 struantur,
2628 2178 2696 2216 ne
2716 2162 2841 2232 Legi
2876 2161 2969 2216 Dei
2995 2161 3212 2217 arbitria
3239 2163 3589 2232 praferantur
3613 2167 3884 2222 humana:

2309 2254 2463 2322 cujus
2512 2254 2556 2306 si
2608 2253 3093 2308 desideraverimus
3144 2253 3255 2327 [aL
3283 2258 3428 2328 cujus
3453 2259 3884 2335 desiderauimus]

2306 2344 2598 2406 amicitias,
2628 2345 2900 2399 etelestem
2922 2345 3144 2414 gloriam
3171 2361 3566 2417 consequemur
3594 2350 3649 2402 in
3678 2351 3884 2407 Christo

2307 2433 2432 2487 lesu
2465 2434 2688 2488 Domino
2712 2443 2934 2499 nostro;
2969 2450 3064 2503 per
3086 2450 3268 2504 quem,
3290 2446 3346 2491 et
3370 2450 3490 2490 cum
3515 2453 3626 2507 quo
3652 2439 3768 2494 Deo
3792 2440 3884 2495 Pa-

2310 2526 2374 2578 tri
2398 2524 2615 2578 claritas
2634 2534 2690 2579 et
2709 2525 2988 2594 imperium
3010 2540 3134 2580 cum
3159 2525 3361 2595 Spiritu
3388 2526 3590 2582 Sancto
3611 2529 3669 2583 in
3692 2532 3880 2585 saecula

2305 2615 2645 2669 saeculorum.
2677 2617 2867 2668 Arnen.

2378 2706 2465 2762 l8.
2493 2706 2732 2761 Salutate
2758 2706 2983 2762 invicem
3009 2707 3061 2761 in
3088 2708 3273 2762 osculo
3289 2716 3496 2765 sancto.
3521 2709 3772 2765 Salutant
3793 2726 3886 2764 vos

2306 2798 2496 2854 fratres
2519 2799 2609 2868 qui
2635 2799 2911 2853 nobiscum
2941 2809 3082 2853 sunt.
3117 2799 3182 2853 Et
3208 2799 3309 2854 hoc
3335 2815 3494 2856 nosse
3515 2801 3761 2857 debetis:
3787 2803 3893 2856 Pro-

2303 2889 2572 2946 dclunctis
2602 2890 2879 2960 Episcopis
2914 2891 2966 2944 in
2999 2891 3133 2945 locis
3153 2891 3482 2959 singulorum
3512 2892 3595 2962 (It)
3623 2894 3880 2948 constitu-

2303 2990 2409 3035 tos.
2433 2981 2485 3035 In
2516 2979 2648 3035 urbe
2672 2979 2918 3035 Nichium
2949 2997 3046 3052 pro
3065 2981 3452 3052 Theopempto,
3479 2982 3837 3039 Theodosium
3862 3005 3890 3038 τ

2303 3072 2360 3126 1η
2405 3071 2770 3127 Terenuthide
2822 3071 3158 3128 Arsinthium
3190 3091 3203 3124 :
3251 3073 3307 3126 In
3340 3073 3538 3144 Oppido
3577 3074 3750 3130 Geras
3789 3092 3890 3146 pro

2304 3161 2616 3216 Eodemone
2647 3161 2891 3216 Pirozum
2927 3180 2942 3216 :
2974 3161 3032 3221 lu
3057 3163 3266 3216 Achmis
3296 3178 3394 3232 pro
3418 3164 3670 3233 Apolline
3693 3166 3879 3220 Musze-

2305 3267 2393 3306 nm
2428 3269 2441 3305 :
2475 3250 2532 3305 In
2563 3252 2828 3306 Athrividi
2857 3268 2954 3322 pro
2987 3253 3191 3309 Isidoro
3221 3254 3609 3310 Athanasium:
3641 3256 3700 3311 lu
3729 3257 3882 3312 Cleo-

2306 3343 2512 3412 patride
2557 3343 2930 3400 Ollellumzln
2980 3346 3178 3416 oppido
3229 3345 3399 3400 Laton
3455 3362 3552 3415 pro
3596 3347 3875 3402 Timotheo

2304 3436 2548 3504 Apellen.
2583 3435 2674 3490 llis
2703 3451 2832 3505 ergo
2857 3438 3073 3492 scribite
3097 3479 3112 3504 ,
3138 3447 3190 3492 et
3215 3439 3283 3493 ab
3317 3439 3417 3506 eis,
3444 3438 3599 3510 juxta
3632 3456 3833 3496 morem
3857 3481 3886 3505 ,.

2303 3525 2710 3582 Ecclesiasticas
2739 3529 2992 3598 suscipite
3020 3530 3250 3587 litteras.

2300 3730 2446 3789 ctare,
2467 3723 2595 3789 quod
2621 3722 2884 3789 emendare
2909 3737 2972 3789 ex
2998 3722 3252 3789 Theophili
3277 3731 3448 3775 mente
3470 3738 3569 3774 non
3591 3727 3765 3789 piguit.

2362 3786 2438 3846 (f)
2473 3784 2662 3846 Xitiose
2687 3792 2793 3846 emt
2816 3787 2861 3831 in
2886 3784 3096 3846 vulgatis
3111 3784 3351 3846 indigens.

2363 3844 2438 3910 (g)
2471 3844 3078 3910 Updecimad’hamehoth
3110 3844 3470 3910 dies—septimm
3491 3847 3651 3910 Martii
3675 3861 3875 3910 respou-

2297 3905 2489 3971 det';’e_t
2511 3906 2760 3971 Pharmuti
2776 3912 2924 3971 sexta
2942 3905 3151 3971 decima,
3177 3915 3228 3956 et
3249 3905 3480 3971 vicesima
3503 3909 3676 3971 prima,
3703 3907 3874 3971 Mutilus

2300 3968 2587 4037 undecimae,
2611 3973 2663 4037 et
2681 3967 2882 4037 deciuue
2896 3969 3116 4037 septimae
3139 3981 3152 4015 :
3176 3968 3359 4037 quibus
3380 3967 3640 4037 notis'anni
3795 3971 3875 4018 l‘a-

2298 4029 2749 4092 seba‘designatur.
2786 4027 2875 4076 Est
2909 4027 3102 4092 autem,
3139 4027 3289 4092 ut'ex
3312 4029 3657 4092 superioribus
3678 4044 3871 4092 quoque

2298 4087 2612 4150 Paschalibus
2621 4095 2826 4150 constat,
2837 4089 2983 4150 unius
2991 4101 3134 4149 supra
3144 4087 3458 4150 quadraginta
3467 4089 3660 4139 dierum
3672 4087 3873 4148 summa,

2299 4151 2429 4212 unde
2445 4149 2560 4198 illud
2576 4149 2845 4212 coniicitur,
2861 4147 3134 4212 inchoatum
3145 4147 3737 4212 Alexandrinisjejuninm
3754 4147 3878 4210 Qua?

2296 4211 2584 4271 dragesima:
2609 4207 2727 4256 feria
2764 4210 2978 4271 secunda
3008 4216 3165 4258 sexta:
3187 4207 3642 4271 hebdomdis'a'nte
3675 4207 3870 4269 Pascha,

2299 4269 2407 4334 non
2417 4273 2478 4319 ab
2500 4271 2809 4334 antecedenti
2833 4269 3098 4334 Dominica,
3116 4278 3171 4334 ut
3191 4271 3385 4332 quidam
3411 4270 3528 4321 falso
3545 4275 3728 4334 Opinati
3745 4282 3869 4321 sunt.

2298 4330 2526 4380 Socrates
2547 4329 2634 4378 lib.
2666 4329 2720 4378 V.
2746 4343 2852 4391 cap.
2882 4329 2962 4378 22.
3004 4343 3040 4380 οὶ
3071 4343 3107 4380 ιν
3130 4329 3383 4394 nitatem,
3402 4345 3472 4394 ηδ
3495 4329 3711 4394 item
3731 4345 3782 4388 ιε,
3811 4344 3872 4391 τίς

2295 4404 2858 4524 animus???
2871 4417 3084 4502 ’λῖεῖῖἴῖ

2285 4513 2532 4574 jejimiwn
2555 4513 2981 4574 Quadragesimam
3005 4520 3186 4563 vocant.
3210 4513 3346 4563 Hauc
3377 4513 3642 4564 hodieuum
3665 4513 3870 4565 consue-

2297 4574 2516 4622 tudinem
2542 4571 2749 4622 ecclesia
2772 4572 3153 4624 Mediolanensis
3175 4580 3331 4622 tenet.

2356 4635 2431 4695 (Ii)
2466 4634 2701 4697 ﬂendose
2730 4641 2893 4697 antea
2915 4634 3310 4697 erat_constitutis
3336 4648 3354 4697 ;
3376 4641 3476 4683 tum
3512 4648 3599 4697 pro
3633 4635 3866 4689 Nichimn,

2297 4693 2421 4757 lege
2440 4694 2639 4751 Niciam,
2666 4694 2804 4754 cujus
2825 4695 2979 4754 urbis,
3003 4695 3131 4746 aliud
3159 4708 3316 4756 agens
3338 4693 3619 4757 Stephanus
3651 4699 3870 4746 meminit

2295 4753 2672 4820 in'Argeoneso,
2685 4753 2736 4820 ξιξ
2753 4771 2818 4812 τῆς
2841 4769 2964 4820 ιςυριαε
2988 4772 3173 4820 nam...
3187 4753 3443 4820 ἐμεωυςῖ
3456 4757 3702 4820 civitatqu
3723 4767 3870 4820 testa-

2295 4824 2373 4866 tur
2398 4814 2528 4866 esse.
2570 4816 2624 4864 In
2647 4814 2963 4864 Alexandrini
2989 4814 3355 4867 Patriarchatu's'
3371 4814 3554 4867 Notitia
3575 4830 3601 4864 a
3627 4816 3818 4873 Carolo,
3846 4833 3871 4865 a

2293 4877 2347 4941 ξ.
2373 4876 2543 4941 Paulo,
2585 4883 2637 4924 et
2665 4875 3015 4926 Schelestratio
3050 4879 3097 4927 in
3121 4877 3327 4941 Egypto
3365 4880 3513 4941 prima
3552 4884 3868 4927 recenseam

2294 4936 2715 5002 ProrTheopempto
2739 4944 2852 5002 erat.
2867 4936 3318 5002 Heopcmptol'quod
3339 4936 3516 5002 nomen
3534 4949 3780 4999 nusquam
3803 4941 3867 4987 iu-

2293 5001 2506 5062 veni‘tuAr.
2529 4996 2876 5062 'Ierentithidis
2907 4996 3366 5062 quoqtie_A§gyptim
3408 5000 3542 5062 urbis
3566 4996 3759 5062 mentio
3778 5007 3865 5062 est

2292 5060 2416 5122 apud
2441 5059 2739 5122 Stephanum
2763 5061 2810 5106 in
2839 5059 3144 5122 {terniothide
3171 5059 3264 5109 :in
3281 5059 3459 5122 Notitia
3483 5060 3872 5122 adi'l'hebaidem

2292 5119 2556 5169 secundam
2577 5119 2807 5184 refertur.
2832 5119 3171 5184 Gerrhaaorum
3195 5120 3479 5184 populorum
3510 5121 3639 5184 idem
3663 5121 3724 5172 in.
3747 5120 3866 5184 Cha,-

2294 5185 2537 5232 trainotlte
2569 5194 2631 5231 ex
2667 5181 2908 5230 Strabone
2933 5193 2945 5228 :
2971 5182 3103 5230 unde
3139 5181 3508 5231 rescribendum
3535 5183 3732 5230 videtur
3761 5182 3866 5229 huic

2291 5256 2488 5305 quoque
2513 5242 2604 5292 loci
2626 5240 2833 5290 Gerrhas
2866 5253 2955 5305 pro
2973 5249 3120 5305 ceras
3144 5256 3157 5291 :
3181 5242 3596 5305 veterestotitite
3634 5245 3681 5305 in
3709 5245 3867 5305 Augu-

2289 5300 2519 5366 s'tam'nica
2535 5305 2684 5366 prima
2703 5300 2900 5366 ponunt,
2925 5301 3024 5366 Sed
3048 5315 3136 5362 pro
3163 5300 3360 5366 gallicis,
3381 5301 3517 5351 facile
3545 5303 3776 5366 {Celaenis
3789 5300 3866 5351 ἱυει

2293 5362 2665 5422 emendandum,
2685 5362 2793 5411 nam
2812 5362 2977 5425 Achaei
2995 5369 3132 5425 extra
3153 5362 3403 5425 Graeciam,
3419 5375 3545 5425 quos
3560 5363 3753 5412 Plinius
3769 5377 3865 5411 me-

2291 5432 2448 5474 morat
2470 5425 2569 5486 ,lib.
2593 5425 2642 5474 6.
2679 5436 2783 5486 cap.
2811 5423 2886 5472 ll.
2913 5423 3192 5486 neutiquam
3231 5423 3288 5471 ad
3325 5423 3587 5475 retn'suut.
3610 5426 3864 5486 Acchenos

2292 5498 2427 5546 vero,
2453 5485 2611 5535 Graec.
2649 5482 2822 5548 Αιιίηῖις
2859 5496 2920 5544 po
2955 5482 3151 5534 ulos'nu
3171 5501 3224 5534 τι
3318 5497 3376 5534 iet
3406 5497 3550 5547 ιρυοοις
3575 5497 3780 5544 διιείσης,
3801 5483 3862 5532 ad

2288 5545 2453 5615 [nuces
2634 5545 2784 5615 maris
2807 5497 3224 5615 Stepgguuslocat
3243 5495 3582 5615 Ξῦιοιρωέῳ
3603 5549 3654 5594 in
3676 5547 3858 5615 Malia

2289 5601 2623 5671 descriptione
2642 5605 2848 5668 (ebitat,
2868 5601 2922 5658 et
2941 5601 3130 5658 Plinius
3143 5603 3232 5656 lib.
3244 5601 3297 5658 Β.
3317 5616 3429 5669 cap.
3446 5605 3590 5659 πῶς
3605 5620 3723 5659 meo
3744 5607 3866 5659 libro
