4054 6192
1623 250 1789 309 εριετ

1895 251 1950 309 ,Α
1986 252 2100 311 Cll.
3406 268 3529 328 830

1931 364 2055 417 ciuo
2076 374 2128 419 te
2148 365 2199 419 in
2224 366 2451 424 Domino
2473 371 2675 440 perfrui
2701 373 2768 430 sd
2795 374 3044 432 crebrum
3073 383 3129 433 et
3153 381 3311 433 duice
3335 379 3511 435 collo-

1929 454 2113 522 quium
2136 456 2150 509 !
2177 456 2281 511 Sed
2307 460 2430 527 quia
2458 461 2510 514 id
2542 477 2647 517 non
2676 474 2758 518 est
2787 464 2968 519 datum
2993 504 3009 528 ,
3050 476 3174 535 peto
3200 477 3259 522 nt
3289 467 3393 523 hoc
3418 470 3501 539 ip-

1929 558 2069 611 sum,
2100 547 2242 616 quod
2291 549 2343 603 in
2400 549 2628 607 Domino
2668 552 2744 626 (e)
2792 570 2953 625 quam
3008 571 3289 626 possumus
3343 560 3502 615 simul

1927 648 2114 690 sumus
2140 678 2154 701 ,
2187 642 2495 695 conservari
2525 644 2746 698 studeas
2766 684 2782 709 ,
2809 656 2864 700 et
2891 646 3074 715 augeri
3106 660 3169 700 ac
3199 650 3419 716 perlici;
3448 660 3501 707 et

1926 728 2185 796 rescripta
2214 733 2459 799 quamvis
2489 750 2606 801 utra
2640 751 2745 789 non
2799 752 3080 806 spernere.
3125 738 3310 793 Saluta
3345 741 3501 795 obse-

1921 815 2050 882 quio
2087 832 2209 871 meo
2238 831 2478 875 sanctum
2506 824 2724 879 fratrem
2750 826 3140 892 Paulinianum,
3211 828 3377 899 632
3448 840 3498 885 et

1918 919 2108 960 omnes
2134 907 2328 964 fratres
2354 913 2442 980 qui
2473 922 2648 969 tecum
2672 931 2735 970 ac
2762 916 2829 971 de
2859 927 2910 972 te
2938 919 3017 989 (Γ)
3049 919 3101 973 in
3131 920 3357 972 Domino
3385 920 3499 989 κιο⁴

1919 996 2141 1051 riantnr.
2176 999 2377 1056 Memor
2406 1005 2573 1058 nostri
2602 1008 2905 1062 enudiaris
2930 1024 2960 1061 a
2990 1009 3218 1063 Domino
3254 1009 3309 1063 in
3348 1010 3495 1064 omni

1916 1096 2100 1141 sancto
2125 1090 2393 1144 desiderio
2427 1101 2538 1158 tuo,
2566 1094 2784 1151 domine
2810 1098 3110 1160 carissime.
3141 1109 3193 1153 et
3216 1098 3501 1155 desidera-

1918 1174 2122 1231 tissime
2141 1218 2157 1243 ,
2185 1189 2238 1233 et
2266 1180 2578 1239 honorande
2604 1185 2655 1239 in
2678 1184 2894 1242 Christo
2923 1187 3108 1243 frater.
3147 1206 3168 1242 ι

2393 1315 2725 1373 EPISTOLA
2762 1320 2851 1375 cn
2889 1321 2970 1392 (θ)

627 360 785 433 331
860 359 1191 417 EPISTOLA
1233 360 1297 417 c1
1326 360 1403 433 (α)

536 486 904 529 Αυςυετιαι
942 488 1023 526 AD
1058 488 1541 528 IIBBONYIDIo

206 580 404 653 Negat
431 600 493 637 se
518 585 570 637 in
598 582 963 652 Hieronymum
991 584 1176 638 librum
1201 586 1493 649 scripsisse,
1519 586 1572 638 in
1603 585 1696 639 Itoc
1725 586 1825 655 [nl-

286 692 386 727 sus
410 716 425 737 ,
473 678 611 744 quod
638 674 823 743 aliquis
852 675 1107 743 prolixam
1136 674 1400 744 epistolam
1435 677 1618 729 tibi-um
1647 678 1827 746 appel-

278 765 484 817 lasset.

280 873 536 926 Domino
564 875 860 938 carissimo,
893 886 944 929 et
969 874 1044 949 (b)
1076 877 1552 940 desideratissimo,
1576 891 1627 935 et
1651 881 1821 935 hono-

191 963 386 1016 rando
422 966 481 1017 in
507 964 726 1020 Christo
752 968 921 1033 fratri,
945 980 997 1021 et
1022 971 1459 1040 coinpresbytero
1479 971 1814 1039 llisnonruo,

186 1054 568 1112 Ancusvmus
595 1057 647 1110 in
680 1057 906 1113 Domino
921 1059 1172 1114 salutem.

273 1169 334 1221 1.
371 1186 393 1219 ‹
427 1169 630 1223 Audivi
653 1170 962 1238 pervenisse
984 1172 1035 1225 in
1060 1187 1247 1226 manus
1271 1181 1387 1227 tuas
1410 1174 1610 1227 litteras
1632 1189 1810 1239 meas;

182 1258 294 1311 sed
326 1260 495 1328 quod
511 1261 684 1314 adhuc
712 1263 967 1330 rescripta
990 1277 1095 1316 non
1127 1265 1319 1327 merui,
1354 1280 1682 1333 nequaquam
1714 1266 1813 1319 im-

183 1351 528 1417 putaveritn
574 1351 851 1406 dilectioni
906 1361 1028 1406 tum.
1060 1353 1274 1423 Aliquid
1324 1356 1671 1423 proculdubio
1712 1357 1810 1408 ini—

182 1440 521 1508 pedimenti
552 1443 667 1495 fuit.
694 1442 843 1497 Unde
870 1458 1124 1511 agnosco,
1153 1446 1429 1498 Dominum
1457 1461 1486 1496 a
1520 1460 1604 1499 me
1632 1446 1809 1515 potius

179 1526 625 1597 deprecandum
652 1570 668 1595 ,
716 1542 773 1585 ut
804 1544 906 1585 tua:
934 1535 1189 1587 voluntati
1221 1535 1311 1587 det
1340 1536 1647 1589 facultatem
1678 1536 1804 1589 init-

183 1619 375 1683 tendi,
404 1620 558 1688 quod
585 1621 946 1689 rescripseris.
974 1622 1106 1675 Nam
1137 1625 1463 1678 rescribendi
1478 1625 1592 1693 jam
1614 1625 1756 1680 dedit
1783 1665 1800 1691 ,

182 1706 319 1776 quia
350 1723 489 1761 cuin
522 1709 776 1769 volueris,
813 1708 1061 1762 facillime
1087 1712 1304 1776 peteris.

257 1797 321 1850 2.
355 1817 376 1848 ι
414 1798 595 1851 Etiam
631 1798 841 1868 hoc(c),
874 1800 1013 1867 quod
1036 1800 1101 1853 ad
1134 1818 1218 1854 me
1246 1817 1375 1856 sane
1405 1803 1666 1871 perlatum
1694 1813 1796 1865 est.

179 1894 381 1938 utrum
417 1887 643 1954 quidem
668 1888 946 1940 crederem
969 1927 981 1948 ,
1011 1887 1280 1953 dubitavi;
1311 1891 1404 1943 sed
1439 1891 1563 1945 hinc
1586 1908 1797 1962 quoque

182 1976 284 2029 tibi
312 1976 536 2045 aliquid
564 1985 738 2029 iitruin
761 1978 1075 2040 scriberem,
1098 1979 1342 2033 dubitare
1371 1996 1475 2033 non
1503 1982 1660 2035 debui
1688 1983 1791 2053 (tt).

179 2066 305 2119 lloc
329 2076 531 2120 autem
563 2069 707 2120 Iirevi
738 2108 752 2131 ,
785 2077 1089 2137 suggestum
1116 2085 1237 2123 esse
1260 2071 1468 2124 caritati
1503 2081 1606 2125 tua:
1634 2088 1663 2125 a
1697 2088 1793 2127 ne-

177 2160 307 2210 scio
337 2160 552 2225 quibus
581 2158 854 2220 fratribus,
888 2159 1021 2212 milii
1052 2160 1250 2213 dictum
1282 2171 1362 2214 est
1386 2203 1402 2225 ,
1427 2163 1570 2232 quod
1600 2165 1790 2219 librum

175 2251 467 2303 adversus
493 2260 546 2303 te
568 2251 896 2318 scripserim,
921 2251 1249 2320 Romamque
1271 2254 1526 2308 miserim.
1560 2255 1671 2311 Hoc
1696 2256 1790 2310 fal-

172 2356 311 2395 sunt
358 2356 496 2394 esse
545 2343 799 2394 noveris:
832 2342 993 2395 Deum
1037 2338 1291 2396 nostrum
1331 2354 1496 2399 testor
1519 2386 1535 2411 ,
1569 2348 1670 2402 hoc
1708 2364 1792 2403 ine

177 2448 296 2485 non
332 2431 545 2485 fecisse
571 2474 585 2497 ,
628 2432 720 2486 sed
752 2432 795 2486 si
829 2433 965 2487 forte
1003 2434 1177 2503 aliqua
1206 2435 1258 2487 in
1286 2436 1550 2496 aliquibus
1578 2440 1791 2509 scriptis

2187 1462 2573 1505 BIERONYII
2623 1468 2701 1506 Δυ
2749 1468 3200 1511 Λυαυετικωι.
3472 1522 3491 1550 l

1906 1572 2136 1641 Acceptis
2164 1580 2429 1646 Augustini
2458 1582 2683 1648 epistolis
2708 1601 2821 1652 qua
2854 1588 3110 1641 continent
3137 1591 3464 1658 quwstionent

1974 1665 2036 1715 de
2066 1667 2325 1718 mendacio
2351 1669 2587 1735 oﬂicioso,
2620 1673 2856 1727 dubitans
2875 1677 3144 1731 etiamnum
3174 1696 3239 1732 an
3265 1686 3373 1750 ejus
3394 1683 3481 1750 sit,

1973 1763 2120 1819 negat
2154 1769 2208 1805 se
2244 1770 2602 1823 responsurum
2628 1800 2641 1824 ,
2690 1763 2786 1814 nisi
2828 1765 2892 1816 sit
2935 1768 3118 1820 certius
3156 1769 3219 1822 de
3251 1780 3477 1827 auctore.

1970 1840 2200 1895 Meminit
2221 1854 2267 1897 et
2297 1844 2481 1916 Rudini
2508 1850 2626 1917 ﬁcto
2656 1854 2873 1909 nomine.

1972 1974 2195 2029 Domino
2217 1993 2345 2033 vere
2368 1980 2582 2046 Sancto,
2607 2000 2670 2037 ac
2697 1985 3002 2045 beatissimo
3027 1991 3185 2063 Papa:
3213 1994 3471 2054 AUGUSTI-

1898 2080 1967 2120 tto
2009 2066 2350 2126 "IERONYIUS
2377 2073 2429 2126 iti
2458 2074 2683 2130 Domino
2709 2079 2955 2135 salutent.

1966 2221 2017 2273 l.
2056 2222 2113 2275 In
2157 2222 2271 2291 ipso
2302 2223 2646 2292 profectionis
2674 2229 2900 2283 articulo
2935 2233 3104 2286 sancti
3153 2233 3245 2289 filii
3290 2240 3468 2295 nostri

1894 2310 2083 2364 Asterii
2115 2311 2494 2381 llypodiaconi,
2528 2319 2810 2371 necessarii
2842 2336 2964 2384 niet,
2993 2322 3331 2378 beatitudinis
3364 2339 3468 2385 tua:

1892 2399 2082 2455 littera!
2104 2402 2181 2472 (Ii)
2209 2403 2273 2455 ad
2299 2418 2383 2457 me
2415 2418 2797 2474 pervenerunt,
2837 2412 3029 2478 quibus
3071 2416 3332 2472 satisfacis
3360 2460 3376 2483 ,
3416 2429 3470 2476 te

177 2524 330 2577 nit-is
364 2523 726 2591 reperiuntur
748 2564 763 2586 ,
804 2524 855 2576 in
902 2524 1097 2593 quibus
1138 2525 1292 2579 aliter
1315 2526 1513 2594 aliquid
1543 2545 1699 2598 quain
1730 2546 1783 2584 tu

172 2615 442 2667 sensisse
474 2616 755 2680 reperiar,
788 2630 891 2667 non
930 2624 1112 2667 contra
1155 2623 1206 2668 te
1247 2615 1482 2679 dictum,
1524 2620 1616 2672 sed
1650 2621 1785 2687 quod

181 2706 322 2759 milii
360 2704 672 2768 videbatur,
705 2720 734 2756 a
762 2721 847 2757 me
874 2706 1134 2774 scriptum
1166 2720 1287 2761 esse
1318 2748 1333 2769 ,
1365 2716 1491 2773 puto
1518 2719 1567 2762 te
1593 2709 1787 2765 debere

181 2810 539 2863 cognoscere
572 2812 585 2848 :
613 2804 702 2847 aut
728 2796 771 2847 si
798 2797 1049 2864 cognosci
1080 2811 1184 2849 non
1214 2807 1409 2865 potest,
1439 2799 1678 2854 credere.
1714 2802 1786 2855 Ita

182 2902 322 2947 sane
357 2887 470 2940 hoc
502 2886 729 2940 dixerim
754 2926 771 2953 ,
802 2897 859 2939 ut
884 2902 983 2961 ego
1021 2902 1128 2941 non
1171 2898 1373 2947 tantum
1417 2892 1786 2963 paratissimus

181 2984 314 3049 siin,
350 2987 399 3037 si
426 2984 557 3052 quid
589 2995 637 3035 te
670 2985 721 3035 in
746 2987 876 3036 meis
907 2983 1121 3052 scriptis
1143 2986 1401 3059 moverjt,
1437 2985 1670 3039 fraterne
1692 3002 1784 3039 ac-

184 3075 377 3142 cipere
408 3073 543 3142 quid
580 3085 764 3126 contra
795 3074 1024 3136 sentias,
1050 3082 1141 3127 aut
1166 3074 1234 3128 de
1260 3078 1592 3129 correctione
1619 3092 1731 3129 mea
1767 3117 1782 3139 ,

183 3176 272 3217 aut
304 3165 378 3219 de
409 3166 529 3233 ipsa
562 3173 647 3215 tua
676 3164 1039 3216 benevolentia
1069 3163 1382 3233 gavisurus;
1414 3182 1594 3218 verum
1625 3169 1783 3219 etiam

182 3253 299 3308 hoc
330 3270 362 3306 a
394 3263 448 3307 te
476 3253 768 3321 postulem,
798 3262 850 3305 et
871 3251 1122 3320 ﬂagitem.

260 3346 320 3401 5.
353 3363 374 3399 ι
406 3344 455 3400 Ο
478 3344 525 3399 si
549 3345 802 3408 licuisset,
835 3352 887 3398 et
912 3344 957 3397 si
984 3358 1089 3397 non
1114 3341 1470 3410 cohabitante,
1499 3346 1682 3398 saltem
1708 3348 1783 3400 vi-

186 3537 415 3600 .tcltenas
454 3536 723 3600 appellant.
759 3536 935 3599 Neque
976 3536 1372 3600 enim__videutur
1398 3538 1537 3587 nobis
1572 3538 1712 3588 tutari
1737 3539 1782 3589 in

185 3595 456 3660 Thebaide
489 3595 651 3659 prima
687 3611 829 3660 posse
853 3595 978 3646 'heic
1011 3597 1234 3660 intelligi.
1272 3598 1327 3646 lu
1360 3600 1587 3660 sequenti
1632 3601 1781 3649 etiam

185 3613 456 3649 Inetiatae
503 3613 651 3659 prima
687 3613 829 3660 posse
871 3613 978 3646 neic
1011 3613 1234 3658 inteiitgt.
1272 3613 1327 3646 lt]
1360 3613 1415 3646 se
1453 3613 1587 3648 uetiti
1632 3613 1777 3649 etiam

185 3658 443 3709 Athrivids'
478 3660 708 3706 mendum
755 3667 829 3707 est
843 3659 1265 3720 ,Wlegendninque
1304 3613 1579 3719 Atltlﬂride;
1620 3662 1777 3711 Grec.

187 3720 340 3783 ἔφλιβις
367 3721 500 3782 apud
520 3720 826 3783 Strabonem,
850 3719 1165 3777 Hertxlotum,
1186 3719 1489 3783 Stephanum
1517 3720 1595 3783 vel
1624 3722 1779 3770 Λικινί-

187 3778 299 3831 me
329 3794 348 3841 ;
393 3778 508 3829 nam
548 3794 634 3840 per
658 3795 682 3827 r
708 3778 783 3829 litt
817 3794 918 3828 ram
940 3792 1097 3841 Nam
1118 3778 1345 3840 scriptum
1369 3781 1523 3829 olima
1542 3782 1780 3830 Nicanore

186 3816 373 3891 ἱῖιῖιέυ
393 3816 691 3900 ’ἕίὲμῆἷιὶιίε
708 3816 1780 3902 ὖὶὤίἱῖειἰἷὲὃῖίῖεὲ’ἶ›ἒξὶιιῖ’ἰὲξςῖιιὶἱ’ἴδ’ῖέιῖ

187 3899 759 3964 gustatnnicasecunda.
786 3899 1046 3964 t‘leopatiis
1078 3899 1351 3964 vero,quae
1387 3899 1513 3961 pone
1537 3904 1781 3963 sequitur,

186 3959 421 4013 erinoes
447 3964 755 4022 frequentius
777 3959 1026 4022 veteribus
1044 3959 1283 4022 appellata
1307 3959 1565 4022 est'eoque
1588 3959 1782 4022 nomine

187 4025 391 4089 etiam_a
409 4019 682 4070 Ptoleuizeo
698 4021 929 4081 accipitur
954 4019 1035 4089 lib.
1056 4019 1103 4067 ι.
1115 4033 1161 4067 c.
1174 4022 1222 4076 5,
1236 4020 1410 4087 Strabo
1421 4019 1583 4089 auiein
1601 4021 1686 4089 lib.
1706 4024 1779 4069 l7.

189 4096 296 4133 ιὸλιν
337 4086 522 4145 Apustium
539 4115 552 4135 ς
572 4090 757 4145 ἦν-ξνοιοι
1074 4091 1235 4128 καλοῦσί.
1270 4082 1494 4145 Αϊδὺιοςιι
1527 4082 1781 4145 ciuitatem,

224 4155 344 4191 nam
375 4139 993 4203 ’(ζιεοραιῖίάεηζ(μήαωή⁸
1014 4147 1224 4203 vocant:
1256 4142 1446 4203 tametsi
1489 4141 1629 4201 paulo
1664 4139 1782 4191 intra

224 4156 344 4191 nam
389 4156 746 4203 ('teopatt‘ttlem
783 4156 982 4202 qmaam
1014 4156 1179 4188 vocant
1206 4156 1224 4187 :
1256 4156 1446 4187 tametsi
1489 4156 1629 4201 paulo
1664 4156 1782 4191 in:ra

188 4156 315 4251 duas
340 4201 501 4251 veluti
543 4202 693 4249 urbes
721 4201 942 4262 diversas
959 4200 1101 4262 _facit,
1124 4201 1265 4262 cujus
1294 4200 1371 4247 rei
1404 4213 1573 4249 causas
1598 4215 1783 4261 exiien-

190 4265 317 4311 dere
341 4276 442 4311 non
469 4270 549 4311 est
572 4263 715 4321 hujus
738 4260 847 4310 loci.
864 4260 916 4308 lu
940 4260 1150 4322 tEgypto
1169 4260 1366 4322 primam
1390 4263 1527 4309 sitam
1553 4260 1784 4311 discimus

193 4336 258 4373 ex
280 4324 503 4373 Notitiis.
533 4323 759 4384 Denique
782 4320 1194 4384 prolatoii'inlils.
1213 4321 1265 4369 S.
1293 4320 1579 4370 Theoderici
1610 4323 1782 4381 Jabun,

192 4386 360 4454 scribi,
377 4382 691 4454 Martiauaeus'
705 4383 761 4430 ad
780 4382 891 4430 libri
902 4393 1032 4454 oram
1049 4382 1376 4454 adoptaverat,
1398 4384 1783 4454 quaineougrua

197 4446 313 4507 ipsa,
341 4457 546 4507 quoque
571 4442 719 4507 lectio
740 4456 833 4507 non
853 4449 952 4507 est.
993 4443 1033 4490 si
1070 4443 1269 4507 quidem
1291 4442 1493 4507 Jnmbon
1516 4445 1561 4507 iu
1588 4442 1783 4507 Notitiis

240 4501 438 4554 heba'idi
459 4501 690 4554 secunda:
712 4502 1014 4563 adscribitur,
1034 4501 1174 4563 quam
1197 4501 1394 4553 Carolus
1414 4515 1441 4550 a
1459 4502 1510 4551 S.
1524 4503 1675 4553 Paulo
1699 4518 1784 4563 pro

196 4566 374 4615 ambae
396 4566 575 4627 accipit
596 4577 608 4627 ;
636 4576 812 4627 vereor
833 4561 1073 4627 natals-0’,
1100 4576 1207 4627 nam
1235 4564 1458 4613 Omboem
1480 4569 1673 4627 proprio
1696 4561 1783 4613 rio-

201 4628 332 4674 mine
366 4627 418 4673 in
440 4622 687 4686 superiori
710 4622 925 4673 Paschali
946 4624 1246 4686 Theophilus
1268 4632 1403 4686 vocat
1635 4627 1781 4686 eique

201 4687 306 4733 urbi
327 4684 555 4749 ‘Verrein
596 4699 684 4747 pro
722 4686 946 4749 Sylvano,
986 4698 1080 4749 non
1119 4684 1439 4749 Timotheum
1467 4684 1781 4749 constitutum

201 4746 409 4807 nuntiat.
436 4744 674 4807 Volusius
692 4744 855 4807 autem
888 4748 1083 4793 omnino
1121 4747 1325 4807 retineri
1348 4751 1517 4807 Lutati,
1533 4747 1671 4807 cujus
1692 4761 1782 4807 op-

203 4806 553 4868 pjdi_meminit
570 4806 745 4856 Strabo
766 4806 852 4855 lib.
882 4808 956 4855 l7.
985 4806 1327 4868 exioccasione
1350 4806 1641 4862 animalium,
1672 4806 1783 4868 quae

206 4864 269 4911 ab
282 4864 519 4927 Egyptiis
539 4868 813 4923 adorantur,
828 4874 975 4929 atque
994 4866 1198 4929 urbibus
1222 4865 1387 4915 fecere
1410 4869 1600 4915 nomina
1620 4882 1632 4915 :
1652 4864 1782 4918 unde

210 4936 274 4971 ex
303 4926 441 4989 μιρ,
478 4929 561 4989 qui
585 4930 731 4989 piscis
750 4926 944 4989 quidam
980 4929 1028 4975 in
1051 4926 1088 4974 Ν
1097 4926 1160 4989 ilo
1184 4934 1285 4989 est,
1312 4940 1557 4984 Δατοιολιτις
1591 4936 1783 4979 vocatos

210 4982 378 5049 t_ra_dit_.
401 4984 459 5032 In
478 4982 655 5036 Noti'tia
672 4982 909 5037 'l‘hebaidi
932 4987 1160 5037 secundae
1180 4982 1431 5049 addicitur,
1455 4997 1507 5036 et
1530 4982 1634 5037 Leto
1654 4990 1781 5049 apud

212 5042 617 5110 Schelestratium
639 5048 1139 5110 appellaturLtametsi
1164 5046 1290 5095 aliud
1315 5042 1471 5097 ferme
1492 5042 1784 5110 cognouiiue

210 5103 444 5172 oppidum
476 5104 645 5172 fuerit,
671 5103 809 5172 quod
834 5110 882 5157 in
903 5103 1110 5172 Egypto
1136 5109 1287 5172 prima
1309 5103 1634 5172 constituitur.
1659 5108 1783 5158 Vide

212 5167 515 5240 Eut‘pattcis
551 5168 602 5216 in
637 5167 875 5238 vei-sibus,
906 5167 1047 5232 quain
1079 5167 1227 5240 multa
1247 5176 1453 5240 peccata
1468 5169 1598 5240 sint,
1639 5182 1785 5240 quam

214 5222 366 5291 multa
386 5222 896 5291 etiampraetermissa,
917 5222 1026 5291 una:
1050 5222 1378 5291 explicatione
1400 5222 1700 5290 indigebant.

299 5245 365 5272 ιω
386 5245 531 5275 etiam
556 5245 892 5289 praetermissa.
917 5245 1026 5291 qua:
1050 5245 1111 5279 ex
1151 5245 1378 5279 iicauone
1400 5245 1700 5290 indigebant.

299 5286 353 5403 αζ
387 5284 514 5338 Alias
534 5289 616 5360 99.
630 5288 830 5361 scripta
852 5290 985 5359 circa
1004 5303 1087 5340 an.
1519 5350 1529 5361 .
1586 5350 1596 5361 ,
1744 5349 1755 5360 ⁸

301 5346 330 5394 b
385 5348 847 5403 Anausttmanorum
882 5364 1085 5403 operum
1109 5352 1324 5401 editores
1343 5348 1648 5400 Benedictini
1676 5348 1755 5397 hei

301 5346 357 5414 ιη
385 5346 848 5414 Augustinianorum
882 5356 1085 5414 cperum
1109 5352 1324 5414 editores
1343 5348 1648 5414 Benedictini
1676 5348 1787 5414 heic

217 5404 673 5479 desiderantium,
701 5412 751 5459 in
775 5404 993 5474 epistola:
1015 5419 1183 5462 autem
1224 5411 1439 5463 clausula
1479 5410 1788 5462 desideratis-

218 5531 351 5642 περ
372 5532 542 5642 ἐὲἓθω
564 5572 580 5597 ,
605 5534 762 5585 Etiam
782 5534 872 5586 Iisc
893 5537 959 5587 ad
982 5549 1059 5587 me
1080 5549 1194 5587 sane
1216 5534 1469 5601 perlatum,
1494 5540 1658 5586 utrum
1678 5544 1787 5597 qut-

254 5604 348 5647 em.
372 5602 465 5643 etc.

280 5653 356 5715 (ά)
392 5655 710 5720 Mai-danaum,
739 5666 836 5709 Hoc
859 5665 1017 5711 autem
1040 5659 1178 5712 breve
1199 5665 1285 5723 est,
1309 5663 1597 5726 suggestum,
1623 5662 1720 5706 etc.

1890 2498 2073 2543 eontra
2107 2493 2419 2559 parvitatem
2443 2510 2616 2550 meam
2641 2498 2831 2552 librum
2857 2501 3074 2556 Romam
3103 2520 3206 2557 non
3232 2508 3463 2564 misisse.

1894 2579 2001 2633 lloc
2024 2596 2121 2634 nec
2150 2597 2247 2651 ego
2274 2582 2469 2637 factum
2493 2587 2787 2653 audieram,
2808 2590 2899 2645 sed
2927 2593 3164 2661 epistolae
3190 2598 3464 2665 cujusdam

1889 2673 2035 2739 quasi
2067 2673 2132 2725 ad
2161 2689 2247 2727 tne
2277 2676 2489 2745 scriptae
2517 2692 2612 2746 per
2634 2678 2849 2735 fratrem
2880 2696 3119 2739 nostrum
3151 2686 3462 2759 Sysinnium

1890 2764 2175 2818 Diacomtm
2211 2765 2312 2819 huc
2340 2771 2663 2839 exemplaria
2696 2787 3053 2840 pervenerunt
3080 2796 3092 2831 :
3130 2780 3180 2832 in
3203 2796 3301 2848 qua
3330 2782 3461 2838 lior-

1890 2855 2015 2904 tai-is
2042 2870 2146 2919 me,
2182 2866 2235 2908 ut
2266 2862 2555 2926 παλινῳδιαν
2593 2876 2754 2929 super
2787 2864 3015 2930 quodam
3046 2870 3282 2935 Apostoli
3310 2874 3460 2941 capi-

1889 2946 1999 2998 tulo
2025 2963 2233 3009 cauam,
2263 2956 2317 3002 et
2350 2947 2529 3004 imiter
2550 2949 2913 3006 Stesichorum
2946 2955 3085 3009 inter
3114 2959 3459 3027 vituperatio-

1889 3055 2007 3091 neiii
2036 3050 2089 3093 et
2115 3040 2298 3094 laudes
2319 3042 2532 3097 llelente
2554 3044 2919 3112 fluctuantem,
2940 3049 3101 3116 utqui
3129 3049 3461 3110 detrahendo

1886 3131 2067 3182 oculos
2100 3131 2422 3197 perdiderat,
2457 3133 2723 3188 laudando
2750 3140 3033 3205 receperit.
3060 3140 3170 3209 Ego
3191 3144 3453 3212 simplici-

1889 3230 1966 3273 ter
1989 3220 2155 3273 fateor
2170 3222 2461 3289 dignationi
2485 3232 2606 3287 tute,
2626 3225 2750 3281 licet
2771 3229 2941 3299 stylus
2960 3238 3014 3285 et
3034 3230 3095 3302 (ἕ)
3110 3239 3461 3303 Ιπιχιιρήματα

1888 3320 1971 3362 tua
2011 3312 2137 3363 milii
2168 3312 2469 3367 viderentur
2499 3332 2513 3369 :
2550 3325 2725 3371 tamen
2756 3334 2861 3372 non
2889 3330 3088 3376 temere
3115 3326 3444 3394 exemplari-

1888 3400 1982 3453 bus
2014 3402 2315 3456 litterartim
2347 3404 2668 3460 credendum
2703 3410 2878 3475 putavi
2905 3426 2920 3474 ;
2951 3425 3017 3465 ne
3046 3411 3180 3467 forte
3220 3430 3307 3470 me
3352 3431 3462 3472 res-

1885 3491 2183 3557 pondente,
2213 3493 2374 3549 laesus
2421 3494 2565 3565 juste
2616 3500 3017 3568 expostulares,
3046 3504 3186 3573 quod
3230 3508 3459 3574 probare

1884 3592 2006 3634 ante
2034 3580 2336 3638 debuissem
2365 3593 2511 3639 tuum
2535 3602 2655 3642 esse
2682 3603 2986 3647 sermonem
3010 3632 3024 3653 ,
3060 3602 3115 3647 et
3142 3594 3219 3648 sic
3247 3597 3449 3651 rescri-

1886 3671 2030 3727 bere.
2083 3674 2330 3730 Accessit
2383 3676 2452 3731 ad
2503 3693 2709 3733 moram
2762 3690 2961 3736 sanctae
3009 3693 3063 3737 et
3130 3687 3453 3743 venerabilis

1885 3761 2061 3817 Paulae
2102 3765 2258 3834 longa
2302 3766 2601 3819 infirmitas.
2651 3768 2783 3821 Dum
2821 3772 2962 3822 enim
2993 3770 3260 3838 languenti
3291 3777 3460 3831 multo

1888 3861 2126 3921 tempore
2167 3855 2528 3910 assideremns
2560 3856 2661 3927 [ει.
2689 3857 3024 3929 assidemus],
3057 3874 3191 3926 pene
3218 3865 3460 3930 epistola:

1887 3950 1993 3995 tua:
2018 3982 2033 4006 ,
2067 3943 2149 3995 vel
2182 3942 2299 4011 ejus
2327 3944 2417 4011 qui
2447 3945 2547 3996 sub
2576 3952 2665 3996 tuo
2692 3946 2906 3999 nomine
2931 3948 3217 4014 scripserat
3244 3990 3259 4013 ,
3305 3953 3459 4010 obliti

1884 4045 2088 4095 sumus,
2119 4047 2385 4087 memores
2416 4033 2556 4087 illius
2581 4036 2823 4088 versiculi
2852 4052 2867 4090 :
2903 4036 3099 4092 Musica
3122 4039 3174 4093 in
3196 4041 3336 4095 luctu
3362 4044 3460 4098 im-

1886 4129 2102 4190 portuna
2126 4126 2354 4176 narratio
2382 4123 2567 4193 (Eccli.
2599 4125 2691 4180 2‘2.
2724 4125 2799 4196 6).
2835 4126 3015 4198 Itaque
3043 4131 3086 4183 si
3117 4140 3203 4186 tua
3226 4142 3308 4188 est
3337 4136 3454 4204 epi-

1885 4213 2017 4266 stola
2037 4254 2052 4276 ,
2085 4224 2269 4282 aperte
2294 4216 2470 4270 scribe
2492 4257 2507 4278 ,
2551 4216 2634 4270 vel
2666 4217 2816 4272 mitte
2846 4222 3170 4288 exeinp'aria
3200 4225 3409 4279 veriora
3440 4242 3456 4280 :

1883 4315 1942 4358 ut
1970 4305 2171 4373 alisque
2200 4306 2308 4359 ullo
2330 4322 2553 4360 rancore
2575 4309 2836 4363 stomachi
2861 4311 2911 4363 iii
2934 4311 3324 4379 Scriptttrariim
3349 4317 3458 4371 dis-

1886 4400 2158 4469 putatione
2230 4398 2390 4468 633
2467 4412 2748 4453 versemur
2776 4415 2791 4452 :
2826 4411 2878 4453 et
2901 4402 2981 4455 vel
3014 4412 3250 4459 nostrum
3277 4423 3462 4464 emen-

1884 4490 2073 4544 demiis
2125 4502 2401 4554 errorem,
2444 4487 2531 4542 vel
2583 4488 2746 4543 alium
2806 4489 3005 4545 frustra
3046 4495 3459 4563 reprehendisse

1883 4579 2191 4634 doceamus.

1955 4668 2010 4723 2.
2054 4668 2206 4723 Absit
2242 4676 2421 4722 autem
2450 4682 2479 4721 a
2510 4681 2629 4731 me,
2662 4675 2721 4722 ut
2747 4668 3036 4739 quidquam
3068 4671 3136 4727 de
3176 4673 3326 4727 libris
3357 4684 3461 4733 tua:

1885 4756 2270 4813 bcatitutidinis
2311 4758 2575 4826 attingere
2616 4756 2861 4811 audeam.
2904 4757 3113 4813 Sufficit
3148 4761 3290 4815 enim
3330 4765 3461 4820 milii

1886 4847 2114 4916 probare
2141 4862 2277 4910 mea,
2302 4855 2357 4900 et
2381 4846 2554 4900 aliena
2576 4860 2679 4899 non
2702 4860 2944 4915 carpere.
2971 4847 3237 4903 Czeterum
3260 4854 3460 4920 optime

1885 4940 2034 4993 novit
2074 4938 2351 5007 prudentia
2404 4947 2531 5003 tua,
2578 4951 3006 5006 unumquemque
3049 4939 3107 4993 .in
3155 4956 3254 4994 suo
3300 4957 3461 5005 sensu

1888 5028 2180 5093 abundare,
2207 5035 2262 5082 et
2291 5026 2510 5096 puerilis
2550 5039 2670 5080 esse
2693 5025 2986 5094 jactantiae,
3016 5027 3155 5097 quod
3182 5030 3309 5086 olim
3332 5033 3461 5087 ado-

1888 5117 2169 5174 lescentuli
2213 5119 2392 5171 facere
2432 5126 2843 5182 consueverant,
2887 5119 3188 5175 accusando
3229 5123 3461 5182 illustres

1950 5227 2314 5298 (e)_Erasmus,
2349 5240 2498 5290 quem
2536 5229 3183 5298 secutns_est‘M_artianteus
3214 5248 3307 5298 per
3328 5250 3461 5287 sum-

1886 5289 2015 5357 [nam
2034 5291 2265 5357 incuriam
2282 5323 2298 5347 ,
2322 5289 2416 5352 qua
2445 5301 2693 5357 possumus
2713 5289 2857 5339 simul
2879 5290 3069 5352 simus;
3097 5289 3325 5357 quie'duo
3347 5303 3462 5350 otiiu

1888 5351 2130 5403 Victorius
2147 5350 2343 5411 quoque
2368 5350 2733 5411 em’endaverat.
3048 5350 3057 5352 ⁷
3106 5350 3140 5396 L

1956 5411 2028 5478 (Γ)
2052 5409 2379 5478 Benedic—Uni,
2402 5409 2669 5478 inibantino
2688 5411 2917 5475 gaudent.
2942 5426 3031 5476 pro
3051 5414 3338 5478 gloriantur.

1954 5470 2029 5581 (ﬂ)
2063 5470 2191 5544 Atius
2211 5471 2265 5520 9t
2278 5506 2297 5540 ..
2316 5471 2503 5527 scripta
2524 5473 2668 5533 paulo
2689 5470 2798 5526 ’νοω
2820 5470 3135 5535 δηρεὴονὲιη,

1958 5536 2035 5594 (γ)
2068 5533 2239 5590 Iidem,
2264 5532 2436 5581 littera:
2455 5540 2843 5594 supervenerimt.

1956 5536 2035 5654 ἑῇ)
2068 5536 2239 5590 Iidem,
2264 5536 2436 5581 littera:
2455 5540 2843 5593 supervenerunt.

1980 5596 2019 5655 t)
2052 5594 2515 5663 Arguinetitationes
2535 5592 2687 5645 ϐῖκοι
2708 5607 2960 5658 mlum.
2977 5608 3058 5661 am
3073 5598 3222 5652 etiam
3244 5607 3371 5654 teste
3390 5603 3470 5656 Cir

1894 5654 2077 5707 cerene
2101 5654 2160 5706 ad
2184 5654 2505 5716 Herennium.
