4054 6192
673 261 734 314 5i
1914 259 2158 316 ‘SANCTI
2198 251 2568 317 HIERONYMI

629 372 802 440 viros,
834 385 930 426 suo
960 372 1162 428 nomini
1193 368 1395 422 faniam
1433 381 1696 436 qttterere.
1740 367 1849 421 Nec
1881 377 1986 427 tam
2013 370 2209 425 stultus

635 475 758 514 sum
781 502 796 527 ,
845 471 902 515 ut
943 461 1249 515 diversitate
1276 457 1707 526 explanationum
1737 465 1945 512 tuarum
1971 473 2057 514 me
2087 460 2210 514 lmdi

643 560 822 618 putem
858 567 871 602 :
898 550 1017 618 quia
1047 561 1146 602 nec
1175 556 1228 600 tu
1258 547 1468 602 latdcris
1489 587 1504 612 ,
1531 549 1575 602 si
1608 563 1706 604 nos
1736 549 2001 603 contraria
2029 563 2209 605 sense-

639 642 824 694 rimus.
854 637 960 692 Sed
987 638 1070 690 illa
1096 647 1176 692 est
1217 653 1342 692 vera
1399 638 1539 694 inter
1584 639 1786 695 amicos
1834 640 2206 709 reprehensio,

641 728 714 797 (ἀ)
738 729 780 782 si
825 735 1059 780 nostram
1080 742 1268 795 peram
1293 743 1407 782 non
1453 728 1725 796 videntes,
1757 729 2020 795 aliorum,
2059 729 2206 798 juxta

631 816 894 882 Persium,
928 819 1209 872 manticam
1237 819 1659 875 consideremus.
1693 820 1970 890 Superest,
2003 829 2060 874 ut
2086 820 2206 873 dili-

631 924 724 978 gas
751 909 1058 978 diligentem
1087 920 1168 975 te;
1193 920 1248 964 et
1269 912 1321 964 in
1343 911 1740 980 Scripturarum
1762 926 1972 980 eampo,
1995 911 2206 980 juvenis

631 1013 811 1052 senem
846 1014 948 1052 non
969 1015 1255 1069 provoces.
1288 1001 1395 1056 Nos
1423 1011 1603 1056 nostra
1635 1003 1914 1056 habuimus
1943 1011 2202 1070 tempora,

623 1097 685 1142 et
711 1091 1045 1143 cucurrimus
1070 1101 1326 1160 quantum
1368 1094 1638 1161 potuimus
1669 1111 1682 1145 :
1712 1107 1852 1146 nunc
1881 1101 1931 1146 te
1957 1098 2204 1146 currente

627 1192 682 1236 et
725 1184 878 1253 longa
920 1185 1086 1252 spatia
1131 1193 1514 1251 transmeante,
1545 1185 1697 1240 nobis
1731 1185 1954 1238 debetur
1988 1185 2155 1237 otium
2186 1201 2200 1236 :

627 1276 892 1344 simulque
926 1277 1019 1346 (ut
1057 1291 1177 1331 cum
1208 1276 1412 1331 honore
1452 1287 1541 1332 tuo
1565 1286 1622 1332 et
1645 1276 1796 1331 venia
1825 1274 2048 1329 dixerim
2074 1273 2092 1344 )
2137 1289 2203 1327 ne

625 1365 772 1417 solus
813 1365 944 1418 mihi
987 1365 1055 1419 de
1089 1366 1274 1420 Poetis
1317 1366 1517 1435 aliquid
1564 1364 1906 1434 preposnisse
1948 1363 2199 1426 videaris,

624 1464 896 1510 memento
945 1457 1150 1512 Daretis
1193 1467 1247 1513 et
1291 1459 1481 1512 Entelli
1530 1457 1742 1530 (Virgil.
1775 1456 1824 1511 5.
1859 1453 2122 1525 Eneid.),
2149 1463 2204 1510 et

623 1548 854 1616 vulgaris
880 1549 1188 1618 proverbii:
1216 1551 1356 1620 quod
1384 1551 1479 1604 hos
1500 1549 1680 1604 ‘lassus
1711 1549 1898 1603 fortius
1945 1550 2068 1618 figat
2112 1563 2202 1617 pe-

623 1640 764 1694 dem.
815 1639 1020 1695 Tristes
1060 1640 1180 1696 ltae
1221 1640 1539 1695 dietavimus
1579 1657 1592 1692 :
1624 1640 1824 1693 utinam
1864 1654 2201 1693 mererentur

619 1729 932 1796 complexus
965 1737 1083 1784 tuos
1103 1769 1117 1793 ,
1153 1739 1207 1783 et
1234 1729 1516 1785 collatione
1559 1738 1744 1784 mutua
1771 1729 1854 1782 vel
1883 1728 2199 1783 doceremus

621 1818 820 1888 aliqua,
846 1819 930 1873 vel
961 1819 1309 1882 disceremus.

693 1909 745 1961 5.
781 1909 920 1963 Misit
960 1908 1089 1962 mihi
1133 1910 1430 1964 temeritate
1466 1909 1656 1976 solita,
1684 1923 1777 1963 sua
1808 1909 2082 1964 maledicta
2124 1907 2196 1982 (ιι)

618 1998 940 2068 Calpurnius
963 2040 977 2062 ,
1010 2008 1366 2068 cognomento
1396 1999 1674 2066 Lanarius,
1702 2016 1818 2070 qua:
1858 2000 1924 2054 ad
1964 2001 2192 2083 Africmn

619 2106 829 2160 quoque
851 2089 1025 2143 studio
1047 2091 1162 2158 ejus
1183 2090 1340 2144 didici
1366 2092 1689 2159 pervenisse.
1719 2091 1796 2145 Ad
1823 2107 1940 2161 quae
1963 2092 2196 2146 breviter

617 2199 683 2236 ex
714 2193 861 2252 parte
886 2184 1158 2252 respondi,
1181 2193 1235 2239 et
1261 2185 1422 2239 libelli
1453 2185 1569 2252 ejus
1595 2185 1746 2239 vobis
1777 2185 1892 2238 misi
1923 2185 2195 2254 exempla-

617 2273 716 2338 ria,
747 2272 905 2326 latius
929 2287 1082 2341 0pus,
1111 2289 1231 2328 cum
1261 2284 1620 2343 opportunum
1648 2274 1825 2339 luerit,
1858 2274 2031 2343 primo
2065 2275 2194 2330 mis-

617 2378 774 2416 surns
805 2372 1082 2431 tempore:
1112 2364 1162 2417 in
1195 2379 1298 2434 quo
1329 2363 1456 2418 illud
1478 2364 1694 2428 eavi,ne
1713 2363 1764 2417 in
1783 2378 2048 2434 quoquam
2073 2366 2191 2421 exi-

612 2454 974 2508 stimationem
1014 2454 1263 2508 laederem
1305 2455 1697 2519 Christianam;
1749 2454 1843 2510 sed
1888 2465 2088 2510 tantum
2137 2465 2193 2524 ut

616 2545 892 2600 delirantis
914 2545 1254 2615 imperitique
1282 2546 1612 2600 mendacium
1643 2563 1704 2601 ac
1734 2547 2032 2600 vecordiam
2063 2562 2192 2601 cou-

617 2635 862 2689 f'ntarem.
911 2635 1175 2690 Memento
1217 2635 1339 2698 mei,
1381 2644 1565 2690 sancte
1595 2644 1650 2690 et
1681 2636 2001 2691 venerabilis
2027 2637 2187 2704 Papa.

620 2727 748 2781 Vide
773 2737 1030 2796 quantum
1070 2736 1120 2780 te
1158 2727 1372 2795 diligam
1400 2769 1416 2792 ,
1447 2737 1504 2780 ut
1530 2743 1596 2781 ne
1631 2737 1946 2795 provocatus
1974 2728 2187 2797 quidem

611 2819 868 2872 voluerim
918 2817 1241 2887 respondere
1268 2835 1281 2869 :
1311 2833 1411 2872 nec
1447 2816 1662 2871 credam
1702 2825 1848 2871 tuum
1875 2831 2015 2882 esse,
2045 2818 2188 2887 quod

613 2909 665 2962 in
720 2912 887 2965 altero
942 2909 1076 2963 forte
1123 2908 1591 2979 reprehenderem.
1643 2907 1836 2964 Frater
1881 2911 2190 2964 communis

609 3003 926 3070 suppliciter
959 3011 1010 3055 te
1040 3001 1256 3055 salutat.

987 3111 1154 3184 σξη,
1223 3111 1552 3168 EPISTULA
1589 3112 1700 3168 cut
1727 3113 1828 3185 (c).

1177 3241 1244 3280 AD
1283 3243 1311 3280 Δ
1320 3240 1607 3280 υῦοετικωι
1616 3264 1630 3278 .

667 3337 993 3393 Commendat
1023 3338 1298 3404 Augustino
1333 3335 1636 3389 Prwsidium
1656 3377 1670 3400 ,
1699 3345 1745 3390 et
1776 3337 1967 3392 salvere
1983 3339 2127 3408 jubet

1288 3427 1546 3494 Alypiuttt.

683 3537 904 3590 Domino
943 3550 1066 3589 vere
1113 3535 1307 3588 Sancto
1353 3545 1406 3588 et
1446 3536 1760 3591 Beatissimo
1810 3538 1964 3607 Papae
2008 3541 2184 3596 Ancu-

606 3643 785 3691 STINO,
821 3627 1160 3680 lltsnoxruus
1187 3625 1235 3678 iu
1265 3625 1478 3679 Christo
1501 3626 1723 3678 salutem

681 3741 734 3792 1.
792 3739 945 3790 Anno
991 3735 1261 3804 prmterito
1317 3749 1410 3803 per
1455 3734 1674 3790 fratrem
1725 3745 1964 3792 nostrum
2022 3739 2181 3793 Aste-

607 3831 742 3881 rimn
794 3828 1228 3896 llypodiaconum
1288 3825 1579 3893 dignationi
1629 3835 1731 3880 tua:
1771 3828 2052 3896 epistolam
2083 3829 2183 3882 mi-

603 3935 820 3984 seram,
878 3927 1182 3988 promptum
1245 3918 1474 3972 reddens
1533 3917 1869 3972 salutationis
1907 3919 2176 3972 ofﬁcium:

601 4024 760 4079 quam
789 4007 884 4062 tibi
909 4007 1141 4062 arbitror
1167 4007 1449 4062 redditam.
1487 4005 1636 4080 Nunc
1676 4021 1886 4076 quoque
1925 4022 2022 4076 per
2057 4023 2181 4063 san-

539 4116 548 4124 ·
601 4110 746 4152 ctum
779 4097 993 4150 fratrem
1030 4111 1205 4150 meum
1246 4097 1561 4150 Praesidium
1593 4096 1880 4152 Diaeonum
1907 4137 1922 4162 ,
1948 4099 2179 4154 obsecro

605 4188 832 4255 primum
863 4194 920 4238 ut
945 4184 1252 4239 memineris
1279 4185 1400 4239 mei.
1448 4185 1650 4240 Deinde
1681 4196 1738 4240 ut
1773 4186 2007 4256 bajulum
2033 4189 2176 4244 litte-

603 4291 785 4330 rarum
817 4274 1013 4329 habeas
1045 4276 1498 4342 commendatum,
1526 4288 1580 4331 et
1623 4277 1752 4330 mihi
1795 4278 1934 4333 scias
1971 4294 2180 4348 germa-

605 4367 905 4430 nissimum,
936 4373 990 4418 ct
1017 4364 1068 4418 in
1101 4365 1520 4434 quibuscumque
1551 4369 1842 4420 necessitas
1871 4369 2176 4436 postulave-

602 4458 706 4520 rit,
755 4454 938 4509 foveas
986 4463 1145 4522 atque
1198 4463 1495 4519 sustentes;
1547 4471 1654 4509 non
1710 4471 1816 4526 quo
1861 4457 2035 4527 aliqua
2083 4473 2174 4524 re,

603 4547 816 4602 Christo
845 4546 1125 4607 tribuente,
1161 4544 1424 4614 indigeat;
1455 4545 1547 4600 sed
1575 4561 1680 4614 quo
1707 4547 1965 4602 bonorum
1992 4550 2178 4604 amici-

661 4677 733 4740 (a)
762 4674 1005 4740 ξονι-πρίει
1024 4674 1140 4740 olim
1165 4681 1270 4723 erat
1291 4674 1417 4736 apud
1445 4673 1776 4740 Levanienses
1807 4682 1972 4725 nostra
1994 4689 2174 4739 Opera,

595 4735 739 4801 quam
762 4735 990 4808 Erasmus
1024 4735 1285 4808 lectionem
1310 4735 1604 4808 emendavit.
1646 4735 1748 4786 Nec
1784 4735 2176 4843 praetereundum

598 4799 726 4843 (Illud
754 4806 858 4843 most
879 4797 1145 4843 V'tetortum
1164 4797 1466 4843 Benedtettm
1490 4803 1734 4843 annotant.
1758 4810 1784 4843 a
1807 4797 1901 4843 ludi
1919 4797 2174 4843 anolotmm

598 4797 726 4860 (illud
753 4806 858 4860 post
879 4797 1145 4860 V'ietorirum
1164 4797 1466 4860 Benedictiui
1490 4803 1734 4860 annotant,
1758 4797 1901 4845 alludi
1919 4797 2174 4860 apologum

596 4853 763 4920 Αἰδονῖ
783 4858 1011 4919 (ingentis
1039 4859 1203 4920 datam
1219 4858 1396 4919 cuique
1427 4853 1888 4920 mortaliumfperam
1910 4853 2015 4908 sive
2037 4853 2174 4908 man-

596 4917 756 4973 ticam.
781 4917 922 4982 cujus
951 4929 1139 4980 partem
1161 4917 1363 4983 alteram
1387 4919 1593 4983 preptjiis
1616 4917 1745 4983 vitiis
1766 4918 1957 4983 plenam
1979 4933 2007 4969 a
2030 4927 2174 4983 tergo

594 4987 811 5042 gestent,
837 4978 966 5042 quae
982 4978 1365 5042 autenraliorum
1390 4978 1803 5042 'continetdvitia',
1819 4993 1848 5029 a
1869 4980 2026 5032 fronte
2049 4978 2173 5042 pen-

593 5038 805 5113 dentem
832 5038 1111 5102 respiciant.
1148 5040 1318 5102 quue
1356 5048 1585 5103 spectare
1624 5038 1743 5088 illud
1778 5041 1936 5091 Persii
1960 5041 2012 5091 ia
2032 5038 2172 5108 Saty-

590 5116 663 5152 τις
685 5115 700 5151 ἓ

723 5168 782 5212 Ut
803 5175 939 5212 nemo
961 5162 1011 5211 in
1024 5175 1135 5225 sese
1165 5167 1308 5213 tentat
1331 5160 1643 5225 descendere,
1665 5175 1802 5213 nemo
1819 5199 1834 5225 ,

715 5225 807 5296 sed
835 5223 1130 5296 praecedenti
1152 5229 1392 5296 spectatur
1415 5223 1625 5296 mantica
1648 5233 1818 5296 tergo;

715 5236 807 5273 sea
835 5236 1130 5332 praecedenti
1152 5236 1392 5284 spectatur
1415 5236 1625 5273 mantica
1648 5236 1818 5296 (ergo;
2059 5288 2070 5298 θ

654 5283 726 5348 (b)
743 5285 798 5348 Ν
803 5298 832 5334 ιι
857 5284 903 5348 h_
914 5298 1008 5333 non
1032 5285 1203 5346 liquet,
1229 5283 1468 5348 Bullinum
1490 5285 1583 5333 hoc
1605 5297 1800 5348 nomine
1820 5284 2092 5348 suggillart,
2119 5296 2171 5338 et

589 5343 848 5409 maledicta
882 5343 1377 5409 invectivarumejus
1412 5343 1560 5394 libros
1595 5346 1784 5409 debere
1822 5343 2047 5409 intelligi.
2075 5343 2170 5398 Cur

590 5411 762 5470 autem
771 5407 849 5470 sic
869 5403 1005 5470 illum
1026 5405 1280 5470 appellarit
1299 5403 1639 5470 Hieronymus,
1663 5407 1871 5470 diximus
1891 5403 2035 5470 supFa
2057 5409 2171 5470 Epi-

589 5463 712 5512 stola
734 5465 811 5512 70.
833 5467 890 5513 ad
915 5463 1142 5528 Magnum
1166 5479 1214 5528 n.
1241 5467 1288 5514 6.
1311 5479 1460 5528 quem
1483 5463 1640 5515 locum
1665 5467 1848 5515 recole.
1874 5463 2034 5516 Antea
2057 5463 2168 5518 héic

589 5503 753 5591 ῖιὶἷρἷιιὶ
757 5503 792 5571 ἑ
799 5503 890 5573 ξεἶέ
888 5533 908 5574 ι
915 5503 2034 5591 ’ξιῖδὶἱιῖἱῑοὶιὲὶὶεῖυἨ-Ξὲῦίὲιἷὸἑίὲ,”ν“ἱῆἱῦὲὶιῖἓὶῖιῖἒ
2047 5503 2169 5581 ὑὶῖιὶἕ

589 5585 873 5649 scripturam
897 5585 1142 5649 plerisque
1176 5590 1319 5637 etiam
1344 5585 1458 5649 Mss.

654 5642 724 5699 (c)
760 5642 884 5689 alios
901 5642 984 5691 98.
1011 5642 1195 5708 ss'ripta
1229 5661 1353 5698 anno
1376 5643 1485 5696 403.

3795 277 3908 336 832

2316 372 2421 427 tias
2473 374 2777 431 avidissime
2815 386 3048 447 erpetat,
3089 388 3145 435 et
3182 397 3241 438 se
3283 383 3335 438 in
3376 383 3464 440 his
3507 388 3905 463 coniungendis

2315 463 2601 517 maximum
2633 473 2783 534 putet
2812 465 3124 523 beneﬁcium
3150 481 3522 530 consecutum.
3568 478 3678 534 Cur
3715 494 3901 540 autem

2312 551 2378 604 ad
2423 552 2763 610 Occidentem
2814 557 3172 627 navigaverit,
3226 561 3341 631 ipso
3387 567 3593 634 poteris
3639 585 3901 631 narrante

2313 653 2652 710 cognoscere.

2379 730 2434 784 2.
2480 732 2590 787 Nos
2637 735 2689 789 in
2730 740 3054 794 monasterio
3075 743 3379 811 constituti,
3403 748 3565 803 variis
3601 749 3730 807 hinc
3769 753 3896 812 inde

2311 817 2556 876 ﬂuctibus
2585 826 2869 893 quatimur,
2895 837 2949 882 et
2972 832 3410 899 peregrinationis
3437 839 3709 896 molestias
3730 850 3894 900 susti-

2311 925 2518 1008 nemus.
2553 913 2654 969 Sed
2677 917 2952 973 credimus
2982 920 3033 973 in
3063 937 3131 976 eo
3156 925 3244 992 qui
3275 925 3411 981 dixit
3437 946 3451 982 :
3475 927 3732 998 Conﬁdite
3753 977 3769 1002 ,
3799 954 3890 1008 ego

2309 1002 2404 1054 vici
2445 1006 2685 1058 mundum
2712 1005 2907 1079 (Joan.
2931 1011 3017 1065 16.
3055 1012 3122 1081 5)
3157 1031 3170 1067 :
3200 1017 3338 1084 quod
3375 1017 3495 1085 ipso
3539 1023 3811 1081 tribuente
3827 1002 3889 1082 et

2309 1098 2555 1162 prtesnle,
2587 1107 2772 1152 contra
2819 1099 3024 1156 hostem
3071 1103 3341 1159 diabolum
3379 1109 3657 1166 victoriam
3700 1130 3888 1172 conse-

2307 1200 2550 1254 quamur.
2599 1187 2851 1243 Sanctum
2891 1199 2944 1244 et
2979 1194 3336 1249 venerabilem
3384 1197 3602 1254 fratrem
3645 1214 3884 1261 nostrum

2311 1277 2500 1345 Papam
2531 1278 2776 1349 Alypium
2800 1322 2814 1345 ,
2847 1291 2904 1336 ut
2933 1299 3053 1338 meo
3081 1284 3338 1357 obsequio
3363 1273 3567 1346 salutes
3591 1335 3606 1359 ,
3636 1295 3878 1354 obsecro.

2303 1365 2482 1422 Sancti
2511 1368 2733 1436 fratres,
2763 1373 2852 1441 qui
2879 1373 3155 1428 nobiscum
3193 1377 3245 1430 in
3283 1382 3610 1437 monasterio
3661 1385 3881 1441 Domino

2306 1459 2510 1513 servire
2550 1460 2820 1529 festinant,
2853 1464 3048 1532 oppido
3079 1475 3128 1519 te
3157 1468 3412 1523 salutant.
3463 1470 3789 1530 Incolumem
3834 1489 3878 1534 te

2305 1557 2356 1602 et
2396 1565 2685 1605 memorem
2722 1554 2824 1606 mei
2865 1555 3108 1609 Christus
3151 1557 3405 1614 Dominus
3450 1573 3635 1618 noster
3677 1576 3879 1624 tueatur

2303 1642 2642 1709 omnipotens
2673 1684 2690 1709 ,
2750 1644 2973 1700 Domine
3023 1661 3148 1701 vere
3199 1657 3384 1704 sancte
3429 1660 3492 1705 et
3539 1659 3876 1727 suscipiende

2302 1731 2464 1800 Papa.

2657 1842 2826 1915 335
2899 1843 3231 1904 EPISTOLA
3267 1848 3380 1904 etv
3423 1851 3503 1922 (vc)

2707 1969 2982 2010 AUGUSTI!"
3015 1973 3079 2010 AD
3103 1973 3464 2016 HIERONYIUU.

2302 2063 2666 2134 Hieronymum
2692 2067 2988 2123 dehortatur
3010 2087 3042 2124 a
3074 2072 3217 2127 libris
3249 2073 3548 2130 Testamenti
3579 2083 3767 2136 veteris
3810 2098 3873 2138 ex

2373 2152 2588 2229 llebrco
2608 2157 2876 2221 vertendis,
2904 2160 3026 2227 quin
3055 2163 3222 2229 potius
3241 2173 3420 2218 auctor
3445 2177 3536 2233 est,
3559 2176 3613 2220 ut
3647 2169 3870 2240 Septua-

2367 2245 2509 2313 ginta
2549 2247 2823 2301 versionem
2857 2251 2983 2304 mire
3009 2251 3336 2322 depravatum
3364 2273 3425 2308 ac
3451 2259 3732 2314 variantem
3759 2267 3870 2317 red-

2367 2335 2456 2388 dat
2479 2351 2585 2389 sure
2609 2327 2846 2392 veritalﬁ
2857 2338 3062 2394 Novum
3095 2341 3464 2399 Testamentum
3485 2348 3548 2402 ab
3575 2365 3634 2403 eo
3649 2354 3871 2424 castiga-

2367 2434 2470 2477 tum
2495 2425 2692 2496 probat.

2369 2535 2593 2590 Domino
2617 2540 2929 2608 venerabili,
2958 2550 3011 2597 et
3035 2544 3378 2603 desiderabili
3402 2563 3591 2609 sancto
3621 2556 3795 2623 fratri,
3820 2566 3868 2614 et

2287 2627 2734 2699 compresbyter-o
2782 2631 3115 2701 lltsaouvno,
3164 2636 3500 2698 Aecusrntus
3548 2645 3604 2699 in
3646 2646 3866 2703 Domino

2293 2718 2546 2773 Salutem.

2367 2830 2418 2883 1.
2471 2829 2554 2884 Ea:
2594 2848 2695 2902 quo
2741 2836 2871 2904 coepi
2921 2838 2992 2890 ad
3039 2848 3087 2892 te
3133 2843 3365 2910 scribere,
3426 2863 3488 2900 ac
3539 2859 3626 2902 tua
3683 2856 3866 2920 scripta

2291 2919 2607 2988 desiderare,
2654 2939 2914 2993 nunquam
2963 2929 3088 2982 milii
3139 2933 3318 2986 melior
3363 2940 3584 2992 occurrit
3631 2919 3830 2998 occasio
3845 2986 3862 3011 ,

2287 3026 2442 3079 quam
2485 3021 2539 3064 nt
2571 3029 2666 3083 per
2703 3013 2802 3068 Dei
2843 3032 3062 3086 servum,
3091 3036 3152 3074 ac
3177 3025 3470 3080 ministrum
3494 3029 3868 3101 ﬁdelissimam,

2293 3102 2512 3171 mihique
2537 3104 2872 3174 carissimum,
2897 3126 3006 3163 mea
3035 3112 3124 3165 tibi
3149 3113 3417 3180 efferretur
3445 3121 3678 3189 epistola,
3704 3128 3864 3193 qualis

2291 3202 2362 3246 cst
2388 3193 2526 3260 [ilius
2551 3204 2715 3249 noster
2743 3197 3030 3268 Cyprianus
3055 3203 3320 3260 diaconus.
3352 3206 3454 3261 Per
3479 3213 3614 3265 [tunc
3643 3225 3773 3268 certe
3793 3218 3860 3271 ita

2289 3300 2436 3352 spero
2466 3284 2658 3339 litteras
2683 3296 2816 3355 tuas,
2840 3299 2894 3341 ut
2923 3293 3107 3346 certius
3126 3295 3179 3347 in
3199 3297 3293 3348 Itoc
3313 3313 3482 3352 rerum
3510 3318 3693 3371 genere
3719 3307 3862 3372 quid~

2288 3392 2436 3445 quam
2460 3393 2664 3446 sperare
2683 3395 2784 3432 non
2805 3382 3013 3449 possint.
3045 3382 3181 3438 Nam
3204 3403 3295 3440 nec
3319 3390 3542 3444 studium
3563 3394 3616 3446 in
3639 3399 3858 3463 petendis

2288 3466 2542 3534 rescriptis
2583 3479 2855 3523 memorato
2897 3471 3007 3538 filio
3044 3485 3218 3528 nostro
3257 3479 3431 3542 deerit,
3477 3498 3566 3534 nec
3605 3487 3771 3552 gratia
3810 3487 3858 3539 in

2287 3557 2649 3622 promerendis,
2674 3574 2763 3611 nec
2787 3559 3052 3630 diligentia
3078 3565 3130 3616 in
3155 3568 3523 3634 custodiendis,
3557 3588 3647 3626 nec
3672 3575 3856 3628 alacri.

2288 3655 2369 3698 tas
2409 3646 2461 3698 in
2502 3649 2833 3718 perferendis,
2867 3667 2958 3704 nec
2982 3653 3109 3718 ﬁdes
3153 3655 3206 3708 in
3250 3657 3520 3713 reddendis
3549 3675 3568 3713 :
3593 3671 3790 3716 tantnnt
3817 3666 3858 3718 si

2285 3733 2454 3802 aliqua
2483 3737 2633 3790 modo
2660 3753 2855 3791 merear
2877 3782 2891 3807 ,
2923 3741 3127 3811 adjuvet
3169 3743 3448 3812 Dominus,
3474 3759 3522 3803 et
3549 3751 3683 3805 adsit
3719 3754 3858 3808 cordi

2285 3836 2393 3890 tuo,
2421 3835 2468 3879 et
2501 3827 2752 3881 desiderio
2789 3847 2898 3884 meo
2919 3871 2934 3897 ,
2969 3841 3025 3885 ut
3067 3837 3344 3904 fraternam
3383 3842 3685 3897 voluntatem
3719 3847 3856 3899 nulla

2284 3919 2450 3982 maior
2471 3919 2701 3974 voluntas
2722 3921 2982 3992 impediat.

2353 4009 2408 4064 2.
2437 4010 2568 4075 Quia
2591 4028 2709 4082 ergo
2736 4013 2864 4067 duas
2877 4015 2992 4083 jam
3023 4017 3261 4084 epistolas
3286 4021 3403 4074 misi
3425 4039 3444 4086 ,'
3475 4024 3671 4078 nullam
3693 4037 3857 4080 autem

2284 4107 2422 4152 tuam
2450 4111 2624 4169 postea
2652 4104 2838 4170 recepi,
2862 4105 3060 4158 easdem
3088 4107 3227 4176 ipsas
3253 4125 3459 4165 rursum
3486 4115 3680 4170 mittere
3700 4119 3854 4182 volui,

2280 4190 2490 4243 credens
2511 4191 2591 4262 (ά)
2617 4208 2702 4246 eas
2727 4209 2828 4246 non
2849 4196 3147 4262 pervenisse.
3187 4198 3315 4263 Qua:
3339 4211 3387 4255 et
3419 4204 3466 4255 si
3497 4219 3856 4274 pervenerunt,

2283 4296 2344 4332 ac
2371 4283 2582 4352 fortasse
2618 4291 2718 4336 tua:
2751 4284 2919 4354 potius
2950 4286 3020 4339 ad
3058 4304 3135 4342 me
3169 4291 3373 4344 minime
3395 4297 3654 4362 pervenire
3677 4308 3859 4366 potue-

2283 4379 2420 4432 runt,
2445 4387 2502 4423 ea
2529 4371 2642 4440 ipsa
2671 4373 2882 4442 scripta,
2913 4391 3028 4444 qua:
3045 4377 3161 4445 jam
3190 4380 3390 4444 misisti,
3419 4383 3602 4436 iterum
3629 4387 3786 4450 mitte,
3816 4387 3861 4438 si

2281 4461 2412 4530 forte
2436 4474 2682 4515 reservata
2708 4473 2844 4517 sunt.
2888 4464 2984 4520 Sin
3023 4468 3188 4522 minus
3210 4509 3225 4535 ,
3253 4487 3429 4526 rursus
3456 4474 3592 4527 dicta
3625 4477 3764 4545 quod
3785 4475 3861 4530 ιε-
3945 4514 3963 4524 ο

2279 4565 2396 4619 gain
2416 4591 2429 4612 ,
2457 4550 2577 4603 dum
2605 4554 2876 4646 tameytis
2900 4557 3205 4625 respondere
3237 4576 3298 4612 ne
3319 4559 3413 4632 [aL
3449 4561 3571 4635 non]
3597 4567 3820 4634 graveris
3839 4608 3856 4632 ,

2279 4641 2413 4709 quod
2431 4641 2543 4710 jam
2572 4642 2659 4693 diu
2689 4641 2761 4696 est
2801 4655 2856 4697 ut
2890 4657 3117 4716 expecto.
3147 4648 3350 4705 Primos
3374 4652 3544 4720 etiam,
3567 4671 3694 4725 quas
3717 4659 3788 4709 ad
3809 4669 3860 4712 te

2277 4729 2446 4783 adhuc
2487 4730 2757 4801 Presbyter
2785 4735 2977 4791 litteras
3001 4755 3405 4808 praeparaverant
3445 4745 3733 4809 mittendas,
3768 4767 3859 4816 per

2276 4821 2541 4890 quemdam
2568 4825 2776 4892 fratrem
2807 4837 3033 4880 nostrum
3062 4827 3418 4899 Profuturum,
3447 4835 3534 4903 qui
3555 4845 3731 4903 postea
3762 4854 3861 4892 no-

2278 4911 2350 4966 bis
2377 4911 2570 4982 collega
2599 4915 2766 4982 factus
2785 4956 2800 4979 ,
2829 4917 2938 4984 iam
2978 4933 3042 4972 ex
3080 4919 3175 4972 hac
3220 4922 3319 4975 vita
3355 4923 3618 4992 migravit,
3644 4940 3739 4978 nec
3770 4943 3858 4982 eas

2279 5012 2396 5055 tunc
2436 5003 2545 5072 ipse
2584 5009 2807 5077 perferre
2843 5009 3025 5078 potuit,
3051 5011 3168 5079 quia
3192 5011 3426 5065 continuo
3449 5011 3570 5066 dum
3597 5017 3851 5085 proficiat:

2277 5095 2519 5163 disponit,
2551 5095 2886 5168 Episcopatus
2923 5099 3122 5153 sarcina
3165 5100 3392 5156 detentus
3415 5142 3430 5167 ,
3475 5118 3537 5156 ac
3578 5104 3762 5158 deinde
3800 5109 3852 5158 in

2277 5185 2406 5239 brevi
2435 5187 2704 5254 defunctus
2729 5197 2834 5254 est,
2862 5189 3011 5240 etiam
3039 5205 3173 5243 nunc
3199 5190 3392 5244 mittere
3418 5193 3558 5246 volui
3575 5234 3591 5261 ,
3632 5205 3689 5247 ut
3722 5195 3851 5247 scias

2274 5275 2328 5328 in
2367 5285 2452 5328 tua
2494 5277 2748 5346 colloquia
2773 5293 2924 5345 quam
2953 5277 3075 5332 olim
3108 5279 3457 5347 inardescunt,
3484 5291 3534 5336 et
3562 5299 3718 5352 quam
3754 5287 3849 5337 vim

2271 5368 2437 5436 patiar
2454 5369 2590 5436 quod
2611 5384 2644 5420 a
2668 5384 2748 5422 me
2771 5378 2874 5422 tam
2903 5368 3052 5439 longe
3070 5369 3249 5424 absunt
3274 5387 3454 5426 sensus
3475 5378 3708 5445 corporis
3732 5377 3804 5429 tui
3833 5391 3848 5428 :

2273 5473 2362 5526 per
2388 5473 2512 5527 quos
2536 5457 2679 5512 adire
2701 5458 2856 5529 possit
2881 5459 2950 5511 ad
2973 5459 3194 5513 animum
3216 5468 3361 5515 tuum
3379 5464 3584 5519 animus
3601 5481 3764 5536 meus,
3785 5471 3848 5522 nti

2355 5591 2402 5644 cl
2440 5590 2566 5640 Atius
2588 5591 2670 5640 88.
2701 5592 2888 5644 Scripta
2909 5603 3033 5642 arato
3053 5593 3162 5644 403.

2355 5605 2380 5640 c
2440 5590 2566 5640 Atius
2588 5591 2670 5640 88.
2701 5592 2808 5642 εει-ἰ
2839 5597 2888 5641 ta
2909 5603 3033 5642 arato
3053 5593 3162 5644 ωδ.

2337 5590 2412 5713 Η)
2444 5651 2685 5702 Victorius
2707 5665 2770 5704 ex
2796 5605 3034 5703 grixianis
3056 5653 3300 5705 codicillos
3327 5656 3463 5710 addit
3484 5662 3553 5714 ad
3573 5668 3640 5714 te.
