4054 6192
189 273 308 335 833

198 397 372 463 frater
398 391 712 458 dulcissime,
742 400 788 446 et
817 392 870 446 in
901 390 1103 447 Domini
1130 392 1358 446 membris
1386 391 1699 445 honorande.

273 485 455 557 636
525 486 578 540 ὅ.
622 482 689 537 1η
733 484 829 537 hac
867 493 1033 537 autem
1080 483 1290 555 epistola
1328 483 1422 536 hoc
1459 481 1630 545 addo,
1665 479 1799 550 quod

203 583 386 641 postea
432 575 721 640 didicimus,
761 589 826 627 ex
870 572 1086 627 Hebraeo
1109 573 1209 626 Job
1233 591 1265 626 a
1292 583 1340 626 te
1373 572 1758 639 interpretatum
1779 609 1796 636 ,

201 679 322 715 cum
344 665 463 731 jam
505 663 776 731 quamdam
819 663 1112 717 haberemus
1156 661 1620 732 interpretationem
1659 669 1800 713 tuam

202 754 440 823 ejusdem
461 753 734 820 Propheta:
754 771 815 808 ex
831 752 1010 807 (ἐι-αξεο
1029 754 1223 822 eloquio
1243 769 1436 806 versam
1457 753 1508 804 in
1530 751 1798 802 Latinum:

199 845 288 897 ubi
320 855 494 898 tamen
518 847 769 900 asteriscis
809 847 1012 910 notasti,
1042 863 1154 914 qua
1176 847 1228 899 in
1260 845 1474 899 Hebraeo
1501 853 1639 908 sunt,
1671 853 1717 896 et
1745 843 1799 895 in

199 935 387 990 (ἐνιτσο
411 937 631 1003 desunt;
657 939 883 991 obeliscis
913 947 1100 1004 autem,
1127 953 1241 1004 qua:
1265 939 1318 991 in
1345 936 1520 991 Graeco
1539 936 1800 988 inveniun-

196 1037 304 1087 tur,
330 1037 380 1079 et
407 1028 463 1080 in
496 1027 708 1082 Ilebrteo
737 1045 838 1082 non
863 1038 1020 1082 sunt:
1045 1038 1145 1081 tam
1175 1027 1393 1080 mirabili
1416 1025 1677 1095 diligentia
1699 1064 1712 1086 ,
1743 1034 1799 1075 ut

193 1118 516 1183 quibusdam
557 1120 607 1172 in
649 1120 772 1173 locis
813 1121 881 1172 ad
924 1120 1126 1190 singula
1166 1119 1312 1172 verba
1359 1116 1586 1186 singulas
1625 1113 1798 1168 stellas

197 1209 508 1275 videamus,
546 1210 887 1280 signiﬁcantes
908 1211 1081 1262 eadem
1105 1213 1251 1264 verba
1272 1226 1378 1262 esse
1402 1211 1451 1261 in
1481 1206 1713 1267 llebrteo,
1743 1205 1796 1257 in

195 1296 387 1352 Graeco
411 1311 580 1352 autent
609 1317 707 1352 non
729 1316 850 1353 esse.
885 1297 1050 1352 Porro
1076 1301 1128 1352 in
1151 1300 1245 1352 hac
1265 1298 1537 1369 posteriore
1555 1295 1799 1362 interpre-

192 1390 420 1452 tatione,
450 1405 562 1458 qua:
590 1405 729 1441 versa
753 1400 824 1442 est
851 1405 913 1442 ex
938 1387 1174 1453 Hebrteo,
1208 1405 1310 1442 non
1339 1387 1512 1441 eadem
1539 1387 1798 1439 verborum

194 1479 332 1543 ﬁdes
360 1480 602 1532 occurrit.
636 1477 744 1532 Nec
769 1496 948 1548 parum
974 1480 1138 1532 turbat
1165 1480 1467 1548 cogitantem
1486 1518 1501 1541 ,
1529 1477 1604 1529 vel
1632 1492 1721 1528 cur
1745 1475 1798 1528 in

198 1569 296 1621 illa
327 1571 501 1638 prima
528 1579 665 1622 tanta
691 1569 950 1638 diligentia
979 1570 1203 1638 ﬁgantur
1227 1569 1472 1631 asterisci,
1493 1576 1544 1619 ut
1569 1565 1799 1617 minimas

197 1661 355 1711 etiam
381 1661 660 1726 particulas
685 1660 926 1713 orationis
950 1661 1166 1712 indicent
1188 1659 1356 1711 deesse
1375 1658 1627 1710 codicibus
1651 1655 1799 1708 (ira:-

195 1749 290 1808 cis,
321 1765 443 1817 qua:
464 1757 579 1802 sunt
608 1750 661 1802 in
689 1747 915 1802 Hebraeis
937 1763 956 1802 :
976 1750 1051 1801 vel
1076 1765 1167 1800 cur
1189 1748 1240 1800 in
1268 1748 1364 1799 hac
1391 1748 1570 1808 altera,
1597 1761 1710 1813 qua
1736 1761 1799 1796 es:

197 1839 438 1896 Hebraeis
481 1851 581 1908 est,
622 1841 955 1910 negligentius
995 1840 1090 1893 hoc
1130 1849 1361 1891 curatum
1406 1839 1491 1898 sit,
1521 1839 1594 1907 (a)
1617 1844 1667 1888 ut
1697 1851 1798 1888 non

194 1933 390 1986 etrdem
433 1931 702 2002 particula:
740 1931 862 1985 locis
899 1929 1003 1983 suis
1044 1930 1400 1982 invenirentur.
1445 1929 1648 1995 Aliquid
1682 1927 1799 1979 inde

193 2025 423 2093 exempli
452 2025 621 2094 gratia
646 2023 778 2076 volui
811 2038 996 2091 ponere
1028 2037 1046 2072 :
1073 2021 1162 2074 sed
1191 2019 1313 2072 milii
1338 2019 1404 2071 ad
1435 2021 1611 2072 horam
1638 2018 1799 2070 codex

195 2117 362 2184 defuit
385 2157 398 2176 ,
429 2115 524 2183 qui
553 2130 613 2168 ex
641 2112 852 2166 Hebraeo
878 2121 970 2166 est.
1013 2109 1361 2163 Verumtamen
1400 2110 1517 2178 quia
1552 2108 1798 2177 praevolas

193 2207 405 2275 ingenio
427 2245 442 2268 ,
483 2221 582 2257 non
605 2204 768 2257 solum
801 2202 922 2271 quid
957 2201 1192 2266 dixerim,
1216 2216 1384 2252 verum
1411 2200 1557 2252 etiam
1579 2199 1698 2264 quid
1720 2199 1799 2251 di-

195 2310 313 2347 cere
342 2293 615 2356 voluerim,
649 2292 789 2356 satis,
812 2300 865 2344 ut
891 2290 1100 2357 opinor,
1132 2289 1390 2372 intelligis,
1415 2297 1467 2340 ut
1497 2304 1647 2340 causa
1678 2288 1796 2340 red-

196 2385 331 2448 dita,
364 2383 511 2453 quod
542 2391 721 2445 movet,
755 2382 1019 2434 edisseras.
1249 2369 1252 2372 ’

271 2477 328 2530 4.
365 2473 488 2542 Ego
513 2488 634 2526 sane
661 2480 708 2524 te
732 2471 931 2524 mallem
959 2469 1162 2524 Grcecas
1182 2470 1346 2539 potius
1367 2468 1633 2522 canonicos
1659 2468 1799 2520 nobis

196 2562 535 2632 interpretari
556 2560 870 2629 Scripturas,
887 2577 998 2629 qua:
1015 2558 1348 2630 Septuaginta
1365 2557 1699 2627 Interpretum
1726 2557 1797 2628 (b)

199 2654 515 2708 auctoritate
545 2650 882 2720 perhibentur.
917 2649 1200 2703 Perdurum
1225 2648 1356 2701 enim
1383 2649 1508 2712 erit,
1539 2647 1582 2699 si
1609 2656 1695 2698 tua
1721 2648 1801 2698 in-

203 2743 507 2814 terpretatio
531 2758 622 2812 per
642 2741 827 2794 multas
849 2739 1099 2792 Ecclesias
1119 2739 1422 2805 frequentius
1441 2739 1639 2806 coeperit
1660 2738 1800 2790 lecti-

203 2836 304 2888 tari
324 2877 338 2897 ,
369 2832 513 2903 quod
535 2849 566 2884 a
589 2831 778 2885 Graecis
811 2829 1046 2883 Ecclesiis
1073 2828 1275 2882 Latina:
1304 2829 1544 2882 Ecclesia:
1565 2829 1797 2881 dissona-

205 2927 350 2990 bunt,
377 2931 601 2977 maxime
619 2923 736 2992 quia
757 2922 908 2993 facile
921 2919 1259 2973 contradictor
1278 2921 1605 2986 convincitur,
1623 2920 1798 2974 Greece

205 3017 408 3085 prolato
453 3014 602 3080 libro,
630 3013 684 3066 id
721 3023 792 3066 est
834 3013 1020 3081 lingua:
1049 3012 1343 3066 notissimw.
1376 3012 1610 3079 Quisquis
1635 3021 1799 3064 autem

205 3107 259 3158 in
299 3122 357 3159 eo
402 3104 543 3175 quod
572 3118 633 3156 ex
665 3101 875 3156 Ilcbrteo
907 3102 1209 3154 translatum
1249 3111 1354 3167 est,
1385 3102 1554 3168 aliquo
1599 3102 1799 3154 insolito

207 3204 471 3263 permotus
502 3193 682 3263 fuerit,
711 3199 754 3244 et
785 3190 903 3258 falsi
933 3193 1120 3243 crimen
1156 3191 1453 3254 intenderit,
1476 3201 1560 3242 aut
1587 3193 1687 3255 vix,
1713 3203 1800 3246 aut

207 3299 479 3350 nunquam
506 3281 572 3332 ad
605 3279 814 3333 Hebraza
837 3280 1117 3332 testimonia
1145 3280 1473 3347 pervenietur,
1503 3281 1679 3350 quibus
1709 3283 1799 3336 de-

209 3373 460 3440 fendatur
484 3371 750 3440 objectum.
783 3369 932 3436 Quod
955 3371 999 3423 si
1037 3371 1181 3422 etiam
1218 3381 1502 3438 perventum
1530 3373 1699 3440 fuerit,
1731 3383 1802 3426 tot

211 3462 426 3518 Latinas
451 3472 499 3516 et
529 3461 730 3516 Griecas
755 3461 1078 3515 auctoritates
1099 3460 1334 3514 damnari
1356 3462 1465 3530 quis
1485 3463 1658 3532 ferat?
1688 3461 1734 3515 Η
1743 3481 1802 3516 uc

210 3555 427 3620 accedit,
462 3556 580 3623 quia
618 3555 767 3608 etiam
806 3552 1021 3607 consulti
1069 3551 1270 3607 Hebraei
1301 3564 1508 3622 possunt
1555 3554 1697 3606 aliud
1723 3571 1802 3608 re-

211 3651 498 3720 spondere;
543 3656 596 3701 ut
643 3657 696 3702 tu
729 3627 865 3701 solus
908 3644 1215 3699 necessarius
1257 3645 1491 3711 videaris,
1532 3646 1619 3714 qui
1651 3648 1800 3700 etiam

211 3740 352 3807 ipsos
398 3738 561 3808 possis
597 3737 885 3791 convincere
907 3752 926 3790 :
953 3735 1043 3791 sed
1072 3747 1234 3789 tamen
1260 3752 1356 3805 quo
1374 3736 1553 3806 judice
1571 3779 1584 3801 ,
1618 3738 1798 3790 mirum

213 3832 256 3884 si
284 3831 514 3902 potueris
539 3831 778 3883 invenire.

285 3923 341 3977 5.
377 3921 518 3976 Nam
545 3921 743 3989 quidem
765 3920 920 3986 frater
939 3927 1105 3972 noster
1127 3918 1430 3988 Episcopus,
1455 3937 1565 3972 cum
1589 3920 1800 3972 lectitari

213 4012 512 4067 instituisset
530 4011 581 4062 in
600 4007 824 4061 Ecclesia
843 4009 924 4060 cui
947 4017 1143 4074 prteest,
1164 4009 1618 4078 interpretationem
1641 4019 1797 4070 luam,

215 4102 372 4154 movit
397 4097 639 4165 quiddam
670 4095 817 4165 longe
843 4095 990 4148 aliter
1013 4098 1102 4149 abs
1133 4106 1179 4148 te
1205 4097 1421 4164 positum
1451 4098 1587 4165 apud
1613 4097 1802 4150 .lonam

217 4189 538 4258 PrOphetam
569 4187 588 4256 (
609 4183 734 4254 Cap.
757 4185 811 4240 4.
833 4201 882 4242 v.
905 4185 996 4256 6),
1022 4201 1174 4256 quam
1201 4195 1306 4238 erat
1334 4187 1553 4239 omnium
1580 4187 1802 4241 sensibus

217 4279 572 4346 memoriaque
606 4277 931 4330 inveteratum
957 4317 973 4342 ,
1003 4286 1050 4330 et
1081 4286 1152 4328 tot
1175 4285 1378 4330 celatum
1414 4277 1802 4333 succcssionibus

221 4370 567 4423 decantatum.
622 4365 815 4419 Factus
885 4365 1044 4437 637
1118 4377 1191 4420 est
1244 4375 1411 4420 tantus
1467 4367 1706 4420 tumultus
1752 4369 1804 4422 in

224 4459 382 4526 plebe,
412 4457 630 4510 maxime
659 4454 847 4510 Grtecis
872 4456 1222 4525 arguentibus,
1251 4466 1297 4508 et
1329 4455 1399 4525 (ε)
1430 4457 1803 4525 inﬂammanti-

226 4548 314 4603 bus
338 4548 644 4602 calumniam
671 4546 930 4616 falsitatis,
955 4555 1008 4598 ut
1028 4556 1288 4614 cogeretur
1309 4545 1594 4617 Episwpus
1624 4546 1702 4618 (d)
1723 4545 1804 4620 [ea

286 4705 359 4765 (a)
391 4705 590 4765 Absque
606 4700 813 4765 negandi
837 4700 1086 4764 particula,
1109 4712 1205 4748 non
1225 4698 1320 4765 alio
1335 4707 1498 4748 tamen
1519 4713 1687 4759 sensu,
1707 4701 1803 4750 Be-

228 4761 459 4814 nedictiui
497 4761 957 4822 Augustiniauorum
998 4775 1201 4823 cperum
1245 4761 1491 4820 editores,
1535 4769 1584 4810 ut
1620 4767 1804 4813 ewttcm

293 4825 497 4874 rticultz.
525 4831 619 4871 etc.

229 4838 497 4887 particulae,
525 4838 619 4871 etc.

242 4943 253 4948 _
275 4885 365 4948 ib)
399 4886 551 4948 [idem
571 4881 894 4948 Beuedictini,
910 4895 1018 4947 quae
1033 4881 1336 4946 septuaginta
1354 4881 1667 4944 interpretmn
1689 4897 1802 4948 per-

231 4943 438 5005 hibetur,
462 4946 642 5005 alisque
675 4943 973 4994 auctoritate.

320 5006 367 5066 ο)
400 5004 473 5054 Ex
495 5004 766 5066 Erssmoet
809 5005 1173 5054 Lovaniensinm
1193 5005 1482 5053 recensione
1500 5007 1804 5065 reposuimus

231 5063 662 5132 inﬂainmantibus;
696 5065 744 5113 in
775 5067 1135 5132 recentioribus
1171 5067 1349 5132 quippe
1388 5065 1534 5132 editis
1562 5063 1804 5116 hactenus

232 5124 513 5188 obtinuerat
548 5124 928 5183 inclamantibus,
953 5141 1047 5176 nec
1081 5124 1314 5176 concinne
1339 5127 1455 5173 satis
1472 5162 1485 5183 ,
1513 5140 1606 5188 nec
1641 5141 1760 5176 vere
1787 5143 1801 5188 ;

234 5186 346 5247 Mss.
374 5187 507 5237 enim
528 5197 716 5245 omnes,
741 5199 862 5247 quos
883 5188 1186 5236 Martiauseus
1219 5188 1409 5236 curiose
1435 5185 1688 5247 consuluit,
1717 5185 1803 5236 uo;

234 5246 415 5311 uiscum
438 5248 610 5311 legunt
636 5260 649 5295 :
675 5255 728 5296 et
749 5246 920 5311 Cicero
938 5261 1132 5311 quoque
1156 5251 1206 5296 in
1227 5249 1434 5297 Verrem
1471 5246 1704 5297 invidiam
1727 5248 1804 5297 in-

231 5305 477 5372 ﬂammare
491 5305 640 5366 dixit,
666 5309 792 5370 quod
817 5317 892 5372 est
912 5305 1114 5372 augere.

293 5369 370 5429 (ά)
402 5369 518 5418 Plus
553 5369 703 5432 satis},
747 5370 925 5419 nedum
967 5369 1237 5428 iinmerito,
1262 5369 1455 5432 vapulat
1490 5369 1804 5432 Pezroniusa

235 5427 663 5494 usrtiauteomuod
685 5431 948 5494 legendum
973 5438 1168 5494 putarit,
1185 5441 1280 5482 oea
1301 5427 1476 5494 quippe
1493 5437 1597 5494 erat
1619 5430 1802 5494 civitas,

236 5496 334 5544 etc.
359 5502 446 5551 pro
479 5489 768 5600 ea'quippe',
807 5501 902 5543 etc.
946 5489 1066 5542 Illud
1089 5489 1209 5542 vero
1249 5489 1492 5555 proprium
1517 5491 1634 5563 Oete
1670 5493 1804 5564 urbis

236 5560 410 5598 nomen
429 5558 573 5599 antea
595 5563 651 5599 su
673 5555 985 5600 \sutuendum
1025 5554 1246 5600 voluerat
1268 5553 1457 5600 Isaacus
1478 5553 1678 5600 Vossms
1703 5567 1804 5600 em-

233 5560 410 5614 nomen
420 5558 573 5614 notes
595 5553 985 5604 substituendum
1025 5553 1457 5605 voluerat'lsascus
1478 5553 1678 5602 Vossius
1703 5554 1804 5614 epi-

234 5609 353 5660 stola
373 5611 432 5660 ad
455 5610 760 5678 Schotauum,
785 5629 1021 5678 suamque
1039 5619 1359 5678 conjecturam
1377 5614 1503 5664 haud
1525 5609 1801 5678 usquequa-

234 5682 329 5725 que
365 5673 1073 5739 contemnendis'argum'entis
1113 5673 1505 5730 conﬁrmaret-at.
1543 5673 1660 5730 quin
1701 5673 1802 5724 imo

1560 268 1569 278 ’
1641 269 1968 334 EPISTULA
2008 271 2112 331 CV.

3386 285 3491 345 83b

1896 389 2084 458 quippe
2123 386 2296 440 civitas
2339 385 2486 455 erat)
2513 384 2811 441 Iudaeorum
2849 390 3185 447 testimonium
3226 397 3485 465 ﬂagitare.

1912 477 2091 532 Utrum
2112 487 2276 530 autem
2304 477 2380 529 illi
2407 477 2660 546 imperitia
2682 517 2698 542 ,
2725 494 2793 530 an
2817 480 3010 533 malitia
3040 483 3133 537 hoc
3163 501 3270 539 esse
3296 487 3346 540 in
3378 488 3487 543 lle-

1905 570 2052 623 brteis
2075 568 2333 622 codicibus
2359 569 2759 638 responderunt,
2794 571 2931 638 quod
2961 581 3005 623 et
3032 572 3194 627 Grieci
3231 589 3276 630 et
3314 577 3488 636 Latini

1905 659 2171 713 habebant.
2198 657 2271 732 (e)
2303 658 2439 724 Quid
2467 659 2656 728 plura?
2681 669 2882 714 coactus
2910 661 2982 714 est
3009 664 3154 716 homo
3185 669 3312 719 velut
3341 687 3487 726 mes-

1905 751 2168 805 dositatem
2209 751 2492 820 corrigere,
2516 751 2704 813 volens,
2747 761 2859 820 post
2906 769 3146 823 magnum
3184 761 3486 827 periculum,

1903 858 2005 894 non
2029 858 2287 895 remanere
2306 841 2414 895 sine
2436 841 2595 909 plebe.
2642 841 2790 895 Unde
2816 844 2967 895 etiam
2997 845 3140 901 nobis
3165 848 3363 902 videtur
3385 854 3486 905 ali-

1903 932 2106 999 quando
2135 941 2182 984 te
2205 947 2398 1000 quoque
2421 933 2470 984 in
2494 931 2751 985 nonnullis
2769 933 2884 1002 falli
2904 936 3143 1003 potuisse.
3175 937 3240 991 Et
3264 941 3373 992 vide
3392 941 3487 995 hoc

1903 1024 2052 1091 quale
2074 1023 2156 1084 sit,
2185 1023 2237 1074 in
2265 1023 2336 1075 eis
2365 1022 2566 1084 litteris,
2599 1038 2713 1091 qua:
2734 1039 2833 1076 non
2859 1035 3067 1092 possunt
3101 1029 3298 1084 collatis
3322 1033 3486 1086 usita-

1903 1121 2070 1165 tarum
2097 1111 2384 1180 linguarum
2408 1113 2703 1164 testimoniis
2727 1113 3005 1168 emendari.

1975 1201 2027 1254 6.
2066 1199 2291 1253 Proinde
2330 1218 2430 1254 non
2467 1218 2648 1270 pareas
2680 1201 2784 1255 Deo
2808 1204 2998 1273 gratias
3028 1205 3224 1274 agimus
3251 1207 3312 1260 de
3337 1226 3488 1279 opere

1904 1300 1989 1344 tuo
2009 1333 2021 1351 .
2049 1306 2147 1361 quo
2176 1289 2504 1360 Evangelium
2534 1307 2597 1344 ea:
2626 1291 2802 1345 (ἔναυε-ο
2841 1293 3198 1364 interpretatus
3237 1313 3288 1350 es
3321 1313 3339 1350 :
3365 1301 3485 1365 quia

1905 1398 2031 1450 pene
2065 1383 2118 1433 in
2158 1382 2389 1434 omnibus
2436 1383 2579 1434 nulla
2622 1382 2832 1448 o/I'eusio
2874 1394 2967 1446 est,
3009 1402 3122 1437 cum
3163 1387 3483 1457 Scripturam

1905 1472 2133 1526 Graecam
2157 1473 2533 1526 contulerimus.
2568 1471 2614 1526 U
2620 1473 2716 1525 nde
2738 1475 2781 1527 si
2809 1475 3076 1543 quisquam
3097 1479 3247 1530 reteri
3271 1479 3486 1546 falsitati

1903 1563 2238 1616 contentiosus
2273 1562 2482 1630 faverit,
2526 1563 2734 1631 prolatis
2764 1562 3057 1634 collatisque
3085 1567 3336 1621 codicibus
3356 1608 3372 1633 ,
3410 1570 3487 1621 rel

1904 1653 2109 1704 docetur
2137 1651 2398 1720 facillime,
2425 1653 2500 1704 vel
2519 1653 2784 1719 refellitur.
2820 1653 2882 1705 Et
2907 1656 2947 1707 si
2969 1656 3200 1722 qua’dam
3225 1659 3485 1710 rarissima

1904 1743 2080 1793 merito
2111 1750 2325 1802 movent,
2353 1742 2465 1808 quis
2497 1750 2599 1792 tam
2627 1741 2784 1794 durus
2813 1751 2904 1806 est,
2935 1745 3024 1812 qui
3051 1744 3211 1797 labori
3240 1756 3340 1798 tam
3373 1747 3486 1799 utili

1903 1845 2004 1880 non
2024 1829 2174 1898 facile
2194 1829 2438 1897 ignoscat,
2463 1829 2542 1880 cui
2567 1829 2720 1882 vicem
2748 1831 2916 1884 laudis
2935 1836 3123 1901 referre
3147 1851 3244 1887 non
3271 1836 3487 1904 sufﬁt-it?

1905 1919 2044 1983 Quid
2072 1919 2161 1971 tibi
2190 1928 2354 1971 autent
2380 1918 2628 1984 videatur,
2659 1936 2750 1972 cur
2775 1921 2827 1972 in
2855 1921 3029 1974 multis
3054 1923 3201 1976 aliter
3227 1941 3279 1978 se
3305 1925 3485 1979 habeat

1907 2009 2235 2063 Ilebrteorum
2261 2010 2492 2063 codicum
2510 2011 2817 2073 auctoritas,
2844 2013 2992 2066 aliter
3017 2013 3310 2070 Gra'corum
3327 2059 3340 2080 ,
3371 2035 3485 2090 qua:

1903 2100 2088 2152 dicitur
2126 2099 2462 2170 Septuaginta
2485 2142 2499 2166 ,
2536 2101 2710 2153 vellem
2739 2103 3021 2171 dignareris
3047 2109 3262 2175 aperire.
3307 2108 3488 2175 Neque

1903 2189 2034 2240 enim
2062 2202 2272 2256 parvum
2302 2189 2499 2256 pondus
2537 2188 2682 2242 habet
2713 2191 2804 2243 illa
2824 2232 2839 2258 ,
2875 2209 2989 2262 qua:
3016 2195 3087 2247 sic
3119 2199 3294 2249 meruit
3325 2198 3485 2264 di/fu-

1905 2278 2054 2341 mari,
2083 2286 2128 2330 et
2153 2293 2252 2346 qua
2282 2294 2398 2330 usos
2420 2278 2708 2346 Apostolos,
2733 2297 2833 2333 non
2854 2283 3016 2335 solum
3040 2301 3116 2338 res
3139 2285 3249 2354 ipsa
3271 2287 3482 2353 iudicat,

1903 2369 1991 2421 sed
2021 2369 2167 2420 etiam
2195 2376 2242 2420 te
2261 2376 2549 2421 attestatum
2574 2386 2681 2423 esse
2705 2373 2925 2424 memini.
2964 2373 3037 2426 Ac
3076 2391 3165 2443 per
3194 2376 3288 2429 hoc
3314 2378 3484 2447 pluri-

1907 2479 2041 2515 mum
2069 2463 2341 2532 profueris,
2380 2465 2424 2518 si
2461 2481 2569 2518 eam
2616 2466 2934 2537 Scripturam
2963 2471 3190 2526 Grtrcam
3215 2493 3364 2542 quam
3392 2478 3488 2531 Se-

1905 2553 2171 2622 ptuaginta
2201 2555 2396 2620 operati
2420 2563 2557 2619 sunt,
2589 2553 2785 2610 Latina:
2805 2561 3002 2613 veritati
3028 2564 3307 2617 reddideris
3331 2582 3349 2619 :
3371 2583 3483 2636 qua:

1882 2643 1957 2694 in
1981 2641 2186 2696 diversis
2213 2643 2468 2696 codicibus
2499 2644 2570 2695 ita
2596 2647 2734 2697 varia
2763 2657 2854 2708 est,
2879 2660 2929 2700 ut
2960 2651 3170 2704 tolerari
3195 2654 3277 2706 vis:
3297 2657 3482 2723 possit,

1903 2743 1949 2786 et
1973 2736 2045 2786 ita
2069 2743 2320 2804 suspecta,
2349 2751 2412 2787 ne
2447 2735 2499 2787 in
2541 2734 2718 2790 Grceco
2755 2740 2897 2791 aliud
2933 2741 3248 2808 inveniatur,
3278 2755 3330 2797 ut
3368 2747 3489 2801 inde

1904 2824 2098 2889 aliquid
2121 2825 2340 2894 proferri
2371 2835 2458 2877 aut
2497 2827 2699 2895 probari
2727 2827 2997 2884 dubitetur.
3020 2829 3226 2884 Brevem
3249 2835 3486 2900 putabam

1905 2917 2127 2986 futuram
2161 2916 2291 2968 hanc
2319 2915 2582 2983 epistolam
2612 2918 2742 2969 :sed
2766 2920 2931 2972 nescio
2975 2924 3220 2988 quomoda
3259 2923 3328 2975 ita
3362 2925 3486 2978 mihi

1904 3008 2052 3060 dulce
2077 3011 2266 3076 factum
2292 3016 2362 3060 est
2389 3007 2442 3060 in
2469 3023 2526 3059 ea
2561 3009 2819 3078 progredi,
2850 3025 2912 3062 ac
2949 3011 2994 3063 si
3036 3022 3196 3065 tecum
3236 3013 3486 3083 loquerer.

1906 3097 2012 3150 Sed
2053 3095 2253 3149 obsecro
2301 3105 2347 3149 te
2384 3113 2474 3166 per
2516 3095 2808 3159 Dominum,
2849 3115 2911 3152 ne
2949 3108 2996 3153 te
3036 3101 3201 3171 pigeat
3225 3103 3292 3155 ad
3318 3106 3489 3159 omnia

1903 3187 2206 3255 respondere
2226 3227 2241 3250 ,
2285 3197 2331 3240 et
2369 3196 2610 3257 pra’stare
2636 3188 2776 3254 mihi,
2807 3198 3049 3258 quantum
3074 3193 3318 3262 potueris,
3351 3211 3488 3264 pra:-

1904 3277 2127 3329 sentiam’
2143 3287 2303 3330 tuam.

2284 3367 2448 3440 333
2521 3366 2848 3424 EPISTULA
2888 3369 2974 3425 cv
3005 3371 3098 3442 (ί).

2469 3494 2535 3532 Δί)
2564 3495 2915 3534 Δυῦιιετικωι.

1906 3588 2214 3662 Expostulat
2259 3591 2322 3644 de
2351 3589 2622 3660 Augustini
2652 3589 2886 3660 Epistola
2913 3609 3002 3661 per
3026 3594 3235 3650 Italiam
3271 3614 3487 3666 sparsa,

1975 3699 2074 3753 qua
2101 3683 2368 3736 taxabatur
2393 3681 2534 3736 locus
2561 3698 2661 3736 non
2685 3692 2815 3736 recte
2839 3699 2873 3736 a
2897 3699 2953 3738 se
2979 3688 3236 3755 expositus
3272 3691 3325 3742 in
3359 3688 3492 3760 Epi-

1975 3775 2108 3829 stola
2137 3775 2204 3826 ad
2231 3773 2463 3828 Galatas.

1980 3865 2204 3917 Domino
2224 3879 2347 3916 vcrc
2372 3863 2568 3917 Sancto
2590 3872 2645 3917 et
2665 3864 2984 3918 Beatissimo
3005 3865 3164 3934 Papa:
3185 3869 3489 3930 AUGUSTINO

1908 3953 2266 4012 HIEBONYIIL’S,
2303 3952 2354 4002 in
2386 3950 2610 4004 Domino
2633 3950 2880 4005 salutem.

1981 4043 2033 4096 1.
2087 4041 2316 4096 Crebras
2369 4038 2438 4094 ad
2498 4054 2586 4094 me
2642 4041 2893 4108 epistolas
2949 4042 3172 4115 dirigis,
3233 4055 3296 4118 et
3342 4061 3490 4119 saepe

1906 4155 2197 4223 EpiscOpum
2218 4165 2414 4223 (ιιιοψιθ
2436 4154 2544 4223 ejus
2565 4152 3040 4223 urbisilarinianum
3052 4171 3154 4223 per
3184 4159 3230 4208 id
3255 4165 3488 4223 temporis

1906 4213 2219 4283 fuisse,'satis
2233 4213 2634 4283 :certocolligere
2657 4216 2749 4263 sibi
2769 4217 2904 4283 yisus
2933 4225 3026 4283 est.
3051 4213 3151 4269 Nos
3187 4213 3383 4283 quidem
3417 4225 3488 4272 ηί-

1909 4277 1978 4326 hil
2001 4279 2051 4324 in
2069 4283 2206 4338 textu
2233 4275 2470 4324 immutari
2494 4273 2716 4338 folumus
2739 4277 2924 4338 absque
2945 4277 3056 4328 Mss.
3085 4273 3300 4330 codicum
3317 4283 3486 4332 suifra-

1908 4339 2007 4410 gio,
2033 4335 2156 4410 nulli
2185 4343 2348 4410 tamen
2385 4349 2482 4410 non
2505 4335 2699 4410 liquere
2718 4335 2976 4410 Quirinius,
2997 4340 3103 4410 ﬁeri
3127 4355 3368 4410 pergan
3414 4347 3484 4393 fa-

1910 4398 2004 4448 ene
2029 4398 2261 4467 potuisse,
2279 4405 2333 4446 ut
2351 4403 2552 4467 veteres
2571 4398 2749 4467 librarii
2765 4406 2860 4448 oea
2876 4398 3276 4467 vocisinsol'eutiu
3291 4405 3482 4467 oﬂ‘ensi,

1909 4472 1966 4508 ea
1991 4459 2054 4508 ex
2095 4459 2694 4522 ingeniodsulistituerint,
2719 4471 2829 4522 qua;
2867 4461 2926 4508 ad
2963 4462 3091 4512 illius
3125 4459 3484 4515 similitudinem

1910 4522 2133 4582 proxime
2154 4519 2361 4582 secedit.
2388 4519 2494 4568 Non
2518 4521 2668 4582 enim,
2692 4519 2758 4582 ut:
2783 4519 3077 4581 Hartianmo,
3101 4526 3174 4574 sic
3197 4527 3334 4576 nobis
3356 4528 3488 4576 vidc-

1910 4579 2007 4641 iur,
2047 4583 2229 4630 rectius
2262 4580 2448 4644 habere
2481 4579 2702 4644 uulgata).
2745 4579 2968 4633 lectionis
3009 4579 3300 4644 contextus;
3335 4588 3431 4634 imo
3456 4603 3486 4637 υ

1909 4650 2092 4707 contra,
2118 4643 2378 4707 emendare
2402 4642 2450 4707 si
2481 4641 2643 4707 liccét,
2670 4650 2722 4692 ut
2747 4656 2932 4707 sensus
2967 4647 3065 4707 sit,
3091 4644 3230 4707 facile
3267 4641 3487 4707 potuisse

1908 4703 2186 4774 Iudaeorum
2209 4704 2536 4774 testimonium
2554 4704 2758 4774 ﬂagitari
2784 4706 2834 4752 in
2855 4704 2958 4754 Oea
2974 4706 3192 4774 ciuitate.
3212 4703 3377 4774 iniqua
3403 4720 3488 4755 eo-

1910 4779 2016 4813 rum
2040 4765 2176 4814 multi
2218 4766 2499 4827 degerent;
2523 4764 2722 4827 tnitiime
2766 4778 2884 4814 vero
2915 4765 3042 4827 quod
3082 4778 3145 4827 ea_
3179 4764 3342 4814 ciilas
3381 4775 3487 4818 erat

1909 4826 2207 4885 Juda'orum,
2231 4823 2428 4888 ut’l‘also
2451 4824 2535 4888 ille
2560 4825 2755 4888 prml'ert
2777 4837 2791 4873 :
2819 4823 2982 4888 neque
3006 4833 3074 4879 ut,
3102 4824 3193 4874 alia
3212 4828 3485 4888 interpun-

1908 4888 2090 4942 ctioue,
2111 4887 2418 4936 Benedictini
2440 4887 3121 4947 Augustiniauorum’operum
3161 4887 3376 4935 editores
3400 4888 3486 4935 lia-

1911 4947 2047 5007 bcm,
2065 4949 2188 5009 quod
2199 4961 2272 5006 ea,
2285 4947 2331 5009 id
2352 4952 2447 5005 est,
2463 4944 2590 5006 talis,
2608 4953 2712 4995 erat
2727 4944 2908 5009 civitas.
2925 4944 2978 4996 u't
2993 4945 3108 4996 illud
3131 4947 3411 4997 Judteorum
3427 4950 3486 4998 ad

1910 5007 2235 5070 testimbuium
2260 5008 2516 5070 referatur,
2556 5019 2652 5054 non
2689 5007 2752 5070 ad
2787 5007 3038 5070 civitatem
3065 5021 3077 5055 :
3104 5017 3310 5070 utroque
3353 5011 3485 5058 enim

1908 5070 2049 5117 modo
2071 5076 2155 5116 aut
2175 5067 2309 5128 falsa,
2334 5078 2416 5116 aut
2437 5069 2639 5128 obscura
2663 5074 2716 5116 ct
2739 5067 2968 5128 impedita
2991 5067 3243 5117 sententis
3263 5074 3355 5118 est.
3382 5070 3486 5120 Nec

1909 5130 2103 5192 tandem
2127 5127 2304 5192 movet,
2330 5127 2457 5192 quod
2479 5128 2689 5192 masime
2707 5127 2859 5192 urget
2881 5127 3208 5192 Martiangeus,
3235 5131 3478 5192 oppidum,

1908 5190 2016 5237 sive
2037 5185 2316 5250 oppidulum
2335 5185 2457 5236 infra
2495 5188 2642 5248 epist.
2670 5185 2932 5250 112.'nu_m.
2958 5189 3039 5238 21.
3063 5190 3158 5239 dici
3195 5185 3285 5240 ᾗδὲ
3299 5185 3482 5241 Hiero;

1909 5263 2052 5311 nymo
2067 5247 2218 5314 'Qeam
2243 5262 2373 5304 vero,
2397 5261 2506 5311 quae
2529 5247 2656 5298 nunc
2697 5247 2898 5314 Tripolis
2911 5250 3111 5314 dicitur,
3139 5251 3345 5314 amplam
3366 5255 3484 5301 civi-

1910 5288 2059 5378 tas;
2077 5288 2260 5378 esse;
2276 5288 2741 5378 ξὶςῑῑιεῑςξεφῖιῑειίέ
2758 5288 3084 5378 statuis;
3097 5288 3484 5378 ξιείεςῶινῑςά.

1909 5371 2150 5436 gustinus,
2188 5377 2247 5436 et.
2282 5369 2428 5436 fuisse
2461 5369 2610 5418 sedes
2643 5369 2869 5434 Episcolii
2910 5373 3191 5434 persuadet,
3233 5382 3286 5423 et
3314 5375 3488 5436 oppida

1909 5430 2104 5479 tandem
2122 5430 2278 5495 omnia
2297 5430 2525 5495 civitates
2535 5430 2784 5495 esse,hon
2803 5430 2833 5495 εξ
2856 5430 3114 5495 converso,
3131 5430 3276 5486 nemo
3299 5430 3486 5485 es't'ho-

1909 5490 3034 5604 ggumcguigaggoret.Vid.Pliuium,Solinum,
3049 5490 3244 5560 Melum,
3263 5502 3316 5550 et
3333 5495 3484 5550 Gesta

1993 5559 2059 5602 at.
2085 5559 2307 5602 ὓδρωπα.

1971 5565 2059 5602 mat.
2085 5565 2307 5614 ιλιι-ωδε.

1971 5615 2042 5683 (‘e‘)_
2069 5613 2376 5683 Benedictini
2397 5611 2600 5683 addunt,
2623 5621 2766 5680 atque
2788 5615 3026 5683 dicebant.

1977 5676 2050 5731 (fi
2089 5675 2212 5728 Alias
2233 5674 2311 5724 92.
2329 5674 2513 5737 Scripta
2535 5675 2666 5726 circa
2685 5674 2860 5731 armum
2882 5679 2990 5730 405'
3031 5702 3039 5710 -
