4054 6192
652 311 969 384 «numellas,
997 324 1057 369 ut
1086 314 1435 384 respondeam
1456 315 1670 371 cuidam
1699 317 1949 388 Epistolze
1977 332 2102 388 tua,
2125 338 2223 378 eu-

649 402 738 471 ius
765 404 833 458 ad
863 420 950 460 me
969 446 985 469 ,
1024 415 1080 459 ut
1113 415 1237 459 ante
1254 406 1365 474 jam
1393 408 1582 475 scripsi
1602 448 1618 471 ,
1646 423 1742 478 per
1782 410 1997 467 fratrem
2035 413 2224 484 Sysino

652 495 800 548 nium
842 495 1130 549 Diaconum
1159 495 1487 563 exemplaria
1512 511 1873 566 pervenerunt
1900 503 2102 572 absque
2129 520 2223 558 ια-

654 584 940 652 scriptione
967 591 1091 644 tua;
1133 590 1191 636 et
1237 599 1395 653 quam
1441 587 1675 655 primum
1712 603 1807 657 per
1839 589 2056 646 fratrem
2088 593 2223 648 Pro-

650 674 912 733 futurum,
962 671 1200 726 secundo
1239 689 1338 742 per
1379 678 1665 745 quemdam
1708 681 1869 736 alium
1917 692 1969 738 te
2012 685 2222 740 misisse

646 759 910 824 signitich
938 777 952 810 :
979 771 1035 815 et
1065 762 1284 816 interim
1328 763 1669 822 Profuturum
1715 781 2004 827 retractum
2031 773 2100 828 de
2131 776 2221 829 iti-

646 866 807 917 nere,
833 860 888 905 et
915 850 1238 923 Episcopum
1268 861 1614 914 constitutum
1638 903 1651 923 ,
1687 865 1857 918 veloci
1890 877 2063 922 morte
2089 868 2219 921 sub-

645 949 872 994 tractum
905 959 920 994 :
949 943 1097 997 illum
1126 945 1279 1013 cujus
1309 964 1503 1004 nomen
1531 953 1747 1016 retices,
1777 957 1944 1010 maris
1974 958 2220 1014 timuisse

641 1031 949 1086 discrimina
971 1074 988 1100 ,
1019 1046 1074 1089 et
1103 1038 1453 1106 navigationis
1479 1052 1718 1100 mutasse
1739 1048 2044 1100 consilium.
2088 1050 2219 1116 Quae

637 1137 764 1175 cum
790 1121 863 1176 ita
895 1124 1023 1190 sint,
1046 1127 1176 1181 satis
1204 1129 1386 1182 mirari
1414 1145 1640 1200 nequeo,
1667 1135 1936 1203 quomodo
1963 1137 2075 1206 ipsa
2099 1141 2216 1208 epi-

639 1211 775 1266 stula
798 1222 853 1268 et
881 1213 1066 1269 Romze
1090 1225 1143 1270 et
1172 1218 1224 1271 in
1253 1218 1400 1273 Italia
1425 1220 1608 1276 haberi
1637 1239 1666 1276 a
1698 1225 1965 1296 plerisque
1984 1227 2213 1295 dicatur,

639 1311 696 1356 et
722 1304 788 1357 ad
819 1319 906 1358 me
929 1306 1103 1360 solum
1132 1323 1239 1361 non
1266 1311 1577 1377 pervenerit
1599 1353 1615 1375 ,
1645 1314 1730 1367 cui
1762 1315 1862 1368 soli
1891 1317 2051 1371 missa
2083 1331 2166 1373 est
2197 1337 2212 1373 :

635 1395 934 1462 praesertim
971 1411 1098 1450 cum
1140 1397 1279 1452 idem
1320 1399 1485 1454 frater
1518 1400 1800 1472 Sysinttius
1829 1406 1967 1460 inter
1989 1419 2215 1464 ca:th

635 1483 916 1540 Tractatus
947 1495 1065 1541 tuos
1083 1487 1279 1543 dixerit
1297 1506 1413 1544 eam
1435 1507 1494 1546 se
1515 1507 1620 1546 non
1645 1493 1696 1546 in
1718 1493 1921 1560 Africa,
1946 1513 2050 1551 non
2073 1500 2211 1568 apud

637 1583 719 1632 te.
750 1577 844 1630 sed
876 1577 928 1630 in
957 1578 1127 1632 insula
1155 1580 1357 1646 Adrizn,
1394 1592 1519 1637 ante
1563 1584 1665 1639 hoc
1704 1584 1872 1640 ferme
1916 1587 2214 1658 quinquen-

634 1664 781 1718 nium
813 1668 1100 1734 reperisse.

707 1753 764 1806 2.
797 1754 877 1809 De
901 1758 1126 1812 amicitia
1150 1761 1314 1814 omnis
1341 1763 1564 1816 tollenda
1591 1767 1835 1836 suspicio.
1881 1767 1954 1823 De
1978 1770 2210 1829 amicitia

634 1844 814 1897 omnis
845 1846 1078 1900 tollenda
1104 1850 1338 1917 suspicio
1361 1861 1467 1916 est,
1498 1863 1552 1906 et
1577 1854 1656 1908 sic
1678 1871 1798 1908 cum
1826 1857 1999 1913 amico
2016 1899 2034 1924 ,
2059 1861 2210 1929 quas‘

633 1950 756 1990 cum
799 1937 970 1990 altero
1011 1951 1071 1992 se
1107 1951 1189 1993 est
1233 1940 1576 2009 loquendum.
1624 1944 1875 2000 Nonnulli
1922 1948 2212 2005 familiares

632 2025 738 2079 mei
759 2035 816 2080 et
838 2041 961 2081 vasa
986 2027 1205 2093 Christi,
1228 2045 1451 2099 quorum
1475 2032 1826 2103 Jerosolymis
1851 2045 1904 2091 et
1926 2040 1981 2091 in
2009 2040 2209 2096 Sanctis

631 2116 788 2170 Locis
806 2133 905 2186 per
923 2133 1113 2187 magna
1137 2120 1288 2188 copia
1307 2131 1410 2187 est,
1437 2126 1814 2192 suggerebant,
1844 2143 1948 2181 non
1979 2129 2208 2199 simplici

629 2208 809 2260 animo
836 2222 867 2260 a
896 2216 946 2263 te
973 2207 1171 2263 factum
1191 2251 1208 2277 ,
1239 2210 1334 2264 sed
1362 2213 1572 2267 laudem
1599 2225 1761 2286 atque
1787 2221 2123 2275 rumusculos
2151 2231 2207 2277 et

625 2297 907 2366 gloriolant
946 2301 1130 2370 populi
1163 2303 1239 2373 (a)
1267 2305 1608 2374 requirente,
1637 2318 1694 2360 ut
1720 2308 1789 2363 de
1815 2310 1968 2364 nobis
1994 2327 2208 2368 cresce-

626 2403 745 2454 res;
780 2398 835 2444 ut
864 2391 1013 2444 multi
1038 2402 1422 2460 cognoscerent
1450 2404 1502 2448 te
1532 2411 1842 2463 provocare,
1869 2414 1957 2454 me
1984 2401 2201 2466 timere;

625 2489 680 2535 te
705 2482 940 2536 scribere
966 2490 1023 2536 ut
1046 2482 1260 2536 doctum
1281 2524 1298 2550 ,
1327 2500 1414 2538 me
1447 2497 1624 2541 Iacere
1644 2528 1661 2554 ,
1691 2498 1747 2541 ut
1775 2489 2079 2557 imperitum
2106 2509 2118 2543 :
2148 2501 2205 2547 et

625 2569 839 2625 tandem
869 2573 1170 2642 reperisse,
1214 2573 1303 2643 qui
1349 2576 1646 2644 garrulitati
1717 2574 1882 2649 639
1951 2595 2086 2634 mea:
2122 2582 2202 2635 si-

624 2660 846 2716 lentium
875 2662 1197 2732 modumque
1239 2663 1552 2734 imponeret.
1611 2666 1723 2736 Ego
1759 2677 1939 2723 autem
1979 2679 2037 2724 ut
2072 2671 2201 2726 sint-

621 2751 830 2821 pliciter
869 2751 1037 2808 fatear
1077 2753 1366 2824 dignationi
1419 2763 1544 2822 tum,
1588 2758 1816 2826 primum
1860 2758 2060 2815 idcirco
2108 2777 2198 2817 re-

619 2843 886 2912 spondere
928 2844 1114 2911 nolui,
1161 2846 1284 2914 quia
1330 2855 1474 2899 tuam
1519 2847 1722 2916 liquido
1762 2851 2041 2920 epistolam
2087 2869 2196 2910 non

619 2935 932 3002 credebant;
976 2951 1077 2992 nec
1106 2941 1122 2999 ί
1146 2948 1200 2990 ιιι
1230 2937 1369 3008 vulgi
1395 2937 1463 2993 de
1488 2940 1805 3010 quibusdam
1852 2946 2193 3013 proverbium

618 3025 720 3098 est)
746 3026 896 3080 litum
926 3027 1084 3082 melle
1105 3028 1362 3098 gladium.
1408 3030 1609 3086 Deinde
1651 3033 1780 3088 illud
1812 3036 2064 3090 carebam
2086 3078 2100 3101 ,
2126 3053 2194 3094 ne

616 3115 872 3188 episcopo
907 3119 1302 3173 communionis
1345 3135 1478 3174 mea:
1519 3121 1730 3178 viderer
1773 3127 2070 3195 procaciter
2109 3145 2194 3185 re-

615 3209 916 3275 spondere;
964 3217 1019 3263 et
1057 3209 1232 3279 aliqua
1262 3211 1314 3263 in
1349 3211 1790 3280 reprehendenda
1831 3217 2058 3286 epistola
2103 3235 2191 3274 re-

615 3298 950 3368 prehendere
974 3319 986 3353 :
1012 3301 1307 3368 praesertim
1327 3316 1449 3356 cunt
1473 3303 1714 3373 quaedam
1742 3306 1795 3360 itt
1823 3306 1911 3362 illa
1939 3308 2188 3364 haeretica

617 3388 922 3458 indicarem.

683 3481 737 3534 3.
771 3481 849 3533 Ad
879 3490 1200 3549 extremum,
1234 3499 1301 3538 ne
1332 3494 1387 3538 tu
1416 3485 1532 3554 jure
1557 3491 1956 3559 exspostulares
1977 3533 1994 3559 ,
2021 3502 2074 3548 et
2100 3493 2185 3550 di-

611 3584 763 3625 ceres
790 3587 804 3622 :
837 3571 974 3638 Quid
999 3573 1180 3627 enim?
1209 3574 1502 3644 Epistulam
1525 3595 1697 3634 meam
1718 3581 1945 3650 videras,
1971 3596 2024 3640 et
2047 3600 2187 3641 none

611 3663 704 3716 tibi
731 3677 921 3717 manus
952 3662 1004 3717 in
1030 3665 1424 3734 subscriptione
1449 3670 1600 3740 signa
1628 3671 2060 3741 deprehenderas
2080 3719 2093 3741 ,
2129 3688 2186 3733 ut

609 3765 717 3810 tant
755 3755 908 3812 facile
952 3757 1183 3812 anticum
1230 3759 1487 3827 larderes,
1513 3772 1568 3816 et
1594 3764 1813 3820 alterius
1841 3768 2097 3824 malitiam
2130 3773 2183 3827 in

608 3861 781 3900 meum
809 3855 1045 3903 verteres
1065 3851 1476 3905 contumeliam?
1503 3851 1666 3922 Igitur
1688 3867 1744 3910 ut
1771 3867 1894 3912 ante
1915 3859 2025 3928 jam
2051 3864 2184 3917 scri-

601 3935 705 4005 psi,
733 3946 826 3991 aut
863 3937 1017 3992 mitte
1057 3939 1301 3994 eamdem
1350 3943 1653 4010 epistolam,
1684 3955 1771 4001 tua
1817 3949 2173 4022 subscriptam

600 4040 792 4090 tnauu,
823 4035 913 4079 aut
938 4041 1122 4081 senem
1158 4029 1453 4086 latitantem
1493 4033 1544 4087 in
1571 4034 1763 4090 cellula
1792 4040 2058 4098 lacessere
2081 4045 2169 4099 de-
2282 4104 2296 4116 ,
2354 4029 2408 4069 ⁵⁸

598 4117 736 4170 sine.
764 4115 858 4170 Sin
884 4127 1061 4170 autem
1090 4125 1234 4171 tuam
1262 4121 1342 4173 vis
1371 4121 1453 4175 vel
1480 4138 1754 4191 exercere,
1781 4129 1861 4184 vel
1889 4130 1965 4202 (b)
1991 4143 2177 4188 osten-

600 4215 714 4259 tare
739 4204 1058 4269 doctrina‘tn,
1080 4221 1259 4274 quaere
1280 4209 1504 4278 juvenes
1533 4223 1587 4268 et
1612 4213 1843 4271 disertos
1866 4227 1922 4273 et
1944 4221 2173 4289 nobiles,

595 4308 824 4364 quorum
851 4294 1036 4348 Romae
1064 4295 1315 4353 dicuntur
1337 4314 1459 4355 esse
1507 4306 1904 4375 quantplnrimi,
1931 4312 2020 4379 qtti
2054 4327 2176 4380 pos-

596 4386 704 4439 sint
741 4394 797 4439 et
835 4384 1064 4439 audeant
1115 4396 1289 4441 tecum
1327 4393 1619 4460 congredi,
1649 4405 1704 4449 et
1736 4397 1787 4450 iu
1815 4398 2174 4468 disputatione

597 4485 898 4530 sanctarum
929 4475 1324 4545 Scripturarum
1349 4518 1365 4542 ,
1387 4478 1573 4548 jngum
1612 4497 1734 4538 cum
1778 4485 2043 4558 Episcopo
2067 4491 2170 4546 du-

595 4582 742 4623 cere.
776 4567 889 4639 Ego
916 4568 1184 4638 quondam
1215 4570 1392 4638 miles,
1419 4585 1868 4632 nuncveteranns
1892 4590 1945 4635 et
1975 4591 2090 4636 tuas
2115 4593 2172 4638 et

592 4658 820 4712 aliorum
865 4658 1036 4714 debeo
1077 4657 1293 4715 laudare
1329 4661 1615 4729 victorias,
1666 4680 1772 4719 non
1822 4667 1936 4736 ipse
1982 4686 2170 4728 rursus

591 4747 772 4803 οιΐωιο
800 4762 1027 4817 corpore
1054 4747 1341 4816 dimicare;
1375 4766 1442 4807 ne
1469 4751 1516 4807 si
1542 4767 1627 4810 me
1653 4755 1963 4826 frequenter
1984 4761 2052 4816 ad
2083 4778 2167 4820 re.

587 4839 931 4894 scribendum
976 4840 1270 4910 impuleris,
1318 4843 1459 4898 illius
1500 4847 1754 4902 recorder
1793 4849 1865 4920 (c)
1905 4850 2164 4921 historia,

585 4929 728 5001 quod
769 4931 1116 4986 Hannibalem
1147 4933 1458 5003 juveniliter
1481 4938 1868 5009 exsultantem,
1909 4943 1974 5012 Q.
2001 4943 2166 5002 Maxi-

587 5037 708 5078 ntus
737 5023 990 5093 patientia
1015 5037 1112 5078 sua
1135 5023 1372 5094 fregerit.

586 5131 772 5188 Omnia
804 5135 898 5205 [ert
921 5142 1068 5203 tetas,
1095 5136 1322 5191 animum
1346 5154 1545 5209 quoque
1567 5155 1589 5196 :
1612 5157 1748 5214 saepe
1771 5160 1864 5218 ego
1886 5146 2067 5220 longos

643 5286 1904 5374 (“lvﬁiﬂiﬁ'zf‘lizfsﬂftieczsese-lectionem
1929 5301 2031 5356 falsi
2063 5320 2162 5369 pn-

581 5344 955 5398 dein'Victorius
977 5344 1287 5402 accusaverat
1308 5355 1355 5404 in
1377 5344 1952 5415 siaéiniahii'éé’diéitiiii

643 5406 716 5444 (Ιιὶ
747 5408 1054 5444 "animum":
1075 5421 1178 5444 rma
1205 5413 1454 5444 Plu-omnum
1477 5423 1724 5444 ,ηοω-ΛΑ..-

643 5406 716 5466 (b)
747 5408 1054 5459 Martiauaeus
1075 5421 1183 5474 post
1205 5413 1456 5466 Erasmum
1475 5406 1952 5471 οδιειιᾶἐι·ὶξ“”--ν-.

620 5469 715 5570 ίιξξέ
734 5465 977 5572 ξτιῶπὲ
1000 5470 1189 5522 Livium
1205 5473 1415 5527 Decad'ts
1437 5479 1598 5529 tertia:
1611 5479 1697 5531 lib.
1719 5483 1769 5531 2.
1791 5483 1956 5549 deque
1980 5500 2041 5539 eo
2062 5488 2158 5540 Ma-

583 5525 714 5570 ximo
734 5525 993 5587 Virgilius,
1378 5525 1409 5527 ³
1520 5525 1595 5529 ’ἡ
1611 5525 1697 5531 ἡ--
1721 5525 1768 5531 -Ἷ

710 5591 857 5643 Unus,
880 5586 964 5646 qui
990 5589 1124 5643 nobis
1145 5597 1413 5650 cunctando
1441 5600 1644 5653 restituit
1665 5615 1782 5656 rem.

1913 206 2154 264 SANC‘I'I
2192 207 2572 271 ιιιειιοιιιιιι

2328 636 2398 692 Et
2420 651 2479 694 ιιι
2503 645 2672 714 magis
2711 647 2780 703 de
2820 647 3112 721 Scripturis
3159 662 3359 714 sanctis
3403 662 3616 734 loquar,
3644 669 3907 731 Benellai

2327 729 2417 784 ille
2441 730 2777 802 Galaadites,
2808 743 2949 810 regis
2979 742 3140 798 David
3168 729 3792 830 beneﬁcia,—omttesquc
3813 729 3901 819 de

2327 820 2472 874 licias
2493 823 2675 891 juveni
2700 827 2952 898 delegans
2983 835 3091 889 riuo
3117 837 3204 906 (2.
3241 837 3365 910 ιιι-ς.
3396 843 3462 897 19
3480 846 3520 915 ),
3548 820 3791 907 οειειὶιιίι
3826 871 3904 908 se-

2326 920 2593 968 nectutem
2623 915 2739 970 ha‘c
2766 935 2865 975 nec
2883 935 3136 994 appetere
3161 928 3380 998 debere,
3410 950 3510 990 nec
3534 937 3713 992 oblata
3741 949 3900 998 susci-

2391 1018 2451 1058 re
2458 1047 2472 1058 .

2391 1018 2472 1058 re.

2323 1016 2446 1146 pet.
2493 1094 2644 1163 Quod
2674 1109 2854 1156 autem
2880 1103 3033 1172 juras
3058 1116 3114 1162 te
3141 1109 3423 1168 adversum
3454 1132 3541 1172 me
3567 1117 3768 1175 librum
3803 1141 3894 1180 nec

2319 1185 2620 1254 scripsisse,
2647 1207 2818 1261 neque
2840 1194 3063 1251 Romam
3088 1201 3319 1270 misisse,
3341 1221 3499 1274 quem
3530 1225 3642 1264 non
3669 1216 3890 1284 scripse-

2319 1274 2430 1339 ris;
2472 1277 2567 1331 sed
2609 1280 2654 1334 si
2695 1282 2830 1338 forte
2871 1286 3048 1356 aliqua
3089 1289 3142 1344 in
3171 1292 3276 1346 tuis
3299 1297 3514 1367 scriptis
3540 1274 3886 1372 reperiatur,

2317 1379 2437 1435 qua:
2464 1384 2492 1420 a
2522 1385 2646 1426 meo
2675 1387 2837 1430 sensu
2879 1377 3205 1449 discrepent,
3235 1400 3343 1440 non
3379 1404 3466 1444 me
3501 1405 3534 1444 a
3573 1403 3628 1448 te
3668 1394 3848 1452 lassant
3868 1441 3882 1463 ,

2317 1455 2412 1510 sed
2434 1472 2464 1510 a
2491 1468 2541 1513 te
2562 1464 2842 1532 scriptum,
2865 1470 3007 1536 quod
3036 1471 3126 1526 tibi
3153 1486 3355 1530 rectum
3377 1479 3688 1549 videbatur;
3718 1455 3883 1556 quaso

2316 1557 2374 1600 ut
2421 1565 2506 1604 me
2549 1558 2816 1621 patienter
2852 1561 3057 1617 audias.
3109 1563 3225 1621 Non
3267 1571 3528 1641 scripsisti
3574 1576 3808 1646 librum,
3837 1594 3884 1636 et

2313 1637 2477 1710 640
2545 1647 2810 1713 quomodo
2851 1651 2979 1706 mihi
3011 1637 3439 1724 reprehensionis
3482 1680 3512 1717 a
3557 1676 3610 1721 te
3645 1637 3884 1740 mceper

3147 475 3164 487 -
3189 475 3204 489 -
3232 475 3325 492 ’νυ-
3345 475 3541 511 ιιηκικ
3564 475 3778 505 κατ’*
3995 475 4000 500 ¹

3147 526 3382 596 (Vmetu.
3419 531 3605 606 Ectog.
3636 539 3694 594 9.
3721 557 3771 597 υ.
3801 544 3911 616 51.)

3993 697 4007 974 Β

3999 1017 4008 1268 i

2313 1731 2446 1784 altos
2474 1738 2670 1803 scripta
2715 1738 2885 1794 delata
2933 1747 3092 1799 sunt?
3137 1749 3244 1802 Cur
3283 1751 3444 1808 habet
3481 1754 3629 1811 Italia
3669 1731 3809 1831 quod
3831 1775 3883 1819 tu
3991 1793 4000 1804 ο

2309 1836 2418 1877 ttou
2465 1829 2723 1896 scripsisti
2740 1832 2765 1885 2
2811 1834 2924 1900 Qua
2956 1839 3164 1896 ratione
3193 1846 3393 1911 poscis,
3417 1860 3473 1902 ut
3503 1829 3795 1911 rescribam
3818 1860 3878 1914 ad

2312 1928 2374 1966 ea
2397 1931 2513 1984 qua:
2537 1919 2817 1989 scripsisse
2845 1935 2896 1980 te
2916 1926 3184 1999 denegas?
3207 1933 3323 1990 Non
3352 1948 3458 1993 tam
3484 1941 3646 1999 hebes
3665 1963 3808 2015 sum,
3827 1961 3881 2006 ut

2310 2004 2355 2058 si
2379 2004 2589 2063 diversa
2610 2014 2865 2082 senseris,
2885 2034 2970 2072 me
2995 2035 3023 2071 a
3047 2032 3098 2076 te
3122 2021 3308 2080 laesum
3330 2039 3525 2098 putem.
3553 2034 3655 2089 Sed
3678 2040 3730 2091 si
3758 2057 3879 2096 mea

2309 2096 2554 2152 cominus
2581 2101 2720 2157 dicta
2749 2107 3145 2179 reprehendas,
3173 2126 3228 2170 et
3262 2096 3519 2176 rationem
3556 2127 3876 2195 scriptorum

2309 2197 2556 2256 expetas,
2579 2203 2634 2246 et
2654 2210 2772 2264 qum
2798 2198 3107 2269 scripserim
3132 2244 3148 2268 ,
3177 2209 3466 2267 emendare
3490 2217 3797 2285 compellas,
3828 2232 3876 2276 et

2307 2277 2373 2331 ad
2400 2287 2686 2337 satiatam
2713 2302 2994 2356 provoces,
3017 2302 3072 2346 et
3097 2297 3286 2353 oculos
3306 2299 3436 2354 mihi
3463 2277 3678 2372 reddas,
3702 2308 3756 2362 in
3781 2277 3874 2367 hoc

2307 2369 2517 2464 laeditur
2538 2377 2792 2445 amicitia,
2817 2381 2869 2434 in
2901 2382 3003 2439 hoc
3031 2389 3437 2447 necessitudinis
3451 2393 3572 2464 jura
3590 2369 3870 2457 violantur.

2304 2456 2382 2513 Ne
2405 2461 2686 2519 videantur
2704 2477 2914 2525 certare
2941 2477 3239 2544 pueriliter,
3257 2491 3311 2535 et
3335 2456 3631 2540 fautoribus
3660 2489 3870 2546 invicem

2304 2549 2388 2604 vel
2415 2550 2805 2613 detractoribus
2835 2565 3034 2617 nostris
3069 2567 3300 2625 tribuere
3341 2577 3618 2630 materiam
3662 2593 3870 2636 conten-

2303 2641 2498 2710 dendi;
2557 2645 2671 2704 haec
2713 2652 2915 2719 scribo,
2954 2657 3078 2725 quia
3124 2669 3176 2714 te
3219 2677 3351 2730 pure
3385 2675 3439 2718 et
3466 2665 3772 2726 Christiane
3794 2672 3870 2726 di-

2300 2733 2468 2806 ligere
2491 2742 2678 2810 cupio,
2717 2759 2816 2798 nec
2843 2746 3134 2818 quidquam
3172 2752 3225 2806 in
3263 2770 3380 2809 mea
3412 2769 3593 2814 mente
3620 2763 3865 2821 retinere.

2298 2827 2440 2896 quod
2466 2829 2628 2885 distet
2653 2847 2682 2885 a
2711 2832 2886 2890 labiis.
2912 2836 3028 2893 Non
3054 2842 3195 2896 enim
3230 2847 3501 2911 convenit,
3524 2857 3585 2904 ut
3605 2851 3676 2906 ab
3699 2853 3870 2908 adole-

2298 2921 2498 2974 scentia
2527 2937 2699 2993 usque
2723 2925 2790 2982 ad
2822 2927 2964 2986 hanc
2989 2941 3203 2990 :etatem
3249 2938 3301 2992 in
3345 2944 3730 2998 monasteriolo
3755 2960 3866 3002 cu

2297 3010 2496 3064 sanctis
2543 3011 2820 3072 Fratribus
2867 3018 3054 3076 labore
3097 3023 3402 3093 desudans,
3444 3031 3648 3101 aliquid
3687 3047 3863 3092 contra

2297 3095 2618 3170 Episcopum
2652 3111 3043 3166 communionis
3087 3129 3222 3169 mea:
3264 3119 3502 3175 scribere
3523 3095 3750 3179 audeam
3776 3144 3790 3180 :
3816 3136 3865 3182 et

2293 3202 2414 3242 eum
2447 3191 2790 3264 EpiscOpum,
2819 3213 2978 3268 quem
3004 3216 3128 3258 ante
3149 3208 3262 3277 cepi
3285 3223 3466 3266 amare
3489 3228 3648 3282 quam
3677 3231 3860 3281 nosse;

2293 3280 2380 3348 qui
2414 3297 2501 3336 me
2529 3285 2677 3353 prior
2703 3287 2769 3342 ad
2797 3289 3057 3347 amicitias
3082 3301 3424 3366 provocavit;
3451 3280 3611 3373 quem
3640 3280 3861 3375 post

2292 3371 2554 3429 orientem
2583 3376 2635 3430 itt
2665 3377 3058 3450 Scripturarutn
3090 3389 3392 3446 divinarum
3437 3371 3531 3466 [ιιι.
3561 3371 3713 3453 abest
3737 3401 3859 3454 divi-

2291 3465 2494 3537 narum]
2526 3470 2824 3528 eruditione
2851 3475 3059 3532 lzetatus
3083 3495 3224 3536 sum.
3272 3465 3558 3554 lgiturraut
3589 3500 3737 3546 tuum
3773 3507 3859 3549 ue-

2287 3564 2412 3622 gato
2437 3555 2650 3627 librum,
2677 3562 2721 3616 si
2750 3561 2887 3619 forte
2916 3582 3022 3622 non
3055 3577 3175 3625 tuus
3198 3582 3300 3636 est,
3331 3584 3385 3629 et
3407 3577 3593 3634 desine
3623 3582 3856 3652 ﬂagitare

2289 3647 2605 3715 rescriptum
2629 3652 2695 3706 ad
2725 3669 2785 3708 ea
2813 3671 2931 3725 qua:
2957 3675 3066 3714 non
3086 3663 3347 3733 scripsisti
3377 3685 3392 3720 :
3424 3678 3516 3722 aut
3539 3670 3586 3724 si
3615 3681 3737 3727 tuus
3759 3685 3853 3738 est,

2287 3736 2516 3808 ingenue
2538 3743 2830 3813 confitere;
2874 3759 2932 3803 ut
2971 3752 3016 3805 si
3061 3753 3114 3807 in
3157 3754 3523 3814 defensionem
3551 3763 3659 3817 mei
3687 3736 3854 3834 aliqua

2284 3831 2570 3901 scripsero,
2604 3835 2655 3889 in
2687 3846 2738 3891 te
2765 3839 2918 3910 culpa
2947 3842 3018 3896 sit
3044 3843 3134 3913 qui
3161 3849 3459 3915 provocasti
3477 3889 3494 3915 ,
3522 3865 3629 3907 non
3657 3853 3712 3910 in
3743 3831 3852 3922 me,

2284 3922 2372 3991 qui
2401 3926 2726 3994 respOudere
2749 3933 3057 4002 compulsus
3080 3950 3223 3991 sum.

2279 4200 2531 4269 accipias,
2571 4213 2627 4258 et
2665 4221 2773 4260 non
2813 4208 2984 4263 solum
3025 4208 3104 4284 (ά)
3145 4229 3263 4269 mea
3299 4215 3354 4270 in
3393 4226 3446 4272 te
3486 4219 3852 4278 benevolentia

2276 4290 2617 4358 gavisurum;
2663 4295 2759 4351 sed
2810 4307 2867 4352 ut
2914 4299 3017 4355 hoc
3066 4303 3237 4372 ipsum
3288 4305 3501 4375 faciam,
3527 4309 3850 4381 deprecaris.

2277 4379 2507 4437 Rursum
2529 4383 2649 4441 dico
2674 4388 2814 4456 quod
2842 4393 3040 4460 sentio,
3066 4409 3326 4464 provocas
3349 4414 3558 4469 senem,
3592 4379 3851 4461 tacentem

2274 4472 2537 4541 stimulas,
2569 4477 2766 4535 videris
2784 4481 2992 4552 jactare
3021 4486 3344 4546 doctrinam.
3388 4491 3506 4549 Non
3547 4505 3634 4550 est
3673 4507 3849 4554 autem

2273 4565 2446 4618 aetatis
2473 4581 2608 4621 mem
2636 4572 2808 4638 putari
2847 4575 3166 4632 malevolqu
3203 4596 3330 4651 erga
3373 4598 3494 4639 eum
3517 4625 3535 4652 ,
3563 4587 3651 4642 cui
3684 4589 3850 4658 magis

2272 4650 2508 4710 favorem
2553 4657 2748 4716 debeo.
2804 4663 2870 4718 Et
2914 4668 2960 4722 si
3007 4669 3061 4725 in
3104 4650 3414 4744 Evangelii:
3452 4650 3529 4732 ac
3564 4650 3850 4751 Prophetis

2272 4747 2508 4814 perversi
2537 4747 2779 4808 homines
2810 4755 3086 4816 inveniunt
3110 4764 3252 4832 quod
3281 4767 3519 4824 nitantur
3551 4774 3852 4840 reprehen-

2270 4833 2419 4898 dere,
2446 4837 2658 4894 miraris
2682 4842 2727 4896 si
2755 4841 2809 4898 in
2843 4847 2948 4902 tuis
2967 4847 3120 4905 libris
3137 4892 3154 4917 ,
3183 4861 3238 4908 et
3263 4855 3490 4911 maxime
3518 4857 3568 4911 in
3596 4833 3827 4930 S'criptu.

2269 4938 2448 4979 rarum
2473 4931 2822 5001 expositione,
2847 4951 2966 5006 quae
2985 4941 3072 4996 vel
3094 4941 3487 5002 obscurissimae
3519 4955 3666 5014 sunt,
3692 4966 3834 5021 quas

2268 5013 2389 5069 dant
2412 5030 2442 5070 a
2473 5028 2617 5075 recta
2647 5022 2788 5079 linea
2815 5025 3122 5099 discrepare
3141 5031 3455 5091 videantur?
3480 5036 3546 5091 Et
3573 5013 3675 5094 hoc
3699 5013 3831 5108 dico.

2268 5123 2374 5163 non
2405 5112 2546 5181 quod
2587 5113 2640 5170 in
2682 5118 2934 5188 operibus
2973 5123 3078 5177 tuis
3117 5125 3362 5195 quaedam
3402 5129 3829 5198 reprehendenda

2260 5199 2372 5272 jam
2399 5217 2647 5261 censeam
2675 5224 2690 5262 :
2720 5225 2893 5281 neque
2927 5212 3068 5268 enim
3111 5214 3328 5273 lectioni
3369 5233 3558 5275 eorum
3591 5236 3834 5293 umquam

2264 5308 2484 5366 operam
2524 5297 2672 5368 dedi,
2702 5316 2804 5358 nec
2841 5302 3032 5360 horum
3073 5309 3523 5378 exemplariorum
3565 5313 3709 5384 apud
3745 5329 3829 5372 nos

2325 5484 2781 5580 ςιξὶηνῑςξρειιξέε
2807 5499 3456 5580 amatiost-1.3999599“;
3478 5503 3546 5580 Et
3566 5505 3838 5580 ,βυβιιειίιι-

2259 5556 2460 5668 Ὲὶιξθιιι
2483 5569 2626 5626 supra
2648 5556 2934 5622 EpistClOl'.
2955 5576 3006 5616 ιι.
3027 5563 3074 5614 2.
3100 5562 3164 5615 de
3182 5556 3294 5626 ipsa.
3312 5570 3416 5628 tuo,
3440 5566 3620 5631 inquit,

2325 5622 2410 5667 tua
2429 5629 2678 5668 auruum
2691 5655 2706 5668 .
2729 5628 2825 5668 etc.

2325 5622 2410 5667 uia
2428 5622 2706 5684 gamurus,
2729 5628 2825 5674 etc.
