4054 6192
101 326 211 386 855

173 445 267 500 16.
309 439 708 514 Septuagesimo
730 434 886 492 tertio
913 450 928 489 :
962 431 1029 489 Ut
1056 431 1178 504 quid
1208 430 1347 486 Deus
1373 429 1601 499 reputisti
1630 427 1682 481 in

102 538 262 607 ﬁnem
291 535 464 613 (Psal.
491 533 580 589 75.
608 532 681 603 1).
711 530 815 585 Pro
838 542 944 599 quo
972 527 1110 582 male
1137 524 1277 596 apud
1306 523 1520 579 Grarcos
1549 520 1684 590 legi-

103 636 191 682 tur
239 612 431 682 ordine
475 631 836 680 commutato:
874 619 944 675 Ut
981 619 1102 689 quid
1140 616 1368 687 repulisti
1391 657 1407 682 ,
1438 615 1595 668 Deus.
1628 612 1690 667 In

101 718 298 774 eodem
346 737 359 772 :
403 716 602 781 Quanta
644 713 951 783 malignatus
994 720 1066 766 est
1116 709 1348 763 inimicus
1393 707 1446 760 in
1493 705 1684 760 Sancto

100 810 283 883 (Ibid.
320 807 414 881 5).
456 807 616 862 Miror
656 806 775 876 quis
818 808 870 859 in
913 803 1097 858 codice
1137 809 1317 856 vestro
1359 796 1689 854 emendando

102 906 424 974 perrerterit
446 943 462 970 ,
495 909 552 955 ut
592 915 688 971 pro
709 941 724 966 ,
763 897 988 963 Sancto,
1020 895 1222 951 Sanctis
1265 891 1536 962 posuerit,
1568 904 1690 943 cum

102 1004 156 1050 et
182 994 234 1046 in
263 999 452 1046 nostro
478 989 684 1057 codice,
706 990 760 1043 in
787 988 997 1054 Sancto,
1026 987 1343 1040 inveniatur.
1374 983 1430 1036 ln
1457 980 1644 1037 eodem
1674 998 1688 1035 :

103 1082 454 1139 Incendamus
491 1097 662 1135 omnes
701 1079 810 1134 dies
849 1082 1000 1151 festos
1031 1076 1123 1130 Dei
1151 1092 1184 1128 a
1212 1084 1345 1128 terra
1373 1073 1392 1142 (
1421 1070 1556 1125 Ibid.
1586 1069 1619 1126 8
1645 1069 1684 1141 ).

103 1177 208 1232 Pro
238 1189 346 1246 quo
377 1175 432 1228 in
466 1172 656 1229 Grzeco
680 1172 932 1241 scriptum
962 1177 1044 1225 est
1069 1172 1478 1233 καταπαύσωμω;
1513 1173 1566 1219 et
1593 1177 1690 1216 nos

103 1270 173 1325 ita
205 1267 576 1323 transtulimus
606 1283 620 1321 :
651 1265 913 1332 Quiescere
939 1261 1185 1333 faciamus
1211 1274 1381 1312 omnes
1409 1257 1514 1310 dies
1537 1256 1692 1325 festos

105 1359 201 1413 Dei
229 1374 263 1410 a
291 1367 451 1411 terra.
479 1356 550 1410 Et
574 1355 738 1410 miror
763 1351 1028 1424 quomodo
1047 1365 1078 1405 e
1098 1350 1264 1404 latere
1284 1346 1690 1402 Adnotationem

103 1457 346 1504 nostram
375 1448 558 1502 nescio
583 1444 701 1515 quis
729 1441 1040 1498 temerarius
1064 1437 1399 1495 scribendam
1423 1437 1476 1491 in
1502 1449 1692 1504 corpo-

104 1555 163 1596 re
201 1538 512 1609 putaverit,
544 1551 701 1606 quam
731 1549 829 1588 nos
858 1547 955 1602 pro
981 1529 1275 1586 eruditione
1303 1527 1526 1597 legentis
1554 1525 1691 1580 scri-

106 1633 306 1702 psimus
329 1629 435 1684 hoc
456 1627 635 1692 modo,
655 1627 767 1681 Non
790 1625 969 1689 habet,
991 1628 1382 1688 καταπαύσωμεν,
1402 1629 1460 1674 ut
1479 1618 1693 1688 quidam
1735 1630 1742 1634 ·

107 1732 294 1795 putant
321 1764 336 1788 ,
415 1722 580 1793 θα)
651 1719 745 1774 sed
782 1724 1145 1784 κατακαύσαιμι-δ
1169 1755 1184 1780 ,
1213 1715 1266 1769 id
1291 1724 1372 1769 est
1396 1753 1411 1779 ,
1443 1712 1690 1766 incenda-

106 1831 234 1867 mus.
270 1813 338 1867 Et
367 1813 490 1882 quia
521 1809 700 1864 retulit
729 1809 857 1862 mihi
886 1817 1103 1862 sanctus
1131 1797 1414 1874 Presbyter
1440 1803 1650 1856 Firmus
1672 1841 1688 1868 ,

109 1906 195 1975 qui
244 1905 402 1974 hujus
445 1903 623 1973 operis
657 1909 872 1956 exactor
909 1899 1047 1965 fuit,
1092 1899 1231 1952 inter
1265 1894 1524 1965 plurimos
1571 1893 1693 1946 hinc

109 1995 342 2050 habitam
389 1992 737 2062 qnmstionem
763 2031 780 2057 ,
821 1989 1029 2059 plenius
1067 1986 1135 2042 de
1172 1986 1275 2040 hoc
1315 1981 1693 2052 disputandum

108 2087 335 2141 videtur.
398 2083 456 2138 In
513 2083 734 2139 Hebraeo
779 2083 1034 2151 scriptum
1081 2087 1409 2135 est'ssapnu
1456 2072 1693 2145 CIOL(a)

111 2193 322 2232 IOEDAU
343 2191 410 2230 Et.
437 2190 660 2240 omnes,
687 2172 829 2244 quod
849 2173 1056 2241 Aquila,
1084 2179 1138 2226 et
1161 2169 1511 2240 Symmachus
1523 2175 1697 2220 verte-

110 2280 234 2324 runt
258 2311 273 2336 ,
307 2277 580 2338 ἐνεπὺρωαν
608 2273 759 2327 πασάς
783 2273 868 2327 τάς
897 2271 1160 2332 συναγωγὰς
1187 2263 1270 2318 τοῦ
1296 2264 1415 2316 οεοῦ
1437 2301 1453 2328 ,
1494 2259 1548 2314 id
1574 2266 1656 2313 est
1677 2297 1693 2324 ,

109 2363 444 2416 incenderunt
487 2377 657 2414 omnes
691 2359 1025 2414 solemnitates
1055 2357 1152 2410 Dei
1187 2357 1240 2411 in
1279 2365 1434 2408 terra.
1464 2351 1654 2419 Quinta
1679 2391 1694 2417 ,

112 2474 408 2506 χατεχαυσαν
437 2449 492 2503 id
520 2458 634 2514 est,
666 2449 1062 2502 combusserunt.
1101 2446 1264 2500 Sexta
1294 2449 1657 2508 κατακαύσαιμι)
1680 2482 1695 2504 ,

114 2543 162 2597 id
202 2551 322 2608 est,
356 2543 747 2605 comburamus;
785 2538 926 2610 quod
965 2546 1020 2592 et
1060 2525 1398 2606 Septuaginta
1435 2534 1586 2601 juxta
1626 2528 1698 2601 (b)

114 2636 476 2704 Hexaplorum
524 2633 799 2688 veritatem
846 2628 1178 2684 transtulisse
1217 2625 1552 2696 perspicuum
1593 2628 1695 2676 est.

115 2726 444 2781 Thcodotion
475 2738 706 2794 quoque,
744 2721 814 2794 (c)
833 2731 1152 2792 ἅμπυρίσωμεν
1177 2719 1356 2782 vertit,
1387 2715 1436 2770 id
1460 2723 1561 2782 est,
1585 2729 1700 2767 suc-

117 2817 410 2870 cendamus.
452 2815 533 2869 Ex
575 2830 678 2885 quo
713 2813 1048 2883 perspicuum
1078 2818 1192 2874 est,
1224 2809 1302 2863 sic
1331 2805 1656 2877 psallendum
1683 2845 1696 2868 ,
1726 2843 1728 2845 μ

117 2919 171 2960 ιιι
203 2922 300 2961 nos
341 2906 675 2974 interpretati
706 2919 917 2967 sumus;
947 2911 1000 2957 et
1028 2911 1202 2956 tamen
1235 2898 1506 2956 sciendum
1531 2938 1546 2963 ,
1575 2895 1700 2966 quid

119 3000 370 3055 l-lebraica
416 3000 624 3053 Veritas
673 2996 880 3051 haheat.
950 2995 1062 3049 Hoc
1106 2994 1248 3048 enim
1296 2990 1436 3060 quod
1480 2987 1701 3056 Septua-

117 3095 258 3162 ginta
302 3091 726 3154 transtulerunt,
761 3095 984 3156 prnpter.
1002 3093 1320 3140 vetustatem
1359 3083 1410 3135 in
1454 3079 1702 3134 Ecclesiis

118 3184 509 3239 dccantandum
540 3190 653 3243 est;
693 3189 748 3232 et
777 3177 907 3232 illud
936 3177 1002 3230 ab
1031 3175 1252 3230 eruditis
1280 3172 1550 3227 sciendum
1583 3185 1704 3239 pro-

119 3283 238 3343 pter
266 3274 514 3327 notitiam
551 3270 959 3337 Scripturarnm.
1000 3264 1151 3320 Unde
1181 3265 1224 3318 si
1255 3262 1380 3333 quid
1412 3277 1506 3331 pro
1530 3260 1704 3314 studio

120 3380 150 3418 e
180 3365 345 3418 latere
374 3362 615 3415 additum
645 3368 728 3415 est
750 3400 764 3425 ,
795 3373 899 3412 non
929 3356 1086 3411 debet
1113 3355 1236 3425 poni
1269 3355 1323 3407 in
1349 3366 1604 3422 corpore;
1637 3364 1704 3404 ne

121 3454 352 3522 priorem
381 3449 782 3506 tra'nslationem
807 3463 903 3519 pro
923 3447 1264 3502 scribentium
1289 3444 1560 3499 voluntate
1579 3455 1706 3495 con-

123 3546 314 3599 turbet.
359 3543 415 3597 ln
458 3543 648 3596 eodem
680 3559 692 3594 :
719 3539 1076 3594 Contribulasti
1121 3537 1304 3606 capita.
1335 3537 1612 3587 draconum
1650 3533 1704 3586 in

123 3636 300 3704 aquis;
329 3644 382 3687 tu
413 3632 704 3704 confregisti
733 3632 904 3700 capita
929 3629 1168 3683 draconis
1194 3625 1365 3698 (Psal.
1397 3627 1484 3680 15.
1515 3633 1560 3678 et
1592 3621 1700 3695 14).

125 3728 210 3778 Sic
241 3727 484 3780 lectionis
510 3726 641 3778 ordo
665 3724 924 3793 sequitur,
951 3730 1010 3775 ut
1034 3721 1088 3774 in
1115 3719 1276 3789 priori
1300 3733 1474 3781 versu,
1499 3725 1571 3782 tu,
1597 3730 1704 3771 non

125 3815 332 3880 habeat,
361 3817 454 3871 sed
487 3816 537 3868 in
565 3815 830 3878 secundo;
860 3821 915 3868 et
937 3827 1090 3881 aqua:
1115 3809 1300 3880 plurali
1326 3823 1549 3862 numero
1575 3807 1704 3861 scri-

126 3906 333 3972 bantur,
359 3922 466 3960 non
495 3904 746 3974 singulari
769 3945 784 3968 ,
805 3904 943 3957 sicut
961 3911 1017 3956 et
1035 3902 1221 3970 Aquila
1244 3900 1462 3954 verbum
1484 3896 1706 3950 llebrai-

125 4011 241 4049 cum
265 3997 342 4067 (d)
365 4009 594 4058 ΑιυιΑηι,
617 4004 706 4047 τῶν
731 3997 928 4054 ὓδάτων,
954 3990 1007 4044 id
1031 4000 1130 4054 est,
1154 4004 1423 4058 aquarum,
1449 3987 1709 4053 interpre-

126 4095 262 4141 tatus
292 4095 392 4140 est.
429 4086 486 4138 In
517 4083 704 4138 eodem
734 4098 749 4135 :
781 4082 862 4134 Ne
887 4080 1192 4134 obliviscaris
1220 4094 1361 4131 voces
1389 4078 1709 4130 inimicorum

127 4185 329 4228 tuorum
354 4176 372 4244 (
397 4173 535 4227 Ibid.
569 4174 640 4227 25
659 4171 696 4242 ).
727 4172 830 4226 Pro
853 4185 958 4240 quo
989 4170 1040 4223 in
1067 4168 1254 4224 Gnaeo
1277 4180 1367 4222 τῶν
1400 4167 1556 4220 ἱκετῶν
1586 4187 1666 4218 σου
1693 4203 1708 4230 ,

129 4264 180 4318 id
206 4273 289 4320 est
310 4306 324 4329 ,
355 4263 736 4335 deprecantium
767 4271 814 4314 te
837 4299 853 4326 ,
885 4261 1140 4328 scriptum
1176 4258 1369 4312 dicitis.
1400 4257 1456 4311 In
1489 4256 1710 4310 llebrazo

129 4365 300 4410 autem
321 4396 334 4420 .
364 4369 640 4411 sonanacn
669 4354 886 4421 legitur,
916 4349 1059 4420 quod
1087 4349 1280 4419 Aquila
1301 4389 1316 4414 ,
1348 4347 1565 4400 hostium
1593 4355 1708 4398 tuo-

131 4461 261 4513 rum,
274 4445 627 4517 Symmachus
643 4486 658 4511 ,
678 4443 975 4496 bellantium
991 4449 1168 4494 contra
1189 4449 1235 4492 te
1249 4455 1268 4492 :
1285 4437 1646 4507 Septuaginta,
1660 4445 1714 4491 et

133 4535 289 4593 Sexta
308 4539 508 4604 Editio,
530 4536 850 4589 inimicorum
873 4542 1098 4596 tuorum,
1124 4529 1452 4599 interpretati
1473 4539 1591 4583 sunt
1615 4545 1628 4582 :
1649 4528 1714 4582 Et

135 4637 212 4682 est
231 4643 417 4684 sensus
436 4627 678 4701 pendens
697 4641 762 4681 ex
782 4623 1148 4694 superioribus
1167 4638 1179 4675 :
1202 4621 1398 4675 Memor
1413 4630 1514 4675 esto
1529 4622 1715 4687 impro-

136 4720 379 4786 pcriorum
404 4733 630 4785 tuorum,
652 4733 826 4772 eorum
845 4729 958 4785 quae
977 4714 1039 4767 ab
1060 4713 1326 4782 insipiente
1347 4722 1461 4766 sunt
1481 4719 1582 4765 tota
1599 4710 1712 4765 die:

135 4822 273 4862 voces
296 4811 610 4864 inimicorum
640 4818 860 4873 tuorum,
891 4804 944 4859 id
969 4814 1086 4868 est,
1111 4818 1270 4859 voces
1298 4802 1384 4858 Ne
1406 4801 1712 4856 obliviscaris

138 4912 253 4964 qua:
279 4906 328 4952 te
353 4899 719 4970 blasphemant
737 4939 752 4963 ,
779 4896 979 4964 tibique
999 4895 1054 4949 in
1085 4893 1279 4964 p0pulo
1297 4904 1386 4947 tuo
1405 4893 1709 4948 detrahunt.

138 4987 290 5044 Unde
325 4991 482 5061 661
539 4992 803 5060 sequitur:
824 4988 1081 5058 Superbia
1097 5002 1287 5050 eorum,
1305 4986 1390 5056 qui
1411 4995 1457 5038 te
1477 4985 1710 5050 oderunt,

201 5103 272 5165 (α)
305 5103 611 5154 Μπιὶειηαξυε
649 5106 916 5164 suspicatur
956 5102 1010 5150 in
1045 5100 1422 5162 Hieronymiano
1445 5097 1715 5160 exemplari

138 5171 380 5223 Hebraico
423 5177 682 5236 scriptum,
727 5169 927 5223 τΠἊΠὩ
965 5171 1044 5220 vel
1087 5168 1274 5226 17132173
1309 5181 1400 5230 pro
1445 5167 1714 5223 hodierno,

140 5237 314 5304 Fm.
339 5235 584 5294 Palatinus
614 5256 726 5293 cum
756 5243 1052 5304 aspiratione
1075 5237 1385 5290 MOEDAHU
1421 5235 1566 5304 ῌΕΙ..
1603 5236 1716 5285 Mox

141 5299 320 5354 Erasm.
350 5313 402 5354 ει
421 5305 598 5354 Victor.
627 5298 825 5367 isis-tgnang
843 5315 930 5366 pro
955 5316 1181 5366 ινιπὺρισαν,
1199 5309 1252 5350 Et
1275 5313 1400 5363 ἑορτάς
1423 5298 1529 5348 1000
1553 5323 1716 5360 συνατυ-

143 5375 234 5422 τάςε
261 5379 420 5428 neque
444 5369 573 5416 enim
594 5366 819 5427 Hexapla
841 5371 1096 5414 noverant.

206 5445 276 5508 (b)
303 5445 497 5508 Quidam
523 5449 669 5504 editi,
698 5452 751 5496 et
782 5445 900 5496 Mss.
927 5445 1038 5494 libri
1063 5443 1398 5508 exemplorum
1421 5441 1714 5492 varietatem.

204 5503 273 5578 (ε)
309 5507 429 5578 'l‘res
468 5521 498 5578 e
531 5503 710 5578 nostris
728 5508 992 5578 -cod'i_‘c_ibus‘
1020 5503 1271 5578 ονιπυρωοαεν
1288 5545 1300 5562 ,
1316 5503 1719 5578 ,ἈῘῙιιδῆινιξῦρισανξ

147 5564 270 5626 qubd
294 5569 438 5617 etiam
475 5570 521 5616 in
554 5568 790 5630 Hexaplis
825 5564 1146 5618 Theodotion'i
1183 5564 1425 5630 tribuitur.
1458 5566 1558 5630 Sed
1592 5564 1719 5626 apud

148 5637 310 5677 omnes
330 5630 671 5681 succendamus
685 5627 709 5692 ,⁷
722 5630 853 5693 quod
873 5643 963 5680 nos
992 5636 1184 5688 movet,
1207 5637 1266 5680 ut
1284 5627 1552 5696 legendum
1577 5632 1719 5696 pute-

147 5697 250 5737 mus
270 5703 521 5754 μευρὶσυμν.
1348 5693 1354 5700 ’

208 5769 283 5833 (ἀ)
315 5772 424 5825 Duo
443 5775 581 5828 codd.
607 5774 904 5828 Ammichins.

1225 5856 1247 5896 l-
1650 5875 1688 5900 ..ο

1209 5902 1265 5917 ευ,

1503 309 1830 369 EPISTOLA
1867 310 1998 367 CVI.

1791 425 2018 480 ascendit
2043 417 2276 497 semper:
2305 423 2360 480 id
2405 429 2524 491 est,
2559 410 2784 478 dum'tu
2814 419 2998 478 diﬂ‘ers
3034 435 3220 495 pmnas
3243 413 3368 494 {illi
3457 396 3463 401 \

1791 517 2073 586 proﬁciunt
2099 517 2151 572 in
2182 516 2542 587 blasphemiis.

1877 614 1963 668 47.
2004 610 2407 680 Septuagesimo
2449 615 2686 677 quarto:
2731 604 3072 659 Narrabimus
3115 605 3371 660 mirabilia

1795 715 1882 762 tua
1912 702 2081 776 (Psal.
2100 702 2189 756 74.
2209 701 2284 771 3).
2308 700 2411 754 Pro
2432 712 2538 769 quo
2567 698 2707 752 male
2744 695 2882 766 apud
2909 694 3125 750 Graecos
3153 694 3369 765 legitur,

1797 795 2036 850 Narrabo
2056 793 2226 848 omnia
2253 790 2504 844 mirabilia
2555 797 2661 842 tua.

1867 888 1958 943 48.
1999 884 2405 956 Septuagesimo
2435 882 2621 952 quinto
2652 897 2665 933 :
2719 880 2906 934 Omnes
2945 878 3040 932 viri
3082 877 3374 932 divitiarum

1797 980 2028 1036 manibus
2056 979 2160 1032 suis
2182 975 2355 1048 (Psal.
2381 975 2468 1030 75.
2498 973 2575 1043 6).
2606 972 2673 1026 Ει
2724 987 2830 1026 non
2869 979 2928 1025 ut
2972 985 3090 1036 vos,
3133 970 3314 1025 nescio
3342 983 3374 1023 a

1745 1087 1748 1092 '
1796 1088 1904 1145 quo
1927 1072 2277 1142 depravatum
2320 1067 2517 1138 legitis,
2545 1067 2599 1119 in
2624 1062 2854 1118 manibus
2879 1063 3004 1117 suis.
3031 1061 3092 1116 in
3132 1061 3321 1116 eodem
3355 1077 3373 1114 :
3432 1056 3434 1058 ’

1797 1165 2052 1232 Terribili,
2083 1172 2128 1217 et
2150 1163 2195 1216 ei
2211 1162 2298 1233 qui
2323 1160 2487 1229 aufert
2508 1157 2743 1229 spiritum
2755 1154 3057 1224 Principum
3074 1152 3235 1226 (Ibid.
3261 1151 3371 1224 15).

1800 1258 1988 1314 Dicitis
2011 1253 2152 1325 quod
2176 1294 2193 1321 ,
2226 1254 2304 1318 ei,
2338 1265 2445 1305 non
2472 1250 2540 1305 sit
2563 1248 2819 1317 scriptum
2845 1245 2897 1300 in
2926 1243 3114 1300 Graeco
3140 1253 3156 1295 :
3186 1257 3374 1297 verum

1798 1357 1914 1413 est;
1950 1345 2044 1402 sed
2067 1344 2170 1400 nisi
2209 1340 2616 1413 apposuerimus
2635 1377 2651 1404 ,
2677 1339 2724 1390 ei
2743 1377 2758 1403 ,
2786 1334 3009 1391 Latinus
3056 1347 3234 1388 sermo
3263 1347 3374 1387 non

1797 1444 2036 1495 resonat.
2067 1434 2253 1504 Neque
2280 1433 2420 1487 enim
2451 1442 2734 1501 possumus
2763 1435 2910 1483 recte
2948 1424 3129 1481 dicere
3158 1441 3171 1478 :
3203 1422 3379 1478 Terri-

1798 1531 1905 1598 bili,
1933 1541 1978 1585 et
1999 1531 2088 1602 qui
2113 1531 2276 1598 aufert
2303 1527 2536 1598 spiritum
2559 1522 2877 1592 Principum.

1868 1623 1959 1680 49.
2000 1620 2404 1691 Septuagesimo
2437 1625 2588 1672 sexto
2616 1632 2629 1669 :
2659 1613 2730 1667 Et
2757 1611 3022 1667 meditatus
3076 1626 3187 1664 sum
3233 1617 3380 1664 nocte

1799 1730 1914 1768 cum
1937 1711 2086 1766 corde
2113 1726 2222 1764 meo
2243 1748 2260 1774 ,
2306 1717 2353 1762 et
2380 1706 2720 1770 exercitabar,
2766 1713 2813 1756 et
2852 1703 3114 1770 scopebam
3145 1701 3378 1769 spiritum

1799 1800 2170 1872 meum(Psal.
2222 1799 2308 1853 76.
2341 1796 2414 1868 7).
2448 1797 2553 1850 Pro
2580 1809 2687 1865 quo
2742 1793 2796 1847 in
2850 1793 3077 1847 Hebraeo
3127 1791 3374 1860 legimus.

1798 1893 2123 1952 Recordabar
2171 1890 2505 1945 Psalmorum
2535 1886 2608 1957 (e)
2649 1901 2875 1940 meorum
2928 1884 2984 1936 in
3030 1890 3206 1944 nocte,
3263 1897 3380 1934 cum

1800 1987 1950 2043 corde
1976 2001 2086 2039 meo
2129 1985 2367 2052 loquebar
2391 2021 2405 2048 ,
2447 1990 2493 2034 et
2519 1977 2783 2048 scopebam
2802 1975 3035 2046 spiritum
3061 1989 3246 2027 meum.
3273 1972 3382 2026 Pro

1801 2078 2212 2144 exercitatione,
2235 2079 2534 2143 ἀδολεσχίαν,
2561 2072 2612 2128 id
2644 2080 2748 2136 est,
2779 2065 3380 2136 decantalioncmqtiam-

1801 2172 1957 2238 dam,
1997 2179 2052 2224 et
2089 2167 2465 2222 meditationem
2494 2160 2842 2234 Septuaginta
2869 2156 3282 2221 transtulerunt;
3326 2163 3380 2210 et

1803 2277 1902 2333 pro
1931 2274 2017 2326 eo,
2049 2256 2192 2329 quod
2222 2269 2320 2310 nos
2345 2254 2597 2318 diximus,
2641 2252 2927 2320 scapebam,
2956 2247 3034 2303 illi
3059 2253 3381 2317 posuerunt,

1801 2359 2021 2407 εσκαλλον
2071 2367 2083 2402 :
2139 2346 2281 2417 quod
2329 2343 2680 2416 Symmachus
2720 2338 3031 2405 transtulit,
3081 2341 3380 2407 ἀνηρεύνων,

1804 2447 1856 2501 id
1886 2453 1996 2510 est,
2027 2439 2402 2513 perscrutabam
2430 2477 2445 2503 ,
2492 2437 2604 2492 sive
2643 2432 2925 2506 quitrebam
2955 2447 2975 2486 :
3001 2439 3055 2486 et
3083 2430 3278 2498 Quinta
3307 2429 3382 2482 si-

1804 2539 2022 2593 militer.
2047 2532 2265 2603 Pr0prie
2281 2540 2458 2585 autem
2477 2535 2734 2594 σναλισμός
2757 2525 2811 2578 iu
2836 2521 3158 2593 agricultura
3187 2519 3386 2573 dicitur

1806 2631 1860 2685 in
1901 2626 2195 2689 sarriendo.
2228 2623 2280 2678 id
2310 2631 2414 2688 est,
2467 2616 2823 2681 sarculando;
2876 2623 2929 2670 et
2979 2611 3252 2684 quomodo
3307 2611 3384 2666 ibi

1805 2727 2113 2794 quaeruntur
2150 2716 2328 2772 herba:
2354 2712 2566 2768 sarculo
2585 2751 2600 2777 ,
2626 2725 2746 2780 qua:
2770 2715 3053 2772 secentur;
3095 2705 3172 2758 sic
3199 2713 3253 2758 et
3281 2703 3385 2758 iste

1806 2819 2152 2869 retractatum
2172 2807 2278 2880 [aL
2303 2797 2741 2871 retractationem]
2769 2797 3150 2868 cogitationum
3166 2807 3383 2848 suarum

1806 2904 2127 2978 μεταφορικῶς
2167 2917 2199 2955 a
2232 2897 2445 2954 sarculo
2493 2890 2900 2949 demonstravit.
2950 2888 3021 2942 Et
3059 2885 3338 2941 sciendum
3365 2924 3381 2948 ,

1807 2972 1949 3067 quod
1978 2972 2220 3058 sexcuncia,
2245 3005 2350 3044 non
2372 2985 2560 3050 semel,
2581 2981 2674 3037 sed
2695 2980 3000 3066 frequenter
3023 2975 3302 3046 signiﬁcat.
3326 2972 3385 3027 In

1807 3059 2034 3144 eodem:
2064 3085 2106 3136 A
2143 3081 2460 3153 generatione
2497 3059 2949 3144 in‘generationem
2969 3067 3132 3139 (Ibid.
3165 3065 3244 3135 9).
3275 3064 3389 3119 Hoc

1808 3177 1947 3249 quod
1978 3175 2052 3247 (l)
2089 3176 2140 3229 in
2190 3186 2367 3243 graeco
2416 3180 2648 3239 sequens
2692 3162 2962 3218 invenisse
3022 3174 3119 3214 vos
3167 3157 3386 3223 dicitis,

1809 3266 2168 3322 consummavit
2193 3263 2414 3326 verbum,
2443 3270 2589 3315 recte
2608 3272 2712 3313 non
2735 3255 2899 3310 habet
2927 3254 2982 3308 in
3011 3251 3223 3317 Latino,
3257 3251 3384 3321 quia

1809 3368 1864 3416 et
1884 3361 1937 3414 in
1958 3357 2104 3412 nullo
2134 3355 2358 3409 habetur
2388 3351 2766 3420 lnterpretum.
3184 3403 3196 3412 ,

1880 3453 1968 3509 50.
2011 3447 2418 3520 Septuagesimo
2444 3444 2675 3512 septimo
2707 3459 2721 3496 :
2753 3439 2818 3494 Et
2837 3437 3116 3493 narrabunt
3146 3435 3266 3505 filiis
3285 3434 3393 3489 suis

1811 3545 1984 3619 (Psal.
2019 3544 2109 3597 77.
2142 3541 2218 3613 6).
2244 3540 2348 3595 Pro
2372 3552 2477 3608 quo
2509 3536 2562 3589 in
2593 3533 2780 3590 ϐιοτεοο
2797 3529 2993 3597 habet,
3027 3531 3391 3594 ἀπα-ηελοῡσιν,

1809 3617 1953 3706 quod
1983 3643 2084 3700 est,
2113 3629 2500 3687 annuntiabunt.
2521 3625 2626 3682 Sed
2649 3623 2928 3680 sciendum
2951 3664 2967 3688 ,
3005 3619 3150 3692 quod
3196 3621 3249 3672 in
3277 3617 3391 3672 He-

1809 3729 1956 3784 brmo
1978 3739 2357 3789 “smnpm-mu,
2377 3720 2635 3788 scriptum
2653 3725 2754 3772 est:
2775 3713 2917 3784 quod
2931 3713 3144 3781 Aquila,
3163 3719 3219 3764 et
3234 3708 3396 3779 Sym-

1810 3819 2033 3875 machus
2055 3857 2070 3883 ,
2104 3815 2419 3875 narrabant,
2451 3808 2858 3885 transtulerunt.
2944 3802 3107 3870 662
3199 3797 3256 3850 In
3294 3811 3392 3850 eo-

1811 3908 1932 3962 dem
1957 3923 1969 3957 :
1996 3904 2061 3956 Et
2078 3902 2258 3956 occidit
2295 3901 2503 3969 pingues
2526 3910 2696 3949 eorum
2721 3891 2880 3962 (Ibid.
2897 3888 3012 3957 51).
3042 3888 3131 3941 Sic
3152 3885 3312 3940 habet
3337 3895 3394 3939 et

1813 4000 1866 4053 in
1893 3996 2136 4057 limbrco,
2161 3993 2261 4045 hoc
2281 3997 2363 4043 est
2391 3998 2800 4046 nauasunsnsx,
2825 3978 2968 4050 quod
2995 3978 3183 4046 Aquila
3218 3977 3390 4030 inter-

1815 4095 2056 4159 pretatus
2107 4091 2225 4142 est,
2273 4085 2320 4132 ἕν
2368 4086 2581 4146 λιπαροῖς
2621 4077 2774 4127 αὐτῶν
2804 4089 2819 4126 :
2847 4067 3196 4141 Symmachus
3226 4106 3241 4131 ,
3287 4073 3394 4126 τοὺς

1815 4158 2156 4248 λιπαρωτέρους
2186 4177 2375 4227 αὐτῶνε
2404 4166 2749 4238 Septuaginta
2771 4206 2786 4232 ,
2850 4158 2904 4218 et
2943 4159 3308 4223 Theodotion,
3339 4166 3397 4213 et

1815 4273 2030 4340 Quinta,
2053 4275 2098 4322 ἐν
2121 4280 2217 4327 τοῖς
2245 4272 2404 4319 πίοσιν
2421 4251 2599 4315 αὑτῶν..
2625 4256 2778 4326 Quod
2809 4254 3023 4326 quidam
3066 4267 3173 4308 non
3193 4250 3393 4306 intelli-

1813 4373 2022 4436 gentes,
2053 4375 2148 4430 pro
2195 4370 2367 4422 πίοσιν,
2401 4359 2724 4425 putaverunt
2766 4349 3025 4419 scriptum
3051 4354 3278 4402 πλείοσιν.
3333 4344 3394 4399 In

1816 4453 2006 4510 eodem
2038 4468 2050 4504 :
2080 4449 2378 4504 Dileazerunt
2402 4460 2514 4498 eum
2538 4443 2591 4496 in
2617 4457 2701 4496 ore
2726 4456 2838 4504 suo,
2863 4448 2910 4492 et
2931 4438 3104 4507 lingua
3129 4453 3224 4490 sua
3249 4449 3396 4488 men-

1817 4547 1896 4602 titi
1918 4553 2031 4598 sunt
2054 4543 2096 4598 ei
2136 4539 2294 4614 (Ibid.
2320 4535 2428 4609 56).
2471 4535 2535 4591 Et
2560 4536 2611 4589 in
2640 4532 2867 4588 Hebraeo
2906 4531 2979 4586 ita
3009 4530 3264 4599 scriptum
3315 4537 3401 4584 est

1816 4647 2107 4691 lCBAZBULO
2131 4672 2147 4698 ,
2176 4643 2230 4685 et
2255 4642 2444 4684 omnes
2471 4640 2600 4681 voce
2624 4623 2787 4680 simili
2811 4619 3210 4682 transtulerunt,
3257 4622 3389 4684 ἐψιὺι

1817 4747 1955 4780 σαντο
1979 4728 2128 4792 αὐτῷ,
2162 4719 2214 4774 id
2243 4729 2344 4785 est,
2375 4717 2567 4772 mentiti
2595 4723 2711 4769 sunt
2732 4715 2795 4767 ei.
2814 4711 2944 4777 Quis
2962 4717 3140 4764 autem
3169 4706 3399 4762 voluerit

1823 4834 1918 4889 pro
1940 4819 2004 4886 ei,
2047 4831 2246 4887 ponere
2273 4831 2403 4879 eum,
2435 4821 2492 4867 et
2515 4813 2705 4867 vitiare
2754 4803 3098 4874 exemplaria,
3153 4816 3261 4856 non
3315 4806 3400 4854 est

1819 4913 1922 4969 mei
1941 4910 2146 4982 judicii.
2166 4909 2220 4964 ld
2243 4908 2433 4964 eodem
2464 4921 2477 4957 :
2509 4903 2573 4957 Et
2604 4900 2849 4972 propitius
2883 4898 2966 4966 ﬁet
2989 4895 3202 4965 peccatis
3223 4907 3399 4947 eorum

1891 5091 1957 5156 (ei
1989 5087 2379 5156 νθιενθβωίιῐο
2410 5090 2482 5156 ,ει
2510 5073 3401 5156 Regius,Flosestia“§__¥3z-°§e3£°

1822 5134 2528 5209 ΜέιῖίὶεήῑῖξὸῑῦἱνιὶὁέᾶΙίεὼθρι
2807 5138 2987 5209 Vitiosa
3016 5146 3228 5209 quoque.
3241 5134 3404 5209 inter:

1825 5199 2086 5276 meum
2108 5199 2246 5276 'apud
2285 5204 2844 5276 ipsum_Benedictinum
2878 5199 3256 5276 enatuinnocte
3292 5204 3403 5276 cum

1827 5225 2086 5276 punctione
2123 5225 2147 5258 a
2185 5225 2246 5257 ua
2286 5225 2443 5270 Ipsum
2473 5225 2844 5253 Deucuwuuum
2878 5225 3002 5257 σιαι,
3039 5225 3089 5246 m
3123 5225 3256 5243 ηυνιυ
3292 5225 3401 5240 vuu-

1827 5274 1972 5342 .cord.e
2131 5225 2384 5342 bene.
2410 5255 3401 5342 ante}???ani“actaaeiaaiaaa

1825 5317 2155 5386 Sabmiani
2165 5317 2302 5393 vitio.
2317 5317 2559 5393 Denique
2584 5317 2936 5393 νὸεὶ-ἀδολιῖτέιαν.
2949 5332 3057 5382 quae
3068 5317 3402 5393 subsequitur,

1823 5396 2031 5458 Reginae
2048 5392 2295 5458 exemplar
2311 5392 2361 5439 in
2375 5386 2610 5458 margine.
2624 5386 2872 5458 substituit
2895 5390 3112 5444 asangm
3129 5392 3141 5427 :
3163 5387 3406 5438 proprium

1825 5448 2005 5513 nempe
2029 5448 2230 5504 verbum
2255 5448 2572 5513 Septuaginta
2598 5448 2939 5513 interpretum.

1861 5500 1969 5632 Si)
1981 5500 2108 5566 'Ali‘i'
2121 5500 2241 5565 editi
2263 5500 2389 5575 quod
2413 5500 2635 5560 arctoum
2656 5500 2918 5576 sequentes,
2945 5511 2997 5554 et
3017 5500 3161 5566 paulo
3182 5507 3404 5570 postnon

1922 5587 2027 5631 etur
2046 5579 2099 5628 in
2121 5575 2296 5626 Latino.
2321 5574 2444 5622 Rem
2466 5573 2620 5632 ipsam
2646 5569 2773 5632 quod
2807 5571 3001 5632 attinet,
3027 5571 3090 5632 et_
3108 5564 3160 5611 in
3185 5560 3403 5632 editione

1827 5560 2099 5633 habetur-iii
2121 5560 2306 5626 iatino'.
2321 5560 2444 5622 Rem
2466 5573 2632 5634 ipsam
2646 5560 2773 5634 quod
2807 5560 3001 5634 attinet,
3018 5560 3090 5634 ἐι.
3108 5564 3160 5611 in
3183 5560 3403 5634 editione

1824 5621 2347 5702 ᾖῖἓῖἰῇὶθὲπῖῐὲἱέέέᾳ,
2373 5621 2424 5684 et
2447 5621 2501 5702 in.
2519 5621 2778 5702 Turicensi
2799 5627 2926 5702 apud
2949 5621 3381 5702 eumdem_lL!!.‘ba

1823 5682 2396 5765 Siidi;'i€iiia'§ii13'ém
2417 5682 2508 5745 Sub
2531 5693 2794 5754 Asterisw,
2817 5682 2868 5741 in
2888 5689 2980 5741 hoc
2998 5695 3163 5740 autem
3183 5682 3408 5738 absolutt

1815 5779 2036 5841 Διιινοτιλιεη
2057 5778 2150 5829 ῥῆμα.
2171 5773 2242 5814 ἀπὸ
2263 5775 2382 5826 τινας
2405 5771 2452 5817 si;
2473 5769 2618 5821 γινιάνο
