4054 6192
653 223 765 289 855

654 355 707 408 et
741 363 850 405 non
870 343 1228 420 disperdcte‘as
1268 341 1384 416 (Ps.
1417 343 1508 400 77.
1536 340 1650 415 38).
1674 342 1858 398 Dicitis
1881 341 2025 413 quod
2061 357 2143 396 eos
2179 342 2232 396 in

657 443 850 501 Graeco
877 457 982 499 non
1008 440 1233 504 habeat,
1263 437 1406 508 quod
1432 445 1487 492 et
1513 451 1700 493 verum
1729 446 1851 501 est;
1881 435 1976 493 sed
2002 450 2101 491 nos
2119 476 2136 503 ,
2166 450 2236 490 no

658 535 919 592 sententia
952 527 1197 602 pendeat,
1219 526 1467 585 Latinum
1485 543 1790 584 sermonem
1813 542 1908 584 sua
1937 528 2233 598 proprieta-

658 637 710 682 te
735 623 1146 693 eomplevimus.
1177 619 1234 676 Si
1260 620 1382 691 quis
1423 628 1602 676 autem
1632 627 1801 690 putat,
1836 623 2090 692 διαφθερεῖ,
2122 633 2232 674 non

653 716 980 788 perditionem
1009 727 1223 780 sonare,
1247 712 1343 768 sed
1373 713 1763 783 emptionem,
1806 711 2120 767 recordetur
2167 712 2258 766 11--

652 809 753 864 lius
781 807 920 862 tituli
942 849 956 872 ,
988 807 1040 861 in
1066 821 1174 876 quo
1200 805 1477 874 scribitur,
1504 811 1572 868 sl;
1594 815 1650 861 τὸ
1671 813 1802 866 filo;
1827 816 1898 873 μή
1940 809 2224 876 διαφοιιρῃς,

651 899 751 955 hoc
776 908 878 967 est,
917 899 970 954 in
999 899 1150 968 ﬁnem
1194 915 1256 954 ne
1283 899 1583 968 disperdas,
1626 907 1682 954 et
1728 913 1834 953 non
1888 906 1946 953 ut
1988 897 2231 967 plerique

649 1001 916 1058 κακοζήλοις
957 992 1380 1063 interpretantur
1403 1033 1416 1056 ,
1452 1006 1520 1046 ne
1548 1005 1863 1059 corrumpas.
1901 989 1957 1042 in
1989 989 2177 1043 eodem
2211 1006 2228 1042 :

649 1084 716 1138 Et
741 1083 939 1137 induxit
967 1097 1050 1137 eos
1077 1083 1130 1136 in
1155 1093 1370 1136 montem
1390 1079 1803 1149 sanctiﬁcationis
1822 1094 1927 1134 sua
1949 1094 1969 1132 :
1990 1088 2228 1146 montem,

648 1191 796 1244 quem
817 1173 1074 1245 acquisivit
1099 1174 1303 1228 dextera
1330 1173 1442 1244 ejus
1462 1170 1620 1245 (Ibid.
1652 1169 1763 1240 54).
1809 1169 1914 1224 Pro
1939 1185 2047 1239 quo
2088 1169 2230 1238 apud

646 1264 992 1334 Septuaginta
1036 1265 1257 1335 legitur,
1281 1269 1384 1335 ιρος
1402 1272 1540 1319 τοῦτο
1573 1268 1806 1322 ἐκτήσατο
1832 1269 1864 1321 ἡ
1890 1265 2021 1326 δεξιά
2039 1265 2186 1315 αὐτοῦ
2209 1275 2224 1314 :

643 1366 698 1414 et
727 1355 801 1429 (a)
827 1373 933 1412 non
964 1367 1020 1412 ut
1041 1372 1134 1413 vos
1162 1357 1379 1426 putatis,
1408 1361 1434 1410 δ
1451 1361 1702 1420 ἐκτήσατο,
1729 1355 1831 1410 hoc
1853 1363 1954 1419 est,
1973 1367 2122 1424 quem
2143 1369 2226 1405 ae-

643 1450 844 1519 quisivit
875 1449 1099 1504 dextera
1122 1450 1259 1518 ejus.
1291 1446 1479 1503 Melius
1509 1461 1636 1517 ergo
1672 1445 1969 1501 secundum
1998 1444 2228 1500 Hebrai-

641 1555 758 1599 cam
776 1542 1154 1613 proprietatem
1177 1540 1560 1610 interpretatus
1578 1547 1660 1594 est
1672 1535 2025 1609 Symmachus
2049 1551 2224 1590 :mon-

643 1646 759 1702 tem,
788 1650 932 1704 quem
955 1634 1216 1704 acquisivit
1238 1633 1442 1687 dextera
1467 1633 1593 1703 ejus.
1629 1631 1686 1686 ln
1714 1630 1903 1686 eodem
1935 1647 1949 1684 :
1981 1628 2050 1684 Et
2076 1645 2228 1684 acer».
2284 1665 2288 1672 -

640 1738 806 1783 terunt
830 1745 902 1796 se,
951 1738 1003 1782 et
1045 1745 1145 1782 non
1176 1735 1492 1781 servaverunt
1537 1737 1758 1797 pactum,
1804 1725 2226 1795 quemadmodum

646 1832 814 1891 patres
840 1837 1011 1876 eorum
1039 1819 1203 1891 (Ibid.
1224 1819 1333 1892 57).
1359 1819 1484 1875 Scio
1515 1819 1657 1890 quod
1683 1860 1699 1886 ,
1730 1829 1952 1890 pactum,
1983 1835 2088 1875 non
2131 1820 2226 1875 lte-

647 1915 772 1970 beat
815 1915 866 1970 iu
919 1913 1176 1978 Hebraeo;
1231 1911 1329 1968 sed
1374 1913 1588 1983 quando
1641 1927 1830 1967 omnes
1876 1925 2008 1968 voce
2061 1913 2227 1968 simili

641 2005 1062 2070 transtulerunt,
1106 2013 1457 2071 ἠσυνθὶτησαν,
1507 2015 1560 2059 et
1597 2005 1734 2074 apud
1763 2004 1980 2061 Graecos
2023 2016 2222 2070 συνθήκη

635 2111 839 2170 pactum
867 2097 1084 2164 dicitur,
1111 2112 1177 2152 ex
1203 2111 1310 2152 uno
1331 2096 1498 2152 verbo
1529 2095 1862 2166 significatur
1888 2116 1901 2152 :
1929 2114 2030 2152 non
2057 2115 2225 2154 serva-

633 2197 808 2247 verunt
836 2197 1073 2259 pactum;
1099 2187 1226 2243 licet
1259 2187 1605 2257 Septuaginta
1650 2196 1880 2250 ἠθέτησαν
1920 2191 2214 2258 posuerint.

635 2282 692 2338 In
716 2280 905 2337 eodem
928 2277 1025 2334 ειη
1046 2289 1195 2344 terra,
1218 2296 1367 2348 quam
1387 2279 1619 2350 fundavit
1639 2281 1690 2335 in
1707 2284 1893 2336 sarcula
1921 2282 2090 2353 (Ibid.
2106 2283 2216 2354 68).

633 2373 737 2429 Pro
764 2386 870 2443 quo
891 2372 1148 2440 scriptum
1171 2370 1441 2425 invenisse
1471 2385 1566 2425 vos
1597 2371 1772 2426 dicitis
1803 2389 1816 2424 :
1845 2372 1910 2426 In
1939 2382 2076 2426 terra
2103 2377 2222 2444 {un-

631 2465 768 2518 davit
782 2479 894 2518 eum
913 2464 966 2516 in
982 2463 1185 2516 εωειιια.
1207 2461 1266 2516 In
1282 2460 1510 2516 Hebraeo
1524 2462 1591 2514 ita
1615 2463 1872 2531 scriptum
1892 2471 1973 2517 est
1990 2474 2047 2517 ut
2064 2465 2221 2518 vertit

630 2565 686 2610 et
712 2553 1091 2626 Symmachus,
1136 2551 1208 2625 (ὁ)
1251 2563 1309 2614 ῶς
1353 2563 1440 2613 τὴν
1485 2567 1570 2617 γῆν
1612 2562 1668 2613 ἣν
1715 2552 1877 2623 663
1929 2559 2222 2621 ἕθεμελίωσεν

629 2655 696 2709 si;
717 2655 796 2701 τὸν
819 2649 988 2699 αἰῶνα.
1017 2644 1070 2700 Si
1087 2651 1263 2699 autem
1295 2657 1402 2698 non
1429 2642 1496 2698 de
1521 2651 1664 2697 terra
1691 2641 1908 2706 dicitur,
1929 2644 2070 2712 quod
2102 2644 2220 2698 fun-

626 2739 750 2795 data
800 2740 889 2807 sit,
922 2739 1017 2796 sed
1048 2739 1116 2795 de
1159 2739 1259 2794 alia
1313 2747 1375 2794 re
1400 2780 1416 2806 ,
1457 2751 1576 2808 quae
1631 2736 1850 2792 fundata
1893 2738 2137 2792 videatur
2163 2739 2218 2793 in

628 2841 792 2898 terra,
818 2834 1048 2903 probent
1071 2846 1138 2888 ex
1159 2831 1431 2902 prioribus
1453 2839 1505 2886 et
1525 2827 1901 2900 sequentibus,
1947 2830 2069 2898 quis
2097 2843 2219 2884 sen-

625 2940 720 2981 sus
746 2925 817 2980 sit
859 2933 914 2980 ut
944 2923 1050 2998 [aL
1079 2920 1171 2996 ct.]
1227 2924 1412 2978 nescio
1460 2919 1589 2992 quid
1617 2961 1630 2986 ,
1689 2919 1831 2990 quod
1861 2934 1967 2974 non
1998 2919 2213 2986 dicitur,

627 3017 905 3072 fundatum
932 3015 1177 3072 videatur
1204 3014 1256 3069 in
1285 3023 1450 3069 terra.
1497 3011 1594 3069 Sin
1625 3022 1802 3069 autem
1850 3012 2216 3069 Sanctilicium

626 3109 680 3163 in
731 3118 872 3164 terra
924 3107 1196 3164 fundatum
1237 3111 1466 3176 putant,
1517 3105 1704 3160 debuit
1734 3105 1897 3160 scribi
1933 3124 1945 3159 :
1979 3107 2032 3160 in
2081 3116 2218 3160 terra

631 3200 858 3254 fundavit
886 3199 1016 3254 illud
1045 3201 1096 3253 in
1122 3199 1328 3253 stecula.
1357 3197 1414 3252 in
1443 3196 1632 3251 eodem
1671 3215 1683 3251 :
1715 3195 1782 3249 Et
1805 3196 1858 3250 in
1885 3197 2216 3252 intellectibus

627 3307 871 3345 manuum
897 3306 1104 3344 suarum
1153 3289 1361 3342 deduxit
1389 3303 1473 3340 eos
1513 3283 1672 3356 (Ibid.
1705 3286 1815 3359 72).
1868 3287 1984 3342 Non
2033 3289 2212 3353 habet,

625 3390 673 3436 εν
702 3399 762 3444 τῆ
784 3391 957 3436 συνέσει
983 3421 998 3447 ,
1026 3392 1086 3434 ut
1107 3379 1363 3445 scribitis,
1386 3393 1611 3435 numero
1631 3380 1908 3449 singulari,
1934 3378 2027 3433 sed
2045 3386 2091 3432 ἐν
2107 3395 2212 3440 ταῖς

625 3480 876 3539 συνέσισιν,
912 3471 1051 3539 quod
1086 3472 1436 3544 intelligentias
1458 3479 1634 3536 sonat,
1663 3473 1804 3526 sicut
1833 3471 2056 3526 habetur
2079 3480 2133 3527 et
2159 3473 2208 3525 in

627 3568 853 3624 liebrato
867 3581 1245 3622 BATHABUNOTB
1290 3563 1432 3636 quod
1461 3575 1562 3631 est,
1593 3569 1646 3618 in
1685 3564 2038 3618 intellectibus.

697 3658 788 3715 51.
827 3657 1226 3730 Septuagesimo
1255 3667 1445 3713 octavo
1479 3673 1492 3710 :
1530 3651 1815 3709 Posuerunt
1842 3653 2130 3710 Jerusalem
2157 3660 2211 3712 in

626 3765 891 3820 pomorum
918 3747 1196 3804 custodiam
1220 3747 1390 3821 (Psal.
1419 3746 1506 3801 78.
1541 3743 1615 3815 1).
1649 3742 1802 3810 Quod
1833 3744 2020 3801 Graece
2044 3744 2119 3821 (c)
2143 3755 2210 3811 ιτς

686 3882 762 3946 (a)
794 3881 982 3933 Erssm.
1008 3886 1061 3932 et
1081 3880 1265 3946 Victor.
1420 3875 1649 3946 quum-sd.
1674 3875 1790 3946 Mss.
1815 3890 1913 3946 non
1932 3883 1982 3928 ut
2007 3891 2087 3929 vos
2122 3894 2208 3944 po-

623 3935 783 3996 nitis':
809 3954 911 3994 tum
932 3956 1044 3994 cum
1065 3943 1225 3990 veteri
1249 3935 1463 3988 editione
1488 3941 1540 3986 et
1560 3935 1845 4001 Florentino
1868 3939 1957 3987 Ms.
1984 3953 2007 4000 ἠ
2031 3935 2209 4001 cui..."

625 4019 715 4068 pro
738 4015 759 4055 δ
781 4002 1178 4069 ιπήσιτρηϐιξᾴᾷιι
1200 4002 1436 4069 impressa
1453 4011 1648 4062 quoque
1674 3998 1884 4069 lectione
1917 3998 2112 4064 OBdipo'
2131 4013 2210 4069 est

623 4060 998 4128 opus,rut'qui_d
1031 4063 1123 4111 sibi
1158 4060 1282 4110 velit
1314 4060 1510 4128 Auctor,
1535 4060 1826 4128 assequeris.
1853 4060 2210 4128 sonant'verha

623 4120 818 4175 a'nobis
836 4120 932 4175 non
957 4126 1223 4187 immutata,
1261 4134 1402 4187 quem
1432 4120 1688 4187 relativum
1723 4122 1979 4173 articulum
2003 4137 2092 4187 pro
2121 4127 2210 4175 de.

624 4187 939 4236 monstrativo
961 4185 1087 4234 hunc
1119 4183 1376 4247 improbari
1413 4197 1425 4231 :
1462 4190 1547 4234 aut
1569 4183 1755 4247 saltem
1793 4183 2052 4247 utrumque
2089 4200 2208 4236 con-

624 4197 939 4236 monstrattvo
961 4197 1087 4234 nunc
1119 4197 1376 4296 ll'llRl‘ODal'l
1413 4197 1425 4231 :
1462 4197 1547 4234 aut
1579 4197 1755 4233 saltem
1793 4197 2052 4247 utrumque
2089 4200 2208 4236 con-

619 4247 762 4317 jungi
785 4247 913 4296 haud
942 4247 1189 4317 debere.“
1217 4246 1322 4317 ιωρὶ
1347 4246 1458 4317 ipse
1483 4245 1796 4317 exiiebrteo
1816 4248 1978 4317 vertit,
2001 4255 2210 4317 montem

624 4303 786 4373 istum,
811 4321 953 4371 quem
982 4303 1206 4373 possedit.
1239 4303 1467 4357 Placéret
1505 4307 1650 4367 igitur
1686 4309 1842 4366 nobis,
1874 4306 2208 4373 difﬁcultatem

623 4345 1664 4440 εῑῇῖιιὶῑετιτξίςδιςῑξῖῖξξλγδοῑᾰῑξτςεσξςζξι
1681 4345 2202 4440 ιῑξίῐλῑξξίλίξῑῑιίιῖίῑιῑξξ

623 4445 828 4543 gnarum
850 4429 1005 4482 altera
1029 4432 1266 4504 signiticet
1283 4429 1551 4503 acquisitdt,
1570 4436 1654 4502 aut
1677 4429 1901 4490 possedit,
1929 4429 2081 4502 altera
2098 4429 2206 4502 cou-

660 4496 766 4543 tdtt.
793 4503 876 4543 aut
897 4502 1090 4543 creavit.
1111 4493 1282 4543 Fuerit
1305 4493 1409 4543 hzec
1432 4507 1479 4541 Ill
1502 4492 1699 4541 Sunan
1715 4491 2000 4543 exemplari.
2022 4504 2206 4542 exscri-

660 4493 766 4554 idit,
793 4503 876 4544 aut
897 4491 1095 4546 creavit?
1111 4493 1282 4546 Fuerit
1305 4491 1409 4543 hinc
1432 4495 1479 4541 in
1502 4492 1699 4554 Sunnia:
1715 4491 2000 4554 exemplari,
2022 4495 2207 4542 exscri-

622 4553 790 4618 ptores
812 4561 996 4616 autem,
1030 4561 1082 4606 et
1111 4555 1276 4606 Critici
1313 4565 1409 4618 non
1441 4553 1885 4618 animadverterint.
1919 4553 2056 4602 Tunc
2087 4559 2230 4618 vero‘

623 4614 922 4680 supplendus
944 4614 1132 4678 textus,
1155 4630 1211 4666 ac
1233 4614 1621 4680 reScribendum.
1640 4619 1693 4680 ξι
1715 4625 1809 4663 non
1829 4621 1880 4663 ut
1905 4627 1982 4664 vos
2004 4616 2200 4680 putatis,

626 4689 648 4729 t
668 4673 851 4741 usus,
878 4680 966 4731 hoc
1000 4686 1089 4742 est,
1116 4673 1268 4742 quem
1311 4674 1556 4742 condidit;
1586 4673 1673 4724 sed
1710 4685 1732 4723 ὃ
1768 4687 1962 4736 ιιτνεσατο,
1996 4673 2085 4726 hoc
2114 4673 2202 4740 est,

625 4753 768 4806 quem
790 4739 1035 4806 acquisivit
1057 4739 1405 4806 dex’tem‘ejus,
1430 4742 1528 4785 etc.

686 4802 758 4864 (ὁ)
793 4795 1176 4866 Vulgatiomnes
1196 4795 1373 4866 insigni
1395 4798 1591 4866 mendo,
1616 4795 1743 4866 quod
1767 4808 1860 4847 nec
1881 4796 2099 4848 Martian.
2127 4814 2205 4850 ca-

620 4859 706 4924 vit,
733 4859 1003 4928 Symmachi
1028 4859 1376 4928 lectionemlita
1396 4859 1751 4928 depravanth
1767 4872 1832 4928 cap
1854 4877 1938 4922 γῆν,
1966 4873 2050 4922 pro
2071 4875 2116 4919 ὡς
2139 4874 2205 4928 τήν

618 4919 702 4987 γῆνξ
722 4919 1125 4989 quemadmodum
1146 4919 1556 4989 apud_l§usebium
1575 4933 1632 4969 ac
1649 4919 2011 4989 Theodoretujn
2034 4919 2207 4989 rectis-

617 4982 1013 5050 st‘mc'seribitur,
1049 4982 1238 5050 nosque
1269 4984 1362 5034 [ide
1397 4982 1605 5050 iubente
1628 4983 1788 5050 etiam
1822 4995 1919 5032 uno
1953 4982 2043 5050 Ms.
2082 4983 2207 5034 libro

618 5051 939 5110 restituunus.
966 5049 1018 5098 ld
1042 5044 1239 5110 quoque
1265 5056 1443 5096 sensus
1474 5044 1727 5105 exigebat,
1753 5051 1806 5110 et
1827 5045 2091 5110 sententia:
2115 5059 2203 5095 vo-

615 5109 768 5170 ritas;
791 5105 1074 5159 Hebraicu‘s'
1089 5105 1220 5158 enim
1241 5115 1409 5158 textus
1420 5112 1574 5194 vam
1589 5115 1767 5157 caares
1779 5106 1947 5168 habet,
1965 5105 2087 5158 sicut
2106 5111 2203 5158 ter-

615 5211 743 5262 ram,
772 5199 851 5251 vel
877 5205 931 5250 ut
967 5199 1074 5263 ipse
1106 5199 1310 5251 Hieron.
1333 5200 1499 5261 vertit,
1525 5197 1664 5263 quasi
1690 5202 1892 5260 terram,
1931 5211 2030 5248 non
2049 5203 2205 5284 vim

615 5298 814 5362 sacres,
840 5289 970 5362 mod
993 5297 1045 5362 ut
1068 5291 1214 5342 obvio
1237 5302 1409 5341 errore
1430 5287 1649 5362 legerint
1671 5284 1811 5362 cxx.
1849 5300 1885 5339 ιν
1921 5305 1968 5352 τί
1999 5305 2043 5352 τῇ
2076 5296 2204 5341 tran-

613 5353 882 5413 stulerunt,
902 5354 1103 5404 minime
1125 5367 1176 5412 ας
1196 5367 1262 5413 τήν
1284 5369 1350 5415 τεν
1371 5353 1501 5402 verti
1524 5353 1733 5415 poterat.

675 5415 746 5479 (c)
771 5410 1080 5479 Mmtiqnmus
1100 5410 1376 5479 legerat'éu,
1405 5426 1493 5476 pro
1517 5410 1583 5479 {3,
1607 5411 1736 5479 quod
1767 5416 1937 5479 postea
1971 5410 2204 5479 emenda-

610 5472 701 5537 vit',
716 5472 999 5540 isteut‘m'ra
1017 5472 1196 5540 λισσόρῷ
1219 5491 1306 5540 pro
1325 5472 1499 5540 λικξων.
1523 5472 1640 5540 S_ed'
1661 5480 1712 5540 et
1736 5472 1891 5540 ξίθδειον
1913 5473 1962 5521 in
1984 5472 2100 5522 Mss.
2118 5474 2202 5540 _i_n-

613 5531 825 5598 venitur,
849 5537 1072 5600 legitque
1097 5531 1242 5588 titiam
1279 5531 1508 5600 Drusius.
1524 5531 1904 5600 ΔΡιᾯ-Ηιεξὺιτέἱιξξ
1927 5547 2046 5583 voce
2077 5531 2198 5593 Liin,

611 5594 820 5646 veteres
838 5594 1132 5661 membranae
1154 5601 1376 5661 quadam
1405 5596 1584 5649 Lis/tiu.
1622 5594 1906 5661 Huiusmodi
1945 5608 2080 5661 vero
2098 5602 2199 5644 tur-

611 5669 713 5718 res,
749 5673 856 5721 quae
892 5660 942 5721 in
975 5658 1148 5721 mediis
1172 5657 1310 5721 'agris
1345 5659 1454 5721 fere
1477 5657 1891 5721 _cxstrue_l)antur,
1925 5657 2197 5721 signiﬁcant

1952 225 2188 282 SANCTI
2225 226 2600 284 BIERONYIII

3839 229 3950 289 856

2335 347 2716 415 ὀπωροφυλδαιον
2731 381 2750 410 ,
2773 340 2994 411 dicitur,
3014 355 3116 398 nec
3135 341 3291 398 aliter
3313 347 3494 412 potest
3522 341 3693 410 verti,
3714 357 3894 415 quam
3912 360 3944 402 ι

2336 435 2490 490 nobis
2540 434 2864 490 translatum
2923 443 3027 490 est.
3093 434 3373 507 Significat
3413 443 3603 492 autem
3649 439 3943 508 speculam

2335 541 2495 597 quam
2521 527 2774 583 custodes
2822 535 3062 582 satorum
3092 525 3115 602 [
3132 528 3202 583 al.
3227 526 3502 604 agrorum]
3531 538 3588 587 et
3638 543 3946 601 pomerum

2336 617 2534 674 habere
2561 627 2991 674 consueverunt:
3014 627 3073 674 ut
3098 618 3168 676 de
3193 621 3524 690 amplissima
3548 621 3688 679 urbe
3707 639 3944 692 parvum

2342 709 2669 779 luguriolum
2699 711 2786 765 vix
2813 710 3152 766 remanserit.
3184 710 3298 766 Hoc
3337 712 3641 768 secundum
3686 714 3938 771 Graecos.

2335 803 2605 859 Czeterum
2628 805 2680 859 in
2707 804 2940 860 Hebraeo
2958 819 3064 860 unt
3085 804 3341 874 scriptum
3362 804 3559 870 habet;
3582 807 3743 876 quod
3766 810 3940 880 Aqui-

2333 895 2384 950 la
2407 896 2568 951 vertit
2602 904 2838 967 λιθόριον,
2868 895 2923 952 id
2943 905 3046 963 est,
3077 911 3329 960 acervum,
3376 905 3434 952 et
3473 896 3746 953 cumulum
3766 941 3792 965 τ
3826 899 3940 972 [aL

2333 985 2618 1058 tumulum]
2639 987 2867 1056 lapidum
2884 1026 2901 1054 ,
2926 986 3122 1057 quibus
3147 986 3321 1042 vinea:
3347 994 3405 1043 et
3429 987 3546 1060 agri
3589 990 3823 1062 purgari
3846 1006 3939 1046 se»

2333 1079 2468 1136 lent.

2402 1173 2493 1229 52.
2536 1172 2942 1244 Septuagesimo
2975 1187 3157 1230 nono:
3184 1181 3234 1228 et
3271 1173 3514 1245 plantasti
3567 1174 3773 1230 radices
3818 1177 3931 1246 ejus

2333 1265 2450 1319 hinc
2473 1263 2647 1336 (Psal.
2672 1263 2760 1320 79.
2792 1263 2908 1335 10).
2941 1263 3009 1320 Et
3045 1263 3224 1320 dicitis
3251 1264 3394 1336 quod
3437 1265 3493 1322 in
3524 1264 3750 1332 Graeco,
3791 1267 3929 1336 hinc,

2330 1374 2438 1413 non
2469 1357 2690 1422 habeat;
2714 1367 2770 1412 et
2783 1356 2940 1423 bene,
2974 1371 3100 1412 nam
3123 1357 3253 1412 etin
3277 1358 3480 1414 nostris
3505 1357 3794 1416 codicibus
3819 1375 3917 1414 non

2330 1449 2588 1515 habetur;
2629 1458 2685 1504 et
2708 1448 2879 1506 miror
2924 1449 3047 1519 quis
3092 1449 3461 1518 imperitorum
3499 1459 3720 1508 vestros
3763 1451 3928 1522 libros

2327 1542 2620 1599 falsaverit.

2400 1635 2491 1690 53.
2533 1634 2877 1706 Octogesimo
2903 1632 3142 1692 secundo
3187 1647 3204 1688 :
3249 1630 3548 1687 Hereditate
3571 1635 3918 1704 possidemus

2328 1727 2673 1780 sanetur-ium
2713 1725 2810 1780 Dei
2845 1724 3017 1798 (Psal.
3061 1724 3153 1780 82.
3182 1722 3296 1795 12).
3349 1725 3415 1779 Ει
3443 1724 3626 1780 dicitis
3673 1727 3816 1797 quod
3865 1728 3918 1782 in

2327 1817 2517 1874 Graeco
2543 1819 2614 1873 sit
2637 1819 2896 1888 scriptum
2920 1817 3020 1890 (ά),
3052 1826 3468 1888 disposuimus-ipss
3492 1827 3704 1885 ὶαυτοῖς,
3731 1820 3788 1875 id
3815 1829 3916 1887 est,

2329 1909 2692 1965 Possidumus
2715 1911 2878 1965 nobis.
2909 1910 3040 1978 Quae
3069 1909 3342 1979 superﬂua
3359 1911 3580 1979 quaestio
3596 1921 3714 1976 est;
3747 1926 3919 1983 quan-

2326 2001 2398 2057 do
2440 2003 2585 2057 enim
2627 2002 2844 2064 dicitur,
2873 2001 3246 2071 possideamus,
3293 2001 3598 2071 intelligitur
3624 2010 3702 2068 et,
3738 2003 3920 2060 nobis.

2397 2095 2486 2150 54.
2516 2095 2858 2165 Octogesimo
2881 2096 3039 2152 tertio
3065 2112 3079 2150 :
3101 2094 3202 2150 Cor
3225 2111 3410 2158 meum,
3457 2104 3500 2148 et
3540 2111 3655 2149 caro
3683 2112 3806 2150 mea
3828 2114 3920 2152 ex.

2324 2187 2530 2240 saltavit
2554 2186 2607 2238 in
2633 2185 2800 2240 Deum
2825 2185 2990 2240 uiuum
3010 2184 3182 2255 (Psal.
3203 2186 3294 2242 85.
3323 2185 3398 2258 ὅ).
3422 2187 3527 2242 Pro
3553 2200 3660 2258 quo
3689 2186 3748 2241 in
3770 2186 3919 2243 (ἰείη-ε

2326 2294 2390 2333 co
2417 2279 2674 2348 scriptum
2699 2280 2896 2346 dicitis,
2923 2280 3320 2335 exsultaueruut.
3359 2280 3418 2335 In
3464 2280 3568 2336 hoc
3609 2281 3764 2336 nulla
3787 2297 3916 2338 con-

2326 2375 2498 2428 tentio
2525 2383 2638 2437 est;
2668 2373 2713 2426 si
2746 2373 2889 2428 enim
2920 2373 3148 2442 legimus
3175 2411 3192 2438 ,
3231 2374 3499 2428 exsultavit
3518 2414 3534 2437 ,
3577 2374 3913 2445 intelligitur,

2326 2474 2380 2519 et
2407 2479 2502 2519 eor
2528 2478 2707 2520 meum
2735 2463 3021 2518 exsultavit
3041 2503 3059 2526 ,
3082 2473 3138 2520 et
3166 2478 3292 2519 caro
3322 2479 3443 2520 mea
3480 2466 3804 2521 exsultavit.
3825 2466 3914 2523 Sin.

2324 2567 2503 2611 autem
2525 2597 2538 2620 ,
2567 2556 2944 2610 exsultaverunt
2966 2597 2981 2618 ,
3013 2556 3122 2610 duo
3151 2556 3352 2625 pariter
3389 2557 3804 2613 exsultaverunt
3823 2600 3838 2624 ,
3864 2558 3913 2613 id

2325 2656 2428 2714 est,
2452 2663 2564 2713 cor,
2596 2656 2652 2704 et
2671 2660 2819 2703 caro.
2851 2647 2922 2701 Et
2963 2662 3150 2716 quasso
3180 2662 3313 2713 vos;
3363 2656 3422 2702 ut
3462 2647 3777 2719 huiusmodi
3804 2651 3914 2706 ine-

2322 2743 2482 2812 ptias,
2505 2749 2561 2795 et
2580 2739 2878 2809 superﬂuas
2904 2740 3296 2805 contentiones,
3313 2740 3399 2794 ubi
3443 2741 3590 2794 nulla
3617 2749 3709 2795 est
3730 2756 3916 2797 sensus

2323 2832 2644 2896 immutatio,
2666 2829 2830 2902 66E.
2843 2830 3147 2886 declinetis.
3166 2829 3222 2884 lu
3243 2829 3433 2886 eodem
3458 2848 3472 2886 :
3504 2830 3702 2886 Beatus
3716 2835 3812 2897 vir,
3824 2850 3912 2888 cu—

2312 2927 2405 2997 jus
2435 2933 2504 2980 est
2533 2924 2780 2978 auxilium
2795 2924 2884 2977 abs
2909 2933 2974 2977 te.
2999 2923 3057 2978 1n
3077 2921 3267 2980 Grceco
3289 2924 3563 2979 invenisse
3585 2940 3684 2980 vos
3705 2925 3904 2981 dicitis:

2320 3019 2406 3070 cui
2429 3026 2500 3070 est
2525 3015 2776 3069 auxilium
2795 3013 2866 3087 (e)
2895 3019 3004 3084 ejus
3032 3013 3218 3079 absts;
3239 3013 3384 3084 quod
3409 3015 3536 3084 quia
3565 3030 3670 3072 nos
3701 3017 3756 3072 in
3774 3017 3914 3073 Lati—

2321 3124 2388 3164 na
2411 3107 2856 3178 interpretatione
2873 3107 3124 3172 vitamus,
3141 3107 3410 3174 utdicitis,
3439 3109 3905 3178 reprehendimur.

2320 3201 2418 3255 Cui
2451 3203 2591 3255 enim
2620 3215 2728 3256 non
2755 3208 2958 3270 pateat,
2983 3199 3127 3270 quod
3147 3200 3193 3256 si
3215 3199 3400 3256 dicere
3422 3200 3766 3258 voluerimus
3785 3245 3800 3268 ,
3831 3206 3908 3256 cui

2319 3302 2392 3346 est
2431 3291 2682 3345 auxilium
2709 3291 2838 3360 eius,
2864 3291 3259 3358 apertissimum
3277 3290 3466 3346 vitium
3486 3291 3593 3356 sit;
3622 3302 3681 3347 et
3701 3294 3906 3364 quando

2319 3382 2678 3452 praecesserit,
2708 3381 2809 3446 cui,
2842 3380 2994 3450 sequi
3034 3396 3139 3435 non
3161 3380 3395 3447 debeat,
3441 3382 3596 3450 ejus?
3628 3383 3732 3438 nisi
3777 3385 3906 3439 forte

2318 3475 2433 3528 vitii
2459 3473 2753 3542 arguimur,
2789 3472 2936 3540 quod
2963 3471 3310 3526 vitaverimus
3337 3471 3549 3526 vitium.
3596 3472 3658 3530 In
3680 3473 3903 3529 eodem:

2317 3565 2385 3620 In
2413 3566 2540 3620 ualle
2559 3566 2900 3634 lacrymarum
2917 3563 3078 3636 (Ibid.
3107 3563 3182 3634 7).
3207 3563 3312 3618 Pro
3331 3578 3439 3635 quo
3452 3564 3632 3620 dicitis
3649 3567 3704 3620 in
3726 3566 3908 3622 Graeco

2317 3659 2574 3727 scriptum
2605 3670 2746 3720 esse,
2783 3663 3096 3723 aliaue/tam,
3129 3655 3182 3710 id
3221 3663 3325 3722 est,
3354 3655 3679 3727 plorationis,
3709 3658 3807 3714 sed
3833 3659 3909 3714 si-

2316 3766 2385 3806 ve
2414 3750 2702 3819 pleratum,
2732 3747 2847 3802 sive
2877 3749 3173 3818 planctum,
3207 3748 3320 3803 sive
3351 3747 3560 3816 ﬂetum,
3591 3750 3709 3807 sive
3737 3752 3910 3822 lact-y-

2315 3857 2433 3900 mas
2457 3843 2752 3898 dixerimus
2779 3882 2795 3909 ,
2824 3856 2965 3897 unus
2991 3850 3074 3896 est
3100 3855 3312 3896 sensus.
3344 3841 3415 3896 Et
3441 3856 3543 3898 nos
3589 3842 3697 3898 hoc
3727 3846 3907 3915 sequi-

2315 3952 2456 4001 mur,
2504 3945 2566 3990 ut
2602 3934 2692 3990 ubi
2718 3934 2858 3989 nulla
2883 3933 3055 3988 estde
3079 3947 3244 3989 sensu
3267 3934 3495 3991 mutatio
3516 3974 3534 4002 ,
3567 3934 3750 3992 Latini
3788 3951 3904 3994 ser-

2315 4027 2491 4082 monis
2515 4027 2835 4096 elegantiam
2872 4038 3275 4080 conservemus.

2386 4121 2476 4177 55.
2493 4119 2835 4190 Octogesimo
2854 4125 3045 4188 quarto
3065 4135 3078 4170 :
3101 4115 3432 4183 Benediatisti,
3461 4116 3707 4184 Domine,
3725 4129 3908 4176 terram

2314 4221 2453 4265 tuam
2479 4209 2649 4283 (Psal.
2677 4209 2766 4266 84.
2799 4207 2876 4280 1).
2908 4208 3014 4263 Pro
3046 4223 3114 4263 eo
3141 4208 3284 4279 quod
3333 4217 3438 4274 est,
3469 4210 3770 4268 benediaisti
3796 4255 3816 4280 ,
3855 4214 3908 4271 in

2314 4300 2505 4358 Grzeco
2537 4301 2794 4371 scriptum
2824 4299 3024 4364 dicitis,
3052 4303 3306 4360 statim“;
3339 4315 3352 4351 :
3382 4307 3440 4354 et
3479 4303 3725 4370 quaeritis
3773 4319 3907 4374 quo-

2315 4392 2477 4448 modo
2517 4391 2618 4446 hoc
2657 4391 2881 4446 verbum
2934 4389 3164 4459 exprimi
3203 4387 3397 4444 debeat
3439 4390 3494 4444 in
3545 4390 3820 4449 Latinum.
3853 4394 3909 4449 Si

2312 4483 2649 4538 contentiose
2672 4481 2835 4536 verba
2861 4489 3184 4544 scrutamur,
3231 4487 3286 4534 et
3311 4480 3568 4550 syllabas,
3619 4497 3910 4551 possumus

2312 4575 2494 4632 dicere
2525 4592 2537 4628 :
2570 4573 2707 4628 Bene
2735 4574 2946 4644 placuit,
2974 4570 3210 4636 Domine,
3241 4581 3375 4626 terra
3393 4582 3514 4639 tua;
3542 4583 3597 4628 et
3624 4573 3754 4630 dum
3788 4591 3910 4631 ver—

2310 4667 2379 4723 ba
2401 4667 2679 4736 sequimur
2700 4707 2715 4732 ,
2755 4678 2951 4721 sensus
2981 4664 3226 4720 ordinem
3254 4664 3546 4734 perdimus.
3599 4666 3709 4721 Aut
3759 4678 3908 4723 certe

2312 4757 2617 4815 addendum
2646 4766 2730 4814 est
2769 4758 2992 4827 aliquid,
3041 4764 3097 4811 ut
3120 4757 3321 4828 eloquii
3361 4757 3491 4813 ordo
3516 4768 3796 4825 servetur,
3852 4773 3908 4816 et

2308 4913 2589 4972 solitudine,
2613 4920 2667 4964 et
2689 4911 2856 4964 eil‘odit
2881 4913 3120 4964 cisternas
3152 4911 3402 4972 plurimas,
3436 4922 3494 4972 eo
3528 4908 3662 4972 quod
3683 4910 3906 4961 habet-ct

2310 4975 2460 5026 multa
2485 4971 2682 5038 pec0ra_
2682 4982 2780 5025 tam
2806 4974 2855 5022 in
2887 4971 3262 5038 campestribus,
3294 4985 3438 5038 quam
3466 4971 3517 5018 in
3548 4971 3717 5038 eremi
3742 4977 3906 5038 vasti-

2309 5044 2435 5098 tate,
2457 5032 2608 5086 n'etc.
2645 5036 2741 5086 Eas
2759 5047 2974 5098 quoque
2995 5032 3522 5098 innuitﬁvadgelium
3548 5032 3668 5082 Luc.
3700 5033 3780 5082 14.
3824 5038 3900 5082 28.

2310 5093 2510 5160 ouis'ex
2532 5098 2660 5160 tubis
2694 5093 2850 5160 solens
2887 5093 3077 5145 iurrim
3109 5093 3380 5159 cedi/icere,
3419 5101 3517 5144 etc.
3557 5108 3756 5156 nte-mit,
3796 5098 3900 5144 sive

2308 5158 2572 5226 speculam,
2597 5159 2757 5226 Graeci
2775 5158 3083 5207 'l‘ractatores
3109 5158 3300 5207 vocant.

2374 5223 2454 5285 (d)
2469 5215 2636 5273 Graeca
2659 5223 2810 5285 verba
2831 5232 3148 5285 χληρᾳνοιξιξσωμν
3164 5233 3318 5285 ιαγτοῖς,
3344 5230 3455 5285 quae
3479 5215 3901 5285 Martianaeusrs-

2342 5279 2570 5343 unx'erat,
2597 5296 2662 5332 ex
2693 5279 3032 5343 Manuscriptis
3076 5279 3254 5330 nostris
3285 5280 3531 5338 omnibus,
3564 5287 3713 5342 atque
3757 5280 3900 5328 editis

2332 5347 2447 5396 ibris
2476 5345 2794 5395 restituimus.

2379 5407 2603 5473 (cilicio
2640 5417 2836 5468 (ιιιοίιιιθ
2874 5415 3104 5473 ρθοοᾳδεθ
3143 5405 3276 5473 risus
3301 5410 3413 5473 __est_
3437 5402 3777 5473 Martianmus,
3801 5401 3896 5473 qui

2307 5464 2508 5519 abstulit
2531 5464 2701 5530 vocem
2722 5464 2843 5527 ejus,
2869 5464 2962 5530 qua
2989 5466 3096 5530 sine
3130 5470 3182 5530 et
3199 5464 3447 5530 'lectionis
3473 5465 3678 5522 veritas,
3714 5470 3765 5530 et
3800 5470 3896 5530 tota

2306 5521 2963 5593 Hieronymiani‘contexius
2985 5527 3057 5575 vis
3093 5521 3208 5593 ruitl
3234 5523 3564 5593 Reposuimus
3597 5521 3670 5593 est
3688 5521 3900 5593 vulgatis

2309 5600 2360 5641 et
2382 5585 2571 5639 Mss.'in
2595 5590 2773 5651 quibus
2793 5597 2956 5638 tamen
2978 5599 3068 5651 pro
3089 5586 3210 5647 ejus,
3235 5585 3367 5651 utet
3387 5590 3438 5636 in
3462 5589 3626 5637 veteri
3659 5585 3899 5640 editione,

2307 5658 2583 5717 constanter
2607 5647 2730 5717 infra
2766 5647 3090 5717 habetur’ei;
3123 5661 3219 5697 non
3245 5647 3357 5717 alio
3389 5657 3557 5699 autem
3588 5658 3900 5717 sensiuunam

609 5708 782 5774 .stliaeé
818 5733 884 5774 ex
916 5719 967 5768 2.
1003 5717 1160 5770 Paral.
1196 5708 1276 5772 ΞΒ.
1322 5720 1400 5774 10.
1430 5708 1732 5773 sExstruxit
1765 5708 1914 5765 etiam
1949 5708 2112 5766 t‘tirres
2143 5709 2194 5770 in
2227 5723 2274 5789 3‘
2305 5719 2360 5765 et
2384 5713 2581 5765 Graecus
2603 5713 2772 5775 variat,
2797 5710 2906 5766 aliis
2925 5709 3066 5763 libris
3098 5709 3461 5778 multistum
3491 5708 3898 5775 praeferentith-

2204 5854 2309 5866 ..μ-ν’
