  <div class='ocr_page' id='page_1' title='image "/cluster/home/n/w/nwhite01/storage/ocr_20150623/22/uva.x000826587/502.png"; bbox 0 0 4054 6192; ppageno 0'>
   <div class='ocr_carea' id='block_1_1' title="bbox 134 372 245 432">
    <p class='ocr_par' dir='ltr' id='par_1_1' title="bbox 134 372 245 432">
     <span class='ocr_line' id='line_1_1' title="bbox 134 372 245 432; baseline -0.009 0"><span class='ocrx_word' id='word_1_1' title='bbox 134 372 245 432; x_wconf 82' lang='lat'><strong>857</strong></span> 
     </span>
    </p>
   </div>
   <div class='ocr_carea' id='block_1_2' title="bbox 124 489 1731 566">
    <p class='ocr_par' dir='ltr' id='par_1_2' title="bbox 124 489 1731 566">
     <span class='ocr_line' id='line_1_2' title="bbox 124 489 1731 566; baseline -0.001 -18"><span class='ocrx_word' id='word_1_2' title='bbox 124 489 429 551; x_wconf 84' lang='lat' dir='ltr'><strong>dicendum</strong></span> <span class='ocrx_word' id='word_1_3' title='bbox 460 491 788 566; x_wconf 77' lang='lat' dir='ltr'><strong>&#39;Complacuit</strong></span> <span class='ocrx_word' id='word_1_4' title='bbox 810 493 918 563; x_wconf 86' lang='lat' dir='ltr'><strong>tibi,</strong></span> <span class='ocrx_word' id='word_1_5' title='bbox 950 493 1181 562; x_wconf 87' lang='lat' dir='ltr'><strong>Domine,</strong></span> <span class='ocrx_word' id='word_1_6' title='bbox 1212 500 1344 549; x_wconf 84' lang='lat' dir='ltr'><strong>terra</strong></span> <span class='ocrx_word' id='word_1_7' title='bbox 1362 496 1472 549; x_wconf 83' lang='lat' dir='ltr'><strong>tua.</strong></span> <span class='ocrx_word' id='word_1_8' title='bbox 1494 490 1654 561; x_wconf 74' lang='lat' dir='ltr'><strong>Qubd</strong></span> <span class='ocrx_word' id='word_1_9' title='bbox 1684 492 1731 547; x_wconf 88' lang='lat' dir='ltr'><strong>si</strong></span> 
     </span>
    </p>
   </div>
   <div class='ocr_carea' id='block_1_3' title="bbox 126 581 1732 658">
    <p class='ocr_par' dir='ltr' id='par_1_3' title="bbox 126 581 1732 658">
     <span class='ocr_line' id='line_1_3' title="bbox 126 581 1732 658; baseline 0.001 -21"><span class='ocrx_word' id='word_1_10' title='bbox 126 582 457 654; x_wconf 72' lang='lat' dir='ltr'><strong>fecerimus,</strong></span> <span class='ocrx_word' id='word_1_11' title='bbox 501 601 719 642; x_wconf 82' lang='lat' dir='ltr'><strong>rursum</strong></span> <span class='ocrx_word' id='word_1_12' title='bbox 750 583 824 658; x_wconf 90' lang='lat' dir='ltr'><strong>(a)</strong></span> <span class='ocrx_word' id='word_1_13' title='bbox 847 601 878 640; x_wconf 88' lang='lat' dir='ltr'><strong>a</strong></span> <span class='ocrx_word' id='word_1_14' title='bbox 905 586 1060 641; x_wconf 91' lang='lat' dir='ltr'><strong>nobis</strong></span> <span class='ocrx_word' id='word_1_15' title='bbox 1087 594 1357 657; x_wconf 59' lang='lat' dir='ltr'><strong>quaeretur</strong></span> <span class='ocrx_word' id='word_1_16' title='bbox 1381 626 1396 653; x_wconf 96' lang='lat'><strong>,</strong></span> <span class='ocrx_word' id='word_1_17' title='bbox 1441 598 1605 656; x_wconf 89' lang='lat' dir='ltr'><strong>quare</strong></span> <span class='ocrx_word' id='word_1_18' title='bbox 1633 581 1732 639; x_wconf 87' lang='lat' dir='ltr'><strong>ad-</strong></span> 
     </span>
    </p>
   </div>
   <div class='ocr_carea' id='block_1_4' title="bbox 125 677 1732 747">
    <p class='ocr_par' dir='ltr' id='par_1_4' title="bbox 125 677 1732 747">
     <span class='ocr_line' id='line_1_4' title="bbox 125 677 1732 747; baseline 0.001 -16"><span class='ocrx_word' id='word_1_19' title='bbox 125 677 464 745; x_wconf 83' lang='lat' dir='ltr'><strong>diderimus,</strong></span> <span class='ocrx_word' id='word_1_20' title='bbox 493 680 618 745; x_wconf 82' lang='lat' dir='ltr'><strong>tibi;</strong></span> <span class='ocrx_word' id='word_1_21' title='bbox 647 696 768 736; x_wconf 88' lang='lat' dir='ltr'><strong>cum</strong></span> <span class='ocrx_word' id='word_1_22' title='bbox 816 694 916 736; x_wconf 90' lang='lat' dir='ltr'><strong>nec</strong></span> <span class='ocrx_word' id='word_1_23' title='bbox 935 679 990 735; x_wconf 91' lang='lat' dir='ltr'><strong>in</strong></span> <span class='ocrx_word' id='word_1_24' title='bbox 1017 679 1205 737; x_wconf 65' lang='lat' dir='ltr'><strong>Graeco</strong></span> <span class='ocrx_word' id='word_1_25' title='bbox 1233 680 1323 747; x_wconf 89' lang='lat' dir='ltr'><strong>sit,</strong></span> <span class='ocrx_word' id='word_1_26' title='bbox 1379 694 1480 735; x_wconf 89' lang='lat' dir='ltr'><strong>nec</strong></span> <span class='ocrx_word' id='word_1_27' title='bbox 1530 678 1584 733; x_wconf 93' lang='lat' dir='ltr'><strong>in</strong></span> <span class='ocrx_word' id='word_1_28' title='bbox 1623 677 1732 733; x_wconf 77' lang='lat' dir='ltr'><strong>lie-</strong></span> 
     </span>
    </p>
   </div>
   <div class='ocr_carea' id='block_1_5' title="bbox 128 768 1727 843">
    <p class='ocr_par' dir='ltr' id='par_1_5' title="bbox 128 768 1727 843">
     <span class='ocr_line' id='line_1_5' title="bbox 128 768 1727 843; baseline 0.002 -23"><span class='ocrx_word' id='word_1_29' title='bbox 128 768 308 825; x_wconf 83' lang='lat' dir='ltr'><strong>braeo.</strong></span> <span class='ocrx_word' id='word_1_30' title='bbox 329 770 537 827; x_wconf 83' lang='lat' dir='ltr'><strong>Eadem</strong></span> <span class='ocrx_word' id='word_1_31' title='bbox 563 770 724 842; x_wconf 78' lang='lat' dir='ltr'><strong>igitur</strong></span> <span class='ocrx_word' id='word_1_32' title='bbox 740 770 1120 843; x_wconf 88' lang='lat' dir='ltr'><strong>interpretandi</strong></span> <span class='ocrx_word' id='word_1_33' title='bbox 1139 771 1408 842; x_wconf 88' lang='lat' dir='ltr'><strong>sequenda</strong></span> <span class='ocrx_word' id='word_1_34' title='bbox 1424 778 1507 825; x_wconf 90' lang='lat' dir='ltr'><strong>est</strong></span> <span class='ocrx_word' id='word_1_35' title='bbox 1526 768 1727 839; x_wconf 79' lang='lat' dir='ltr'><strong>regula,</strong></span> 
     </span>
    </p>
   </div>
   <div class='ocr_carea' id='block_1_6' title="bbox 128 860 1735 933">
    <p class='ocr_par' dir='ltr' id='par_1_6' title="bbox 128 860 1735 933">
     <span class='ocr_line' id='line_1_6' title="bbox 128 860 1735 933; baseline -0.001 -19"><span class='ocrx_word' id='word_1_36' title='bbox 128 873 297 928; x_wconf 76' lang='lat' dir='ltr'><strong>quam</strong></span> <span class='ocrx_word' id='word_1_37' title='bbox 321 877 473 933; x_wconf 73' lang='lat' dir='ltr'><strong>saepe</strong></span> <span class='ocrx_word' id='word_1_38' title='bbox 500 862 758 929; x_wconf 82' lang='lat' dir='ltr'><strong>diximus,</strong></span> <span class='ocrx_word' id='word_1_39' title='bbox 793 877 863 918; x_wconf 80' lang='grc' dir='ltr'><strong>υτ</strong></span> <span class='ocrx_word' id='word_1_40' title='bbox 899 878 984 919; x_wconf 78' lang='lat' dir='ltr'><strong>unt</strong></span> <span class='ocrx_word' id='word_1_41' title='bbox 1016 878 1123 917; x_wconf 93' lang='lat' dir='ltr'><strong>non</strong></span> <span class='ocrx_word' id='word_1_42' title='bbox 1151 862 1221 917; x_wconf 86' lang='lat' dir='ltr'><strong>sit</strong></span> <span class='ocrx_word' id='word_1_43' title='bbox 1247 861 1499 917; x_wconf 85' lang='lat' dir='ltr'><strong>damnum</strong></span> <span class='ocrx_word' id='word_1_44' title='bbox 1526 860 1582 914; x_wconf 87' lang='lat' dir='ltr'><strong>in</strong></span> <span class='ocrx_word' id='word_1_45' title='bbox 1610 873 1735 914; x_wconf 91' lang='lat' dir='ltr'><strong>sen-</strong></span> 
     </span>
    </p>
   </div>
   <div class='ocr_carea' id='block_1_7' title="bbox 126 952 1734 1028">
    <p class='ocr_par' dir='ltr' id='par_1_7' title="bbox 126 952 1734 1028">
     <span class='ocr_line' id='line_1_7' title="bbox 126 952 1734 1028; baseline 0 -21"><span class='ocrx_word' id='word_1_46' title='bbox 126 968 192 1007; x_wconf 89' lang='lat' dir='ltr'><strong>su</strong></span> <span class='ocrx_word' id='word_1_47' title='bbox 213 952 440 1023; x_wconf 65' lang='lat' dir='ltr'><strong>linguae,</strong></span> <span class='ocrx_word' id='word_1_48' title='bbox 472 955 530 1010; x_wconf 91' lang='lat' dir='ltr'><strong>in</strong></span> <span class='ocrx_word' id='word_1_49' title='bbox 559 970 719 1026; x_wconf 90' lang='lat' dir='ltr'><strong>quam</strong></span> <span class='ocrx_word' id='word_1_50' title='bbox 748 954 1143 1023; x_wconf 73' lang='lat' dir='ltr'><strong>transierimus,</strong></span> <span class='ocrx_word' id='word_1_51' title='bbox 1162 960 1380 1028; x_wconf 54' lang='lat' dir='ltr'><strong>demta,</strong></span> <span class='ocrx_word' id='word_1_52' title='bbox 1408 962 1463 1011; x_wconf 91' lang='lat' dir='ltr'><strong>et</strong></span> <span class='ocrx_word' id='word_1_53' title='bbox 1488 952 1734 1025; x_wconf 86' lang='lat' dir='ltr'><strong>proprie-</strong></span> 
     </span>
    </p>
   </div>
   <div class='ocr_carea' id='block_1_8' title="bbox 129 1042 1733 1111">
    <p class='ocr_par' dir='ltr' id='par_1_8' title="bbox 129 1042 1733 1111">
     <span class='ocr_line' id='line_1_8' title="bbox 129 1042 1733 1111; baseline 0.002 -17"><span class='ocrx_word' id='word_1_54' title='bbox 129 1053 212 1096; x_wconf 88' lang='lat' dir='ltr'><strong>tas</strong></span> <span class='ocrx_word' id='word_1_55' title='bbox 244 1054 632 1101; x_wconf 83' lang='lat' dir='ltr'><strong>conservetur.</strong></span> <span class='ocrx_word' id='word_1_56' title='bbox 663 1046 722 1100; x_wconf 85' lang='lat' dir='ltr'><strong>In</strong></span> <span class='ocrx_word' id='word_1_57' title='bbox 752 1047 943 1102; x_wconf 89' lang='lat' dir='ltr'><strong>eodem</strong></span> <span class='ocrx_word' id='word_1_58' title='bbox 983 1062 997 1099; x_wconf 89' lang='lat'><strong>:</strong></span> <span class='ocrx_word' id='word_1_59' title='bbox 1030 1044 1381 1099; x_wconf 75' lang='lat' dir='ltr'><strong>Misericordia</strong></span> <span class='ocrx_word' id='word_1_60' title='bbox 1404 1085 1420 1111; x_wconf 92' lang='lat'><strong>,</strong></span> <span class='ocrx_word' id='word_1_61' title='bbox 1459 1053 1507 1099; x_wconf 86' lang='lat' dir='ltr'><strong>et</strong></span> <span class='ocrx_word' id='word_1_62' title='bbox 1554 1042 1733 1097; x_wconf 82' lang='lat' dir='ltr'><strong>veritas</strong></span> 
     </span>
    </p>
   </div>
   <div class='ocr_carea' id='block_1_9' title="bbox 122 1132 1728 1213">
    <p class='ocr_par' dir='ltr' id='par_1_9' title="bbox 122 1132 1728 1213">
     <span class='ocr_line' id='line_1_9' title="bbox 122 1132 1728 1213; baseline 0.002 -25"><span class='ocrx_word' id='word_1_63' title='bbox 122 1132 465 1190; x_wconf 79' lang='lat' dir='ltr'><strong>obviaverunt</strong></span> <span class='ocrx_word' id='word_1_64' title='bbox 484 1138 584 1192; x_wconf 87' lang='lat' dir='ltr'><strong>sibi</strong></span> <span class='ocrx_word' id='word_1_65' title='bbox 611 1135 773 1210; x_wconf 86' lang='lat' dir='ltr'><strong>(Ibid.</strong></span> <span class='ocrx_word' id='word_1_66' title='bbox 805 1136 925 1211; x_wconf 79' lang='lat' dir='ltr'><strong>ll);</strong></span> <span class='ocrx_word' id='word_1_67' title='bbox 973 1144 1028 1193; x_wconf 88' lang='lat' dir='ltr'><strong>et</strong></span> <span class='ocrx_word' id='word_1_68' title='bbox 1050 1136 1229 1193; x_wconf 88' lang='lat' dir='ltr'><strong>dicitis</strong></span> <span class='ocrx_word' id='word_1_69' title='bbox 1264 1135 1411 1208; x_wconf 90' lang='lat' dir='ltr'><strong>quod</strong></span> <span class='ocrx_word' id='word_1_70' title='bbox 1439 1135 1491 1191; x_wconf 92' lang='lat' dir='ltr'><strong>in</strong></span> <span class='ocrx_word' id='word_1_71' title='bbox 1517 1133 1728 1213; x_wconf 73' lang='lat' dir='ltr'><strong>Graeco,</strong></span> 
     </span>
    </p>
   </div>
   <div class='ocr_carea' id='block_1_10' title="bbox 124 1216 1733 1294">
    <p class='ocr_par' dir='ltr' id='par_1_10' title="bbox 124 1216 1733 1294">
     <span class='ocr_line' id='line_1_10' title="bbox 124 1216 1733 1294; baseline 0.003 -18"><span class='ocrx_word' id='word_1_72' title='bbox 124 1223 248 1291; x_wconf 84' lang='lat' dir='ltr'><strong>sibi,</strong></span> <span class='ocrx_word' id='word_1_73' title='bbox 299 1241 413 1279; x_wconf 89' lang='lat' dir='ltr'><strong>non</strong></span> <span class='ocrx_word' id='word_1_74' title='bbox 462 1225 684 1284; x_wconf 87' lang='lat' dir='ltr'><strong>habeat.</strong></span> <span class='ocrx_word' id='word_1_75' title='bbox 724 1226 840 1284; x_wconf 89' lang='lat' dir='ltr'><strong>Nec</strong></span> <span class='ocrx_word' id='word_1_76' title='bbox 869 1227 924 1282; x_wconf 94' lang='lat' dir='ltr'><strong>in</strong></span> <span class='ocrx_word' id='word_1_77' title='bbox 966 1226 1197 1283; x_wconf 80' lang='lat' dir='ltr'><strong>Hebraeo</strong></span> <span class='ocrx_word' id='word_1_78' title='bbox 1248 1224 1455 1283; x_wconf 91' lang='lat' dir='ltr'><strong>habet:</strong></span> <span class='ocrx_word' id='word_1_79' title='bbox 1487 1232 1542 1282; x_wconf 88' lang='lat' dir='ltr'><strong>et</strong></span> <span class='ocrx_word' id='word_1_80' title='bbox 1592 1216 1733 1294; x_wconf 84' lang='lat' dir='ltr'><strong>apud</strong></span> 
     </span>
    </p>
   </div>
   <div class='ocr_carea' id='block_1_11' title="bbox 121 1316 1732 1394">
    <p class='ocr_par' dir='ltr' id='par_1_11' title="bbox 121 1316 1732 1394">
     <span class='ocr_line' id='line_1_11' title="bbox 121 1316 1732 1394; baseline 0.003 -24"><span class='ocrx_word' id='word_1_81' title='bbox 121 1316 499 1391; x_wconf 79' lang='lat' dir='ltr'><strong>Septuaginta</strong></span> <span class='ocrx_word' id='word_1_82' title='bbox 532 1320 686 1377; x_wconf 90' lang='lat' dir='ltr'><strong>obelo</strong></span> <span class='ocrx_word' id='word_1_83' title='bbox 720 1330 1075 1394; x_wconf 70' lang='lat' dir='ltr'><strong>praenotatum</strong></span> <span class='ocrx_word' id='word_1_84' title='bbox 1106 1330 1189 1378; x_wconf 91' lang='lat' dir='ltr'><strong>est</strong></span> <span class='ocrx_word' id='word_1_85' title='bbox 1225 1340 1238 1375; x_wconf 90' lang='lat'>:</span> <span class='ocrx_word' id='word_1_86' title='bbox 1267 1337 1386 1393; x_wconf 66' lang='lat' dir='ltr'><strong>qua:</strong></span> <span class='ocrx_word' id='word_1_87' title='bbox 1426 1321 1575 1391; x_wconf 78' lang='lat' dir='ltr'><strong>signa</strong></span> <span class='ocrx_word' id='word_1_88' title='bbox 1604 1316 1732 1375; x_wconf 88' lang='lat' dir='ltr'><strong>dum</strong></span> 
     </span>
    </p>
   </div>
   <div class='ocr_carea' id='block_1_12' title="bbox 124 1411 1732 1485">
    <p class='ocr_par' dir='ltr' id='par_1_12' title="bbox 124 1411 1732 1485">
     <span class='ocr_line' id='line_1_12' title="bbox 124 1411 1732 1485; baseline 0.004 -23"><span class='ocrx_word' id='word_1_89' title='bbox 124 1423 230 1478; x_wconf 86' lang='lat' dir='ltr'><strong>per</strong></span> <span class='ocrx_word' id='word_1_90' title='bbox 269 1411 610 1481; x_wconf 88' lang='lat' dir='ltr'><strong>scriptorum</strong></span> <span class='ocrx_word' id='word_1_91' title='bbox 628 1413 1005 1485; x_wconf 76' lang='lat' dir='ltr'><strong>negligentiam</strong></span> <span class='ocrx_word' id='word_1_92' title='bbox 1027 1430 1058 1469; x_wconf 90' lang='lat' dir='ltr'><strong>a</strong></span> <span class='ocrx_word' id='word_1_93' title='bbox 1089 1413 1356 1485; x_wconf 86' lang='lat' dir='ltr'><strong>plerisque</strong></span> <span class='ocrx_word' id='word_1_94' title='bbox 1376 1412 1527 1484; x_wconf 86' lang='lat' dir='ltr'><strong>quasi</strong></span> <span class='ocrx_word' id='word_1_95' title='bbox 1544 1426 1732 1483; x_wconf 77' lang='lat' dir='ltr'><strong>super-</strong></span> 
     </span>
    </p>
   </div>
   <div class='ocr_carea' id='block_1_13' title="bbox 123 1496 1728 1574">
    <p class='ocr_par' dir='ltr' id='par_1_13' title="bbox 123 1496 1728 1574">
     <span class='ocr_line' id='line_1_13' title="bbox 123 1496 1728 1574; baseline 0.003 -23"><span class='ocrx_word' id='word_1_96' title='bbox 123 1496 238 1553; x_wconf 91' lang='lat' dir='ltr'><strong>ﬂua</strong></span> <span class='ocrx_word' id='word_1_97' title='bbox 270 1499 681 1571; x_wconf 88' lang='lat' dir='ltr'><strong>relinquuntur,</strong></span> <span class='ocrx_word' id='word_1_98' title='bbox 707 1517 932 1573; x_wconf 81' lang='lat' dir='ltr'><strong>magnus</strong></span> <span class='ocrx_word' id='word_1_99' title='bbox 960 1503 1012 1558; x_wconf 91' lang='lat' dir='ltr'><strong>in</strong></span> <span class='ocrx_word' id='word_1_100' title='bbox 1042 1502 1270 1574; x_wconf 80' lang='lat' dir='ltr'><strong>legendo</strong></span> <span class='ocrx_word' id='word_1_101' title='bbox 1296 1517 1445 1558; x_wconf 86' lang='lat' dir='ltr'><strong>error</strong></span> <span class='ocrx_word' id='word_1_102' title='bbox 1471 1502 1728 1559; x_wconf 79' lang='lat' dir='ltr'><strong>exoritur.</strong></span> 
     </span>
    </p>
   </div>
   <div class='ocr_carea' id='block_1_14' title="bbox 120 1589 1733 1660">
    <p class='ocr_par' dir='ltr' id='par_1_14' title="bbox 120 1589 1733 1660">
     <span class='ocr_line' id='line_1_14' title="bbox 120 1589 1733 1660; baseline 0.002 -16"><span class='ocrx_word' id='word_1_103' title='bbox 120 1589 186 1644; x_wconf 87' lang='lat' dir='ltr'><strong>Si</strong></span> <span class='ocrx_word' id='word_1_104' title='bbox 218 1598 410 1645; x_wconf 88' lang='lat' dir='ltr'><strong>autem</strong></span> <span class='ocrx_word' id='word_1_105' title='bbox 438 1607 552 1646; x_wconf 92' lang='lat' dir='ltr'><strong>non</strong></span> <span class='ocrx_word' id='word_1_106' title='bbox 582 1591 744 1648; x_wconf 78' lang='lat' dir='ltr'><strong>fuerit</strong></span> <span class='ocrx_word' id='word_1_107' title='bbox 770 1593 1032 1656; x_wconf 89' lang='lat' dir='ltr'><strong>additum,</strong></span> <span class='ocrx_word' id='word_1_108' title='bbox 1081 1593 1195 1659; x_wconf 89' lang='lat' dir='ltr'><strong>sibi,</strong></span> <span class='ocrx_word' id='word_1_109' title='bbox 1224 1590 1588 1649; x_wconf 81' lang='lat' dir='ltr'><strong>misericordia</strong></span> <span class='ocrx_word' id='word_1_110' title='bbox 1608 1635 1624 1660; x_wconf 96' lang='lat'><strong>,</strong></span> <span class='ocrx_word' id='word_1_111' title='bbox 1677 1600 1733 1648; x_wconf 88' lang='lat' dir='ltr'><strong>et</strong></span> 
     </span>
    </p>
   </div>
   <div class='ocr_carea' id='block_1_15' title="bbox 125 1681 1732 1757">
    <p class='ocr_par' dir='ltr' id='par_1_15' title="bbox 125 1681 1732 1757">
     <span class='ocr_line' id='line_1_15' title="bbox 125 1681 1732 1757; baseline 0.002 -22"><span class='ocrx_word' id='word_1_112' title='bbox 125 1681 333 1735; x_wconf 87' lang='lat' dir='ltr'><strong>veritas</strong></span> <span class='ocrx_word' id='word_1_113' title='bbox 360 1696 477 1736; x_wconf 92' lang='lat' dir='ltr'><strong>non</strong></span> <span class='ocrx_word' id='word_1_114' title='bbox 519 1681 643 1748; x_wconf 87' lang='lat' dir='ltr'><strong>sibi,</strong></span> <span class='ocrx_word' id='word_1_115' title='bbox 673 1681 769 1738; x_wconf 91' lang='lat' dir='ltr'><strong>sed</strong></span> <span class='ocrx_word' id='word_1_116' title='bbox 796 1683 888 1738; x_wconf 88' lang='lat' dir='ltr'><strong>alii</strong></span> <span class='ocrx_word' id='word_1_117' title='bbox 918 1683 1218 1757; x_wconf 82' lang='lat' dir='ltr'><strong>occurrisse</strong></span> <span class='ocrx_word' id='word_1_118' title='bbox 1265 1683 1585 1749; x_wconf 85' lang='lat' dir='ltr'><strong>credentur;</strong></span> <span class='ocrx_word' id='word_1_119' title='bbox 1631 1696 1732 1739; x_wconf 90' lang='lat' dir='ltr'><strong>nec</strong></span> 
     </span>
    </p>
   </div>
   <div class='ocr_carea' id='block_1_16' title="bbox 118 1770 1562 1841">
    <p class='ocr_par' dir='ltr' id='par_1_16' title="bbox 118 1770 1562 1841">
     <span class='ocr_line' id='line_1_16' title="bbox 118 1770 1562 1841; baseline 0.001 -16"><span class='ocrx_word' id='word_1_120' title='bbox 118 1770 336 1840; x_wconf 81' lang='lat' dir='ltr'><strong>justitia</strong></span> <span class='ocrx_word' id='word_1_121' title='bbox 366 1781 425 1827; x_wconf 92' lang='lat' dir='ltr'><strong>et</strong></span> <span class='ocrx_word' id='word_1_122' title='bbox 446 1787 558 1841; x_wconf 81' lang='lat' dir='ltr'><strong>pax</strong></span> <span class='ocrx_word' id='word_1_123' title='bbox 585 1772 688 1828; x_wconf 84' lang='lat' dir='ltr'><strong>sibi</strong></span> <span class='ocrx_word' id='word_1_124' title='bbox 729 1770 941 1828; x_wconf 85' lang='lat' dir='ltr'><strong>dedisse</strong></span> <span class='ocrx_word' id='word_1_125' title='bbox 967 1773 1229 1840; x_wconf 89' lang='lat' dir='ltr'><strong>osculum,</strong></span> <span class='ocrx_word' id='word_1_126' title='bbox 1260 1770 1356 1828; x_wconf 90' lang='lat' dir='ltr'><strong>sed</strong></span> <span class='ocrx_word' id='word_1_127' title='bbox 1387 1772 1562 1829; x_wconf 86' lang='lat' dir='ltr'><strong>alteri.</strong></span> 
     </span>
    </p>
   </div>
   <div class='ocr_carea' id='block_1_17' title="bbox 200 1861 1733 1936">
    <p class='ocr_par' dir='ltr' id='par_1_17' title="bbox 200 1861 1733 1936">
     <span class='ocr_line' id='line_1_17' title="bbox 200 1861 1733 1936; baseline -0.001 -17"><span class='ocrx_word' id='word_1_128' title='bbox 200 1863 295 1919; x_wconf 77' lang='grc'><strong>56.</strong></span> <span class='ocrx_word' id='word_1_129' title='bbox 338 1862 686 1935; x_wconf 76' lang='lat' dir='ltr'><strong>Octogesimo</strong></span> <span class='ocrx_word' id='word_1_130' title='bbox 719 1864 907 1935; x_wconf 84' lang='lat' dir='ltr'><strong>quinto</strong></span> <span class='ocrx_word' id='word_1_131' title='bbox 938 1881 952 1919; x_wconf 89' lang='lat'>:</span> <span class='ocrx_word' id='word_1_132' title='bbox 982 1861 1049 1918; x_wconf 77' lang='lat' dir='ltr'><strong>Et</strong></span> <span class='ocrx_word' id='word_1_133' title='bbox 1069 1881 1170 1918; x_wconf 88' lang='lat' dir='ltr'><strong>non</strong></span> <span class='ocrx_word' id='word_1_134' title='bbox 1194 1872 1562 1936; x_wconf 83' lang='lat' dir='ltr'><strong>praposuerunt</strong></span> <span class='ocrx_word' id='word_1_135' title='bbox 1602 1872 1650 1918; x_wconf 89' lang='lat' dir='ltr'><strong>te</strong></span> <span class='ocrx_word' id='word_1_136' title='bbox 1672 1864 1733 1918; x_wconf 81' lang='lat' dir='ltr'><strong>in</strong></span> 
     </span>
    </p>
   </div>
   <div class='ocr_carea' id='block_1_18' title="bbox 122 1952 1730 2028">
    <p class='ocr_par' dir='ltr' id='par_1_18' title="bbox 122 1952 1730 2028">
     <span class='ocr_line' id='line_1_18' title="bbox 122 1952 1730 2028; baseline 0.002 -21"><span class='ocrx_word' id='word_1_137' title='bbox 122 1962 409 2024; x_wconf 81' lang='lat' dir='ltr'><strong>conspectu</strong></span> <span class='ocrx_word' id='word_1_138' title='bbox 438 1970 537 2009; x_wconf 91' lang='lat' dir='ltr'><strong>suo</strong></span> <span class='ocrx_word' id='word_1_139' title='bbox 566 1952 736 2028; x_wconf 85' lang='lat' dir='ltr'><strong>(Psal.</strong></span> <span class='ocrx_word' id='word_1_140' title='bbox 760 1952 849 2011; x_wconf 81' lang='lat'><strong>85.</strong></span> <span class='ocrx_word' id='word_1_141' title='bbox 882 1952 1014 2028; x_wconf 63' lang='lat' dir='ltr'><strong>li);</strong></span> <span class='ocrx_word' id='word_1_142' title='bbox 1043 1962 1098 2011; x_wconf 91' lang='lat' dir='ltr'><strong>et</strong></span> <span class='ocrx_word' id='word_1_143' title='bbox 1148 1952 1324 2010; x_wconf 85' lang='lat' dir='ltr'><strong>dicitis</strong></span> <span class='ocrx_word' id='word_1_144' title='bbox 1345 1994 1362 2021; x_wconf 97' lang='lat'><strong>,</strong></span> <span class='ocrx_word' id='word_1_145' title='bbox 1384 1954 1529 2025; x_wconf 90' lang='lat' dir='ltr'><strong>quod</strong></span> <span class='ocrx_word' id='word_1_146' title='bbox 1554 1954 1607 2009; x_wconf 91' lang='lat' dir='ltr'><strong>in</strong></span> <span class='ocrx_word' id='word_1_147' title='bbox 1634 1968 1730 2010; x_wconf 89' lang='lat' dir='ltr'><strong>ve-</strong></span> 
     </span>
    </p>
   </div>
   <div class='ocr_carea' id='block_1_19' title="bbox 127 2044 1730 2120">
    <p class='ocr_par' dir='ltr' id='par_1_19' title="bbox 127 2044 1730 2120">
     <span class='ocr_line' id='line_1_19' title="bbox 127 2044 1730 2120; baseline -0.001 -19"><span class='ocrx_word' id='word_1_148' title='bbox 127 2054 247 2101; x_wconf 87' lang='lat' dir='ltr'><strong>stro</strong></span> <span class='ocrx_word' id='word_1_149' title='bbox 297 2046 469 2119; x_wconf 74' lang='lat'><strong>665</strong></span> <span class='ocrx_word' id='word_1_150' title='bbox 524 2045 731 2114; x_wconf 85' lang='lat' dir='ltr'><strong>codice,</strong></span> <span class='ocrx_word' id='word_1_151' title='bbox 757 2054 804 2100; x_wconf 91' lang='lat' dir='ltr'><strong>te</strong></span> <span class='ocrx_word' id='word_1_152' title='bbox 852 2060 960 2101; x_wconf 93' lang='lat' dir='ltr'><strong>non</strong></span> <span class='ocrx_word' id='word_1_153' title='bbox 989 2045 1203 2101; x_wconf 88' lang='lat' dir='ltr'><strong>habeat.</strong></span> <span class='ocrx_word' id='word_1_154' title='bbox 1230 2044 1446 2111; x_wconf 81' lang='lat' dir='ltr'><strong>Addite,</strong></span> <span class='ocrx_word' id='word_1_155' title='bbox 1470 2055 1536 2111; x_wconf 87' lang='lat' dir='ltr'><strong>te,</strong></span> <span class='ocrx_word' id='word_1_156' title='bbox 1576 2050 1631 2101; x_wconf 86' lang='lat' dir='ltr'><strong>et</strong></span> <span class='ocrx_word' id='word_1_157' title='bbox 1656 2044 1730 2120; x_wconf 89' lang='lat' dir='ltr'><strong>(b)</strong></span> 
     </span>
    </p>
   </div>
   <div class='ocr_carea' id='block_1_20' title="bbox 120 2135 1728 2207">
    <p class='ocr_par' dir='ltr' id='par_1_20' title="bbox 120 2135 1728 2207">
     <span class='ocr_line' id='line_1_20' title="bbox 120 2135 1728 2207; baseline 0.002 -17"><span class='ocrx_word' id='word_1_158' title='bbox 120 2135 426 2191; x_wconf 83' lang='lat' dir='ltr'><strong>emendato</strong></span> <span class='ocrx_word' id='word_1_159' title='bbox 460 2148 649 2191; x_wconf 90' lang='lat' dir='ltr'><strong>errore</strong></span> <span class='ocrx_word' id='word_1_160' title='bbox 692 2135 919 2202; x_wconf 87' lang='lat' dir='ltr'><strong>librarii,</strong></span> <span class='ocrx_word' id='word_1_161' title='bbox 963 2146 1205 2192; x_wconf 88' lang='lat' dir='ltr'><strong>vestrum</strong></span> <span class='ocrx_word' id='word_1_162' title='bbox 1228 2150 1442 2207; x_wconf 90' lang='lat' dir='ltr'><strong>quoque</strong></span> <span class='ocrx_word' id='word_1_163' title='bbox 1483 2146 1728 2193; x_wconf 88' lang='lat' dir='ltr'><strong>errorem</strong></span> 
     </span>
    </p>
   </div>
   <div class='ocr_carea' id='block_1_21' title="bbox 124 2225 1731 2283">
    <p class='ocr_par' dir='ltr' id='par_1_21' title="bbox 124 2225 1731 2283">
     <span class='ocr_line' id='line_1_21' title="bbox 124 2225 1731 2283; baseline 0.002 -3"><span class='ocrx_word' id='word_1_164' title='bbox 124 2225 519 2282; x_wconf 89' lang='lat' dir='ltr'><strong>emendabitis.</strong></span> <span class='ocrx_word' id='word_1_165' title='bbox 552 2225 610 2282; x_wconf 84' lang='lat' dir='ltr'><strong>in</strong></span> <span class='ocrx_word' id='word_1_166' title='bbox 654 2226 843 2283; x_wconf 90' lang='lat' dir='ltr'><strong>eodem</strong></span> <span class='ocrx_word' id='word_1_167' title='bbox 871 2243 885 2280; x_wconf 89' lang='lat'><strong>:</strong></span> <span class='ocrx_word' id='word_1_168' title='bbox 918 2225 988 2281; x_wconf 82' lang='lat' dir='ltr'><strong>Et</strong></span> <span class='ocrx_word' id='word_1_169' title='bbox 1029 2235 1082 2280; x_wconf 87' lang='lat' dir='ltr'><strong>tu</strong></span> <span class='ocrx_word' id='word_1_170' title='bbox 1111 2226 1326 2282; x_wconf 86' lang='lat' dir='ltr'><strong>Domine</strong></span> <span class='ocrx_word' id='word_1_171' title='bbox 1359 2225 1493 2283; x_wconf 84' lang='lat' dir='ltr'><strong>Deus</strong></span> <span class='ocrx_word' id='word_1_172' title='bbox 1523 2229 1731 2283; x_wconf 39' lang='lat' dir='ltr'><strong>misenus</strong></span> 
     </span>
    </p>
   </div>
   <div class='ocr_carea' id='block_1_22' title="bbox 129 2315 1728 2390">
    <p class='ocr_par' dir='ltr' id='par_1_22' title="bbox 129 2315 1728 2390">
     <span class='ocr_line' id='line_1_22' title="bbox 129 2315 1728 2390; baseline 0.002 -19"><span class='ocrx_word' id='word_1_173' title='bbox 129 2324 215 2371; x_wconf 81' lang='lat' dir='ltr'><strong>(or</strong></span> <span class='ocrx_word' id='word_1_174' title='bbox 244 2325 294 2371; x_wconf 89' lang='lat' dir='ltr'><strong>et</strong></span> <span class='ocrx_word' id='word_1_175' title='bbox 320 2317 613 2371; x_wconf 77' lang='lat' dir='ltr'><strong>misericors</strong></span> <span class='ocrx_word' id='word_1_176' title='bbox 652 2316 815 2390; x_wconf 75' lang='lat' dir='ltr'><strong>(Ibid.</strong></span> <span class='ocrx_word' id='word_1_177' title='bbox 842 2316 951 2387; x_wconf 87' lang='grc'><strong>15).</strong></span> <span class='ocrx_word' id='word_1_178' title='bbox 981 2316 1037 2372; x_wconf 87' lang='lat' dir='ltr'><strong>in</strong></span> <span class='ocrx_word' id='word_1_179' title='bbox 1086 2315 1275 2373; x_wconf 82' lang='lat' dir='ltr'><strong>Graeco</strong></span> <span class='ocrx_word' id='word_1_180' title='bbox 1322 2318 1592 2374; x_wconf 84' lang='lat' dir='ltr'><strong>invenisse</strong></span> <span class='ocrx_word' id='word_1_181' title='bbox 1632 2332 1728 2375; x_wconf 86' lang='lat' dir='ltr'><strong>vos</strong></span> 
     </span>
    </p>
   </div>
   <div class='ocr_carea' id='block_1_23' title="bbox 123 2404 1724 2480">
    <p class='ocr_par' dir='ltr' id='par_1_23' title="bbox 123 2404 1724 2480">
     <span class='ocr_line' id='line_1_23' title="bbox 123 2404 1724 2480; baseline 0.001 -18"><span class='ocrx_word' id='word_1_182' title='bbox 123 2407 333 2463; x_wconf 79' lang='lat' dir='ltr'><strong>dicitis.</strong></span> <span class='ocrx_word' id='word_1_183' title='bbox 378 2407 451 2463; x_wconf 84' lang='lat' dir='ltr'><strong>Et</strong></span> <span class='ocrx_word' id='word_1_184' title='bbox 473 2418 531 2463; x_wconf 87' lang='lat' dir='ltr'><strong>tu</strong></span> <span class='ocrx_word' id='word_1_185' title='bbox 576 2407 785 2462; x_wconf 85' lang='lat' dir='ltr'><strong>Domine</strong></span> <span class='ocrx_word' id='word_1_186' title='bbox 814 2406 950 2463; x_wconf 89' lang='lat' dir='ltr'><strong>Deus</strong></span> <span class='ocrx_word' id='word_1_187' title='bbox 997 2424 1159 2464; x_wconf 85' lang='lat' dir='ltr'><strong>meus.</strong></span> <span class='ocrx_word' id='word_1_188' title='bbox 1186 2406 1341 2476; x_wconf 86' lang='lat' dir='ltr'><strong>Quod</strong></span> <span class='ocrx_word' id='word_1_189' title='bbox 1393 2404 1724 2480; x_wconf 91' lang='lat' dir='ltr'><strong>superﬂuum</strong></span> 
     </span>
    </p>
   </div>
   <div class='ocr_carea' id='block_1_24' title="bbox 128 2499 1718 2575">
    <p class='ocr_par' dir='ltr' id='par_1_24' title="bbox 128 2499 1718 2575">
     <span class='ocr_line' id='line_1_24' title="bbox 128 2499 1718 2575; baseline 0 -19"><span class='ocrx_word' id='word_1_190' title='bbox 128 2509 256 2556; x_wconf 87' lang='lat' dir='ltr'><strong>est:</strong></span> <span class='ocrx_word' id='word_1_191' title='bbox 289 2515 437 2555; x_wconf 87' lang='lat' dir='ltr'><strong>meus</strong></span> <span class='ocrx_word' id='word_1_192' title='bbox 462 2499 614 2556; x_wconf 89' lang='lat' dir='ltr'><strong>enim</strong></span> <span class='ocrx_word' id='word_1_193' title='bbox 657 2513 757 2555; x_wconf 91' lang='lat' dir='ltr'><strong>nec</strong></span> <span class='ocrx_word' id='word_1_194' title='bbox 800 2500 855 2555; x_wconf 89' lang='lat' dir='ltr'><strong>in</strong></span> <span class='ocrx_word' id='word_1_195' title='bbox 884 2499 1112 2556; x_wconf 80' lang='lat' dir='ltr'><strong>Hebraeo</strong></span> <span class='ocrx_word' id='word_1_196' title='bbox 1136 2500 1385 2568; x_wconf 88' lang='lat' dir='ltr'><strong>habetur,</strong></span> <span class='ocrx_word' id='word_1_197' title='bbox 1435 2514 1536 2558; x_wconf 88' lang='lat' dir='ltr'><strong>nec</strong></span> <span class='ocrx_word' id='word_1_198' title='bbox 1561 2502 1614 2557; x_wconf 88' lang='lat' dir='ltr'><strong>in</strong></span> <span class='ocrx_word' id='word_1_199' title='bbox 1647 2499 1718 2575; x_wconf 91' lang='lat' dir='ltr'><strong>(c)</strong></span> 
     </span>
    </p>
   </div>
   <div class='ocr_carea' id='block_1_25' title="bbox 127 2594 1727 2665">
    <p class='ocr_par' dir='ltr' id='par_1_25' title="bbox 127 2594 1727 2665">
     <span class='ocr_line' id='line_1_25' title="bbox 127 2594 1727 2665; baseline -0.001 -14"><span class='ocrx_word' id='word_1_200' title='bbox 127 2594 517 2665; x_wconf 81' lang='lat' dir='ltr'><strong>Septuaginta.</strong></span> <span class='ocrx_word' id='word_1_201' title='bbox 1722 2642 1727 2649; x_wconf 89' lang='lat'><strong>.</strong></span> 
     </span>
    </p>
   </div>
   <div class='ocr_carea' id='block_1_26' title="bbox 197 2678 1727 2755">
    <p class='ocr_par' dir='ltr' id='par_1_26' title="bbox 197 2678 1727 2755">
     <span class='ocr_line' id='line_1_26' title="bbox 197 2678 1727 2755; baseline -0.001 -14"><span class='ocrx_word' id='word_1_202' title='bbox 197 2684 291 2741; x_wconf 81' lang='lat'><strong>57.</strong></span> <span class='ocrx_word' id='word_1_203' title='bbox 338 2683 693 2755; x_wconf 77' lang='lat' dir='ltr'><strong>Octogesimo</strong></span> <span class='ocrx_word' id='word_1_204' title='bbox 739 2692 927 2739; x_wconf 86' lang='lat' dir='ltr'><strong>octavo</strong></span> <span class='ocrx_word' id='word_1_205' title='bbox 971 2700 986 2737; x_wconf 91' lang='lat'><strong>:</strong></span> <span class='ocrx_word' id='word_1_206' title='bbox 1030 2678 1281 2755; x_wconf 71' lang='lat' dir='ltr'><strong>Magnus,</strong></span> <span class='ocrx_word' id='word_1_207' title='bbox 1343 2692 1389 2739; x_wconf 88' lang='lat' dir='ltr'><strong>et</strong></span> <span class='ocrx_word' id='word_1_208' title='bbox 1445 2683 1727 2739; x_wconf 82' lang='lat' dir='ltr'><strong>horrendus</strong></span> 
     </span>
    </p>
   </div>
   <div class='ocr_carea' id='block_1_27' title="bbox 130 2773 1723 2848">
    <p class='ocr_par' dir='ltr' id='par_1_27' title="bbox 130 2773 1723 2848">
     <span class='ocr_line' id='line_1_27' title="bbox 130 2773 1723 2848; baseline 0.001 -18"><span class='ocrx_word' id='word_1_209' title='bbox 130 2776 303 2848; x_wconf 85' lang='lat' dir='ltr'><strong>(Psal.</strong></span> <span class='ocrx_word' id='word_1_210' title='bbox 325 2776 419 2833; x_wconf 90' lang='lat'><strong>88.</strong></span> <span class='ocrx_word' id='word_1_211' title='bbox 445 2775 537 2848; x_wconf 90' lang='lat'><strong>8).</strong></span> <span class='ocrx_word' id='word_1_212' title='bbox 557 2776 664 2831; x_wconf 85' lang='lat' dir='ltr'><strong>Pro</strong></span> <span class='ocrx_word' id='word_1_213' title='bbox 690 2790 795 2846; x_wconf 91' lang='lat' dir='ltr'><strong>quo</strong></span> <span class='ocrx_word' id='word_1_214' title='bbox 817 2775 869 2830; x_wconf 91' lang='lat' dir='ltr'><strong>in</strong></span> <span class='ocrx_word' id='word_1_215' title='bbox 896 2773 1083 2831; x_wconf 57' lang='lat' dir='ltr'><strong>Graeco</strong></span> <span class='ocrx_word' id='word_1_216' title='bbox 1108 2775 1379 2830; x_wconf 86' lang='lat' dir='ltr'><strong>invenisse</strong></span> <span class='ocrx_word' id='word_1_217' title='bbox 1402 2788 1497 2829; x_wconf 89' lang='lat' dir='ltr'><strong>vos</strong></span> <span class='ocrx_word' id='word_1_218' title='bbox 1525 2774 1723 2843; x_wconf 89' lang='lat' dir='ltr'><strong>dicitis,</strong></span> 
     </span>
    </p>
   </div>
   <div class='ocr_carea' id='block_1_28' title="bbox 129 2865 1725 2941">
    <p class='ocr_par' dir='ltr' id='par_1_28' title="bbox 129 2865 1725 2941">
     <span class='ocr_line' id='line_1_28' title="bbox 129 2865 1725 2941; baseline -0.001 -17"><span class='ocrx_word' id='word_1_219' title='bbox 129 2874 336 2941; x_wconf 69' lang='grc' dir='ltr'><strong>φοβερὸς</strong></span> <span class='ocrx_word' id='word_1_220' title='bbox 358 2911 375 2937; x_wconf 87' lang='grc'><em>,</em></span> <span class='ocrx_word' id='word_1_221' title='bbox 403 2867 557 2940; x_wconf 89' lang='lat' dir='ltr'><strong>quod</strong></span> <span class='ocrx_word' id='word_1_222' title='bbox 596 2865 855 2939; x_wconf 77' lang='lat' dir='ltr'><strong>signiﬁcat</strong></span> <span class='ocrx_word' id='word_1_223' title='bbox 877 2908 893 2932; x_wconf 90' lang='lat'><strong>,</strong></span> <span class='ocrx_word' id='word_1_224' title='bbox 918 2866 1187 2932; x_wconf 82' lang='lat' dir='ltr'><strong>terribilis,</strong></span> <span class='ocrx_word' id='word_1_225' title='bbox 1221 2866 1507 2932; x_wconf 84' lang='lat' dir='ltr'><strong>timendus,</strong></span> <span class='ocrx_word' id='word_1_226' title='bbox 1548 2869 1725 2939; x_wconf 82' lang='lat' dir='ltr'><strong>formi-</strong></span> 
     </span>
    </p>
   </div>
   <div class='ocr_carea' id='block_1_29' title="bbox 137 2957 1723 3032">
    <p class='ocr_par' dir='ltr' id='par_1_29' title="bbox 137 2957 1723 3032">
     <span class='ocr_line' id='line_1_29' title="bbox 137 2957 1723 3032; baseline 0.001 -19"><span class='ocrx_word' id='word_1_227' title='bbox 137 2962 361 3016; x_wconf 83' lang='lat' dir='ltr'><strong>dandus.</strong></span> <span class='ocrx_word' id='word_1_228' title='bbox 393 2961 517 3032; x_wconf 79' lang='lat' dir='ltr'><strong>Ego</strong></span> <span class='ocrx_word' id='word_1_229' title='bbox 546 2970 673 3031; x_wconf 89' lang='lat' dir='ltr'><strong>puto</strong></span> <span class='ocrx_word' id='word_1_230' title='bbox 700 2959 753 3015; x_wconf 91' lang='lat' dir='ltr'><strong>id</strong></span> <span class='ocrx_word' id='word_1_231' title='bbox 774 2960 947 3030; x_wconf 88' lang='lat' dir='ltr'><strong>ipsum</strong></span> <span class='ocrx_word' id='word_1_232' title='bbox 974 2957 1277 3029; x_wconf 78' lang='lat' dir='ltr'><strong>signiﬁcare</strong></span> <span class='ocrx_word' id='word_1_233' title='bbox 1300 2970 1355 3014; x_wconf 90' lang='lat' dir='ltr'><strong>et</strong></span> <span class='ocrx_word' id='word_1_234' title='bbox 1384 2959 1723 3015; x_wconf 84' lang='lat' dir='ltr'><strong>horrendum:</strong></span> 
     </span>
    </p>
   </div>
   <div class='ocr_carea' id='block_1_30' title="bbox 133 3046 1720 3125">
    <p class='ocr_par' dir='ltr' id='par_1_30' title="bbox 133 3046 1720 3125">
     <span class='ocr_line' id='line_1_30' title="bbox 133 3046 1720 3125; baseline -0.001 -17"><span class='ocrx_word' id='word_1_235' title='bbox 133 3068 242 3108; x_wconf 89' lang='lat' dir='ltr'><strong>non</strong></span> <span class='ocrx_word' id='word_1_236' title='bbox 269 3062 329 3108; x_wconf 91' lang='lat' dir='ltr'><strong>ut</strong></span> <span class='ocrx_word' id='word_1_237' title='bbox 354 3053 553 3125; x_wconf 79' lang='lat' dir='ltr'><strong>vulgus</strong></span> <span class='ocrx_word' id='word_1_238' title='bbox 574 3051 837 3119; x_wconf 72' lang='lat' dir='ltr'><strong>aestimat,</strong></span> <span class='ocrx_word' id='word_1_239' title='bbox 859 3046 1261 3120; x_wconf 87' lang='lat' dir='ltr'><strong>despiciendum</strong></span> <span class='ocrx_word' id='word_1_240' title='bbox 1278 3090 1294 3118; x_wconf 93' lang='lat'><strong>,</strong></span> <span class='ocrx_word' id='word_1_241' title='bbox 1315 3055 1373 3106; x_wconf 87' lang='lat' dir='ltr'><strong>et</strong></span> <span class='ocrx_word' id='word_1_242' title='bbox 1396 3049 1720 3121; x_wconf 87' lang='lat' dir='ltr'><strong>squalidum,</strong></span> 
     </span>
    </p>
   </div>
   <div class='ocr_carea' id='block_1_31' title="bbox 128 3142 643 3202">
    <p class='ocr_par' dir='ltr' id='par_1_31' title="bbox 128 3142 643 3202">
     <span class='ocr_line' id='line_1_31' title="bbox 128 3142 643 3202; baseline -0.008 -1"><span class='ocrx_word' id='word_1_243' title='bbox 128 3143 436 3202; x_wconf 85' lang='lat' dir='ltr'><strong>secundum</strong></span> <span class='ocrx_word' id='word_1_244' title='bbox 463 3142 596 3199; x_wconf 89' lang='lat' dir='ltr'><strong>illud</strong></span> <span class='ocrx_word' id='word_1_245' title='bbox 627 3161 643 3197; x_wconf 89' lang='lat'><strong>:</strong></span> 
     </span>
    </p>
   </div>
   <div class='ocr_carea' id='block_1_32' title="bbox 569 3274 1144 3347">
    <p class='ocr_par' dir='ltr' id='par_1_32' title="bbox 569 3274 1144 3347">
     <span class='ocr_line' id='line_1_32' title="bbox 569 3274 1144 3347; baseline -0.003 -16"><span class='ocrx_word' id='word_1_246' title='bbox 569 3274 701 3331; x_wconf 73' lang='lat' dir='ltr'><strong>Milu‘</strong></span> <span class='ocrx_word' id='word_1_247' title='bbox 723 3274 939 3347; x_wconf 78' lang='lat' dir='ltr'><strong>{rigidus</strong></span> <span class='ocrx_word' id='word_1_248' title='bbox 965 3275 1144 3330; x_wconf 77' lang='lat' dir='ltr'><strong>horror</strong></span> 
     </span>
    </p>
   </div>
   <div class='ocr_carea' id='block_1_33' title="bbox 199 3368 774 3440">
    <p class='ocr_par' dir='ltr' id='par_1_33' title="bbox 199 3368 774 3440">
     <span class='ocr_line' id='line_1_33' title="bbox 199 3368 774 3440; baseline -0.005 -14"><span class='ocrx_word' id='word_1_249' title='bbox 199 3369 443 3426; x_wconf 59' lang='lat' dir='ltr'><strong>Imbro</strong></span> <span class='ocrx_word' id='word_1_250' title='bbox 461 3370 643 3440; x_wconf 77' lang='lat' dir='ltr'><strong>quatit.</strong></span> <span class='ocrx_word' id='word_1_251' title='bbox 666 3368 734 3423; x_wconf 83' lang='lat' dir='ltr'><strong>Et</strong></span> <span class='ocrx_word' id='word_1_252' title='bbox 759 3384 774 3424; x_wconf 90' lang='lat'><strong>:</strong></span> 
     </span>
    </p>
   </div>
   <div class='ocr_carea' id='block_1_34' title="bbox 203 3458 1720 3533">
    <p class='ocr_par' dir='ltr' id='par_1_34' title="bbox 203 3458 1720 3533">
     <span class='ocr_line' id='line_1_34' title="bbox 203 3458 1720 3533; baseline -0.001 -13"><span class='ocrx_word' id='word_1_253' title='bbox 203 3462 414 3519; x_wconf 78' lang='lat' dir='ltr'><strong>Horror</strong></span> <span class='ocrx_word' id='word_1_254' title='bbox 452 3461 635 3533; x_wconf 85' lang='lat' dir='ltr'><strong>ubique</strong></span> <span class='ocrx_word' id='word_1_255' title='bbox 682 3460 887 3528; x_wconf 88' lang='lat' dir='ltr'><strong>animo,</strong></span> <span class='ocrx_word' id='word_1_256' title='bbox 924 3458 1076 3514; x_wconf 81' lang='lat' dir='ltr'><strong>simul</strong></span> <span class='ocrx_word' id='word_1_257' title='bbox 1122 3460 1237 3531; x_wconf 84' lang='lat' dir='ltr'><strong>ipsa</strong></span> <span class='ocrx_word' id='word_1_258' title='bbox 1273 3459 1477 3517; x_wconf 83' lang='lat' dir='ltr'><strong>silentia</strong></span> <span class='ocrx_word' id='word_1_259' title='bbox 1514 3470 1720 3519; x_wconf 83' lang='lat' dir='ltr'><strong>terrent.</strong></span> 
     </span>
    </p>
   </div>
   <div class='ocr_carea' id='block_1_35' title="bbox 275 3595 993 3671">
    <p class='ocr_par' dir='ltr' id='par_1_35' title="bbox 275 3595 993 3671">
     <span class='ocr_line' id='line_1_35' title="bbox 275 3595 993 3671; baseline -0.003 -18"><span class='ocrx_word' id='word_1_260' title='bbox 275 3598 500 3671; x_wconf 79' lang='lat' dir='ltr'><strong>(Virgil.</strong></span> <span class='ocrx_word' id='word_1_261' title='bbox 532 3596 585 3652; x_wconf 78' lang='grc'><strong>5.</strong></span> <span class='ocrx_word' id='word_1_262' title='bbox 613 3595 852 3668; x_wconf 61' lang='grc' dir='ltr'><strong>Εηεὶά).</strong></span> <span class='ocrx_word' id='word_1_263' title='bbox 880 3595 993 3653; x_wconf 83' lang='lat' dir='ltr'><strong>Et:</strong></span> 
     </span>
    </p>
   </div>
   <div class='ocr_carea' id='block_1_36' title="bbox 204 3728 1722 3804">
    <p class='ocr_par' dir='ltr' id='par_1_36' title="bbox 204 3728 1722 3804">
     <span class='ocr_line' id='line_1_36' title="bbox 204 3728 1722 3804; baseline -0.002 -15"><span class='ocrx_word' id='word_1_264' title='bbox 204 3733 503 3789; x_wconf 72' lang='lat' dir='ltr'><strong>Monstrum</strong></span> <span class='ocrx_word' id='word_1_265' title='bbox 551 3731 875 3794; x_wconf 71' lang='lat' dir='ltr'><strong>horrendum,</strong></span> <span class='ocrx_word' id='word_1_266' title='bbox 902 3731 1080 3803; x_wconf 85' lang='lat' dir='ltr'><strong>ingens</strong></span> <span class='ocrx_word' id='word_1_267' title='bbox 1100 3728 1262 3801; x_wconf 88' lang='lat' dir='ltr'><strong>(Ibid.</strong></span> <span class='ocrx_word' id='word_1_268' title='bbox 1291 3729 1384 3804; x_wconf 74' lang='grc'><strong>20)</strong></span> <span class='ocrx_word' id='word_1_269' title='bbox 1416 3747 1430 3786; x_wconf 89' lang='lat'><strong>:</strong></span> <span class='ocrx_word' id='word_1_270' title='bbox 1458 3737 1513 3786; x_wconf 90' lang='lat' dir='ltr'><strong>et</strong></span> <span class='ocrx_word' id='word_1_271' title='bbox 1554 3730 1722 3787; x_wconf 89' lang='lat' dir='ltr'><strong>multa</strong></span> 
     </span>
    </p>
   </div>
   <div class='ocr_carea' id='block_1_37' title="bbox 138 3821 1725 3882">
    <p class='ocr_par' dir='ltr' id='par_1_37' title="bbox 138 3821 1725 3882">
     <span class='ocr_line' id='line_1_37' title="bbox 138 3821 1725 3882; baseline -0.002 -2"><span class='ocrx_word' id='word_1_272' title='bbox 138 3825 226 3881; x_wconf 87' lang='lat' dir='ltr'><strong>his</strong></span> <span class='ocrx_word' id='word_1_273' title='bbox 274 3826 502 3882; x_wconf 82' lang='lat' dir='ltr'><strong>similia.</strong></span> <span class='ocrx_word' id='word_1_274' title='bbox 547 3825 605 3879; x_wconf 86' lang='lat' dir='ltr'><strong>ln</strong></span> <span class='ocrx_word' id='word_1_275' title='bbox 659 3823 849 3880; x_wconf 87' lang='lat' dir='ltr'><strong>eodem</strong></span> <span class='ocrx_word' id='word_1_276' title='bbox 881 3839 896 3876; x_wconf 89' lang='lat'><strong>:</strong></span> <span class='ocrx_word' id='word_1_277' title='bbox 934 3821 1080 3877; x_wconf 85' lang='lat' dir='ltr'><strong>Tunc</strong></span> <span class='ocrx_word' id='word_1_278' title='bbox 1112 3823 1308 3878; x_wconf 88' lang='lat' dir='ltr'><strong>locutus</strong></span> <span class='ocrx_word' id='word_1_279' title='bbox 1353 3824 1505 3879; x_wconf 89' lang='lat' dir='ltr'><strong>estin</strong></span> <span class='ocrx_word' id='word_1_280' title='bbox 1533 3823 1725 3878; x_wconf 81' lang='lat' dir='ltr'><strong>uisione</strong></span> 
     </span>
    </p>
   </div>
   <div class='ocr_carea' id='block_1_38' title="bbox 134 3912 1724 3984">
    <p class='ocr_par' dir='ltr' id='par_1_38' title="bbox 134 3912 1724 3984">
     <span class='ocr_line' id='line_1_38' title="bbox 134 3912 1724 3984; baseline -0.003 -13"><span class='ocrx_word' id='word_1_281' title='bbox 134 3919 329 3973; x_wconf 80' lang='lat' dir='ltr'><strong>sanctis</strong></span> <span class='ocrx_word' id='word_1_282' title='bbox 355 3917 479 3972; x_wconf 84' lang='lat' dir='ltr'><strong>luis.</strong></span> <span class='ocrx_word' id='word_1_283' title='bbox 513 3914 617 3971; x_wconf 83' lang='lat' dir='ltr'><strong>Pro</strong></span> <span class='ocrx_word' id='word_1_284' title='bbox 640 3928 745 3984; x_wconf 90' lang='lat' dir='ltr'><strong>quo</strong></span> <span class='ocrx_word' id='word_1_285' title='bbox 765 3914 820 3969; x_wconf 90' lang='lat' dir='ltr'><strong>in</strong></span> <span class='ocrx_word' id='word_1_286' title='bbox 848 3912 1070 3977; x_wconf 58' lang='lat' dir='ltr'><strong>Graeco,</strong></span> <span class='ocrx_word' id='word_1_287' title='bbox 1118 3913 1238 3981; x_wconf 77' lang='lat' dir='ltr'><strong>filiis</strong></span> <span class='ocrx_word' id='word_1_288' title='bbox 1268 3913 1399 3979; x_wconf 85' lang='lat' dir='ltr'><strong>tuis,</strong></span> <span class='ocrx_word' id='word_1_289' title='bbox 1449 3913 1724 3967; x_wconf 81' lang='lat' dir='ltr'><strong>invenisse</strong></span> 
     </span>
    </p>
   </div>
   <div class='ocr_carea' id='block_1_39' title="bbox 131 4002 1723 4071">
    <p class='ocr_par' dir='ltr' id='par_1_39' title="bbox 131 4002 1723 4071">
     <span class='ocr_line' id='line_1_39' title="bbox 131 4002 1723 4071; baseline -0.003 -9"><span class='ocrx_word' id='word_1_290' title='bbox 131 4025 228 4064; x_wconf 85' lang='lat' dir='ltr'><strong>vos</strong></span> <span class='ocrx_word' id='word_1_291' title='bbox 258 4008 465 4064; x_wconf 84' lang='lat' dir='ltr'><strong>dicitis.</strong></span> <span class='ocrx_word' id='word_1_292' title='bbox 494 4004 601 4061; x_wconf 88' lang='lat' dir='ltr'><strong>Sed</strong></span> <span class='ocrx_word' id='word_1_293' title='bbox 620 4003 897 4058; x_wconf 88' lang='lat' dir='ltr'><strong>sciendum</strong></span> <span class='ocrx_word' id='word_1_294' title='bbox 923 4002 1066 4071; x_wconf 89' lang='lat' dir='ltr'><strong>quod</strong></span> <span class='ocrx_word' id='word_1_295' title='bbox 1095 4004 1146 4056; x_wconf 87' lang='lat' dir='ltr'><strong>in</strong></span> <span class='ocrx_word' id='word_1_296' title='bbox 1174 4003 1401 4057; x_wconf 64' lang='lat' dir='ltr'><strong>Hebraeo</strong></span> <span class='ocrx_word' id='word_1_297' title='bbox 1429 4018 1723 4059; x_wconf 71' lang='lat' dir='ltr'><strong>ussnmcu</strong></span> 
     </span>
    </p>
   </div>
   <div class='ocr_carea' id='block_1_40' title="bbox 130 4091 1720 4168">
    <p class='ocr_par' dir='ltr' id='par_1_40' title="bbox 130 4091 1720 4168">
     <span class='ocr_line' id='line_1_40' title="bbox 130 4091 1720 4168; baseline -0.004 -16"><span class='ocrx_word' id='word_1_298' title='bbox 130 4096 331 4165; x_wconf 87' lang='lat' dir='ltr'><strong>habet,</strong></span> <span class='ocrx_word' id='word_1_299' title='bbox 354 4094 503 4168; x_wconf 84' lang='lat' dir='ltr'><strong>quod</strong></span> <span class='ocrx_word' id='word_1_300' title='bbox 522 4107 709 4149; x_wconf 88' lang='lat' dir='ltr'><strong>omnes</strong></span> <span class='ocrx_word' id='word_1_301' title='bbox 733 4100 828 4154; x_wconf 72' lang='grc' dir='ltr'><strong>τοῖς</strong></span> <span class='ocrx_word' id='word_1_302' title='bbox 876 4091 959 4162; x_wconf 78' lang='grc' dir='ltr'><strong>(ά)</strong></span> <span class='ocrx_word' id='word_1_303' title='bbox 1013 4099 1158 4153; x_wconf 76' lang='grc' dir='ltr'><strong>ὁσίοις</strong></span> <span class='ocrx_word' id='word_1_304' title='bbox 1209 4113 1290 4145; x_wconf 85' lang='grc' dir='ltr'><strong>σου</strong></span> <span class='ocrx_word' id='word_1_305' title='bbox 1312 4133 1326 4157; x_wconf 85' lang='grc'><strong>,</strong></span> <span class='ocrx_word' id='word_1_306' title='bbox 1377 4092 1431 4145; x_wconf 81' lang='lat' dir='ltr'><strong>id</strong></span> <span class='ocrx_word' id='word_1_307' title='bbox 1459 4100 1574 4159; x_wconf 88' lang='lat' dir='ltr'><strong>est,</strong></span> <span class='ocrx_word' id='word_1_308' title='bbox 1601 4108 1720 4146; x_wconf 86' lang='lat' dir='ltr'><strong>san-</strong></span> 
     </span>
    </p>
   </div>
   <div class='ocr_carea' id='block_1_41' title="bbox 133 4181 1723 4255">
    <p class='ocr_par' dir='ltr' id='par_1_41' title="bbox 133 4181 1723 4255">
     <span class='ocr_line' id='line_1_41' title="bbox 133 4181 1723 4255; baseline -0.003 -13"><span class='ocrx_word' id='word_1_309' title='bbox 133 4190 196 4244; x_wconf 88' lang='lat' dir='ltr'><strong>tis</strong></span> <span class='ocrx_word' id='word_1_310' title='bbox 217 4190 320 4242; x_wconf 74' lang='lat' dir='ltr'><strong>suis</strong></span> <span class='ocrx_word' id='word_1_311' title='bbox 338 4229 354 4254; x_wconf 96' lang='lat'><strong>,</strong></span> <span class='ocrx_word' id='word_1_312' title='bbox 389 4184 810 4241; x_wconf 79' lang='lat' dir='ltr'><strong>transtulerunt:</strong></span> <span class='ocrx_word' id='word_1_313' title='bbox 840 4190 896 4238; x_wconf 90' lang='lat' dir='ltr'><strong>et</strong></span> <span class='ocrx_word' id='word_1_314' title='bbox 923 4182 1039 4238; x_wconf 85' lang='lat' dir='ltr'><strong>sola</strong></span> <span class='ocrx_word' id='word_1_315' title='bbox 1068 4182 1228 4238; x_wconf 82' lang='lat' dir='ltr'><strong>Sexta</strong></span> <span class='ocrx_word' id='word_1_316' title='bbox 1258 4181 1457 4249; x_wconf 88' lang='lat' dir='ltr'><strong>editio,</strong></span> <span class='ocrx_word' id='word_1_317' title='bbox 1491 4182 1723 4255; x_wconf 80' lang='lat' dir='ltr'><strong>Prophe-</strong></span> 
     </span>
    </p>
   </div>
   <div class='ocr_carea' id='block_1_42' title="bbox 134 4273 1720 4347">
    <p class='ocr_par' dir='ltr' id='par_1_42' title="bbox 134 4273 1720 4347">
     <span class='ocr_line' id='line_1_42' title="bbox 134 4273 1720 4347; baseline -0.004 -13"><span class='ocrx_word' id='word_1_318' title='bbox 134 4282 225 4336; x_wconf 89' lang='lat' dir='ltr'><strong>ctis</strong></span> <span class='ocrx_word' id='word_1_319' title='bbox 253 4280 353 4335; x_wconf 85' lang='lat' dir='ltr'><strong>tuis</strong></span> <span class='ocrx_word' id='word_1_320' title='bbox 379 4320 397 4347; x_wconf 94' lang='lat'><strong>,</strong></span> <span class='ocrx_word' id='word_1_321' title='bbox 421 4279 774 4346; x_wconf 86' lang='lat' dir='ltr'><strong>interpretata</strong></span> <span class='ocrx_word' id='word_1_322' title='bbox 793 4280 875 4329; x_wconf 89' lang='lat' dir='ltr'><strong>est</strong></span> <span class='ocrx_word' id='word_1_323' title='bbox 894 4288 908 4339; x_wconf 92' lang='lat'><strong>;</strong></span> <span class='ocrx_word' id='word_1_324' title='bbox 936 4286 1151 4328; x_wconf 85' lang='lat' dir='ltr'><strong>sensum</strong></span> <span class='ocrx_word' id='word_1_325' title='bbox 1184 4273 1349 4343; x_wconf 80' lang='lat' dir='ltr'><strong>magis</strong></span> <span class='ocrx_word' id='word_1_326' title='bbox 1371 4296 1393 4339; x_wconf 73' lang='grc' dir='ltr'><strong>,ο</strong></span> <span class='ocrx_word' id='word_1_327' title='bbox 1416 4288 1572 4342; x_wconf 84' lang='lat' dir='ltr'><strong>quam</strong></span> <span class='ocrx_word' id='word_1_328' title='bbox 1594 4289 1720 4329; x_wconf 86' lang='lat' dir='ltr'><strong>ver-</strong></span> 
     </span>
    </p>
   </div>
   <div class='ocr_carea' id='block_1_43' title="bbox 135 4364 1785 4442">
    <p class='ocr_par' dir='ltr' id='par_1_43' title="bbox 135 4364 1785 4442">
     <span class='ocr_line' id='line_1_43' title="bbox 135 4364 1785 4442; baseline -0.008 -13"><span class='ocrx_word' id='word_1_329' title='bbox 135 4369 259 4426; x_wconf 83' lang='lat' dir='ltr'><strong>bum</strong></span> <span class='ocrx_word' id='word_1_330' title='bbox 315 4369 651 4442; x_wconf 78' lang='lat' dir='ltr'><strong>exprimens.</strong></span> <span class='ocrx_word' id='word_1_331' title='bbox 704 4365 775 4420; x_wconf 82' lang='lat' dir='ltr'><strong>Et</strong></span> <span class='ocrx_word' id='word_1_332' title='bbox 817 4366 871 4419; x_wconf 90' lang='lat' dir='ltr'><strong>in</strong></span> <span class='ocrx_word' id='word_1_333' title='bbox 910 4369 1060 4434; x_wconf 73' lang='grc' dir='ltr'><strong>Κοινῇ</strong></span> <span class='ocrx_word' id='word_1_334' title='bbox 1103 4371 1306 4418; x_wconf 88' lang='lat' dir='ltr'><strong>tantum</strong></span> <span class='ocrx_word' id='word_1_335' title='bbox 1359 4378 1455 4434; x_wconf 91' lang='lat' dir='ltr'><strong>pro</strong></span> <span class='ocrx_word' id='word_1_336' title='bbox 1489 4364 1716 4431; x_wconf 85' lang='lat' dir='ltr'><strong>sanctis,</strong></span> <span class='ocrx_word' id='word_1_337' title='bbox 1782 4384 1785 4393; x_wconf 92' lang='grc'><strong>·</strong></span> 
     </span>
    </p>
   </div>
   <div class='ocr_carea' id='block_1_44' title="bbox 137 4454 1720 4533">
    <p class='ocr_par' dir='ltr' id='par_1_44' title="bbox 137 4454 1720 4533">
     <span class='ocr_line' id='line_1_44' title="bbox 137 4454 1720 4533; baseline -0.01 -17"><span class='ocrx_word' id='word_1_338' title='bbox 137 4461 271 4529; x_wconf 76' lang='lat' dir='ltr'><strong>ﬁlios</strong></span> <span class='ocrx_word' id='word_1_339' title='bbox 318 4461 522 4533; x_wconf 85' lang='lat' dir='ltr'><strong>reperi.</strong></span> <span class='ocrx_word' id='word_1_340' title='bbox 561 4458 616 4513; x_wconf 89' lang='lat' dir='ltr'><strong>In</strong></span> <span class='ocrx_word' id='word_1_341' title='bbox 643 4455 835 4514; x_wconf 86' lang='lat' dir='ltr'><strong>eodem</strong></span> <span class='ocrx_word' id='word_1_342' title='bbox 860 4471 876 4508; x_wconf 85' lang='lat'><strong>:</strong></span> <span class='ocrx_word' id='word_1_343' title='bbox 906 4454 984 4508; x_wconf 79' lang='lat' dir='ltr'><strong>Tu</strong></span> <span class='ocrx_word' id='word_1_344' title='bbox 1012 4469 1128 4507; x_wconf 77' lang='lat' dir='ltr'><strong>vero</strong></span> <span class='ocrx_word' id='word_1_345' title='bbox 1157 4455 1392 4525; x_wconf 84' lang='lat' dir='ltr'><strong>repulisti</strong></span> <span class='ocrx_word' id='word_1_346' title='bbox 1412 4494 1428 4521; x_wconf 96' lang='lat'><strong>,</strong></span> <span class='ocrx_word' id='word_1_347' title='bbox 1460 4464 1505 4511; x_wconf 91' lang='lat' dir='ltr'><strong>et</strong></span> <span class='ocrx_word' id='word_1_348' title='bbox 1532 4456 1608 4527; x_wconf 90' lang='lat' dir='ltr'><strong>(e)</strong></span> <span class='ocrx_word' id='word_1_349' title='bbox 1635 4471 1720 4512; x_wconf 70' lang='lat' dir='ltr'><strong>re.</strong></span> 
     </span>
    </p>
   </div>
   <div class='ocr_carea' id='block_1_45' title="bbox 134 4536 1721 4624">
    <p class='ocr_par' dir='ltr' id='par_1_45' title="bbox 134 4536 1721 4624">
     <span class='ocr_line' id='line_1_45' title="bbox 134 4536 1721 4624; baseline -0.001 -19"><span class='ocrx_word' id='word_1_350' title='bbox 134 4536 340 4621; x_wconf 65' lang='grc' dir='ltr'><strong><em>δμωὶᾱί</em></strong></span> <span class='ocrx_word' id='word_1_351' title='bbox 360 4552 415 4624; x_wconf 86' lang='grc' dir='ltr'><strong>(ι</strong></span> <span class='ocrx_word' id='word_1_352' title='bbox 422 4553 526 4608; x_wconf 82' lang='lat' dir='ltr'><strong>bid.</strong></span> <span class='ocrx_word' id='word_1_353' title='bbox 548 4552 661 4622; x_wconf 80' lang='grc'><strong>59).</strong></span> <span class='ocrx_word' id='word_1_354' title='bbox 685 4549 793 4605; x_wconf 87' lang='lat' dir='ltr'><strong>Pro</strong></span> <span class='ocrx_word' id='word_1_355' title='bbox 817 4563 923 4619; x_wconf 83' lang='lat' dir='ltr'><strong>quo</strong></span> <span class='ocrx_word' id='word_1_356' title='bbox 948 4546 1002 4601; x_wconf 91' lang='lat' dir='ltr'><strong>in</strong></span> <span class='ocrx_word' id='word_1_357' title='bbox 1026 4544 1221 4617; x_wconf 62' lang='lat' dir='ltr'><strong>Graeco</strong></span> <span class='ocrx_word' id='word_1_358' title='bbox 1232 4586 1247 4609; x_wconf 85' lang='lat'><strong>,</strong></span> <span class='ocrx_word' id='word_1_359' title='bbox 1278 4550 1605 4615; x_wconf 68' lang='grc' dir='ltr'><strong>ἱξουδάνωσας,</strong></span> <span class='ocrx_word' id='word_1_360' title='bbox 1637 4547 1721 4603; x_wconf 85' lang='lat' dir='ltr'><strong>in-</strong></span> 
     </span>
    </p>
   </div>
   <div class='ocr_carea' id='block_1_46' title="bbox 134 4636 1716 4706">
    <p class='ocr_par' dir='ltr' id='par_1_46' title="bbox 134 4636 1716 4706">
     <span class='ocr_line' id='line_1_46' title="bbox 134 4636 1716 4706; baseline -0.003 -10"><span class='ocrx_word' id='word_1_361' title='bbox 134 4644 345 4701; x_wconf 81' lang='lat' dir='ltr'><strong>venisse</strong></span> <span class='ocrx_word' id='word_1_362' title='bbox 380 4658 483 4701; x_wconf 87' lang='lat' dir='ltr'><strong>vos</strong></span> <span class='ocrx_word' id='word_1_363' title='bbox 531 4641 726 4697; x_wconf 88' lang='lat' dir='ltr'><strong>dicitis.</strong></span> <span class='ocrx_word' id='word_1_364' title='bbox 759 4637 926 4695; x_wconf 90' lang='lat' dir='ltr'><strong>Unius</strong></span> <span class='ocrx_word' id='word_1_365' title='bbox 969 4636 1161 4691; x_wconf 67' lang='lat' dir='ltr'><strong>litterae</strong></span> <span class='ocrx_word' id='word_1_366' title='bbox 1206 4637 1434 4690; x_wconf 88' lang='lat' dir='ltr'><strong>mutatio</strong></span> <span class='ocrx_word' id='word_1_367' title='bbox 1458 4645 1716 4706; x_wconf 87' lang='lat' dir='ltr'><strong>quantum</strong></span> 
     </span>
    </p>
   </div>
   <div class='ocr_carea' id='block_1_47' title="bbox 136 4726 1712 4799">
    <p class='ocr_par' dir='ltr' id='par_1_47' title="bbox 136 4726 1712 4799">
     <span class='ocr_line' id='line_1_47' title="bbox 136 4726 1712 4799; baseline -0.003 -12"><span class='ocrx_word' id='word_1_368' title='bbox 136 4734 288 4790; x_wconf 83' lang='lat' dir='ltr'><strong>vobis</strong></span> <span class='ocrx_word' id='word_1_369' title='bbox 333 4734 466 4792; x_wconf 82' lang='lat' dir='ltr'><strong>iecit</strong></span> <span class='ocrx_word' id='word_1_370' title='bbox 509 4746 751 4789; x_wconf 85' lang='lat' dir='ltr'><strong>errorem</strong></span> <span class='ocrx_word' id='word_1_371' title='bbox 803 4747 819 4785; x_wconf 89' lang='lat'><strong>:</strong></span> <span class='ocrx_word' id='word_1_372' title='bbox 870 4744 976 4784; x_wconf 89' lang='lat' dir='ltr'><strong>non</strong></span> <span class='ocrx_word' id='word_1_373' title='bbox 1019 4726 1199 4794; x_wconf 90' lang='lat' dir='ltr'><strong>enim,</strong></span> <span class='ocrx_word' id='word_1_374' title='bbox 1251 4727 1553 4799; x_wconf 71' lang='lat' dir='ltr'><strong>respexisti;</strong></span> <span class='ocrx_word' id='word_1_375' title='bbox 1591 4726 1712 4795; x_wconf 87' lang='lat' dir='ltr'><strong>sed,</strong></span> 
     </span>
    </p>
   </div>
   <div class='ocr_carea' id='block_1_48' title="bbox 135 4820 1700 4896">
    <p class='ocr_par' dir='ltr' id='par_1_48' title="bbox 135 4820 1700 4896">
     <span class='ocr_line' id='line_1_48' title="bbox 135 4820 1700 4896; baseline -0.003 -18"><span class='ocrx_word' id='word_1_376' title='bbox 135 4825 408 4895; x_wconf 72' lang='lat' dir='ltr'><strong>despexisti</strong></span> <span class='ocrx_word' id='word_1_377' title='bbox 429 4868 445 4896; x_wconf 94' lang='lat'><strong>,</strong></span> <span class='ocrx_word' id='word_1_378' title='bbox 472 4833 525 4881; x_wconf 89' lang='lat' dir='ltr'><strong>et</strong></span> <span class='ocrx_word' id='word_1_379' title='bbox 554 4838 650 4895; x_wconf 89' lang='lat' dir='ltr'><strong>pro</strong></span> <span class='ocrx_word' id='word_1_380' title='bbox 667 4822 836 4879; x_wconf 85' lang='lat' dir='ltr'><strong>nihilo</strong></span> <span class='ocrx_word' id='word_1_381' title='bbox 863 4820 1061 4877; x_wconf 82' lang='lat' dir='ltr'><strong>duxisti</strong></span> <span class='ocrx_word' id='word_1_382' title='bbox 1080 4861 1095 4887; x_wconf 96' lang='lat'><strong>,</strong></span> <span class='ocrx_word' id='word_1_383' title='bbox 1130 4820 1466 4888; x_wconf 83' lang='lat' dir='ltr'><strong>interpretati</strong></span> <span class='ocrx_word' id='word_1_384' title='bbox 1492 4834 1700 4876; x_wconf 90' lang='lat' dir='ltr'><strong>sumus.</strong></span> 
     </span>
    </p>
   </div>
   <div class='ocr_carea' id='block_1_49' title="bbox 135 4908 1701 4983">
    <p class='ocr_par' dir='ltr' id='par_1_49' title="bbox 135 4908 1701 4983">
     <span class='ocr_line' id='line_1_49' title="bbox 135 4908 1701 4983; baseline -0.002 -15"><span class='ocrx_word' id='word_1_385' title='bbox 135 4912 252 4969; x_wconf 83' lang='lat' dir='ltr'><strong>Nisi</strong></span> <span class='ocrx_word' id='word_1_386' title='bbox 270 4914 406 4971; x_wconf 78' lang='lat' dir='ltr'><strong>forte</strong></span> <span class='ocrx_word' id='word_1_387' title='bbox 424 4957 441 4983; x_wconf 90' lang='lat'><strong>,</strong></span> <span class='ocrx_word' id='word_1_388' title='bbox 484 4920 784 4982; x_wconf 72' lang='grc' dir='ltr'><strong>ἐεοῦδένωσας</strong></span> <span class='ocrx_word' id='word_1_389' title='bbox 810 4953 826 4979; x_wconf 85' lang='grc'><em>,</em></span> <span class='ocrx_word' id='word_1_390' title='bbox 876 4926 984 4967; x_wconf 91' lang='lat' dir='ltr'><strong>non</strong></span> <span class='ocrx_word' id='word_1_391' title='bbox 1010 4910 1209 4980; x_wconf 86' lang='lat' dir='ltr'><strong>putatis</strong></span> <span class='ocrx_word' id='word_1_392' title='bbox 1237 4908 1666 4966; x_wconf 82' lang='lat' dir='ltr'><strong>transferendum</strong></span> <span class='ocrx_word' id='word_1_393' title='bbox 1686 4952 1701 4979; x_wconf 92' lang='lat'><strong>,</strong></span> 
     </span>
    </p>
   </div>
   <div class='ocr_carea' id='block_1_50' title="bbox 137 4999 1701 5075">
    <p class='ocr_par' dir='ltr' id='par_1_50' title="bbox 137 4999 1701 5075">
     <span class='ocr_line' id='line_1_50' title="bbox 137 4999 1701 5075; baseline -0.001 -18"><span class='ocrx_word' id='word_1_394' title='bbox 137 5004 453 5075; x_wconf 69' lang='lat' dir='ltr'><strong>despexisti;</strong></span> <span class='ocrx_word' id='word_1_395' title='bbox 476 5005 570 5060; x_wconf 84' lang='lat' dir='ltr'><strong>sed</strong></span> <span class='ocrx_word' id='word_1_396' title='bbox 589 5044 603 5069; x_wconf 91' lang='lat'><strong>,</strong></span> <span class='ocrx_word' id='word_1_397' title='bbox 632 5002 924 5060; x_wconf 88' lang='lat' dir='ltr'><strong>secundum</strong></span> <span class='ocrx_word' id='word_1_398' title='bbox 949 5000 1363 5057; x_wconf 88' lang='lat' dir='ltr'><strong>disertissimum</strong></span> <span class='ocrx_word' id='word_1_399' title='bbox 1388 4999 1542 5056; x_wconf 83' lang='lat' dir='ltr'><strong>istius</strong></span> <span class='ocrx_word' id='word_1_400' title='bbox 1563 5008 1701 5056; x_wconf 86' lang='lat' dir='ltr'><strong>tem-</strong></span> 
     </span>
    </p>
   </div>
   <div class='ocr_carea' id='block_1_51' title="bbox 140 5089 1712 5167">
    <p class='ocr_par' dir='ltr' id='par_1_51' title="bbox 140 5089 1712 5167">
     <span class='ocr_line' id='line_1_51' title="bbox 140 5089 1712 5167; baseline -0.004 -15"><span class='ocrx_word' id='word_1_401' title='bbox 140 5096 289 5167; x_wconf 88' lang='lat' dir='ltr'><strong>poris</strong></span> <span class='ocrx_word' id='word_1_402' title='bbox 340 5098 724 5166; x_wconf 86' lang='lat' dir='ltr'><strong>interpretem,</strong></span> <span class='ocrx_word' id='word_1_403' title='bbox 781 5092 1089 5149; x_wconf 89' lang='lat' dir='ltr'><strong>annihilasti</strong></span> <span class='ocrx_word' id='word_1_404' title='bbox 1111 5133 1127 5160; x_wconf 94' lang='lat'><strong>,</strong></span> <span class='ocrx_word' id='word_1_405' title='bbox 1158 5090 1246 5146; x_wconf 89' lang='lat' dir='ltr'><strong>vel</strong></span> <span class='ocrx_word' id='word_1_406' title='bbox 1288 5089 1552 5145; x_wconf 82' lang='lat' dir='ltr'><strong>annulasti</strong></span> <span class='ocrx_word' id='word_1_407' title='bbox 1580 5129 1599 5156; x_wconf 89' lang='lat'><strong>,</strong></span> <span class='ocrx_word' id='word_1_408' title='bbox 1627 5091 1712 5146; x_wconf 84' lang='lat' dir='ltr'><strong>vel</strong></span> 
     </span>
    </p>
   </div>
   <div class='ocr_carea' id='block_1_52' title="bbox 221 5200 1526 5274">
    <p class='ocr_par' dir='ltr' id='par_1_52' title="bbox 221 5200 1526 5274">
     <span class='ocr_line' id='line_1_52' title="bbox 221 5200 1526 5274; baseline -0.01 -12"><span class='ocrx_word' id='word_1_409' title='bbox 221 5211 274 5274; x_wconf 74' lang='grc' dir='ltr'><strong>(ι)</strong></span> <span class='ocrx_word' id='word_1_410' title='bbox 301 5209 467 5274; x_wconf 68' lang='lat' dir='ltr'><strong>yetus</strong></span> <span class='ocrx_word' id='word_1_411' title='bbox 490 5205 846 5274; x_wconf 72' lang='lat' dir='ltr'><strong>editioauobis</strong></span> <span class='ocrx_word' id='word_1_412' title='bbox 866 5209 1156 5274; x_wconf 42' lang='lat' dir='ltr'><strong>(niteretur;</strong></span> <span class='ocrx_word' id='word_1_413' title='bbox 1180 5200 1526 5274; x_wconf 29' lang='lat' dir='ltr'><strong>alsqztcritur.</strong></span> 
     </span>
    </p>
   </div>
   <div class='ocr_carea' id='block_1_53' title="bbox 220 5264 1712 5334">
    <p class='ocr_par' dir='ltr' id='par_1_53' title="bbox 220 5264 1712 5334">
     <span class='ocr_line' id='line_1_53' title="bbox 220 5264 1712 5334; baseline -0.005 -13"><span class='ocrx_word' id='word_1_414' title='bbox 220 5264 269 5334; x_wconf 72' lang='grc' dir='ltr'><strong>ὁ)</strong></span> <span class='ocrx_word' id='word_1_415' title='bbox 301 5271 454 5323; x_wconf 87' lang='lat' dir='ltr'><strong>Palat.</strong></span> <span class='ocrx_word' id='word_1_416' title='bbox 488 5267 801 5334; x_wconf 77' lang='lat' dir='ltr'><strong>emendabitis</strong></span> <span class='ocrx_word' id='word_1_417' title='bbox 816 5264 1052 5334; x_wconf 66' lang='lat' dir='ltr'><strong>errorem</strong></span> <span class='ocrx_word' id='word_1_418' title='bbox 1097 5264 1310 5334; x_wconf 80' lang='lat' dir='ltr'><strong>tibrarii_</strong></span> <span class='ocrx_word' id='word_1_419' title='bbox 1328 5264 1476 5334; x_wconf 76' lang='lat' dir='ltr'><strong>vestri</strong></span> <span class='ocrx_word' id='word_1_420' title='bbox 1532 5270 1589 5312; x_wconf 85' lang='lat' dir='ltr'><strong>In</strong></span> <span class='ocrx_word' id='word_1_421' title='bbox 1631 5272 1712 5314; x_wconf 74' lang='lat' dir='ltr'><strong>eo-</strong></span> 
     </span>
    </p>
   </div>
   <div class='ocr_carea' id='block_1_54' title="bbox 140 5327 1424 5397">
    <p class='ocr_par' dir='ltr' id='par_1_54' title="bbox 140 5327 1424 5397">
     <span class='ocr_line' id='line_1_54' title="bbox 140 5327 1424 5397; baseline -0.008 -15"><span class='ocrx_word' id='word_1_422' title='bbox 140 5327 264 5397; x_wconf 61' lang='lat' dir='ltr'><strong>dem;</strong></span> <span class='ocrx_word' id='word_1_423' title='bbox 291 5340 407 5396; x_wconf 90' lang='lat' dir='ltr'><strong>etc.,</strong></span> <span class='ocrx_word' id='word_1_424' title='bbox 432 5332 652 5397; x_wconf 75' lang='lat' dir='ltr'><strong>reliquis,</strong></span> <span class='ocrx_word' id='word_1_425' title='bbox 672 5343 792 5397; x_wconf 66' lang='lat' dir='ltr'><strong>quae</strong></span> <span class='ocrx_word' id='word_1_426' title='bbox 814 5330 1191 5397; x_wconf 68' lang='lat' dir='ltr'><strong>interseruntur,</strong></span> <span class='ocrx_word' id='word_1_427' title='bbox 1217 5327 1424 5397; x_wconf 58' lang='lat' dir='ltr'><strong>omissis.</strong></span> 
     </span>
    </p>
   </div>
   <div class='ocr_carea' id='block_1_55' title="bbox 198 5385 1713 5460">
    <p class='ocr_par' dir='ltr' id='par_1_55' title="bbox 198 5385 1713 5460">
     <span class='ocr_line' id='line_1_55' title="bbox 198 5385 1713 5460; baseline -0.005 -17"><span class='ocrx_word' id='word_1_428' title='bbox 198 5385 268 5455; x_wconf 79' lang='lat' dir='ltr'><strong>(ej</strong></span> <span class='ocrx_word' id='word_1_429' title='bbox 301 5385 607 5460; x_wconf 66' lang='lat' dir='ltr'><strong>Superest&#39;in</strong></span> <span class='ocrx_word' id='word_1_430' title='bbox 628 5385 805 5444; x_wconf 69' lang='lat' dir='ltr'><strong>Aldina</strong></span> <span class='ocrx_word' id='word_1_431' title='bbox 821 5399 874 5441; x_wconf 89' lang='lat' dir='ltr'><strong>et</strong></span> <span class='ocrx_word' id='word_1_432' title='bbox 893 5389 1133 5454; x_wconf 85' lang='lat' dir='ltr'><strong>Complut.</strong></span> <span class='ocrx_word' id='word_1_433' title='bbox 1160 5385 1525 5450; x_wconf 80' lang='lat' dir='ltr'><strong>exemplaribus</strong></span> <span class='ocrx_word' id='word_1_434' title='bbox 1547 5398 1624 5445; x_wconf 71' lang='grc' dir='ltr'><strong>ως</strong></span> <span class='ocrx_word' id='word_1_435' title='bbox 1644 5411 1713 5449; x_wconf 72' lang='grc' dir='ltr'><strong>μω</strong></span> 
     </span>
    </p>
   </div>
   <div class='ocr_carea' id='block_1_56' title="bbox 138 5467 1713 5583">
    <p class='ocr_par' dir='ltr' id='par_1_56' title="bbox 138 5467 1713 5583">
     <span class='ocr_line' id='line_1_56' title="bbox 138 5467 1713 5583; baseline -0.005 -15"><span class='ocrx_word' id='word_1_436' title='bbox 138 5467 531 5583; x_wconf 45' lang='lat' dir='ltr'><strong>ot“l&#39;gf&#39;ileuapla,</strong></span> <span class='ocrx_word' id='word_1_437' title='bbox 557 5524 829 5583; x_wconf 28' lang='lat' dir='ltr'><strong>e_t_Ave_teres</strong></span> <span class='ocrx_word' id='word_1_438' title='bbox 841 5515 979 5573; x_wconf 87' lang='lat' dir='ltr'><strong>editi,</strong></span> <span class='ocrx_word' id='word_1_439' title='bbox 1001 5527 1114 5578; x_wconf 57' lang='lat' dir='ltr'><strong>dm</strong></span> <span class='ocrx_word' id='word_1_440' title='bbox 1136 5524 1227 5583; x_wconf 73' lang='lat' dir='ltr'><strong>pro</strong></span> <span class='ocrx_word' id='word_1_441' title='bbox 1238 5524 1353 5569; x_wconf 66' lang='grc' dir='ltr'><strong>ισίοςς</strong></span> <span class='ocrx_word' id='word_1_442' title='bbox 1373 5509 1560 5583; x_wconf 55' lang='lat' dir='ltr'><strong>habent.</strong></span> <span class='ocrx_word' id='word_1_443' title='bbox 1581 5511 1713 5583; x_wconf 77' lang='lat' dir='ltr'><strong>quod</strong></span> 
     </span>
    </p>
   </div>
   <div class='ocr_carea' id='block_1_57' title="bbox 140 5571 1707 5637">
    <p class='ocr_par' dir='ltr' id='par_1_57' title="bbox 140 5571 1707 5637">
     <span class='ocr_line' id='line_1_57' title="bbox 140 5571 1707 5637; baseline -0.002 -10"><span class='ocrx_word' id='word_1_444' title='bbox 140 5571 303 5630; x_wconf 61' lang='lat' dir='ltr'><strong>vetitis</strong></span> <span class='ocrx_word' id='word_1_445' title='bbox 335 5571 542 5630; x_wconf 74' lang='lat' dir='ltr'><strong>videtur.</strong></span> <span class='ocrx_word' id='word_1_446' title='bbox 578 5579 700 5628; x_wconf 84' lang='lat' dir='ltr'><strong>Illud</strong></span> <span class='ocrx_word' id='word_1_447' title='bbox 726 5586 845 5628; x_wconf 86' lang='lat' dir='ltr'><strong>vero</strong></span> <span class='ocrx_word' id='word_1_448' title='bbox 875 5594 951 5636; x_wconf 77' lang='grc' dir='ltr'><strong>τοις</strong></span> <span class='ocrx_word' id='word_1_449' title='bbox 965 5571 1062 5635; x_wconf 53' lang='lat' dir='ltr'><strong>tot.</strong></span> <span class='ocrx_word' id='word_1_450' title='bbox 1094 5571 1178 5636; x_wconf 54' lang='lat' dir='ltr'><strong>at,</strong></span> <span class='ocrx_word' id='word_1_451' title='bbox 1214 5573 1306 5624; x_wconf 82' lang='lat' dir='ltr'><strong>hoc</strong></span> <span class='ocrx_word' id='word_1_452' title='bbox 1338 5580 1416 5623; x_wconf 84' lang='lat' dir='ltr'><strong>est</strong></span> <span class='ocrx_word' id='word_1_453' title='bbox 1445 5571 1563 5637; x_wconf 78' lang='lat' dir='ltr'><strong>ﬁliis</strong></span> <span class='ocrx_word' id='word_1_454' title='bbox 1590 5571 1707 5635; x_wconf 74' lang='lat' dir='ltr'><strong>tuis,</strong></span> 
     </span>
    </p>
   </div>
   <div class='ocr_carea' id='block_1_58' title="bbox 143 5637 1094 5692">
    <p class='ocr_par' dir='ltr' id='par_1_58' title="bbox 143 5637 1094 5692">
     <span class='ocr_line' id='line_1_58' title="bbox 143 5637 1094 5692; baseline -0.003 -2"><span class='ocrx_word' id='word_1_455' title='bbox 143 5637 410 5692; x_wconf 70' lang='lat' dir='ltr'><strong>Graecorum</strong></span> <span class='ocrx_word' id='word_1_456' title='bbox 431 5642 642 5692; x_wconf 78' lang='lat' dir='ltr'><strong>omnium</strong></span> <span class='ocrx_word' id='word_1_457' title='bbox 664 5641 879 5690; x_wconf 77' lang='lat' dir='ltr'><strong>codicum</strong></span> <span class='ocrx_word' id='word_1_458' title='bbox 902 5640 1094 5689; x_wconf 87' lang='lat' dir='ltr'><strong>dicitur.</strong></span> 
     </span>
    </p>
   </div>
   <div class='ocr_carea' id='block_1_59' title="bbox 200 5697 1701 5765">
    <p class='ocr_par' dir='ltr' id='par_1_59' title="bbox 200 5697 1701 5765">
     <span class='ocr_line' id='line_1_59' title="bbox 200 5697 1701 5765; baseline -0.004 -14"><span class='ocrx_word' id='word_1_459' title='bbox 200 5704 266 5765; x_wconf 77' lang='grc' dir='ltr'><strong>(ε)</strong></span> <span class='ocrx_word' id='word_1_460' title='bbox 300 5703 678 5765; x_wconf 77' lang='lat' dir='ltr'><strong>Emendavimus</strong></span> <span class='ocrx_word' id='word_1_461' title='bbox 710 5709 985 5751; x_wconf 84' lang='lat' dir='ltr'><strong>nostrorum</strong></span> <span class='ocrx_word' id='word_1_462' title='bbox 1022 5710 1184 5765; x_wconf 69' lang='lat' dir='ltr'><strong>exem;</strong></span> <span class='ocrx_word' id='word_1_463' title='bbox 1204 5697 1378 5765; x_wconf 67' lang='lat' dir='ltr'><strong>larium</strong></span> <span class='ocrx_word' id='word_1_464' title='bbox 1400 5698 1701 5757; x_wconf 80' lang='lat' dir='ltr'><strong>auctoritate,</strong></span> 
     </span>
    </p>
   </div>
   <div class='ocr_carea' id='block_1_60' title="bbox 143 5758 1711 5829">
    <p class='ocr_par' dir='ltr' id='par_1_60' title="bbox 143 5758 1711 5829">
     <span class='ocr_line' id='line_1_60' title="bbox 143 5758 1711 5829; baseline -0.001 -17"><span class='ocrx_word' id='word_1_465' title='bbox 143 5772 197 5812; x_wconf 79' lang='lat' dir='ltr'><strong>ac</strong></span> <span class='ocrx_word' id='word_1_466' title='bbox 209 5758 319 5825; x_wconf 73' lang='lat' dir='ltr'><strong>iide,</strong></span> <span class='ocrx_word' id='word_1_467' title='bbox 332 5764 857 5829; x_wconf 30' lang='lat' dir='ltr'><strong>quodBenedictin‘us,</strong></span> <span class='ocrx_word' id='word_1_468' title='bbox 874 5762 1140 5829; x_wconf 71' lang='lat' dir='ltr'><strong>caeterique</strong></span> <span class='ocrx_word' id='word_1_469' title='bbox 1156 5758 1376 5829; x_wconf 38' lang='lat' dir='ltr'><strong>edi-tores</strong></span> <span class='ocrx_word' id='word_1_470' title='bbox 1394 5769 1711 5829; x_wconf 61' lang='lat' dir='ltr'><strong>senatum-</strong></span> 
     </span>
    </p>
   </div>
   <div class='ocr_carea' id='block_1_61' title="bbox 140 5821 1494 5892">
    <p class='ocr_par' dir='ltr' id='par_1_61' title="bbox 140 5821 1494 5892">
     <span class='ocr_line' id='line_1_61' title="bbox 140 5821 1494 5892; baseline -0.007 -14"><span class='ocrx_word' id='word_1_471' title='bbox 140 5821 557 5892; x_wconf 66' lang='lat' dir='ltr'><strong>assecuti,&#39;supino</strong></span> <span class='ocrx_word' id='word_1_472' title='bbox 580 5838 751 5879; x_wconf 87' lang='lat' dir='ltr'><strong>errore</strong></span> <span class='ocrx_word' id='word_1_473' title='bbox 773 5825 886 5875; x_wconf 89' lang='lat' dir='ltr'><strong>heic</strong></span> <span class='ocrx_word' id='word_1_474' title='bbox 906 5821 1187 5886; x_wconf 64' lang='lat' dir='ltr'><strong>depretiant,</strong></span> <span class='ocrx_word' id='word_1_475' title='bbox 1213 5821 1494 5890; x_wconf 59' lang='lat' dir='ltr'><strong>despectis“.</strong></span> 
     </span>
    </p>
   </div>
   <div class='ocr_carea' id='block_1_62' title="bbox 1512 372 2011 451">
    <p class='ocr_par' dir='ltr' id='par_1_62' title="bbox 1512 372 2011 451">
     <span class='ocr_line' id='line_1_62' title="bbox 1512 372 2011 451; baseline -0.012 -15"><span class='ocrx_word' id='word_1_476' title='bbox 1512 372 1842 451; x_wconf 78' lang='lat' dir='ltr'><strong>EPISTOLA</strong></span> <span class='ocrx_word' id='word_1_477' title='bbox 1875 373 2011 431; x_wconf 72' lang='grc' dir='ltr'><strong>ενι.</strong></span> 
     </span>
    </p>
   </div>
   <div class='ocr_carea' id='block_1_63' title="bbox 3307 382 3419 444">
    <p class='ocr_par' dir='ltr' id='par_1_63' title="bbox 3307 382 3419 444">
     <span class='ocr_line' id='line_1_63' title="bbox 3307 382 3419 444; baseline 0 0"><span class='ocrx_word' id='word_1_478' title='bbox 3307 382 3419 444; x_wconf 73' lang='lat'><strong>858</strong></span> 
     </span>
    </p>
   </div>
   <div class='ocr_carea' id='block_1_64' title="bbox 1840 478 3441 569">
    <p class='ocr_par' dir='ltr' id='par_1_64' title="bbox 1840 478 3441 569">
     <span class='ocr_line' id='line_1_64' title="bbox 1840 478 3441 569; baseline 0.007 -24"><span class='ocrx_word' id='word_1_479' title='bbox 1840 487 2143 545; x_wconf 82' lang='lat' dir='ltr'><strong>nulliﬁcasti</strong></span> <span class='ocrx_word' id='word_1_480' title='bbox 2163 530 2179 559; x_wconf 94' lang='lat'><strong>,</strong></span> <span class='ocrx_word' id='word_1_481' title='bbox 2210 495 2266 546; x_wconf 87' lang='lat' dir='ltr'><strong>et</strong></span> <span class='ocrx_word' id='word_1_482' title='bbox 2294 502 2343 546; x_wconf 90' lang='lat' dir='ltr'><strong>st</strong></span> <span class='ocrx_word' id='word_1_483' title='bbox 2367 500 2472 561; x_wconf 83' lang='lat' dir='ltr'><strong>qua</strong></span> <span class='ocrx_word' id='word_1_484' title='bbox 2496 478 2607 547; x_wconf 81' lang='lat' dir='ltr'><strong>alia</strong></span> <span class='ocrx_word' id='word_1_485' title='bbox 2624 488 2855 563; x_wconf 83' lang='lat' dir='ltr'><strong>possunt</strong></span> <span class='ocrx_word' id='word_1_486' title='bbox 2883 486 3112 552; x_wconf 84' lang='lat' dir='ltr'><strong>inveniri</strong></span> <span class='ocrx_word' id='word_1_487' title='bbox 3132 494 3272 569; x_wconf 81' lang='lat' dir='ltr'><strong>apud</strong></span> <span class='ocrx_word' id='word_1_488' title='bbox 3297 496 3405 556; x_wconf 83' lang='lat' dir='ltr'><strong>lm-</strong></span> <span class='ocrx_word' id='word_1_489' title='bbox 3438 532 3441 535; x_wconf 54' lang='grc' dir='ltr'>λ</span> 
     </span>
    </p>
   </div>
   <div class='ocr_carea' id='block_1_65' title="bbox 1841 581 2637 651">
    <p class='ocr_par' dir='ltr' id='par_1_65' title="bbox 1841 581 2637 651">
     <span class='ocr_line' id='line_1_65' title="bbox 1841 581 2637 651; baseline 0.003 -16"><span class='ocrx_word' id='word_1_490' title='bbox 1841 581 2040 651; x_wconf 89' lang='lat' dir='ltr'><strong>peritos</strong></span> <span class='ocrx_word' id='word_1_491' title='bbox 2069 588 2309 651; x_wconf 88' lang='lat' dir='ltr'><strong>portenta</strong></span> <span class='ocrx_word' id='word_1_492' title='bbox 2335 583 2637 639; x_wconf 71' lang='lat' dir='ltr'><strong>verberum.</strong></span> 
     </span>
    </p>
   </div>
   <div class='ocr_carea' id='block_1_66' title="bbox 1911 673 3407 751">
    <p class='ocr_par' dir='ltr' id='par_1_66' title="bbox 1911 673 3407 751">
     <span class='ocr_line' id='line_1_66' title="bbox 1911 673 3407 751; baseline 0.009 -23"><span class='ocrx_word' id='word_1_493' title='bbox 1911 673 1999 728; x_wconf 82' lang='lat'><strong>58.</strong></span> <span class='ocrx_word' id='word_1_494' title='bbox 2033 674 2372 745; x_wconf 83' lang='lat' dir='ltr'><strong>Octogesimo</strong></span> <span class='ocrx_word' id='word_1_495' title='bbox 2394 687 2579 730; x_wconf 81' lang='lat' dir='ltr'><strong>nono:</strong></span> <span class='ocrx_word' id='word_1_496' title='bbox 2612 674 2656 730; x_wconf 79' lang='grc' dir='ltr'><strong><em>Α</em></strong></span> <span class='ocrx_word' id='word_1_497' title='bbox 2683 678 2852 732; x_wconf 85' lang='lat' dir='ltr'><strong>seculo</strong></span> <span class='ocrx_word' id='word_1_498' title='bbox 2878 686 2925 734; x_wconf 89' lang='lat' dir='ltr'><strong>et</strong></span> <span class='ocrx_word' id='word_1_499' title='bbox 2951 694 3107 751; x_wconf 85' lang='lat' dir='ltr'><strong>usque</strong></span> <span class='ocrx_word' id='word_1_500' title='bbox 3155 683 3209 738; x_wconf 85' lang='lat' dir='ltr'><strong>in</strong></span> <span class='ocrx_word' id='word_1_501' title='bbox 3260 696 3407 742; x_wconf 71' lang='lat' dir='ltr'><strong>secu-</strong></span> 
     </span>
    </p>
   </div>
   <div class='ocr_carea' id='block_1_67' title="bbox 1842 763 3412 845">
    <p class='ocr_par' dir='ltr' id='par_1_67' title="bbox 1842 763 3412 845">
     <span class='ocr_line' id='line_1_67' title="bbox 1842 763 3412 845; baseline 0.01 -28"><span class='ocrx_word' id='word_1_502' title='bbox 1842 764 1947 818; x_wconf 88' lang='lat' dir='ltr'><strong>lum</strong></span> <span class='ocrx_word' id='word_1_503' title='bbox 2003 775 2059 819; x_wconf 88' lang='lat' dir='ltr'><strong>lu</strong></span> <span class='ocrx_word' id='word_1_504' title='bbox 2108 783 2160 822; x_wconf 90' lang='lat' dir='ltr'><strong>es</strong></span> <span class='ocrx_word' id='word_1_505' title='bbox 2210 763 2351 822; x_wconf 86' lang='lat' dir='ltr'><strong>Deus</strong></span> <span class='ocrx_word' id='word_1_506' title='bbox 2397 764 2569 841; x_wconf 65' lang='grc' dir='ltr'><strong>(υκαι.</strong></span> <span class='ocrx_word' id='word_1_507' title='bbox 2612 764 2704 824; x_wconf 87' lang='lat'><strong>89.</strong></span> <span class='ocrx_word' id='word_1_508' title='bbox 2726 766 2806 842; x_wconf 73' lang='lat'><strong>2).</strong></span> <span class='ocrx_word' id='word_1_509' title='bbox 2847 768 2915 825; x_wconf 86' lang='lat' dir='ltr'><strong>Et</strong></span> <span class='ocrx_word' id='word_1_510' title='bbox 2935 770 3112 828; x_wconf 85' lang='lat' dir='ltr'><strong>dicitis</strong></span> <span class='ocrx_word' id='word_1_511' title='bbox 3167 776 3310 845; x_wconf 87' lang='lat' dir='ltr'><strong>quod</strong></span> <span class='ocrx_word' id='word_1_512' title='bbox 3356 777 3412 833; x_wconf 85' lang='lat' dir='ltr'><strong>in</strong></span> 
     </span>
    </p>
   </div>
   <div class='ocr_carea' id='block_1_68' title="bbox 1840 855 3417 930">
    <p class='ocr_par' dir='ltr' id='par_1_68' title="bbox 1840 855 3417 930">
     <span class='ocr_line' id='line_1_68' title="bbox 1840 855 3417 930; baseline 0.006 -17"><span class='ocrx_word' id='word_1_513' title='bbox 1840 855 2028 913; x_wconf 66' lang='lat' dir='ltr'><strong>Graeco</strong></span> <span class='ocrx_word' id='word_1_514' title='bbox 2054 871 2160 912; x_wconf 88' lang='lat' dir='ltr'><strong>non</strong></span> <span class='ocrx_word' id='word_1_515' title='bbox 2190 857 2298 925; x_wconf 90' lang='lat' dir='ltr'><strong>sit,</strong></span> <span class='ocrx_word' id='word_1_516' title='bbox 2332 857 2489 914; x_wconf 86' lang='lat' dir='ltr'><strong>Deus.</strong></span> <span class='ocrx_word' id='word_1_517' title='bbox 2522 858 2675 926; x_wconf 70' lang='grc' dir='ltr'><strong>ρυοά</strong></span> <span class='ocrx_word' id='word_1_518' title='bbox 2700 859 2841 930; x_wconf 92' lang='lat' dir='ltr'><strong>apud</strong></span> <span class='ocrx_word' id='word_1_519' title='bbox 2888 876 2983 918; x_wconf 90' lang='lat' dir='ltr'><strong>eos</strong></span> <span class='ocrx_word' id='word_1_520' title='bbox 3024 878 3146 920; x_wconf 88' lang='lat' dir='ltr'><strong>esse</strong></span> <span class='ocrx_word' id='word_1_521' title='bbox 3185 867 3417 923; x_wconf 61' lang='lat' dir='ltr'><strong>monile»</strong></span> 
     </span>
    </p>
   </div>
   <div class='ocr_carea' id='block_1_69' title="bbox 1839 947 3417 1018">
    <p class='ocr_par' dir='ltr' id='par_1_69' title="bbox 1839 947 3417 1018">
     <span class='ocr_line' id='line_1_69' title="bbox 1839 947 3417 1018; baseline 0.006 -13"><span class='ocrx_word' id='word_1_522' title='bbox 1839 954 1985 1005; x_wconf 89' lang='lat' dir='ltr'><strong>stum</strong></span> <span class='ocrx_word' id='word_1_523' title='bbox 2033 956 2137 1004; x_wconf 90' lang='lat' dir='ltr'><strong>est.</strong></span> <span class='ocrx_word' id='word_1_524' title='bbox 2182 947 2315 1004; x_wconf 86' lang='lat' dir='ltr'><strong>Nam</strong></span> <span class='ocrx_word' id='word_1_525' title='bbox 2360 958 2417 1005; x_wconf 86' lang='lat' dir='ltr'><strong>et</strong></span> <span class='ocrx_word' id='word_1_526' title='bbox 2448 948 2768 1006; x_wconf 79' lang='lat' dir='ltr'><strong>Hebraicum</strong></span> <span class='ocrx_word' id='word_1_527' title='bbox 2794 951 2974 1018; x_wconf 83' lang='lat' dir='ltr'><strong>habet,</strong></span> <span class='ocrx_word' id='word_1_528' title='bbox 3016 961 3072 1009; x_wconf 89' lang='lat' dir='ltr'><strong>et</strong></span> <span class='ocrx_word' id='word_1_529' title='bbox 3113 969 3297 1012; x_wconf 89' lang='lat' dir='ltr'><strong>omnes</strong></span> <span class='ocrx_word' id='word_1_530' title='bbox 3325 958 3417 1014; x_wconf 84' lang='lat' dir='ltr'><strong>alii</strong></span> 
     </span>
    </p>
   </div>
   <div class='ocr_carea' id='block_1_70' title="bbox 1840 1034 3447 1115">
    <p class='ocr_par' dir='ltr' id='par_1_70' title="bbox 1840 1034 3447 1115">
     <span class='ocr_line' id='line_1_70' title="bbox 1840 1034 3447 1115; baseline 0.008 -21"><span class='ocrx_word' id='word_1_531' title='bbox 1840 1039 2193 1110; x_wconf 86' lang='lat' dir='ltr'><strong>interpretes,</strong></span> <span class='ocrx_word' id='word_1_532' title='bbox 2234 1049 2288 1096; x_wconf 88' lang='lat' dir='ltr'><strong>et</strong></span> <span class='ocrx_word' id='word_1_533' title='bbox 2335 1039 2414 1113; x_wconf 81' lang='lat' dir='ltr'><strong>(f)</strong></span> <span class='ocrx_word' id='word_1_534' title='bbox 2459 1034 2803 1115; x_wconf 79' lang='lat' dir='ltr'><strong>Septuaginta</strong></span> <span class='ocrx_word' id='word_1_535' title='bbox 2849 1044 3098 1102; x_wconf 87' lang='lat' dir='ltr'><strong>similiter</strong></span> <span class='ocrx_word' id='word_1_536' title='bbox 3124 1050 3447 1106; x_wconf 58' lang='lat' dir='ltr'><strong>transtuler</strong></span> 
     </span>
    </p>
   </div>
   <div class='ocr_carea' id='block_1_71' title="bbox 1839 1130 3415 1208">
    <p class='ocr_par' dir='ltr' id='par_1_71' title="bbox 1839 1130 3415 1208">
     <span class='ocr_line' id='line_1_71' title="bbox 1839 1130 3415 1208; baseline 0.006 -25"><span class='ocrx_word' id='word_1_537' title='bbox 1839 1138 1998 1195; x_wconf 87' lang='lat' dir='ltr'><strong>runt,</strong></span> <span class='ocrx_word' id='word_1_538' title='bbox 2025 1130 2125 1184; x_wconf 73' lang='grc' dir='ltr'><strong><em>ἆπὸ</em></strong></span> <span class='ocrx_word' id='word_1_539' title='bbox 2151 1140 2233 1184; x_wconf 86' lang='grc' dir='ltr'><strong>τοῦ</strong></span> <span class='ocrx_word' id='word_1_540' title='bbox 2261 1139 2450 1197; x_wconf 74' lang='grc' dir='ltr'><strong>αἰῶνος,</strong></span> <span class='ocrx_word' id='word_1_541' title='bbox 2488 1154 2569 1185; x_wconf 79' lang='grc' dir='ltr'><strong>και</strong></span> <span class='ocrx_word' id='word_1_542' title='bbox 2590 1136 2675 1193; x_wconf 62' lang='lat' dir='ltr'><strong>Io»;</strong></span> <span class='ocrx_word' id='word_1_543' title='bbox 2721 1136 2805 1188; x_wconf 71' lang='grc' dir='ltr'><strong>τοῖο</strong></span> <span class='ocrx_word' id='word_1_544' title='bbox 2827 1138 2993 1196; x_wconf 75' lang='grc' dir='ltr'><strong>αἰῶνος</strong></span> <span class='ocrx_word' id='word_1_545' title='bbox 3036 1143 3092 1189; x_wconf 80' lang='grc' dir='ltr'><strong>σὺ</strong></span> <span class='ocrx_word' id='word_1_546' title='bbox 3115 1141 3165 1191; x_wconf 73' lang='grc' dir='ltr'><strong>ατ</strong></span> <span class='ocrx_word' id='word_1_547' title='bbox 3207 1144 3233 1191; x_wconf 74' lang='grc' dir='ltr'><strong><em>ὁ</em></strong></span> <span class='ocrx_word' id='word_1_548' title='bbox 3257 1142 3373 1201; x_wconf 71' lang='grc' dir='ltr'><strong>Θεὸς</strong></span> <span class='ocrx_word' id='word_1_549' title='bbox 3396 1180 3415 1208; x_wconf 81' lang='lat'><strong>,</strong></span> 
     </span>
    </p>
   </div>
   <div class='ocr_carea' id='block_1_72' title="bbox 1839 1214 3416 1294">
    <p class='ocr_par' dir='ltr' id='par_1_72' title="bbox 1839 1214 3416 1294">
     <span class='ocr_line' id='line_1_72' title="bbox 1839 1214 3416 1294; baseline 0.005 -20"><span class='ocrx_word' id='word_1_550' title='bbox 1839 1216 1981 1290; x_wconf 92' lang='lat' dir='ltr'><strong>quod</strong></span> <span class='ocrx_word' id='word_1_551' title='bbox 2013 1214 2274 1276; x_wconf 80' lang='lat' dir='ltr'><strong>Hebraice</strong></span> <span class='ocrx_word' id='word_1_552' title='bbox 2304 1220 2502 1277; x_wconf 82' lang='lat' dir='ltr'><strong>dicitur</strong></span> <span class='ocrx_word' id='word_1_553' title='bbox 2574 1218 2737 1294; x_wconf 58' lang='lat' dir='ltr'><strong>6m</strong></span> <span class='ocrx_word' id='word_1_554' title='bbox 2808 1237 3022 1280; x_wconf 76' lang='lat' dir='ltr'><strong>IEOLAI</strong></span> <span class='ocrx_word' id='word_1_555' title='bbox 3048 1238 3284 1281; x_wconf 73' lang='lat' dir='ltr'><strong>Ito-ou-</strong></span> <span class='ocrx_word' id='word_1_556' title='bbox 3310 1241 3416 1283; x_wconf 77' lang='lat' dir='ltr'><strong>ms</strong></span> 
     </span>
    </p>
   </div>
   <div class='ocr_carea' id='block_1_73' title="bbox 1838 1306 3404 1385">
    <p class='ocr_par' dir='ltr' id='par_1_73' title="bbox 1838 1306 3404 1385">
     <span class='ocr_line' id='line_1_73' title="bbox 1838 1306 3404 1385; baseline 0.004 -20"><span class='ocrx_word' id='word_1_557' title='bbox 1838 1325 1925 1365; x_wconf 72' lang='grc' dir='ltr'><strong>ει..</strong></span> <span class='ocrx_word' id='word_1_558' title='bbox 1973 1306 2031 1364; x_wconf 88' lang='lat' dir='ltr'><strong>lu</strong></span> <span class='ocrx_word' id='word_1_559' title='bbox 2080 1310 2306 1366; x_wconf 88' lang='lat' dir='ltr'><strong>eodem:</strong></span> <span class='ocrx_word' id='word_1_560' title='bbox 2338 1310 2591 1378; x_wconf 80' lang='lat' dir='ltr'><strong>Quoniam</strong></span> <span class='ocrx_word' id='word_1_561' title='bbox 2628 1315 2911 1384; x_wconf 83' lang='lat' dir='ltr'><strong>supervenit</strong></span> <span class='ocrx_word' id='word_1_562' title='bbox 2962 1316 3326 1385; x_wconf 78' lang='lat' dir='ltr'><strong>mansuetudo,</strong></span> <span class='ocrx_word' id='word_1_563' title='bbox 3347 1325 3404 1372; x_wconf 72' lang='lat' dir='ltr'><strong>et</strong></span> 
     </span>
    </p>
   </div>
   <div class='ocr_carea' id='block_1_74' title="bbox 1839 1398 3412 1474">
    <p class='ocr_par' dir='ltr' id='par_1_74' title="bbox 1839 1398 3412 1474">
     <span class='ocr_line' id='line_1_74' title="bbox 1839 1398 3412 1474; baseline 0.007 -19"><span class='ocrx_word' id='word_1_564' title='bbox 1839 1401 2169 1472; x_wconf 83' lang='lat' dir='ltr'><strong>corripiemur</strong></span> <span class='ocrx_word' id='word_1_565' title='bbox 2191 1401 2350 1474; x_wconf 79' lang='lat' dir='ltr'><strong>(Ibid.</strong></span> <span class='ocrx_word' id='word_1_566' title='bbox 2382 1398 2496 1474; x_wconf 91' lang='grc'><strong>10).</strong></span> <span class='ocrx_word' id='word_1_567' title='bbox 2527 1403 2585 1460; x_wconf 81' lang='lat' dir='ltr'><strong>in</strong></span> <span class='ocrx_word' id='word_1_568' title='bbox 2604 1404 2793 1461; x_wconf 71' lang='lat' dir='ltr'><strong>Graeco</strong></span> <span class='ocrx_word' id='word_1_569' title='bbox 2812 1406 3079 1463; x_wconf 85' lang='lat' dir='ltr'><strong>invenisse</strong></span> <span class='ocrx_word' id='word_1_570' title='bbox 3094 1422 3190 1464; x_wconf 88' lang='lat' dir='ltr'><strong>vos</strong></span> <span class='ocrx_word' id='word_1_571' title='bbox 3215 1408 3412 1467; x_wconf 83' lang='lat' dir='ltr'><strong>dicitis:</strong></span> 
     </span>
    </p>
   </div>
   <div class='ocr_carea' id='block_1_75' title="bbox 1839 1492 3410 1572">
    <p class='ocr_par' dir='ltr' id='par_1_75' title="bbox 1839 1492 3410 1572">
     <span class='ocr_line' id='line_1_75' title="bbox 1839 1492 3410 1572; baseline 0.005 -23"><span class='ocrx_word' id='word_1_572' title='bbox 1839 1492 2178 1549; x_wconf 75' lang='lat' dir='ltr'><strong>Mansuetudo</strong></span> <span class='ocrx_word' id='word_1_573' title='bbox 2205 1506 2357 1566; x_wconf 83' lang='lat' dir='ltr'><strong>super</strong></span> <span class='ocrx_word' id='word_1_574' title='bbox 2377 1510 2467 1551; x_wconf 85' lang='lat' dir='ltr'><strong>nos</strong></span> <span class='ocrx_word' id='word_1_575' title='bbox 2492 1508 2510 1551; x_wconf 86' lang='lat'><strong><em>:</em></strong></span> <span class='ocrx_word' id='word_1_576' title='bbox 2539 1497 2632 1554; x_wconf 90' lang='lat' dir='ltr'><strong>sed</strong></span> <span class='ocrx_word' id='word_1_577' title='bbox 2653 1508 2706 1553; x_wconf 90' lang='lat' dir='ltr'><strong>et</strong></span> <span class='ocrx_word' id='word_1_578' title='bbox 2731 1496 2834 1555; x_wconf 91' lang='lat' dir='ltr'><strong>hoc</strong></span> <span class='ocrx_word' id='word_1_579' title='bbox 2850 1497 2928 1572; x_wconf 85' lang='lat' dir='ltr'><strong>(g)</strong></span> <span class='ocrx_word' id='word_1_580' title='bbox 2958 1501 3285 1572; x_wconf 88' lang='lat' dir='ltr'><strong>superﬂuum</strong></span> <span class='ocrx_word' id='word_1_581' title='bbox 3306 1513 3410 1560; x_wconf 87' lang='lat' dir='ltr'><strong>est.</strong></span> 
     </span>
    </p>
   </div>
   <div class='ocr_carea' id='block_1_76' title="bbox 1908 1584 3446 1664">
    <p class='ocr_par' dir='ltr' id='par_1_76' title="bbox 1908 1584 3446 1664">
     <span class='ocr_line' id='line_1_76' title="bbox 1908 1584 3446 1664; baseline 0.006 -21"><span class='ocrx_word' id='word_1_582' title='bbox 1908 1586 1998 1643; x_wconf 83' lang='lat'><strong>59.</strong></span> <span class='ocrx_word' id='word_1_583' title='bbox 2047 1586 2401 1658; x_wconf 81' lang='lat' dir='ltr'><strong>Nonagesimo</strong></span> <span class='ocrx_word' id='word_1_584' title='bbox 2437 1586 2622 1644; x_wconf 84' lang='lat' dir='ltr'><strong>:Dicet</strong></span> <span class='ocrx_word' id='word_1_585' title='bbox 2665 1586 2921 1657; x_wconf 85' lang='lat' dir='ltr'><strong>Domino,</strong></span> <span class='ocrx_word' id='word_1_586' title='bbox 2971 1604 3229 1664; x_wconf 83' lang='lat' dir='ltr'><strong>susceptor</strong></span> <span class='ocrx_word' id='word_1_587' title='bbox 3274 1584 3446 1651; x_wconf 44' lang='lat' dir='ltr'><strong>meus‘</strong></span> 
     </span>
    </p>
   </div>
   <div class='ocr_carea' id='block_1_77' title="bbox 1836 1674 3415 1754">
    <p class='ocr_par' dir='ltr' id='par_1_77' title="bbox 1836 1674 3415 1754">
     <span class='ocr_line' id='line_1_77' title="bbox 1836 1674 3415 1754; baseline 0.006 -24"><span class='ocrx_word' id='word_1_588' title='bbox 1836 1691 1889 1731; x_wconf 90' lang='lat' dir='ltr'><strong>es</strong></span> <span class='ocrx_word' id='word_1_589' title='bbox 1914 1685 1970 1730; x_wconf 88' lang='lat' dir='ltr'><strong>tu</strong></span> <span class='ocrx_word' id='word_1_590' title='bbox 1994 1675 2115 1747; x_wconf 85' lang='lat' dir='ltr'><strong>(Ps.</strong></span> <span class='ocrx_word' id='word_1_591' title='bbox 2145 1674 2235 1754; x_wconf 69' lang='lat' dir='ltr'><strong>9t).</strong></span> <span class='ocrx_word' id='word_1_592' title='bbox 2263 1676 2346 1748; x_wconf 73' lang='lat'><strong>2).</strong></span> <span class='ocrx_word' id='word_1_593' title='bbox 2370 1675 2440 1732; x_wconf 89' lang='lat' dir='ltr'><strong>Et</strong></span> <span class='ocrx_word' id='word_1_594' title='bbox 2475 1677 2651 1734; x_wconf 87' lang='lat' dir='ltr'><strong>dicitis</strong></span> <span class='ocrx_word' id='word_1_595' title='bbox 2681 1678 2825 1750; x_wconf 90' lang='lat' dir='ltr'><strong>quod</strong></span> <span class='ocrx_word' id='word_1_596' title='bbox 2853 1681 2905 1735; x_wconf 88' lang='lat' dir='ltr'><strong>in</strong></span> <span class='ocrx_word' id='word_1_597' title='bbox 2934 1679 3159 1750; x_wconf 61' lang='lat' dir='ltr'><strong>Graeco,</strong></span> <span class='ocrx_word' id='word_1_598' title='bbox 3186 1698 3273 1750; x_wconf 84' lang='lat' dir='ltr'><strong>es,</strong></span> <span class='ocrx_word' id='word_1_599' title='bbox 3304 1694 3415 1740; x_wconf 86' lang='lat' dir='ltr'><strong>non</strong></span> 
     </span>
    </p>
   </div>
   <div class='ocr_carea' id='block_1_78' title="bbox 1836 1756 3418 1843">
    <p class='ocr_par' dir='ltr' id='par_1_78' title="bbox 1836 1756 3418 1843">
     <span class='ocr_line' id='line_1_78' title="bbox 1836 1756 3418 1843; baseline 0.006 -22"><span class='ocrx_word' id='word_1_600' title='bbox 1836 1765 2053 1822; x_wconf 82' lang='lat' dir='ltr'><strong>habeat.</strong></span> <span class='ocrx_word' id='word_1_601' title='bbox 2078 1756 2194 1837; x_wconf 80' lang='lat' dir='ltr'><strong>Ego</strong></span> <span class='ocrx_word' id='word_1_602' title='bbox 2220 1766 2370 1823; x_wconf 82' lang='lat' dir='ltr'><strong>vobis</strong></span> <span class='ocrx_word' id='word_1_603' title='bbox 2399 1767 2629 1838; x_wconf 85' lang='lat' dir='ltr'><strong>amplius</strong></span> <span class='ocrx_word' id='word_1_604' title='bbox 2680 1770 2852 1825; x_wconf 89' lang='lat' dir='ltr'><strong>dicam</strong></span> <span class='ocrx_word' id='word_1_605' title='bbox 2874 1811 2890 1839; x_wconf 93' lang='lat'><strong>,</strong></span> <span class='ocrx_word' id='word_1_606' title='bbox 2940 1770 3084 1842; x_wconf 87' lang='lat' dir='ltr'><strong>quod</strong></span> <span class='ocrx_word' id='word_1_607' title='bbox 3122 1774 3261 1843; x_wconf 82' lang='lat' dir='ltr'><strong>apud</strong></span> <span class='ocrx_word' id='word_1_608' title='bbox 3309 1775 3418 1831; x_wconf 71' lang='lat' dir='ltr'><strong>ﬂe~</strong></span> 
     </span>
    </p>
   </div>
   <div class='ocr_carea' id='block_1_79' title="bbox 1836 1856 3418 1936">
    <p class='ocr_par' dir='ltr' id='par_1_79' title="bbox 1836 1856 3418 1936">
     <span class='ocr_line' id='line_1_79' title="bbox 1836 1856 3418 1936; baseline 0.005 -23"><span class='ocrx_word' id='word_1_609' title='bbox 1836 1857 2011 1913; x_wconf 68' lang='lat' dir='ltr'><strong>braeos</strong></span> <span class='ocrx_word' id='word_1_610' title='bbox 2059 1871 2160 1914; x_wconf 90' lang='lat' dir='ltr'><strong>nec</strong></span> <span class='ocrx_word' id='word_1_611' title='bbox 2205 1873 2256 1913; x_wconf 86' lang='lat' dir='ltr'><strong>es</strong></span> <span class='ocrx_word' id='word_1_612' title='bbox 2280 1899 2294 1924; x_wconf 91' lang='lat'><strong>,</strong></span> <span class='ocrx_word' id='word_1_613' title='bbox 2338 1856 2573 1926; x_wconf 84' lang='lat' dir='ltr'><strong>habeat,</strong></span> <span class='ocrx_word' id='word_1_614' title='bbox 2628 1872 2730 1915; x_wconf 89' lang='lat' dir='ltr'><strong>nec</strong></span> <span class='ocrx_word' id='word_1_615' title='bbox 2760 1869 2852 1926; x_wconf 89' lang='lat' dir='ltr'><strong>tu;</strong></span> <span class='ocrx_word' id='word_1_616' title='bbox 2894 1859 2990 1917; x_wconf 90' lang='lat' dir='ltr'><strong>sed</strong></span> <span class='ocrx_word' id='word_1_617' title='bbox 3020 1863 3159 1933; x_wconf 87' lang='lat' dir='ltr'><strong>apud</strong></span> <span class='ocrx_word' id='word_1_618' title='bbox 3183 1864 3418 1936; x_wconf 84' lang='lat' dir='ltr'><strong>Septua-</strong></span> 
     </span>
    </p>
   </div>
   <div class='ocr_carea' id='block_1_80' title="bbox 1834 1944 3414 2027">
    <p class='ocr_par' dir='ltr' id='par_1_80' title="bbox 1834 1944 3414 2027">
     <span class='ocr_line' id='line_1_80' title="bbox 1834 1944 3414 2027; baseline 0.006 -22"><span class='ocrx_word' id='word_1_619' title='bbox 1834 1949 2016 2022; x_wconf 75' lang='lat' dir='ltr'><strong>ginta,</strong></span> <span class='ocrx_word' id='word_1_620' title='bbox 2065 1957 2120 2006; x_wconf 91' lang='lat' dir='ltr'><strong>et</strong></span> <span class='ocrx_word' id='word_1_621' title='bbox 2170 1951 2308 2022; x_wconf 89' lang='lat' dir='ltr'><strong>apud</strong></span> <span class='ocrx_word' id='word_1_622' title='bbox 2357 1944 2576 2009; x_wconf 85' lang='lat' dir='ltr'><strong>Latinos</strong></span> <span class='ocrx_word' id='word_1_623' title='bbox 2624 1967 2723 2024; x_wconf 88' lang='lat' dir='ltr'><strong>pro</strong></span> <span class='ocrx_word' id='word_1_624' title='bbox 2746 1958 2979 2027; x_wconf 68' lang='grc' dir='ltr'><strong>εὐφωνίᾳ,</strong></span> <span class='ocrx_word' id='word_1_625' title='bbox 3032 1964 3092 2012; x_wconf 87' lang='lat' dir='ltr'><strong>et</strong></span> <span class='ocrx_word' id='word_1_626' title='bbox 3127 1956 3414 2015; x_wconf 83' lang='lat' dir='ltr'><strong>verborum</strong></span> 
     </span>
    </p>
   </div>
   <div class='ocr_carea' id='block_1_81' title="bbox 1837 2043 2600 2113">
    <p class='ocr_par' dir='ltr' id='par_1_81' title="bbox 1837 2043 2600 2113">
     <span class='ocr_line' id='line_1_81' title="bbox 1837 2043 2600 2113; baseline 0 -14"><span class='ocrx_word' id='word_1_627' title='bbox 1837 2043 2221 2112; x_wconf 86' lang='lat' dir='ltr'><strong>consequentia</strong></span> <span class='ocrx_word' id='word_1_628' title='bbox 2248 2044 2481 2113; x_wconf 84' lang='lat' dir='ltr'><strong>positum</strong></span> <span class='ocrx_word' id='word_1_629' title='bbox 2510 2043 2600 2100; x_wconf 87' lang='lat' dir='ltr'><strong>sit.</strong></span> 
     </span>
    </p>
   </div>
   <div class='ocr_carea' id='block_1_82' title="bbox 1909 2126 3410 2212">
    <p class='ocr_par' dir='ltr' id='par_1_82' title="bbox 1909 2126 3410 2212">
     <span class='ocr_line' id='line_1_82' title="bbox 1909 2126 3410 2212; baseline 0.005 -21"><span class='ocrx_word' id='word_1_630' title='bbox 1909 2134 1998 2191; x_wconf 86' lang='lat'><strong>60.</strong></span> <span class='ocrx_word' id='word_1_631' title='bbox 2024 2126 2386 2207; x_wconf 72' lang='lat' dir='ltr'><strong>Nonagesimo</strong></span> <span class='ocrx_word' id='word_1_632' title='bbox 2416 2137 2581 2193; x_wconf 88' lang='lat' dir='ltr'><strong>tertio</strong></span> <span class='ocrx_word' id='word_1_633' title='bbox 2600 2180 2615 2205; x_wconf 91' lang='lat'><strong>,</strong></span> <span class='ocrx_word' id='word_1_634' title='bbox 2642 2128 2831 2194; x_wconf 83' lang='lat' dir='ltr'><strong>Beatus</strong></span> <span class='ocrx_word' id='word_1_635' title='bbox 2858 2138 3007 2195; x_wconf 84' lang='lat' dir='ltr'><strong>homo</strong></span> <span class='ocrx_word' id='word_1_636' title='bbox 3034 2156 3181 2212; x_wconf 86' lang='lat' dir='ltr'><strong>quem</strong></span> <span class='ocrx_word' id='word_1_637' title='bbox 3209 2152 3263 2197; x_wconf 86' lang='lat' dir='ltr'><strong>tu</strong></span> <span class='ocrx_word' id='word_1_638' title='bbox 3293 2158 3410 2200; x_wconf 83' lang='lat' dir='ltr'><strong>eru-</strong></span> 
     </span>
    </p>
   </div>
   <div class='ocr_carea' id='block_1_83' title="bbox 1837 2224 3413 2301">
    <p class='ocr_par' dir='ltr' id='par_1_83' title="bbox 1837 2224 3413 2301">
     <span class='ocr_line' id='line_1_83' title="bbox 1837 2224 3413 2301; baseline 0.006 -20"><span class='ocrx_word' id='word_1_639' title='bbox 1837 2226 2022 2294; x_wconf 87' lang='lat' dir='ltr'><strong>dieris,</strong></span> <span class='ocrx_word' id='word_1_640' title='bbox 2054 2225 2271 2282; x_wconf 87' lang='lat' dir='ltr'><strong>Domine</strong></span> <span class='ocrx_word' id='word_1_641' title='bbox 2321 2225 2492 2295; x_wconf 88' lang='lat' dir='ltr'><strong>(Psal.</strong></span> <span class='ocrx_word' id='word_1_642' title='bbox 2528 2227 2618 2285; x_wconf 76' lang='lat'><strong>93.</strong></span> <span class='ocrx_word' id='word_1_643' title='bbox 2651 2224 2763 2301; x_wconf 72' lang='lat' dir='ltr'><strong>l2).</strong></span> <span class='ocrx_word' id='word_1_644' title='bbox 2800 2228 2987 2286; x_wconf 83' lang='lat' dir='ltr'><strong>Dicitis</strong></span> <span class='ocrx_word' id='word_1_645' title='bbox 3013 2230 3067 2287; x_wconf 87' lang='lat' dir='ltr'><strong>in</strong></span> <span class='ocrx_word' id='word_1_646' title='bbox 3091 2233 3280 2291; x_wconf 68' lang='grc' dir='ltr'><strong>6νώοο</strong></span> <span class='ocrx_word' id='word_1_647' title='bbox 3306 2249 3413 2290; x_wconf 91' lang='lat' dir='ltr'><strong>non</strong></span> 
     </span>
    </p>
   </div>
   <div class='ocr_carea' id='block_1_84' title="bbox 1838 2318 3411 2398">
    <p class='ocr_par' dir='ltr' id='par_1_84' title="bbox 1838 2318 3411 2398">
     <span class='ocr_line' id='line_1_84' title="bbox 1838 2318 3411 2398; baseline 0.004 -22"><span class='ocrx_word' id='word_1_648' title='bbox 1838 2318 1990 2387; x_wconf 69' lang='lat' dir='ltr'><strong>eSse,</strong></span> <span class='ocrx_word' id='word_1_649' title='bbox 2039 2329 2218 2376; x_wconf 87' lang='lat' dir='ltr'><strong>tu:et</strong></span> <span class='ocrx_word' id='word_1_650' title='bbox 2269 2332 2451 2376; x_wconf 87' lang='lat' dir='ltr'><strong>verum</strong></span> <span class='ocrx_word' id='word_1_651' title='bbox 2478 2329 2593 2388; x_wconf 87' lang='lat' dir='ltr'><strong>est;</strong></span> <span class='ocrx_word' id='word_1_652' title='bbox 2641 2318 2737 2377; x_wconf 88' lang='lat' dir='ltr'><strong>sed</strong></span> <span class='ocrx_word' id='word_1_653' title='bbox 2762 2321 2901 2391; x_wconf 87' lang='lat' dir='ltr'><strong>apud</strong></span> <span class='ocrx_word' id='word_1_654' title='bbox 2926 2321 3143 2379; x_wconf 83' lang='lat' dir='ltr'><strong>Latinos</strong></span> <span class='ocrx_word' id='word_1_655' title='bbox 3188 2334 3411 2398; x_wconf 78' lang='lat' dir='ltr'><strong>propter</strong></span> 
     </span>
    </p>
   </div>
   <div class='ocr_carea' id='block_1_85' title="bbox 1835 2410 3407 2489">
    <p class='ocr_par' dir='ltr' id='par_1_85' title="bbox 1835 2410 3407 2489">
     <span class='ocr_line' id='line_1_85' title="bbox 1835 2410 3407 2489; baseline 0.005 -24"><span class='ocrx_word' id='word_1_656' title='bbox 1835 2414 2056 2483; x_wconf 75' lang='grc' dir='ltr'><strong>ιῦφωνιαν</strong></span> <span class='ocrx_word' id='word_1_657' title='bbox 2113 2412 2363 2482; x_wconf 88' lang='lat' dir='ltr'><strong>positum.</strong></span> <span class='ocrx_word' id='word_1_658' title='bbox 2411 2410 2468 2469; x_wconf 89' lang='lat' dir='ltr'><strong>Si</strong></span> <span class='ocrx_word' id='word_1_659' title='bbox 2510 2413 2653 2468; x_wconf 88' lang='lat' dir='ltr'><strong>enim</strong></span> <span class='ocrx_word' id='word_1_660' title='bbox 2681 2412 2957 2482; x_wconf 88' lang='lat' dir='ltr'><strong>dicamus,</strong></span> <span class='ocrx_word' id='word_1_661' title='bbox 2987 2413 3174 2471; x_wconf 79' lang='lat' dir='ltr'><strong>Beatus</strong></span> <span class='ocrx_word' id='word_1_662' title='bbox 3222 2416 3407 2489; x_wconf 75' lang='lat' dir='ltr'><strong>homo,</strong></span> 
     </span>
    </p>
   </div>
   <div class='ocr_carea' id='block_1_86' title="bbox 1837 2500 3412 2577">
    <p class='ocr_par' dir='ltr' id='par_1_86' title="bbox 1837 2500 3412 2577">
     <span class='ocr_line' id='line_1_86' title="bbox 1837 2500 3412 2577; baseline 0.006 -23"><span class='ocrx_word' id='word_1_663' title='bbox 1837 2502 2288 2573; x_wconf 76' lang='lat' dir='ltr'><strong>quemcrudt&#39;eris,</strong></span> <span class='ocrx_word' id='word_1_664' title='bbox 2343 2500 2595 2569; x_wconf 83' lang='lat' dir='ltr'><strong>Domine,</strong></span> <span class='ocrx_word' id='word_1_665' title='bbox 2648 2505 3056 2575; x_wconf 85' lang='lat' dir='ltr'><strong>compositionis</strong></span> <span class='ocrx_word' id='word_1_666' title='bbox 3095 2506 3412 2577; x_wconf 71' lang='lat' dir='ltr'><strong>elegantiam</strong></span> 
     </span>
    </p>
   </div>
   <div class='ocr_carea' id='block_1_87' title="bbox 1835 2590 3410 2667">
    <p class='ocr_par' dir='ltr' id='par_1_87' title="bbox 1835 2590 3410 2667">
     <span class='ocr_line' id='line_1_87' title="bbox 1835 2590 3410 2667; baseline 0.004 -19"><span class='ocrx_word' id='word_1_667' title='bbox 1835 2608 1944 2648; x_wconf 89' lang='lat' dir='ltr'><strong>non</strong></span> <span class='ocrx_word' id='word_1_668' title='bbox 1992 2590 2223 2649; x_wconf 80' lang='lat' dir='ltr'><strong>habebit.</strong></span> <span class='ocrx_word' id='word_1_669' title='bbox 2274 2592 2338 2648; x_wconf 83' lang='lat' dir='ltr'><strong>Et</strong></span> <span class='ocrx_word' id='word_1_670' title='bbox 2382 2591 2480 2667; x_wconf 86' lang='lat' dir='ltr'><strong>[aL</strong></span> <span class='ocrx_word' id='word_1_671' title='bbox 2514 2591 2643 2667; x_wconf 83' lang='lat' dir='ltr'><strong>Sed]</strong></span> <span class='ocrx_word' id='word_1_672' title='bbox 2676 2593 2889 2665; x_wconf 81' lang='lat' dir='ltr'><strong>quando</strong></span> <span class='ocrx_word' id='word_1_673' title='bbox 2913 2596 3130 2665; x_wconf 83' lang='lat' dir='ltr'><strong>dicitur,</strong></span> <span class='ocrx_word' id='word_1_674' title='bbox 3162 2594 3410 2667; x_wconf 81' lang='lat' dir='ltr'><strong>Domine,</strong></span> 
     </span>
    </p>
   </div>
   <div class='ocr_carea' id='block_1_88' title="bbox 1837 2682 3414 2756">
    <p class='ocr_par' dir='ltr' id='par_1_88' title="bbox 1837 2682 3414 2756">
     <span class='ocr_line' id='line_1_88' title="bbox 1837 2682 3414 2756; baseline 0.005 -16"><span class='ocrx_word' id='word_1_675' title='bbox 1837 2692 1891 2740; x_wconf 92' lang='lat' dir='ltr'><strong>et</strong></span> <span class='ocrx_word' id='word_1_676' title='bbox 1916 2682 2238 2755; x_wconf 81' lang='lat' dir='ltr'><strong>apostropha</strong></span> <span class='ocrx_word' id='word_1_677' title='bbox 2267 2684 2408 2740; x_wconf 84' lang='lat' dir='ltr'><strong>titad</strong></span> <span class='ocrx_word' id='word_1_678' title='bbox 2440 2686 2758 2750; x_wconf 86' lang='lat' dir='ltr'><strong>Dominum,</strong></span> <span class='ocrx_word' id='word_1_679' title='bbox 2792 2682 2923 2742; x_wconf 84' lang='lat' dir='ltr'><strong>nihil</strong></span> <span class='ocrx_word' id='word_1_680' title='bbox 2950 2696 3110 2744; x_wconf 89' lang='lat' dir='ltr'><strong>nocet</strong></span> <span class='ocrx_word' id='word_1_681' title='bbox 3138 2702 3297 2745; x_wconf 87' lang='lat' dir='ltr'><strong>sensu</strong></span> <span class='ocrx_word' id='word_1_682' title='bbox 3319 2732 3333 2756; x_wconf 93' lang='lat'><strong>,</strong></span> <span class='ocrx_word' id='word_1_683' title='bbox 3366 2691 3414 2748; x_wconf 87' lang='lat' dir='ltr'><strong>si</strong></span> 
     </span>
    </p>
   </div>
   <div class='ocr_carea' id='block_1_89' title="bbox 1837 2774 3410 2847">
    <p class='ocr_par' dir='ltr' id='par_1_89' title="bbox 1837 2774 3410 2847">
     <span class='ocr_line' id='line_1_89' title="bbox 1837 2774 3410 2847; baseline 0.004 -17"><span class='ocrx_word' id='word_1_684' title='bbox 1837 2785 2066 2847; x_wconf 89' lang='lat' dir='ltr'><strong>ponatur</strong></span> <span class='ocrx_word' id='word_1_685' title='bbox 2089 2783 2176 2844; x_wconf 86' lang='lat' dir='ltr'><strong>ct,</strong></span> <span class='ocrx_word' id='word_1_686' title='bbox 2208 2787 2283 2830; x_wconf 90' lang='lat' dir='ltr'><strong>tu.</strong></span> <span class='ocrx_word' id='word_1_687' title='bbox 2315 2775 2368 2831; x_wconf 85' lang='lat' dir='ltr'><strong>in</strong></span> <span class='ocrx_word' id='word_1_688' title='bbox 2399 2776 2585 2834; x_wconf 86' lang='lat' dir='ltr'><strong>eodem</strong></span> <span class='ocrx_word' id='word_1_689' title='bbox 2614 2793 2627 2831; x_wconf 91' lang='lat'><strong>:</strong></span> <span class='ocrx_word' id='word_1_690' title='bbox 2657 2774 2726 2831; x_wconf 86' lang='lat' dir='ltr'><strong>Et</strong></span> <span class='ocrx_word' id='word_1_691' title='bbox 2755 2779 2806 2832; x_wconf 87' lang='lat' dir='ltr'><strong>in</strong></span> <span class='ocrx_word' id='word_1_692' title='bbox 2856 2780 3054 2834; x_wconf 85' lang='lat' dir='ltr'><strong>malitia</strong></span> <span class='ocrx_word' id='word_1_693' title='bbox 3082 2792 3255 2835; x_wconf 81' lang='lat' dir='ltr'><strong>eorum</strong></span> <span class='ocrx_word' id='word_1_694' title='bbox 3300 2781 3410 2837; x_wconf 75' lang='lat' dir='ltr'><strong>dis-</strong></span> 
     </span>
    </p>
   </div>
   <div class='ocr_carea' id='block_1_90' title="bbox 1835 2866 3400 2943">
    <p class='ocr_par' dir='ltr' id='par_1_90' title="bbox 1835 2866 3400 2943">
     <span class='ocr_line' id='line_1_90' title="bbox 1835 2866 3400 2943; baseline 0.004 -21"><span class='ocrx_word' id='word_1_695' title='bbox 1835 2867 2007 2938; x_wconf 83' lang='lat' dir='ltr'><strong>perdel</strong></span> <span class='ocrx_word' id='word_1_696' title='bbox 2031 2885 2115 2923; x_wconf 83' lang='lat' dir='ltr'><strong>eos</strong></span> <span class='ocrx_word' id='word_1_697' title='bbox 2143 2866 2191 2941; x_wconf 87' lang='lat'><strong>(1</strong></span> <span class='ocrx_word' id='word_1_698' title='bbox 2198 2868 2302 2923; x_wconf 77' lang='lat' dir='ltr'><strong>bid.</strong></span> <span class='ocrx_word' id='word_1_699' title='bbox 2327 2868 2443 2939; x_wconf 74' lang='lat'><strong>23).</strong></span> <span class='ocrx_word' id='word_1_700' title='bbox 2471 2867 2527 2923; x_wconf 88' lang='lat' dir='ltr'><strong>In</strong></span> <span class='ocrx_word' id='word_1_701' title='bbox 2550 2867 2738 2925; x_wconf 77' lang='lat' dir='ltr'><strong>Graeco</strong></span> <span class='ocrx_word' id='word_1_702' title='bbox 2765 2869 2941 2926; x_wconf 85' lang='lat' dir='ltr'><strong>dicitis</strong></span> <span class='ocrx_word' id='word_1_703' title='bbox 2976 2884 3085 2927; x_wconf 90' lang='lat' dir='ltr'><strong>non</strong></span> <span class='ocrx_word' id='word_1_704' title='bbox 3109 2886 3229 2928; x_wconf 88' lang='lat' dir='ltr'><strong>esse</strong></span> <span class='ocrx_word' id='word_1_705' title='bbox 3255 2888 3400 2943; x_wconf 72' lang='lat' dir='ltr'><strong>pra:-</strong></span> 
     </span>
    </p>
   </div>
   <div class='ocr_carea' id='block_1_91' title="bbox 1833 2958 3405 3036">
    <p class='ocr_par' dir='ltr' id='par_1_91' title="bbox 1833 2958 3405 3036">
     <span class='ocr_line' id='line_1_91' title="bbox 1833 2958 3405 3036; baseline 0.004 -22"><span class='ocrx_word' id='word_1_706' title='bbox 1833 2959 2171 3029; x_wconf 85' lang='lat' dir='ltr'><strong>positionem,</strong></span> <span class='ocrx_word' id='word_1_707' title='bbox 2194 2959 2282 3024; x_wconf 86' lang='lat' dir='ltr'><strong>in;</strong></span> <span class='ocrx_word' id='word_1_708' title='bbox 2306 2959 2401 3015; x_wconf 89' lang='lat' dir='ltr'><strong>sed</strong></span> <span class='ocrx_word' id='word_1_709' title='bbox 2427 2960 2548 3030; x_wconf 77' lang='lat' dir='ltr'><strong>legi,</strong></span> <span class='ocrx_word' id='word_1_710' title='bbox 2568 2958 2815 3014; x_wconf 86' lang='lat' dir='ltr'><strong>malitiam</strong></span> <span class='ocrx_word' id='word_1_711' title='bbox 2836 2960 2915 3031; x_wconf 83' lang='lat' dir='ltr'><strong>(It)</strong></span> <span class='ocrx_word' id='word_1_712' title='bbox 2937 2976 3108 3017; x_wconf 82' lang='lat' dir='ltr'><strong>eorum</strong></span> <span class='ocrx_word' id='word_1_713' title='bbox 3127 2963 3405 3036; x_wconf 68' lang='lat' dir='ltr'><strong>disperdet.</strong></span> 
     </span>
    </p>
   </div>
   <div class='ocr_carea' id='block_1_92' title="bbox 1831 3048 3412 3122">
    <p class='ocr_par' dir='ltr' id='par_1_92' title="bbox 1831 3048 3412 3122">
     <span class='ocr_line' id='line_1_92' title="bbox 1831 3048 3412 3122; baseline 0.004 -16"><span class='ocrx_word' id='word_1_714' title='bbox 1831 3050 2116 3107; x_wconf 85' lang='lat' dir='ltr'><strong>Sciendum</strong></span> <span class='ocrx_word' id='word_1_715' title='bbox 2137 3061 2335 3118; x_wconf 85' lang='lat' dir='ltr'><strong>autem,</strong></span> <span class='ocrx_word' id='word_1_716' title='bbox 2360 3052 2499 3122; x_wconf 88' lang='lat' dir='ltr'><strong>quod</strong></span> <span class='ocrx_word' id='word_1_717' title='bbox 2517 3052 2568 3106; x_wconf 90' lang='lat' dir='ltr'><strong>in</strong></span> <span class='ocrx_word' id='word_1_718' title='bbox 2596 3048 2842 3116; x_wconf 65' lang='lat' dir='ltr'><strong>Hebraeo,</strong></span> <span class='ocrx_word' id='word_1_719' title='bbox 2865 3055 2984 3109; x_wconf 85' lang='lat' dir='ltr'><strong>etin</strong></span> <span class='ocrx_word' id='word_1_720' title='bbox 3014 3056 3220 3111; x_wconf 80' lang='lat' dir='ltr'><strong>eunetis</strong></span> <span class='ocrx_word' id='word_1_721' title='bbox 3244 3057 3412 3113; x_wconf 69' lang='lat' dir='ltr'><strong>inter»</strong></span> 
     </span>
    </p>
   </div>
   <div class='ocr_carea' id='block_1_93' title="bbox 1833 3142 3407 3217">
    <p class='ocr_par' dir='ltr' id='par_1_93' title="bbox 1833 3142 3407 3217">
     <span class='ocr_line' id='line_1_93' title="bbox 1833 3142 3407 3217; baseline 0.004 -17"><span class='ocrx_word' id='word_1_722' title='bbox 1833 3145 2080 3217; x_wconf 84' lang='lat' dir='ltr'><strong>pretinus</strong></span> <span class='ocrx_word' id='word_1_723' title='bbox 2110 3145 2338 3214; x_wconf 87' lang='lat' dir='ltr'><strong>positum</strong></span> <span class='ocrx_word' id='word_1_724' title='bbox 2370 3144 2437 3198; x_wconf 89' lang='lat' dir='ltr'><strong>sit</strong></span> <span class='ocrx_word' id='word_1_725' title='bbox 2467 3161 2479 3197; x_wconf 89' lang='lat'><strong>:</strong></span> <span class='ocrx_word' id='word_1_726' title='bbox 2506 3142 2572 3198; x_wconf 89' lang='lat' dir='ltr'><strong>In</strong></span> <span class='ocrx_word' id='word_1_727' title='bbox 2596 3144 2789 3198; x_wconf 88' lang='lat' dir='ltr'><strong>malitia</strong></span> <span class='ocrx_word' id='word_1_728' title='bbox 2821 3158 2992 3200; x_wconf 84' lang='lat' dir='ltr'><strong>eorum</strong></span> <span class='ocrx_word' id='word_1_729' title='bbox 3019 3145 3275 3217; x_wconf 81' lang='lat' dir='ltr'><strong>disperdet</strong></span> <span class='ocrx_word' id='word_1_730' title='bbox 3303 3164 3407 3206; x_wconf 88' lang='lat' dir='ltr'><strong>eos.</strong></span> 
     </span>
    </p>
   </div>
   <div class='ocr_carea' id='block_1_94' title="bbox 1827 3226 3404 3304">
    <p class='ocr_par' dir='ltr' id='par_1_94' title="bbox 1827 3226 3404 3304">
     <span class='ocr_line' id='line_1_94' title="bbox 1827 3226 3404 3304; baseline 0.002 -14"><span class='ocrx_word' id='word_1_731' title='bbox 1827 3235 1887 3291; x_wconf 85' lang='lat' dir='ltr'><strong>Si</strong></span> <span class='ocrx_word' id='word_1_732' title='bbox 1937 3243 2115 3289; x_wconf 89' lang='lat' dir='ltr'><strong>autem</strong></span> <span class='ocrx_word' id='word_1_733' title='bbox 2155 3233 2479 3289; x_wconf 87' lang='lat' dir='ltr'><strong>voluerimus</strong></span> <span class='ocrx_word' id='word_1_734' title='bbox 2526 3233 2745 3304; x_wconf 80' lang='lat' dir='ltr'><strong>legere:</strong></span> <span class='ocrx_word' id='word_1_735' title='bbox 2780 3226 3035 3289; x_wconf 71' lang='lat' dir='ltr'><strong>Malitiam</strong></span> <span class='ocrx_word' id='word_1_736' title='bbox 3085 3250 3259 3292; x_wconf 89' lang='lat' dir='ltr'><strong>eorum</strong></span> <span class='ocrx_word' id='word_1_737' title='bbox 3290 3237 3404 3295; x_wconf 82' lang='lat' dir='ltr'><strong>dis-</strong></span> 
     </span>
    </p>
   </div>
   <div class='ocr_carea' id='block_1_95' title="bbox 1832 3324 3392 3398">
    <p class='ocr_par' dir='ltr' id='par_1_95' title="bbox 1832 3324 3392 3398">
     <span class='ocr_line' id='line_1_95' title="bbox 1832 3324 3392 3398; baseline 0.004 -17"><span class='ocrx_word' id='word_1_738' title='bbox 1832 3327 2050 3398; x_wconf 78' lang='lat' dir='ltr'><strong>perdel;</strong></span> <span class='ocrx_word' id='word_1_739' title='bbox 2079 3324 2131 3381; x_wconf 92' lang='lat' dir='ltr'><strong>id</strong></span> <span class='ocrx_word' id='word_1_740' title='bbox 2151 3326 2293 3397; x_wconf 87' lang='lat' dir='ltr'><strong>quod</strong></span> <span class='ocrx_word' id='word_1_741' title='bbox 2319 3324 2372 3381; x_wconf 90' lang='lat' dir='ltr'><strong>in</strong></span> <span class='ocrx_word' id='word_1_742' title='bbox 2399 3324 2742 3397; x_wconf 80' lang='lat' dir='ltr'><strong>Septuaginta</strong></span> <span class='ocrx_word' id='word_1_743' title='bbox 2770 3328 3012 3397; x_wconf 86' lang='lat' dir='ltr'><strong>sequitur</strong></span> <span class='ocrx_word' id='word_1_744' title='bbox 3044 3329 3097 3384; x_wconf 89' lang='lat' dir='ltr'><strong>in</strong></span> <span class='ocrx_word' id='word_1_745' title='bbox 3127 3326 3235 3387; x_wconf 82' lang='lat' dir='ltr'><strong>ﬁne</strong></span> <span class='ocrx_word' id='word_1_746' title='bbox 3265 3342 3392 3388; x_wconf 73' lang='lat' dir='ltr'><strong>ver~</strong></span> 
     </span>
    </p>
   </div>
   <div class='ocr_carea' id='block_1_96' title="bbox 1827 3416 3157 3488">
    <p class='ocr_par' dir='ltr' id='par_1_96' title="bbox 1827 3416 3157 3488">
     <span class='ocr_line' id='line_1_96' title="bbox 1827 3416 3157 3488; baseline 0 -15"><span class='ocrx_word' id='word_1_747' title='bbox 1827 3417 1981 3473; x_wconf 88' lang='lat' dir='ltr'><strong>siculi</strong></span> <span class='ocrx_word' id='word_1_748' title='bbox 2001 3458 2017 3484; x_wconf 94' lang='lat'><strong>,</strong></span> <span class='ocrx_word' id='word_1_749' title='bbox 2048 3433 2165 3483; x_wconf 87' lang='lat' dir='ltr'><strong>eos,</strong></span> <span class='ocrx_word' id='word_1_750' title='bbox 2195 3425 2251 3472; x_wconf 88' lang='lat' dir='ltr'><strong>et</strong></span> <span class='ocrx_word' id='word_1_751' title='bbox 2274 3416 2604 3488; x_wconf 83' lang='lat' dir='ltr'><strong>superﬂuum</strong></span> <span class='ocrx_word' id='word_1_752' title='bbox 2631 3418 2771 3482; x_wconf 69' lang='lat' dir='ltr'><strong>erit,</strong></span> <span class='ocrx_word' id='word_1_753' title='bbox 2804 3427 2861 3473; x_wconf 90' lang='lat' dir='ltr'><strong>et</strong></span> <span class='ocrx_word' id='word_1_754' title='bbox 2890 3418 3157 3475; x_wconf 78' lang='lat' dir='ltr'><strong>vitiosum.</strong></span> 
     </span>
    </p>
   </div>
   <div class='ocr_carea' id='block_1_97' title="bbox 1902 3506 3409 3580">
    <p class='ocr_par' dir='ltr' id='par_1_97' title="bbox 1902 3506 3409 3580">
     <span class='ocr_line' id='line_1_97' title="bbox 1902 3506 3409 3580; baseline 0.001 -14"><span class='ocrx_word' id='word_1_755' title='bbox 1902 3508 1993 3567; x_wconf 89' lang='grc'><strong>61.</strong></span> <span class='ocrx_word' id='word_1_756' title='bbox 2011 3507 2368 3580; x_wconf 75' lang='lat' dir='ltr'><strong>No’nagesimo</strong></span> <span class='ocrx_word' id='word_1_757' title='bbox 2392 3510 2658 3580; x_wconf 87' lang='lat' dir='ltr'><strong>septimo:</strong></span> <span class='ocrx_word' id='word_1_758' title='bbox 2690 3508 2998 3565; x_wconf 79' lang='lat' dir='ltr'><strong>Recordatus</strong></span> <span class='ocrx_word' id='word_1_759' title='bbox 3027 3520 3099 3567; x_wconf 81' lang='lat' dir='ltr'><strong>est</strong></span> <span class='ocrx_word' id='word_1_760' title='bbox 3119 3506 3409 3569; x_wconf 77' lang='lat' dir='ltr'><strong>misericor-</strong></span> 
     </span>
    </p>
   </div>
   <div class='ocr_carea' id='block_1_98' title="bbox 1830 3600 3411 3673">
    <p class='ocr_par' dir='ltr' id='par_1_98' title="bbox 1830 3600 3411 3673">
     <span class='ocr_line' id='line_1_98' title="bbox 1830 3600 3411 3673; baseline 0.004 -16"><span class='ocrx_word' id='word_1_761' title='bbox 1830 3602 2370 3673; x_wconf 69' lang='lat' dir='ltr'><strong>dicm(Psal.9&#39;l.</strong></span> <span class='ocrx_word' id='word_1_762' title='bbox 2399 3601 2474 3673; x_wconf 76' lang='grc'><strong>5).</strong></span> <span class='ocrx_word' id='word_1_763' title='bbox 2522 3600 2629 3656; x_wconf 89' lang='lat' dir='ltr'><strong>Pro</strong></span> <span class='ocrx_word' id='word_1_764' title='bbox 2671 3616 2778 3672; x_wconf 89' lang='lat' dir='ltr'><strong>quo</strong></span> <span class='ocrx_word' id='word_1_765' title='bbox 2808 3601 2858 3656; x_wconf 84' lang='lat' dir='ltr'><strong>in</strong></span> <span class='ocrx_word' id='word_1_766' title='bbox 2906 3600 3094 3659; x_wconf 67' lang='lat' dir='ltr'><strong>Graeco</strong></span> <span class='ocrx_word' id='word_1_767' title='bbox 3138 3604 3411 3663; x_wconf 74' lang='lat' dir='ltr'><strong>invenisse</strong></span> 
     </span>
    </p>
   </div>
   <div class='ocr_carea' id='block_1_99' title="bbox 1828 3690 3411 3773">
    <p class='ocr_par' dir='ltr' id='par_1_99' title="bbox 1828 3690 3411 3773">
     <span class='ocr_line' id='line_1_99' title="bbox 1828 3690 3411 3773; baseline 0.001 -24"><span class='ocrx_word' id='word_1_768' title='bbox 1828 3706 1927 3751; x_wconf 87' lang='lat' dir='ltr'><strong>vos</strong></span> <span class='ocrx_word' id='word_1_769' title='bbox 1976 3693 2153 3749; x_wconf 87' lang='lat' dir='ltr'><strong>dicitis</strong></span> <span class='ocrx_word' id='word_1_770' title='bbox 2196 3711 2209 3749; x_wconf 88' lang='lat'><strong>:</strong></span> <span class='ocrx_word' id='word_1_771' title='bbox 2266 3690 2633 3747; x_wconf 68' lang='lat' dir='ltr'><strong>Misericordiae</strong></span> <span class='ocrx_word' id='word_1_772' title='bbox 2665 3707 2770 3747; x_wconf 79' lang='lat' dir='ltr'><strong>sua:</strong></span> <span class='ocrx_word' id='word_1_773' title='bbox 2793 3692 2954 3747; x_wconf 69' lang='lat' dir='ltr'><strong>Iacob</strong></span> <span class='ocrx_word' id='word_1_774' title='bbox 2991 3712 3013 3761; x_wconf 84' lang='lat'><strong>,&#39;</strong></span> <span class='ocrx_word' id='word_1_775' title='bbox 3049 3694 3145 3752; x_wconf 82' lang='lat' dir='ltr'><strong>sed</strong></span> <span class='ocrx_word' id='word_1_776' title='bbox 3188 3696 3310 3767; x_wconf 77' lang='lat' dir='ltr'><strong>hic,</strong></span> <span class='ocrx_word' id='word_1_777' title='bbox 3345 3697 3411 3773; x_wconf 69' lang='grc' dir='ltr'><strong>(ί)</strong></span> 
     </span>
    </p>
   </div>
   <div class='ocr_carea' id='block_1_100' title="bbox 1835 3782 2729 3854">
    <p class='ocr_par' dir='ltr' id='par_1_100' title="bbox 1835 3782 2729 3854">
     <span class='ocr_line' id='line_1_100' title="bbox 1835 3782 2729 3854; baseline -0.002 -15"><span class='ocrx_word' id='word_1_778' title='bbox 1835 3783 1997 3840; x_wconf 80' lang='lat' dir='ltr'><strong>Jacob</strong></span> <span class='ocrx_word' id='word_1_779' title='bbox 2017 3825 2032 3853; x_wconf 92' lang='lat'><strong>,</strong></span> <span class='ocrx_word' id='word_1_780' title='bbox 2063 3799 2257 3840; x_wconf 85' lang='lat' dir='ltr'><strong>nomen</strong></span> <span class='ocrx_word' id='word_1_781' title='bbox 2280 3782 2606 3854; x_wconf 89' lang='lat' dir='ltr'><strong>superﬂuum</strong></span> <span class='ocrx_word' id='word_1_782' title='bbox 2627 3794 2729 3838; x_wconf 87' lang='lat' dir='ltr'><strong>est.</strong></span> 
     </span>
    </p>
   </div>
   <div class='ocr_carea' id='block_1_101' title="bbox 1900 3872 3409 3953">
    <p class='ocr_par' dir='ltr' id='par_1_101' title="bbox 1900 3872 3409 3953">
     <span class='ocr_line' id='line_1_101' title="bbox 1900 3872 3409 3953; baseline 0.005 -28"><span class='ocrx_word' id='word_1_783' title='bbox 1900 3873 1990 3931; x_wconf 78' lang='lat'><strong>62.</strong></span> <span class='ocrx_word' id='word_1_784' title='bbox 2023 3873 2326 3929; x_wconf 86' lang='lat' dir='ltr'><strong>Centesimo</strong></span> <span class='ocrx_word' id='word_1_785' title='bbox 2355 3891 2367 3927; x_wconf 89' lang='lat'><strong>:</strong></span> <span class='ocrx_word' id='word_1_786' title='bbox 2399 3872 2549 3926; x_wconf 84' lang='lat' dir='ltr'><strong>Oculi</strong></span> <span class='ocrx_word' id='word_1_787' title='bbox 2592 3873 2689 3925; x_wconf 87' lang='lat' dir='ltr'><strong>mei</strong></span> <span class='ocrx_word' id='word_1_788' title='bbox 2735 3872 2804 3924; x_wconf 88' lang='lat' dir='ltr'><strong>ad</strong></span> <span class='ocrx_word' id='word_1_789' title='bbox 2844 3872 3019 3939; x_wconf 77' lang='lat' dir='ltr'><strong>ﬁdeles</strong></span> <span class='ocrx_word' id='word_1_790' title='bbox 3041 3882 3222 3945; x_wconf 5' lang='lat' dir='ltr'><strong>ten-te),</strong></span> <span class='ocrx_word' id='word_1_791' title='bbox 3245 3886 3299 3930; x_wconf 78' lang='lat' dir='ltr'><strong>ut</strong></span> <span class='ocrx_word' id='word_1_792' title='bbox 3328 3878 3409 3953; x_wconf 81' lang='lat' dir='ltr'><strong>(j)</strong></span> 
     </span>
    </p>
   </div>
   <div class='ocr_carea' id='block_1_102' title="bbox 1827 3956 3405 4032">
    <p class='ocr_par' dir='ltr' id='par_1_102' title="bbox 1827 3956 3405 4032">
     <span class='ocr_line' id='line_1_102' title="bbox 1827 3956 3405 4032; baseline 0.003 -12"><span class='ocrx_word' id='word_1_793' title='bbox 1827 3966 2034 4021; x_wconf 78' lang='lat' dir='ltr'><strong>sedeant</strong></span> <span class='ocrx_word' id='word_1_794' title='bbox 2080 3978 2274 4017; x_wconf 77' lang='lat' dir='ltr'><strong>mecum</strong></span> <span class='ocrx_word' id='word_1_795' title='bbox 2302 3960 2476 4031; x_wconf 84' lang='lat' dir='ltr'><strong>(Psal.</strong></span> <span class='ocrx_word' id='word_1_796' title='bbox 2529 3960 2651 4017; x_wconf 89' lang='grc'><strong>100.</strong></span> <span class='ocrx_word' id='word_1_797' title='bbox 2685 3959 2765 4029; x_wconf 86' lang='lat'><strong>6).</strong></span> <span class='ocrx_word' id='word_1_798' title='bbox 2816 3956 2921 4017; x_wconf 84' lang='lat' dir='ltr'><strong>Pro</strong></span> <span class='ocrx_word' id='word_1_799' title='bbox 2949 3978 3054 4032; x_wconf 79' lang='lat' dir='ltr'><strong>quo</strong></span> <span class='ocrx_word' id='word_1_800' title='bbox 3105 3965 3160 4019; x_wconf 85' lang='lat' dir='ltr'><strong>in</strong></span> <span class='ocrx_word' id='word_1_801' title='bbox 3214 3965 3405 4024; x_wconf 64' lang='lat' dir='ltr'><strong>Graeco</strong></span> 
     </span>
    </p>
   </div>
   <div class='ocr_carea' id='block_1_103' title="bbox 1827 4049 3404 4126">
    <p class='ocr_par' dir='ltr' id='par_1_103' title="bbox 1827 4049 3404 4126">
     <span class='ocr_line' id='line_1_103' title="bbox 1827 4049 3404 4126; baseline 0.001 -14"><span class='ocrx_word' id='word_1_802' title='bbox 1827 4054 2096 4112; x_wconf 87' lang='lat' dir='ltr'><strong>invenisse</strong></span> <span class='ocrx_word' id='word_1_803' title='bbox 2139 4067 2234 4108; x_wconf 87' lang='lat' dir='ltr'><strong>vos</strong></span> <span class='ocrx_word' id='word_1_804' title='bbox 2260 4051 2457 4118; x_wconf 89' lang='lat' dir='ltr'><strong>dicitis,</strong></span> <span class='ocrx_word' id='word_1_805' title='bbox 2501 4049 2583 4107; x_wconf 74' lang='grc' dir='ltr'><strong>τοῦ</strong></span> <span class='ocrx_word' id='word_1_806' title='bbox 2610 4059 2921 4120; x_wconf 69' lang='grc' dir='ltr'><strong>συοιχοιθῆσθαι</strong></span> <span class='ocrx_word' id='word_1_807' title='bbox 2946 4061 3113 4116; x_wconf 72' lang='grc' dir='ltr'><strong>αὑτοὺς</strong></span> <span class='ocrx_word' id='word_1_808' title='bbox 3138 4056 3241 4123; x_wconf 71' lang='grc' dir='ltr'><strong>μετ’</strong></span> <span class='ocrx_word' id='word_1_809' title='bbox 3269 4069 3404 4126; x_wconf 61' lang='lat' dir='ltr'><strong>spots.</strong></span> 
     </span>
    </p>
   </div>
   <div class='ocr_carea' id='block_1_104' title="bbox 1829 4143 3408 4215">
    <p class='ocr_par' dir='ltr' id='par_1_104' title="bbox 1829 4143 3408 4215">
     <span class='ocr_line' id='line_1_104' title="bbox 1829 4143 3408 4215; baseline 0.004 -14"><span class='ocrx_word' id='word_1_810' title='bbox 1829 4146 1959 4215; x_wconf 85' lang='lat' dir='ltr'><strong>Quis</strong></span> <span class='ocrx_word' id='word_1_811' title='bbox 1988 4160 2094 4200; x_wconf 89' lang='lat' dir='ltr'><strong>non</strong></span> <span class='ocrx_word' id='word_1_812' title='bbox 2110 4144 2268 4199; x_wconf 81' lang='lat' dir='ltr'><strong>talem</strong></span> <span class='ocrx_word' id='word_1_813' title='bbox 2284 4143 2450 4215; x_wconf 68' lang='lat' dir='ltr'><strong>fugiat</strong></span> <span class='ocrx_word' id='word_1_814' title='bbox 2470 4143 2964 4213; x_wconf 86' lang='lat' dir='ltr'><strong>interpretationem</strong></span> <span class='ocrx_word' id='word_1_815' title='bbox 2984 4187 2999 4213; x_wconf 94' lang='lat'><strong>,</strong></span> <span class='ocrx_word' id='word_1_816' title='bbox 3023 4156 3079 4201; x_wconf 93' lang='lat' dir='ltr'><strong>ut</strong></span> <span class='ocrx_word' id='word_1_817' title='bbox 3100 4148 3319 4204; x_wconf 88' lang='lat' dir='ltr'><strong>verbum</strong></span> <span class='ocrx_word' id='word_1_818' title='bbox 3338 4152 3408 4209; x_wconf 82' lang='lat' dir='ltr'><strong>ad</strong></span> 
     </span>
    </p>
   </div>
   <div class='ocr_carea' id='block_1_105' title="bbox 1831 4233 3409 4308">
    <p class='ocr_par' dir='ltr' id='par_1_105' title="bbox 1831 4233 3409 4308">
     <span class='ocr_line' id='line_1_105' title="bbox 1831 4233 3409 4308; baseline 0.004 -17"><span class='ocrx_word' id='word_1_819' title='bbox 1831 4237 2054 4293; x_wconf 89' lang='lat' dir='ltr'><strong>verbum</strong></span> <span class='ocrx_word' id='word_1_820' title='bbox 2076 4237 2404 4306; x_wconf 84' lang='lat' dir='ltr'><strong>exprimens,</strong></span> <span class='ocrx_word' id='word_1_821' title='bbox 2436 4233 2609 4290; x_wconf 87' lang='lat' dir='ltr'><strong>dicat:</strong></span> <span class='ocrx_word' id='word_1_822' title='bbox 2640 4233 2709 4289; x_wconf 87' lang='lat' dir='ltr'><strong>Ut</strong></span> <span class='ocrx_word' id='word_1_823' title='bbox 2735 4236 3058 4291; x_wconf 86' lang='lat' dir='ltr'><strong>consederent</strong></span> <span class='ocrx_word' id='word_1_824' title='bbox 3077 4237 3177 4308; x_wconf 84' lang='lat' dir='ltr'><strong>ipsi</strong></span> <span class='ocrx_word' id='word_1_825' title='bbox 3191 4244 3409 4297; x_wconf 76' lang='lat' dir='ltr'><strong>meeum?</strong></span> 
     </span>
    </p>
   </div>
   <div class='ocr_carea' id='block_1_106' title="bbox 1899 4323 3398 4398">
    <p class='ocr_par' dir='ltr' id='par_1_106' title="bbox 1899 4323 3398 4398">
     <span class='ocr_line' id='line_1_106' title="bbox 1899 4323 3398 4398; baseline 0.001 -14"><span class='ocrx_word' id='word_1_826' title='bbox 1899 4329 1989 4385; x_wconf 75' lang='lat'><strong>65.</strong></span> <span class='ocrx_word' id='word_1_827' title='bbox 2019 4327 2326 4384; x_wconf 86' lang='lat' dir='ltr'><strong>Centesimo</strong></span> <span class='ocrx_word' id='word_1_828' title='bbox 2364 4327 2575 4397; x_wconf 87' lang='lat' dir='ltr'><strong>primo:</strong></span> <span class='ocrx_word' id='word_1_829' title='bbox 2616 4323 2837 4398; x_wconf 76' lang='lat' dir='ltr'><strong>Vigilavi</strong></span> <span class='ocrx_word' id='word_1_830' title='bbox 2862 4335 2912 4381; x_wconf 89' lang='lat' dir='ltr'><strong>et</strong></span> <span class='ocrx_word' id='word_1_831' title='bbox 2935 4330 3102 4398; x_wconf 81' lang='lat' dir='ltr'><strong>factus</strong></span> <span class='ocrx_word' id='word_1_832' title='bbox 3128 4347 3240 4384; x_wconf 86' lang='lat' dir='ltr'><strong>sum</strong></span> <span class='ocrx_word' id='word_1_833' title='bbox 3268 4332 3398 4386; x_wconf 76' lang='lat' dir='ltr'><strong>sicut</strong></span> 
     </span>
    </p>
   </div>
   <div class='ocr_carea' id='block_1_107' title="bbox 1830 4417 3406 4494">
    <p class='ocr_par' dir='ltr' id='par_1_107' title="bbox 1830 4417 3406 4494">
     <span class='ocr_line' id='line_1_107' title="bbox 1830 4417 3406 4494; baseline 0.003 -18"><span class='ocrx_word' id='word_1_834' title='bbox 1830 4439 2003 4494; x_wconf 84' lang='lat' dir='ltr'><strong>passer</strong></span> <span class='ocrx_word' id='word_1_835' title='bbox 2039 4421 2294 4476; x_wconf 83' lang='lat' dir='ltr'><strong>solitarius</strong></span> <span class='ocrx_word' id='word_1_836' title='bbox 2340 4420 2393 4474; x_wconf 88' lang='lat' dir='ltr'><strong>in</strong></span> <span class='ocrx_word' id='word_1_837' title='bbox 2420 4426 2548 4475; x_wconf 86' lang='lat' dir='ltr'><strong>tecto</strong></span> <span class='ocrx_word' id='word_1_838' title='bbox 2576 4417 2696 4491; x_wconf 89' lang='lat' dir='ltr'><strong>(Ps.</strong></span> <span class='ocrx_word' id='word_1_839' title='bbox 2730 4418 2853 4474; x_wconf 78' lang='grc'><strong>101.</strong></span> <span class='ocrx_word' id='word_1_840' title='bbox 2879 4418 2959 4492; x_wconf 89' lang='grc'><strong>8).</strong></span> <span class='ocrx_word' id='word_1_841' title='bbox 2994 4420 3059 4475; x_wconf 84' lang='lat' dir='ltr'><strong>Et</strong></span> <span class='ocrx_word' id='word_1_842' title='bbox 3085 4420 3260 4478; x_wconf 81' lang='lat' dir='ltr'><strong>dicitis</strong></span> <span class='ocrx_word' id='word_1_843' title='bbox 3307 4436 3406 4481; x_wconf 82' lang='lat' dir='ltr'><strong>vos</strong></span> 
     </span>
    </p>
   </div>
   <div class='ocr_carea' id='block_1_108' title="bbox 1894 4579 3404 4650">
    <p class='ocr_par' dir='ltr' id='par_1_108' title="bbox 1894 4579 3404 4650">
     <span class='ocr_line' id='line_1_108' title="bbox 1894 4579 3404 4650; baseline 0 0"><span class='ocrx_word' id='word_1_844' title='bbox 1894 4583 1958 4650; x_wconf 78' lang='grc' dir='ltr'><strong>(Ι)</strong></span> <span class='ocrx_word' id='word_1_845' title='bbox 1994 4583 2207 4650; x_wconf 64' lang='lat' dir='ltr'><strong>15min</strong></span> <span class='ocrx_word' id='word_1_846' title='bbox 2229 4579 2666 4650; x_wconf 51' lang='grc' dir='ltr'><strong>θηφρηοροίὲο</strong></span> <span class='ocrx_word' id='word_1_847' title='bbox 2700 4591 2798 4650; x_wconf 74' lang='lat' dir='ltr'><strong>non</strong></span> <span class='ocrx_word' id='word_1_848' title='bbox 2829 4586 2908 4650; x_wconf 63' lang='lat'><strong>99‘</strong></span> <span class='ocrx_word' id='word_1_849' title='bbox 2928 4579 3158 4650; x_wconf 60' lang='lat' dir='ltr'><strong>invenire.</strong></span> <span class='ocrx_word' id='word_1_850' title='bbox 3187 4580 3404 4650; x_wconf 64' lang='lat' dir='ltr'><strong>9!“le</strong></span> 
     </span>
    </p>
   </div>
   <div class='ocr_carea' id='block_1_109' title="bbox 1824 4640 3403 4708">
    <p class='ocr_par' dir='ltr' id='par_1_109' title="bbox 1824 4640 3403 4708">
     <span class='ocr_line' id='line_1_109' title="bbox 1824 4640 3403 4708; baseline -0.006 -9"><span class='ocrx_word' id='word_1_851' title='bbox 1824 4658 1848 4699; x_wconf 73' lang='grc' dir='ltr'><strong><em>δ</em></strong></span> <span class='ocrx_word' id='word_1_852' title='bbox 1872 4640 1968 4706; x_wconf 54' lang='lat' dir='ltr'><strong>ut&quot;.</strong></span> <span class='ocrx_word' id='word_1_853' title='bbox 1992 4645 2090 4697; x_wconf 89' lang='lat' dir='ltr'><strong>Sed</strong></span> <span class='ocrx_word' id='word_1_854' title='bbox 2115 4658 2280 4708; x_wconf 88' lang='lat' dir='ltr'><strong>neque</strong></span> <span class='ocrx_word' id='word_1_855' title='bbox 2305 4644 2427 4694; x_wconf 88' lang='lat' dir='ltr'><strong>editi</strong></span> <span class='ocrx_word' id='word_1_856' title='bbox 2450 4641 2672 4708; x_wconf 77' lang='lat' dir='ltr'><strong>melioris</strong></span> <span class='ocrx_word' id='word_1_857' title='bbox 2864 4640 3051 4708; x_wconf 69' lang='lat' dir='ltr'><strong>habent</strong></span> <span class='ocrx_word' id='word_1_858' title='bbox 3073 4655 3089 4708; x_wconf 91' lang='lat'><strong>:_</strong></span> <span class='ocrx_word' id='word_1_859' title='bbox 3115 4640 3403 4708; x_wconf 51' lang='lat' dir='ltr'><strong>eumenid-</strong></span> 
     </span>
    </p>
   </div>
   <div class='ocr_carea' id='block_1_110' title="bbox 1823 4698 3403 4773">
    <p class='ocr_par' dir='ltr' id='par_1_110' title="bbox 1823 4698 3403 4773">
     <span class='ocr_line' id='line_1_110' title="bbox 1823 4698 3403 4773; baseline -0.005 -15"><span class='ocrx_word' id='word_1_860' title='bbox 1823 4698 2134 4773; x_wconf 60' lang='lat' dir='ltr'><strong>ger.&#39;mlnori</strong></span> <span class='ocrx_word' id='word_1_861' title='bbox 2156 4698 2443 4773; x_wconf 68' lang='lat' dir='ltr'><strong>charactere</strong></span> <span class='ocrx_word' id='word_1_862' title='bbox 2460 4704 2674 4773; x_wconf 74' lang='lat' dir='ltr'><strong>supplet,</strong></span> <span class='ocrx_word' id='word_1_863' title='bbox 2698 4712 2751 4753; x_wconf 90' lang='lat' dir='ltr'><strong>et</strong></span> <span class='ocrx_word' id='word_1_864' title='bbox 2768 4701 3153 4773; x_wconf 54' lang='lat' dir='ltr'><strong>yontfauoonius</strong></span> <span class='ocrx_word' id='word_1_865' title='bbox 3172 4701 3220 4749; x_wconf 89' lang='lat' dir='ltr'><strong>in</strong></span> <span class='ocrx_word' id='word_1_866' title='bbox 3242 4698 3403 4773; x_wconf 46' lang='lat' dir='ltr'><strong>ilex-a-</strong></span> 
     </span>
    </p>
   </div>
   <div class='ocr_carea' id='block_1_111' title="bbox 1858 4761 3403 4832">
    <p class='ocr_par' dir='ltr' id='par_1_111' title="bbox 1858 4761 3403 4832">
     <span class='ocr_line' id='line_1_111' title="bbox 1858 4761 3403 4832; baseline -0.004 -14"><span class='ocrx_word' id='word_1_867' title='bbox 1858 4771 1935 4832; x_wconf 88' lang='lat' dir='ltr'><strong>lis,</strong></span> <span class='ocrx_word' id='word_1_868' title='bbox 1960 4782 2058 4832; x_wconf 82' lang='lat' dir='ltr'><strong>non</strong></span> <span class='ocrx_word' id='word_1_869' title='bbox 2079 4768 2272 4819; x_wconf 84' lang='lat' dir='ltr'><strong>aliunde</strong></span> <span class='ocrx_word' id='word_1_870' title='bbox 2291 4781 2437 4832; x_wconf 82' lang='lat' dir='ltr'><strong>quam</strong></span> <span class='ocrx_word' id='word_1_871' title='bbox 2460 4761 2756 4827; x_wconf 72' lang='lat' dir='ltr'><strong>ex&#39;bocipso</strong></span> <span class='ocrx_word' id='word_1_872' title='bbox 2768 4762 3157 4825; x_wconf 71' lang='lat' dir='ltr'><strong>Hieronymianze</strong></span> <span class='ocrx_word' id='word_1_873' title='bbox 3182 4761 3403 4824; x_wconf 65' lang='lat' dir='ltr'><strong>epistolae</strong></span> 
     </span>
    </p>
   </div>
   <div class='ocr_carea' id='block_1_112' title="bbox 1841 4830 2480 4891">
    <p class='ocr_par' dir='ltr' id='par_1_112' title="bbox 1841 4830 2480 4891">
     <span class='ocr_line' id='line_1_112' title="bbox 1841 4830 2480 4891; baseline -0.005 -10"><span class='ocrx_word' id='word_1_874' title='bbox 1841 4830 1930 4881; x_wconf 88' lang='lat' dir='ltr'><strong>oco</strong></span> <span class='ocrx_word' id='word_1_875' title='bbox 1952 4845 2009 4881; x_wconf 89' lang='lat' dir='ltr'><strong>se</strong></span> <span class='ocrx_word' id='word_1_876' title='bbox 2032 4831 2210 4880; x_wconf 84' lang='lat' dir='ltr'><strong>fatetur</strong></span> <span class='ocrx_word' id='word_1_877' title='bbox 2236 4830 2480 4891; x_wconf 74' lang='lat' dir='ltr'><strong>acuipere.</strong></span> 
     </span>
    </p>
   </div>
   <div class='ocr_carea' id='block_1_113' title="bbox 1907 4884 3205 4958">
    <p class='ocr_par' dir='ltr' id='par_1_113' title="bbox 1907 4884 3205 4958">
     <span class='ocr_line' id='line_1_113' title="bbox 1907 4884 3205 4958; baseline -0.008 -14"><span class='ocrx_word' id='word_1_878' title='bbox 1907 4892 1955 4958; x_wconf 85' lang='lat' dir='ltr'><strong>g)</strong></span> <span class='ocrx_word' id='word_1_879' title='bbox 1994 4893 2101 4958; x_wconf 58' lang='lat' dir='ltr'><strong>[loc</strong></span> <span class='ocrx_word' id='word_1_880' title='bbox 2121 4902 2241 4958; x_wconf 74' lang='lat' dir='ltr'><strong>vero</strong></span> <span class='ocrx_word' id='word_1_881' title='bbox 2262 4884 2419 4958; x_wconf 68' lang='lat' dir='ltr'><strong>Grieci</strong></span> <span class='ocrx_word' id='word_1_882' title='bbox 2440 4889 2745 4958; x_wconf 83' lang='lat' dir='ltr'><strong>libri</strong></span> <span class='ocrx_word' id='word_1_883' title='bbox 2765 4884 2967 4958; x_wconf 63' lang='lat' dir='ltr'><strong>habent2</strong></span> <span class='ocrx_word' id='word_1_884' title='bbox 2991 4897 3044 4948; x_wconf 67' lang='grc' dir='ltr'><strong>ιγ’</strong></span> 
     </span>
    </p>
   </div>
   <div class='ocr_carea' id='block_1_114' title="bbox 1908 4942 3398 5017">
    <p class='ocr_par' dir='ltr' id='par_1_114' title="bbox 1908 4942 3398 5017">
     <span class='ocr_line' id='line_1_114' title="bbox 1908 4942 3398 5017; baseline -0.007 -12"><span class='ocrx_word' id='word_1_885' title='bbox 1908 4942 1956 5017; x_wconf 62' lang='grc' dir='ltr'><strong>ἦ)</strong></span> <span class='ocrx_word' id='word_1_886' title='bbox 1995 4942 2257 5017; x_wconf 76' lang='lat' dir='ltr'><strong>sequimur</strong></span> <span class='ocrx_word' id='word_1_887' title='bbox 2281 4950 2454 5017; x_wconf 77' lang='lat' dir='ltr'><strong>eadem</strong></span> <span class='ocrx_word' id='word_1_888' title='bbox 2476 4945 2801 5017; x_wconf 60' lang='lat' dir='ltr'><strong>exemplaria,</strong></span> <span class='ocrx_word' id='word_1_889' title='bbox 2810 4954 2864 4996; x_wconf 88' lang='lat' dir='ltr'><strong>et</strong></span> <span class='ocrx_word' id='word_1_890' title='bbox 2876 4942 3107 5017; x_wconf 58' lang='lat' dir='ltr'><strong>veterem</strong></span> <span class='ocrx_word' id='word_1_891' title='bbox 3128 4942 3398 5017; x_wconf 73' lang='lat' dir='ltr'><strong>editionem</strong></span> 
     </span>
    </p>
   </div>
   <div class='ocr_carea' id='block_1_115' title="bbox 1822 5006 3470 5080">
    <p class='ocr_par' dir='ltr' id='par_1_115' title="bbox 1822 5006 3470 5080">
     <span class='ocr_line' id='line_1_115' title="bbox 1822 5006 3470 5080; baseline -0.004 -14"><span class='ocrx_word' id='word_1_892' title='bbox 1822 5006 2129 5080; x_wconf 67' lang='lat' dir='ltr'><strong>quie&#39;vocet&#39;u</strong></span> <span class='ocrx_word' id='word_1_893' title='bbox 2149 5024 2316 5064; x_wconf 84' lang='lat' dir='ltr'><strong>eorum</strong></span> <span class='ocrx_word' id='word_1_894' title='bbox 2336 5006 2692 5080; x_wconf 60' lang='lat' dir='ltr'><strong>ipset-umbem</strong></span> <span class='ocrx_word' id='word_1_895' title='bbox 2715 5007 2824 5067; x_wconf 85' lang='lat' dir='ltr'><strong>loci,</strong></span> <span class='ocrx_word' id='word_1_896' title='bbox 2845 5006 2927 5080; x_wconf 78' lang='lat' dir='ltr'><strong>alii</strong></span> <span class='ocrx_word' id='word_1_897' title='bbox 2950 5008 3205 5080; x_wconf 46' lang='lat' dir='ltr'><strong>omittunt.</strong></span> <span class='ocrx_word' id='word_1_898' title='bbox 3224 5066 3258 5080; x_wconf 35' lang='grc' dir='ltr'><em>Α</em></span> <span class='ocrx_word' id='word_1_899' title='bbox 3380 5068 3396 5080; x_wconf 49' lang='grc'><strong>.</strong></span> <span class='ocrx_word' id='word_1_900' title='bbox 3463 5054 3470 5059; x_wconf 44' lang='grc' dir='ltr'><strong><em>τ</em></strong></span> 
     </span>
    </p>
   </div>
   <div class='ocr_carea' id='block_1_116' title="bbox 1885 5064 3398 5140">
    <p class='ocr_par' dir='ltr' id='par_1_116' title="bbox 1885 5064 3398 5140">
     <span class='ocr_line' id='line_1_116' title="bbox 1885 5064 3398 5140; baseline -0.002 -21"><span class='ocrx_word' id='word_1_901' title='bbox 1885 5064 1946 5140; x_wconf 65' lang='grc' dir='ltr'><strong>(ἐ)</strong></span> <span class='ocrx_word' id='word_1_902' title='bbox 2248 5071 2376 5134; x_wconf 86' lang='lat' dir='ltr'><strong>quod</strong></span> <span class='ocrx_word' id='word_1_903' title='bbox 2391 5064 2831 5140; x_wconf 31' lang='lat' dir='ltr'><strong>.indlieb‘rreonou</strong></span> <span class='ocrx_word' id='word_1_904' title='bbox 2849 5068 3071 5140; x_wconf 50' lang='lat' dir='ltr'><strong>sitham</strong></span> <span class='ocrx_word' id='word_1_905' title='bbox 3102 5064 3261 5140; x_wconf 54' lang='lat' dir='ltr'><strong>firmi</strong></span> <span class='ocrx_word' id='word_1_906' title='bbox 3285 5065 3398 5140; x_wconf 78' lang='lat' dir='ltr'><strong>libri</strong></span> 
     </span>
    </p>
   </div>
   <div class='ocr_carea' id='block_1_117' title="bbox 1821 5126 3399 5193">
    <p class='ocr_par' dir='ltr' id='par_1_117' title="bbox 1821 5126 3399 5193">
     <span class='ocr_line' id='line_1_117' title="bbox 1821 5126 3399 5193; baseline -0.006 -5"><span class='ocrx_word' id='word_1_907' title='bbox 1821 5126 1994 5188; x_wconf 68' lang='lat' dir='ltr'><strong>omnes</strong></span> <span class='ocrx_word' id='word_1_908' title='bbox 2014 5138 2215 5193; x_wconf 83' lang='lat' dir='ltr'><strong>habent,</strong></span> <span class='ocrx_word' id='word_1_909' title='bbox 2238 5126 2291 5183; x_wconf 69' lang='lat' dir='ltr'><strong>ei</strong></span> <span class='ocrx_word' id='word_1_910' title='bbox 2307 5145 2372 5193; x_wconf 79' lang='lat' dir='ltr'><strong>ex</strong></span> <span class='ocrx_word' id='word_1_911' title='bbox 2391 5131 2578 5181; x_wconf 86' lang='lat' dir='ltr'><strong>Latinis</strong></span> <span class='ocrx_word' id='word_1_912' title='bbox 2598 5130 2723 5177; x_wconf 86' lang='lat' dir='ltr'><strong>haud</strong></span> <span class='ocrx_word' id='word_1_913' title='bbox 2735 5131 2901 5193; x_wconf 73' lang='lat' dir='ltr'><strong>pauci.</strong></span> <span class='ocrx_word' id='word_1_914' title='bbox 2923 5126 3075 5178; x_wconf 81' lang='lat' dir='ltr'><strong>Forte</strong></span> <span class='ocrx_word' id='word_1_915' title='bbox 3102 5129 3151 5176; x_wconf 82' lang='lat' dir='ltr'><strong>in</strong></span> <span class='ocrx_word' id='word_1_916' title='bbox 3170 5130 3399 5193; x_wconf 80' lang='lat' dir='ltr'><strong>sequenti</strong></span> 
     </span>
    </p>
   </div>
   <div class='ocr_carea' id='block_1_118' title="bbox 1820 5189 3398 5260">
    <p class='ocr_par' dir='ltr' id='par_1_118' title="bbox 1820 5189 3398 5260">
     <span class='ocr_line' id='line_1_118' title="bbox 1820 5189 3398 5260; baseline -0.008 -10"><span class='ocrx_word' id='word_1_917' title='bbox 1820 5196 2071 5260; x_wconf 66' lang='lat' dir='ltr'><strong>versiculo</strong></span> <span class='ocrx_word' id='word_1_918' title='bbox 2082 5210 2172 5260; x_wconf 90' lang='lat' dir='ltr'><strong>pro</strong></span> <span class='ocrx_word' id='word_1_919' title='bbox 2197 5189 2347 5260; x_wconf 79' lang='lat' dir='ltr'><strong>Israel</strong></span> <span class='ocrx_word' id='word_1_920' title='bbox 2377 5194 2589 5260; x_wconf 81' lang='lat' dir='ltr'><strong>nomine.</strong></span> <span class='ocrx_word' id='word_1_921' title='bbox 2613 5189 2757 5260; x_wconf 61' lang='grc' dir='ltr'><strong>φεοῦ</strong></span> <span class='ocrx_word' id='word_1_922' title='bbox 2777 5190 3048 5260; x_wconf 57' lang='lat' dir='ltr'><strong>notabatur,</strong></span> <span class='ocrx_word' id='word_1_923' title='bbox 3082 5189 3398 5260; x_wconf 53' lang='lat' dir='ltr'><strong>quenadmo-</strong></span> 
     </span>
    </p>
   </div>
   <div class='ocr_carea' id='block_1_119' title="bbox 1819 5250 3399 5319">
    <p class='ocr_par' dir='ltr' id='par_1_119' title="bbox 1819 5250 3399 5319">
     <span class='ocr_line' id='line_1_119' title="bbox 1819 5250 3399 5319; baseline -0.007 -8"><span class='ocrx_word' id='word_1_924' title='bbox 1819 5260 1935 5311; x_wconf 85' lang='lat' dir='ltr'><strong>dum</strong></span> <span class='ocrx_word' id='word_1_925' title='bbox 1956 5260 2008 5307; x_wconf 88' lang='lat' dir='ltr'><strong>in</strong></span> <span class='ocrx_word' id='word_1_926' title='bbox 2028 5250 2417 5319; x_wconf 52' lang='lat' dir='ltr'><strong>Hi‘eronymianae</strong></span> <span class='ocrx_word' id='word_1_927' title='bbox 2438 5252 2675 5319; x_wconf 88' lang='lat' dir='ltr'><strong>ver_sion_i_s</strong></span> <span class='ocrx_word' id='word_1_928' title='bbox 2697 5263 2760 5302; x_wconf 83' lang='lat' dir='ltr'><strong>ex</strong></span> <span class='ocrx_word' id='word_1_929' title='bbox 2777 5250 2990 5319; x_wconf 67' lang='lat' dir='ltr'><strong>Hebraeo</strong></span> <span class='ocrx_word' id='word_1_930' title='bbox 3008 5250 3252 5319; x_wconf 59' lang='lat' dir='ltr'><strong>codicibus</strong></span> <span class='ocrx_word' id='word_1_931' title='bbox 3265 5251 3399 5319; x_wconf 79' lang='lat' dir='ltr'><strong>bene</strong></span> 
     </span>
    </p>
   </div>
   <div class='ocr_carea' id='block_1_120' title="bbox 1820 5310 3399 5377">
    <p class='ocr_par' dir='ltr' id='par_1_120' title="bbox 1820 5310 3399 5377">
     <span class='ocr_line' id='line_1_120' title="bbox 1820 5310 3399 5377; baseline -0.008 -6"><span class='ocrx_word' id='word_1_932' title='bbox 1820 5310 1988 5371; x_wconf 86' lang='lat' dir='ltr'><strong>multis</strong></span> <span class='ocrx_word' id='word_1_933' title='bbox 2010 5310 2289 5377; x_wconf 66' lang='lat' dir='ltr'><strong>invenimus</strong></span> <span class='ocrx_word' id='word_1_934' title='bbox 2306 5330 2318 5364; x_wconf 89' lang='lat'><strong>:</strong></span> <span class='ocrx_word' id='word_1_935' title='bbox 2346 5314 2496 5377; x_wconf 89' lang='lat' dir='ltr'><strong>idque</strong></span> <span class='ocrx_word' id='word_1_936' title='bbox 2517 5315 2568 5361; x_wconf 91' lang='lat' dir='ltr'><strong>in</strong></span> <span class='ocrx_word' id='word_1_937' title='bbox 2589 5312 2752 5377; x_wconf 84' lang='lat' dir='ltr'><strong>aliquo</strong></span> <span class='ocrx_word' id='word_1_938' title='bbox 2771 5312 2993 5377; x_wconf 75' lang='lat' dir='ltr'><strong>originali</strong></span> <span class='ocrx_word' id='word_1_939' title='bbox 3012 5310 3268 5377; x_wconf 74' lang='lat' dir='ltr'><strong>Hebraico</strong></span> <span class='ocrx_word' id='word_1_940' title='bbox 3293 5311 3399 5359; x_wconf 83' lang='lat' dir='ltr'><strong>fue-</strong></span> 
     </span>
    </p>
   </div>
   <div class='ocr_carea' id='block_1_121' title="bbox 1820 5373 3397 5504">
    <p class='ocr_par' dir='ltr' id='par_1_121' title="bbox 1820 5373 3397 5504">
     <span class='ocr_line' id='line_1_121' title="bbox 1820 5373 3397 5450; baseline -0.006 -18"><span class='ocrx_word' id='word_1_941' title='bbox 1820 5385 1905 5444; x_wconf 85' lang='lat' dir='ltr'><strong>rit,</strong></span> <span class='ocrx_word' id='word_1_942' title='bbox 1930 5395 2019 5445; x_wconf 89' lang='lat' dir='ltr'><strong>pro</strong></span> <span class='ocrx_word' id='word_1_943' title='bbox 2053 5378 2239 5450; x_wconf 78' lang='lat' dir='ltr'><strong>quo_ad</strong></span> <span class='ocrx_word' id='word_1_944' title='bbox 2276 5374 2387 5424; x_wconf 78' lang='lat' dir='ltr'><strong>libri</strong></span> <span class='ocrx_word' id='word_1_945' title='bbox 2414 5373 2553 5424; x_wconf 74' lang='lat' dir='ltr'><strong>bram</strong></span> <span class='ocrx_word' id='word_1_946' title='bbox 2592 5373 2741 5425; x_wconf 78' lang='lat' dir='ltr'><strong>Israel</strong></span> <span class='ocrx_word' id='word_1_947' title='bbox 2777 5373 3092 5446; x_wconf 70' lang='lat' dir='ltr'><strong>substitutum</strong></span> <span class='ocrx_word' id='word_1_948' title='bbox 3129 5373 3210 5444; x_wconf 76' lang='lat' dir='ltr'><strong>sit,</strong></span> <span class='ocrx_word' id='word_1_949' title='bbox 3248 5378 3397 5434; x_wconf 85' lang='lat' dir='ltr'><strong>atque</strong></span> 
     </span>
     <span class='ocr_line' id='line_1_122' title="bbox 1822 5432 3396 5504; baseline -0.008 -9"><span class='ocrx_word' id='word_1_950' title='bbox 1822 5446 1937 5495; x_wconf 90' lang='lat' dir='ltr'><strong>inde</strong></span> <span class='ocrx_word' id='word_1_951' title='bbox 1981 5443 2043 5493; x_wconf 87' lang='lat' dir='ltr'><strong>ab</strong></span> <span class='ocrx_word' id='word_1_952' title='bbox 2083 5442 2203 5504; x_wconf 69' lang='lat' dir='ltr'><strong>ipsns</strong></span> <span class='ocrx_word' id='word_1_953' title='bbox 2243 5432 2388 5487; x_wconf 77' lang='lat' dir='ltr'><strong>LXX.</strong></span> <span class='ocrx_word' id='word_1_954' title='bbox 2432 5436 2569 5500; x_wconf 86' lang='lat' dir='ltr'><strong>prius</strong></span> <span class='ocrx_word' id='word_1_955' title='bbox 2611 5448 2790 5486; x_wconf 86' lang='lat' dir='ltr'><strong>nomen</strong></span> <span class='ocrx_word' id='word_1_956' title='bbox 2833 5448 2983 5498; x_wconf 71' lang='grc' dir='ltr'><strong>υι-ιοιιι</strong></span> <span class='ocrx_word' id='word_1_957' title='bbox 3026 5434 3270 5483; x_wconf 75' lang='lat' dir='ltr'><strong>versmulo</strong></span> <span class='ocrx_word' id='word_1_958' title='bbox 3310 5434 3396 5483; x_wconf 80' lang='lat' dir='ltr'><strong>ad-</strong></span> 
     </span>
    </p>
   </div>
   <div class='ocr_carea' id='block_1_122' title="bbox 1820 5513 3396 5693">
    <p class='ocr_par' dir='ltr' id='par_1_122' title="bbox 1820 5513 3396 5693">
     <span class='ocr_line' id='line_1_123' title="bbox 1820 5513 3396 5632; baseline -0.01 -14"><span class='ocrx_word' id='word_1_959' title='bbox 1820 5513 2314 5632; x_wconf 47' lang='lat' dir='ltr'><strong>scilﬁuﬁartianaaus</strong></span> <span class='ocrx_word' id='word_1_960' title='bbox 2336 5560 2573 5612; x_wconf 87' lang='lat' dir='ltr'><strong>sederent.</strong></span> <span class='ocrx_word' id='word_1_961' title='bbox 2605 5556 2705 5608; x_wconf 80' lang='lat' dir='ltr'><strong>Nos</strong></span> <span class='ocrx_word' id='word_1_962' title='bbox 2720 5559 2859 5622; x_wconf 79' lang='lat' dir='ltr'><strong>jmtta</strong></span> <span class='ocrx_word' id='word_1_963' title='bbox 2882 5558 3038 5607; x_wconf 84' lang='lat' dir='ltr'><strong>editos</strong></span> <span class='ocrx_word' id='word_1_964' title='bbox 3059 5564 3114 5630; x_wconf 76' lang='lat' dir='ltr'><strong>et</strong></span> <span class='ocrx_word' id='word_1_965' title='bbox 3136 5557 3396 5621; x_wconf 81' lang='lat' dir='ltr'><strong>plerosque</strong></span> 
     </span>
     <span class='ocr_line' id='line_1_124' title="bbox 1820 5619 3396 5693; baseline -0.008 -14"><span class='ocrx_word' id='word_1_966' title='bbox 1820 5629 1937 5679; x_wconf 80' lang='lat' dir='ltr'><strong>Mss.</strong></span> <span class='ocrx_word' id='word_1_967' title='bbox 1963 5640 2073 5693; x_wconf 85' lang='lat' dir='ltr'><strong>cum</strong></span> <span class='ocrx_word' id='word_1_968' title='bbox 2111 5626 2163 5693; x_wconf 80' lang='lat' dir='ltr'><strong>in</strong></span> <span class='ocrx_word' id='word_1_969' title='bbox 2197 5623 2395 5693; x_wconf 73' lang='lat' dir='ltr'><strong>Sunniae</strong></span> <span class='ocrx_word' id='word_1_970' title='bbox 2419 5628 2471 5672; x_wconf 88' lang='lat' dir='ltr'><strong>et</strong></span> <span class='ocrx_word' id='word_1_971' title='bbox 2502 5619 2717 5693; x_wconf 57' lang='lat' dir='ltr'><strong>Fretela‘</strong></span> <span class='ocrx_word' id='word_1_972' title='bbox 2753 5620 3000 5693; x_wconf 55' lang='lat' dir='ltr'><strong>schedultr</strong></span> <span class='ocrx_word' id='word_1_973' title='bbox 3020 5630 3245 5693; x_wconf 60' lang='lat' dir='ltr'><strong>primum,</strong></span> <span class='ocrx_word' id='word_1_974' title='bbox 3286 5632 3396 5682; x_wconf 68' lang='lat' dir='ltr'><strong>quae</strong></span> 
     </span>
    </p>
   </div>
   <div class='ocr_carea' id='block_1_123' title="bbox 1820 5681 3397 5745">
    <p class='ocr_par' dir='ltr' id='par_1_123' title="bbox 1820 5681 3397 5745">
     <span class='ocr_line' id='line_1_125' title="bbox 1820 5681 3397 5745; baseline -0.007 -5"><span class='ocrx_word' id='word_1_975' title='bbox 1820 5696 1939 5740; x_wconf 87' lang='lat' dir='ltr'><strong>tunc</strong></span> <span class='ocrx_word' id='word_1_976' title='bbox 1960 5689 2229 5745; x_wconf 81' lang='lat' dir='ltr'><strong>obtinebat,</strong></span> <span class='ocrx_word' id='word_1_977' title='bbox 2270 5684 2485 5735; x_wconf 87' lang='lat' dir='ltr'><strong>Latinam</strong></span> <span class='ocrx_word' id='word_1_978' title='bbox 2516 5685 2794 5745; x_wconf 82' lang='lat' dir='ltr'><strong>versionem</strong></span> <span class='ocrx_word' id='word_1_979' title='bbox 2834 5681 3041 5732; x_wconf 76' lang='lat' dir='ltr'><strong>adscribi</strong></span> <span class='ocrx_word' id='word_1_980' title='bbox 3076 5681 3269 5731; x_wconf 75' lang='lat' dir='ltr'><strong>solitam</strong></span> <span class='ocrx_word' id='word_1_981' title='bbox 3299 5681 3397 5730; x_wconf 81' lang='lat' dir='ltr'><strong>non</strong></span> 
     </span>
    </p>
   </div>
   <div class='ocr_carea' id='block_1_124' title="bbox 1819 5744 3402 5817">
    <p class='ocr_par' dir='ltr' id='par_1_124' title="bbox 1819 5744 3402 5817">
     <span class='ocr_line' id='line_1_126' title="bbox 1819 5744 3402 5817; baseline -0.006 -17"><span class='ocrx_word' id='word_1_982' title='bbox 1819 5751 2019 5817; x_wconf 76' lang='lat' dir='ltr'><strong>dubium</strong></span> <span class='ocrx_word' id='word_1_983' title='bbox 2038 5751 2139 5814; x_wconf 73' lang='lat' dir='ltr'><strong>sit;</strong></span> <span class='ocrx_word' id='word_1_984' title='bbox 2172 5744 2305 5801; x_wconf 87' lang='lat' dir='ltr'><strong>nulla</strong></span> <span class='ocrx_word' id='word_1_985' title='bbox 2339 5758 2458 5800; x_wconf 88' lang='lat' dir='ltr'><strong>vero</strong></span> <span class='ocrx_word' id='word_1_986' title='bbox 2495 5747 2560 5799; x_wconf 89' lang='lat' dir='ltr'><strong>sit</strong></span> <span class='ocrx_word' id='word_1_987' title='bbox 2588 5744 2756 5797; x_wconf 87' lang='lat' dir='ltr'><strong>Latina</strong></span> <span class='ocrx_word' id='word_1_988' title='bbox 2797 5745 2982 5806; x_wconf 67' lang='lat' dir='ltr'><strong>versit),</strong></span> <span class='ocrx_word' id='word_1_989' title='bbox 3005 5755 3116 5817; x_wconf 73' lang='lat' dir='ltr'><strong>quae</strong></span> <span class='ocrx_word' id='word_1_990' title='bbox 3153 5745 3402 5810; x_wconf 29' lang='lat' dir='ltr'><strong>sederent,</strong></span> 
     </span>
    </p>
   </div>
   <div class='ocr_carea' id='block_1_125' title="bbox 1817 5810 1970 5876">
    <p class='ocr_par' dir='ltr' id='par_1_125' title="bbox 1817 5810 1970 5876">
     <span class='ocr_line' id='line_1_127' title="bbox 1817 5810 1970 5876; baseline 0.033 -5"><span class='ocrx_word' id='word_1_991' title='bbox 1817 5810 1970 5876; x_wconf 62' lang='lat' dir='ltr'><strong>1983i-</strong></span> 
     </span>
    </p>
   </div>
  </div>
