4054 6192
132 313 241 376 86!

1547 297 1880 366 EPISTOLA
1918 303 2052 366 CVI.

3317 322 3428 381 862

131 448 334 492 errore
358 433 703 492 subtractum
726 431 816 488 sit.
842 429 903 487 In
923 427 1116 486 eodem
1145 442 1160 482 :
1189 422 1300 482 Hoc
1325 438 1467 480 mare
1494 439 1739 495 magnum
1847 421 2060 492 dantia,
2104 435 2423 498 semperque
2457 426 2512 482 in
2541 428 2787 486 cavernis
2812 435 3086 502 petrarum
3103 475 3120 505 ,
3171 444 3226 495 et
3276 445 3420 496 terra

130 538 182 584 et
211 529 514 601 spatiosum
533 527 762 582 manibus
782 523 903 592 (Ps.
925 522 1048 580 105.
1076 521 1196 591 25).
1217 519 1404 574 Dicitis
1430 519 1482 573 in
1501 516 1692 572 Graaco
1712 557 1730 584 ,

131 621 406 687 manibus,
441 636 553 675 non
578 617 788 683 haberi,
813 626 867 671 et
895 629 995 686 ego
1027 614 1170 669 novi.
1203 611 1312 668 Sed
1339 626 1405 666 ex
1429 609 1693 665 chra-ico
1713 650 1729 677 ,

127 720 184 765 et
245 710 644 766 Theodotionis
684 692 917 763 editione
960 707 1012 760 in
1059 705 1403 775 Septuaginta
1443 703 1544 758 sub
1589 710 1734 756 aste-

126 804 278 856 risco
305 801 560 856 additum
583 811 685 856 est.
715 799 954 869 Denique
972 806 1027 854 et
1053 799 1104 852 in
1130 796 1354 851 Hebraeo
1379 796 1449 849 ita
1470 793 1734 864 scriptum

122 910 188 946 ιε
213 907 388 946 ιιΑιΑιι
415 907 594 948 canor.
619 907 789 946 vanas
821 905 966 944 ιιιιιηι
991 931 1004 956 ,
1053 887 1192 959 quod
1218 887 1406 958 Aquila
1438 885 1517 958 (a)
1545 886 1623 941 sic
1649 885 1734 939 in-

121 992 471 1053 terpretatus
487 993 594 1052 est,
614 989 737 1045 αὐλή
760 994 840 1039 καὶ
862 992 1064 1038 πλατεῖα
1083 986 1254 1052 χερσὶν,
1278 987 1334 1035 et
1360 992 1550 1033 omnes
1569 977 1735 1032 inter-

124 1086 312 1143 prcles
324 1080 462 1137 αὕτη
485 1085 518 1138 ἡ
530 1081 743 1130 θάλασσα
754 1084 782 1137 ἦ
795 1081 975 1143 μεγάλη
995 1084 1076 1128 καὶ
1086 1077 1339 1144 εὐρύχωρος
1347 1081 1501 1143 χερσὶν
1515 1087 1528 1135 ;
1549 1077 1606 1125 et
1631 1069 1735 1125 hoc

117 1167 432 1222 secundum
455 1167 771 1222 llebraicam
786 1165 978 1221 dicitur
990 1165 1367 1235 proprietatem
1381 1172 1731 1234 ρεταφωριχῶς,

116 1258 266 1326 quod
300 1259 468 1328 quasi
503 1274 774 1328 expansas
795 1272 1020 1328 magnus
1041 1255 1244 1312 habeat
1261 1295 1276 1322 ,
1303 1263 1353 1311 et
1379 1255 1430 1310 in
1459 1269 1517 1309 se
1538 1262 1731 1309 cuncta

113 1352 418 1421 suscipiat.
469 1353 531 1408 In
555 1352 746 1407 eodem
774 1369 787 1404 :
819 1349 894 1423 (b)
948 1349 1018 1405 Ut
1062 1350 1250 1405 educas
1297 1363 1480 1416 panem
1507 1348 1569 1401 de
1595 1354 1731 1400 terra

113 1443 130 1510 (
141 1440 168 1493 Ι
175 1441 290 1494 bid.
325 1442 452 1509 15).
490 1442 596 1497 Pro
614 1457 725 1514 quo
745 1441 1015 1497 invenisse
1040 1455 1138 1496 vos
1163 1438 1372 1504 dicitis,
1415 1447 1471 1492 ut
1499 1438 1681 1491 educat
1707 1452 1728 1502 ;

116 1533 216 1588 scd
247 1548 368 1587 non
402 1542 591 1603 potest
613 1532 761 1588 aliud
783 1532 849 1587 ad
887 1533 1094 1602 ipsum,
1137 1531 1282 1586 aliud
1335 1530 1404 1586 de
1454 1531 1570 1600 ipso
1595 1529 1725 1584 dici.

113 1626 230 1678 Aut
261 1623 459 1679 omnia
485 1623 642 1694 quasi
668 1623 736 1678 ad
761 1623 929 1679 Deum
952 1621 1274 1692 loquebatur
1295 1619 1562 1689 Propheta
1591 1636 1606 1674 :
1635 1626 1728 1672 aut

116 1716 306 1771 omnia
337 1715 414 1770 ad
441 1715 614 1770 alium
643 1715 713 1770 de
736 1729 802 1770 eo
843 1713 1133 1770 referebat.
1186 1711 1322 1768 Cum
1343 1723 1520 1766 autem
1549 1711 1727 1780 plera-

114 1823 224 1877 que
246 1807 316 1861 ad
350 1807 534 1876 ipsum
565 1806 896 1876 dirigantur;
930 1814 985 1861 et
1034 1820 1094 1859 ea
1139 1819 1260 1874 qua:
1289 1803 1538 1873 ambigua
1565 1809 1718 1866 sunt,

115 1897 185 1951 ad
210 1897 388 1966 ipsius
404 1911 700 1967 personam
729 1895 1003 1966 dirigenda
1029 1903 1175 1950 sunt.
1201 1894 1257 1948 In
1285 1893 1514 1949 eodem:
1546 1891 1595 1944 II
1605 1908 1723 1946 ero-

115 1989 194 2043 dii
247 1989 441 2044 domus
468 1990 578 2045 dua:
627 1998 700 2044 est
742 2005 914 2043 eorum
936 1987 1109 2057 (Ibid.
1137 1986 1260 2055 18).
1317 1986 1424 2041 Pro
1450 1984 1685 2040 Herodio
1705 2024 1720 2049 ,

113 2081 262 2152 quod
292 2081 347 2135 in
378 2080 615 2136 Hebraeo
665 2080 858 2136 dicitur
885 2096 1036 2136 ASIDA
1057 2122 1072 2146 ,
1128 2080 1291 2151 670
1365 2077 1723 2150 Symmachus

113 2178 283 2228 ικτῖνα
330 2170 434 2243 (al.
465 2171 686 2244 latrinas],
717 2171 768 2225 id
797 2179 880 2226 est
899 2212 916 2238 ,
946 2172 1155 2225 miluum
1195 2172 1576 2240 interpretatus
1614 2179 1720 2225 est.

114 2262 370 2332 Denique
392 2271 451 2317 et
480 2277 583 2317 nos
605 2263 677 2316 ita
706 2262 966 2317 vertimus
988 2261 1039 2316 in
1073 2261 1325 2315 Latinum
1349 2277 1363 2314 :
1389 2259 1470 2314 Ibi
1499 2277 1614 2315 aves
1642 2261 1724 2314 ni-

113 2354 414 2425 diﬁcabunt
443 2370 464 2408 :
493 2354 565 2427 (c)
592 2353 752 2409 Miluo
777 2354 914 2408 abies
953 2354 1134 2408 domus
1165 2355 1312 2424 ejus;
1335 2351 1477 2423 quod
1517 2353 1724 2407 scilicet

114 2461 339 2516 semper
361 2447 420 2500 in
451 2445 693 2501 excelsis
721 2453 778 2500 et
804 2445 988 2500 arduis
1012 2444 1300 2500 arboribus
1329 2443 1487 2498 nidos
1539 2441 1721 2498 facere

117 2537 546 2592 consueverint.
581 2535 734 2592 Unde
763 2545 818 2591 et
842 2536 1004 2592 Sexta
1033 2535 1198 2590 editio
1245 2533 1586 2589 manifestius
1633 2534 1719 2587 iu-

120 2635 424 2699 terpretata
452 2636 573 2694 est,
626 2627 786 2682 Miluo
813 2629 880 2681 ad
905 2628 1132 2696 cupressi
1181 2627 1570 2695 nidificandum.
1613 2625 1721 2681 Pro

118 2721 398 2777 abietibus
425 2727 646 2785 autem,
671 2729 725 2774 et
744 2723 1021 2790 cupressis
1046 2720 1100 2774 in
1129 2718 1357 2774 Hehrmo
1381 2719 1597 2788 ponitur
1626 2733 1720 2773 BA-

115 2827 276 2868 nusnt
297 2829 313 2875 ;
338 2811 492 2883 quod
518 2812 686 2882 magis
710 2811 897 2865 abietes
940 2825 1098 2881 quam
1127 2827 1396 2881 cupressos
1424 2809 1716 2880 significat.

117 2902 175 2958 In
203 2904 401 2960 eodem
428 2924 442 2959 :
475 2903 639 2958 Petra
662 2903 916 2975 refugium
939 2903 1230 2957 berinaciis.
1261 2902 1369 2958 Pro
1395 2917 1502 2972 quo
1529 2903 1582 2956 in
1611 2902 1720 2958 He-

118 2997 266 3053 braeo
307 2999 550 3068 positum
579 3006 663 3052 est
684 3011 975 3063 SPBANNII,
1015 3006 1069 3052 et
1117 3010 1305 3052 omnes
1352 3004 1719 3068 χοιρογρυλλίοις

118 3104 282 3145 voces
310 3090 483 3144 simili
515 3089 939 3153 transtulerunt,
965 3089 1212 3156 exceptis
1235 3088 1314 3158 (Δ)
1339 3087 1712 3156 Septuaginta,

118 3182 235 3252 qui,
270 3181 505 3252 lepores,
529 3179 862 3248 interpretati
893 3187 1038 3233 sunt.
1073 3179 1362 3233 Sciendum
1392 3187 1571 3233 autem
1601 3178 1717 3231 ani-

118 3274 231 3328 mal
260 3288 390 3328 esse
417 3287 529 3326 non
561 3271 734 3341 majus
763 3269 970 3326 bericio
990 3311 1006 3335 ,
1058 3269 1263 3325 habens
1312 3269 1715 3323 similitudinem

117 3365 389 3432 muris,et
412 3363 528 3418 ursi
558 3381 571 3417 :
596 3362 736 3418 unde
766 3363 818 3417 in
838 3361 1121 3417 Palaestina
1144 3361 1218 3433 (e)
1240 3365 1474 3433 ἀρκτομῦς
1499 3360 1712 3426 dicitur,

121 3466 177 3513 et
196 3472 397 3528 magna
425 3464 514 3514 est
537 3456 593 3512 in
619 3455 740 3512 istis
761 3455 1070 3527 regionibus
1111 3455 1271 3526 hujus
1293 3455 1507 3526 generis
1545 3454 1716 3510 abun-

185 3666 260 3729 (a)
296 3665 501 3729 Aquila}
517 3665 969 3729 interpretationem
994 3663 1113 3729 editi
1136 3667 1251 3712 ante
1274 3661 1604 3729 M‘artianazum
1627 3660 1717 3714 de-

121 3725 345 3789 pravant,
356 3725 422 3777 'et
439 3725 780 3789 miscenticum
792 3725 996 3789 reliquis
1019 3726 1506 3788 interpretationibus
1523 3726 1572 3773 in
1589 3725 1720 3777 hunc

123 3786 362 3861 inodum;
389 3788 520 3851 quod
549 3786 718 3850 Aquila
738 3786 799 3836 sit
821 3786 1166 3851 interpretatus
1183 3793 1270 3846 est,
1300 3800 1490 3857 tagax-pg
1513 3799 1650 3898 χὲυςιη,
1670 3794 1718 3838 et

125 3861 287 3898 omnes
324 3855 619 3898 nuernretes
648 3854 736 3898 :et
771 3848 858 3898 hoc
896 3848 1163 3898 secundum
1202 3849 1492 3898 Hebratcum
1571 3857 1717 3898 icitur

125 3861 290 3913 omnes
324 3848 619 3913 imerpretes
648 3862 665 3898 :
689 3854 736 3899 et
771 3848 858 3898 hoc
896 3848 1163 3913 secundum
1202 3848 1492 3913 Hebraicdm
1514 3848 1717 3913 "dicitur

124 3909 477 3982 proprietatem
500 3910 925 3982 μετατοραεδςλ-ᾳιωά
957 3909 1112 3971 quasi,
1124 3916 1237 3982 ‘etc.
1263 3909 1363 3958 Sed
1393 3912 1607 3982 graviori
1619 3911 1718 3982 Ada-

125 3970 238 4022 mne
262 3970 578 4040 Martianaéus
600 3970 706 4040 ipse
738 3970 868 4040 illam
885 4007 899 4029 ,
925 3970 1366 4040 quaareliquorum
1391 3970 1719 4040 interpretum

127 4041 236 4084 erat
255 4071 270 4097 ,
309 4050 399 4098 pro
431 4031 631 4096 Aquila!
661 4032 876 4080 obtrudit
901 4045 912 4077 :
941 4031 1109 4092 aquila
1142 4031 1212 4080 sic
1243 4032 1586 4098 interpretatus
1607 4040 1716 4082 est:

124 4091 267 4157 «sui
297 4091 473 4148 ὄωισοι
494 4091 535 4157 έῆ
581 4106 717 4157 prun
748 4105 808 4157 δαι
827 4155 832 4157 _
852 4091 1047 4157 ιίορδδιυέος,
1075 4105 1227 4154 χερσιν.
1259 4093 1386 4154 quod
1420 4091 1590 4157 ειμαδί,
1619 4101 1716 4157 stc-

127 4154 574 4221 Quaz'Symmachi,
599 4154 962 4221 Theodotionis,
991 4155 1401 4221 aliorumqueest.
1421 4154 1521 4221 Nos
1544 4166 1603 4202 ex
1625 4155 1720 4204 Pa-

129 4215 330 4280 latinis;
355 4233 414 4269 ac
434 4218 644 4279 Regina:
667 4216 961 4280 membranis
993 4223 1248 4280 utramque
1270 4215 1588 4280 discrevimus
1613 4253 1626 4276 ,
1668 4226 1719 4267 et

129 4274 362 4341 genuina,
390 4289 444 4330 ut
469 4274 611 4329 ndbis
635 4277 878 4341 videntur,
905 4275 1094 4341 Aquila:
1119 4274 1588 4341 verbasuﬂpcimus,
1611 4274 1721 4341 quae

131 4336 272 4406 nimis
295 4336 534 4406 proclive,
559 4347 612 4390 et
633 4338 856 4389 solemne
878 4336 1089 4406 antiquis
1123 4336 1334 4386 librariis
1373 4336 1462 4386 fuit
1494 4336 1722 4406 omittere

132 4403 196 4450 ob
220 4398 508 4454 earumdem
528 4398 700 4454 vocum
727 4398 1008 4463 occursum:
1027 4398 1212 4448 Vocem
1232 4410 1342 4458 αὓλῆν
1366 4413 1461 4448 non
1486 4414 1572 4463 pro
1593 4401 1720 4463 aula,

135 4465 221 4528 sed
270 4480 359 4528 pro
397 4466 561 4528 amplo
601 4469 655 4513 et
677 4462 903 4528 ‘spatioso
949 4461 1056 4528 loco
1111 4468 1388 4528 usurpatam
1433 4462 1558 4528 apud
1602 4461 1724 4514 alios

137 4522 331 4578 Grazc'os
349 4522 495 4580 bona;
516 4534 644 4578 notae
668 4522 956 4588 Scriptores
976 4522 1216 4588 invenies.
1241 4522 1399 4588 Etiam
1423 4522 1686 4588 pericopen
1706 4565 1720 4587 ,

137 4594 179 4634 ει
203 4587 290 4656 hoc
305 4593 576 4644 secundum
597 4584 884 4656 Hebraicam
905 4584 1085 4656 dicitur
1105 4584 1443 4656 ριόῃῂεψεηὶ
1460 4584 1718 4656 “gessimus,

139 4653 264 4708 (ιυοιι
287 4643 593 4706 vetustiores
613 4649 812 4714 quidem
833 4647 949 4697 Mss.
974 4643 1124 4710 atque
1147 4643 1268 4695 editi
1294 4643 1724 4711 haberentfduxil

140 4721 246 4762 mus
264 4717 636 4767 restituendam.

217 4775 277 4840 (ὁ)
316 4774 620 4830 Arbitramur
653 4787 781 4840 cum_
793 4771 1069 4822 Martianao
1105 4769 1269 4840 ,_hanc
1305 4770 1455 4840 fuisse
1491 4787 1724 4840 versuum

154 4831 487 4901 traiectionem
521 4841 572 4889 in
610 4841 711 4902 ipsa
748 4831 1334 4902 Germanorumfratrum
1366 4836 1626 4902 sclicdula,
1668 4845 1726 4888 ιιι

152 4896 261 4962 post
272 4905 560 4965 vigesimum
574 4896 795 4965 quintum
818 4896 1037 4945 decimus
1048 4896 1261 4964 quintus,
1283 4913 1338 4949 ac
1353 4899 1570 4950 decimus
1591 4905 1724 4950 ocra-

149 4975 240 5012 vus
263 4963 533 5023 exidicandi
555 4963 941 5023 resumerentur.

214 5025 284 5086 (ε)
318 5018 626 5086 Martianaeus
656 5022 784 5086 milvi
807 5034 824 5072 :
850 5030 916 5071 et-
937 5027 1012 5086 est
1038 5033 1125 5085 pro
1138 5018 1293 5086 ejus;
1330 5025 1518 5086 lngipsa
1557 5032 1724 5074 autem

147 5080 448 5148 ex'Hebraeo
470 5085 887 5148 interpretatione,
915 5090 971 5133 ut
1000 5080 1112 5148 heic
1131 5080 1353 5136 fecimus.
1379 5080 1503 5134 Ill'ud
1526 5098 1724 5148 quoque

145 5147 489 5197 observatione
513 5154 673 5195 nostra
694 5145 892 5208 dignum
909 5184 923 5205 ,
947 5146 1284 5208 quodApgmini
1306 5149 1486 5197 scimus
1507 5145 1557 5194 iri
1578 5145 1726 5195 men-

147 5213 246 5271 tem
271 5211 484 5271 venisse,
511 5209 714 5271 verbum
736 5205 875 5271 ἦτιιτιι
896 5205 1028 5271 apud
1043 5205 1184 5271 LXX.
1209 5209 1336 5258 haud
1359 5209 1478 5271 satis
1500 5215 1724 5271 recteea

150 5267 498 5334 signiﬁcatione
521 5269 686 5334 sumi:
712 5267 818 5334 dua:
839 5267 940 5329 est,‘
955 5270 1036 5319 vel
1059 5269 1291 5334 ducatum
1312 5270 1513 5334 praebet,
1539 5276 1595 5334 ut_
1615 5267 1726 5334 aliae

149 5329 402 5397 versiones
423 5333 610 5397 Latinae
645 5331 835 5397 habent
859 5344 872 5378 :
895 5344 1008 5397 cum
1030 5333 1194 5397 potius
1215 5347 1302 5397 pro
1313 5329 1516 5396 putatur
1537 5368 1552 5393 ,
1577 5329 1725 5380 habe-

150 5395 246 5452 tur,
268 5394 373 5444 sive
394 5401 482 5456 est,
506 5395 842 5457 accipiendum
875 5395 958 5444 sit.

331 5477 438 5528 Illic
458 5491 676 5542 passeres
691 5475 1014 5542 nidificabunt
1041 5491 1059 5530 :

333 5539 536 5591 Herodii
556 5539 726 5591 damus
747 5539 916 5591 eorum
937 5546 1024 5602 est,
1044 5541 1151 5592 sive
1170 5539 1392 5591 habetur.

211 5621 289 5686 (ά)
323 5620 378 5671 In
400 5621 745 5684 Alexandrino,
770 5621 947 5672 Aldino
964 5661 978 5686 ,
998 5630 1058 5686 et
1079 5622 1405 5686 Complutensi
1431 5619 1727 5686 exemplati-

153 5679 252 5741 bus,
268 5679 323 5732 in
345 5687 526 5748 quibus
543 5698 694 5748 λαγωοῖς
711 5679 858 5744 {nam
897 5687 947 5735 in
965 5679 1314 5748 Vaticano'gipsi
1351 5696 1550 5746 quoque
1580 5679 1723 5734 LXX.

280 5746 415 5812 una.
437 5746 632 5812 legunt.
652 5748 982 5812 Frequentius
1000 5752 1167 5796 autem
1177 5746 1291 5798 Mss.
1309 5758 1626 5810 trimatum.

280 5767 415 5808 υιλιοις
437 5767 632 5812 legunt.
652 5767 681 5799 Ι*
694 5767 982 5811 requenuus
1000 5767 1183 5796 am.ch

151 5767 434 5871 ἴδηθὴὶοεθ
454 5812 636 5864 iterum
657 5810 968 5864 Martianams
989 5823 1183 5873 deum.

1843 513 2014 570 foveis
2040 513 2283 574 habitare
2302 530 2720 575 consueverunt.

1917 607 2005 663 66.
2045 607 2353 665 Centesimo
2403 620 2633 681 quarto:
2671 613 2824 668 Dedit
2869 625 3006 672 terra
3053 635 3223 674 eorum
3267 639 3425 679 ranas

1846 697 2017 770 (Psal.
2043 701 2166 757 104.
2193 702 2308 773 50).
2342 704 2445 758 Pro
2473 721 2578 776 quo
2603 706 2655 761 in
2681 707 2870 764 Graeco
2896 716 3087 781 δεῆρψεν
3110 727 3202 768 vos
3235 713 3426 785 legisse

1841 791 2040 849 dicitis.
2072 794 2223 862 Quod
2267 807 2445 867 potest
2471 799 2542 854 ita
2573 799 2914 871 interpretari
2955 821 2969 858 :
3014 804 3258 860 Ebullivit
3285 817 3422 863 terra

1841 899 2015 938 eorum
2045 901 2232 952 ranas;
2256 889 2351 944 sed
2379 897 2433 945 et
2457 891 2509 944 in
2542 890 2644 946 hoc
2669 893 2813 947 nulla
2836 903 2918 949 est
2943 909 3136 953 sensus
3162 900 3385 954 mutatio
3409 921 3424 958 :

1842 987 1898 1030 et
1938 991 2036 1032 nos
2082 979 2354 1049 antiquam
2395 981 2887 1051 interpretationem
2931 998 3252 1057 sequentes,
3282 989 3424 1059 quod

1840 1082 1949 1122 non
1971 1069 2221 1136 nocebat,
2253 1079 2461 1126 mutare
2493 1073 2778 1129 noluimus.
2803 1075 2861 1128 ln
2885 1076 3075 1131 eodem
3104 1095 3118 1132 :
3146 1077 3212 1131 Et
3237 1081 3426 1133 contri-

1839 1159 1908 1214 uit
1933 1160 2127 1230 lignum
2153 1163 2331 1230 ﬁniunt
2357 1180 2528 1218 eorum
2557 1165 2717 1236 (Ibid.
2750 1167 2864 1236 55).
2893 1167 2998 1222 Pro
3024 1185 3129 1238 quo
3156 1170 3207 1224 in
3236 1170 3423 1226 Graeco

1839 1251 2108 1308 invenisse
2134 1269 2230 1309 vos
2259 1255 2470 1322 dicitis,
2506 1273 2653 1311 omne
2680 1259 2897 1329 lignum.
2925 1259 3028 1316 Sed
3057 1270 3114 1316 et
3143 1260 3244 1316 hoc
3271 1263 3420 1317 addi-

1837 1351 1952 1398 tum
1978 1353 2060 1400 est
2083 1387 2098 1411 ,
2128 1353 2182 1400 et
2211 1347 2561 1417 superfluum.
2594 1350 2646 1403 in
2675 1349 2861 1405 eodem
2895 1368 2908 1404 :
2951 1351 3204 1419 Quoniam
3230 1371 3421 1408 menter

1839 1435 1938 1504 fuit
1961 1435 2096 1489 verbi
2118 1438 2280 1490 sancti
2305 1439 2385 1492 sui
2408 1479 2423 1504 ,
2449 1439 2588 1507 quod
2616 1439 2790 1495 habuit
2819 1442 2887 1495 ad
2915 1443 3173 1497 Abraham
3204 1460 3416 1514 puerum

1838 1539 1988 1578 suum
2031 1524 2190 1594 (Ibid.
2219 1526 2335 1597 42).
2369 1528 2474 1583 Pro
2505 1544 2612 1599 quo
2642 1530 2694 1585 in
2724 1531 2914 1587 Graeco
2941 1533 3135 1604 legisse
3161 1550 3257 1590 vos
3284 1535 3420 1590 dici-

1837 1615 1905 1670 tis
1934 1657 1948 1678 ,
1981 1624 2030 1670 δν
2057 1621 2230 1672 διέθετο
2251 1661 2266 1685 ,
2299 1619 2351 1674 id
2379 1630 2461 1674 est
2483 1661 2497 1687 ,
2530 1622 2667 1692 quod
2695 1623 2966 1691 disposuit.
2991 1625 3066 1680 lta
3105 1627 3246 1680 enim
3285 1637 3338 1682 et
3363 1628 3417 1684 in

1835 1703 2066 1761 Hebraeo
2087 1749 2101 1774 ,
2131 1717 2186 1762 et
2215 1709 2354 1778 apud
2396 1710 2738 1781 Septuaginta
2780 1711 3007 1768 habetur
3049 1716 3372 1785 lnterpretes
3401 1736 3415 1773 :

1833 1802 2036 1862 δμνήσθη
2058 1809 2141 1852 τοῦ
2163 1808 2298 1864 λόγου
2336 1811 2417 1854 τοῦ
2451 1806 2585 1866 ἁγίου
2605 1806 2772 1867 αὐτοῦ,
2817 1814 2901 1858 τοῦ
2943 1816 3053 1875 πρὸς
3095 1805 3312 1876 Α’ϐραάμ.
3335 1818 3412 1860 τόν

1833 1891 1991 1941 δοῦλον
2010 1893 2177 1943 αὑτοῦ.
2208 1889 2348 1961 Ergo
2379 1891 2521 1960 (ιιιοά
2546 1893 2599 1946 in
2623 1891 2811 1950 Grarco
2839 1895 3051 1964 dicitur,
3071 1903 3119 1951 ὅν
3145 1903 3337 1964 διὲθιτο,
3359 1900 3413 1954 in

1833 1979 1936 2036 hoc
1965 1981 2083 2036 loco
2107 1990 2162 2038 et
2189 1982 2258 2054 (f)
2284 1984 2610 2054 superﬂuum
2633 1996 2734 2052 est,
2758 1996 2812 2044 et
2839 1988 3155 2045 radendum.

1904 2073 1992 2128 67.
2051 2075 2211 2146 671
2276 2075 2584 2132 Centesimo
2631 2079 2854 2148 quinto:
2887 2080 3416 2152 ConﬁteminiDomi-

1832 2181 1918 2233 no,
1944 2167 2182 2236 quoniam
2206 2167 2364 2221 bonus
2395 2167 2567 2238 (Psal.
2603 2171 2724 2225 105.
2755 2171 2834 2238 1).
2868 2171 2972 2226 Pro
3002 2189 3108 2243 quo
3135 2175 3191 2229 in
3222 2175 3412 2233 Graeco

1832 2257 2026 2327 legisse
2052 2273 2148 2312 vos
2175 2258 2352 2314 dicitis
2385 2276 2398 2312 :
2430 2262 2683 2330 quoniam
2711 2271 2914 2332 χρηστὸς
2933 2304 2948 2329 ,
2980 2263 3034 2318 id
3065 2272 3150 2319 est
3176 2307 3192 2334 ,
3221 2269 3410 2338 suavis,

1831 2349 1938 2405 Sed
1960 2351 2236 2406 sciendum
2265 2354 2403 2423 quod
2431 2365 2633 2426 χρηστὸς
2657 2366 2711 2411 et
2735 2359 2786 2410 in
2813 2357 3019 2423 bonum,
3051 2369 3104 2415 et
3126 2361 3178 2415 in
3206 2377 3411 2416 suavem

1831 2439 1925 2512 lal.
1951 2441 2122 2514 suave]
2155 2445 2288 2498 verti
2324 2454 2518 2514 potest.
2554 2447 2794 2514 Denique
2830 2448 2882 2502 in
2930 2449 3156 2506 llehraso
3180 2453 3250 2507 ita
3279 2454 3413 2509 scri-

1828 2543 1979 2602 ptum
2011 2543 2111 2599 est,
2139 2550 2224 2589 cui
2252 2551 2352 2589 τοις
2375 2578 2389 2601 ,
2424 2537 2566 2607 quod
2593 2553 2781 2594 omnes
2811 2554 2950 2597 voce
2978 2541 3142 2597 simili
3174 2551 3411 2599 transtu-

1830 2627 2006 2681 lerunt
2039 2645 2052 2680 :
2089 2628 2207 2697 quia
2241 2627 2421 2681 bonus.
2469 2629 2547 2684 Ex
2592 2645 2699 2700 quo
2743 2633 3081 2702 perSpicuum
3111 2644 3232 2702 est,
3269 2637 3412 2706 quod

1830 2728 2030 2788 χρηστὸς
2056 2758 2071 2784 ,
2103 2718 2274 2774 bonus
2301 2721 2639 2791 intelligitur.
2685 2721 2741 2776 ln
2772 2723 2960 2779 eodem
2995 2742 3008 2777 :
3040 2724 3161 2779 Non
3207 2729 3414 2795 fuerunt

1828 2827 2074 2866 memores
2091 2811 2430 2867 multitudinis
2453 2814 2815 2868 misericordiae
2837 2824 2954 2869 tuae.
2982 2816 3165 2871 Dicitis
3189 2817 3329 2887 quod
3355 2819 3408 2874 in

1829 2901 2018 2959 Graeco
2076 2903 2388 2960 inveneritis
2426 2921 2440 2958 :
2474 2903 2540 2957 Et
2587 2921 2688 2959 non
2732 2908 2934 2976 fuerunt
2985 2924 3244 2963 memores.
3291 2909 3361 2964 Et
3389 2952 3406 2979 ,

1827 2996 2135 3066 conjunctio
2179 2996 2447 3067 superflua
2489 3005 2590 3051 est.
2628 2997 2685 3050 ln
2719 2997 2906 3052 eodem
2939 3017 2951 3052 :
2990 2998 3060 3053 Et
3089 3001 3411 3058 irritaverant

1826 3088 2151 3142 ascendentes
2192 3089 2247 3141 in
2282 3104 2425 3142 mare
2452 3086 2472 3158 (
2488 3105 2518 3158 g
2538 3087 2557 3159 )
2577 3127 2593 3154 ,
2626 3104 2766 3168 mare
2809 3089 3060 3146 Rubrum.
3091 3091 3194 3147 Pro
3222 3108 3329 3162 quo
3355 3096 3407 3149 in

1825 3181 2014 3238 Graeco
2046 3181 2313 3236 invenisse
2334 3195 2430 3236 vos
2459 3181 2633 3236 dicitis
2665 3222 2681 3248 ,
2713 3195 3062 3255 παρεπίκραναν
3082 3226 3098 3252 ,
3129 3195 3184 3240 et
3213 3187 3409 3254 putatis

1824 3272 2049 3328 verbum
2075 3288 2105 3327 e
2128 3272 2294 3327 verbo
2319 3271 2518 3327 debere
2542 3273 2862 3342 transferri,
2892 3284 2942 3329 et
2979 3276 3407 3333 amaricauerttnt.

1823 3365 1930 3422 Sed
1961 3365 2077 3421 haec
2097 3365 2466 3435 interpretatio
2483 3365 2832 3422 annullationi
2855 3368 3147 3424 consimilis
3167 3380 3268 3436 est,
3295 3372 3409 3428 sive

1825 3458 2217 3518 annihilationi.
2265 3458 2448 3530 Legite
2470 3457 2738 3525 Ezechiel,
2787 3471 2840 3514 et
2881 3459 3163 3516 invenietis
3189 3485 3403 3533 παραπι-

1824 3564 2047 3626 κρασμός,
2070 3551 2424 3617 irritationem,
2445 3560 2499 3608 et
2514 3552 2940 3607 exacerbationem
2960 3567 3172 3623 semper
3189 3568 3414 3625 expres-

1824 3661 1965 3713 sum,
1999 3646 2085 3701 ubi
2109 3644 2303 3700 dicitur
2325 3686 2341 3712 ,
2387 3649 2519 3706 οἶκος
2547 3657 2965 3716 παραπικραίνων,
2993 3645 3044 3701 id
3071 3654 3152 3701 est
3174 3689 3191 3715 ,
3228 3647 3410 3703 domus

1825 3754 2133 3809 exasperans
2187 3738 2205 3805 (
2229 3737 2416 3791 Ezeclt.
2443 3738 2492 3790 7.
2520 3738 2573 3792 5.
2604 3737 2658 3792 6.
2690 3747 2735 3791 et
2764 3736 2954 3808 seqq.)
2988 3737 3046 3790 In
3068 3739 3257 3793 eodem
3287 3759 3300 3792 :
3329 3740 3401 3794 Et

1825 3832 1950 3884 vidit
1975 3873 1989 3898 ,
2020 3848 2133 3884 eum
2183 3829 2544 3882 tribularentur
2569 3869 2586 3894 ,
2615 3838 2663 3881 et
2689 3829 2881 3881 audivit
2910 3828 3187 3881 orationem
3231 3845 3408 3884 eorum

1826 3923 1986 3994 (Ibid.
2005 3922 2117 3990 44).
2150 3917 2416 3987 Quidquid
2437 3929 2586 3971 extra
2607 3917 2709 3971 hoc
2734 3917 2788 3970 in
2811 3915 2998 3972 Graeco
3023 3917 3292 3974 invenisse
3311 3935 3409 3976 vos

1827 4015 2001 4070 dicitis
2024 4056 2038 4076 ,
2075 4013 2152 4083 (ἡ)
2178 4008 2502 4080 superﬂuum
2534 4019 2634 4064 est.

1900 4105 1987 4160 68.
2017 4102 2323 4159 Centesimo
2360 4111 2513 4158 sexto
2541 4099 2648 4173 (i):
2678 4099 2746 4154 Et
2773 4100 2950 4156 statuit
2979 4101 3256 4172 procellam
3289 4104 3398 4175 ejus

1893 4256 1963 4319 (Γ)
1993 4252 2154 4319 Hodie
2178 4255 2228 4319 in
2250 4253 2401 4319 nullo,
2425 4253 2553 4315 quod
2578 4253 2754 4319 sciam,
2776 4251 2948 4319 Graeco
2972 4253 3246 4319 exemplari
3271 4257 3412 4319 inve-

1827 4312 1975 4376 nitur,
2003 4318 2095 4366 etsi
2118 4315 2275 4379 Latini
2307 4312 2647 4379 omne—s,_guod
2668 4312 2926 4379 rdispomtit,
2957 4315 3037 4364 vel
3061 4312 3189 4379 (μὰ)ιί
3213 4317 3410 4378 habuit,

1828 4388 1912 4430 aut
1955 4379 2084 4440 quod
2129 4377 2313 4428 locutus
2362 4382 2450 4428 est.
2492 4377 2722 4426 Hebraic.
2771 4381 2916 4459 ἰω-φ
3101 4384 3190 4459 £15;
3213 4377 3410 4459 ibi

2928 4452 3076 4510 ,τι-,ιν
3101 4455 3295 4507 ΕΠἾΞΝ
3326 4458 3413 4507 rut

1892 4522 1964 4586 (g)
1998 4518 2298 4572 Vocabulum
2323 4532 2456 4570 mare
2477 4519 2572 4586 duo
2595 4532 2625 4568 e
2663 4520 2840 4586 nostris
2870 4519 2985 4569 Mss.
3009 4532 3103 4568 non
3141 4527 3411 4586 repetunt,

1830 4579 2028 4657 Graecus
2071 4596 2269 4657 quoque
2284 4620 2302 4657 ζ
2326 4589 2401 4657 ¹ει
2445 4579 2680 4657 pleraque
2719 4581 3002 4657 latinarum
3044 4579 3412 4657 translationum

1830 4620 3414 4712 namnam_sagacissimis;regnasse}an;

1829 4701 2007 4765 locum:
2041 4725 2064 4754 ι
2081 4707 2248 4758 Codex
2265 4744 2278 4764 ,
2303 4704 2474 4766 inquit,
2502 4701 2648 4766 quem
2674 4703 3026 4766 intuebar_,rsic
3048 4701 3263 4766 habebat.
3297 4703 3314 4763 (
3338 4702 3414 4754 bis

1827 4762 2018 4833 nempe)
2046 4783 2058 4817 :
2086 4777 2137 4819 et
2152 4769 2232 4833 his
2247 4762 2659 4833 quidemgdupbus
2683 4765 2848 4814 verbis
2863 4762 3062 4833 ultimis,
3079 4763 3207 4833 quod
3231 4762 3414 4833 dictum

1831 4842 1924 4895 est,
1939 4822 2084 4882 "mare
2105 4822 2327 4895 rubrum,
2353 4827 2494 4879 stella
2517 4826 2678 4895 fuerat
2701 4831 2966 4895 prmnotata
2978 4861 2992 4883 ,
3020 4822 3122 4895 qua
3138 4822 3413 4895 signiﬁcem-

1779 4897 1782 4899 “
1829 4884 2039 4958 ιιιιίιιυω
2062 4884 2350 4958 ἱιιίῌιθῢιεέο
2373 4897 2505 4949 sunt,
2522 4889 2645 4958 etin
2664 4884 3069 4958 interpretatione
3092 4884 3414 4958 Septuaginta

1830 4972 1925 5008 non
1945 4947 2080 5006 'suut.
2102 4955 2282 5004 Plures
2302 4947 2683 5016 autem_t:odices
2704 4984 2718 5007 ,
2744 4961 2874 5016 quos
2890 4947 3137 5016 inspicere
3168 4947 3300 5016 potui
3320 4982 3334 5006 ,
3362 4954 3415 5016 et

1832 5005 1989 5070 Graeci
2029 5005 2082 5066 et
2118 5017 2270 5072 Latini
2311 5018 2380 5063 sic
2411 5013 2594 5061 habent
2623 5005 2720 5059 εει
2754 5005 3109 5072 irritaverant,
3153 5005 3236 5072 vel
3282 5005 3414 5072 quod

1833 5068 2202 5148 cupressiusne
2228 5068 2399 5125 Graeco
2423 5080 2514 5134 est,
2535 5078 2590 5122 Et
2607 5068 3008 5130 amaricaverttnt,
3026 5068 3338 5120 ascendentes
3361 5070 3414 5121 in

1831 5151 1979 5266 "‘35
2001 5151 2280 5262 inimica...
2311 5209 2522 5257 nomen;
2568 5194 2687 5266 ubi,
2725 5206 2800 5245 sua
2830 5201 2905 5245 at.
2925 5204 3055 5257 κιρως
3091 5202 3129 5246 ιν
3149 5209 3201 5266 39
3224 5205 3411 5254 θλίβωοιι

1833 5253 1965 5322 me;
1986 5277 2021 5314 tv
2052 5279 2104 5326 τῷ
2138 5253 2249 5310 «axi.
2270 5253 2486 5310 ἰισωιώσαι
2506 5253 2571 5316 ax,
2594 5253 2748 5317 διήάως
2767 5268 2884 5306 αὐτῶν
2905 5267 2918 5303 :
2940 5253 3051 5326 nam
3089 5253 3413 5326 'teliqgilélu:

1833 5353 1920 5391 ces
1951 5319 2225 5397 euphoniae
2283 5331 2438 5392 magis
2494 5327 2800 5388 inserviunt,
2854 5333 2907 5377 et
2937 5325 3180 5375 Hebraieo
3215 5319 3414 5375 πιππι

1829 5424 1974 5473 cum
1990 5425 2075 5472 nn
2108 5425 2326 5488 pressius
2353 5421 2668 5488 respondent.

1899 5491 1960 5556 (i)
1989 5479 2333 5556 Brevissimam
2373 5479 2498 5556 hanc
2532 5482 2786 5556 periodum
2804 5520 2819 5540 ,
2955 5493 3053 5556 non
3075 5492 3173 5556 una
3195 5479 3412 5556 interpr):

1836 5542 2019 5606 latio'ne
2039 5549 2354 5601 deformatam
2377 5585 2391 5604 ,
2409 5597 2412 5600 ,
2433 5546 2488 5607 si
2519 5542 2608 5607 pro
2641 5552 2780 5607 captu
2821 5551 2988 5607 nostro
3022 5542 3194 5607 liceat,
3215 5553 3278 5590 en
3304 5553 3414 5607 _qun

1837 5603 1976 5680 pacto
1999 5603 2388 5680 emendabinrus.’
2414 5603 2532 5680 «ξιξ
2548 5603 2720 5680 statuit
2743 5603 3001 5680 procellam
3023 5606 3073 5680 in
3095 5615 3280 5680 auram.
3304 5603 3414 5680 Hoc

1841 5667 1962 5742 is,ng
1975 5675 2102 5740 quod
2125 5672 2234 5742 plu_s
2254 5673 2348 5720 isto
2377 5668 2616 5742 in-Grag‘co
2638 5667 2885 5742 invenisse
2909 5680 2994 5715 vos
3014 5667 3412 5742 dicitugfaulmet,

1839 5727 2024 5799 ait”;
2044 5727 2344 5799 superfluum
2367 5739 2458 5799 est.
2484 5747 2508 5799 ῃ
2539 5729 2690 5799 Certe
2711 5728 2853 5799 aliter
2874 5742 3050 5799 sensus
3068 5728 3261 5799 restitui
3289 5727 3412 5799 haud

1835 5787 2090 5859 made
2106 5787 2274 5863 potest
2288 5829 2305 5860 ,
2337 5793 2429 5847 sed
2449 5792 2652 5845 nimium
2672 5792 2804 5846 inter
2824 5804 2883 5844 se
2903 5793 3087 5846 variant
3104 5791 3197 5844 hoc
3217 5792 3268 5842 in
3306 5787 3415 5840 loco

3458 5392 3501 5459 Li
