4054 6192
175 344 296 404 885

183 458 299 514 Sed
322 455 616 520 sciendum,
636 459 692 510 et
709 443 847 523 apud
871 439 1146 514 Hebraeos,
1169 455 1223 506 et
1237 446 1377 521 apud
1401 446 1764 521 Septuaginta,

184 557 246 602 et
289 563 476 603 omnes
521 547 657 601 alios
711 541 1035 612 lnterpretes
1105 539 1272 613 674.
1341 541 1598 610 scriptum
1646 555 1766 596 esse

181 639 246 692 in
268 637 498 694 manibus
534 637 688 700 meis,
718 642 772 689 et
802 649 907 688 non
926 674 944 700 ,
983 634 1037 687 in
1061 634 1292 688 manibus
1331 633 1450 687 tuis.
1483 632 1636 699 Quod
1665 633 1768 688 lle-

179 728 375 784 braice
415 728 604 783 dicitur
634 726 712 796 (a)
737 739 1028 790 BACEAI’I'I;
1075 732 1129 779 et
1155 737 1343 778 omnes
1382 722 1522 794 apud
1550 721 1766 780 Graecos

182 818 552 872 Ecclesiastici
582 816 907 886 [interpretes
934 815 1094 869 istum
1115 814 1288 870 locum
1319 814 1399 868 sic
1423 814 1726 869 cdisscrunt
1751 833 1765 869 :

173 921 240 964 et
277 921 358 965 est
397 909 630 964 breviter
672 909 759 963 hic
797 922 1027 963 sensus:
1075 906 1326 974 Quotidie
1371 906 1678 976 periclitor,
1715 916 1769 962 et

174 1001 345 1070 quasi
377 1001 430 1054 in
475 1000 720 1054 manibus
749 999 884 1055 meis
925 998 1238 1068 sanguinem
1279 1014 1458 1053 meum
1494 1008 1686 1068 porto;
1717 1008 1770 1053 et

175 1092 370 1148 tamen
400 1094 572 1163 legem
598 1103 740 1148 tuam
772 1109 875 1147 non
903 1093 1208 1149 obliviscor.
1236 1093 1294 1147 In
1319 1093 1508 1148 eodem
1539 1113 1552 1148 :
1590 1093 1770 1148 Exitus

171 1199 435 1252 aquarum
477 1185 790 1240 deduxerunt
827 1183 961 1237 oculi
987 1184 1120 1247 mei,
1153 1184 1272 1254 quia
1296 1200 1396 1238 non
1430 1185 1771 1240 custodierunt

171 1276 350 1345 legem
389 1286 524 1330 tuam
549 1274 669 1347 (Ps.
698 1275 822 1331 118.
848 1273 989 1346 156).
1016 1276 1120 1330 Pro
1145 1291 1251 1346 quo
1285 1277 1336 1330 in
1364 1275 1553 1332 Grreco
1578 1277 1772 1347 legisse

173 1380 286 1419 vos
308 1365 483 1421 dicitis
504 1365 577 1438 (b)
602 1383 615 1418 :
637 1366 755 1435 quia
779 1382 880 1421 non
910 1366 1159 1419 custodivi
1184 1349 1341 1437 legem
1363 1375 1521 1419 tuam.
1538 1367 1644 1422 Sed
1673 1367 1772 1423 hoc

171 1457 520 1525 superﬂuum
569 1467 682 1522 est,
732 1457 856 1527 quia
908 1466 961 1514 et
1004 1458 1059 1512 in
1107 1457 1332 1512 Hebraeo
1381 1458 1615 1528 legitur:
1659 1457 1772 1512 Rivi

176 1566 436 1615 agnorunt
464 1551 686 1618 ﬂuebant
713 1552 776 1604 de
799 1549 958 1604 oculis
988 1550 1133 1615 meis,
1157 1550 1276 1619 quia
1305 1566 1406 1604 non
1430 1550 1773 1628 custodierunt

184 1641 355 1710 legem
382 1648 542 1693 luant.
573 1639 628 1693 In
659 1640 849 1694 eodem
887 1657 900 1693 :
937 1638 1298 1693 Pronuntiabit
1327 1642 1504 1710 lingua
1532 1657 1644 1695 mea
1669 1641 1775 1696 elo-

123 1762 126 1763 ν
179 1733 364 1800 quium
393 1741 534 1784 tuum
565 1729 726 1805 (Ibid.
761 1729 904 1802 172).
950 1731 1054 1786 Pro
1093 1733 1472 1800 pronuntiabit,
1504 1733 1556 1786 in
1587 1732 1773 1788 Graeco

177 1834 433 1897 φθέγξεται
461 1838 557 1879 vos
595 1823 1028 1892 legisse'dixistis
1059 1840 1074 1876 :
1112 1822 1254 1891 quod
1284 1821 1505 1877 verbum
1548 1824 1661 1878 sive
1687 1823 1772 1878 di-

173 1929 304 1980 cas,
334 1915 697 1982 pronuntiabit,
728 1914 870 1978 sive,
899 1911 1168 1979 e/Iabitur,
1197 1913 1309 1967 sive
1328 1953 1343 1977 ,
1370 1911 1601 1981 loquetur
1623 1951 1639 1978 ,
1688 1912 1768 1968 id-

183 2005 370 2074 ipsum
414 2006 694 2074 signiﬁcat.
743 2004 976 2074 Denique
1018 2011 1071 2057 et
1103 2017 1200 2056 nos
1229 1999 1301 2074 (ε)
1326 2001 1390 2056 ile
1436 2001 1663 2057 llchraco
1703 2003 1772 2057 ita

182 2098 477 2162 s‘ertimus;
501 2095 754 2165 Loquetur
785 2096 959 2164 lingua
989 2110 1101 2148 mea
1127 2109 1404 2147 sermonem
1429 2103 1592 2148 tuum.

263 2187 354 2241 76.
395 2186 702 2242 Centesimo
730 2186 939 2240 decimo
981 2200 1123 2240 nouo
1154 2201 1169 2238 :
1205 2183 1418 2238 Domine
1458 2185 1616 2239 libera
1657 2185 1773 2239 ani-

178 2296 331 2335 mam
357 2295 519 2334 meam
563 2295 596 2331 a
634 2278 780 2332 labiis
831 2278 1019 2341 iniquis
1043 2318 1057 2342 ,
1106 2293 1137 2330 a
1175 2277 1350 2346 lingua
1388 2277 1568 2332 dolosa
1602 2277 1769 2349 (Psal.

181 2371 322 2428 119.
354 2369 426 2442 1).
458 2369 514 2424 ln
539 2367 728 2425 Grzeco
749 2368 942 2438 legisse
965 2381 1064 2422 vos
1097 2366 1296 2433 dicitis,
1327 2376 1375 2422 et
1411 2384 1445 2422 a
1468 2368 1646 2438 lingua
1683 2369 1775 2424 do-

180 2465 306 2520 losa
323 2479 342 2527 ;
373 2460 468 2516 scd
494 2469 562 2527 et,
592 2459 919 2538 superﬂuum
955 2466 1060 2515 est.

264 2554 356 2608 77.
388 2551 700 2607 Centesimo
731 2551 992 2621 vigesimo
1016 2558 1193 2616 sexto,
1221 2547 1410 2604 Beatus
1435 2549 1534 2616 vir,
1569 2550 1658 2620 qui
1681 2551 1776 2605 im-

185 2646 348 2722 plebit
371 2645 676 2699 desiderium
693 2660 842 2698 suum
859 2660 922 2698 ea:
941 2644 1066 2714 ipsis
1086 2641 1204 2716 (Ps.
1230 2641 1353 2698 126.
1377 2640 1454 2714 5).
1495 2643 1550 2698 In
1588 2642 1775 2700 Grmco

185 2740 396 2805 dicitis,
417 2738 596 2802 virum,
628 2752 731 2791 non
765 2735 987 2801 haberi;
1014 2735 1159 2806 quod
1183 2734 1620 2792 manifestissime
1643 2737 1772 2792 etin

183 2832 424 2890 Hebraeo
444 2871 459 2896 ,
493 2829 627 2886 etin
654 2829 1000 2899 Septuaginta
1032 2827 1424 2898 lnterpretibus
1451 2829 1772 2886 continetur.

267 2924 357 2980 78.
392 2923 694 2980 Centesimo
714 2921 973 2992 vigesimo
998 2935 1164 2987 nono,
1195 2919 1418 2992 Propter
1446 2922 1606 2991 legem
1634 2931 1775 2976 tuam

184 3015 411 3084 sustinui
436 3023 504 3080 te,
535 3012 754 3067 Domine
781 3010 900 3084 (Ps.
930 3011 1054 3068 129.
1085 3009 1162 3084 4).
1183 3012 1373 3070 Dicitis
1397 3027 1494 3068 vos
1513 3014 1564 3068 in
1589 3013 1775 3070 Greco

188 3103 468 3162 invenisse
498 3120 511 3155 :
561 3101 778 3170 Propter
817 3117 998 3156 nomen
1043 3109 1218 3166 tuum;
1245 3111 1300 3157 et
1325 3117 1422 3158 nos
1458 3104 1777 3159 conﬁtemur

190 3195 356 3267 plura
427 3194 590 3265 675
662 3193 986 3262 exemplaria
1007 3192 1086 3248 sic
1109 3193 1353 3262 reperiri.
1385 3193 1489 3251 Sed
1535 3196 1658 3264 quia
1687 3211 1778 3252 ve-

187 3288 346 3345 ritati
371 3285 682 3350 studemus,
705 3285 832 3355 quid
861 3285 912 3338 in
943 3284 1174 3342 ΗΘΜ-πο
1198 3285 1308 3350 sit,
1346 3286 1660 3356 simpliciter
1684 3289 1777 3345 de.

189 3377 390 3432 bemus
412 3375 612 3431 dicere.
645 3375 768 3442 Pro,
799 3375 1000 3428 nomine
1019 3414 1032 3438 ,
1064 3376 1196 3441 sive,
1226 3374 1332 3445 lege
1351 3417 1366 3442 ,
1403 3377 1544 3445 apud
1575 3392 1670 3432 eos
1696 3379 1775 3434 le-

189 3469 344 3540 gitur
378 3482 576 3534 ruma,
626 3465 766 3536 quod
814 3465 1005 3536 Aquila
1051 3464 1431 3534 interpretatus
1477 3475 1560 3522 est
1604 3478 1773 3542 φόϐον,

193 3562 476 3615 timorem:
520 3557 902 3630 Symmachus,
946 3563 1002 3613 et
1039 3554 1117 3630 (el)
1142 3556 1478 3615 Theodotion
1523 3569 1691 3628 νόμον,
1723 3563 1775 3617 id

261 3695 452 3768 (aLSic
473 3696 578 3757 ipse
601 3691 812 3768 Bachaﬂi
842 3694 1038 3768 legerat
1070 3693 1249 3768 minori
1282 3707 1522 3768 numero,
1551 3699 1606 3768 et.
1626 3697 1778 3767 vertit

196 3759 251 3809 in
272 3753 433 3830 pulmo
455 3753 591 3830 mea,
615 3771 711 3830 non
1078 3753 1253 3818 plurali
1268 3794 1282 3814 ,
1300 3757 1457 3830 etiam
1479 3753 1519 3830 si
1556 3756 1669 3830 heic
1688 3758 1778 3830 ,Lm

195 3818 416 3890 mamilius
436 3818 554 3868 meis
575 3819 749 3890 haberi
769 3818 1188 3887 apud'Hebraeos,
1226 3818 1528 3925 pronuntiet.
1564 3821 1778 3887 Quaestio

196 3880 387 3931 scilicet
409 3885 511 3950 tota
540 3880 604 3928 de
627 3878 710 3950 illo
734 3887 865 3950 erat)
892 3886 1054 3928 utrum
1085 3891 1203 3928 mets
1245 3885 1510 3950 egeretug‘,
1538 3891 1600 3950 an
1635 3885 1776 3950 lues:

198 3951 380 3993 cuitera
393 3941 641 4008 minus
663 3941 1060 4008 rem._Perquan1
1075 3951 1206 4008 _ve_ro
1229 3938 1446 4008 apposite
1544 3940 1776 4008 Augusti-

201 4016 315 4063 nus,
349 4019 373 4048 ι
393 3999 643 4058 Nonnulli,
666 4000 840 4072 inquit,
863 3999 1053 4068 codices
1075 3999 1284 4057 habent,
1308 3999 1358 4046 in
1380 3999 1602 4047 manibus
1623 4002 1776 4070 meis:

201 4065 296 4110 sed
316 4062 486 4110 nlures
503 4099 518 4110 .
542 4065 594 4110 in
614 4069 711 4110 tuis
737 4075 749 4108 :
776 4067 830 4110 et
850 4061 944 4108 hoc
965 4060 1165 4110 quidem
1187 4058 1380 4110 planum
1403 4066 1581 4108 est.....
1606 4059 1779 4110 Amma

198 4060 486 4125 sed'plures
503 4099 518 4122 ,
542 4065 594 4110 in
614 4063 711 4110 tuis
737 4075 749 4108 :
776 4067 830 4110 et
850 4061 944 4108 hoc
965 4060 1165 4120 quidem
1187 4060 1380 4120 planum
1403 4066 1581 4108 est.....
1606 4060 1776 4110 Anima

195 4140 324 4192 vero
347 4136 460 4192 mea
479 4125 530 4171 in
546 4123 773 4192 manibus
790 4120 1176 4192 meisquomodo
1199 4119 1498 4192 intelligatur
1511 4154 1543 4192 λ
1569 4119 1776 4192 ignoro;

197 4189 316 4252 iusti
341 4184 811 4252 quippe-ista‘verha
829 4179 970 4252 sunt;
993 4194 1088 4230 non
1112 4181 1305 4243 iniusti,
1329 4179 1480 4252 sete.
1503 4179 1780 4252 pceurrunt

175 4205 316 4300 {usu
341 4205 635 4254 quippcnnu
663 4205 811 4232 "sum
829 4205 970 4254 διξιιι,
994 4205 1088 4230 nun
1112 4205 1305 4243 "quasi,
1330 4205 1352 4225 ι
1383 4205 1480 4290 crs.
1503 4205 1612 4252 γυυι

221 4243 1612 4357 ωᾶἳθιῗὲῗθἒιῒᾉὲῗι·εί⁰ει⁶ἒεωῗέιι¹⁸ιέφ⁰εἳὶῧι⁶”ηὲτῗηιθὶῖέιξὲἫ

270 4302 341 4419 (Β)
374 4306 494 4378 Haec
534 4302 846 4378 quoque
882 4302 1047 4375 parte
1073 4302 1233 4376 aliqua
1275 4302 1504 4352 mulctatfa
1555 4303 1779 4354 videatur

329 4377 512 4419 actoris
547 4373 828 4427 sententia;
853 4366 1094 4427 siquidem
1125 4379 1174 4414 tn
1207 4365 1392 4423 verbo,
1433 4364 1776 4427 deduxerunt,

203 4371 258 4421 S.
283 4371 512 4419 Doctoris
547 4371 828 4427 sententia;
853 4371 1094 4427 siquidem
1125 4371 1174 4414 in
1207 4371 1392 4423 verbo,
1433 4371 1776 4428 deduxerunt,

205 4445 294 4495 pro
310 4445 408 4501 quo
420 4428 463 4501 OG
469 4443 622 4501 meum:
634 4427 1246 4501 @Wu,ndescende§unt,
1257 4432 1348 4501 aut
1369 4428 1780 4501 8dﬂqm,!fﬂﬂ§i8-

361 4487 782 4560 priordiﬂicultas,
804 4502 833 4539 a
853 4488 1114 4560 Germanis
1134 4487 1366 4560 fratribus
1386 4487 1627 4560 proposita
1645 4523 1660 4549 ,
1680 4490 1778 4560 dis-_

203 4548 469 4606 simulatur.
495 4551 764 4614 Utramque
786 4555 921 4601 notat
938 4549 990 4598 S.
1011 4548 1326 4611 Augustinus,
1350 4548 1416 4601 ei
1436 4548 1533 4612 quo
1555 4550 1634 4599 hic
1653 4553 1777 4616 apud

203 4616 467 4667 Auctorem
489 4620 708 4664 nostrum
732 4612 865 4662 locus
884 4610 1136 4674 reformari
1160 4613 1327 4672 possit.
1359 4610 1528 4674 «Sunt
1547 4650 1560 4664 .
1586 4611 1744 4674 inquis
1760 4651 1775 4674 ,

203 4616 467 4667 Auctorem
489 4620 708 4664 nostrum
732 4616 865 4662 locus
884 4616 1136 4661 reformari
1160 4616 1327 4672 possit.
1359 4628 1382 4657 ι
1403 4616 1560 4664 Sunt.
1586 4616 1744 4674 inquit
1760 4651 1775 4674 ,

206 4677 416 4736 codices,
442 4675 524 4737 qui
548 4688 648 4724 non
672 4675 855 4746 habent
865 4711 892 4746 ρ,
909 4673 1290 4746 descenderunt,
1315 4673 1424 4732 sed,
1436 4675 1776 4746 transierunt;

206 4735 432 4800 tanquam
455 4735 816 4806 exaggeranter
847 4736 1041 4806 diceret.
1057 4736 1408 4806 ,Ltransisse‘se
1432 4735 1780 4806 ﬂendotontes

396 4811 454 4872 59-
477 4814 500 4843 ι
530 4795 754 4872 Firmo
775 4799 1004 4872 ξυρεῖνξμες
1023 4795 1432 4872 alcatim?!)
1454 4796 1712 4872 ξοςξίείάαε
1732 4805 1778 4872 et

206 4855 296 4923 luit:
314 4858 504 4921 legitur,
528 4855 646 4920 Quia
660 4872 756 4913 non
770 4855 1004 4910 euitodiui
1021 4855 1173 4922 legem
1193 4864 1343 4909 tuam.
1367 4858 1432 4909 Et
1452 4857 1650 4910 Gracus
1670 4863 1778 4923 qui-

205 4922 342 4982 dem,
367 4932 442 4971 ιιιι
461 4933 524 4972 οἶοι
544 4932 717 4984 ιφλαεα.
1689 4922 1702 4923 ί

237 5047 248 5055 _
277 4979 340 5047 (ε)
380 4982 680 5055 Dardanians
706 4981 767 5055 in
787 4982 992 5034 Hebraeo
1010 5015 1028 5040 ,
1054 4980 1190 5055 legit
1223 4981 1398 5031 ductus
1421 4982 1583 5045 inepta
1599 4997 1780 5055 _suspt-

205 5041 379 5118 ςίςξιιδι
391 5041 520 5118 quos
534 5043 610 5118 ita,
621 5044 1091 5118 ,tlsbwemmit
1103 5041 1429 5118 ωβτουνεξινε
1446 5041 1580 5118 enim
1597 5041 1778 5118 Ita-is-

205 5102 1039 5181 lationem
1064 5103 1270 5156 Leviora
1289 5102 1384 5154 alia
1419 5107 1527 5168 ejus
1549 5107 1780 5158 editionis

206 5170 322 5222 vitia
341 5179 402 5217 su
433 5178 486 5216 ra
509 5165 836 5217 emendantes.
1447 5165 1462 5168 “

206 5292 218 5304 .
269 5228 342 5295 (αι
379 5182 1053 5304 ὅωηξφιιφριξρτθιαενςιιμί
1078 5240 1192 5304 an».
1210 5245 1276 5304 τρε
1299 5230 1601 5304 suum
1632 5229 1780 5304 Ms!-

201 5289 297 5365 lgii
532 5289 1354 5365 Theodotiouanplinterpretamm"
1387 5289 1542 5365 iniisse
1583 5289 1777 5365 asserit.

203 5354 372 5416 Quoad
393 5353 652 5404 Hebreum
689 5365 859 5416 vocem
902 5352 1046 5402 Thira
1062 5389 1077 5412 ,
1093 5352 1102 5353 “
1120 5361 1287 5403 textus
1325 5353 1587 5404 hodienum
1630 5354 1780 5416 habet

207 5413 378 5473 illam,
403 5420 537 5474 smn
553 5453 571 5479 ,
595 5413 726 5475 quod
750 5423 916 5464 tamen
943 5415 1230 5465 vocabulum
1254 5452 1268 5477 ,
1310 5417 1438 5478 quod
1477 5428 1590 5464 cum
1631 5413 1779 5478 Λιθρή

197 5486 459 5548 scribatur,
485 5497 578 5533 non
605 5494 812 5548 aetum
832 5489 959 5536 verti
991 5486 1181 5543 Latine,
1207 5493 1290 5536 aut
1310 5499 1417 5548 νόμος
1439 5485 1611 5548 Graece
1632 5520 1646 5543 ,
1679 5498 1776 5535 non

199 5547 390 5596 debuit.
416 5545 588 5608 Itaque
621 5546 1000 5608 hallucinationis
1023 5550 1210 5599 occasio
1243 5545 1426 5597 non‘ex
1468 5547 1778 5596 similitudine

198 5613 222 5666 Ἰ
246 5615 298 5658 et
315 5612 338 5663 't
358 5607 534 5665 oritur,
548 5620 656 5678 quae
677 5607 854 5659 litterae
873 5610 976 5660 sola
993 5609 1323 5678 magnitudine
1345 5608 1588 5666 diﬂ‘crant,
1602 5607 1693 5657 sed
1713 5623 1776 5658 ex

197 5691 318 5728 sono
342 5685 601 5740 postremae
624 5676 801 5729 litterae
823 5692 864 5736 at
887 5676 1178 5730 scilicet'aut
1196 5686 1235 5732 Π
1256 5681 1337 5742 qui
1360 5678 1467 5729 fere
1495 5680 1624 5727 idem
1665 5687 1740 5728 est
1759 5715 1772 5739 ,

201 5758 253 5802 et
274 5751 435 5814 potuit
453 5749 772 5815 Symmachus
795 5759 848 5802 et
866 5751 1170 5802 Theodotion
1200 5749 1252 5798 in
1276 5762 1334 5798 ca
1357 5762 1478 5799 voce
1501 5753 1634 5805 min
1656 5761 1775 5798 cen-

195 5835 314 5876 sere
337 5829 375 5878 Π
397 5837 510 5883 cum
529 5830 580 5882 tt,
595 5824 745 5878 fulﬁlé
768 5831 1136 5888 pennulatum;
1163 5834 1457 5884 quamquam
1475 5819 1621 5880 istud,
1647 5821 1774 5883 quod

206 4811 454 4860 aquarum.
477 4814 500 4843 ι

1548 331 1884 402 Ειηετοιλ
1920 336 2054 402 θη.

1873 461 1976 519 est,
2004 453 2180 525 legem,
2205 462 2454 525 putantes
2478 470 2674 525 neas,
2703 467 2924 532 prepter
2950 463 3243 532 littersntm
3265 475 3454 534 simili.

1878 547 2116 604 tudinem
2147 547 2253 602 Jod
2271 592 2285 614 ,
2319 561 2374 606 et
2410 549 2520 605 Vau
2539 593 2555 619 ,
2585 568 2704 622 quae
2730 563 2932 612 tantum
2974 565 3338 632 magnitudine
3361 569 3449 626 di-

1873 638 2233 707 stinguuntur.
2279 641 2476 710 Quinta
2515 643 2737 715 Editio,
2784 657 3060 720 terrorum,
3105 655 3452 728 interpretata

1873 737 1974 795 est,
1999 731 2181 799 Sexta,
2204 734 2431 790 uerbum.

1947 823 2032 877 79.
2061 823 2368 891 Centesimo
2399 828 2674 898 trigesimo
2699 832 2878 901 primo
2904 850 2920 890 :
2950 835 3100 894 Sicut
3137 840 3325 903 iuravit
3349 843 3457 900 Do-

1875 911 2032 980 mino,
2068 923 2238 968 votum
2272 919 2406 971 vovit
2442 917 2553 974 Deo
2600 921 2762 977 Iacob
2807 923 2928 998 (Ps.
2966 929 3089 984 151.
3115 929 3194 1003 2).
3241 932 3346 989 Pro
3391 951 3458 993 eo

1874 1004 2016 1072 quod
2049 1019 2147 1096 nos
2186 1007 2517 1078 interpretati
2555 1027 2771 1080 sumus,
2800 1025 2968 1072 votum
2992 1021 3123 1075 vovit
3150 1021 3205 1078 in
3243 1024 3453 1096 Graeco,

1876 1105 2052 1163 ἥυεατο
2077 1095 2147 1172 (e)
2176 1100 2369 1169 legisse
2403 1117 2498 1158 vos
2537 1103 2751 1172 dicitis,
2797 1116 2852 1164 et
2891 1113 3088 1180 putatis
3119 1095 3455 1186 interpretari

1875 1189 2144 1259 debuisse,
2173 1195 2332 1249 oravit
2361 1196 2494 1252 :sed
2525 1197 2628 1252 hoc
2653 1199 2813 1264 male;
2851 1207 2968 1271 εὐχὴ
2998 1205 3142 1261 enim
3173 1222 3269 1277 pro
3299 1209 3448 1267 loco-

1875 1296 1995 1336 rum
2021 1285 2274 1352 qualitate
2295 1328 2310 1352 ,
2339 1295 2394 1342 et
2420 1291 2725 1356 orationem,
2754 1301 2809 1350 et
2835 1303 3004 1350 votum
3029 1298 3332 1368 signiticet,
3364 1317 3451 1359 se-

1876 1373 2106 1429 cundum
2136 1376 2283 1445 illud,
2311 1378 2488 1443 Redde
2515 1381 2736 1442 Domino
2761 1395 2878 1442 uota
2901 1394 2990 1442 tua
3018 1386 3134 1462 (Ps.
3155 1391 3245 1448 49.
3265 1392 3377 1467 14),
3402 1395 3456 1451 id

1875 1472 1982 1531 θει,
2013 1472 2098 1530 τὰς
2115 1471 2257 1536 εὐχάς
2284 1493 2384 1525 σου.

1948 1554 2037 1624 80.
2061 1555 2368 1622 Centesimo
2389 1563 2664 1633 trigesimo
2683 1567 2892 1637 quinto,
2921 1569 3019 1636 Qui
3045 1573 3162 1640 fecit
3184 1574 3456 1632 luminaria

1877 1662 2062 1718 magna
2089 1647 2206 1719 (Ps.
2240 1652 2363 1706 155.
2392 1651 2467 1724 7).
2497 1656 2683 1712 Dicitis
2707 1660 2831 1728 quia
2872 1661 2929 1717 in
2959 1662 3147 1720 Graeco
3190 1667 3453 1724 inveneri-

1878 1735 1965 1825 tis,
1997 1752 2182 1825 magna
2209 1739 2382 1804 solus;
2410 1744 2502 1796 sed
2531 1745 2632 1799 hoc
2661 1746 2729 1801 de
2753 1751 3015 1817 superiori
3051 1755 3317 1811 versiculo
3346 1767 3446 1825 est,

1993 1824 2240 1920 legimus,
2272 1829 2372 1920 Qui
2396 1833 2516 1901 fecit
2540 1835 2796 1889 mirabilia
2819 1855 3002 1910 magna
3023 1843 3162 1898 solus
3185 1843 3346 1916 (Ibid.
3373 1845 3450 1920 4).

1876 1914 1953 1968 lbi
1983 1930 2109 1986 ergo
2138 1916 2420 1988 legendum
2447 1929 2557 1989 est,
2587 1932 2642 1979 et
2669 1925 2757 1982 hic
2784 1925 2885 2001 (Ῑ),
2918 1933 3069 2001 quasi
3100 1914 3450 2007 superﬂuum,

1877 2022 1982 2062 non
2012 2009 2373 2068 scribendum.

1948 2101 2038 2154 81.
2069 2101 2373 2164 Centesimo
2396 2109 2668 2179 trigesimo
2690 2115 2921 2182 septimo
2948 2133 2962 2170 :
2989 2117 3242 2185 Quoniam
3259 2121 3458 2193 magni-

1877 2190 2044 2289 )Scasti
2065 2210 2220 2266 super
2263 2215 2408 2254 omne
2433 2218 2612 2256 nomen
2640 2214 2872 2261 sanctum
2896 2217 3038 2263 tuum
3075 2207 3192 2283 (Ps.
3223 2190 3359 2268 15⁵1.⁷
3373 2215 3452 2289 2).

1875 2284 1934 2340 In
1975 2285 2162 2344 Graeco
2204 2295 2469 2374 reperisse
2497 2310 2588 2352 vos
2614 2297 2822 2364 dicitis,
2857 2317 3012 2370 super
3047 2319 3241 2359 omnes.
3263 2305 3368 2362 Sed
3401 2284 3453 2363 in

1876 2376 2223 2450 Septuaginta
2249 2383 2318 2438 ita
2348 2385 2562 2457 legitur,
2587 2397 2662 2444 ιτι
2688 2398 2970 2459 iunctim
2997 2401 3078 2450 tut
3102 2406 3195 2451 πᾶν
3217 2409 3273 2454 τὸ
3308 2406 3455 2470 Ivem:

1877 2479 1932 2525 τὸ
1950 2472 2080 2536 ἄγων
2101 2496 2202 2538 σου,
2233 2474 2372 2530 sicut
2399 2486 2454 2532 et
2479 2493 2578 2534 nos
2613 2481 2663 2534 in
2691 2481 2936 2538 Latinum
2965 2488 3243 2543 vertimus.
3283 2490 3456 2547 Caete—

1877 2576 1994 2654 rum
2023 2565 2159 2633 apud
2190 2566 2444 2624 Hebraeos
2482 2571 2552 2625 ita
2580 2587 2698 2628 esse
2727 2578 3054 2645 cognoscite.
3090 2579 3226 2646 Quia
3249 2584 3453 2654 magni-

1877 2653 2044 2721 ﬁcasti
2062 2672 2213 2725 super
2242 2675 2388 2716 omne
2413 2676 2592 2717 nomen
2617 2661 2694 2736 (g)
2720 2666 2922 2721 verbum
2957 2677 3119 2724 tuum.
3146 2671 3300 2727 Juxta
3337 2653 3454 2730 edi-

1879 2745 2076 2802 tionem
2127 2758 2303 2804 autem
2351 2750 2593 2811 Latinam
2639 2755 2725 2812 hic
2772 2772 2964 2814 sensus
3014 2769 3143 2816 est:
3201 2762 3455 2830 Quoniam

1878 2839 2215 2908 magniﬁcasti
2239 2859 2391 2910 super
2416 2861 2562 2901 omne
2581 2862 2784 2915 nomen,
2811 2849 2912 2905 hoc
2938 2859 3040 2919 est,
3069 2853 3208 2922 quod
3237 2854 3290 2909 in
3317 2856 3456 2912 cmlo

1878 2937 1931 2983 et
1961 2929 2011 2983 in
2043 2939 2182 2986 terra
2205 2932 2306 2988 dici
2335 2945 2513 3005 potest
2539 2946 2805 3006 sanctum,
2827 2939 2992 3009 ﬁlium
3017 2949 3181 2998 tuum.

1948 3021 2036 3078 82.
2080 3022 2384 3082 Centesimo
2437 3029 2706 3098 trigesimo
2750 3039 2940 3087 octavo
2985 3050 2998 3086 :
3048 3035 3182 3101 Quia
3226 3053 3332 3094 non
3381 3050 3454 3095 est

1877 3130 2039 3169 sermo
2069 3117 2122 3170 in
2148 3118 2322 3188 lingua
2347 3135 2457 3173 mea
2485 3119 2601 3192 (Ps.
2632 3121 2755 3178 158.
2797 3120 2872 3195 4).
2903 3123 3009 3181 Pro
3047 3141 3155 3198 quo
3184 3127 3236 3183 in
3262 3127 3454 3187 Grazco

1879 3205 2069 3276 legisse
2098 3223 2195 3262 vos
2215 3209 2418 3275 dicitis,
2455 3211 2587 3278 Quia
2619 3228 2721 3267 non
2743 3222 2817 3267 est
2844 3213 2992 3271 dolus
3030 3216 3085 3270 in
3108 3218 3286 3290 lingua
3309 3236 3456 3287 mea;

1878 3298 2019 3368 quod
2059 3299 2231 3354 solum
2259 3300 2425 3357 Sexta
2454 3303 2616 3359 editio
2658 3305 3003 3376 interpretata
3050 3317 3154 3366 est.
3185 3311 3452 3370 Craterum

1878 3400 1932 3445 et
1955 3391 2092 3462 apud
2119 3391 2462 3466 Septuaginta
2489 3438 2505 3463 ,
2536 3405 2590 3451 et
2617 3395 2760 3467 apud
2784 3413 2973 3456 omnes
3003 3399 3328 3474 lnterpretes
3353 3446 3369 3473 ,
3401 3414 3458 3462 et

1879 3483 2052 3554 ipsum
2084 3485 2430 3554 Hebraicum,
2457 3488 2542 3546 vel
2569 3497 2767 3559 λαλιαν,
2811 3491 2900 3547 vel
2938 3499 3088 3562 λόγον,
3160 3493 3328 3568 676
3400 3497 3454 3552 id

1878 3584 1994 3638 est,
2039 3577 2322 3647 eloquium,
2350 3587 2404 3634 et
2429 3581 2666 3650 verbum,
2699 3581 2960 3654 scriptum
3005 3583 3186 3640 habet.
3220 3585 3458 3659 Denique

1879 3666 2140 3724 Hebraice
2161 3686 2300 3725 »σιω
2324 3671 2539 3728 dicitur.

1950 3762 2038 3818 85.
2066 3762 2371 3818 Centesimo
2413 3766 2685 3834 trigesimo
2714 3782 2857 3822 nono
2881 3786 2896 3822 :
2929 3766 3102 3822 Funes
3130 3769 3460 3825 extenderunt

1879 3855 1930 3908 in
1959 3856 2192 3923 laqueum
2220 3857 2337 3928 (Ps.
2372 3857 2494 3912 159.
2521 3855 2596 3928 6).
2627 3860 2730 3912 Pro
2751 3874 2855 3928 quo
2880 3859 2932 3912 in
2959 3857 3148 3914 Grzeco
3186 3860 3455 3917 invenisse

1886 3959 1980 3998 vos
2000 3945 2176 3999 dicitis
2206 3964 2218 3998 :
2251 3945 2424 4000 Funes
2448 3948 2774 4001 extenderunt
2805 3947 3040 4017 laqueum
3076 3949 3282 4019 pedibus
3309 3951 3454 4006 meis.

1881 4034 1982 4090 Sed
2014 4034 2116 4089 hoc
2161 4036 2210 4090 in
2258 4035 2376 4091 loco
2419 4036 2745 4106 superﬂuum
2792 4046 2890 4094 est.
2945 4037 2999 4093 ln
3040 4040 3226 4096 eodem
3269 4058 3362 4111 pro
3391 4058 3457 4099 co

1881 4125 2020 4194 quod
2051 4134 2132 4180 est
2160 4145 2172 4180 :
2212 4126 2528 4182 Habitabant
2553 4129 2674 4183 recti
2711 4146 2822 4185 cum
2846 4131 2987 4184 uultu
3020 4139 3106 4185 tuo
3145 4131 3306 4205 (Ibid.
3342 4132 3452 4205 14),

1882 4215 1934 4269 in
1976 4215 2163 4271 Graeco
2210 4221 2476 4288 reperisse
2515 4235 2609 4276 vos
2649 4221 2854 4290 dicitis,
2902 4222 2970 4278 Et
3004 4223 3317 4282 habitabant.
3353 4224 3458 4283 Sed

1881 4305 1988 4371 hic,
2017 4316 2063 4361 et
2091 4310 2396 4380 conjunctio
2417 4312 2685 4382 superﬂua
2713 4324 2814 4370 est.

1953 4402 2041 4458 84.
2074 4403 2378 4460 Centesimo
2404 4406 2809 4477 quadragesimo
2837 4426 2852 4463 :
2896 4407 3161 4482 Dissipata
3188 4421 3304 4467 sunt
3344 4429 3458 4469 ossa

1881 4504 2055 4548 nostra
2076 4513 2216 4550 secus
2245 4499 2498 4568 infernum
2527 4496 2645 4570 (Ps.
2671 4498 2793 4555 140.
2823 4497 2900 4573 8).
2931 4500 3036 4556 Pro
3064 4517 3170 4573 quo
3198 4503 3249 4558 in
3273 4503 3460 4560 01·ωοο

1883 4585 2075 4655 legisse
2100 4603 2198 4643 vos
2234 4587 2443 4658 dicitis,
2476 4606 2592 4646 ossa
2621 4606 2813 4646 eorum.
2861 4591 2970 4648 Sed
3021 4602 3076 4650 et
3124 4595 3227 4650 hoc
3272 4611 3461 4666 super-

1883 4677 2045 4735 ﬂuum
2075 4691 2177 4737 est.

1953 4773 2042 4828 85.
2071 4774 2377 4830 Centesimo
2413 4774 2820 4846 quadragesimo
2846 4785 2997 4833 sexto
3029 4794 3044 4831 :
3089 4776 3198 4832 Nec
3237 4779 3292 4832 in
3330 4779 3462 4835 tibiis

1880 4866 1976 4921 uiri
2003 4867 2374 4940 beneplacitum
2407 4869 2502 4922 erit
2546 4870 2595 4923 ei
2632 4868 2748 4941 (Ps.
2799 4869 2924 4925 146.
2957 4867 3068 4941 10).
3097 4869 3224 4934 Pro,
3252 4871 3318 4938 ei,
3349 4870 3459 4926 Do-

1881 5028 2224 5150 }!reitmgerus
2241 5029 2577 5080 annnadvertit
2596 5064 2610 5088 ,
2634 5032 2767 5087 .‘t'ﬁn
2952 5029 3002 5078 in
3022 5027 3316 5079 Hebraismo
3336 5029 3462 5081 inso-

1905 5103 2080 5150 entius.
2807 5111 2810 5113 λ

1905 5103 2080 5150 entius.
2791 5103 2810 5116 ’λ

1948 5184 2016 5246 (e)
2052 5183 2112 5246 In.
2131 5181 2316 5246 aliquot
2337 5181 2453 5231 Mss.
2480 5189 2534 5232 et.
2555 5182 2711 5232 veteri
2738 5181 2954 5233 editione
2969 5179 3170 5246 additur
3188 5198 3242 5246 τᾳ
3262 5193 3346 5244 ous.

1951 5243 2014 5354 (ζ)
2045 5243 2344 5306 Augustinus
2367 5255 2483 5291 vero
2500 5251 2556 5292 ut
2571 5248 2836 5302 assereret,
2854 5255 2951 5291 non
2967 5243 3283 5306 incongruum
3296 5243 3463 5306 neque

1887 5308 1966 5354 ine
1989 5318 2139 5354 eaans
2162 5310 2500 5354 argumentum
2525 5307 2726 5354 invenit.

1883 5310 2139 5366 inelegans
2162 5310 2500 5364 argumentum
2525 5310 2726 5355 invenit.

1952 5363 2253 5433 (g.)'l‘..egerit
2272 5365 2474 5416 Hieron.
2496 5371 2659 5428 mm,
2680 5377 2866 5424 iwmen,
2892 5378 3002 5416 cum
3025 5365 3299 5428 emphatico
3317 5363 3463 5427 aleph

1870 5438 2136 5492 ,Chaldaico
2158 5449 2324 5496 more,
2341 5449 2428 5498 pro
2449 5449 2511 5485 eo
2535 5436 2664 5499 quod
2691 5444 2768 5486 est
2790 5437 2838 5484 in
2860 5436 3116 5486 Hebraicis
3138 5435 3274 5485 libris

1882 5521 2051 5559 nomen
2077 5513 2228 5568 tuum,
2256 5520 2363 5555 cum
2388 5507 2530 5556 aﬂixo
2549 5546 2561 5564 ,
2601 5506 2728 5568 quod
2767 5515 2931 5556 tamen
2954 5506 3069 5556 helc
3101 5507 3154 5555 in
3174 5505 3346 5568 Latini)
3366 5505 3464 5556 duo

1881 5571 2086 5632 Reginae
2107 5567 2303 5618 codices
2321 5568 2518 5618 addunt.
2547 5569 2600 5618 In
2620 5566 2810 5618 Graecis
2844 5580 3041 5632 quoque
3066 5566 3462 5632 exemplaribus,

1882 5635 1932 5683 in
1955 5631 2136 5694 Quibus
2159 5636 2236 5678 est
2257 5643 2301 5681 τὸ
2323 5643 2523 5694 «om...
2540 5644 2584 5682 τὸ
2599 5643 2713 5694 ἅγιον,
2735 5644 2779 5683 τὸ
2801 5631 2914 5693 ὄνομα
2931 5645 2974 5681 τὸ
2994 5641 3096 5693 ἅγιον
3120 5656 3204 5690 σου.
3218 5631 3456 5682 mendum

1883 5692 2066 5758 cubare
2089 5692 2810 5758 suspicamur,legendumque
2841 5705 2960 5758 mox...
2995 5692 3084 5756 pro
3119 5705 3256 5758 dm;
3293 5704 3461 5758 neque

1886 5758 2016 5821 enim
2038 5757 2092 5805 in
2114 5755 2327 5806 Hebraeo
2348 5755 2610 5821 quidquam
2637 5755 2739 5813 est,
2763 5755 2899 5818 quod
2927 5755 3161 5806 sanctum
3182 5755 3459 5821 signiﬁcet;

1883 5820 1973 5872 sed
1983 5824 2214 5903 πηηῃκι
2233 5817 2491 5881 quodest,
2506 5817 2700 5869 verbum
2720 5817 2875 5893 tuum2
2902 5831 3022 5870 λόνισν
3044 5844 3133 5870 σου.
