4054 6192
73 319 189 374 873

75 442 232 486 ctum
289 433 500 487 crinem
553 427 817 484 mundano
879 439 1028 480 more
1073 423 1145 495 (α)
1203 425 1402 488 texuit,
1463 427 1674 480 vincere

65 523 318 592 cupiens
367 534 426 578 et
471 522 687 591 virginis
735 518 1085 588 propositum,
1129 526 1184 572 et
1231 516 1416 570 matris
1459 515 1673 570 deside-

77 613 250 666 rium.
285 614 358 666 Et
389 627 517 668 ecce
554 610 651 664 sibi
680 608 864 663 eadem
891 616 1048 662 nocte
1079 606 1248 660 cernit
1277 605 1328 660 in
1355 605 1555 659 somnis
1581 620 1675 658 ve-

75 702 231 755 nisse
292 702 557 770 Angelum
602 697 818 752 terribili
873 695 1007 750 facie
1044 694 1143 768 ,[al.
1175 693 1314 765 voce]
1343 696 1674 748 minitantem

74 805 276 856 prunas
307 831 323 853 ,
383 799 440 844 et
512 788 623 842 haec
671 787 830 840 verba
874 785 1249 853 frangentem:
1301 784 1381 838 Tu
1428 799 1500 837 nc
1549 799 1675 837 ansa

69 894 136 932 es
171 879 276 932 viri
324 879 611 946 imperium
651 877 903 946 praeferre
943 875 1198 930 Christo?
1240 873 1321 927 Tu
1364 882 1522 941 caput
1569 873 1679 926 vir-

70 971 218 1037 ginis
265 969 402 1032 Dei,
435 971 538 1023 tuis
591 969 862 1038 sacrilegis
905 974 1192 1020 attrectare
1244 965 1527 1029 manibus,
1558 979 1676 1032 qua:

67 1062 182 1128 jam
211 1077 360 1114 nunc
382 1069 650 1126 arescent,
680 1068 739 1113 ut
761 1060 957 1113 sentias
982 1057 1282 1112 excruciata
1305 1057 1428 1125 quid
1459 1056 1672 1122 feceris,

71 1160 127 1203 et
161 1149 320 1203 ﬁnito
351 1166 541 1204 mense
566 1150 772 1219 quinto,
802 1149 866 1203 ad
911 1148 1114 1203 inferna
1141 1147 1353 1202 ducaris
1383 1146 1478 1219 [al.
1523 1147 1676 1200 duce-

71 1239 188 1310 ris].
223 1240 322 1293 Sin
370 1253 552 1294 autem
594 1238 1016 1310 perseveraveris
1047 1239 1099 1291 in
1145 1238 1368 1304 scelere,
1398 1247 1452 1292 et
1487 1239 1676 1294 marito

72 1330 240 1384 simul
273 1329 582 1395 orbaberis,
613 1339 666 1383 et
698 1329 836 1381 ﬁliis.
866 1328 1055 1381 Omnia
1083 1342 1178 1395 per
1199 1328 1437 1381 ordinem
1465 1329 1674 1397 expleta

69 1430 222 1485 sunt,
255 1429 312 1474 et
362 1435 541 1474 seram
586 1420 796 1473 misera:
839 1419 1204 1487 paenitentiam
1251 1418 1407 1472 velox
1451 1418 1676 1488 signavit

75 1513 354 1565 interitus.
387 1511 479 1566 Sic
501 1511 774 1564 ulciscitur
802 1510 1042 1564 Christus
1073 1508 1148 1579 (ὑ)
1184 1508 1468 1563 violatores
1496 1509 1674 1577 templi

71 1604 154 1656 sui
186 1623 200 1658 :
233 1602 316 1656 sic
351 1616 600 1671 gemmas
627 1610 681 1655 et
711 1601 1090 1670 pretiosissima
1133 1608 1446 1654 ornamenta
1491 1599 1675 1675 delen-

76 1694 177 1747 dit.
208 1693 279 1746 Et
307 1692 420 1746 hoc
448 1693 602 1746 retuli
623 1733 638 1757 ,
671 1707 777 1746 non
805 1691 945 1761 quod
975 1692 1230 1745 insultare
1268 1692 1425 1745 velim
1455 1691 1675 1745 calami-

70 1783 276 1838 tatibus
299 1780 598 1836 infelicium
624 1798 639 1846 ;
665 1780 758 1834 sed
787 1791 843 1833 ut
864 1794 1128 1842 moneam,
1157 1793 1279 1833 cum
1304 1787 1500 1848 quanto
1526 1791 1672 1832 metu

72 1882 129 1926 et
159 1874 420 1925 cautione
446 1884 665 1924 servare
691 1868 910 1932 debeas,
934 1867 1075 1938 quod
1110 1869 1216 1922 Deo
1243 1867 1594 1937 spopondisti.

147 1963 201 2016 6.
228 1962 353 2016 Heli
385 1961 656 2016 Sacerdos
673 1959 898 2015 offendit
926 1959 1088 2014 Deum
1118 1958 1189 2013 ob
1225 1958 1353 2012 vitia
1380 1957 1671 2012 liberorum

71 2055 151 2117 (l.
183 2052 319 2124 Reg.
347 2054 370 2108 ‘l
410 2063 459 2107 et
486 2053 567 2121 4).
597 2052 888 2121 EpiscOpus
914 2051 1029 2106 ﬁeri
1061 2067 1165 2105 non
1195 2061 1390 2120 potest,
1418 2055 1504 2122 qui
1535 2053 1672 2109 ﬁlios

67 2144 330 2199 habuerit
358 2144 697 2204 luxuriosos.
728 2151 783 2197 et
811 2159 917 2196 non
956 2143 1196 2197 subditos
1225 2144 1301 2212 (l.
1327 2143 1462 2198 Tim.
1495 2146 1572 2215 5).
1602 2146 1672 2200 At

72 2252 103 2287 e
126 2234 408 2288 contrario
446 2234 516 2287 de
555 2233 773 2286 muliere
799 2232 1082 2294 scribitur,
1111 2231 1252 2300 quod
1290 2234 1430 2286 salva
1459 2235 1545 2302 ﬁet
1584 2251 1673 2304 per

65 2323 302 2389 ﬁliorum
324 2321 722 2392 generationem,
751 2321 795 2374 si
816 2322 1178 2390 permanserint
1201 2319 1295 2393 [aL
1319 2323 1668 2395 permanserit]

64 2413 124 2464 in
150 2412 258 2479 [ide
283 2453 300 2478 ,
334 2422 386 2464 et
429 2412 686 2478 caritate,
719 2421 767 2465 et
807 2411 1242 2479 sanctiﬁcatione,
1271 2428 1389 2466 cum
1427 2415 1672 2483 pudicitia

73 2503 152 2569 (1.
179 2500 322 2554 Tim.
346 2502 404 2554 2.
445 2498 562 2570 15).
597 2500 650 2554 Si
679 2500 906 2568 perfecta
934 2509 1062 2554 mtas
1090 2510 1145 2555 et
1169 2501 1250 2555 sui
1287 2502 1420 2570 juris
1444 2503 1673 2573 imputa-

76 2601 160 2644 tur
233 2588 422 2661 684
484 2589 813 2658 parentibus,
837 2598 1036 2659 quanto
1061 2590 1230 2659 magis
1251 2591 1454 2646 lactens
1479 2602 1533 2647 et
1559 2592 1670 2647 fra-

73 2683 214 2752 gilis,
241 2699 364 2752 qua:
381 2683 541 2749 juxta
564 2681 878 2736 sententiam
906 2680 1133 2744 Domini,
1164 2680 1371 2749 ignorat
1395 2681 1669 2737 dexteram

75 2783 127 2828 et
169 2774 448 2827 sinistram
473 2812 489 2837 ,
520 2770 571 2824 id
606 2779 689 2824 est
712 2809 727 2830 .
771 2769 898 2823 boni
929 2778 983 2823 et
1012 2769 1136 2822 mali
1181 2768 1576 2826 differentiam?
1615 2771 1669 2827 Si

75 2866 304 2920 sollicita
351 2863 608 2935 provides
627 2902 643 2928 ,
675 2877 742 2916 ne
767 2861 872 2915 ﬁlia
903 2861 1230 2930 percutiatur
1258 2877 1287 2914 a
1317 2863 1535 2930 vipera;
1575 2878 1672 2918 cur

69 2972 181 3010 non
205 2959 400 3011 eadem
431 2967 563 3009 cura
589 2949 866 3021 provideas
887 2991 902 3014 ,
933 2965 1000 3004 ne
1024 2949 1249 3004 feriatur
1272 2965 1301 3004 a
1337 2952 1520 3006 uiatico
1553 2953 1670 3006 uni-

76 3064 230 3101 versae
257 3057 410 3101 terra:
439 3043 576 3116 (Jer.
609 3043 697 3097 50.
723 3041 855 3111 23);
902 3056 969 3096 ne
1011 3042 1158 3095 bibat
1203 3041 1271 3096 de
1316 3057 1478 3098 aureo
1500 3043 1670 3099 ealice

77 3137 398 3208 Babylonis;
448 3149 520 3188 ne
548 3133 850 3202 egrediatur
878 3145 998 3186 cum
1045 3132 1175 3184 Dina
1194 3171 1214 3198 ,
1243 3141 1297 3186 et
1334 3133 1463 3188 velit
1489 3134 1669 3189 videre

77 3227 211 3282 ﬁlias
235 3227 481 3297 regionis
511 3223 695 3278 aliente
717 3221 872 3287 (Gen.
901 3222 989 3276 3i.
1024 3220 1074 3292 i)
1097 3263 1112 3287 ,
1144 3238 1211 3276 ne
1240 3222 1384 3278 ludat
1410 3224 1665 3292 pedibus,

78 3332 140 3370 ne
167 3316 351 3370 trahat
402 3311 646 3368 tunicas?
675 3311 892 3366 Venena
936 3325 1040 3364 non
1085 3310 1313 3376 dantur,
1363 3311 1466 3367 nisi
1510 3315 1670 3370 melle

76 3406 418 3470 circumlita,
467 3411 524 3457 et
565 3402 690 3456 vitia
739 3416 844 3455 non
890 3399 1194 3468 decipiunt,
1241 3400 1341 3454 nisi
1367 3401 1467 3457 sub
1491 3403 1670 3473 specie

79 3498 376 3566 umbraque
405 3495 685 3548 virtutum.
718 3490 786 3546 Et
815 3487 1114 3558 quomodo,
1161 3489 1404 3558 inquies,
1453 3503 1668 3562 peccata

77 3595 287 3653 patrum
311 3583 440 3638 ﬁliis
467 3597 573 3636 non
593 3580 907 3645 redduntur,
941 3593 1044 3634 nec
1071 3579 1302 3634 ﬁliorum
1326 3582 1664 3651 parentibus;

78 3675 169 3730 sed
195 3677 393 3739 animo,
421 3690 541 3740 qua!
566 3673 861 3744 peccaverit,
903 3673 1017 3742 ipsa
1059 3673 1297 3725 morietur
1334 3671 1542 3744 (Ezeclt.
1576 3677 1663 3731 i8.

77 3765 210 3836 20)?
241 3767 358 3821 Hoc
381 3765 452 3820 de
481 3764 566 3818 his
599 3763 814 3828 dicitur,
849 3762 939 3832 qui
967 3770 1188 3830 possunt
1215 3776 1423 3832 sapere,
1456 3763 1521 3818 de
1544 3765 1669 3833 qui-

80 3859 174 3911 bus
197 3859 250 3912 in
280 3855 574 3926 Evangelio
595 3854 848 3922 scriptum
879 3860 961 3906 est
990 3868 1004 3904 :
1035 3849 1265 3904 ﬁtatem
1293 3852 1462 3918 habet,
1495 3854 1668 3922 loqua-

78 3959 158 4001 tur
178 3966 270 4018 pro
311 3965 365 4003 se
391 3946 575 4016 (Ioan.
604 3944 658 3999 9.
693 3940 808 4013 2i).
844 3941 943 4006 Qui
972 3949 1148 3995 autem
1177 3941 1427 4009 parvulus
1470 3951 1552 3996 est
1572 3983 1585 4005 ,
1612 3951 1669 3997 et

78 4041 215 4110 sapit
237 4049 296 4094 ut
325 4036 584 4108 parvulus
605 4074 620 4099 ,
649 4032 819 4087 donec
846 4030 912 4083 ad
943 4044 1111 4082 annos
1139 4029 1416 4097 sapientia:
1451 4031 1663 4097 veniat,

80 4139 130 4182 et
154 4129 479 4200 Pythagora:
505 4123 574 4193 (c)
607 4123 780 4176 littera
811 4135 932 4174 eum
957 4117 1205 4187 perducat
1225 4117 1290 4170 ad
1314 4117 1533 4184 bivium,
1557 4127 1664 4172 tam

81 4219 213 4274 bona
255 4219 376 4289 ejus
420 4229 582 4287 quam
621 4212 756 4268 mala
796 4208 1104 4280 parentibus
1152 4207 1498 4277 imputantur.
1551 4208 1662 4263 Nisi

80 4308 214 4365 forte
240 4309 483 4364 mstimas
507 4303 932 4360 Christianorum
964 4299 1101 4352 ﬁlios
1123 4337 1138 4363 ,
1181 4299 1225 4353 si
1255 4297 1516 4369 baptisma
1557 4314 1663 4353 non

80 4400 415 4467 acceperint,
465 4397 612 4464 ipsos
639 4399 843 4447 tantum
883 4403 1007 4444 reus
1047 4402 1168 4443 esse
1199 4387 1433 4456 peccati,
1466 4395 1519 4442 et
1558 4405 1661 4442 non

83 4488 237 4541 etiam
285 4488 463 4542 scelus
512 4480 702 4539 referri
752 4479 819 4533 ad
861 4491 988 4542 eos,
1045 4476 1134 4546 qui
1179 4476 1309 4531 dare
1358 4476 1660 4542 noluerint,

84 4578 308 4632 maxime
334 4591 401 4632 eo
441 4585 684 4644 tempore
705 4612 720 4638 ,
752 4584 856 4640 quo
878 4567 1247 4623 contradicere
1278 4581 1383 4621 non
1415 4577 1663 4637 poterant

87 4668 169 4734 qui
190 4669 457 4737 accepturi
488 4673 670 4727 erant,
703 4663 839 4717 sicut
863 4675 893 4714 e
934 4658 1152 4729 regione
1179 4658 1324 4713 salus
1347 4658 1620 4714 infantium
1640 4701 1657 4726 ,

87 4757 338 4824 majorum
386 4759 594 4811 lucrum
640 4762 738 4808 est.
787 4750 964 4806 Olfere
993 4762 1160 4803 necne
1190 4747 1351 4803 ﬁliam
1374 4789 1388 4813 ,
1421 4759 1660 4817 potesta-

87 4844 150 4897 tis
188 4855 289 4899 tuae
330 4846 426 4900 fuit
469 4847 790 4917 (quanquam
835 4841 938 4895 alia
985 4839 1056 4894 sit
1100 4850 1186 4893 tua
1227 4839 1496 4907 conditio,
1542 4857 1658 4911 qua:

89 4932 230 5000 prius
253 4948 370 4987 eam
396 4935 614 4998 vovisu,
658 4948 814 5004 quam
859 4931 1194 5000 conciperes)
1225 4939 1281 4984 ut
1305 4938 1482 4986 autem
1510 4932 1658 4987 obla-

147 5042 222 5104 (a)
257 5042 384 5110 Alibi
407 5043 589 5106 pexuit.
613 5043 734 5110 Tum
756 5043 992 5110 Victorius
1012 5041 1144 5110 addit
1163 5039 1273 5099 sibi,
1295 5041 1344 5110 id
1368 5041 1547 5110 est
1562 5043 1661 5094 via-

87 5101 211 5208 febre'
231 5101 425 5163 cupiens
455 5117 472 5154 :
498 5113 549 5155 et
586 5104 725 5166 [aulo
758 5103 881 5152 infra
912 5103 1234 5162 Martianzeus,
1273 5109 1392 5151 Ecce
1427 5101 1535 5162 sibi,
1576 5119 1662 5166 pro

109 5176 122 5208 ι
155 5176 187 5208 ι.

109 5176 217 5286 will)
256 5223 436 5274 Iterum
459 5225 585 5288 Reg.
611 5226 696 5276 lib.
730 5224 780 5275 in
811 5223 1130 5284 violatoribus,
1155 5229 1209 5274 et
1230 5222 1373 5286 paulo
1404 5228 1513 5286 post
1536 5229 1586 5274 ut
1617 5231 1661 5275 te

92 5294 298 5332 moneam
304 5321 314 5330 .

158 5343 216 5418 (c)
252 5345 534 5418 Pythagorze
571 5346 736 5418 littera
771 5354 856 5418 est
875 5345 935 5403 Y,
962 5360 1117 5418 quam
1154 5357 1248 5417 pro.
1285 5347 1507 5418 humana":
1547 5346 1660 5418 vitae

96 5405 305 5461 symt‘mlo
318 5416 510 5457 veteres
533 5408 786 5457 celebrant
807 5421 820 5455 :
846 5405 1301 5457 brachiorum—enim
1320 5407 1530 5456 alterum
1555 5406 1658 5454 Vir-

97 5466 223 5523 tutis,
247 5464 451 5512 alterum
475 5471 696 5516 vitiorum
720 5470 839 5516 viam
861 5468 1032 5516 refert.
1058 5468 1258 5517 Persius
1280 5468 1382 5517 Sat.
1425 5470 1473 5516 5.

240 5532 296 5597 et
313 5525 399 5574 tibi
419 5540 526 5597 qua:
547 5526 724 5597 sentias
746 5527 938 5578 diduxit
964 5527 1124 5597 littera
1137 5541 1318 5597 ramos:

241 5594 515 5640 Surgentem
534 5588 708 5638 dextro
743 5588 1020 5640 monstravit
1045 5587 1193 5638 limite
1220 5587 1408 5639 callem.

99 5642 269 5693 Auson.
296 5642 466 5709 lJyllio
500 5651 573 5698 itt.

238 5708 526 5771 Pythagorea
560 5709 736 5762 bivium
760 5711 909 5763 rtmtis
928 5716 1055 5775 patet
1076 5708 1311 5774 ambiguis
1340 5718 1386 5760 Υ.

2064 232 2085 258 ι

1470 309 1808 368 El‘iSTOLA
1840 311 2000 368 ἐντι.
3240 327 3348 381 εῗῑ

1792 436 1898 481 tam
1937 427 2020 498 (ά)
2060 443 2164 484 non
2207 430 2473 501 negligas,
2512 433 2577 488 ad
2603 434 2892 504 periculum
2923 446 3065 494 tuum
3101 443 3353 510 pertinet.

1783 515 1884 582 Qui
1913 517 2152 574 claudam
2181 529 2235 574 et
2275 520 2512 575 mutilam
2537 562 2553 588 ,
2591 531 2646 577 et
2673 524 2911 592 qualibet
2937 528 3094 584 sorde
3119 534 3356 588 macula-

1783 617 1890 661 tam
1910 609 2169 665 obtulerit
2199 611 2449 677 hostiam,
2481 613 2742 684 sacrilegii
2783 631 2907 671 reus
2933 629 3014 673 est
3040 619 3212 689 (Deut.
3242 627 3352 694 15),

1782 709 1978 768 quanto
2019 703 2188 771 magis
2232 703 2320 773 qui
2354 714 2562 773 partem
2603 708 2843 774 corporis
2884 701 2965 762 s'ui
2992 750 3008 776 ,
3041 719 3104 765 et
3143 713 3355 770 illibata:

1781 791 1973 846 anima:
2000 793 2282 862 puritatem
2299 797 2436 866 regis
2461 797 2793 866 amplexibus
2821 809 2992 868 parat,
3015 801 3065 856 si
3086 804 3358 874 negligens

1778 880 1960 948 fuerit,
1996 884 2284 950 punietur?

1852 969 1906 1026 7.
1935 970 2220 1040 Postquam
2246 975 2617 1044 grandiuscula
2639 991 2756 1032 esse
2773 981 3012 1049 ceperit,
3036 983 3157 1038 etin
3178 999 3358 1042 exem-

1781 1059 1926 1128 plum
1952 1062 2135 1130 sponsi
2173 1062 2255 1116 sui
2293 1078 2536 1122 crescere
2563 1067 2820 1135 sapientia
2838 1110 2854 1134 ,
2882 1081 3069 1137 mlatc,
3092 1081 3150 1126 et
3179 1075 3354 1142 gratia

1780 1150 1919 1219 apud
1946 1151 2111 1206 Deum
2134 1161 2188 1207 et
2217 1153 2481 1222 homines,
2515 1167 2698 1226 pergat
2720 1157 2787 1212 ad
2820 1159 3074 1229 templum
3117 1163 3225 1216 veri
3254 1163 3357 1217 Pa-

1779 1239 1878 1294 tris
1902 1256 2022 1295 cum
2055 1243 2358 1310 parentibus
2383 1246 2495 1301 suis
2523 1261 2541 1310 ;
2569 1247 2662 1307 sed
2692 1263 2813 1303 cum
2844 1249 2948 1304 illis
2976 1267 3081 1308 non
3107 1255 3354 1324 egredia-

1783 1340 1866 1384 tur
1899 1345 1932 1385 e
1962 1333 2180 1402 templo.
2211 1333 2462 1402 Quaerant
2503 1353 2622 1392 eam
2651 1340 2702 1396 in
2733 1340 2924 1397 itinere
2969 1345 3184 1412 saeculi,
3216 1346 3355 1409 inter

1782 1419 1962 1476 turbas
1995 1430 2052 1476 et
2096 1423 2444 1494 frequentiam
2491 1429 2948 1504 propinquorum,
2983 1443 3044 1488 et
3092 1450 3351 1505 nusquam

1749 1586 1751 1588 η
1780 1510 1904 1565 alibi
1928 1513 2196 1582 reperiant
2227 1513 2376 1585 (Luc.
2404 1515 2460 1587 Ξ)
2482 1557 2496 1582 ,
2531 1518 2630 1572 nisi
2674 1519 2730 1582 in
2768 1521 2837 1592 (ε)
2864 1522 3024 1593 adyto
3050 1523 3353 1594 Scriptura-

1779 1617 1918 1668 τυητι
1991 1603 2153 1675 ωδ
2226 1605 2520 1675 Ρτορίιθωε
2557 1618 2610 1664 ει
2650 1610 2934 1679 Apostolus
2973 1613 3041 1669 de
3065 1616 3354 1684 spirituali-

1779 1689 1877 1743 bus
1924 1693 2120 1760 nuptiis
2166 1695 2548 1750 sciscitantem.
2604 1697 2843 1756 Imitetur
2882 1701 3138 1771 Mariam,
3187 1721 3348 1774 quam

1777 1777 1991 1833 Gabriel
2034 1781 2201 1833 solam
2231 1783 2283 1835 in
2316 1783 2561 1839 cubiculo
2593 1801 2692 1840 suo
2717 1790 2934 1856 reperit,
2967 1802 3021 1845 et
3049 1792 3169 1846 ideo
3197 1795 3352 1849 forsi-

1780 1879 1865 1922 tan
1898 1869 2088 1924 timore
2118 1873 2396 1940 perterrita
2421 1882 2525 1940 est,
2554 1877 2676 1947 quia
2709 1879 2875 1933 virum
2895 1920 2912 1947 ,
2937 1895 3092 1950 quem
3122 1899 3226 1938 non
3257 1899 3352 1939 so-

1777 1957 1955 2023 lebat,
2006 1963 2233 2029 aspexit.
2279 1962 2580 2020 Emulctur
2623 1981 2740 2024 eam
2766 2011 2781 2035 ,
2829 1969 2900 2026 de
2944 1987 3047 2042 qua
3091 1973 3286 2031 dicitur
3327 1995 3348 2034 ε

1775 2047 1954 2142 pinnis
1979 2051 2146 2120 gloria
2187 2054 2297 2123 ejus
2341 2056 2464 2122 ﬁlia:
2489 2059 2622 2128 regis
2649 2060 2712 2113 ab
2737 2061 2871 2116 intus
2913 2062 3086 2132 (Psal.
3113 2068 3202 2121 44.
3234 2070 3348 2142 14).

1773 2138 2046 2208 Loquatur
2072 2151 2125 2197 et
2163 2144 2277 2214 ipsa
2305 2146 2500 2202 dilecto
2543 2146 2636 2220 [αι.
2675 2150 2884 2222 electo],
2915 2156 3150 2210 caritatis
3172 2138 3350 2227 jaculo

1775 2229 2048 2284 vulnerata
2095 2248 2110 2284 :
2163 2232 2461 2290 Introduxit
2508 2254 2588 2292 me
2630 2256 2721 2293 rex
2768 2243 2820 2295 in
2867 2245 3152 2300 cubiculum
3202 2266 3350 2304 suum

1770 2317 1949 2387 (Cant.
1976 2321 2028 2375 1.
2061 2323 2137 2392 ὅ).
2162 2322 2439 2395 Nunquam
2465 2337 2623 2382 exeat
2647 2328 2811 2398 foras,
2840 2347 2907 2388 ne
2933 2333 3206 2410 inveniant
3227 2353 3347 2394 eam

1774 2410 1862 2478 qui
1885 2411 2211 2469 circumeunt
2231 2416 2532 2484 civitatem;
2559 2436 2627 2474 ne
2652 2423 2948 2490 percutiant
2966 2435 3021 2482 et
3041 2427 3344 2496 vulnerent,

1775 2510 1826 2556 et
1875 2503 2118 2559 auferant
2159 2505 2464 2564 theristrum
2505 2511 2584 2582 (1)
2631 2512 2936 2583 ρυάἰεὶιὶω,
2978 2527 3033 2594 et
3066 2520 3260 2576 nudam
3294 2525 3346 2577 in

1774 2594 2032 2663 smiguine
2099 2597 2470 2670 derelinquant
2518 2619 2532 2655 :
2582 2604 2710 2672 quin
2759 2608 2935 2675 potius
2987 2625 3106 2670 cum
3155 2613 3350 2684 aliquis

1771 2686 1966 2739 Ostium
1994 2686 2109 2757 ejus
2136 2689 2463 2758 pulsaverit,
2493 2692 2634 2747 dicat
2664 2711 2678 2748 :
2731 2693 2844 2764 Ego
2879 2714 3074 2772 murus,
3102 2711 3151 2755 et
3192 2703 3350 2758 ubera

1773 2791 1885 2828 mea
1913 2777 2084 2831 turris.
2112 2777 2240 2832 Lavi
2257 2779 2408 2849 pedes
2433 2798 2588 2849 meas,
2617 2799 2719 2838 non
2749 2801 2950 2854 possum
2981 2773 3245 2859 inquinare
3262 2810 3350 2850 eos

1776 2861 1943 2938 (Cant.
1977 2868 2031 2924 8.
2063 2870 2164 2936 £0;
2192 2881 2238 2925 et
2258 2873 2311 2926 5.
2343 2873 2421 2944 5).
2778 2924 2788 2933 .

1863 2959 1920 3014 8.
1941 2961 2080 3016 Non
2106 2975 2353 3019 vescatur
2379 2966 2429 3018 in
2469 2966 2701 3035 publico,
2743 2969 2795 3025 id
2823 2980 2940 3040 est,
2984 2974 3036 3028 in
3067 2987 3347 3044 parentum

1772 3051 2056 3120 convivio,
2086 3067 2155 3108 ne
2196 3054 2371 3108 videat
2415 3056 2564 3111 cibos
2606 3073 2743 3126 quos
2785 3060 3074 3126 desideret.
3111 3065 3181 3122 Et
3223 3068 3350 3126 licet

1771 3139 1986 3208 quidam
2019 3151 2206 3212 putent
2228 3142 2446 3211 majoris
2466 3159 2584 3201 esse
2609 3148 2841 3213 virtutis,
2871 3139 3189 3220 praesentem
3214 3172 3347 3214 con-

1773 3238 2014 3286 temnere
2054 3232 2378 3302 voluptatem
2407 3251 2420 3288 :
2449 3244 2622 3290 tamen
2650 3251 2752 3308 ego
2791 3223 3348 3304 arbitror'securioris

1769 3317 2114 3377 continentiae
2139 3337 2260 3378 esse
2281 3365 2294 3386 .
2329 3326 2535 3380 nescire
2561 3328 2704 3396 quod
2743 3345 2976 3400 quagras.
3016 3333 3146 3405 Legi
3173 3351 3347 3406 quon-

1771 3409 1894 3465 dam
1923 3411 1976 3465 in
2008 3409 2206 3466 scholis
2243 3427 2376 3482 puer
2403 3431 2418 3466 :
2451 3413 2618 3486 Αἴθη
2657 3421 3030 3488 reprehendas,
3058 3425 3195 3492 quod
3222 3427 3349 3482 sinis

1771 3515 2108 3556 consuescere.
2144 3503 2291 3558 Dicat
2311 3502 2423 3572 jam
2455 3519 2594 3559 nunc
2615 3513 2669 3560 et
2695 3507 2875 3563 vinum
2905 3526 3010 3564 non
3037 3511 3221 3570 bibere
3243 3557 3258 3580 ,
3293 3517 3346 3573 in

1771 3603 1878 3658 quo
1905 3600 1988 3648 est
2017 3591 2248 3647 luxuria.
2281 3594 2422 3649 Ante
2447 3609 2618 3650 annos
2641 3596 2874 3652 robusta:
2899 3601 3104 3669 aetatis,
3133 3606 3349 3673 pericu-

1771 3679 1882 3735 losa
1908 3691 1991 3736 est
2017 3683 2252 3747 teneris,
2301 3694 2354 3738 et
2397 3686 2576 3755 gravis
2603 3687 2948 3744 abstinentia.
2989 3690 3170 3763 Usque
3199 3696 3265 3751 ad
3293 3698 3348 3753 id

1771 3777 2002 3839 tempus,
2031 3770 2079 3824 si
2111 3774 2406 3826 necessitas
2433 3775 2795 3842 postulaverit,
2828 3787 2881 3831 et
2920 3778 3137 3836 balneas
3162 3785 3341 3851 adeat,

1769 3869 1825 3914 et
1851 3861 1979 3915 vino
2009 3870 2188 3916 utatur
2213 3861 2425 3925 modico
2475 3873 2692 3932 propter
2727 3866 3058 3920 stomachum
3085 3910 3099 3932 ,
3140 3882 3194 3926 et
3223 3887 3346 3928 car.

1770 3948 1918 4002 nium
1943 3949 2123 4003 edulio
2147 3957 2477 4004 sustentetur
2496 3991 2511 4014 ,
2543 3966 2612 4005 ne
2639 3953 2784 4020 prius
2838 3953 3090 4010 deficiant
3140 3961 3302 4026 pedes
3328 4003 3344 4028 ,

1770 4053 1929 4108 quam
1957 4053 2175 4094 currere
2200 4040 2476 4108 incipiant.
2507 4041 2577 4094 Et
2603 4041 2706 4096 hoc
2741 4042 2860 4098 dico
2881 4043 3040 4113 juxta
3068 4048 3345 4120 indulgen-

1772 4128 1921 4192 tiam,
1955 4143 2060 4181 non
2094 4128 2244 4196 juxta
2274 4129 2555 4198 imperium
2577 4170 2591 4196 ,
2626 4133 2818 4188 timens
2841 4133 3204 4204 debilitatem,
3237 4156 3344 4198 non

1769 4219 1969 4272 docens
1990 4218 2272 4273 luxuriam.
2299 4221 2508 4289 Alioqui
2535 4222 2673 4291 quod
2701 4223 2916 4280 Judaica
2945 4230 3252 4296 superstitio
3275 4217 3344 4288 ex

1770 4316 1921 4377 parte
1949 4306 2071 4362 facit
2093 4309 2145 4361 in
2165 4309 2456 4376 rejectione
2475 4313 2828 4380 quorumdam
2853 4317 3160 4373 animalium
3182 4329 3345 4391 atque

1768 4413 2032 4465 escarum,
2062 4399 2204 4470 quod
2243 4408 2299 4455 et
2325 4399 2571 4456 Indorum
2598 4403 2954 4474 Brachmani,
2985 4419 3040 4464 et
3061 4409 3346 4482 Egyptio-

1768 4506 1884 4544 rum
1911 4489 2378 4560 Gymnosowtista:
2408 4491 2460 4546 in
2488 4493 2722 4564 polentae
2761 4505 2815 4552 et
2851 4502 3046 4567 orizte,
3075 4513 3130 4556 ct
3155 4519 3345 4572 ponto-

1766 4597 1883 4636 rum
1913 4583 2030 4636 solo
2052 4582 2344 4637 observant
2366 4585 2504 4651 cibo,
2531 4601 2628 4640 cur
2654 4588 2805 4658 virgo
2831 4588 3024 4644 Christi
3045 4606 3152 4646 non
3177 4593 3336 4648 faciat

1767 4673 1820 4727 in
1853 4675 2004 4728 toto?
2033 4671 2089 4728 Si
2123 4677 2254 4728 tanti
2281 4675 2500 4741 vitrum,
2523 4691 2689 4746 quare
2715 4695 2822 4732 non
2846 4681 3065 4747 majoris
3086 4682 3155 4735 sit
3184 4687 3342 4750 pretii

1767 4765 2108 4834 margaritum
2129 4766 2153 4818 ’ἰ
2183 4765 2312 4834 Quae
2333 4777 2456 4821 nata
2477 4775 2560 4822 est
2585 4783 2651 4822 ex
2677 4769 3052 4838 promissione,
3075 4770 3153 4826 sic
3173 4774 3337 4838 vivat,

1768 4865 1825 4909 ut
1855 4857 1927 4910 illi
1951 4858 2236 4923 vixerunt,
2277 4855 2368 4926 qui
2389 4857 2455 4911 de
2481 4858 2898 4926 repromissione
2918 4862 3156 4930 generati
3187 4871 3336 4917 sunt.

1765 4945 1939 5016 Eque
1966 4947 2133 5016 gratia
2160 4961 2368 5016 mquam
2395 4945 2588 4999 habeat
2612 4955 2668 5000 et
2693 4946 2951 5002 laborem.
2979 4947 3150 5004 Surda
3180 4950 3247 5004 sit
3271 4952 3338 5006 ad

1766 5052 1985 5107 organa.
2015 5037 2186 5100 Tibia,
2219 5037 2353 5105 lyra,
2383 5034 2610 5098 cithara,
2638 5050 2734 5089 cur
2756 5036 2892 5091 facta
2919 5037 3046 5099 sint.
3079 5041 3301 5094 nesciat.

1837 5129 1890 5181 9.
1926 5125 2132 5180 Reddat
2164 5125 2258 5178 tibi
2311 5140 2533 5194 pensum
2561 5125 2801 5194 quotidie
2829 5126 2898 5181 de
2943 5127 3338 5198 Scripturarum

1761 5217 1928 5288 686
1949 5215 2165 5270 ﬁoribus
2179 5214 2260 5285 (f)
2276 5222 2542 5284 carptum.
2565 5215 2742 5271 Discat
2761 5214 3066 5272 Graecorum
3091 5234 3340 5276 versuum

1831 5396 1906 5467 (ᾴ)
1942 5395 2143 5467 Quidam
2180 5395 2318 5467 codd:
2359 5397 2543 5467 alisque
2581 5397 2791 5458 negandi
2827 5397 3080 5467 particula,
3109 5405 3159 5449 ut
3181 5409 3343 5467 autem

1767 5455 1978 5521 iwgtigas
2019 5455 2242 5506 ablatura.
2277 5455 2475 5506 Recole
2505 5470 2615 5520 quae
2647 5455 2795 5521 Supra
2829 5455 3172 5511 adnotavimus
3201 5476 3252 5516 tt.
3285 5465 3342 5513 3.

1767 5529 1877 5630 "Ol;
1893 5521 2058 5640 [.Reg.
2081 5577 2134 5630 in
2154 5577 2326 5629 auditu
2347 5578 2723 5642 Scripturarum.

1932 5641 2067 5704 Idem
2094 5641 2231 5704 _Reg._
2249 5653 2444 5701 pensum
2475 5641 2686 5704 quotidie
2717 5662 2723 5693 ι

1932 5641 2067 5712 idem
2093 5641 2444 5712 _Reg.-_pensum
2475 5641 2686 5712 quotidie
2717 5641 2778 5694 de
2815 5641 3172 5708 scripturarum
3203 5644 3340 5711 {Jort-

1834 5701 1905 5768 (⁷1⁷)
1939 5701 2195 5758 Pallioluui
2218 5701 2401 5754 lineum
2426 5703 2664 5754 uastivum.
