4054 6192
748 341 856 399 875

752 467 1052 511 numerum.
1081 447 1343 517 Sequatur
1371 441 1546 499 statim
1574 441 1760 496 Latina
1801 439 2032 495 eruditio
2059 456 2074 494 :
2112 455 2232 510 quae
2276 439 2323 494 si

749 560 858 599 non
887 544 954 596 ab
977 539 1126 593 initio
1151 549 1214 591 os
1235 543 1477 589 tenerum
1499 531 1881 602 composuerit,
1910 532 1962 585 in
1985 531 2325 601 peregrinum

749 645 936 686 sonum
955 627 1144 695 lingua
1185 623 1580 690 corrumpitur,
1625 621 1936 676 etex'tcrnis
1972 621 2114 674 vitiis
2144 634 2325 674 sermo

744 718 949 789 patrius
969 714 1294 771 sordidatur.
1325 712 1622 768 Te’liabeat‘
1637 712 1966 782 magistram,
2000 720 2048 766 te
2078 705 2323 780 rudis(a)

741 808 978 864 imitetur
1003 804 1247 860 infantia.
1279 804 1419 860 Nihil
1466 804 1518 857 in
1552 814 1602 858 te
1626 845 1640 867 ,
1679 813 1742 858 et
1785 812 1935 872 patre
1977 817 2075 857 suo
2103 799 2318 865 videat,

740 899 882 972 quod
913 900 958 954 si
987 898 1194 963 iecerit,
1227 905 1433 966 peccet.
1463 895 1785 951 Mementote
1811 910 1907 949 vos
1932 902 2182 964 parentes
2212 892 2322 945 vir-

739 993 899 1064 ginis,
949 1000 1002 1045 et
1026 988 1196 1058 magis
1235 1004 1364 1044 eam
1416 988 1676 1056 exemplis
1718 987 1896 1041 doceri
1949 1002 2126 1055 posse,
2159 1000 2317 1054 quam

735 1097 888 1138 voce.
917 1082 1034 1136 Cito
1053 1080 1216 1134 ﬂores
1239 1089 1483 1146 pereunt,
1508 1077 1616 1132 cito
1663 1077 1830 1131 violas
1851 1088 1903 1131 et
1930 1078 2095 1130 lilium
2119 1087 2169 1129 et
2196 1091 2318 1129 cro-

739 1189 860 1230 cum
891 1173 1150 1244 pestilens
1191 1185 1318 1224 aura
1348 1169 1666 1232 corrumpit.
1710 1166 1990 1236 Nunquam
2035 1169 2236 1236 absque
2267 1175 2317 1222 te

735 1267 1006 1338 procedat
1025 1265 1076 1319 in
1105 1263 1398 1334 publicum.
1421 1261 1684 1314 Basilicas
1709 1259 1994 1329 Martyrum
2034 1267 2088 1312 et
2111 1255 2311 1312 Eccle-

733 1359 842 1412 sias
867 1358 983 1412 sine
1010 1365 1180 1408 matre
1211 1368 1314 1406 non
1341 1350 1518 1404 adeat.
1552 1350 1737 1404 Nullus
1769 1349 1816 1403 ei
1843 1349 2056 1418 juvenis
2077 1391 2092 1412 ,
2137 1347 2315 1402 nullus

731 1449 1067 1502 cincinnatus
1089 1442 1322 1498 arrident
1359 1442 1671 1512 Vigiliarum
1695 1441 1808 1496 dies
1830 1450 1884 1494 et
1912 1441 2315 1505 solenincsner-

729 1538 1066 1593 nocta'tioncs
1087 1536 1163 1590 sic
1187 1533 1493 1602 virguncula
1510 1541 1687 1585 nostra
1705 1532 1957 1590 celebret.
1976 1540 2031 1584 ut
2055 1547 2120 1584 ne
2144 1540 2314 1584 trans-

725 1642 884 1685 verso
911 1625 1125 1698 quidem
1156 1639 1330 1694 ungue
1371 1639 1401 1678 a
1434 1632 1604 1677 matre
1638 1623 1897 1676 discedat.
1939 1621 2074 1674 Nolo
2117 1621 2184 1674 de
2213 1637 2310 1674 au-

725 1720 922 1776 cillulis
949 1718 1060 1772 suis
1084 1717 1313 1785 aliquam
1339 1715 1455 1783 plus
1472 1713 1674 1782 diligat,
1707 1713 1858 1781 cujus
1881 1712 2071 1765 crebro
2092 1711 2310 1764 auribus

725 1812 1044 1866 insusurret.
1075 1804 1338 1875 Quidquid
1367 1805 1455 1858 uni
1487 1803 1859 1872 loqui‘tur,hoc
1902 1816 2087 1854 omnes
2115 1801 2303 1854 sciant.

723 1902 939 1956 Placeat
965 1899 1015 1953 ei
1037 1911 1237 1962 comes,
1261 1910 1364 1949 nou
1389 1903 1595 1964 compta
1616 1894 1690 1961 (ιι)
1718 1902 1876 1960 atque
1901 1892 2153 1955 formosa,
2183 1907 2304 1960 quin

729 1975 932 2059 liquido
960 1997 1176 2058 gutture
1195 1998 1411 2040 carmen
1435 1984 1590 2038 dulce
1617 1982 1916 2036 moduletur
1939 1998 1953 2044 ;
1978 1982 2075 2035 sed
2101 1979 2303 2051 gravis,

720 2081 956 2148 pallens,
989 2078 1283 2134 sordidata.
1325 2074 1996 2142 subtristis.Praeponatur
2032 2075 2078 2126 ei
2123 2073 2306 2142 proba:

708 2169 870 2236 'tidei,
905 2180 958 2224 et
990 2184 1198 2224 morum
1225 2182 1288 2221 ac
1315 2165 1584 2235 pudicitia:
1612 2166 1765 2233 virgo
1792 2174 2063 2227 veterana,
2095 2181 2213 2232 qua:
2244 2164 2306 2217 il-

718 2264 827 2318 lam
853 2262 1076 2326 doceat,
1125 2268 1179 2314 et
1222 2265 1496 2312 assuescat
1537 2255 1784 2324 exemplo
1828 2253 1894 2308 ad
1939 2255 2213 2308 ονειιὶοιιρε
2251 2262 2307 2308 et

717 2353 961 2409 Psalmos
1001 2359 1156 2403 nocte
1199 2361 1566 2417 consurgere;
1609 2360 1768 2400 mane
1818 2345 2047 2415 hymnos
2085 2359 2299 2407 canere,

719 2442 922 2507 Tertia,
947 2439 1128 2503 Sexta,
1155 2437 1305 2492 Nona
1336 2437 1466 2492 liora
1495 2446 1637 2490 stare
1663 2437 1712 2489 in
1743 2435 1857 2489 acie
1895 2434 2044 2504 quasi
2068 2435 2302 2487 bellatri-

718 2549 837 2591 cem
869 2531 1088 2598 Christi,
1131 2545 1465 2599 accensaque
1506 2530 1782 2583 luccrnula
1829 2528 2051 2582 reddere
2092 2526 2299 2581 saerilio

729 2628 870 2681 cium
897 2623 1277 2693 vespertinum.
1309 2620 1396 2675 Sic
1419 2619 1534 2674 dies
1559 2627 1816 2679 transeat.
1841 2619 1918 2672 sic
1936 2633 2036 2672 nox
2068 2618 2301 2672 inveniat

725 2717 1083 2771 laborantem.
1113 2710 1352 2766 Orationi
1379 2697 1561 2774 lectio,
1591 2708 1806 2763 lectioni
1833 2707 2297 2776 sneceilat‘oratio.

718 2807 888 2862 Breve
919 2803 1188 2859 videbitur
1213 2810 1442 2872 tempus,
1471 2798 1611 2870 quod
1645 2799 1803 2853 tantis
1847 2796 1920 2869 (c)
1949 2813 2170 2868 operum
2209 2813 2300 2852 va-

716 2896 993 2954 rietatibus
1024 2902 1338 2963 occupatur.

789 2985 877 3041 10.
911 2986 1092 3040 Discat
1117 2993 1172 3039 et
1202 2983 1378 3038 lanam
1407 2982 1608 3048 facere,
1641 2989 1824 3036 tenere
1853 2981 2060 3043 colum,
2095 2996 2298 3050 ponere

716 3077 771 3131 in
798 3075 1004 3145 gremio
1035 3073 1304 3128 calathum
1327 3114 1342 3138 ,
1387 3083 1567 3127 rotare
1603 3071 1776 3126 fusum
1800 3111 1815 3136 ,
1849 3072 2073 3125 stamina
2105 3071 2296 3140 pollice

715 3167 939 3222 ducere.
969 3164 1196 3234 Spernat
1233 3163 1555 3234 bombycum
1589 3161 1742 3226 telas,
1773 3161 1961 3215 Serum
1993 3161 2208 3224 vellera,
2242 3169 2297 3215 et

715 3269 904 3309 aurum
948 3254 1000 3308 in
1044 3254 1152 3308 lilia
1192 3254 1518 3308 lentescens.
1563 3251 1709 3306 Talia
1755 3252 2071 3305 vestimenta
2107 3260 2294 3317 paret,

716 3347 907 3415 quibus
929 3343 1160 3413 pellatur
1182 3343 1369 3413 frigus,
1395 3357 1499 3396 non
1525 3342 1716 3411 quibus
1738 3343 1928 3394 vestita
1951 3355 2176 3409 corpora
2201 3357 2296 3393 llll-

713 3429 926 3487 dentur.
955 3432 1116 3485 Cibus
1141 3431 1257 3499 ejus
1283 3430 1578 3484 olusculum
1626 3431 1697 3484 sit
1736 3440 1790 3484 et
1817 3430 1994 3482 simila
2023 3471 2038 3494 ,
2071 3446 2297 3498 raroque

714 3521 977 3591 pisciculi.
1010 3520 1078 3574 Et
1127 3534 1194 3573 ne
1239 3519 1378 3588 gula:
1422 3529 1685 3587 prmcepta
1720 3519 1930 3586 longius
1956 3520 2196 3582 traham,
2229 3522 2297 3575 de

715 3610 910 3681 quibus
955 3609 1008 3662 in
1057 3607 1142 3677 (ἀ)
1171 3606 1278 3660 alio
1308 3607 1426 3661 loco
1455 3607 1668 3660 locutus
1698 3621 1814 3660 sum
1844 3607 2070 3673 plenius,
2103 3608 2177 3661 sit:
2207 3623 2300 3660 cn-

713 3702 914 3770 medat,
931 3712 988 3756 ut
1013 3715 1226 3769 semper
1251 3699 1490 3753 esuriat:
1516 3708 1574 3750 ut
1591 3698 1771 3751 statim
1797 3706 1916 3766 post
1933 3698 2106 3751 cibum
2133 3701 2298 3768 possit

713 3797 892 3866 legere
922 3792 992 3866 (e)
1015 3802 1068 3850 et
1096 3790 1347 3861 psallere.
1381 3789 1674 3859 Displicent
1726 3789 1889 3860 687
1948 3790 2097 3854 mihi,
2132 3791 2179 3842 in
2216 3801 2296 3844 lc-

713 3885 1104 3942 nerismaximc
1136 3880 1403 3943 mtalibtts,
1433 3881 1586 3950 longa
1618 3888 1672 3933 et
1700 3880 2046 3933 immoderata
2071 3881 2292 3949 jejunia,

713 3980 764 4033 in
784 3977 977 4048 quibus
995 3976 1293 4046 junguntur
1323 3971 1702 4028 hebdomades.
1723 3981 1776 4024 et
1797 3971 1971 4025 oleum
2001 3971 2050 4023 in
2075 3974 2213 4036 cibo,
2235 3987 2296 4025 ac

721 4082 877 4134 poma
906 4073 1173 4119 vetantur.
1206 4062 1589 4131 Experimento
1628 4059 1825 4125 didici,
1854 4060 2077 4113 asellum
2112 4063 2160 4112 in
2190 4062 2292 4124 via,

718 4168 841 4206 cum
893 4153 1063 4205 lassus
1095 4151 1287 4216 fuerit,
1335 4149 1642 4203 diverticula
1675 4147 2176 4218 quairere>Faciaut
2199 4151 2297 4204 hoc

721 4245 955 4298 cultores
983 4241 1136 4297 lsidis
1172 4251 1225 4296 et
1260 4239 1506 4311 Cybeles,
1539 4239 1607 4311 (f)
1635 4242 1720 4312 qui
1752 4241 1936 4310 gulosa
1977 4242 2295 4295 abstinentia

713 4381 817 4431 bus.
843 4384 1037 4430 Certum
1060 4377 1243 4428 ediscat
1274 4384 1568 4438 Graecorum,
1595 4384 1690 4438 etc.
1717 4375 1842 4425 Sunt
1861 4375 2156 4438 autemhtec
2177 4390 2299 4438 quo-

711 4455 814 4507 que
843 4441 1113 4507 desumpta"
1125 4452 1185 4486 ex
1213 4437 1510 4495 Quintiliano
1535 4434 2218 4507 Institution.‘libro.1.'cap'.
2247 4437 2293 4484 2.

720 4495 744 4549 ἑ
765 4504 808 4550 Α
831 4495 1059 4549 sermone
1082 4499 1252 4547 Graeco
1277 4509 1481 4558 puerum
1506 4498 1727 4558 incipere
1755 4495 1880 4558 malo
1902 4509 1914 4543 :
1938 4496 2051 4558 quia
2080 4495 2296 4553 Latinus,

712 4566 796 4633 (ιυί
824 4560 1050 4633 ιὶ¹υτὶυυὶ
1065 4561 1121 4630 ίί¹.
1136 4572 1239 4633 ¹¹ἒ“.
1249 4556 1345 4633 es}:
1362 4556 1475 4633 ΙΨ.
1494 4556 2293 4633 103‘s.H‘i'i'l‘fimiitf‘?Pfﬁb‘i‘

710 4616 855 4672 simul
874 4623 987 4684 quia
1007 4618 1270 4684 disciplinis
1285 4630 1484 4684 quoque
1504 4616 1687 4667 Graecis
1706 4617 1836 4684 prius
1853 4616 2177 4684 instituendus
2201 4625 2294 4684 est,

715 4686 848 4734 unde
874 4676 926 4733 ét
949 4676 1420 4732 nostrw'tluxet‘unt'.
1445 4678 1551 4728 Non
1573 4676 1738 4737 tamen
1772 4676 1868 4725 ltoc
1899 4677 2024 4725 adeo
2059 4681 2296 4737 supersti-

712 4748 844 4794 tiose
873 4744 1016 4794 velim
1039 4743 1164 4802 ﬁeri,
1189 4749 1245 4791 ut
1265 4741 1346 4790 diu
1366 4747 1548 4802 tantum
1571 4736 1794 4802 loquatur
1813 4737 2002 4802 Graece.
2020 4745 2104 4786 aut
2124 4736 2296 4802 discat,

713 4809 846 4856 sicut
872 4803 1120 4868 plerisque
1142 4797 1288 4868 moris
1323 4807 1416 4851 est.
1442 4799 1566 4850 Hinc
1589 4797 1721 4847 enim
1755 4797 1976 4868 accidunt
1999 4804 2051 4846 et
2068 4799 2167 4868 oris
2197 4797 2299 4868 plu”:

712 4870 837 4916 rima
856 4858 973 4938 fitia
1000 4858 1385 4938 iriperegrinuin
1408 4873 1580 4911 sonum
1605 4859 1840 4938 corrtngti,
1861 4864 1914 4938 et
1934 4858 2296 4938 sermonis'c'ui

711 4942 826 4979 cum
854 4926 1034 4976 Graue
1057 4919 1223 4984 ιῖιςιιι-εέ
1257 4923 1448 4973 assidua
1488 4919 2127 4984 consuetttdine‘hteseriut,
2148 4921 2201 4970 in
2223 4921 2296 4970 di-

711 5001 856 5039 versa
872 5000 1066 5096 (Eloque
1089 4981 1317 5048 loquendi
1341 4985 1531 5033 ratione
1562 4981 1946 5051 pertinacissime
1967 4981 2124 5030 durat.
2143 4997 2166 5026 ι

777 5051 850 5096 (nl
931 5047 1148 5096 lctorius.
1171 5052 1216 5095 te
1238 5043 1378 5094 rudis
1400 5043 1604 5093 miretur
1627 5043 1848 5096 infantia.

777 5051 850 5108 (τι)
887 5043 1216 5108 νὶείοτὶιξξ,“ιε
1238 5043 1378 5108 rudis
1400 5043 1604 5093 miretur
1627 5043 1848 5104 infantia.

782 5104 846 5182 (lt)
886 5109 1070 5160 lterum
1088 5107 1353 5166 Victorius,
1375 5118 1469 5154 non
1491 5111 1698 5168 compta,
1721 5116 1874 5168 neque
1905 5104 2131 5166 fornwsa,
2155 5109 2297 5165 atque

713 5171 910 5223 (licam.
933 5181 1058 5223 autc.
1092 5173 1190 5219 etc.

787 5173 910 5226 ciba.
933 5181 1058 5226 autc,
1092 5173 1190 5219 etc.

774 5184 910 5226 sava.
933 5182 1058 5230 quia,
1092 5182 1190 5219 etc.

774 5237 845 5296 (ε)
877 5231 1078 5296 Vitiose
1101 5229 1429 5296 Martianzeus,
1454 5226 1598 5296 tantis
1617 5226 1820 5296 dierum
1853 5223 2177 5284 varietatibus,
2209 5237 2298 5287 pro

709 5289 940 5360 aperiat},
947 5291 1081 5360 quod
1108 5303 1172 5340 ex
1198 5290 1413 5360 Victorio
1434 5289 1756 5360 restituimus.

779 5351 849 5421 (d)
888 5345 1034 5402 Libro
1073 5364 1268 5421 nempe
1286 5359 1474 5421 contra
1502 5348 1805 5421 Iovinianum
1836 5345 2067 5421 secundo,
2099 5347 2194 5421 ‘ubi
2231 5345 2300 5421 de

711 5407 985 5484 contemptu
1006 5407 1204 5484 vetaris,
1223 5419 1268 5462 et
1291 5409 1505 5484 gutturis
1517 5407 1708 5484 plenius
1725 5423 1792 5484 ex
1817 5407 2061 5471 proposito
2082 5407 2296 5456 disserit.

776 5475 853 5589 ἑεζ
880 5468 1064 5524 Victor.
1099 5468 1274 5543 tenere,
1291 5468 1458 5530 'orare,
1485 5468 1531 5520 et
1553 5468 1776 5532 psallere.

800 5536 826 5589 Γ
885 5535 1023 5583 Pane
1045 5533 1232 5582 scilicet
1253 5533 1563 5582 abstinebant
1595 5529 1776 5579 cultore

800 5527 853 5595 Γ)
885 5535 1023 5583 Pane
1045 5527 1232 5582 scilicet
1253 5527 1563 5595 abstinebant
1595 5529 1812 5579 cultores
1840 5529 1982 5595 Isidis
2019 5535 2065 5577 et
2093 5527 2301 5595 Cybeles

714 5597 763 5657 lu
789 5590 1042 5657 utriusque
1065 5595 1230 5657 sacris,
1255 5593 1394 5655 cujus
1415 5590 1520 5657 loco
1552 5603 1725 5657 carnes
1744 5590 2102 5657 _ctinieilebaiit.
2138 5590 2299 5657 Arno-

715 5654 827 5701 bius
843 5651 932 5700 lib.
957 5649 1005 5701 8.
1030 5653 1150 5711 Quid
1175 5649 1450 5711 temperatis
1471 5650 1530 5699 ab
1559 5649 1783 5699 alimonio
1814 5651 1969 5711 panis,
1995 5649 2073 5696 cui
2098 5649 2173 5698 rei
2201 5650 2287 5696 de-

716 5665 827 5701 DIUS
843 5665 932 5700 HD.
957 5665 1005 5701 5.
1030 5665 1148 5711 ριηα
1175 5665 1269 5702 tem
1355 5665 1450 5700 am
1471 5665 1530 5699 an
1559 5665 1783 5699 aumonw
1814 5665 1969 5711 panis,
1995 5665 2072 5696 ειη
2098 5665 2173 5698 νει
2201 5665 2287 5696 αε-

713 5711 856 5766 distis
873 5724 1040 5762 nomn
1057 5720 1223 5763 Castus
1249 5665 1522 5764 meum
1543 5711 1676 5762 cibos
1700 5711 1825 5774 illos,
1848 5712 1954 5760 sive
1978 5711 2100 5759 hanc
2123 5721 2151 5758 a
2166 5720 2301 5774 pane

2042 327 2123 385 SA
2132 324 2284 384 NCTI
2322 320 2698 385 HIERONYMI
3977 328 4032 392 37'

2434 439 2692 496 Phasides
2719 455 2872 509 aves,
2904 427 3531 502 ae't‘um‘antes'turtures
3565 453 3788 502 vorant
3809 488 3830 511 ,
3869 463 3943 503 ne
3971 427 4041 506 ssi

2435 528 2558 582 licet
2585 529 2826 585 Cerealia
2859 531 2997 586 dona
3038 534 3424 588 contaminent.
3471 535 3592 590 [loc
3623 537 3682 590 in
3720 539 4041 608 perpeti

2429 619 2687 689 jejunium
2717 633 3040 692 praeceptum
3069 625 3174 691 sit,
3204 636 3262 678 ut
3291 626 3448 696 longo
3480 627 3673 682 itineri
3724 629 3907 685 vires
3943 649 4028 700 per-

2432 721 2583 780 petes
2609 712 2683 782 (g)
2718 722 2975 783 superent
3001 733 3016 768 :
3041 730 3108 768 ne
3135 715 3187 769 in
3217 717 3385 785 prima
3411 718 3704 774 mentione
3733 732 4041 786 currentem

2429 816 2742 859 corruamus
2788 806 2839 860 in
2869 805 3082 862 mediis.
3127 806 3412 876 Crutcrum,
3453 819 3511 865 ut
3545 822 3688 867 ante
3732 814 4027 884 scripsi,in

2422 893 2845 965 Quadragesima
2891 899 3236 955 continentiae
3266 902 3382 956 vela
3421 903 3719 973 pandenda
3769 915 3956 972 sunt,
3995 919 4028 962 et

2430 997 2536 1040 tota
2581 990 2778 1058 auriga:
2810 991 3098 1045 retinacula
3138 991 3289 1061 equis
3327 992 3551 1047 laxanda
3580 998 4024 1064 properantibus

2425 1077 2752 1148 Quamquam
2775 1081 2876 1133 alia
2893 1081 2960 1134 sit
2977 1081 3214 1136 conditio
3234 1084 3592 1150 stccularium,
3612 1085 3722 1139 alia
3753 1086 4022 1157 Virgines

2425 1183 2486 1221 ac
2509 1167 2908 1224 Monaeborum.
2956 1171 3244 1226 Sarcularis
3276 1172 3439 1228 homo
3487 1175 3540 1227 in
3584 1176 4018 1246 Quadragesiua

2423 1258 2623 1312 ventris
2652 1257 2940 1328 ingluviem
2972 1259 3244 1325 decoquit,
3274 1271 3328 1316 et
3355 1263 3406 1315 in
3431 1262 3796 1319 cochlearum
3826 1282 4020 1321 morem

2422 1361 2582 1401 succo
2610 1347 2860 1404 victitans
2890 1366 2989 1406 suo
3007 1392 3021 1418 ,
3053 1352 3241 1406 futuris
3265 1353 3488 1421 dapibus
3525 1369 3587 1408 ac
3614 1357 3837 1425 sagina:
3864 1374 4018 1424 aqua-

2422 1437 2636 1491 liculum
2663 1449 2834 1508 parat.
2856 1436 3019 1510 Virgo
3041 1452 3090 1494 et
3114 1439 3402 1496 Monachus
3418 1441 3560 1497 sicin
3583 1445 4017 1516 Quadragesiuia

2421 1542 2549 1582 suos
2577 1527 2843 1584 dimittant
2874 1529 2965 1602 [al.
2989 1530 3280 1602 admittant]
3308 1547 3498 1601 equos,
3527 1544 3586 1588 ut
3611 1535 3717 1589 sibi
3752 1538 4014 1592 memine-

2419 1618 2525 1671 rint
2562 1634 2778 1688 semper
2815 1635 2936 1675 esse
2977 1621 3322 1676 currendum.
3367 1622 3576 1678 Finitus
3617 1625 3779 1680 labor
3807 1628 4011 1695 major,

2418 1709 2655 1765 inlinitus
2699 1710 3024 1766 moderatior
3059 1720 3162 1766 est.
3210 1712 3284 1766 lbi
3329 1714 3474 1768 enim
3510 1715 3898 1785 respiramus,
3938 1716 4010 1772 hic

2407 1813 2675 1872 perpetuo
2704 1801 3021 1858 incedimus.
3477 1874 3480 1876 γ

2487 1892 2573 1947 li.
2629 1892 2685 1946 Si
2726 1894 2941 1962 quando
2980 1891 3045 1948 ad
3075 1893 3378 1949 suburbana
3418 1897 3620 1966 pergis,
3655 1895 3814 1954 domi
3851 1901 4004 1955 ﬁliam

2413 1996 2519 2036 non
2549 1981 2862 2051 relinquas;
2896 1984 3100 2038 neseiat
3147 1985 3264 2037 sine
3306 1995 3377 2047 te,
3424 2001 3515 2038 nec
3552 1990 3729 2054 pos.sit
3775 1991 4004 2052 vivere,

2411 2081 2466 2126 et
2509 2085 2630 2126 eum
2662 2073 2774 2125 Sola
2830 2072 3012 2137 fuerit,
3044 2075 3408 2142 pertimescat.
3445 2075 3554 2129 Non
3588 2075 3800 2130 habeat
3831 2078 4002 2133 collu-

2410 2163 2530 2232 quia
2548 2165 2903 2226 smeularium,
2930 2180 3033 2217 non
3055 2165 3314 2218 malarum
3337 2167 3591 2235 virginum
3609 2169 3997 2224 contubernia.

2407 2254 2523 2309 Non
2553 2256 2759 2309 intorsit
2788 2257 2986 2325 nuptiis
3009 2259 3365 2322 servulorum,
3396 2259 3731 2315 uecl'amilirc
3758 2273 4003 2331 perstre»

2407 2347 2583 2416 petitis
2613 2345 2817 2399 lusibus
2846 2347 3154 2401 misceatur.
3181 2347 3305 2402 Scio
3334 2354 3650 2419 pra-cepisse
3693 2353 3994 2421 quosdam,

2405 2453 2475 2491 ne
2497 2438 2646 2506 virgo
2674 2436 2870 2491 CitriSli
2899 2452 3019 2492 cum
3050 2436 3312 2494 eunuchis
3330 2435 3505 2506 lavet,
3533 2457 3639 2496 nec
3666 2457 3795 2497 cum
3832 2445 3992 2497 mari-

2407 2529 2531 2584 tatis
2550 2527 2773 2583 luminis
2803 2546 2817 2582 :
2847 2527 2968 2599 quia
2997 2529 3086 2583 alii
3119 2545 3223 2584 non
3252 2530 3646 2603 deponuntlal.
3687 2533 3986 2607 deponant].

2405 2620 2614 2674 animos
2641 2619 2876 2673 virorum
2900 2660 2914 2684 ,
2948 2617 3069 2673 alia:
3097 2621 3422 2674 tumentibus
3452 2624 3618 2676 uteris
3641 2665 3657 2689 ,
3700 2627 3989 2693 pra-lerunt

2415 2707 2508 2779 [aL
2557 2706 2869 2780 prwfrrant].
2906 2707 3223 2765 foeditatem.
3264 2708 3393 2764 Mihi
3439 2713 3660 2766 omnino
3711 2715 3762 2768 in
3813 2717 3984 2769 adulta
4040 2721 4041 2730 ‘

2406 2801 2609 2870 virgine
2638 2801 2845 2855 lavacra
2873 2800 3178 2869 displicent,
3229 2817 3349 2872 qua:
3391 2803 3624 2872 seipsam
3656 2803 3826 2860 debet
3870 2823 3983 2861 eru-

2402 2893 2642 2955 bescere,
2673 2901 2727 2946 et
2759 2893 2953 2946 nudam
2983 2891 3168 2946 videre
3196 2908 3299 2946 non
3330 2908 3508 2961 posse.
3541 2895 3596 2949 Si
3624 2898 3769 2950 enim
3799 2898 3982 2967 vigiliis
4038 2891 4042 2982 ς

2402 2993 2456 3038 et
2479 2982 2698 3051 jejuniis
2746 2992 2981 3037 macerat
3021 2997 3215 3051 corpus
3244 2999 3420 3048 suum,
3468 2994 3523 3039 et
3566 2986 3618 3039 in
3673 2991 3981 3042 servitutem

2405 3075 2635 3143 redigit;
2665 3071 2712 3126 si
2739 3071 3007 3126 ﬂammam
3047 3072 3282 3128 libidinis
3324 3082 3378 3129 et
3423 3075 3686 3130 incentiva
3734 3077 3982 3134 ferventis
4040 3135 4041 3142 η

2400 3163 2572 3218 aetatis
2604 3162 2918 3231 extinguere
2947 3162 3088 3230 cupit
3114 3163 3456 3217 continentia:
3480 3164 3714 3233 frigore;
3743 3166 3790 3220 si
3823 3183 3982 3237 appe-

2403 3253 2509 3306 titis
2553 3251 2799 3306 sord.bus
2827 3263 3038 3320 turpare
3071 3250 3161 3323 [al.
3193 3250 3413 3322 turbare]
3443 3251 3658 3306 festinat
3687 3258 3981 3311 naturalem

2402 3341 2849 3411 pulchrituiliuem
2872 3358 2884 3392 :
2918 3356 3014 3394 cur
3038 3355 3069 3395 e
3095 3340 3364 3395 contrario
3387 3340 3697 3397 balnearum
3722 3344 3982 3402 fomentis
4039 3340 4041 3408 ἲ

2401 3435 2604 3503 sopitos
2636 3434 2784 3503 ignes
2814 3433 3079 3487 suscitat?

2474 3527 2561 3580 12.
2611 3527 2713 3581 Pro
2755 3526 2980 3596 geminis
3003 3525 3252 3582 ct-serico
3289 3525 3496 3580 divinos
3529 3525 3760 3580 Codices
3819 3527 3983 3599 688

2403 3627 2543 3670 amet
2575 3657 2590 3682 ,
2627 3617 2676 3669 in
2708 3617 2898 3685 quibus
2924 3632 3030 3670 non
3075 3617 3188 3670 auri
3220 3626 3272 3671 et
3314 3614 3391 3688 (Ii)
3436 3616 3598 3686 pellis
3640 3617 3982 3689 Babylonica

2403 3705 2748 3762 vcrtnieulala
2779 3707 2980 3778 pictura
3007 3723 3022 3774 ;
3054 3707 3150 3762 sed
3179 3708 3244 3762 ad
3276 3708 3431 3762 [idem
3463 3708 3674 3778 placeat
3699 3713 3980 3764 emendata

2407 3811 2460 3854 et
2487 3799 2692 3852 erudita
2720 3798 3010 3853 distinctio.
3044 3798 3221 3853 Discat
3241 3798 3416 3868 primo
3445 3799 3788 3864 Psalterium,
3819 3801 3912 3856 his
3933 3815 3981 3857 se

2401 3892 2626 3946 canticis
2654 3900 2859 3953 avocet,
2891 3901 2944 3944 et
2973 3891 3026 3944 in
3049 3891 3354 3968 Proverbiis
3379 3891 3680 3947 Salomonis
3709 3893 3982 3948 erudiatur

2401 3983 2466 4036 ad
2496 3983 2676 4036 vitam.
2701 3982 2757 4036 lu
2785 3982 3105 4038 Ecclesiaste
3125 3992 3456 4048 consuescat,
3480 4000 3599 4053 quae
3626 3986 3811 4039 mundi
3837 3996 3980 4050 sunt,

2403 4073 2632 4128 calcare.
2658 4073 2716 4126 lu
2739 4072 2840 4126 Job
2861 4071 3072 4128 virtutis
3097 4074 3435 4144 etpatientizc
3455 4075 3698 4144 exempla
3721 4087 3977 4131 sectetur.

2402 4165 2484 4218 Ad
2515 4164 2800 4234 Evangelia
2829 4173 3084 4230 transeat,
3113 4180 3380 4234 nunquam
3409 4179 3472 4220 ea
3498 4167 3734 4235 positura
3758 4168 3827 4222 de
3873 4183 3977 4222 ma.

2403 4256 2580 4308 nilnts.
2625 4255 3005 4323 Apostolorum
3051 4257 3215 4321 Acta,
3253 4256 3317 4310 et
3346 4254 3616 4324 Epistulas
3658 4264 3764 4310 tota
3805 4258 3978 4314 cordis

2403 4346 2623 4401 iinbibat
2673 4347 2968 4401 voluntate.
3016 4347 3252 4417 Cumque
3302 4347 3534 4416 pectoris
3575 4349 3657 4402 sui
3705 4349 3978 4403 cellarium

2401 4438 2487 4493 bis
2513 4437 2705 4507 Opibus
2731 4437 3152 4508 locupletaverit,
3181 4437 3397 4492 mandet
3440 4438 3712 4492 memoria:
3739 4439 3978 4502 Prophe-

2404 4537 2504 4594 tas,
2538 4526 2956 4599 Heptateuchum
2983 4525 3078 4600 [al.
3109 4525 3554 4598 Pentateuclmm],
3577 4536 3632 4582 et
3658 4527 3866 4598 Regum
3891 4569 3908 4592 ,
3934 4536 3980 4582 et

2401 4617 2864 4686 Paralipomenom
2887 4617 3072 4682 libros,
3101 4615 3286 4671 Esdra:
3309 4631 3520 4686 quoque
3544 4627 3599 4671 et
3622 4617 3816 4671 Esther
3836 4621 3982 4671 volu-

2401 4707 2565 4760 mina.
2616 4706 2698 4760 Ad
2739 4705 2987 4760 ultimum
3033 4706 3150 4761 sine
3205 4705 3443 4774 periculo
3489 4704 3657 4759 discat
3702 4703 3980 4762 Canticum

2402 4793 2781 4862 Canticorum;
2810 4810 2878 4852 ne
2907 4796 2954 4852 si
2983 4795 3036 4851 in
3066 4794 3289 4850 exordio
3315 4793 3516 4861 legerit,
3545 4793 3645 4848 sub
3670 4796 3980 4850 carnalibus

2400 4973 2740 5036 abstinentiam
2765 4969 3090 5036 appellabant.
3115 4968 3242 5036 Item
3273 4968 3471 5036 Hieron.
3496 4965 3622 5036 libro
3640 4972 3818 5036 ciantra
3853 4966 3976 5036 Jovi-

2402 5037 2535 5096 tiian.
2557 5034 2771 5083 secundo
2787 5026 2896 5095 esp.
2917 5033 2997 5096 ἦῆ.
3018 5038 3090 5079 De
3111 5030 3329 5096 ciborum
3349 5029 3438 5079 sibi
3461 5026 3650 5096 placent
3673 5026 3975 5096 abstinentia.

2401 5095 2539 5158 quasi
2561 5107 2652 5144 non
2670 5101 2716 5144 et
2735 5088 3010 5158 superstitio
3028 5090 3285 5158 gentiliter:
3315 5088 3508 5158 Castam
3539 5088 3628 5151 (sic
3660 5090 3802 5158 enim
3840 5089 3974 5138 resti-

2403 5147 2598 5220 t'uimus)
2627 5147 2974 5220 Matris'oeunt
2991 5152 3221 5220 obseruat,
3245 5158 3290 5200 et
3319 5150 3461 5220 Isidis
3482 5163 3499 5199 :
3522 5147 3634 5210 qua:
3659 5147 3868 5199 inferius
3881 5163 3974 5210 cap.

2403 5219 2480 5268 41.
2507 5232 2560 5267 re
2586 5211 2708 5273 'etit,
2733 5227 2919 5276 nosque
2938 5214 3012 5262 ibi
3035 5214 3276 5274 copiosius
3298 5211 3615 5272 explicamus.

2467 5280 2540 5326 (al
2565 5232 2900 5326 lillartiameus.
2925 5272 3615 5326 suntmreuturmuomadmodi

2467 5280 2544 5351 (gl
2567 5272 2900 5335 Martiametis,
2925 5272 3266 5336 supparentur,
3279 5272 3686 5334 quemadmodum
3697 5274 3976 5331 reposuerat

2398 5341 2778 5461 :Gr-i‘liiuiizedem
2811 5401 3041 5458 putantur
3063 5404 3195 5453 esse,
3219 5405 3330 5461 quae
3363 5399 3414 5461 et
3447 5390 3974 5461 Persicaaaliisdictc:

2402 5450 2537 5511 sunt:
2572 5460 2672 5508 Sed
2701 5473 2745 5508 ιιι
2779 5450 2984 5518 βᾶρυιινος
3016 5450 3196 5518 διεμιτιζ
3226 5450 3784 5518 Βιῲξιρῃίῳε-ρθιιςο,
3829 5450 3977 5518 laudat

2405 5477 2532 5511 sunt.
2573 5477 2672 5508 aeu
2701 5477 2745 5508 bi
2779 5477 2984 5518 βαβυλῡνος
3016 5477 3058 5503 οι
3133 5477 3196 5506 τι.
3227 5477 3546 5514 υἰιυιιυιιιωο
3625 5477 3784 5512 cura,
3831 5477 3953 5500 ldum

2405 5525 2551 5572 etiam
2575 5519 2782 5582 Zonaras
2807 5522 2854 5565 in
2879 5477 3337 5582 rebusﬂoiistantii,
3361 5513 3446 5582 ubi
3467 5511 3533 5582 de
3552 5477 3812 5582 Hrarinisda
3835 5511 3953 5574 loqui

2406 5591 2501 5639 tur,
2527 5592 2711 5641 easque
2734 5573 3156 5641 in_pretiogfuisse,
3194 5579 3246 5620 et
3285 5573 3432 5620 variis
3454 5573 3705 5622 coloribus
3723 5572 3976 5641 eleganter

2426 5634 2560 5692 iictas
2583 5634 2746 5702 tradit.
2771 5634 3218 5702 G'lossaritunvetus
3233 5644 3474 5702 βαβυμηιιδν
3498 5641 3683 5702 ξςρμεξιβ
3845 5634 3976 5702 δὶιιῄι

2426 5657 2560 5692 »ιοιςὶε
2583 5657 2746 5690 πευιι.
2771 5657 3060 5688 utossurluul
3080 5657 3218 5679 νῦιυδ
3233 5657 3474 5691 pupum-vaco
3498 5657 3683 5694 σιρματικ
3706 5657 3821 5691 σωκ.
3845 5657 3973 5682 anul-

2405 5657 2508 5755 iem
2529 5702 2645 5753 alibi
2670 5701 2836 5752 luxum
2857 5699 2908 5748 in
2929 5693 3171 5746 codicibus
3191 5693 3565 5755 eompiugendis
3599 5693 3745 5744 Hier.
3781 5696 3973 5744 damnat.
