4054 6192
9 308 162 367 8η
640 341 643 343 >
1432 317 1756 376 EPISTOLA
1795 318 1971 376 CVlli’.

11 424 267 493 verbis,
303 425 678 498 Spiritualium
699 425 996 497 nuptiarum
1022 425 1422 497 epithalamium
1445 445 1550 485 non
1575 432 1659 484 itt-

0 514 354 585 .telligens,
387 518 717 573 vulneretur.
747 516 939 572 Caveat
967 518 1144 572 omnia
1172 519 1500 592 apocrypha.
1525 520 1593 574 Et
1617 521 1667 574 si

14 606 287 672 quando
310 623 388 663 ea
410 623 514 663 non
539 608 933 678 addogmatum
957 610 1254 674 veritatem,
1279 609 1375 666 sed
1393 612 1462 667 ad
1487 613 1667 683 signo-

15 710 162 748 rum
199 699 592 754 reverentiam
637 698 814 769 legere
858 699 1118 763 voluerit,
1151 701 1284 756 sciat
1329 716 1434 757 non
1479 717 1664 758 eorum
1679 743 1688 752 ν.

19 799 192 850 esse,
229 802 488 856 quorum
521 789 684 843 tilulis
713 797 1126 858 praenotentuc:
1159 792 1426 862 multaque
1458 793 1538 848 his
1565 794 1664 848 ad-

20 874 220 927 mixta
277 875 512 943 vitiosa,
551 892 619 930 ετ
661 893 882 933 αιιλκωε
911 893 1030 934 esse
1057 880 1350 949 prudentiae
1385 896 1570 936 aurum
1609 883 1661 936 in

26 963 161 1017 luto
191 955 493 1032 quaerere.
517 954 768 1036 Cypriani
798 968 1052 1037 opuscula
1085 983 1298 1036 semper
1325 969 1378 1023 in
1401 985 1557 1023 manu
1585 979 1691 1026 te--

21 1060 194 1125 neat;
260 1053 562 1110 Athanasii
609 1057 974 1126 Epistolas-et
1002 1057 1186 1112 llilarii
1210 1059 1372 1113 libros
1402 1059 1666 1115 inoffenso

21 1123 321 1195 decurrat
346 1143 514 1212 pede.
539 1123 752 1198 Illorum
775 1146 1348 1212 tractatibus,illortnn
1370 1147 1666 1203 delectetur

23 1230 322 1298 ingeniis,
361 1233 422 1287 in
452 1248 678 1302 quorum
722 1234 872 1289 libris
912 1236 1085 1306 pietas
1128 1237 1248 1291 fidei
1293 1252 1398 1291 non
1427 1238 1662 1294 vacillet.

21 1315 305 1375 Caeteros
336 1320 429 1375 sic
459 1321 624 1391 legat,
659 1330 718 1377 ut
743 1325 908 1393 magis
932 1324 1135 1393 judicet
1162 1341 1319 1396 quam
1353 1338 1628 1397 sequatur.

105 1408 209 1462 15.
251 1407 651 1480 Respondebis
683 1413 1004 1479 :.Quomodo
1024 1414 1135 1470 haec
1150 1416 1328 1471 omnia
1356 1417 1547 1472 mulier
1566 1433 1667 1473 sa:-

23 1498 280 1566 cularis,
319 1500 384 1555 in
430 1511 572 1556 tanta
603 1502 900 1573 frequentia
930 1507 1202 1562 hominum
1222 1549 1238 1574 ,
1269 1508 1456 1564 Roma:
1483 1521 1666 1566 custo-

26 1589 157 1645 dire
191 1593 462 1661 potero?
487 1593 604 1647 Noli
631 1609 759 1665 ergo
786 1596 966 1652 subire
992 1612 1127 1652 onus
1147 1638 1164 1663 ,
1209 1600 1351 1668 quod
1392 1601 1532 1656 ferre
1558 1617 1688 1655 non.

28 1694 204 1756 potes
231 1704 248 1740 :
285 1686 403 1741 sed
432 1696 714 1758 postquam
739 1690 1092 1747 ablactaveris
1117 1707 1233 1746 eam
1252 1707 1371 1747 cum
1395 1693 1580 1760 lsaac,
1611 1705 1666 1750 et

31 1776 314 1831 vestieris
337 1792 470 1831 cum
502 1777 783 1845 Samuele;
816 1781 972 1834 mitte
997 1781 1130 1836 avia:
1158 1791 1212 1836 et
1247 1783 1444 1836 amitae.
1479 1783 1662 1838 Redde

31 1869 529 1939 pretiosissimam
573 1886 836 1941 gemmam
881 1871 1126 1926 cubiculo
1155 1873 1367 1939 Marite,
1416 1882 1473 1928 et
1509 1875 1662 1929 cunis

35 1962 176 2017 Jesu
208 1961 505 2031 vagientis
531 1961 763 2031 impone.
792 1961 1066 2016 Nutriatur
1107 1963 1159 2016 in
1189 1963 1512 2018 Monasterio
1532 2005 1548 2029 ,
1593 1966 1665 2019 sit

35 2051 188 2106 inter
216 2050 526 2122 Virginum
552 2051 765 2117 choros,
790 2052 972 2121 iurare
997 2068 1103 2107 non
1126 2052 1314 2118 discat,
1335 2054 1548 2108 mentiri
1577 2069 1662 2108 sa-

35 2143 344 2212 crilegium
382 2150 556 2211 putet,
588 2143 793 2196 nesciat
812 2144 1088 2208 saeculum,
1124 2145 1268 2198 vivat
1292 2145 1565 2215 Angelice,
1593 2146 1664 2200 sit

36 2233 93 2288 in
115 2247 298 2286 carne
329 2232 466 2287 sine
489 2247 668 2298 carne,
696 2247 856 2287 omne
883 2233 1155 2287 hominum
1181 2250 1346 2304 genus
1380 2237 1463 2290 sui
1487 2237 1663 2292 simile

42 2333 224 2394 putet.
253 2323 358 2389 Et,
391 2333 458 2379 ut
478 2334 671 2380 czetcra
693 2333 918 2390 taceam,
947 2335 1093 2380 certe
1125 2333 1176 2380 te
1199 2326 1388 2381 liberet
1416 2327 1664 2382 servandi

39 2414 412 2480 difficultate,
445 2427 496 2470 et
527 2417 784 2470 custodite
813 2416 1068 2485 periculo.
1095 2416 1294 2471 MELIUS
1317 2433 1420 2472 run
1457 2429 1540 2474 est
1563 2419 1662 2475 de-

43 2506 305 2562 siderare
336 2505 652 2573 absentem,
683 2522 844 2576 quam
891 2507 1058 2579 689
1109 2523 1304 2578 pavere
1326 2509 1393 2564 ad
1413 2511 1620 2581 singula
1646 2529 1663 2567 :

45 2595 176 2664 quid
211 2596 513 2666 loquatur,
547 2611 667 2650 cum
702 2611 809 2666 quo
835 2597 1101 2667 loquatur,
1131 2599 1216 2653 cui
1241 2607 1472 2666 annuat,
1505 2616 1662 2670 quem

46 2685 291 2740 libenter
322 2685 584 2756 aspiciat.
622 2685 796 2740 Trade
837 2686 1122 2741 Eustochio
1163 2689 1470 2757 parvulam,
1514 2690 1664 2759 cujus

50 2789 202 2830 nunc
233 2785 296 2831 et
323 2776 452 2845 ipse
480 2776 689 2846 vagitus
714 2792 809 2846 pro
841 2786 893 2832 te
919 2779 1096 2833 oratio
1123 2792 1229 2834 est.
1276 2779 1452 2834 Trade
1495 2782 1664 2834 comi-

51 2874 162 2919 tem
181 2867 532 2934 sanctitatis,
561 2867 788 2922 futuram
811 2868 1102 2924 hatredem.
1128 2870 1274 2924 Illam
1295 2871 1491 2937 videat,
1516 2873 1663 2928 illam

50 2965 222 3022 amet,
257 2957 418 3011 illam
451 2958 630 3029 primis
655 2959 865 3012 miretur
893 2961 955 3012 ab
979 2961 1127 3014 annis
1149 2959 1171 3030 (
1196 2959 1412 3015 1Eneid.
1450 2960 1592 3015 VIII
1614 2967 1659 3032 ),

53 3046 211 3114 cujus
242 3055 303 3102 et
335 3062 553 3112 sermo,
586 3059 640 3102 et
669 3049 932 3116 incessus,
959 3059 1013 3105 et
1033 3050 1266 3118 habitus,
1295 3052 1535 3109 doctrina
1557 3055 1662 3108 νει-ο

3249 339 3355 399 838

1769 430 1856 487 bat
1884 451 1897 487 :
1928 433 2125 504 talique
2171 434 2442 493 immolato
2474 440 2739 497 sacrificio
2759 483 2774 510 ,
2819 458 3048 502 reversa»
3080 451 3298 510 domum
3326 495 3342 520 ,

1776 523 2239 594 quinqueliberos
2265 528 2363 582 sibi
2397 532 2598 599 genuit,
2629 534 2751 602 quia
2781 535 3192 608 primogenitum
3238 544 3354 600 Deo

1778 625 2077 682 pepererat.
2105 617 2314 674 Miraris
2342 619 2650 679 felicitatem
2683 636 2882 682 sanctae
2911 629 3196 686 mulieris?
3225 633 3355 688 imi-3

1776 711 1886 758 tare
1911 705 2091 761 fidem.
2119 709 2256 777 lpse,
2286 710 2331 764 si
2357 711 2576 768 Paulam
2596 716 2827 783 miseris,
2857 728 2911 771 et
2929 721 3242 789 magistrum
3266 740 3352 778 me

1772 802 1825 846 et
1851 795 2134 850 nutricium
2160 801 2419 869 spondeo.
2449 803 2682 861 Gestabo
2725 807 2998 876 humeris,
3044 812 3117 882 (ὁ)
3155 813 3346 868 balbu-

1774 883 1956 938 tientia
1981 900 2146 942 senex
2168 889 2329 944 verba
2361 891 2622 961 formabo,
2655 896 2823 951 multo
2846 899 3132 968 gloriosior
3162 903 3346 957 mundi

1773 973 2095 1047 Philosopho
2121 997 2134 1034 :
2161 981 2255 1050 qui
2293 997 2397 1038 non
2446 1000 2627 1056 regem
2667 986 3015 1046 Macedonum
3054 992 3346 1066 Babylonio

1776 1067 2074 1134 periturum
2108 1085 2314 1126 veneno
2340 1075 2482 1138 ;,sed
2509 1076 2760 1132 ancillam
2793 1088 2846 1134 et
2872 1095 3128 1150 sponsam
3152 1084 3378 1139 Christi-

1771 1156 2034 1227 erudiam,
2065 1162 2241 1231 regnis
2264 1165 2573 1221 ccelestibus
2597 1167 2978 1228 ollerettdam..

2217 1271 2546 1329 EPISTULA
2592 1275 2751 1332 cvm
2780 1279 2877 1350 (ε).

2181 1398 2248 1436 an
2286 1399 2612 1442 rusrocntuu
2652 1385 2924 1447 VIRGtNl-Zl'.

2126 1494 2204 1563 (ά)
2235 1494 2562 1568 Epitaphium
2590 1500 2773 1556 Paula:
2796 1506 2994 1560 matris.

1771 1581 1952 1636 Paula:
1973 1584 2364 1654 tritattt‘enarrat,
2388 1606 2538 1658 quant
2565 1593 2778 1659 primunt
2800 1611 2832 1647 α
2851 1597 3048 1665 generis
3067 1601 3346 1666 nobilitate,

1843 1684 1948 1726 tum
1992 1691 2108 1728 vero
2151 1678 2370 1731 maxime
2413 1681 2478 1733 ob
2517 1683 2676 1736 animi
2705 1685 2941 1740 virtutem
2969 1687 3178 1756 laudat,
3213 1695 3380 1762 qttod‘

1828 1763 2058 1817 ‘Tbxotio
2087 1768 2268 1820 ntarito
2293 1772 2552 1837 defuncto.
2585 1783 2742 1827 totam
2766 1793 2820 1829 se
2850 1777 2957 1831 Deo
2985 1783 3194 1845 noverit,
3222 1794 3270 1836 et
3290 1785 3367 1836 itt-

1839 1864 2012 1906 sancto
2043 1857 2297 1924 proposito
2335 1857 2422 1911 diu
2454 1860 2630 1915 Romae
2656 1864 2854 1920 vixerit.
2886 1865 3082 1922 Deinde
3103 1855 3232 1942 ejus
3254 1874 3368 1926 itcr'

1838 1943 2219 2013 diligentissime
2242 1947 2506 2016 describit,
2533 1968 2630 2020 quo
2660 1957 2942 2025 peragratis
2968 1959 3125 2013 sacris
3151 1961 3349 2017 ludere

1840 2035 1982 2101 locis,
2011 2047 2160 2106 atque
2181 2037 2416 2109 Aigypto
2434 2041 2793 2099 Alexandriam
2820 2064 2994 2120 usque,
3018 2051 3068 2102 in
3090 2049 3343 2108 Bethleem

1837 2129 2078 2185 consedit.
2107 2127 2185 2182 lbi
2206 2146 2318 2200 quae
2342 2135 2564 2188 extruxit
2594 2133 2862 2207 Virginum
2886 2144 3211 2208 monasteria,
3235 2147 3338 2212 qui-

1839 2219 2024 2288 basque
2053 2223 2293 2291 exemplis
2318 2240 2378 2276 ac
2404 2227 2671 2297 prceceptis
2700 2231 2902 2295 rexerit,
2935 2231 3178 2298 declarat,
3204 2236 3348 2304 ejusa

1840 2311 1951 2364 dent
1979 2311 2333 2377 humilitatem,
2365 2317 2683 2386 patientiam,
2708 2331 3047 2390 contemptum
3073 2328 3264 2392 sceculi,
3294 2330 3345 2382 in

1837 2415 2086 2468 pauperes
2109 2412 2258 2470 atque
2284 2414 2500 2472 cegrotos
2541 2408 2832 2474 caritatem,
2863 2409 3168 2466 Divinarum
3203 2415 3340 2470 Scri-

1838 2499 2104 2558 pturarum
2131 2492 2413 2559 scientiam,
2446 2511 2506 2549 ac
2534 2497 2654 2564 ﬁdei
2679 2500 2949 2568 puritatem
2972 2543 2988 2565 ,
3031 2513 3180 2574 atque
3217 2507 3348 2560 alias

1841 2581 2026 2648 passim
2048 2583 2254 2635 virtutes
2271 2583 2694 2646 cumulatissimas
2712 2589 2972 2657 prtedicat.
2995 2589 3222 2662 Denique
3235 2595 3349 2664 ejus

1840 2680 2044 2724 mortem
2072 2680 2119 2725 et
2147 2673 2326 2742 funera
2355 2675 2556 2745 copiose
2583 2677 2839 2734 describit.

1836 2781 1998 2852 690
2075 2783 2123 2837 l.
2155 2783 2210 2839 Si
2253 2795 2444 2842 cuncta
2495 2791 2734 2858 corporis
2763 2792 2867 2848 mei
2896 2795 3135 2850 membra
3164 2805 3348 2853 verte-

1769 2883 1955 2923 rt-n'tur
1983 2872 2036 2926 in
2066 2873 2292 2942 linguas,
2320 2885 2376 2930 et
2397 2893 2584 2932 omnes
2612 2889 2757 2936 artus
2780 2882 3010 2936 humana
3039 2899 3169 2940 voce
3190 2902 3345 2941 reso-

1767 2971 1975 3025 nat-ent,
2002 2962 2136 3016 nihil
2161 2964 2377 3034 dignum
2401 2979 2600 3023 sancta:
2623 2984 2687 3024 ac
2704 2973 3026 3029 venerabilis
3043 2974 3220 3030 Paula:
3237 2978 3347 3031 vir-

1769 3051 1973 3104 tutibus
2003 3050 2258 3107 dicerem.
2287 3054 2492 3110 Nobilis
2521 3071 2719 3126 genere
2738 3099 2755 3124 ,
2785 3061 2880 3115 sed
2907 3063 3076 3118 multo
3104 3065 3342 3121 nobilior

56 3143 232 3189 tutum
267 3144 380 3191 est.
413 3135 502 3192 Sit
527 3137 579 3190 in
608 3138 816 3205 gremio
843 3138 995 3203 avias,
1023 3155 1142 3208 qua:
1165 3151 1369 3208 repetat
1399 3143 1448 3196 in
1481 3152 1660 3213 nepte,

56 3227 325 3296 quidquid
353 3226 624 3296 prmmisit
649 3227 700 3279 in
730 3228 832 3280 lilia
855 3243 870 3292 ;
897 3244 1016 3296 qua:
1041 3231 1200 3298 longo
1230 3246 1326 3284 usu
1357 3232 1540 3287 didicit
1565 3249 1664 3288 nu-

58 3320 208 3383 trire,
243 3331 500 3380 servare,
534 3316 729 3372 docere
773 3318 1006 3387 virgines
1044 3337 1057 3374 :
1090 3320 1143 3373 in
1173 3321 1323 3390 cujus
1350 3321 1424 3394 (α)
1464 3339 1660 3378 corona

57 3409 371 3465 centenarii
427 3408 667 3476 quotidie
718 3411 926 3464 numeri
979 3413 1198 3466 castitas
1247 3416 1460 3469 texitur.
1511 3415 1658 3472 Felix

61 3499 237 3569 virgo,
267 3495 403 3552 felix
437 3496 597 3550 Paula
623 3497 852 3560 Toxotii,
881 3515 999 3562 ρυλε
1048 3517 1146 3556 rea
1197 3519 1336 3558 avus
1377 3507 1664 3577 amitteque

60 3589 292 3641 virtutes
314 3584 558 3640 nobilior
583 3595 666 3641 est
687 3591 990 3654 sanctitate,
1015 3606 1172 3660 quam
1194 3609 1411 3662 genere.
1433 3594 1478 3650 0
1498 3596 1543 3652 si
1568 3597 1662 3652 tibi

62 3677 412 3747 contingeret
436 3675 622 3731 videre
661 3690 968 3734 socrum-et-
987 3692 1266 3751 cognatam
1301 3695 1466 3752 tuam,
1513 3696 1567 3743 et
1607 3689 1662 3744 in

63 3781 124 3834 pa
135 3769 246 3821 rvis
269 3767 618 3837 corpusculis
641 3768 878 3837 ingentes
897 3770 1105 3826 animos
1133 3773 1324 3829 intueri
1350 3792 1364 3828 τ
1387 3791 1486 3845 pro
1503 3778 1661 3833 insita

65 3857 155 3911 tibi
183 3857 578 3926 pudicitia-non
601 3860 948 3930 ambigerem,
971 3863 1098 3930 quin
1119 3866 1449 3930 prarcederes
1474 3868 1655 3935 filiam,

64 3957 117 4000 et
145 3949 384 4016 primam
431 3948 524 4003 Dei
570 3951 890 4004 sententiam
913 3991 928 4016 ,
975 3955 1205 4007 secunda
1242 3957 1514 4026 Evangelii
1545 3961 1661 4028 lege

68 4046 330 4092 mutares.
361 4037 462 4091 Nm
492 4035 586 4106 [ιιι.
613 4036 744 4109 Nec]
773 4047 827 4092 ιιι
867 4040 1278 4107 parvipenderes
1318 4044 1546 4100 aliorum
1571 4047 1663 4103 de-

68 4125 280 4181 sideria-
299 4127 598 4180 liberorum
625 4142 640 4190 ;
694 4127 788 4181 sed
820 4127 1042 4197 teipsam
1069 4132 1237 4201 magis
1273 4132 1496 4188 offerres
1529 4137 1660 4192 Deo.

70 4215 173 4272 Sed
211 4217 340 4288 quia
387 4225 606 4286 tempus
647 4227 730 4273 est
772 4220 1141 4288 amplexandi,
1184 4221 1248 4278 'et
1274 4233 1481 4295 tempus
1507 4227 1664 4298 longe

74 4307 183 4364 fieri
209 4324 240 4364 a
284 4309 705 4379 complexibus:
745 4320 798 4364 et
826 4327 958 4366 uxor
995 4328 1101 4367 non
1140 4313 1303 4370 habet
1343 4326 1661 4386 potestatem

75 4403 318 4470 corporis
359 4401 448 4456 sui
499 4402 550 4471 (l
583 4401 703 4456 Cor.
735 4403 786 4456 7.
811 4404 911 4474 4):
952 4412 1007 4459 et
1046 4409 1416 4480 unusquisque
1457 4411 1511 4466 in
1557 4428 1662 4484 qua

78 4493 359 4549 vocatione
387 4503 618 4549 vocatus
642 4503 748 4562 est,
780 4496 832 4550 in
859 4510 921 4552 ea
961 4509 1276 4566 permaneat
1305 4503 1356 4556 in
1389 4503 1614 4561 Domino
1640 4523 1656 4562 :

78 4591 130 4634 et
155 4585 243 4652 qui
273 4585 376 4639 sub
405 4585 538 4655 jugo
563 4594 667 4650 est,
696 4586 766 4640 ita
796 4586 955 4642 debet
979 4602 1218 4656 currere,
1247 4607 1315 4646 ne
1343 4593 1394 4647 in
1426 4593 1538 4650 luto
1562 4611 1658 4652 co-

81 4673 262 4727 mitem
293 4675 658 4745 derelinquat,
688 4686 855 4731 totum
887 4679 1050 4734 redde
1077 4681 1132 4734 in
1158 4682 1348 4737 sobole
1372 4725 1387 4750 ,
1427 4688 1572 4755 quod
1607 4689 1658 4744 in

87 4771 136 4815 te
164 4763 378 4830 interim
407 4766 682 4822 distulisti.
718 4769 868 4822 Anna
905 4769 1068 4824 lilium
1111 4787 1269 4840 quem
1303 4773 1412 4830 Deo
1442 4789 1665 4835 voverat

86 4850 131 4917 (l
160 4852 291 4922 Reg.
326 4854 405 4925 l),
436 4867 713 4926 postquam
740 4859 930 4913 obtulit
969 4861 1018 4913 in
1047 4861 1420 4920 Tabernaeulo
1446 4907 1462 4931 ,
1517 4885 1656 4925 nun-

86 4957 241 5012 quam
274 4950 480 5017 recepit
503 4967 517 5002 :
542 4950 792 5007 indecens
813 4955 1090 5022 arbitrata,
1119 4968 1176 5012 ut
1196 4959 1401 5015 futurus
1422 4963 1662 5034 Prophe-

87 5042 137 5088 ta
165 5038 219 5090 in
245 5039 366 5107 ejus
393 5039 559 5095 domo
587 5055 873 5111 cresceret,
903 5063 1023 5117 quae
1047 5048 1221 5105 adhuc
1243 5051 1380 5107 alios
1407 5053 1546 5110 filios
1567 5058 1664 5113 ha-

89 5124 215 5183 bere
241 5133 518 5200 cupiebat.
545 5135 780 5206 Denique
801 5150 1078 5211 postquam
1100 5146 1346 5216 concepit
1365 5157 1419 5202 et
1436 5151 1660 5218 peperit,

93 5230 192 5270 non
221 5230 304 5274 est
334 5237 461 5276 ausa
490 5224 556 5277 ad
584 5224 863 5296 Templum
891 5232 1177 5299 accedere,
1219 5244 1272 5289 et
1301 5251 1465 5291 vacua
1494 5253 1660 5308 appa-

92 5317 210 5362 rere
236 5323 417 5366 coram
448 5313 692 5384 Domino,
724 5317 824 5374 nisi
852 5321 1000 5389 prius
1039 5323 1291 5381 redderet
1318 5327 1459 5397 quod
1488 5328 1656 5386 debe-

157 5457 572 5546 [lilhgggﬁfr‘qu
598 5471 833 5546 inprime
854 5482 1020 5546 contra
1052 5476 1295 5546 Jovipian.
1321 5481 1446 5546 libro
1479 5497 1584 5546 cap.
1616 5487 1636 5535 l

96 5515 368 5597 fingamus
394 5539 406 5572 :
431 5515 578 5597 atque
600 5515 838 5597 Quae
856 5515 1036 5596 milis
1052 5515 1456 5594 21"(333'lés'i'aiiié
1479 5515 1664 5597 “alii:

0 5609 6 5632 ’
99 5581 1032 5668 militiaemiesusiutis.satis;
1046 5581 1662 5668 s.a;a";agtaai.it;;;;';n

148 5649 758 5734 ἓῖῃξῇεὲξξιῖἰιέδηῐυτ,
779 5649 828 5709 et
846 5659 1020 5721 viduze,
1046 5649 1490 5719 εἱιιςυιιίιῆῗάὶιῖέῦέ
1500 5649 1663 5734 2.11mi:

98 5704 179 5747 mit
200 5704 484 5766 virginith
505 5704 792 5766 coronam,»

1767 3143 2050 3198 sanctitate
2077 3161 2089 3197 :
2122 3153 2308 3212 potens
2337 3147 2604 3214 quondam
2633 3149 2851 3215 divitiis.
2871 3154 2965 3209 sed
2985 3171 3127 3211 nunc
3145 3156 3348 3214 Christi

1766 3243 2076 3300 paupertate
2104 3235 2401 3304 insignior;
2431 3238 2756 3296 Graecorum
2783 3244 2944 3312 stirps
2964 3287 2978 3308 ,
3011 3246 3227 3304 soboles
3272 3251 3344 3321 (e)

1767 3324 2100 3393 Scipionum,
2151 3327 2300 3382 Pauli
2349 3329 2543 3395 harrcs,
2588 3333 2745 3403 cujus
2782 3337 3100 3392 vocabulum
3137 3341 3342 3408 trahit,

1766 3412 1965 3468 Martias
1994 3416 2236 3487 Papyriat
2261 3419 2448 3474 matris
2467 3419 2711 3477 Africani
2729 3439 2852 3479 vera
2875 3435 2929 3480 et
2943 3441 3200 3495 germana
3222 3445 3348 3499 pro-

1763 3507 1966 3574 genies,
1983 3507 2164 3562 Roma:
2189 3511 2421 3577 praetulit
2441 3511 2736 3588 Bethleem,
2753 3525 2806 3572 et
2824 3532 2956 3572 auro
2981 3527 3114 3575 tecta
3137 3521 3346 3592 fulgen-

1767 3596 1860 3660 tia,
1891 3598 2132 3654 informis
2171 3601 2266 3656 luti
2315 3604 2522 3659 vilitate
2569 3607 2812 3664 mutavit.
2858 3607 2973 3664 Non
3018 3626 3344 3680 maeremus,

1764 3691 1906 3759 quod
1939 3692 2096 3747 talem
2125 3694 2405 3752 amisimus
2431 3713 2446 3762 ;
2479 3697 2571 3752 sed
2598 3699 2796 3768 gratias
2821 3701 3050 3770 agimus,
3082 3703 3222 3772 quod
3251 3704 3346 3760 ba-

1765 3781 1997 3848 buimus,
2049 3785 2156 3838 imo
2211 3785 2522 3843 habeamus.
2570 3789 2681 3843 Deo
2718 3789 2862 3844 enim
2910 3791 3095 3844 vivunt
3126 3794 3344 3858 omnia;

1771 3884 1837 3924 ετ
1863 3886 2109 3933 ριιιυρυιι)
2136 3875 2422 3928 revertitur
2459 3875 2528 3928 ad
2557 3876 2838 3930 Dominum
2857 3915 2872 3940 ,
2912 3877 2965 3930 in
2992 3877 3206 3933 familia:
3248 3897 3350 3934 nu-

1766 3975 1918 4014 mero
1942 3970 2299 4028 computatur.
2324 3964 2652 4031 Quamquam
2681 3965 2901 4019 amissio
2924 3966 3086 4031 illius,
3108 3970 3346 4028 caelestis

1767 4051 1957 4106 domus
1990 4051 2245 4106 habitatio
2271 4055 2378 4119 sit;
2410 4069 2529 4124 qum
2557 4057 2811 4125 quamdiu
2851 4058 2912 4118 in.
2950 4075 3177 4132 corpore
3211 4064 3346 4131 fuit,

1769 4141 2104 4210 peregrinata
2133 4150 2214 4196 est
2238 4158 2269 4197 a
2296 4144 2521 4199 Domino
2543 4145 2622 4216 (2.
2650 4144 2769 4203 Cor.
2791 4149 2871 4218 5),
2901 4159 2955 4205 et
2977 4166 3108 4208 voce
3131 4167 3348 4226 semper

1768 4232 1934 4286 llehili
1957 4233 2304 4300 querebatur,
2337 4235 2563 4290 dicens:
2595 4236 2710 4292 Ileu
2739 4240 2882 4306 mihi,
2909 4243 3027 4312 quia
3052 4247 3347 4316 peregrina.

1768 4322 1836 4376 tio
1863 4338 1972 4376 mea
1992 4324 2292 4395 prolongata
2311 4335 2404 4392 est,
2428 4326 2646 4382 habitari
2660 4344 2776 4400 cum
2793 4330 3129 4390 habitantibus
3151 4334 3334 4404 Cedar,

1774 4412 1844 4482 (Ῑ)
1897 4414 2110 4468 multum
2158 4418 2474 4487 peregrinata
2518 4428 2592 4474 est
2636 4420 2806 4475 anima
2835 4439 2946 4478 utea
2975 4423 3095 4493 (Ps.
3127 4427 3215 4483 l9.
3248 4428 3300 4499 ὅ)
3325 4472 3340 4495 ,

1767 4504 1875 4562 Nec
1910 4506 2100 4562 mirum
2141 4510 2187 4563 si
2218 4510 2480 4578 planxerit
2515 4526 2576 4569 se
2614 4518 2816 4572 versari
2867 4519 2918 4576 in
2947 4523 3159 4576 tenebris
3200 4522 3343 4596 (hoc

1767 4599 1908 4655 enim
1932 4599 2096 4654 Cedar
2123 4601 2524 4671 interpretatur)
2596 4607 2756 4679 691
2832 4625 2953 4666 cum
3008 4614 3238 4668 mundus
3289 4616 3340 4669 in

1768 4691 2001 4761 maligno
2029 4692 2231 4761 positus
2275 4694 2380 4760 sit;
2408 4702 2462 4750 et
2510 4696 2649 4751 sicut
2680 4699 2912 4754 tenebrae
2963 4701 3125 4764 illius,
3173 4703 3244 4756 ita
3294 4717 3348 4758 et

1768 4781 1946 4837 lumen
1977 4782 2095 4852 ejus
2122 4782 2244 4854 (Ps.
2276 4784 2402 4840 138.
2438 4785 2529 4856 12)
2555 4804 2570 4852 ;
2596 4787 2792 4857 luxque
2820 4791 2874 4844 in
2907 4791 3140 4845 tenebris
3173 4792 3343 4849 luceat

1769 4871 1948 4940 (Joan.
1979 4875 2028 4927 l.
2057 4873 2112 4943 5)
2141 4882 2196 4928 et
2223 4875 2454 4930 tenebrae
2497 4890 2616 4930 eam
2652 4893 2760 4934 non
2797 4881 3318 4948 comprehenderunt

1768 4963 1920 5020 Unde
1945 4971 2000 5018 et
2027 4963 2156 5018 illud
2182 4964 2424 5026 crebrius
2449 4965 2728 5032 inferebat,
2755 4967 2963 5024 Advena
3003 4988 3117 5024 sunt
3153 4982 3200 5026 et
3251 4991 3318 5042 po

1767 5057 1969 5128 regi-ina
1988 5056 2115 5109 sicut
2142 5070 2310 5109 omnes
2337 5066 2504 5125 patres
2526 5059 2622 5112 mei
2643 5057 2869 5128 (Ps..58.
2890 5061 3003 5131 15).
3031 5063 3097 5118 Et
3120 5064 3336 5138 iterum;

1835 5183 1881 5248 (b
1936 5184 2061 5247 Reg.
2086 5182 2393 5256 balbutientia
2414 5187 2540 5238 senis
2561 5188 2703 5239 verba
2723 5188 2950 5253 ﬁrmabit."

1835 5186 1907 5357 is}.
1941 5244 2787 5357 assumamus...

1851 5244 1901 5308 ι’)
1941 5244 2064 5308 qlia}
2085 5244 2158 5294 27.
2188 5246 2374 5308 Scripta
2405 5261 2529 5298 anno
2558 5251 2669 5300 404.

1851 5261 1878 5296 c
1941 5251 2064 5294 ultas
2085 5251 2158 5294 27.
2188 5251 2374 5308 Scripta
2405 5261 2529 5298 anno
2558 5251 2669 5300 404.
2724 5251 2731 5253 ’

1943 5306 1997 5354 ln
2020 5305 2224 5376 Reginae
2245 5308 2348 5356 cod.
2375 5309 2486 5358 497.
2512 5311 2787 5376 inscribitur
2810 5315 2915 5366 Vita
2931 5323 2978 5366 s.
3002 5317 3168 5370 Paulae
3191 5318 3348 5371 vidua

1767 5368 1999 5434 seripta_a
2026 5376 2076 5415 Β.
2104 5368 2390 5434 κίοι-φυηρ
2412 5371 2724 5434 Presbytero.»

1831 5427 1899 5490 (ἐ)
1933 5427 2042 5478 Duo
2077 5427 2302 5478 vetustis:
2342 5429 2546 5539 Reginae
2561 5427 2726 5483 'cx-dd.
2772 5436 2882 5488 407.
2926 5445 2978 5487 et
3020 5439 3128 5490 500.
3177 5439 3349 5500 legunt

1831 5489 1941 5539 uite.
1967 5489 2142 5539 auibus
2163 5492 2369 5539 concinit
2390 5505 2415 5539 a
2441 5494 2514 5539 ius
2550 5493 2639 5539 Ms.
2679 5497 2730 5539 S-
2767 5497 2961 5539 Maximi
2996 5503 3119 5539 simul
3152 5500 3347 5539 Nullan-

1767 5489 1941 5543 Melite,
1967 5489 2142 5552 quibus
2163 5492 2369 5541 concinit
2390 5489 2514 5541 alius
2550 5493 2639 5544 Ms.
2679 5497 2730 5544 S.
2767 5497 2963 5547 Maximi
2996 5489 3119 5562 apud
3152 5489 3347 5551 Bullati;

1767 5551 1898 5590 dum-
1926 5550 2099 5590 Ntilnm
2126 5563 2270 5590 nm'rn
2291 5550 2441 5590 fuitut).
2467 5555 2512 5590 Μ
2554 5555 2804 5590 Ὡριινιιίεπη
2830 5560 2864 5590 l‘
2917 5560 3104 5590 Dum-nt:
3144 5563 3346 5590 n........:..

1767 5551 1900 5600 dum.
1926 5550 2099 5599 Netum
2126 5563 2270 5612 porro
2291 5550 2442 5602 fuisse
2467 5555 2530 5603 Μ.
2554 5555 2656 5619 Pap
2689 5559 2806 5606 riam
2830 5560 2883 5610 C.
2917 5550 3104 5624 Papirii
3141 5550 3347 5615 Nasonis

1769 5611 1929 5686 filiam,
1958 5624 2163 5661 uxorem
2187 5611 2240 5660 L.
2268 5613 2439 5663 Iunilii
2474 5614 2628 5678 Pauli,
2657 5571 2814 5679 i‘abii,
2842 5627 2893 5670 et
2918 5622 3123 5672 Africani
3143 5625 3346 5686 junieris

1768 5680 2041 5797 magia-lii
2061 5734 2175 5787 Μδει
2195 5735 2336 5798 iuxta
2357 5736 2630 5804 Vulgatam,
2654 5740 2852 5794 mulmm
2875 5742 3030 5796 iuth
3052 5747 3159 5808 fuit,
3187 5756 3282 5800 etc.
