4054 6192
730 314 837 373 879

730 430 894 501 Cupio
919 425 1140 486 dissolvi,
1173 431 1220 476 et
1260 436 1366 501 esse
1404 434 1518 473 cum
1547 420 1747 474 Christo
1777 417 2049 489 (Philipp.
2085 419 2137 472 1.
2161 417 2233 472 23
2254 417 2295 488 ).

729 521 950 588 Quoties
972 524 1149 569 autem
1190 511 1501 567 infirmitate
1525 511 1824 580 corpusculi
1851 509 2040 581 (quam
2070 509 2304 564 incredi-

727 611 818 666 bili
847 602 1227 676 abstinentia),
1270 613 1322 658 et
1350 603 1636 672 duplicatis
1683 607 2024 657 contraxerat
2058 599 2301 668 jejuniis)

725 695 1042 763 vexabatur,
1062 694 1164 749 hoc
1181 699 1232 748 in
1247 708 1343 749 ore
1365 694 1613 749 volvebat
1634 693 1895 763 :Subjieio
1912 707 2094 762 corpus
2111 705 2300 756 meum,

724 794 768 840 et
783 785 835 838 in
851 785 1135 839 servitutem
1161 784 1355 855 redigo,
1385 802 1448 839 ne
1465 785 1581 838 aliis
1601 783 1908 854 praedicans,
1934 780 2047 852 ipsa
2068 789 2300 850 reproba

722 875 954 929 inveniar
977 874 1054 944 (1.
1085 874 1204 929 Cor.
1235 875 1288 930 9.
1319 874 1435 947 27).
1461 875 1530 929 Et
1557 893 1569 928 :
1597 875 1793 928 Bonum
1821 883 1892 927 est
1913 874 2081 926 vinum
2101 887 2199 925 non
2221 870 2302 923 bi-

722 967 835 1018 bere
856 1005 872 1030 ,
921 973 968 1018 et
1007 979 1212 1018 carnem
1243 981 1343 1018 non
1378 964 1685 1018 manducare
1714 962 1892 1036 (Rom.
1932 963 2020 1016 14.
2051 958 2163 1031 2i).
2197 960 2300 1014 Et:

723 1053 1010 1107 Humiliavi
1034 1055 1086 1108 in
1103 1054 1307 1124 jejunio
1331 1054 1553 1107 animam
1584 1069 1750 1107 meum
1789 1053 1904 1121 (Ps.
1935 1052 2026 1106 54.
2054 1049 2165 1121 15)»
2195 1049 2300 1114 Et,

722 1144 906 1198 Totum
926 1145 1107 1199 lectum
1125 1157 1288 1197 nteant
1309 1145 1513 1197 versasti
1526 1143 1576 1196 in
1596 1142 1894 1211 infirmitate
1912 1157 2021 1194 mea
2046 1139 2158 1209 (Ps.
2185 1138 2299 1207 ιο).

723 1238 789 1292 Et
807 1278 822 1303 ,
864 1236 1073 1291 Versata
1101 1253 1215 1291 sum
1237 1237 1295 1290 in
1321 1235 1525 1290 miseria
1544 1276 1558 1301 ,
1587 1235 1709 1288 dum
1734 1235 1858 1288 mihi
1889 1233 2159 1303 conﬁgitur
2197 1233 2303 1300 spi~

725 1344 791 1380 na
819 1326 934 1398 (Ps.
965 1324 1078 1396 51).
1119 1324 1208 1396 (a).
1245 1326 1418 1394 Atque
1461 1325 1600 1382 inter
1629 1324 1830 1379 doloris
1869 1323 2122 1388 aculeos,
2168 1336 2303 1391 quos

721 1418 857 1471 mira
886 1416 1137 1486 patientia
1181 1416 1505 1481 sustinebat,
1549 1415 1700 1485 quasi
1741 1425 1956 1482 apertos
1999 1411 2102 1465 sibi
2136 1411 2305 1465 ctelos

727 1509 1016 1577 aspiceret,
1045 1505 1359 1575 loquebatur
1387 1524 1400 1561 :
1441 1505 1591 1576 (Quis
1630 1505 1768 1557 dabit
1805 1503 1926 1556 mihi
1957 1519 2146 1572 pennas
2173 1501 2306 1555 sicut

724 1598 990 1666 columbas,
1018 1608 1065 1653 et
1091 1599 1287 1663 volabo,
1322 1607 1366 1652 et
1395 1598 1698 1668 requiescam
1729 1595 1848 1666 (Ps.
1876 1595 1965 1650 54.
1999 1594 2092 1662 7)?

793 1692 848 1746 2.
882 1691 1078 1746 Testor
1106 1689 1290 1745 Jesum
1323 1698 1377 1743 et
1420 1688 1644 1743 Sanetos
1671 1687 1788 1756 ejus
1811 1727 1826 1751 ,
1871 1686 2151 1754 ipsumque
2181 1699 2302 1755 pro-

725 1784 898 1852 prium
933 1780 1007 1852 (b)
1037 1781 1322 1851 Angelum,
1350 1780 1441 1850 qui
1467 1787 1648 1834 custos
1671 1778 1764 1833 fuit
1793 1787 1846 1833 et
1871 1792 2054 1832 eomes
2073 1777 2306 1830 admira«

723 1875 848 1930 bilis
882 1874 1115 1940 feminae,
1145 1887 1231 1927 me
1256 1871 1387 1926 nihil
1413 1872 1466 1925 in
1494 1869 1746 1942 gratiam,
1787 1869 1923 1924 nihil
1959 1883 2109 1923 more
2149 1868 2304 1922 blan-

724 1966 984 2022 dientium
1011 1964 1158 2034 loqui
1187 1980 1200 2017 :
1228 1963 1323 2018 sed
1347 1960 1605 2032 quidquid
1630 1961 1878 2016 dicturus
1897 1975 2038 2025 sum,
2068 1973 2167 2030 pro
2221 1967 2304 2013 te-

723 2055 979 2111 stimonio
995 2054 1175 2110 dicere
1198 2071 1222 2121 ;.
1244 2063 1299 2110 et
1319 2053 1499 2108 minus
1513 2051 1628 2122 ejus
1644 2066 1765 2106 esse
1791 2050 2019 2114 meritis,
2044 2064 2201 2118 quam
2226 2057 2304 2102 to-

725 2155 812 2202 tus
837 2147 984 2203 orbis
1009 2147 1157 2202 canit
1181 2162 1194 2199 :
1228 2144 1539 2200 sacerdotes
1556 2144 1842 2208 mirantur,
1866 2142 2128 2212 virginum
2155 2141 2305 2195 ehori

730 2237 1058 2303 desiderant,
1086 2236 1468 2293 Monachorum
1495 2244 1550 2290 et
1577 2250 1866 2306 pauperum
1891 2233 2062 2288 turba:
2089 2231 2306 2302 deplan-

725 2339 877 2400 gunt.
904 2330 996 2384 Vis
1022 2330 1193 2384 lector
1220 2329 1338 2398 ejus
1370 2327 1605 2382 breviter
1631 2326 1770 2380 scire
1811 2323 2076 2378 virtutes?
2119 2337 2307 2377 omnes

725 2434 854 2475 suos
880 2432 1176 2488 pauperes,
1225 2419 1510 2486 pauperior
1554 2416 1666 2484 ipsa
1699 2415 1924 2470 dimisit.
1951 2413 2062 2468 Nec
2090 2412 2304 2479 mirum,

727 2509 795 2564 de
827 2509 1084 2577 proximis
1109 2517 1165 2562 et
1191 2507 1469 2572 familiola,
1499 2520 1656 2575 quam
1704 2506 1758 2558 in
1797 2514 2021 2574 utroque
2061 2519 2192 2558 sexu
2241 2503 2308 2557 de

727 2597 900 2652 servis
923 2606 977 2652 et
1000 2596 1213 2650 ancillis
1230 2596 1282 2650 in
1310 2595 1502 2649 fratres
1521 2609 1840 2664 sororesque
1867 2604 2184 2659 mutaverat,
2210 2594 2307 2647 ista

728 2687 1010 2756 proferre,
1055 2701 1174 2740 eum
1222 2684 1572 2740 Eustochium
1627 2683 1929 2753 virginem,
1963 2691 2016 2737 et
2062 2682 2306 2737 devotam

725 2776 924 2834 Christi
955 2777 1141 2843 ﬁliam,
1171 2778 1222 2831 in
1250 2777 1402 2846 cujus
1428 2776 1847 2831 consolationem
1875 2775 2085 2830 libellus
2108 2773 2193 2829 hic
2214 2789 2308 2829 cu-

725 2865 892 2932 ditur,
923 2866 1107 2936 procul
1136 2880 1165 2919 a
1191 2865 1354 2920 nobili
1382 2879 1602 2934 genere,
1634 2863 1746 2918 sola
1780 2863 1884 2918 ﬁde
1907 2872 1960 2918 et
1979 2864 2150 2933 gratia
2177 2863 2308 2917 divi-

725 2965 834 3011 urm
857 2956 1153 3026 reliquerit.

796 3047 852 3101 5.
885 3046 1178 3116 Carpamus
1208 3045 1368 3116 igitur
1397 3043 1648 3099 narrandi
1689 3043 1953 3099 ordinem.
1997 3043 2101 3098 Alii
2143 3043 2310 3098 altius

723 3147 996 3210 repetant,
1026 3147 1081 3193 et
1111 3152 1140 3191 a
1167 3136 1450 3192 cunabulis
1478 3137 1616 3204 ejus,
1649 3135 1884 3205 ipsisque
1913 3135 1992 3207 (ut
2017 3135 2087 3189 ita
2111 3133 2306 3205 dicam)

725 3227 1036 3298 crepundiis
1063 3235 1286 3282 matrem
1318 3227 1632 3292 Blmsillam,
1663 3235 1718 3280 et
1743 3225 2002 3295 Rogatum
2036 3225 2308 3295 proferant

725 3326 965 3387 patrem:
1014 3329 1239 3385 quorum
1279 3317 1446 3369 altera
1490 3314 1799 3383 Scipionum
1828 3355 1844 3379 ,
1877 3315 2308 3384 Graecorumque

725 3405 1008 3474 progenies
1044 3412 1168 3457 est:
1206 3403 1341 3458 alter
1372 3417 1466 3472 per
1500 3418 1688 3458 omnes
1728 3401 1841 3457 fere
1869 3402 2107 3458 Grmcias
2136 3419 2306 3472 usque

728 3495 886 3548 hodie
902 3493 1270 3549 stemmatibus
1283 3502 1338 3548 et
1352 3493 1646 3557 divitiis,ac
1660 3494 1935 3549 nobilitate
1952 3495 2308 3564 Agamemno-

727 3584 812 3639 nis
851 3583 1018 3637 fertur
1055 3584 1366 3651 sanguinem
1409 3583 1642 3648 trahere,
1664 3584 1754 3651 qui
1794 3583 2067 3637 decennali
2091 3584 2305 3652 Trojatn

727 3675 1006 3731 obsidione
1040 3675 1258 3730 delevit.
1299 3673 1409 3730 Nos
1449 3674 1581 3729 nihil
1621 3673 1990 3740 laudabimus,
2031 3675 2130 3728 nisi
2162 3676 2303 3744 quod

729 3767 1003 3838 proprium
1047 3776 1161 3832 est,
1189 3775 1244 3822 et
1275 3766 1343 3822 de
1381 3764 1670 3837 purissimo
1697 3773 1894 3819 sancta:
1935 3766 2129 3820 mentis
2160 3767 2306 3821 fonte

727 3857 1019 3927 profertur.
1071 3855 1387 3926 Quanquam
1437 3856 1694 3910 Dominus
1741 3863 1902 3924 atque
1953 3854 2196 3910 Salvator
2249 3855 2302 3910 in

725 3950 1018 4018 Evangelio
1063 3948 1253 4004 doceat
1304 3947 1592 4017 Apostolos
1651 3947 1989 4002 sciscitantes
2035 3946 2162 4016 quid
2200 3947 2301 4002 sibi

726 4040 1036 4095 redditurus
1057 4039 1146 4102 sit,
1165 4038 1258 4107 qui
1278 4037 1454 4092 omnia
1475 4051 1568 4090 sua
1592 4051 1688 4105 pro
1709 4037 1924 4091 nomine
1947 4037 2062 4104 ejus
2081 4035 2303 4091 dimise-

725 4138 891 4184 runt:
923 4127 1234 4196 centuplum
1267 4127 1318 4180 in
1348 4127 1756 4195 przeseutiarun‘i
1807 4135 2137 4195 recepturos,
2168 4128 2301 4181 etin

727 4218 910 4273 futuro
945 4217 1110 4271 vitam
1139 4225 1394 4270 aeternam
1423 4215 1616 4285 (Marc.
1644 4213 1754 4287 10).
1789 4215 1866 4269 Ex
1902 4230 2009 4285 quo
2053 4215 2302 4286 intelligi-

723 4322 880 4374 mus,
913 4321 1014 4361 non
1058 4320 1248 4360 LAUDIS
1292 4319 1412 4361 esse
1455 4305 1732 4374 possidere
1771 4304 2019 4369 divitias,
2065 4305 2158 4360 sed
2206 4320 2308 4375 pro

728 4395 947 4452 Christo
982 4409 1075 4450 eas
1103 4401 1450 4448 contemnere
1485 4411 1498 4447 :
1532 4408 1637 4448 non
1669 4401 1876 4448 tumere
1919 4393 1984 4448 ad
2029 4393 2262 4450 honores
2285 4435 2300 4458 .

727 4488 822 4546 sed
850 4501 949 4558 pro
979 4485 1075 4541 Dei
1103 4483 1209 4539 fide
1236 4498 1334 4538 eos
1364 4483 1774 4553 parvipendere.
1805 4484 1944 4540 Vere
1971 4485 2111 4554 quod
2145 4487 2301 4555 polli-

725 4580 862 4636 citus
888 4585 972 4634 est
1000 4574 1172 4631 servis
1201 4573 1314 4629 suis
1337 4582 1392 4628 et
1417 4573 1627 4628 ancillis
1656 4572 1931 4638 Salvator,
1977 4574 2210 4629 reddidit
2248 4577 2301 4631 in

723 4671 998 4745 praesenti.
1030 4667 1160 4722 Nam
1193 4680 1311 4736 quas
1356 4664 1512 4720 unius
1533 4664 1684 4720 urbis
1700 4665 2024 4733 contempsit
2049 4665 2298 4734 gloriam,

727 4763 890 4819 totius
913 4757 1063 4814 orbis
1085 4755 1338 4827 opinione
1363 4754 1702 4811 celebratur:
1730 4769 1889 4825 quam
1929 4754 2116 4809 Rouue
2143 4755 2300 4810 habi-

723 4862 951 4914 tantem.
981 4850 1158 4906 nullus
1187 4858 1336 4905 extra
1374 4849 1599 4904 Romam
1643 4855 1903 4913 noverat,
1953 4847 2206 4902 latentem
2245 4849 2297 4902 in

723 4941 1026 5007 Bethleem,
1057 4948 1114 4996 et
1142 4939 1366 4996 barbara
1393 4947 1448 4994 et
1467 4939 1706 4994 Romana
1749 4946 1891 4992 terra
1924 4938 2167 4992 miratur.
2195 4939 2297 4994 Cu-

723 5035 809 5104 jus
838 5033 982 5089 enim
1013 5032 1188 5103 gentis
1219 5030 1463 5086 homines
1486 5030 1553 5085 ad
1582 5036 1762 5085 sancta
1785 5028 1902 5083 loca
1925 5043 2032 5084 non
2055 5030 2298 5086 veniunt?

721 5123 855 5191 Quis
878 5133 1057 5178 autem
1091 5123 1144 5194 in
1163 5124 1364 5178 sanctis
1382 5121 1513 5176 locis
1535 5129 1726 5191 praeter
1747 5120 1988 5188 Paulam,
2016 5119 2156 5191 quod
2181 5122 2298 5192 plus

721 5213 864 5268 inter
887 5212 1132 5267 homines
1158 5211 1464 5275 miraretur,
1499 5209 1743 5264 invenit?
1771 5208 1856 5281 (l)
1879 5209 2002 5264 llaec
2045 5211 2184 5266 sicut
2211 5213 2296 5267 in-

789 5324 853 5392 (τι)
890 5325 1148 5396 Vetustius
1165 5323 1370 5396 {legium
1391 5322 1662 5386 exemplar,
1686 5329 1835 5386 Atque
1867 5322 1991 5374 inter
2015 5323 2139 5375 alios
2161 5323 2297 5377 ἀοιο-

718 5399 821 5449 res,
978 5391 1122 5446 mira,
1147 5391 1244 5449 etc.

782 5444 863 5508 (b)
890 5447 1073 5509 Vocem
1103 5444 1310 5509 Angelos
1323 5457 1388 5509 ei;
1423 5456 1481 5509 ea
1511 5457 1629 5509 qua:
1659 5452 1736 5509 est
1769 5445 1819 5494 in
1851 5445 1977 5509 Vitis
2009 5445 2294 5509 Sanctorum

719 5504 1192 5568 Patrumgeditione;
1205 5515 1257 5556 et
1277 5504 1507 5568 Bollando
1530 5504 1823 5568 suﬂ'ecimus,
1846 5507 2118 5568 quiritidem
2151 5508 2294 5568 paulo

719 5565 1175 5685 mi
1195 5579 1328 5618 more
1362 5565 1660 5617 laudantium
1683 5579 1702 5629 ;
1725 5579 1812 5629 pro
1842 5565 1964 5620 nihil
1989 5580 2122 5621 more
2153 5565 2292 5619 ωαη-

755 5639 952 5675 sensium
973 5639 1117 5676 ωσυι.

784 5685 862 5747 (1)
891 5684 1036 5740 Grut.
1059 5691 1117 5739 Et
1137 5687 1279 5759 jubet
1299 5686 1402 5751 legi
1425 5701 1511 5750 pro
1532 5696 1666 5742 Hd’t‘.

2001 303 2240 362 SANCTI
2280 301 2657 360 ΙΙΙΕΒΟΝΥΒΠ

3915 311 4006 368 sar

2409 426 2491 472 ter
2520 416 2713 471 multas
2753 431 2993 487 gemmas
3033 419 3410 487 pretiosissima
3440 434 3664 492 gemma
3701 421 3912 492 micat,
3958 441 3998 480 et
4031 416 4035 496 l

2403 509 2561 578 jubar
2585 508 2717 563 solis
2748 522 2943 578 parvos
2976 509 3237 579 igniculos
3263 511 3540 565 stellarum
3565 511 3765 567 obruit
3813 525 3871 569 et
3921 516 4000 568 ob-
4033 517 4035 560 ι

2407 605 2626 652 scurat:
2660 598 2738 652 ita
2760 607 3074 654 cunctorum
3100 600 3323 655 virtutes
3367 610 3420 655 et
3450 603 3737 671 potentias
3775 619 3878 658 sua
3910 607 3996 659 hu-

2408 688 2632 744 militate
2656 691 2963 758 superavit,
3016 691 3342 760 minimaque
3370 692 3469 746 fuit
3512 694 3657 748 inter
3704 709 3912 751 omnes
3954 709 3997 752 ut
4032 717 4035 778 ί

2406 781 2643 834 omnium
2693 781 2864 850 major
2889 789 3050 836 esset.
3094 781 3162 835 Et
3186 791 3388 851 quanto
3428 798 3486 838 se
3518 784 3641 852 plus
3681 786 3994 855 dejiciebat,
4033 779 4035 826 λ

2409 877 2556 923 tanto
2585 870 2754 939 magis
2779 886 2807 922 a
2836 869 3049 926 Christo
3075 871 3474 928 sublevahatur.
3523 874 3782 944 Latebat,
3807 889 3868 934 et
3899 897 3992 936 non

2407 957 2627 1014 latebat.
2658 959 2933 1029 Fugiendo
2960 961 3216 1031 gloriam,
3239 963 3461 1032 gloriam
3493 967 3855 1035 merebatur;
3885 987 3991 1040 qua:

2405 1047 2657 1102 virtutem
2679 1049 2831 1118 quasi
2857 1050 3044 1104 umbra
3069 1052 3327 1120 sequitur,
3351 1061 3406 1107 et
3428 1055 3770 1124 appetitores
3791 1061 3878 1113 sui
3905 1062 3996 1115 de-
4034 1117 4035 1128 χ

2405 1152 2612 1202 serens,
2631 1140 2833 1209 appetit
2861 1148 3280 1211 contemptores.
3301 1141 3407 1198 Sed
3425 1145 3552 1214 quid
3578 1161 3702 1216 ago,
3737 1154 3988 1206 narrandi

2407 1227 2650 1282 ordinem
2680 1232 3116 1298 prtetermittens,
3148 1233 3274 1288 dum
3303 1234 3354 1289 in
3386 1235 3610 1306 singulis
3643 1247 3862 1309 teneor,
3892 1259 3992 1297 nou

2405 1329 2561 1371 servo
2587 1331 2852 1389 prtecepta
2878 1320 3108 1376 dicendi.

2475 1408 2528 1460 Δ.
2559 1406 2672 1461 Tali
2705 1407 2867 1478 igitur
2889 1411 3055 1479 stirpe
3075 1422 3349 1480 generata,
3376 1413 3562 1483 juncta
3610 1428 3701 1473 est
3743 1421 3862 1475 viro
3889 1422 3988 1476 To-

2404 1497 2570 1562 xotio,
2602 1499 2692 1568 qui
2722 1498 2910 1554 Encas
2939 1509 2993 1555 ct
3018 1501 3282 1557 Juliorum
3305 1506 3626 1562 altissimum
3674 1514 3985 1580 sanguinem

2407 1587 2588 1641 trahit.
2630 1587 2781 1643 Unde
2823 1590 2981 1643 etiam
3027 1590 3135 1645 ﬁlia
3181 1593 3300 1662 ejus
3339 1595 3538 1651 Christi
3588 1598 3755 1670 Virgo
3801 1601 3987 1656 Eusto-

2405 1677 2609 1747 chium,
2641 1678 2784 1733 Julia
2811 1692 3182 1752 nuncupatur;
3213 1695 3265 1740 et
3292 1685 3407 1756 ipse

2580 1789 2754 1846 Julius
2779 1808 2811 1846 a
2833 1809 3016 1864 magno
3045 1795 3313 1849 demissum
3341 1812 3520 1851 nomen
3553 1797 3694 1857 Iulo.

3398 1885 3633 1956 (Enen).
3657 1890 3738 1960 1).

2408 1991 2471 2045 Ει
2501 1990 2615 2046 haec
2638 1991 2882 2058 dicimus,
2916 2007 3021 2048 non
3051 1994 3192 2064 quod
3224 1993 3536 2050 habentibus
3573 1998 3814 2066 grandia
3865 2002 3986 2068 sint,

2407 2082 2501 2137 scd
2529 2098 2635 2152 quo
2662 2084 3127 2138 contemnentibus
3145 2125 3160 2148 ,
3191 2085 3472 2140 mirabilia.
3499 2085 3686 2141 Szeculi
3733 2090 3988 2146 homines

2408 2175 2707 2244 suspiciunt
2734 2175 2833 2248 [al.
2864 2175 3168 2248 suscipiunt]
3201 2191 3316 2243 eos,
3349 2178 3437 2247 qui
3467 2179 3546 2234 his
3571 2179 3785 2250 pollent
3829 2185 3984 2251 privi-

2411 2265 2583 2335 legiis.
2612 2266 2719 2321 Nos
2745 2266 3022 2320 laudamus
3049 2308 3065 2333 ,
3117 2269 3204 2337 qui
3234 2282 3328 2337 pro
3357 2269 3629 2326 Saivatore
3660 2274 3765 2326 ista
3798 2275 3980 2344 despe-

2410 2359 2585 2412 xerint
2611 2377 2624 2413 :
2652 2367 2706 2412 ct
2727 2359 2921 2413 mirum
2949 2359 3000 2412 in
3025 2359 3240 2414 modum
3264 2377 3399 2430 quos
3427 2363 3687 2418 habentes
3714 2367 3984 2436 parvipen-

2409 2447 2605 2514 dimus,
2619 2448 2662 2500 si
2680 2447 2877 2502 habere
2898 2449 3165 2503 noluerint
3187 2449 3259 2521 (c)
3275 2451 3648 2520 prmdieamus.
3663 2453 3760 2508 His
3777 2455 3978 2525 inquam

2410 2546 2527 2591 orta
2553 2537 2862 2607 majoribus,
2893 2546 2947 2592 et
2973 2537 3340 2607 fuscuuditate,
3364 2557 3427 2596 ac
3453 2542 3712 2612 pudicitia
3738 2545 3978 2614 probata:

2411 2631 2642 2698 primum
2669 2629 2806 2691 viro.
2836 2630 3029 2685 deinde
3050 2634 3378 2702 propinquis,
3405 2643 3460 2689 et
3483 2638 3645 2690 totius
3664 2637 3817 2691 urbis
3841 2640 3981 2692 testi-

2411 2721 2636 2786 monio,
2707 2721 2870 2793 693
2938 2738 3100 2792 qutun
3161 2725 3395 2794 utrinque
3454 2727 3653 2782 liberos
3699 2729 3979 2789 edidisset,

2411 2811 2718 2878 Blacsillam,
2751 2828 2913 2882 super
2935 2815 3088 2884 cujus
3115 2825 3285 2870 morte
3314 2832 3430 2871 eam
3458 2819 3643 2872 Roma:
3686 2822 3986 2876 consolatus

2410 2916 2549 2967 sum,
2582 2903 2879 2969 Paulinam,
2913 2920 3030 2974 qute
3059 2915 3300 2961 sanctum
3326 2917 3380 2962 et
3401 2910 3773 2966 admirabilem
3798 2913 3980 2973 virum.

2410 3003 2458 3046 et
2492 2994 2746 3062 pr0positi
2791 3003 2846 3048 et
2879 3010 3058 3050 rerum
3108 3010 3324 3052 suarum
3351 2997 3748 3056 Pammachium
3780 3003 3983 3071 reliquit

2412 3083 2700 3150 hancdem,
2733 3085 2799 3139 ad
2829 3101 2985 3156 quem
3017 3101 3180 3158 super
3205 3088 3352 3143 obitu
3381 3090 3497 3158 ejus
3525 3093 3807 3160 parvulum
3842 3095 3983 3148 libel-

2411 3177 2519 3231 lum
2565 3178 2867 3241 edidimus;
2917 3179 3309 3246 Eustochium,
3357 3198 3477 3252 qua:
3508 3199 3650 3238 nunc
3695 3185 3750 3238 in
3794 3188 3986 3240 sanctis

2411 3267 2568 3322 Locis
2601 3267 2921 3338 virginitatis
2947 3277 3001 3323 et
3028 3270 3289 3324 Ecclesiae
3315 3273 3513 3326 monile
3544 3274 3842 3341 pretiosum
3876 3287 3983 3337 est;

2410 3358 2490 3430 (ά)
2513 3358 2800 3420 Ιὶιιῖίὶιιίιιιι,
2825 3374 2944 3428 ψιω
2970 3361 3256 3416 immaturo
3277 3363 3469 3418 funere
3491 3363 3633 3431 pium
3663 3367 3858 3419 matris
3879 3369 3982 3419 ani-

2411 3466 2552 3503 mum
2585 3451 2984 3517 consternavit;
3011 3461 3066 3507 et
3090 3453 3372 3508 Toxotium
3397 3495 3412 3517 ,
3462 3466 3584 3523 post
3612 3471 3776 3525 quem
3806 3473 3984 3526 parere

2409 3540 2585 3604 desiit,
2619 3550 2676 3594 ut
2714 3541 3040 3612 intelligercs
3085 3559 3202 3598 eam
3247 3560 3349 3598 non
3386 3545 3475 3599 diu
3523 3549 3731 3601 servire
3761 3549 3987 3603 voluisse

2409 3629 2586 3683 officio
2613 3629 2898 3699 conjugali,
2923 3631 3017 3686 sed
3042 3633 3218 3686 mariti
3243 3632 3526 3697 desiderio.
3561 3636 3650 3704 qui
3685 3652 3869 3692 mares
3901 3654 3985 3707 op-

2411 3718 2554 3772 tabat
2575 3718 2772 3773 liberos
2800 3720 2890 3789 (e),
2919 3721 3187 3775 obcdisse.

2479 3807 2532 3862 5.
2567 3807 2854 3879 Postquam
2882 3809 2962 3863 vir
2988 3819 3232 3866 mortuus
3260 3821 3341 3867 est
3365 3854 3382 3882 ,
3410 3814 3479 3868 ita
3503 3828 3624 3869 eum
3654 3813 3866 3884 planxit
3889 3859 3904 3881 ,
3939 3828 3986 3870 ut

2410 3911 2576 3968 pr0pe
2607 3898 2719 3968 ipsa
2760 3909 3101 3967 moreretur;
3135 3903 3204 3956 ita
3248 3916 3308 3958 se
3352 3905 3617 3958 convertit
3659 3904 3728 3959 ad
3780 3905 3986 3960 Domini

2409 3991 2722 4046 servitutem
2744 4033 2760 4061 ,
2794 4001 2853 4046 ut
2881 3992 2998 4062 ejus
3024 4001 3251 4049 mortem
3280 3994 3554 4050 videretur
3581 4004 3819 4066 optasse.
3853 3999 3986 4062 Quid

2408 4093 2507 4149 ego
2546 4080 2773 4136 referam
2795 4121 2811 4148 ,
2852 4081 3044 4152 ampla:
3069 4093 3123 4138 et
3149 4082 3346 4138 nobilis
3373 4083 3595 4150 domus,
3634 4093 3690 4140 et
3720 4086 3986 4154 quondam

2408 4172 2846 4240 apulentissimze,
2877 4185 3065 4228 omnes
3092 4188 3227 4242 pene
3247 4172 3458 4228 divitias
3489 4175 3543 4228 in
3574 4188 3834 4244 pauperes
3863 4191 3988 4230 ero-

2407 4262 2593 4334 gatus?
2615 4261 2742 4332 quid
2772 4262 2825 4317 in
2852 4272 3075 4318 cunctos
3099 4264 3575 4318 clementissimum
3611 4266 3849 4318 animum
3877 4307 3895 4330 ,
3927 4274 3980 4319 et

2410 4352 2704 4423 bonitatem
2759 4352 2920 4408 etiam
2940 4352 2992 4408 in
3020 4367 3115 4408 eos
3140 4393 3155 4420 ,
3182 4367 3318 4423 quos
3349 4367 3614 4423 nunquam
3637 4353 3843 4409 viderat
3869 4369 3986 4410 eva-

2471 4532 2540 4594 (c)
2575 4531 2878 4594 hlarlianacus
2897 4531 3028 4594 addit
3045 4537 3406 4594 contemnentes,
3426 4544 3570 4594 quam
3589 4544 3763 4594 vocem
3780 4546 3873 4594 nec
3889 4548 3986 4581 mo-

2409 4591 2686 4656 lioreshlss.
2713 4605 2878 4656 neque
2903 4592 3023 4656 editi
3049 4592 3344 4656 vetustiores
3383 4591 3599 4656 probant.
3629 4592 3755 4640 Tum
3783 4593 3830 4640 in
3866 4609 3986 4656 quo-

2405 4652 2517 4722 danr
2537 4653 2625 4702 Ms.
2648 4652 2702 4701 S.
2727 4650 2924 4722 Illa—simi
2944 4654 3066 4714 apud
3089 4650 3396 4722 Bollapdum.‘
3416 4650 3502 4702 His
3524 4651 3672 4714 igitur
3694 4662 3867 4703 ornata
3887 4650 3988 4703 ita-

2395 4711 2715 4776 jorious,_pro
2738 4711 2812 4762 his
2830 4711 3168 4776 utqua'ntorta,
3196 4719 3291 4761 etc.

2468 4773 2545 4837 (d)
2580 4772 2748 4837 Hane;
2789 4772 2904 4837 quas
2941 4773 3080 4837 paulo
3118 4780 3228 4837 post
3261 4772 3437 4837 nubilis
3471 4772 3676 4837 dicitur,
3718 4773 3987 4837 Bollandus

2406 4833 2549 4898 tradit
2584 4833 2790 4898 Metilio
2806 4833 3148 4898 ‘viro_'elariss‘.
3190 4833 3725 4898 nupsisse_:_-a_dd_i_tqne
3766 4834 3931 4883 datam
3962 4851 3986 4883 a

2405 4895 2460 4958 S_._
2483 4893 2682 4958 Paulino
2704 4892 2887 4958 Nolano
2908 4896 3143 4958 Episcopo
3166 4891 3414 4958 epistolam
3429 4891 3654 4958 XXXlll.'_
3666 4895 3729 4942 ad
3742 4897 3983 4958 eumdem

2405 4954 2648 5019 Alethium
2670 4989 2685 5014 ,
2727 4957 2775 5004 in
2813 4968 2909 5019 qua
2947 4953 3060 5006 eum
3082 4953 3370 5019 consolatur
3398 4967 3551 5019 super
3579 4955 3718 5019 obitu
3742 4953 3978 5012 Badium.

2404 5019 2541 5079 cujus
2578 5013 2724 5080 etiam
2761 5013 3017 5080 praeclaras
3048 5017 3256 5080 virtutes
3289 5013 3668 5080 narratillujus
3703 5025 3870 5065 autem
3910 5031 3979 5065 rei

2403 5075 2498 5128 nec
2537 5079 2639 5128 vola
2685 5075 2778 5128 est'
2797 5090 2890 5126 nec
2920 5080 3176 5140 vestigium
3217 5075 3383 5140 ingilla
3414 5075 3620 5140 epistola
3695 5091 3807 5139 quae
3842 5081 3978 5140 unici

2404 5139 2600 5190 Alethio
2620 5139 2920 5200 inscribitur,
2961 5144 3013 5187 et
3033 5136 3191 5200 aliqua
3217 5138 3292 5185 sui
3319 5136 3457 5200 parte
3480 5136 3728 5200 muletsg'
3747 5145 3855 5200 est;
3893 5138 3978 5185 sed

2402 5215 2644 5264 nunquam
2666 5205 2750 5250 aut.
2769 5196 3010 5249 defunctas
3034 5196 3200 5248 ueris
3215 5197 3453 5256 meminit,
3478 5205 3561 5247 aut
3575 5196 3777 5247 Rutilum
3801 5199 3978 5260 ingerit

2402 5274 2577 5310 nomen
2584 5296 2596 5308 .

2464 5325 2535 5384 (ε)
2569 5320 3084 5387 Emendatjetustiss.
3118 5318 3610 5387 Reginzenexemplar
3642 5319 3734 5368 500
3763 5332 3854 5387 pro
3883 5333 3978 5380 quo

2399 5379 2544 5432 antea
2567 5384 2725 5431 minus
2737 5379 2949 5442 congrua
2967 5381 3176 5442 lectione
3192 5381 3240 5426 in
3260 5379 3404 5442 editis
3419 5379 3647 5442 omnibus
3665 5389 3719 5428 et
3730 5379 3975 5442 plerisque

2401 5442 2514 5492 Mss.
2541 5451 2674 5505 erat,
2698 5441 2794 5505 qui
2813 5437 2997 5505 narrem
3031 5438 3252 5505 optaoat,
3289 5437 3466 5505 liberos
3499 5437 3746 5491 edidisse."
3793 5437 3972 5505 lioque

2401 5505 2533 5553 enim
2564 5499 2721 5552 liberi’
2739 5503 2797 5551 ad
2829 5503 2990 5551 mariti
3021 5499 3316 5550 desiderium
3342 5500 3431 5550 edi
3448 5508 3649 5560 possunt
3669 5535 3683 5559 ,
3718 5508 3771 5550 et
3793 5499 3974 5558 Paula,

2398 5578 2509 5628 qua:
2533 5563 3008 5628 edidissediceretur
3025 5564 3348 5628 ,inoutamen
3375 5561 3484 5621 ejus
3503 5560 3801 5628 satisfecerit
3836 5567 3972 5628 votis,

2397 5619 2622 5695 quamdiu
2646 5624 2850 5694 feminas
2871 5623 3034 5670 edidit.
3050 5619 3332 5670 Lectiouem
3347 5619 3494 5682 quam
3511 5623 3820 5673 restituimus
3835 5626 3975 5673 etiam

2395 5687 2451 5729 s.
2477 5686 2666 5734 Naxum
2693 5685 2778 5734 his.
2807 5681 3062 5733 confirmat.

2441 5717 2451 5729 .
2477 5696 2666 5734 MJXlllll
2693 5696 2778 5734 MS.
2807 5696 3062 5733 cntutrmat.
