  <div class='ocr_page' id='page_1' title='image "/cluster/home/n/w/nwhite01/storage/ocr_20150623/22/uva.x000826587/514.png"; bbox 0 0 4054 6192; ppageno 0'>
   <div class='ocr_carea' id='block_1_1' title="bbox 203 367 1780 447">
    <p class='ocr_par' dir='ltr' id='par_1_1' title="bbox 203 367 1780 447">
     <span class='ocr_line' id='line_1_1' title="bbox 203 367 1780 447; baseline -0.008 -14"><span class='ocrx_word' id='word_1_1' title='bbox 203 386 432 447; x_wconf 79' lang='lat' dir='ltr'><strong>gantem</strong></span> <span class='ocrx_word' id='word_1_2' title='bbox 457 377 480 431; x_wconf 71' lang='grc' dir='ltr'><em>τ</em></span> <span class='ocrx_word' id='word_1_3' title='bbox 501 377 622 447; x_wconf 84' lang='lat' dir='ltr'><strong>quis</strong></span> <span class='ocrx_word' id='word_1_4' title='bbox 639 381 855 444; x_wconf 88' lang='lat' dir='ltr'><strong>inopum</strong></span> <span class='ocrx_word' id='word_1_5' title='bbox 879 371 1127 435; x_wconf 87' lang='lat' dir='ltr'><strong>moriens,</strong></span> <span class='ocrx_word' id='word_1_6' title='bbox 1155 381 1260 423; x_wconf 88' lang='lat' dir='ltr'><strong>non</strong></span> <span class='ocrx_word' id='word_1_7' title='bbox 1287 367 1429 421; x_wconf 90' lang='lat' dir='ltr'><strong>illius</strong></span> <span class='ocrx_word' id='word_1_8' title='bbox 1449 367 1780 421; x_wconf 75' lang='lat' dir='ltr'><strong>vestimentis</strong></span> 
     </span>
    </p>
   </div>
   <div class='ocr_carea' id='block_1_2' title="bbox 205 453 1782 533">
    <p class='ocr_par' dir='ltr' id='par_1_2' title="bbox 205 453 1782 533">
     <span class='ocr_line' id='line_1_2' title="bbox 205 453 1782 533; baseline -0.006 -15"><span class='ocrx_word' id='word_1_9' title='bbox 205 461 512 522; x_wconf 82' lang='lat' dir='ltr'><strong>obvolutus</strong></span> <span class='ocrx_word' id='word_1_10' title='bbox 535 466 658 521; x_wconf 82' lang='lat' dir='ltr'><strong>est?</strong></span> <span class='ocrx_word' id='word_1_11' title='bbox 683 464 802 533; x_wconf 86' lang='lat' dir='ltr'><strong>quis</strong></span> <span class='ocrx_word' id='word_1_12' title='bbox 827 462 906 533; x_wconf 90' lang='lat' dir='ltr'><strong>(a)</strong></span> <span class='ocrx_word' id='word_1_13' title='bbox 931 459 1243 514; x_wconf 90' lang='lat' dir='ltr'><strong>clinicorum</strong></span> <span class='ocrx_word' id='word_1_14' title='bbox 1281 471 1386 510; x_wconf 91' lang='lat' dir='ltr'><strong>non</strong></span> <span class='ocrx_word' id='word_1_15' title='bbox 1411 455 1528 525; x_wconf 85' lang='lat' dir='ltr'><strong>ejus</strong></span> <span class='ocrx_word' id='word_1_16' title='bbox 1555 453 1782 508; x_wconf 87' lang='lat' dir='ltr'><strong>faculta-</strong></span> 
     </span>
    </p>
   </div>
   <div class='ocr_carea' id='block_1_3' title="bbox 207 541 1785 614">
    <p class='ocr_par' dir='ltr' id='par_1_3' title="bbox 207 541 1785 614">
     <span class='ocr_line' id='line_1_3' title="bbox 207 541 1785 614; baseline -0.007 -7"><span class='ocrx_word' id='word_1_17' title='bbox 207 555 364 608; x_wconf 87' lang='lat' dir='ltr'><strong>tibus</strong></span> <span class='ocrx_word' id='word_1_18' title='bbox 411 561 735 608; x_wconf 89' lang='lat' dir='ltr'><strong>sustentatus</strong></span> <span class='ocrx_word' id='word_1_19' title='bbox 780 549 900 604; x_wconf 87' lang='lat' dir='ltr'><strong>est?</strong></span> <span class='ocrx_word' id='word_1_20' title='bbox 926 547 1074 614; x_wconf 85' lang='lat' dir='ltr'><strong>Quos</strong></span> <span class='ocrx_word' id='word_1_21' title='bbox 1103 544 1468 600; x_wconf 91' lang='lat' dir='ltr'><strong>curiosissime</strong></span> <span class='ocrx_word' id='word_1_22' title='bbox 1505 551 1612 597; x_wconf 89' lang='lat' dir='ltr'><strong>tota</strong></span> <span class='ocrx_word' id='word_1_23' title='bbox 1647 541 1785 596; x_wconf 85' lang='lat' dir='ltr'><strong>urbe</strong></span> 
     </span>
    </p>
   </div>
   <div class='ocr_carea' id='block_1_4' title="bbox 212 631 1786 711">
    <p class='ocr_par' dir='ltr' id='par_1_4' title="bbox 212 631 1786 711">
     <span class='ocr_line' id='line_1_4' title="bbox 212 631 1786 711; baseline -0.008 -14"><span class='ocrx_word' id='word_1_24' title='bbox 212 643 558 711; x_wconf 81' lang='lat' dir='ltr'><strong>perquirens,</strong></span> <span class='ocrx_word' id='word_1_25' title='bbox 582 640 831 694; x_wconf 84' lang='lat' dir='ltr'><strong>damnum</strong></span> <span class='ocrx_word' id='word_1_26' title='bbox 862 639 1100 707; x_wconf 89' lang='lat' dir='ltr'><strong>putabat,</strong></span> <span class='ocrx_word' id='word_1_27' title='bbox 1129 644 1183 689; x_wconf 93' lang='lat' dir='ltr'><strong>et</strong></span> <span class='ocrx_word' id='word_1_28' title='bbox 1205 634 1481 704; x_wconf 78' lang='lat' dir='ltr'><strong>quisquam</strong></span> <span class='ocrx_word' id='word_1_29' title='bbox 1509 631 1705 687; x_wconf 82' lang='lat' dir='ltr'><strong>debilis</strong></span> <span class='ocrx_word' id='word_1_30' title='bbox 1731 639 1786 685; x_wconf 91' lang='lat' dir='ltr'><strong>et</strong></span> 
     </span>
    </p>
   </div>
   <div class='ocr_carea' id='block_1_5' title="bbox 205 719 1778 792">
    <p class='ocr_par' dir='ltr' id='par_1_5' title="bbox 205 719 1778 792">
     <span class='ocr_line' id='line_1_5' title="bbox 205 719 1778 792; baseline -0.008 -6"><span class='ocrx_word' id='word_1_31' title='bbox 205 733 458 786; x_wconf 89' lang='lat' dir='ltr'><strong>esuriens</strong></span> <span class='ocrx_word' id='word_1_32' title='bbox 480 731 600 785; x_wconf 89' lang='lat' dir='ltr'><strong>cibo</strong></span> <span class='ocrx_word' id='word_1_33' title='bbox 625 737 1019 784; x_wconf 90' lang='lat' dir='ltr'><strong>sustentaretur</strong></span> <span class='ocrx_word' id='word_1_34' title='bbox 1047 725 1286 780; x_wconf 84' lang='lat' dir='ltr'><strong>alterius.</strong></span> <span class='ocrx_word' id='word_1_35' title='bbox 1319 722 1592 792; x_wconf 87' lang='lat' dir='ltr'><strong>Spoliabat</strong></span> <span class='ocrx_word' id='word_1_36' title='bbox 1618 719 1778 784; x_wconf 89' lang='lat' dir='ltr'><strong>filios,</strong></span> 
     </span>
    </p>
   </div>
   <div class='ocr_carea' id='block_1_6' title="bbox 206 810 1785 889">
    <p class='ocr_par' dir='ltr' id='par_1_6' title="bbox 206 810 1785 889">
     <span class='ocr_line' id='line_1_6' title="bbox 206 810 1785 889; baseline -0.008 -14"><span class='ocrx_word' id='word_1_37' title='bbox 206 830 270 875; x_wconf 89' lang='lat' dir='ltr'><strong>et</strong></span> <span class='ocrx_word' id='word_1_38' title='bbox 291 822 428 875; x_wconf 91' lang='lat' dir='ltr'><strong>inter</strong></span> <span class='ocrx_word' id='word_1_39' title='bbox 450 819 790 889; x_wconf 87' lang='lat' dir='ltr'><strong>objurgantes</strong></span> <span class='ocrx_word' id='word_1_40' title='bbox 816 817 1142 888; x_wconf 89' lang='lat' dir='ltr'><strong>propinquos</strong></span> <span class='ocrx_word' id='word_1_41' title='bbox 1165 856 1178 878; x_wconf 96' lang='lat'><strong>,</strong></span> <span class='ocrx_word' id='word_1_42' title='bbox 1213 813 1468 883; x_wconf 81' lang='lat' dir='ltr'><strong>majorem</strong></span> <span class='ocrx_word' id='word_1_43' title='bbox 1491 826 1549 866; x_wconf 90' lang='lat' dir='ltr'><strong>se</strong></span> <span class='ocrx_word' id='word_1_44' title='bbox 1569 813 1646 866; x_wconf 86' lang='lat' dir='ltr'><strong>eis</strong></span> <span class='ocrx_word' id='word_1_45' title='bbox 1677 810 1785 864; x_wconf 69' lang='lat' dir='ltr'><strong>ha:-</strong></span> 
     </span>
    </p>
   </div>
   <div class='ocr_carea' id='block_1_7' title="bbox 208 901 1789 976">
    <p class='ocr_par' dir='ltr' id='par_1_7' title="bbox 208 901 1789 976">
     <span class='ocr_line' id='line_1_7' title="bbox 208 901 1789 976; baseline -0.005 -13"><span class='ocrx_word' id='word_1_46' title='bbox 208 911 496 965; x_wconf 85' lang='lat' dir='ltr'><strong>reditatem</strong></span> <span class='ocrx_word' id='word_1_47' title='bbox 521 948 540 976; x_wconf 89' lang='lat'><strong>,</strong></span> <span class='ocrx_word' id='word_1_48' title='bbox 568 907 768 964; x_wconf 84' lang='lat' dir='ltr'><strong>Christi</strong></span> <span class='ocrx_word' id='word_1_49' title='bbox 818 904 1259 968; x_wconf 89' lang='lat' dir='ltr'><strong>misericordiam,</strong></span> <span class='ocrx_word' id='word_1_50' title='bbox 1287 903 1556 960; x_wconf 75' lang='lat' dir='ltr'><strong>dimittere</strong></span> <span class='ocrx_word' id='word_1_51' title='bbox 1603 901 1789 971; x_wconf 89' lang='lat' dir='ltr'><strong>loque-</strong></span> 
     </span>
    </p>
   </div>
   <div class='ocr_carea' id='block_1_8' title="bbox 209 999 394 1054">
    <p class='ocr_par' dir='ltr' id='par_1_8' title="bbox 209 999 394 1054">
     <span class='ocr_line' id='line_1_8' title="bbox 209 999 394 1054; baseline 0 -2"><span class='ocrx_word' id='word_1_52' title='bbox 209 999 394 1054; x_wconf 78' lang='lat' dir='ltr'><strong>batur.</strong></span> 
     </span>
    </p>
   </div>
   <div class='ocr_carea' id='block_1_9' title="bbox 286 1081 1788 1156">
    <p class='ocr_par' dir='ltr' id='par_1_9' title="bbox 286 1081 1788 1156">
     <span class='ocr_line' id='line_1_9' title="bbox 286 1081 1788 1156; baseline -0.007 -12"><span class='ocrx_word' id='word_1_53' title='bbox 286 1088 341 1143; x_wconf 89' lang='lat'><strong>6.</strong></span> <span class='ocrx_word' id='word_1_54' title='bbox 359 1087 467 1144; x_wconf 85' lang='lat' dir='ltr'><strong>Nec</strong></span> <span class='ocrx_word' id='word_1_55' title='bbox 494 1087 584 1142; x_wconf 91' lang='lat' dir='ltr'><strong>diu</strong></span> <span class='ocrx_word' id='word_1_56' title='bbox 613 1087 786 1156; x_wconf 90' lang='lat' dir='ltr'><strong>potuit</strong></span> <span class='ocrx_word' id='word_1_57' title='bbox 808 1085 1008 1142; x_wconf 82' lang='lat' dir='ltr'><strong>excelsi</strong></span> <span class='ocrx_word' id='word_1_58' title='bbox 1033 1085 1170 1154; x_wconf 88' lang='lat' dir='ltr'><strong>apud</strong></span> <span class='ocrx_word' id='word_1_59' title='bbox 1197 1083 1447 1138; x_wconf 80' lang='lat' dir='ltr'><strong>sacculum</strong></span> <span class='ocrx_word' id='word_1_60' title='bbox 1474 1081 1708 1152; x_wconf 79' lang='lat' dir='ltr'><strong>generis,</strong></span> <span class='ocrx_word' id='word_1_61' title='bbox 1733 1089 1788 1134; x_wconf 90' lang='lat' dir='ltr'><strong>et</strong></span> 
     </span>
    </p>
   </div>
   <div class='ocr_carea' id='block_1_10' title="bbox 208 1171 1786 1244">
    <p class='ocr_par' dir='ltr' id='par_1_10' title="bbox 208 1171 1786 1244">
     <span class='ocr_line' id='line_1_10' title="bbox 208 1171 1786 1244; baseline -0.006 -11"><span class='ocrx_word' id='word_1_62' title='bbox 208 1178 562 1234; x_wconf 67' lang='lat' dir='ltr'><strong>nobilissimae</strong></span> <span class='ocrx_word' id='word_1_63' title='bbox 587 1177 802 1233; x_wconf 69' lang='lat' dir='ltr'><strong>familia:</strong></span> <span class='ocrx_word' id='word_1_64' title='bbox 830 1172 1160 1230; x_wconf 86' lang='lat' dir='ltr'><strong>visitationes</strong></span> <span class='ocrx_word' id='word_1_65' title='bbox 1191 1185 1243 1229; x_wconf 90' lang='lat' dir='ltr'><strong>et</strong></span> <span class='ocrx_word' id='word_1_66' title='bbox 1285 1173 1388 1244; x_wconf 76' lang='grc'><strong>(6)</strong></span> <span class='ocrx_word' id='word_1_67' title='bbox 1432 1171 1786 1241; x_wconf 83' lang='lat' dir='ltr'><strong>frequentiam</strong></span> 
     </span>
    </p>
   </div>
   <div class='ocr_carea' id='block_1_11' title="bbox 207 1259 1787 1331">
    <p class='ocr_par' dir='ltr' id='par_1_11' title="bbox 207 1259 1787 1331">
     <span class='ocr_line' id='line_1_11' title="bbox 207 1259 1787 1331; baseline -0.005 -11"><span class='ocrx_word' id='word_1_68' title='bbox 207 1268 504 1322; x_wconf 88' lang='lat' dir='ltr'><strong>sustinere.</strong></span> <span class='ocrx_word' id='word_1_69' title='bbox 537 1265 794 1321; x_wconf 65' lang='lat' dir='ltr'><strong>Maerebat</strong></span> <span class='ocrx_word' id='word_1_70' title='bbox 825 1265 1026 1322; x_wconf 83' lang='lat' dir='ltr'><strong>honore</strong></span> <span class='ocrx_word' id='word_1_71' title='bbox 1058 1279 1158 1319; x_wconf 85' lang='lat' dir='ltr'><strong>suo</strong></span> <span class='ocrx_word' id='word_1_72' title='bbox 1181 1302 1197 1331; x_wconf 92' lang='lat'><strong>,</strong></span> <span class='ocrx_word' id='word_1_73' title='bbox 1239 1272 1294 1317; x_wconf 89' lang='lat' dir='ltr'><strong>et</strong></span> <span class='ocrx_word' id='word_1_74' title='bbox 1336 1276 1430 1318; x_wconf 87' lang='lat' dir='ltr'><strong>ora</strong></span> <span class='ocrx_word' id='word_1_75' title='bbox 1456 1259 1787 1315; x_wconf 81' lang='lat' dir='ltr'><strong>laudantium</strong></span> 
     </span>
    </p>
   </div>
   <div class='ocr_carea' id='block_1_12' title="bbox 204 1349 1789 1423">
    <p class='ocr_par' dir='ltr' id='par_1_12' title="bbox 204 1349 1789 1423">
     <span class='ocr_line' id='line_1_12' title="bbox 204 1349 1789 1423; baseline -0.004 -15"><span class='ocrx_word' id='word_1_76' title='bbox 204 1355 510 1421; x_wconf 83' lang='lat' dir='ltr'><strong>declinare,</strong></span> <span class='ocrx_word' id='word_1_77' title='bbox 539 1369 602 1409; x_wconf 89' lang='lat' dir='ltr'><strong>ac</strong></span> <span class='ocrx_word' id='word_1_78' title='bbox 627 1353 808 1423; x_wconf 83' lang='lat' dir='ltr'><strong>fugere</strong></span> <span class='ocrx_word' id='word_1_79' title='bbox 837 1352 1136 1408; x_wconf 82' lang='lat' dir='ltr'><strong>festinabat.</strong></span> <span class='ocrx_word' id='word_1_80' title='bbox 1185 1352 1423 1420; x_wconf 90' lang='lat' dir='ltr'><strong>Cumque</strong></span> <span class='ocrx_word' id='word_1_81' title='bbox 1478 1349 1708 1404; x_wconf 89' lang='lat' dir='ltr'><strong>Orientis</strong></span> <span class='ocrx_word' id='word_1_82' title='bbox 1733 1357 1789 1402; x_wconf 89' lang='lat' dir='ltr'><strong>et</strong></span> 
     </span>
    </p>
   </div>
   <div class='ocr_carea' id='block_1_13' title="bbox 205 1435 1789 1513">
    <p class='ocr_par' dir='ltr' id='par_1_13' title="bbox 205 1435 1789 1513">
     <span class='ocr_line' id='line_1_13' title="bbox 205 1435 1789 1513; baseline -0.005 -15"><span class='ocrx_word' id='word_1_83' title='bbox 205 1441 525 1498; x_wconf 88' lang='lat' dir='ltr'><strong>Occidentis</strong></span> <span class='ocrx_word' id='word_1_84' title='bbox 567 1443 846 1513; x_wconf 84' lang='lat' dir='ltr'><strong>episcopos</strong></span> <span class='ocrx_word' id='word_1_85' title='bbox 889 1441 960 1496; x_wconf 92' lang='lat' dir='ltr'><strong>ob</strong></span> <span class='ocrx_word' id='word_1_86' title='bbox 995 1440 1249 1510; x_wconf 89' lang='lat' dir='ltr'><strong>quasdam</strong></span> <span class='ocrx_word' id='word_1_87' title='bbox 1291 1439 1641 1494; x_wconf 83' lang='lat' dir='ltr'><strong>ecclesiarum</strong></span> <span class='ocrx_word' id='word_1_88' title='bbox 1678 1435 1789 1491; x_wconf 87' lang='lat' dir='ltr'><strong>dis-</strong></span> 
     </span>
    </p>
   </div>
   <div class='ocr_carea' id='block_1_14' title="bbox 209 1526 1787 1601">
    <p class='ocr_par' dir='ltr' id='par_1_14' title="bbox 209 1526 1787 1601">
     <span class='ocr_line' id='line_1_14' title="bbox 209 1526 1787 1601; baseline -0.006 -15"><span class='ocrx_word' id='word_1_89' title='bbox 209 1533 499 1586; x_wconf 81' lang='lat' dir='ltr'><strong>sensiones</strong></span> <span class='ocrx_word' id='word_1_90' title='bbox 515 1531 738 1585; x_wconf 77' lang='lat' dir='ltr'><strong>Romam</strong></span> <span class='ocrx_word' id='word_1_91' title='bbox 757 1529 829 1601; x_wconf 90' lang='lat' dir='ltr'><strong>(c)</strong></span> <span class='ocrx_word' id='word_1_92' title='bbox 850 1529 1152 1598; x_wconf 85' lang='lat' dir='ltr'><strong>imperiales</strong></span> <span class='ocrx_word' id='word_1_93' title='bbox 1171 1528 1361 1582; x_wconf 60' lang='lat' dir='ltr'><strong>litterae</strong></span> <span class='ocrx_word' id='word_1_94' title='bbox 1377 1526 1787 1591; x_wconf 83' lang='lat' dir='ltr'><strong>contraxissent,</strong></span> 
     </span>
    </p>
   </div>
   <div class='ocr_carea' id='block_1_15' title="bbox 208 1614 1787 1686">
    <p class='ocr_par' dir='ltr' id='par_1_15' title="bbox 208 1614 1787 1686">
     <span class='ocr_line' id='line_1_15' title="bbox 208 1614 1787 1686; baseline -0.004 -13"><span class='ocrx_word' id='word_1_95' title='bbox 208 1619 350 1673; x_wconf 66' lang='lat' dir='ltr'><strong>vidit</strong></span> <span class='ocrx_word' id='word_1_96' title='bbox 388 1618 730 1673; x_wconf 86' lang='lat' dir='ltr'><strong>admirabiles</strong></span> <span class='ocrx_word' id='word_1_97' title='bbox 752 1618 915 1684; x_wconf 85' lang='lat' dir='ltr'><strong>viros,</strong></span> <span class='ocrx_word' id='word_1_98' title='bbox 942 1617 1245 1686; x_wconf 84' lang='lat' dir='ltr'><strong>Christique</strong></span> <span class='ocrx_word' id='word_1_99' title='bbox 1276 1615 1575 1685; x_wconf 82' lang='lat' dir='ltr'><strong>pontifices,</strong></span> <span class='ocrx_word' id='word_1_100' title='bbox 1607 1614 1787 1668; x_wconf 86' lang='lat' dir='ltr'><strong>Pauli-</strong></span> 
     </span>
    </p>
   </div>
   <div class='ocr_carea' id='block_1_16' title="bbox 209 1703 1786 1772">
    <p class='ocr_par' dir='ltr' id='par_1_16' title="bbox 209 1703 1786 1772">
     <span class='ocr_line' id='line_1_16' title="bbox 209 1703 1786 1772; baseline -0.004 -12"><span class='ocrx_word' id='word_1_101' title='bbox 209 1723 343 1760; x_wconf 88' lang='lat' dir='ltr'><strong>mun</strong></span> <span class='ocrx_word' id='word_1_102' title='bbox 377 1704 720 1760; x_wconf 63' lang='lat' dir='ltr'><strong>Antiochense</strong></span> <span class='ocrx_word' id='word_1_103' title='bbox 749 1705 897 1759; x_wconf 89' lang='lat' dir='ltr'><strong>urbis</strong></span> <span class='ocrx_word' id='word_1_104' title='bbox 951 1705 1260 1772; x_wconf 89' lang='lat' dir='ltr'><strong>episcopum</strong></span> <span class='ocrx_word' id='word_1_105' title='bbox 1287 1744 1301 1767; x_wconf 93' lang='lat'><strong>,</strong></span> <span class='ocrx_word' id='word_1_106' title='bbox 1332 1713 1388 1757; x_wconf 93' lang='lat' dir='ltr'><strong>et</strong></span> <span class='ocrx_word' id='word_1_107' title='bbox 1433 1703 1786 1770; x_wconf 85' lang='lat' dir='ltr'><strong>Epiphaniam</strong></span> 
     </span>
    </p>
   </div>
   <div class='ocr_carea' id='block_1_17' title="bbox 208 1788 1785 1866">
    <p class='ocr_par' dir='ltr' id='par_1_17' title="bbox 208 1788 1785 1866">
     <span class='ocr_line' id='line_1_17' title="bbox 208 1788 1785 1866; baseline -0.005 -16"><span class='ocrx_word' id='word_1_108' title='bbox 208 1797 498 1850; x_wconf 58' lang='lat' dir='ltr'><strong>Salamina;</strong></span> <span class='ocrx_word' id='word_1_109' title='bbox 544 1793 743 1866; x_wconf 91' lang='lat' dir='ltr'><strong>Cypri,</strong></span> <span class='ocrx_word' id='word_1_110' title='bbox 775 1809 893 1862; x_wconf 78' lang='lat' dir='ltr'><strong>qua:</strong></span> <span class='ocrx_word' id='word_1_111' title='bbox 921 1809 1060 1847; x_wconf 84' lang='lat' dir='ltr'><strong>nunc</strong></span> <span class='ocrx_word' id='word_1_112' title='bbox 1087 1792 1395 1846; x_wconf 88' lang='lat' dir='ltr'><strong>Constantia</strong></span> <span class='ocrx_word' id='word_1_113' title='bbox 1467 1788 1631 1860; x_wconf 65' lang='grc'><strong>694</strong></span> <span class='ocrx_word' id='word_1_114' title='bbox 1701 1789 1785 1843; x_wconf 87' lang='lat' dir='ltr'><strong>di-</strong></span> 
     </span>
    </p>
   </div>
   <div class='ocr_carea' id='block_1_18' title="bbox 209 1879 1784 1955">
    <p class='ocr_par' dir='ltr' id='par_1_18' title="bbox 209 1879 1784 1955">
     <span class='ocr_line' id='line_1_18' title="bbox 209 1879 1784 1955; baseline -0.003 -17"><span class='ocrx_word' id='word_1_115' title='bbox 209 1887 393 1950; x_wconf 90' lang='lat' dir='ltr'><strong>citur;</strong></span> <span class='ocrx_word' id='word_1_116' title='bbox 422 1901 646 1955; x_wconf 90' lang='lat' dir='ltr'><strong>quorum</strong></span> <span class='ocrx_word' id='word_1_117' title='bbox 675 1883 1026 1954; x_wconf 83' lang='lat' dir='ltr'><strong>Epiphanium</strong></span> <span class='ocrx_word' id='word_1_118' title='bbox 1072 1885 1232 1936; x_wconf 88' lang='lat' dir='ltr'><strong>etiam</strong></span> <span class='ocrx_word' id='word_1_119' title='bbox 1261 1881 1525 1950; x_wconf 89' lang='lat' dir='ltr'><strong>hospitem</strong></span> <span class='ocrx_word' id='word_1_120' title='bbox 1555 1879 1736 1934; x_wconf 88' lang='lat' dir='ltr'><strong>habuit</strong></span> <span class='ocrx_word' id='word_1_121' title='bbox 1769 1897 1784 1933; x_wconf 86' lang='lat'><strong>:</strong></span> 
     </span>
    </p>
   </div>
   <div class='ocr_carea' id='block_1_19' title="bbox 212 1969 1784 2040">
    <p class='ocr_par' dir='ltr' id='par_1_19' title="bbox 212 1969 1784 2040">
     <span class='ocr_line' id='line_1_19' title="bbox 212 1969 1784 2040; baseline -0.004 -11"><span class='ocrx_word' id='word_1_122' title='bbox 212 1976 499 2029; x_wconf 64' lang='lat' dir='ltr'><strong>Paulinum.</strong></span> <span class='ocrx_word' id='word_1_123' title='bbox 516 1976 567 2028; x_wconf 90' lang='lat' dir='ltr'><strong>in</strong></span> <span class='ocrx_word' id='word_1_124' title='bbox 589 1975 760 2029; x_wconf 87' lang='lat' dir='ltr'><strong>aliena</strong></span> <span class='ocrx_word' id='word_1_125' title='bbox 787 1981 1087 2027; x_wconf 88' lang='lat' dir='ltr'><strong>manentem</strong></span> <span class='ocrx_word' id='word_1_126' title='bbox 1110 1972 1289 2034; x_wconf 81' lang='lat' dir='ltr'><strong>domo,</strong></span> <span class='ocrx_word' id='word_1_127' title='bbox 1310 1971 1458 2040; x_wconf 88' lang='lat' dir='ltr'><strong>quasi</strong></span> <span class='ocrx_word' id='word_1_128' title='bbox 1489 1969 1784 2038; x_wconf 86' lang='lat' dir='ltr'><strong>proprium,</strong></span> 
     </span>
    </p>
   </div>
   <div class='ocr_carea' id='block_1_20' title="bbox 211 2060 1787 2134">
    <p class='ocr_par' dir='ltr' id='par_1_20' title="bbox 211 2060 1787 2134">
     <span class='ocr_line' id='line_1_20' title="bbox 211 2060 1787 2134; baseline -0.003 -16"><span class='ocrx_word' id='word_1_129' title='bbox 211 2065 544 2120; x_wconf 78' lang='lat' dir='ltr'><strong>humanitate</strong></span> <span class='ocrx_word' id='word_1_130' title='bbox 571 2064 822 2134; x_wconf 87' lang='lat' dir='ltr'><strong>possedit.</strong></span> <span class='ocrx_word' id='word_1_131' title='bbox 855 2063 1093 2131; x_wconf 88' lang='lat' dir='ltr'><strong>Quorum</strong></span> <span class='ocrx_word' id='word_1_132' title='bbox 1121 2077 1344 2116; x_wconf 86' lang='lat' dir='ltr'><strong>accensa</strong></span> <span class='ocrx_word' id='word_1_133' title='bbox 1367 2060 1666 2123; x_wconf 86' lang='lat' dir='ltr'><strong>virtutibus,</strong></span> <span class='ocrx_word' id='word_1_134' title='bbox 1691 2076 1787 2130; x_wconf 50' lang='lat' dir='ltr'><strong>per</strong></span> 
     </span>
    </p>
   </div>
   <div class='ocr_carea' id='block_1_21' title="bbox 209 2149 1783 2223">
    <p class='ocr_par' dir='ltr' id='par_1_21' title="bbox 209 2149 1783 2223">
     <span class='ocr_line' id='line_1_21' title="bbox 209 2149 1783 2223; baseline -0.003 -17"><span class='ocrx_word' id='word_1_135' title='bbox 209 2163 484 2208; x_wconf 86' lang='lat' dir='ltr'><strong>momenta</strong></span> <span class='ocrx_word' id='word_1_136' title='bbox 528 2153 754 2223; x_wconf 86' lang='lat' dir='ltr'><strong>patriam</strong></span> <span class='ocrx_word' id='word_1_137' title='bbox 793 2151 1042 2206; x_wconf 84' lang='lat' dir='ltr'><strong>deserere</strong></span> <span class='ocrx_word' id='word_1_138' title='bbox 1081 2151 1368 2219; x_wconf 80' lang='lat' dir='ltr'><strong>cogitabat.</strong></span> <span class='ocrx_word' id='word_1_139' title='bbox 1414 2149 1528 2204; x_wconf 84' lang='lat' dir='ltr'><strong>Non</strong></span> <span class='ocrx_word' id='word_1_140' title='bbox 1571 2149 1783 2215; x_wconf 86' lang='lat' dir='ltr'><strong>domus,</strong></span> 
     </span>
    </p>
   </div>
   <div class='ocr_carea' id='block_1_22' title="bbox 207 2240 1784 2308">
    <p class='ocr_par' dir='ltr' id='par_1_22' title="bbox 207 2240 1784 2308">
     <span class='ocr_line' id='line_1_22' title="bbox 207 2240 1784 2308; baseline -0.001 -14"><span class='ocrx_word' id='word_1_141' title='bbox 207 2257 323 2295; x_wconf 85' lang='lat' dir='ltr'><strong>non</strong></span> <span class='ocrx_word' id='word_1_142' title='bbox 346 2241 654 2306; x_wconf 87' lang='lat' dir='ltr'><strong>liberorum,</strong></span> <span class='ocrx_word' id='word_1_143' title='bbox 680 2256 785 2294; x_wconf 89' lang='lat' dir='ltr'><strong>non</strong></span> <span class='ocrx_word' id='word_1_144' title='bbox 815 2240 1045 2304; x_wconf 68' lang='lat' dir='ltr'><strong>familiae,</strong></span> <span class='ocrx_word' id='word_1_145' title='bbox 1074 2255 1181 2293; x_wconf 90' lang='lat' dir='ltr'><strong>non</strong></span> <span class='ocrx_word' id='word_1_146' title='bbox 1209 2240 1605 2308; x_wconf 89' lang='lat' dir='ltr'><strong>possessionum</strong></span> <span class='ocrx_word' id='word_1_147' title='bbox 1627 2278 1643 2304; x_wconf 93' lang='lat'><strong>,</strong></span> <span class='ocrx_word' id='word_1_148' title='bbox 1677 2254 1784 2292; x_wconf 90' lang='lat' dir='ltr'><strong>non</strong></span> 
     </span>
    </p>
   </div>
   <div class='ocr_carea' id='block_1_23' title="bbox 209 2328 1785 2398">
    <p class='ocr_par' dir='ltr' id='par_1_23' title="bbox 209 2328 1785 2398">
     <span class='ocr_line' id='line_1_23' title="bbox 209 2328 1785 2398; baseline 0 -16"><span class='ocrx_word' id='word_1_149' title='bbox 209 2329 445 2398; x_wconf 87' lang='lat' dir='ltr'><strong>alicujus</strong></span> <span class='ocrx_word' id='word_1_150' title='bbox 467 2330 564 2393; x_wconf 90' lang='lat' dir='ltr'><strong>rei,</strong></span> <span class='ocrx_word' id='word_1_151' title='bbox 596 2344 713 2398; x_wconf 69' lang='lat' dir='ltr'><strong>qua:</strong></span> <span class='ocrx_word' id='word_1_152' title='bbox 737 2329 804 2382; x_wconf 92' lang='lat' dir='ltr'><strong>ad</strong></span> <span class='ocrx_word' id='word_1_153' title='bbox 835 2328 1086 2383; x_wconf 59' lang='lat' dir='ltr'><strong>saeculum</strong></span> <span class='ocrx_word' id='word_1_154' title='bbox 1126 2329 1376 2397; x_wconf 88' lang='lat' dir='ltr'><strong>pertinet,</strong></span> <span class='ocrx_word' id='word_1_155' title='bbox 1403 2344 1604 2382; x_wconf 88' lang='lat' dir='ltr'><strong>memor</strong></span> <span class='ocrx_word' id='word_1_156' title='bbox 1626 2368 1641 2391; x_wconf 92' lang='lat'><strong>,</strong></span> <span class='ocrx_word' id='word_1_157' title='bbox 1672 2329 1785 2383; x_wconf 89' lang='lat' dir='ltr'><strong>sola</strong></span> 
     </span>
    </p>
   </div>
   <div class='ocr_carea' id='block_1_24' title="bbox 209 2417 1784 2488">
    <p class='ocr_par' dir='ltr' id='par_1_24' title="bbox 209 2417 1784 2488">
     <span class='ocr_line' id='line_1_24' title="bbox 209 2417 1784 2488; baseline -0.001 -15"><span class='ocrx_word' id='word_1_158' title='bbox 209 2419 288 2487; x_wconf 87' lang='lat' dir='ltr'><strong>(si</strong></span> <span class='ocrx_word' id='word_1_159' title='bbox 319 2418 420 2472; x_wconf 88' lang='lat' dir='ltr'><strong>dici</strong></span> <span class='ocrx_word' id='word_1_160' title='bbox 454 2417 644 2488; x_wconf 88' lang='lat' dir='ltr'><strong>potest)</strong></span> <span class='ocrx_word' id='word_1_161' title='bbox 669 2427 724 2473; x_wconf 91' lang='lat' dir='ltr'><strong>et</strong></span> <span class='ocrx_word' id='word_1_162' title='bbox 741 2417 1147 2482; x_wconf 88' lang='lat' dir='ltr'><strong>incomitata,ad</strong></span> <span class='ocrx_word' id='word_1_163' title='bbox 1174 2433 1412 2472; x_wconf 87' lang='lat' dir='ltr'><strong>eremum</strong></span> <span class='ocrx_word' id='word_1_164' title='bbox 1435 2419 1784 2471; x_wconf 87' lang='lat' dir='ltr'><strong>Antoniorum</strong></span> 
     </span>
    </p>
   </div>
   <div class='ocr_carea' id='block_1_25' title="bbox 216 2506 1779 2578">
    <p class='ocr_par' dir='ltr' id='par_1_25' title="bbox 216 2506 1779 2578">
     <span class='ocr_line' id='line_1_25' title="bbox 216 2506 1779 2578; baseline -0.001 -16"><span class='ocrx_word' id='word_1_165' title='bbox 216 2517 381 2578; x_wconf 80' lang='lat' dir='ltr'><strong>atque</strong></span> <span class='ocrx_word' id='word_1_166' title='bbox 411 2508 693 2562; x_wconf 87' lang='lat' dir='ltr'><strong>Paulorum</strong></span> <span class='ocrx_word' id='word_1_167' title='bbox 734 2522 954 2577; x_wconf 82' lang='lat' dir='ltr'><strong>pergere</strong></span> <span class='ocrx_word' id='word_1_168' title='bbox 994 2507 1270 2577; x_wconf 80' lang='lat' dir='ltr'><strong>geStiebat.</strong></span> <span class='ocrx_word' id='word_1_169' title='bbox 1317 2506 1658 2576; x_wconf 86' lang='lat' dir='ltr'><strong>Tandemque</strong></span> <span class='ocrx_word' id='word_1_170' title='bbox 1686 2521 1779 2560; x_wconf 83' lang='lat' dir='ltr'><strong>ex-</strong></span> 
     </span>
    </p>
   </div>
   <div class='ocr_carea' id='block_1_26' title="bbox 211 2594 1782 2667">
    <p class='ocr_par' dir='ltr' id='par_1_26' title="bbox 211 2594 1782 2667">
     <span class='ocr_line' id='line_1_26' title="bbox 211 2594 1782 2667; baseline -0.002 -15"><span class='ocrx_word' id='word_1_171' title='bbox 211 2607 332 2652; x_wconf 81' lang='lat' dir='ltr'><strong>acta</strong></span> <span class='ocrx_word' id='word_1_172' title='bbox 365 2597 585 2667; x_wconf 84' lang='lat' dir='ltr'><strong>hyeme,</strong></span> <span class='ocrx_word' id='word_1_173' title='bbox 614 2605 801 2666; x_wconf 83' lang='lat' dir='ltr'><strong>aperto</strong></span> <span class='ocrx_word' id='word_1_174' title='bbox 828 2596 1000 2660; x_wconf 91' lang='lat' dir='ltr'><strong>mari,</strong></span> <span class='ocrx_word' id='word_1_175' title='bbox 1032 2595 1374 2650; x_wconf 87' lang='lat' dir='ltr'><strong>redeuntibus</strong></span> <span class='ocrx_word' id='word_1_176' title='bbox 1420 2594 1486 2648; x_wconf 90' lang='lat' dir='ltr'><strong>ad</strong></span> <span class='ocrx_word' id='word_1_177' title='bbox 1529 2595 1782 2650; x_wconf 89' lang='lat' dir='ltr'><strong>ecclesias</strong></span> 
     </span>
    </p>
   </div>
   <div class='ocr_carea' id='block_1_27' title="bbox 209 2683 1783 2756">
    <p class='ocr_par' dir='ltr' id='par_1_27' title="bbox 209 2683 1783 2756">
     <span class='ocr_line' id='line_1_27' title="bbox 209 2683 1783 2756; baseline -0.002 -17"><span class='ocrx_word' id='word_1_178' title='bbox 209 2700 339 2739; x_wconf 81' lang='lat' dir='ltr'><strong>suas</strong></span> <span class='ocrx_word' id='word_1_179' title='bbox 363 2685 657 2756; x_wconf 86' lang='lat' dir='ltr'><strong>episcopis,</strong></span> <span class='ocrx_word' id='word_1_180' title='bbox 684 2693 739 2740; x_wconf 91' lang='lat' dir='ltr'><strong>et</strong></span> <span class='ocrx_word' id='word_1_181' title='bbox 783 2685 896 2753; x_wconf 84' lang='lat' dir='ltr'><strong>ipsa</strong></span> <span class='ocrx_word' id='word_1_182' title='bbox 925 2695 1047 2739; x_wconf 90' lang='lat' dir='ltr'><strong>voto</strong></span> <span class='ocrx_word' id='word_1_183' title='bbox 1062 2700 1181 2739; x_wconf 91' lang='lat' dir='ltr'><strong>cum</strong></span> <span class='ocrx_word' id='word_1_184' title='bbox 1207 2685 1284 2738; x_wconf 89' lang='lat' dir='ltr'><strong>eis</strong></span> <span class='ocrx_word' id='word_1_185' title='bbox 1304 2699 1366 2738; x_wconf 93' lang='lat' dir='ltr'><strong>ac</strong></span> <span class='ocrx_word' id='word_1_186' title='bbox 1391 2683 1655 2738; x_wconf 83' lang='lat' dir='ltr'><strong>desiderio</strong></span> <span class='ocrx_word' id='word_1_187' title='bbox 1685 2698 1783 2737; x_wconf 88' lang='lat' dir='ltr'><strong>na-</strong></span> 
     </span>
    </p>
   </div>
   <div class='ocr_carea' id='block_1_28' title="bbox 211 2772 1778 2844">
    <p class='ocr_par' dir='ltr' id='par_1_28' title="bbox 211 2772 1778 2844">
     <span class='ocr_line' id='line_1_28' title="bbox 211 2772 1778 2844; baseline 0 -18"><span class='ocrx_word' id='word_1_188' title='bbox 211 2775 426 2842; x_wconf 82' lang='lat' dir='ltr'><strong>vigavit.</strong></span> <span class='ocrx_word' id='word_1_189' title='bbox 445 2774 580 2840; x_wconf 87' lang='lat' dir='ltr'><strong>Quid</strong></span> <span class='ocrx_word' id='word_1_190' title='bbox 611 2773 746 2828; x_wconf 91' lang='lat' dir='ltr'><strong>ultra</strong></span> <span class='ocrx_word' id='word_1_191' title='bbox 768 2773 957 2828; x_wconf 76' lang='lat' dir='ltr'><strong>differo</strong></span> <span class='ocrx_word' id='word_1_192' title='bbox 983 2773 1007 2827; x_wconf 73' lang='lat'><strong>7</strong></span> <span class='ocrx_word' id='word_1_193' title='bbox 1038 2774 1317 2828; x_wconf 89' lang='lat' dir='ltr'><strong>Descendit</strong></span> <span class='ocrx_word' id='word_1_194' title='bbox 1353 2773 1416 2828; x_wconf 92' lang='lat' dir='ltr'><strong>ad</strong></span> <span class='ocrx_word' id='word_1_195' title='bbox 1450 2783 1658 2843; x_wconf 91' lang='lat' dir='ltr'><strong>portum</strong></span> <span class='ocrx_word' id='word_1_196' title='bbox 1677 2772 1778 2844; x_wconf 76' lang='grc' dir='ltr'><strong>(ὀ),</strong></span> 
     </span>
    </p>
   </div>
   <div class='ocr_carea' id='block_1_29' title="bbox 211 2847 1774 2934">
    <p class='ocr_par' dir='ltr' id='par_1_29' title="bbox 211 2847 1774 2934">
     <span class='ocr_line' id='line_1_29' title="bbox 211 2847 1774 2934; baseline -0.002 -16"><span class='ocrx_word' id='word_1_197' title='bbox 211 2865 398 2930; x_wconf 82' lang='lat' dir='ltr'><strong>fratre,</strong></span> <span class='ocrx_word' id='word_1_198' title='bbox 421 2847 679 2934; x_wconf 80' lang='lat' dir='ltr'><strong>cognatis,</strong></span> <span class='ocrx_word' id='word_1_199' title='bbox 710 2863 980 2929; x_wconf 80' lang='lat' dir='ltr'><strong>amnibus,</strong></span> <span class='ocrx_word' id='word_1_200' title='bbox 1010 2873 1063 2918; x_wconf 89' lang='lat' dir='ltr'><strong>et</strong></span> <span class='ocrx_word' id='word_1_201' title='bbox 1089 2863 1232 2932; x_wconf 90' lang='lat' dir='ltr'><strong>quod</strong></span> <span class='ocrx_word' id='word_1_202' title='bbox 1262 2863 1343 2916; x_wconf 93' lang='lat' dir='ltr'><strong>bis</strong></span> <span class='ocrx_word' id='word_1_203' title='bbox 1370 2863 1542 2929; x_wconf 87' lang='lat' dir='ltr'><strong>majus</strong></span> <span class='ocrx_word' id='word_1_204' title='bbox 1563 2871 1644 2917; x_wconf 90' lang='lat' dir='ltr'><strong>est</strong></span> <span class='ocrx_word' id='word_1_205' title='bbox 1669 2904 1683 2929; x_wconf 95' lang='lat'><strong>,</strong></span> <span class='ocrx_word' id='word_1_206' title='bbox 1713 2862 1774 2916; x_wconf 88' lang='lat' dir='ltr'><strong>li-</strong></span> 
     </span>
    </p>
   </div>
   <div class='ocr_carea' id='block_1_30' title="bbox 211 2955 1779 3025">
    <p class='ocr_par' dir='ltr' id='par_1_30' title="bbox 211 2955 1779 3025">
     <span class='ocr_line' id='line_1_30' title="bbox 211 2955 1779 3025; baseline 0 -17"><span class='ocrx_word' id='word_1_207' title='bbox 211 2956 357 3010; x_wconf 83' lang='lat' dir='ltr'><strong>beris</strong></span> <span class='ocrx_word' id='word_1_208' title='bbox 413 2955 893 3025; x_wconf 90' lang='lat' dir='ltr'><strong>prosequentibus,</strong></span> <span class='ocrx_word' id='word_1_209' title='bbox 943 2964 998 3010; x_wconf 89' lang='lat' dir='ltr'><strong>et</strong></span> <span class='ocrx_word' id='word_1_210' title='bbox 1045 2956 1513 3011; x_wconf 89' lang='lat' dir='ltr'><strong>clementissimam</strong></span> <span class='ocrx_word' id='word_1_211' title='bbox 1556 2964 1779 3009; x_wconf 78' lang='lat' dir='ltr'><strong>matrem</strong></span> 
     </span>
    </p>
   </div>
   <div class='ocr_carea' id='block_1_31' title="bbox 210 3043 1778 3112">
    <p class='ocr_par' dir='ltr' id='par_1_31' title="bbox 210 3043 1778 3112">
     <span class='ocr_line' id='line_1_31' title="bbox 210 3043 1778 3112; baseline 0 -16"><span class='ocrx_word' id='word_1_212' title='bbox 210 3045 410 3112; x_wconf 87' lang='lat' dir='ltr'><strong>pietate</strong></span> <span class='ocrx_word' id='word_1_213' title='bbox 430 3046 641 3098; x_wconf 84' lang='lat' dir='ltr'><strong>vincere</strong></span> <span class='ocrx_word' id='word_1_214' title='bbox 659 3045 1014 3112; x_wconf 87' lang='lat' dir='ltr'><strong>cupientibus.</strong></span> <span class='ocrx_word' id='word_1_215' title='bbox 1032 3043 1147 3098; x_wconf 83' lang='lat' dir='ltr'><strong>Jam</strong></span> <span class='ocrx_word' id='word_1_216' title='bbox 1165 3045 1381 3099; x_wconf 88' lang='lat' dir='ltr'><strong>carbasa</strong></span> <span class='ocrx_word' id='word_1_217' title='bbox 1407 3044 1778 3108; x_wconf 84' lang='lat' dir='ltr'><strong>tendebantur,</strong></span> 
     </span>
    </p>
   </div>
   <div class='ocr_carea' id='block_1_32' title="bbox 207 3134 1782 3204">
    <p class='ocr_par' dir='ltr' id='par_1_32' title="bbox 207 3134 1782 3204">
     <span class='ocr_line' id='line_1_32' title="bbox 207 3134 1782 3204; baseline 0.002 -18"><span class='ocrx_word' id='word_1_218' title='bbox 207 3144 268 3186; x_wconf 86' lang='lat' dir='ltr'><strong>et</strong></span> <span class='ocrx_word' id='word_1_219' title='bbox 287 3149 554 3188; x_wconf 86' lang='lat' dir='ltr'><strong>remorum</strong></span> <span class='ocrx_word' id='word_1_220' title='bbox 581 3134 741 3187; x_wconf 89' lang='lat' dir='ltr'><strong>ductu</strong></span> <span class='ocrx_word' id='word_1_221' title='bbox 768 3135 916 3188; x_wconf 90' lang='lat' dir='ltr'><strong>navis</strong></span> <span class='ocrx_word' id='word_1_222' title='bbox 938 3135 990 3188; x_wconf 92' lang='lat' dir='ltr'><strong>in</strong></span> <span class='ocrx_word' id='word_1_223' title='bbox 1010 3136 1171 3188; x_wconf 85' lang='lat' dir='ltr'><strong>altum</strong></span> <span class='ocrx_word' id='word_1_224' title='bbox 1200 3135 1627 3204; x_wconf 86' lang='lat' dir='ltr'><strong>protrahebatur.</strong></span> <span class='ocrx_word' id='word_1_225' title='bbox 1655 3135 1782 3189; x_wconf 87' lang='lat' dir='ltr'><strong>Par-</strong></span> 
     </span>
    </p>
   </div>
   <div class='ocr_carea' id='block_1_33' title="bbox 210 3222 1778 3290">
    <p class='ocr_par' dir='ltr' id='par_1_33' title="bbox 210 3222 1778 3290">
     <span class='ocr_line' id='line_1_33' title="bbox 210 3222 1778 3290; baseline 0.003 -16"><span class='ocrx_word' id='word_1_226' title='bbox 210 3236 312 3275; x_wconf 87' lang='lat' dir='ltr'><strong>vus</strong></span> <span class='ocrx_word' id='word_1_227' title='bbox 363 3222 620 3276; x_wconf 83' lang='lat' dir='ltr'><strong>Toxotius</strong></span> <span class='ocrx_word' id='word_1_228' title='bbox 658 3222 926 3290; x_wconf 90' lang='lat' dir='ltr'><strong>supplices</strong></span> <span class='ocrx_word' id='word_1_229' title='bbox 969 3236 1158 3276; x_wconf 89' lang='lat' dir='ltr'><strong>manus</strong></span> <span class='ocrx_word' id='word_1_230' title='bbox 1204 3222 1452 3277; x_wconf 86' lang='lat' dir='ltr'><strong>tendebat</strong></span> <span class='ocrx_word' id='word_1_231' title='bbox 1493 3222 1544 3275; x_wconf 92' lang='lat' dir='ltr'><strong>in</strong></span> <span class='ocrx_word' id='word_1_232' title='bbox 1581 3223 1778 3278; x_wconf 90' lang='lat' dir='ltr'><strong>littore.</strong></span> 
     </span>
    </p>
   </div>
   <div class='ocr_carea' id='block_1_34' title="bbox 210 3311 1777 3381">
    <p class='ocr_par' dir='ltr' id='par_1_34' title="bbox 210 3311 1777 3381">
     <span class='ocr_line' id='line_1_34' title="bbox 210 3311 1777 3381; baseline -0.001 -13"><span class='ocrx_word' id='word_1_233' title='bbox 210 3311 426 3368; x_wconf 79' lang='lat' dir='ltr'><strong>Buffina</strong></span> <span class='ocrx_word' id='word_1_234' title='bbox 453 3312 560 3380; x_wconf 87' lang='lat' dir='ltr'><strong>jam</strong></span> <span class='ocrx_word' id='word_1_235' title='bbox 590 3311 805 3376; x_wconf 88' lang='lat' dir='ltr'><strong>nubilis,</strong></span> <span class='ocrx_word' id='word_1_236' title='bbox 838 3320 894 3365; x_wconf 91' lang='lat' dir='ltr'><strong>ut</strong></span> <span class='ocrx_word' id='word_1_237' title='bbox 923 3327 1048 3366; x_wconf 85' lang='lat' dir='ltr'><strong>suas</strong></span> <span class='ocrx_word' id='word_1_238' title='bbox 1077 3321 1410 3381; x_wconf 79' lang='lat' dir='ltr'><strong>exspectaret</strong></span> <span class='ocrx_word' id='word_1_239' title='bbox 1433 3312 1664 3380; x_wconf 90' lang='lat' dir='ltr'><strong>nuptias,</strong></span> <span class='ocrx_word' id='word_1_240' title='bbox 1695 3321 1777 3366; x_wconf 91' lang='lat' dir='ltr'><strong>ta-</strong></span> 
     </span>
    </p>
   </div>
   <div class='ocr_carea' id='block_1_35' title="bbox 209 3401 1774 3458">
    <p class='ocr_par' dir='ltr' id='par_1_35' title="bbox 209 3401 1774 3458">
     <span class='ocr_line' id='line_1_35' title="bbox 209 3401 1774 3458; baseline 0.002 -3"><span class='ocrx_word' id='word_1_241' title='bbox 209 3418 344 3456; x_wconf 83' lang='lat' dir='ltr'><strong>eens</strong></span> <span class='ocrx_word' id='word_1_242' title='bbox 371 3401 581 3455; x_wconf 89' lang='lat' dir='ltr'><strong>fletibus</strong></span> <span class='ocrx_word' id='word_1_243' title='bbox 607 3401 940 3456; x_wconf 89' lang='lat' dir='ltr'><strong>obsecrabat.</strong></span> <span class='ocrx_word' id='word_1_244' title='bbox 982 3401 1048 3456; x_wconf 87' lang='lat' dir='ltr'><strong>Et</strong></span> <span class='ocrx_word' id='word_1_245' title='bbox 1071 3411 1244 3457; x_wconf 89' lang='lat' dir='ltr'><strong>tamen</strong></span> <span class='ocrx_word' id='word_1_246' title='bbox 1274 3403 1362 3456; x_wconf 88' lang='lat' dir='ltr'><strong>illa</strong></span> <span class='ocrx_word' id='word_1_247' title='bbox 1392 3402 1563 3456; x_wconf 89' lang='lat' dir='ltr'><strong>siccos</strong></span> <span class='ocrx_word' id='word_1_248' title='bbox 1588 3403 1774 3458; x_wconf 88' lang='lat' dir='ltr'><strong>tende-</strong></span> 
     </span>
    </p>
   </div>
   <div class='ocr_carea' id='block_1_36' title="bbox 212 3490 1779 3560">
    <p class='ocr_par' dir='ltr' id='par_1_36' title="bbox 212 3490 1779 3560">
     <span class='ocr_line' id='line_1_36' title="bbox 212 3490 1779 3560; baseline 0.001 -16"><span class='ocrx_word' id='word_1_249' title='bbox 212 3491 306 3544; x_wconf 88' lang='lat' dir='ltr'><strong>bat</strong></span> <span class='ocrx_word' id='word_1_250' title='bbox 333 3491 399 3545; x_wconf 88' lang='lat' dir='ltr'><strong>ad</strong></span> <span class='ocrx_word' id='word_1_251' title='bbox 429 3491 618 3545; x_wconf 73' lang='lat' dir='ltr'><strong>caelum</strong></span> <span class='ocrx_word' id='word_1_252' title='bbox 649 3490 832 3544; x_wconf 92' lang='lat' dir='ltr'><strong>oculos</strong></span> <span class='ocrx_word' id='word_1_253' title='bbox 857 3531 871 3552; x_wconf 91' lang='lat'><strong>,</strong></span> <span class='ocrx_word' id='word_1_254' title='bbox 908 3492 1155 3560; x_wconf 89' lang='lat' dir='ltr'><strong>pietatem</strong></span> <span class='ocrx_word' id='word_1_255' title='bbox 1198 3492 1250 3545; x_wconf 92' lang='lat' dir='ltr'><strong>in</strong></span> <span class='ocrx_word' id='word_1_256' title='bbox 1295 3490 1433 3545; x_wconf 81' lang='lat' dir='ltr'><strong>filios</strong></span> <span class='ocrx_word' id='word_1_257' title='bbox 1457 3532 1472 3556; x_wconf 95' lang='lat'><strong>,</strong></span> <span class='ocrx_word' id='word_1_258' title='bbox 1510 3492 1704 3560; x_wconf 84' lang='lat' dir='ltr'><strong>pietate</strong></span> <span class='ocrx_word' id='word_1_259' title='bbox 1727 3491 1779 3545; x_wconf 90' lang='lat' dir='ltr'><strong>in</strong></span> 
     </span>
    </p>
   </div>
   <div class='ocr_carea' id='block_1_37' title="bbox 215 3578 1780 3649">
    <p class='ocr_par' dir='ltr' id='par_1_37' title="bbox 215 3578 1780 3649">
     <span class='ocr_line' id='line_1_37' title="bbox 215 3578 1780 3649; baseline 0 -17"><span class='ocrx_word' id='word_1_260' title='bbox 215 3581 381 3635; x_wconf 89' lang='lat' dir='ltr'><strong>Deum</strong></span> <span class='ocrx_word' id='word_1_261' title='bbox 407 3593 682 3648; x_wconf 89' lang='lat' dir='ltr'><strong>superans.</strong></span> <span class='ocrx_word' id='word_1_262' title='bbox 710 3578 988 3634; x_wconf 83' lang='lat' dir='ltr'><strong>Nesciebat</strong></span> <span class='ocrx_word' id='word_1_263' title='bbox 1007 3594 1066 3634; x_wconf 87' lang='lat' dir='ltr'><strong>se</strong></span> <span class='ocrx_word' id='word_1_264' title='bbox 1094 3589 1341 3646; x_wconf 89' lang='lat' dir='ltr'><strong>matrem,</strong></span> <span class='ocrx_word' id='word_1_265' title='bbox 1363 3587 1420 3633; x_wconf 93' lang='lat' dir='ltr'><strong>ut</strong></span> <span class='ocrx_word' id='word_1_266' title='bbox 1443 3578 1636 3634; x_wconf 90' lang='lat' dir='ltr'><strong>Christi</strong></span> <span class='ocrx_word' id='word_1_267' title='bbox 1655 3593 1780 3649; x_wconf 86' lang='lat' dir='ltr'><strong>pro-</strong></span> 
     </span>
    </p>
   </div>
   <div class='ocr_carea' id='block_1_38' title="bbox 213 3666 1780 3738">
    <p class='ocr_par' dir='ltr' id='par_1_38' title="bbox 213 3666 1780 3738">
     <span class='ocr_line' id='line_1_38' title="bbox 213 3666 1780 3738; baseline -0.001 -17"><span class='ocrx_word' id='word_1_268' title='bbox 213 3669 368 3722; x_wconf 75' lang='lat' dir='ltr'><strong>baret</strong></span> <span class='ocrx_word' id='word_1_269' title='bbox 391 3668 657 3722; x_wconf 89' lang='lat' dir='ltr'><strong>ancillam.</strong></span> <span class='ocrx_word' id='word_1_270' title='bbox 693 3667 1098 3738; x_wconf 83' lang='lat' dir='ltr'><strong>Torquebantur</strong></span> <span class='ocrx_word' id='word_1_271' title='bbox 1123 3669 1349 3736; x_wconf 86' lang='lat' dir='ltr'><strong>viscera,</strong></span> <span class='ocrx_word' id='word_1_272' title='bbox 1369 3677 1424 3723; x_wconf 92' lang='lat' dir='ltr'><strong>et</strong></span> <span class='ocrx_word' id='word_1_273' title='bbox 1442 3669 1590 3738; x_wconf 89' lang='lat' dir='ltr'><strong>quasi</strong></span> <span class='ocrx_word' id='word_1_274' title='bbox 1615 3683 1646 3721; x_wconf 91' lang='lat' dir='ltr'><strong>a</strong></span> <span class='ocrx_word' id='word_1_275' title='bbox 1669 3666 1780 3721; x_wconf 91' lang='lat' dir='ltr'><strong>suis</strong></span> 
     </span>
    </p>
   </div>
   <div class='ocr_carea' id='block_1_39' title="bbox 213 3756 1774 3829">
    <p class='ocr_par' dir='ltr' id='par_1_39' title="bbox 213 3756 1774 3829">
     <span class='ocr_line' id='line_1_39' title="bbox 213 3756 1774 3829; baseline -0.001 -18"><span class='ocrx_word' id='word_1_276' title='bbox 213 3759 469 3812; x_wconf 85' lang='lat' dir='ltr'><strong>membris</strong></span> <span class='ocrx_word' id='word_1_277' title='bbox 493 3758 878 3813; x_wconf 83' lang='lat' dir='ltr'><strong>distraheretur</strong></span> <span class='ocrx_word' id='word_1_278' title='bbox 905 3757 1023 3829; x_wconf 83' lang='lat' dir='ltr'><strong>[Ms.</strong></span> <span class='ocrx_word' id='word_1_279' title='bbox 1056 3756 1497 3828; x_wconf 77' lang='lat' dir='ltr'><strong>distraherentur],</strong></span> <span class='ocrx_word' id='word_1_280' title='bbox 1527 3773 1648 3812; x_wconf 92' lang='lat' dir='ltr'><strong>cum</strong></span> <span class='ocrx_word' id='word_1_281' title='bbox 1676 3756 1774 3810; x_wconf 79' lang='lat' dir='ltr'><strong>do-</strong></span> 
     </span>
    </p>
   </div>
   <div class='ocr_carea' id='block_1_40' title="bbox 214 3845 1779 3916">
    <p class='ocr_par' dir='ltr' id='par_1_40' title="bbox 214 3845 1779 3916">
     <span class='ocr_line' id='line_1_40' title="bbox 214 3845 1779 3916; baseline -0.002 -16"><span class='ocrx_word' id='word_1_282' title='bbox 214 3847 330 3901; x_wconf 84' lang='lat' dir='ltr'><strong>lore</strong></span> <span class='ocrx_word' id='word_1_283' title='bbox 354 3848 618 3916; x_wconf 82' lang='lat' dir='ltr'><strong>pugnabat</strong></span> <span class='ocrx_word' id='word_1_284' title='bbox 645 3864 659 3899; x_wconf 90' lang='lat'><strong>:</strong></span> <span class='ocrx_word' id='word_1_285' title='bbox 688 3846 740 3899; x_wconf 93' lang='lat' dir='ltr'><strong>in</strong></span> <span class='ocrx_word' id='word_1_286' title='bbox 769 3862 832 3901; x_wconf 88' lang='lat' dir='ltr'><strong>eo</strong></span> <span class='ocrx_word' id='word_1_287' title='bbox 853 3849 1056 3901; x_wconf 88' lang='lat' dir='ltr'><strong>cunctis</strong></span> <span class='ocrx_word' id='word_1_288' title='bbox 1076 3847 1434 3900; x_wconf 86' lang='lat' dir='ltr'><strong>admirabilior</strong></span> <span class='ocrx_word' id='word_1_289' title='bbox 1458 3887 1474 3912; x_wconf 96' lang='lat'><strong>,</strong></span> <span class='ocrx_word' id='word_1_290' title='bbox 1497 3845 1636 3914; x_wconf 86' lang='lat' dir='ltr'><strong>quod</strong></span> <span class='ocrx_word' id='word_1_291' title='bbox 1663 3859 1779 3898; x_wconf 85' lang='lat' dir='ltr'><strong>ma-</strong></span> 
     </span>
    </p>
   </div>
   <div class='ocr_carea' id='block_1_41' title="bbox 210 3933 1783 4004">
    <p class='ocr_par' dir='ltr' id='par_1_41' title="bbox 210 3933 1783 4004">
     <span class='ocr_line' id='line_1_41' title="bbox 210 3933 1783 4004; baseline -0.001 -16"><span class='ocrx_word' id='word_1_292' title='bbox 210 3951 372 4004; x_wconf 84' lang='lat' dir='ltr'><strong>gnam</strong></span> <span class='ocrx_word' id='word_1_293' title='bbox 395 3937 631 3989; x_wconf 88' lang='lat' dir='ltr'><strong>vinceret</strong></span> <span class='ocrx_word' id='word_1_294' title='bbox 657 3934 951 3989; x_wconf 84' lang='lat' dir='ltr'><strong>caritatem.</strong></span> <span class='ocrx_word' id='word_1_295' title='bbox 978 3933 1121 3988; x_wconf 86' lang='lat' dir='ltr'><strong>Inter</strong></span> <span class='ocrx_word' id='word_1_296' title='bbox 1145 3936 1380 3989; x_wconf 90' lang='lat' dir='ltr'><strong>hostium</strong></span> <span class='ocrx_word' id='word_1_297' title='bbox 1401 3951 1588 3989; x_wconf 88' lang='lat' dir='ltr'><strong>manus</strong></span> <span class='ocrx_word' id='word_1_298' title='bbox 1616 3943 1669 3988; x_wconf 90' lang='lat' dir='ltr'><strong>et</strong></span> <span class='ocrx_word' id='word_1_299' title='bbox 1693 3948 1783 3987; x_wconf 79' lang='lat' dir='ltr'><strong>ca-</strong></span> 
     </span>
    </p>
   </div>
   <div class='ocr_carea' id='block_1_42' title="bbox 213 4022 1780 4093">
    <p class='ocr_par' dir='ltr' id='par_1_42' title="bbox 213 4022 1780 4093">
     <span class='ocr_line' id='line_1_42' title="bbox 213 4022 1780 4093; baseline -0.001 -17"><span class='ocrx_word' id='word_1_300' title='bbox 213 4025 472 4093; x_wconf 90' lang='lat' dir='ltr'><strong>ptivitatis</strong></span> <span class='ocrx_word' id='word_1_301' title='bbox 521 4024 709 4076; x_wconf 89' lang='lat' dir='ltr'><strong>duram</strong></span> <span class='ocrx_word' id='word_1_302' title='bbox 763 4023 1134 4077; x_wconf 86' lang='lat' dir='ltr'><strong>necessitatem</strong></span> <span class='ocrx_word' id='word_1_303' title='bbox 1181 4023 1312 4076; x_wconf 89' lang='lat' dir='ltr'><strong>nihil</strong></span> <span class='ocrx_word' id='word_1_304' title='bbox 1357 4022 1628 4077; x_wconf 87' lang='lat' dir='ltr'><strong>crudelius</strong></span> <span class='ocrx_word' id='word_1_305' title='bbox 1677 4033 1780 4087; x_wconf 86' lang='lat' dir='ltr'><strong>est,</strong></span> 
     </span>
    </p>
   </div>
   <div class='ocr_carea' id='block_1_43' title="bbox 208 4113 1783 4183">
    <p class='ocr_par' dir='ltr' id='par_1_43' title="bbox 208 4113 1783 4183">
     <span class='ocr_line' id='line_1_43' title="bbox 208 4113 1783 4183; baseline 0 -16"><span class='ocrx_word' id='word_1_306' title='bbox 208 4129 374 4183; x_wconf 89' lang='lat' dir='ltr'><strong>quam</strong></span> <span class='ocrx_word' id='word_1_307' title='bbox 421 4121 666 4181; x_wconf 87' lang='lat' dir='ltr'><strong>parentes</strong></span> <span class='ocrx_word' id='word_1_308' title='bbox 702 4128 730 4165; x_wconf 91' lang='lat' dir='ltr'><strong>a</strong></span> <span class='ocrx_word' id='word_1_309' title='bbox 770 4113 950 4167; x_wconf 89' lang='lat' dir='ltr'><strong>liberis</strong></span> <span class='ocrx_word' id='word_1_310' title='bbox 990 4115 1244 4181; x_wconf 89' lang='lat' dir='ltr'><strong>separari.</strong></span> <span class='ocrx_word' id='word_1_311' title='bbox 1283 4113 1397 4167; x_wconf 84' lang='lat' dir='ltr'><strong>Hoc</strong></span> <span class='ocrx_word' id='word_1_312' title='bbox 1440 4122 1624 4167; x_wconf 89' lang='lat' dir='ltr'><strong>contra</strong></span> <span class='ocrx_word' id='word_1_313' title='bbox 1665 4114 1783 4182; x_wconf 90' lang='lat' dir='ltr'><strong>jura</strong></span> 
     </span>
    </p>
   </div>
   <div class='ocr_carea' id='block_1_44' title="bbox 210 4203 1786 4274">
    <p class='ocr_par' dir='ltr' id='par_1_44' title="bbox 210 4203 1786 4274">
     <span class='ocr_line' id='line_1_44' title="bbox 210 4203 1786 4274; baseline -0.001 -15"><span class='ocrx_word' id='word_1_314' title='bbox 210 4213 418 4260; x_wconf 66' lang='lat' dir='ltr'><strong>natura:</strong></span> <span class='ocrx_word' id='word_1_315' title='bbox 447 4203 598 4272; x_wconf 89' lang='lat' dir='ltr'><strong>plena</strong></span> <span class='ocrx_word' id='word_1_316' title='bbox 628 4203 759 4258; x_wconf 87' lang='lat' dir='ltr'><strong>fides</strong></span> <span class='ocrx_word' id='word_1_317' title='bbox 783 4203 1099 4273; x_wconf 86' lang='lat' dir='ltr'><strong>patiebatur,</strong></span> <span class='ocrx_word' id='word_1_318' title='bbox 1147 4205 1253 4257; x_wconf 91' lang='lat' dir='ltr'><strong>imo</strong></span> <span class='ocrx_word' id='word_1_319' title='bbox 1300 4203 1534 4274; x_wconf 78' lang='lat' dir='ltr'><strong>gaudens</strong></span> <span class='ocrx_word' id='word_1_320' title='bbox 1577 4205 1786 4258; x_wconf 91' lang='lat' dir='ltr'><strong>animus</strong></span> 
     </span>
    </p>
   </div>
   <div class='ocr_carea' id='block_1_45' title="bbox 214 4290 1784 4360">
    <p class='ocr_par' dir='ltr' id='par_1_45' title="bbox 214 4290 1784 4360">
     <span class='ocr_line' id='line_1_45' title="bbox 214 4290 1784 4360; baseline 0.001 -14"><span class='ocrx_word' id='word_1_321' title='bbox 214 4290 544 4360; x_wconf 89' lang='lat' dir='ltr'><strong>appetebat:</strong></span> <span class='ocrx_word' id='word_1_322' title='bbox 577 4297 633 4344; x_wconf 91' lang='lat' dir='ltr'><strong>et</strong></span> <span class='ocrx_word' id='word_1_323' title='bbox 672 4305 908 4344; x_wconf 90' lang='lat' dir='ltr'><strong>amorem</strong></span> <span class='ocrx_word' id='word_1_324' title='bbox 954 4290 1179 4344; x_wconf 90' lang='lat' dir='ltr'><strong>filiorum</strong></span> <span class='ocrx_word' id='word_1_325' title='bbox 1245 4291 1449 4360; x_wconf 87' lang='lat' dir='ltr'><strong>majore</strong></span> <span class='ocrx_word' id='word_1_326' title='bbox 1510 4292 1562 4346; x_wconf 92' lang='lat' dir='ltr'><strong>in</strong></span> <span class='ocrx_word' id='word_1_327' title='bbox 1617 4291 1784 4347; x_wconf 90' lang='lat' dir='ltr'><strong>Deum</strong></span> 
     </span>
    </p>
   </div>
   <div class='ocr_carea' id='block_1_46' title="bbox 216 4379 1786 4452">
    <p class='ocr_par' dir='ltr' id='par_1_46' title="bbox 216 4379 1786 4452">
     <span class='ocr_line' id='line_1_46' title="bbox 216 4379 1786 4452; baseline 0.001 -18"><span class='ocrx_word' id='word_1_328' title='bbox 216 4395 398 4435; x_wconf 86' lang='lat' dir='ltr'><strong>amore</strong></span> <span class='ocrx_word' id='word_1_329' title='bbox 422 4389 788 4446; x_wconf 89' lang='lat' dir='ltr'><strong>contemnens,</strong></span> <span class='ocrx_word' id='word_1_330' title='bbox 818 4380 870 4433; x_wconf 92' lang='lat' dir='ltr'><strong>in</strong></span> <span class='ocrx_word' id='word_1_331' title='bbox 891 4380 1004 4434; x_wconf 89' lang='lat' dir='ltr'><strong>sola</strong></span> <span class='ocrx_word' id='word_1_332' title='bbox 1034 4379 1342 4447; x_wconf 89' lang='lat' dir='ltr'><strong>Eustochio,</strong></span> <span class='ocrx_word' id='word_1_333' title='bbox 1368 4395 1486 4450; x_wconf 84' lang='lat' dir='ltr'><strong>quae</strong></span> <span class='ocrx_word' id='word_1_334' title='bbox 1511 4391 1565 4436; x_wconf 89' lang='lat' dir='ltr'><strong>et</strong></span> <span class='ocrx_word' id='word_1_335' title='bbox 1591 4395 1786 4452; x_wconf 83' lang='lat' dir='ltr'><strong>propo—</strong></span> 
     </span>
    </p>
   </div>
   <div class='ocr_carea' id='block_1_47' title="bbox 217 4467 1774 4538">
    <p class='ocr_par' dir='ltr' id='par_1_47' title="bbox 217 4467 1774 4538">
     <span class='ocr_line' id='line_1_47' title="bbox 217 4467 1774 4538; baseline 0 -14"><span class='ocrx_word' id='word_1_336' title='bbox 217 4470 305 4524; x_wconf 85' lang='lat' dir='ltr'><strong>siti</strong></span> <span class='ocrx_word' id='word_1_337' title='bbox 344 4479 397 4523; x_wconf 92' lang='lat' dir='ltr'><strong>et</strong></span> <span class='ocrx_word' id='word_1_338' title='bbox 434 4469 789 4538; x_wconf 88' lang='lat' dir='ltr'><strong>navigationis</strong></span> <span class='ocrx_word' id='word_1_339' title='bbox 821 4467 937 4536; x_wconf 89' lang='lat' dir='ltr'><strong>ejus</strong></span> <span class='ocrx_word' id='word_1_340' title='bbox 966 4482 1149 4523; x_wconf 90' lang='lat' dir='ltr'><strong>comes</strong></span> <span class='ocrx_word' id='word_1_341' title='bbox 1175 4478 1290 4524; x_wconf 88' lang='lat' dir='ltr'><strong>erat</strong></span> <span class='ocrx_word' id='word_1_342' title='bbox 1321 4509 1336 4534; x_wconf 91' lang='lat'><strong>,</strong></span> <span class='ocrx_word' id='word_1_343' title='bbox 1385 4470 1774 4538; x_wconf 89' lang='lat' dir='ltr'><strong>acquiescebat.</strong></span> 
     </span>
    </p>
   </div>
   <div class='ocr_carea' id='block_1_48' title="bbox 217 4557 1784 4627">
    <p class='ocr_par' dir='ltr' id='par_1_48' title="bbox 217 4557 1784 4627">
     <span class='ocr_line' id='line_1_48' title="bbox 217 4557 1784 4627; baseline -0.003 -12"><span class='ocrx_word' id='word_1_344' title='bbox 217 4561 467 4615; x_wconf 86' lang='lat' dir='ltr'><strong>Sulcabat</strong></span> <span class='ocrx_word' id='word_1_345' title='bbox 507 4559 717 4613; x_wconf 88' lang='lat' dir='ltr'><strong>interim</strong></span> <span class='ocrx_word' id='word_1_346' title='bbox 748 4557 899 4611; x_wconf 87' lang='lat' dir='ltr'><strong>navis</strong></span> <span class='ocrx_word' id='word_1_347' title='bbox 927 4571 1075 4611; x_wconf 91' lang='lat' dir='ltr'><strong>mare</strong></span> <span class='ocrx_word' id='word_1_348' title='bbox 1101 4597 1116 4622; x_wconf 90' lang='lat'><strong>,</strong></span> <span class='ocrx_word' id='word_1_349' title='bbox 1153 4566 1206 4611; x_wconf 92' lang='lat' dir='ltr'><strong>et</strong></span> <span class='ocrx_word' id='word_1_350' title='bbox 1230 4559 1434 4613; x_wconf 87' lang='lat' dir='ltr'><strong>cunctis</strong></span> <span class='ocrx_word' id='word_1_351' title='bbox 1461 4559 1551 4627; x_wconf 89' lang='lat' dir='ltr'><strong>qui</strong></span> <span class='ocrx_word' id='word_1_352' title='bbox 1575 4574 1695 4613; x_wconf 88' lang='lat' dir='ltr'><strong>cum</strong></span> <span class='ocrx_word' id='word_1_353' title='bbox 1721 4573 1784 4614; x_wconf 89' lang='lat' dir='ltr'><strong>ea</strong></span> 
     </span>
    </p>
   </div>
   <div class='ocr_carea' id='block_1_49' title="bbox 219 4647 1786 4718">
    <p class='ocr_par' dir='ltr' id='par_1_49' title="bbox 219 4647 1786 4718">
     <span class='ocr_line' id='line_1_49' title="bbox 219 4647 1786 4718; baseline 0 -14"><span class='ocrx_word' id='word_1_354' title='bbox 219 4651 544 4705; x_wconf 83' lang='lat' dir='ltr'><strong>vehebantur</strong></span> <span class='ocrx_word' id='word_1_355' title='bbox 561 4650 734 4704; x_wconf 91' lang='lat' dir='ltr'><strong>littora</strong></span> <span class='ocrx_word' id='word_1_356' title='bbox 749 4647 1158 4718; x_wconf 85' lang='lat' dir='ltr'><strong>respicientibus</strong></span> <span class='ocrx_word' id='word_1_357' title='bbox 1177 4649 1310 4716; x_wconf 87' lang='lat' dir='ltr'><strong>,ipsa</strong></span> <span class='ocrx_word' id='word_1_358' title='bbox 1335 4663 1551 4703; x_wconf 91' lang='lat' dir='ltr'><strong>aversos</strong></span> <span class='ocrx_word' id='word_1_359' title='bbox 1573 4650 1786 4704; x_wconf 87' lang='lat' dir='ltr'><strong>tenebat</strong></span> 
     </span>
    </p>
   </div>
   <div class='ocr_carea' id='block_1_50' title="bbox 220 4737 1784 4808">
    <p class='ocr_par' dir='ltr' id='par_1_50' title="bbox 220 4737 1784 4808">
     <span class='ocr_line' id='line_1_50' title="bbox 220 4737 1784 4808; baseline 0.001 -15"><span class='ocrx_word' id='word_1_360' title='bbox 220 4740 421 4805; x_wconf 90' lang='lat' dir='ltr'><strong>oculos,</strong></span> <span class='ocrx_word' id='word_1_361' title='bbox 440 4754 508 4794; x_wconf 90' lang='lat' dir='ltr'><strong>ne</strong></span> <span class='ocrx_word' id='word_1_362' title='bbox 519 4738 722 4794; x_wconf 90' lang='lat' dir='ltr'><strong>videret</strong></span> <span class='ocrx_word' id='word_1_363' title='bbox 740 4753 874 4808; x_wconf 90' lang='lat' dir='ltr'><strong>quos</strong></span> <span class='ocrx_word' id='word_1_364' title='bbox 896 4737 1011 4792; x_wconf 83' lang='lat' dir='ltr'><strong>sine</strong></span> <span class='ocrx_word' id='word_1_365' title='bbox 1033 4747 1296 4792; x_wconf 89' lang='lat' dir='ltr'><strong>tormento</strong></span> <span class='ocrx_word' id='word_1_366' title='bbox 1315 4737 1493 4792; x_wconf 86' lang='lat' dir='ltr'><strong>videre</strong></span> <span class='ocrx_word' id='word_1_367' title='bbox 1510 4753 1614 4793; x_wconf 92' lang='lat' dir='ltr'><strong>non</strong></span> <span class='ocrx_word' id='word_1_368' title='bbox 1632 4747 1784 4808; x_wconf 84' lang='lat' dir='ltr'><strong>pote-</strong></span> 
     </span>
    </p>
   </div>
   <div class='ocr_carea' id='block_1_51' title="bbox 283 4927 1781 4992">
    <p class='ocr_par' dir='ltr' id='par_1_51' title="bbox 283 4927 1781 4992">
     <span class='ocr_line' id='line_1_51' title="bbox 283 4927 1781 4992; baseline 0.003 -16"><span class='ocrx_word' id='word_1_369' title='bbox 283 4929 354 4987; x_wconf 81' lang='lat' dir='ltr'><strong>(a)</strong></span> <span class='ocrx_word' id='word_1_370' title='bbox 370 4929 495 4992; x_wconf 66' lang='grc' dir='ltr'><strong>⁸Βιιο</strong></span> <span class='ocrx_word' id='word_1_371' title='bbox 515 4929 652 4992; x_wconf 84' lang='lat' dir='ltr'><strong>codd.</strong></span> <span class='ocrx_word' id='word_1_372' title='bbox 688 4929 794 4992; x_wconf 77' lang='lat' dir='ltr'><strong>quis</strong></span> <span class='ocrx_word' id='word_1_373' title='bbox 813 4927 1106 4992; x_wconf 79' lang='lat' dir='ltr'><strong>clericorum</strong></span> <span class='ocrx_word' id='word_1_374' title='bbox 1140 4943 1228 4992; x_wconf 86' lang='lat' dir='ltr'><strong>pro</strong></span> <span class='ocrx_word' id='word_1_375' title='bbox 1250 4928 1529 4978; x_wconf 65' lang='lat' dir='ltr'><strong>clhricorum</strong></span> <span class='ocrx_word' id='word_1_376' title='bbox 1552 4943 1564 4978; x_wconf 93' lang='lat'><strong>:</strong></span> <span class='ocrx_word' id='word_1_377' title='bbox 1591 4932 1781 4992; x_wconf 79' lang='lat' dir='ltr'><strong>vitiose.</strong></span> 
     </span>
    </p>
   </div>
   <div class='ocr_carea' id='block_1_52' title="bbox 244 4989 1780 5051">
    <p class='ocr_par' dir='ltr' id='par_1_52' title="bbox 244 4989 1780 5051">
     <span class='ocr_line' id='line_1_52' title="bbox 244 4989 1780 5051; baseline 0.003 -15"><span class='ocrx_word' id='word_1_378' title='bbox 244 4993 246 4995; x_wconf 75' lang='grc'><em>’</em></span> <span class='ocrx_word' id='word_1_379' title='bbox 281 4991 352 5048; x_wconf 70' lang='lat' dir='ltr'><strong>(ti)</strong></span> <span class='ocrx_word' id='word_1_380' title='bbox 369 4989 568 5049; x_wconf 63' lang='lat' dir='ltr'><strong>Reginae</strong></span> <span class='ocrx_word' id='word_1_381' title='bbox 578 4989 718 5051; x_wconf 78' lang='lat' dir='ltr'><strong>alter,</strong></span> <span class='ocrx_word' id='word_1_382' title='bbox 733 4989 1044 5051; x_wconf 80' lang='lat' dir='ltr'><strong>frequentiam</strong></span> <span class='ocrx_word' id='word_1_383' title='bbox 1052 4989 1301 5046; x_wconf 78' lang='lat' dir='ltr'><strong>sustinere,</strong></span> <span class='ocrx_word' id='word_1_384' title='bbox 1314 5001 1421 5051; x_wconf 63' lang='lat' dir='ltr'><strong>mae</strong></span> <span class='ocrx_word' id='word_1_385' title='bbox 1435 4989 1780 5051; x_wconf 78' lang='lat' dir='ltr'><strong>mwrebat,etc.</strong></span> 
     </span>
    </p>
   </div>
   <div class='ocr_carea' id='block_1_53' title="bbox 286 5049 1784 5112">
    <p class='ocr_par' dir='ltr' id='par_1_53' title="bbox 286 5049 1784 5112">
     <span class='ocr_line' id='line_1_53' title="bbox 286 5049 1784 5112; baseline 0.001 -14"><span class='ocrx_word' id='word_1_386' title='bbox 286 5054 354 5111; x_wconf 61' lang='grc' dir='ltr'><strong>(ιτ)</strong></span> <span class='ocrx_word' id='word_1_387' title='bbox 376 5051 511 5112; x_wconf 67' lang='grc' dir='ltr'><strong>ΔΙίιιιι</strong></span> <span class='ocrx_word' id='word_1_388' title='bbox 543 5049 599 5112; x_wconf 68' lang='lat' dir='ltr'><strong>ad</strong></span> <span class='ocrx_word' id='word_1_389' title='bbox 625 5049 878 5112; x_wconf 65' lang='lat' dir='ltr'><strong>“munitam</strong></span> <span class='ocrx_word' id='word_1_390' title='bbox 894 5051 1150 5112; x_wconf 13' lang='lat' dir='ltr'><strong>,Synodum</strong></span> <span class='ocrx_word' id='word_1_391' title='bbox 1172 5050 1284 5112; x_wconf 85' lang='lat' dir='ltr'><strong>anni</strong></span> <span class='ocrx_word' id='word_1_392' title='bbox 1306 5049 1398 5097; x_wconf 75' lang='grc'><strong>582</strong></span> <span class='ocrx_word' id='word_1_393' title='bbox 1428 5051 1661 5112; x_wconf 70' lang='lat' dir='ltr'><strong>qu:e___sub</strong></span> <span class='ocrx_word' id='word_1_394' title='bbox 1681 5050 1784 5112; x_wconf 83' lang='lat' dir='ltr'><strong>Da-</strong></span> 
     </span>
    </p>
   </div>
   <div class='ocr_carea' id='block_1_54' title="bbox 225 5108 1783 5171">
    <p class='ocr_par' dir='ltr' id='par_1_54' title="bbox 225 5108 1783 5171">
     <span class='ocr_line' id='line_1_54' title="bbox 225 5108 1783 5171; baseline -0.001 -11"><span class='ocrx_word' id='word_1_395' title='bbox 225 5108 350 5160; x_wconf 68' lang='lat' dir='ltr'><strong>reaso</strong></span> <span class='ocrx_word' id='word_1_396' title='bbox 374 5109 498 5170; x_wconf 61' lang='lat' dir='ltr'><strong>l’aja</strong></span> <span class='ocrx_word' id='word_1_397' title='bbox 517 5145 529 5168; x_wconf 97' lang='lat'><strong>,</strong></span> <span class='ocrx_word' id='word_1_398' title='bbox 557 5108 791 5165; x_wconf 84' lang='lat' dir='ltr'><strong>Gratiani,</strong></span> <span class='ocrx_word' id='word_1_399' title='bbox 819 5108 1136 5159; x_wconf 64' lang='lat' dir='ltr'><strong>Valentiniani</strong></span> <span class='ocrx_word' id='word_1_400' title='bbox 1171 5111 1409 5171; x_wconf 65' lang='lat' dir='ltr'><strong>junioris,</strong></span> <span class='ocrx_word' id='word_1_401' title='bbox 1439 5108 1496 5157; x_wconf 85' lang='lat' dir='ltr'><strong>ac</strong></span> <span class='ocrx_word' id='word_1_402' title='bbox 1526 5109 1783 5171; x_wconf 60' lang='lat' dir='ltr'><strong>Theodosii</strong></span> 
     </span>
    </p>
   </div>
   <div class='ocr_carea' id='block_1_55' title="bbox 212 5168 1784 5232">
    <p class='ocr_par' dir='ltr' id='par_1_55' title="bbox 212 5168 1784 5232">
     <span class='ocr_line' id='line_1_55' title="bbox 212 5168 1784 5232; baseline 0 -15"><span class='ocrx_word' id='word_1_403' title='bbox 212 5172 426 5231; x_wconf 66' lang='grc' dir='ltr'><strong>μιδεὶυυε</strong></span> <span class='ocrx_word' id='word_1_404' title='bbox 444 5168 606 5232; x_wconf 78' lang='lat' dir='ltr'><strong>coacta</strong></span> <span class='ocrx_word' id='word_1_405' title='bbox 631 5178 705 5217; x_wconf 86' lang='lat' dir='ltr'><strong>est</strong></span> <span class='ocrx_word' id='word_1_406' title='bbox 725 5170 783 5219; x_wconf 90' lang='lat' dir='ltr'><strong>ad</strong></span> <span class='ocrx_word' id='word_1_407' title='bbox 815 5168 1192 5232; x_wconf 77' lang='lat' dir='ltr'><strong>compescendas</strong></span> <span class='ocrx_word' id='word_1_408' title='bbox 1215 5169 1529 5232; x_wconf 62' lang='lat' dir='ltr'><strong>Antiocheam</strong></span> <span class='ocrx_word' id='word_1_409' title='bbox 1553 5168 1784 5232; x_wconf 67' lang='lat' dir='ltr'><strong>Ecclesiae</strong></span> 
     </span>
    </p>
   </div>
   <div class='ocr_carea' id='block_1_56' title="bbox 219 5228 1785 5302">
    <p class='ocr_par' dir='ltr' id='par_1_56' title="bbox 219 5228 1785 5302">
     <span class='ocr_line' id='line_1_56' title="bbox 219 5228 1785 5302; baseline 0 -25"><span class='ocrx_word' id='word_1_410' title='bbox 219 5228 423 5302; x_wconf 40' lang='lat' dir='ltr'><strong>turbas,</strong></span> <span class='ocrx_word' id='word_1_411' title='bbox 441 5230 775 5302; x_wconf 38' lang='lat' dir='ltr'><strong>lac-tionesque</strong></span> <span class='ocrx_word' id='word_1_412' title='bbox 803 5228 1136 5302; x_wconf 63' lang='lat' dir='ltr'><strong>episeOpQrum</strong></span> <span class='ocrx_word' id='word_1_413' title='bbox 1155 5231 1406 5302; x_wconf 53' lang='lat' dir='ltr'><strong>,quieam</strong></span> <span class='ocrx_word' id='word_1_414' title='bbox 1428 5228 1576 5302; x_wconf 68' lang='lat' dir='ltr'><strong>simul</strong></span> <span class='ocrx_word' id='word_1_415' title='bbox 1591 5230 1785 5300; x_wconf 76' lang='lat' dir='ltr'><strong>obtine-</strong></span> 
     </span>
    </p>
   </div>
   <div class='ocr_carea' id='block_1_57' title="bbox 217 5289 1786 5357">
    <p class='ocr_par' dir='ltr' id='par_1_57' title="bbox 217 5289 1786 5357">
     <span class='ocr_line' id='line_1_57' title="bbox 217 5289 1786 5357; baseline -0.001 -18"><span class='ocrx_word' id='word_1_416' title='bbox 217 5293 333 5339; x_wconf 82' lang='lat' dir='ltr'><strong>bant</strong></span> <span class='ocrx_word' id='word_1_417' title='bbox 352 5328 365 5350; x_wconf 96' lang='lat'><strong>,</strong></span> <span class='ocrx_word' id='word_1_418' title='bbox 387 5291 600 5357; x_wconf 76' lang='lat' dir='ltr'><strong>Paulini,</strong></span> <span class='ocrx_word' id='word_1_419' title='bbox 637 5289 699 5338; x_wconf 83' lang='lat' dir='ltr'><strong>et</strong></span> <span class='ocrx_word' id='word_1_420' title='bbox 722 5289 980 5357; x_wconf 49' lang='lat' dir='ltr'><strong>Flaviani.‘</strong></span> <span class='ocrx_word' id='word_1_421' title='bbox 998 5293 1078 5340; x_wconf 88' lang='lat' dir='ltr'><strong>Sic</strong></span> <span class='ocrx_word' id='word_1_422' title='bbox 1099 5289 1254 5351; x_wconf 84' lang='lat' dir='ltr'><strong>Epist.</strong></span> <span class='ocrx_word' id='word_1_423' title='bbox 1280 5289 1368 5338; x_wconf 73' lang='grc'><strong>127</strong></span> <span class='ocrx_word' id='word_1_424' title='bbox 1405 5289 1464 5337; x_wconf 86' lang='lat' dir='ltr'><strong>ad</strong></span> <span class='ocrx_word' id='word_1_425' title='bbox 1499 5289 1786 5357; x_wconf 72' lang='lat' dir='ltr'><strong>Principiam</strong></span> 
     </span>
    </p>
   </div>
   <div class='ocr_carea' id='block_1_58' title="bbox 218 5353 1784 5412">
    <p class='ocr_par' dir='ltr' id='par_1_58' title="bbox 218 5353 1784 5412">
     <span class='ocr_line' id='line_1_58' title="bbox 218 5353 1784 5412; baseline 0.001 -15"><span class='ocrx_word' id='word_1_426' title='bbox 218 5365 348 5412; x_wconf 82' lang='lat' dir='ltr'><strong>mnu.</strong></span> <span class='ocrx_word' id='word_1_427' title='bbox 386 5353 460 5401; x_wconf 82' lang='lat' dir='ltr'><strong>to.</strong></span> <span class='ocrx_word' id='word_1_428' title='bbox 494 5360 611 5400; x_wconf 68' lang='lat' dir='ltr'><strong>Cum</strong></span> <span class='ocrx_word' id='word_1_429' title='bbox 632 5358 677 5398; x_wconf 89' lang='lat' dir='ltr'><strong>et</strong></span> <span class='ocrx_word' id='word_1_430' title='bbox 701 5363 774 5400; x_wconf 85' lang='lat' dir='ltr'><strong>me</strong></span> <span class='ocrx_word' id='word_1_431' title='bbox 797 5387 809 5410; x_wconf 91' lang='lat'><strong>,</strong></span> <span class='ocrx_word' id='word_1_432' title='bbox 836 5353 1016 5412; x_wconf 83' lang='lat' dir='ltr'><strong>inquit,</strong></span> <span class='ocrx_word' id='word_1_433' title='bbox 1057 5359 1251 5412; x_wconf 79' lang='lat' dir='ltr'><strong>Romam</strong></span> <span class='ocrx_word' id='word_1_434' title='bbox 1278 5362 1394 5412; x_wconf 80' lang='lat' dir='ltr'><strong>cum</strong></span> <span class='ocrx_word' id='word_1_435' title='bbox 1423 5353 1598 5400; x_wconf 75' lang='lat' dir='ltr'><strong>sanctis</strong></span> <span class='ocrx_word' id='word_1_436' title='bbox 1627 5353 1784 5398; x_wconf 81' lang='lat' dir='ltr'><strong>Ponti-</strong></span> 
     </span>
    </p>
   </div>
   <div class='ocr_carea' id='block_1_59' title="bbox 215 5410 1786 5482">
    <p class='ocr_par' dir='ltr' id='par_1_59' title="bbox 215 5410 1786 5482">
     <span class='ocr_line' id='line_1_59' title="bbox 215 5410 1786 5482; baseline 0.001 -24"><span class='ocrx_word' id='word_1_437' title='bbox 215 5410 385 5482; x_wconf 56' lang='lat' dir='ltr'><strong>ﬁcibus</strong></span> <span class='ocrx_word' id='word_1_438' title='bbox 409 5412 606 5462; x_wconf 78' lang='lat' dir='ltr'><strong>Paulino</strong></span> <span class='ocrx_word' id='word_1_439' title='bbox 624 5447 638 5470; x_wconf 93' lang='lat'><strong>,</strong></span> <span class='ocrx_word' id='word_1_440' title='bbox 665 5419 710 5461; x_wconf 84' lang='lat' dir='ltr'><strong>et</strong></span> <span class='ocrx_word' id='word_1_441' title='bbox 732 5410 995 5474; x_wconf 79' lang='lat' dir='ltr'><strong>Epiphanio</strong></span> <span class='ocrx_word' id='word_1_442' title='bbox 1017 5410 1346 5461; x_wconf 78' lang='lat' dir='ltr'><strong>Ecclesiastt&#39;ca</strong></span> <span class='ocrx_word' id='word_1_443' title='bbox 1381 5412 1606 5460; x_wconf 75' lang='lat' dir='ltr'><strong>traxisset</strong></span> <span class='ocrx_word' id='word_1_444' title='bbox 1627 5421 1786 5460; x_wconf 84' lang='lat' dir='ltr'><strong>neces-</strong></span> 
     </span>
    </p>
   </div>
   <div class='ocr_carea' id='block_1_60' title="bbox 215 5479 346 5523">
    <p class='ocr_par' dir='ltr' id='par_1_60' title="bbox 215 5479 346 5523">
     <span class='ocr_line' id='line_1_60' title="bbox 215 5479 346 5523; baseline -0.023 0"><span class='ocrx_word' id='word_1_445' title='bbox 215 5479 346 5523; x_wconf 75' lang='lat' dir='ltr'><strong>sitas.</strong></span> 
     </span>
    </p>
   </div>
   <div class='ocr_carea' id='block_1_61' title="bbox 281 5529 1784 5602">
    <p class='ocr_par' dir='ltr' id='par_1_61' title="bbox 281 5529 1784 5602">
     <span class='ocr_line' id='line_1_61' title="bbox 281 5529 1784 5602; baseline -0.001 -21"><span class='ocrx_word' id='word_1_446' title='bbox 281 5531 363 5602; x_wconf 35' lang='grc' dir='ltr'><strong>ςά),</strong></span> <span class='ocrx_word' id='word_1_447' title='bbox 391 5531 558 5602; x_wconf 73' lang='lat' dir='ltr'><strong>Regia:</strong></span> <span class='ocrx_word' id='word_1_448' title='bbox 581 5531 909 5602; x_wconf 55' lang='lat' dir='ltr'><strong>membranas,</strong></span> <span class='ocrx_word' id='word_1_449' title='bbox 942 5531 1195 5602; x_wconf 58' lang='lat' dir='ltr'><strong>aescendit</strong></span> <span class='ocrx_word' id='word_1_450' title='bbox 1230 5532 1296 5583; x_wconf 82' lang='lat' dir='ltr'><strong>ad</strong></span> <span class='ocrx_word' id='word_1_451' title='bbox 1329 5538 1517 5596; x_wconf 82' lang='lat' dir='ltr'><strong>portum</strong></span> <span class='ocrx_word' id='word_1_452' title='bbox 1534 5567 1548 5593; x_wconf 93' lang='lat'><strong>,</strong></span> <span class='ocrx_word' id='word_1_453' title='bbox 1574 5529 1784 5602; x_wconf 78' lang='lat' dir='ltr'><strong>cognatis</strong></span> 
     </span>
    </p>
   </div>
   <div class='ocr_carea' id='block_1_62' title="bbox 217 5592 1650 5658">
    <p class='ocr_par' dir='ltr' id='par_1_62' title="bbox 217 5592 1650 5658">
     <span class='ocr_line' id='line_1_62' title="bbox 217 5592 1650 5658; baseline 0.001 -16"><span class='ocrx_word' id='word_1_454' title='bbox 217 5592 577 5658; x_wconf 52' lang='grc' dir='ltr'><strong>αθῑηίὺωίυιο.</strong></span> <span class='ocrx_word' id='word_1_455' title='bbox 603 5595 788 5655; x_wconf 85' lang='lat' dir='ltr'><strong>absque</strong></span> <span class='ocrx_word' id='word_1_456' title='bbox 809 5592 976 5655; x_wconf 81' lang='lat' dir='ltr'><strong>fratris</strong></span> <span class='ocrx_word' id='word_1_457' title='bbox 999 5593 1247 5645; x_wconf 79' lang='lat' dir='ltr'><strong>vocabulo.</strong></span> <span class='ocrx_word' id='word_1_458' title='bbox 1329 5592 1338 5596; x_wconf 68' lang='grc'><strong><em>⁷</em></strong></span> <span class='ocrx_word' id='word_1_459' title='bbox 1536 5592 1541 5593; x_wconf 54' lang='grc'><strong>“</strong></span> <span class='ocrx_word' id='word_1_460' title='bbox 1632 5592 1650 5604; x_wconf 45' lang='grc' dir='ltr'><strong>ί</strong></span> 
     </span>
    </p>
   </div>
   <div class='ocr_carea' id='block_1_63' title="bbox 1549 253 2084 313">
    <p class='ocr_par' dir='ltr' id='par_1_63' title="bbox 1549 253 2084 313">
     <span class='ocr_line' id='line_1_63' title="bbox 1549 253 2084 313; baseline -0.007 -2"><span class='ocrx_word' id='word_1_461' title='bbox 1549 253 1870 313; x_wconf 72' lang='lat' dir='ltr'><strong>EPISTULA</strong></span> <span class='ocrx_word' id='word_1_462' title='bbox 1907 255 2084 310; x_wconf 66' lang='lat' dir='ltr'><strong>CVIII;</strong></span> 
     </span>
    </p>
   </div>
   <div class='ocr_carea' id='block_1_64' title="bbox 3351 218 3459 324">
    <p class='ocr_par' dir='ltr' id='par_1_64' title="bbox 3351 218 3459 324">
     <span class='ocr_line' id='line_1_64' title="bbox 3351 218 3459 324; baseline 0 -1"><span class='ocrx_word' id='word_1_463' title='bbox 3351 218 3459 324; x_wconf 61' lang='lat' dir='ltr'><strong>es;</strong></span> 
     </span>
    </p>
   </div>
   <div class='ocr_carea' id='block_1_65' title="bbox 1889 364 3448 445">
    <p class='ocr_par' dir='ltr' id='par_1_65' title="bbox 1889 364 3448 445">
     <span class='ocr_line' id='line_1_65' title="bbox 1889 364 3448 445; baseline 0.01 -26"><span class='ocrx_word' id='word_1_464' title='bbox 1889 374 1989 420; x_wconf 88' lang='lat' dir='ltr'><strong>rat.</strong></span> <span class='ocrx_word' id='word_1_465' title='bbox 2024 364 2236 430; x_wconf 87' lang='lat' dir='ltr'><strong>Fateor,</strong></span> <span class='ocrx_word' id='word_1_466' title='bbox 2266 365 2406 420; x_wconf 89' lang='lat' dir='ltr'><strong>nulla</strong></span> <span class='ocrx_word' id='word_1_467' title='bbox 2437 367 2513 420; x_wconf 91' lang='lat' dir='ltr'><strong>sic</strong></span> <span class='ocrx_word' id='word_1_468' title='bbox 2540 368 2738 422; x_wconf 88' lang='lat' dir='ltr'><strong>amavit</strong></span> <span class='ocrx_word' id='word_1_469' title='bbox 2766 367 2922 434; x_wconf 86' lang='lat' dir='ltr'><strong>filios,</strong></span> <span class='ocrx_word' id='word_1_470' title='bbox 2951 372 3141 441; x_wconf 89' lang='lat' dir='ltr'><strong>quibus</strong></span> <span class='ocrx_word' id='word_1_471' title='bbox 3165 383 3448 445; x_wconf 85' lang='lat' dir='ltr'><strong>anlcquaut</strong></span> 
     </span>
    </p>
   </div>
   <div class='ocr_carea' id='block_1_66' title="bbox 1892 452 3456 528">
    <p class='ocr_par' dir='ltr' id='par_1_66' title="bbox 1892 452 3456 528">
     <span class='ocr_line' id='line_1_66' title="bbox 1892 452 3456 528; baseline 0.008 -19"><span class='ocrx_word' id='word_1_472' title='bbox 1892 452 2356 522; x_wconf 81' lang='lat' dir='ltr'><strong>proficisceretur:</strong></span> <span class='ocrx_word' id='word_1_473' title='bbox 2430 455 2592 526; x_wconf 80' lang='lat'><strong>695</strong></span> <span class='ocrx_word' id='word_1_474' title='bbox 2666 465 2851 510; x_wconf 87' lang='lat' dir='ltr'><strong>cuneta</strong></span> <span class='ocrx_word' id='word_1_475' title='bbox 2869 457 3052 528; x_wconf 90' lang='lat' dir='ltr'><strong>largita</strong></span> <span class='ocrx_word' id='word_1_476' title='bbox 3074 464 3456 521; x_wconf 74' lang='lat' dir='ltr'><strong>cstzexhacre-</strong></span> 
     </span>
    </p>
   </div>
   <div class='ocr_carea' id='block_1_67' title="bbox 1889 543 3384 610">
    <p class='ocr_par' dir='ltr' id='par_1_67' title="bbox 1889 543 3384 610">
     <span class='ocr_line' id='line_1_67' title="bbox 1889 543 3384 610; baseline 0.008 -14"><span class='ocrx_word' id='word_1_477' title='bbox 1889 543 2023 597; x_wconf 86' lang='lat' dir='ltr'><strong>dans</strong></span> <span class='ocrx_word' id='word_1_478' title='bbox 2051 558 2110 597; x_wconf 91' lang='lat' dir='ltr'><strong>se</strong></span> <span class='ocrx_word' id='word_1_479' title='bbox 2131 544 2183 597; x_wconf 93' lang='lat' dir='ltr'><strong>in</strong></span> <span class='ocrx_word' id='word_1_480' title='bbox 2209 553 2367 608; x_wconf 92' lang='lat' dir='ltr'><strong>terra,</strong></span> <span class='ocrx_word' id='word_1_481' title='bbox 2398 553 2454 598; x_wconf 91' lang='lat' dir='ltr'><strong>et</strong></span> <span class='ocrx_word' id='word_1_482' title='bbox 2481 544 2843 602; x_wconf 78' lang='lat' dir='ltr'><strong>hzereditatem</strong></span> <span class='ocrx_word' id='word_1_483' title='bbox 2866 548 3126 604; x_wconf 84' lang='lat' dir='ltr'><strong>inveniret</strong></span> <span class='ocrx_word' id='word_1_484' title='bbox 3144 552 3196 605; x_wconf 91' lang='lat' dir='ltr'><strong>in</strong></span> <span class='ocrx_word' id='word_1_485' title='bbox 3223 555 3384 610; x_wconf 73' lang='lat' dir='ltr'><strong>coelo.</strong></span> 
     </span>
    </p>
   </div>
   <div class='ocr_carea' id='block_1_68' title="bbox 1962 632 3457 709">
    <p class='ocr_par' dir='ltr' id='par_1_68' title="bbox 1962 632 3457 709">
     <span class='ocr_line' id='line_1_68' title="bbox 1962 632 3457 709; baseline 0.009 -22"><span class='ocrx_word' id='word_1_486' title='bbox 1962 633 2015 687; x_wconf 91' lang='lat'><strong>7.</strong></span> <span class='ocrx_word' id='word_1_487' title='bbox 2041 633 2223 688; x_wconf 87' lang='lat' dir='ltr'><strong>Delata</strong></span> <span class='ocrx_word' id='word_1_488' title='bbox 2255 633 2326 688; x_wconf 90' lang='lat' dir='ltr'><strong>ad</strong></span> <span class='ocrx_word' id='word_1_489' title='bbox 2367 632 2442 704; x_wconf 70' lang='lat' dir='ltr'><strong>(ei</strong></span> <span class='ocrx_word' id='word_1_490' title='bbox 2471 635 2695 690; x_wconf 91' lang='lat' dir='ltr'><strong>insulam</strong></span> <span class='ocrx_word' id='word_1_491' title='bbox 2725 637 2968 692; x_wconf 90' lang='lat' dir='ltr'><strong>Pontiam</strong></span> <span class='ocrx_word' id='word_1_492' title='bbox 2991 681 3005 705; x_wconf 94' lang='lat'><strong>,</strong></span> <span class='ocrx_word' id='word_1_493' title='bbox 3043 655 3201 709; x_wconf 90' lang='lat' dir='ltr'><strong>quam</strong></span> <span class='ocrx_word' id='word_1_494' title='bbox 3227 644 3457 701; x_wconf 86' lang='lat' dir='ltr'><strong>clarissi-</strong></span> 
     </span>
    </p>
   </div>
   <div class='ocr_carea' id='block_1_69' title="bbox 1891 722 3457 804">
    <p class='ocr_par' dir='ltr' id='par_1_69' title="bbox 1891 722 3457 804">
     <span class='ocr_line' id='line_1_69' title="bbox 1891 722 3457 804; baseline 0.009 -29"><span class='ocrx_word' id='word_1_495' title='bbox 1891 737 1993 776; x_wconf 67' lang='lat' dir='ltr'><strong>ma:</strong></span> <span class='ocrx_word' id='word_1_496' title='bbox 2018 722 2284 792; x_wconf 90' lang='lat' dir='ltr'><strong>quondam</strong></span> <span class='ocrx_word' id='word_1_497' title='bbox 2315 723 2628 780; x_wconf 88' lang='lat' dir='ltr'><strong>feminarum</strong></span> <span class='ocrx_word' id='word_1_498' title='bbox 2651 725 2751 780; x_wconf 91' lang='lat' dir='ltr'><strong>sub</strong></span> <span class='ocrx_word' id='word_1_499' title='bbox 2777 727 3075 783; x_wconf 90' lang='lat' dir='ltr'><strong>Domitiano</strong></span> <span class='ocrx_word' id='word_1_500' title='bbox 3105 730 3346 802; x_wconf 86' lang='lat' dir='ltr'><strong>Principe</strong></span> <span class='ocrx_word' id='word_1_501' title='bbox 3365 750 3457 804; x_wconf 90' lang='lat' dir='ltr'><strong>pro</strong></span> 
     </span>
    </p>
   </div>
   <div class='ocr_carea' id='block_1_70' title="bbox 1889 810 3448 888">
    <p class='ocr_par' dir='ltr' id='par_1_70' title="bbox 1889 810 3448 888">
     <span class='ocr_line' id='line_1_70' title="bbox 1889 810 3448 888; baseline 0.004 -21"><span class='ocrx_word' id='word_1_502' title='bbox 1889 810 2225 867; x_wconf 89' lang='lat' dir='ltr'><strong>confessione</strong></span> <span class='ocrx_word' id='word_1_503' title='bbox 2248 814 2480 869; x_wconf 89' lang='lat' dir='ltr'><strong>nominis</strong></span> <span class='ocrx_word' id='word_1_504' title='bbox 2503 813 2811 884; x_wconf 84' lang='lat' dir='ltr'><strong>Christiani,</strong></span> <span class='ocrx_word' id='word_1_505' title='bbox 2829 817 3027 874; x_wconf 65' lang='lat' dir='ltr'><strong>Flaviae</strong></span> <span class='ocrx_word' id='word_1_506' title='bbox 3057 820 3337 877; x_wconf 82' lang='lat' dir='ltr'><strong>Domitillae</strong></span> <span class='ocrx_word' id='word_1_507' title='bbox 3362 841 3448 888; x_wconf 50' lang='lat' dir='ltr'><strong>nn.</strong></span> 
     </span>
    </p>
   </div>
   <div class='ocr_carea' id='block_1_71' title="bbox 1890 901 3457 981">
    <p class='ocr_par' dir='ltr' id='par_1_71' title="bbox 1890 901 3457 981">
     <span class='ocr_line' id='line_1_71' title="bbox 1890 901 3457 981; baseline 0.008 -25"><span class='ocrx_word' id='word_1_508' title='bbox 1890 901 2118 956; x_wconf 88' lang='lat' dir='ltr'><strong>bilitavit</strong></span> <span class='ocrx_word' id='word_1_509' title='bbox 2151 902 2410 967; x_wconf 81' lang='lat' dir='ltr'><strong>exilium;</strong></span> <span class='ocrx_word' id='word_1_510' title='bbox 2440 905 2732 975; x_wconf 86' lang='lat' dir='ltr'><strong>vidensque</strong></span> <span class='ocrx_word' id='word_1_511' title='bbox 2777 907 2998 963; x_wconf 87' lang='lat' dir='ltr'><strong>cellulas</strong></span> <span class='ocrx_word' id='word_1_512' title='bbox 3039 910 3092 964; x_wconf 91' lang='lat' dir='ltr'><strong>in</strong></span> <span class='ocrx_word' id='word_1_513' title='bbox 3135 912 3326 981; x_wconf 90' lang='lat' dir='ltr'><strong>quibus</strong></span> <span class='ocrx_word' id='word_1_514' title='bbox 3367 915 3457 970; x_wconf 90' lang='lat' dir='ltr'><strong>illa</strong></span> 
     </span>
    </p>
   </div>
   <div class='ocr_carea' id='block_1_72' title="bbox 1891 991 3460 1066">
    <p class='ocr_par' dir='ltr' id='par_1_72' title="bbox 1891 991 3460 1066">
     <span class='ocr_line' id='line_1_72' title="bbox 1891 991 3460 1066; baseline 0.009 -22"><span class='ocrx_word' id='word_1_515' title='bbox 1891 991 2106 1066; x_wconf 86' lang='lat' dir='ltr'><strong>longum</strong></span> <span class='ocrx_word' id='word_1_516' title='bbox 2132 991 2445 1062; x_wconf 87' lang='lat' dir='ltr'><strong>martyrium</strong></span> <span class='ocrx_word' id='word_1_517' title='bbox 2480 992 2704 1048; x_wconf 88' lang='lat' dir='ltr'><strong>duxerat</strong></span> <span class='ocrx_word' id='word_1_518' title='bbox 2740 997 2964 1064; x_wconf 86' lang='lat' dir='ltr'><strong>sumptis</strong></span> <span class='ocrx_word' id='word_1_519' title='bbox 2995 997 3116 1054; x_wconf 80' lang='lat' dir='ltr'><strong>fidei</strong></span> <span class='ocrx_word' id='word_1_520' title='bbox 3143 1001 3275 1066; x_wconf 91' lang='lat' dir='ltr'><strong>alis,</strong></span> <span class='ocrx_word' id='word_1_521' title='bbox 3308 1002 3460 1057; x_wconf 84' lang='lat' dir='ltr'><strong>Jero-</strong></span> 
     </span>
    </p>
   </div>
   <div class='ocr_carea' id='block_1_73' title="bbox 1890 1081 3459 1158">
    <p class='ocr_par' dir='ltr' id='par_1_73' title="bbox 1890 1081 3459 1158">
     <span class='ocr_line' id='line_1_73' title="bbox 1890 1081 3459 1158; baseline 0.008 -23"><span class='ocrx_word' id='word_1_522' title='bbox 1890 1081 2148 1153; x_wconf 87' lang='lat' dir='ltr'><strong>solymam</strong></span> <span class='ocrx_word' id='word_1_523' title='bbox 2171 1092 2224 1138; x_wconf 90' lang='lat' dir='ltr'><strong>et</strong></span> <span class='ocrx_word' id='word_1_524' title='bbox 2248 1093 2430 1139; x_wconf 87' lang='lat' dir='ltr'><strong>sancta</strong></span> <span class='ocrx_word' id='word_1_525' title='bbox 2456 1084 2594 1139; x_wconf 87' lang='lat' dir='ltr'><strong>Loca</strong></span> <span class='ocrx_word' id='word_1_526' title='bbox 2621 1085 2800 1142; x_wconf 90' lang='lat' dir='ltr'><strong>videre</strong></span> <span class='ocrx_word' id='word_1_527' title='bbox 2826 1088 3092 1158; x_wconf 85' lang='lat' dir='ltr'><strong>cupiebat.</strong></span> <span class='ocrx_word' id='word_1_528' title='bbox 3121 1090 3281 1146; x_wconf 86' lang='lat' dir='ltr'><strong>Tardi</strong></span> <span class='ocrx_word' id='word_1_529' title='bbox 3309 1103 3459 1148; x_wconf 88' lang='lat' dir='ltr'><strong>erant</strong></span> 
     </span>
    </p>
   </div>
   <div class='ocr_carea' id='block_1_74' title="bbox 1889 1170 3459 1248">
    <p class='ocr_par' dir='ltr' id='par_1_74' title="bbox 1889 1170 3459 1248">
     <span class='ocr_line' id='line_1_74' title="bbox 1889 1170 3459 1248; baseline 0.008 -24"><span class='ocrx_word' id='word_1_530' title='bbox 1889 1170 2052 1235; x_wconf 90' lang='lat' dir='ltr'><strong>venti,</strong></span> <span class='ocrx_word' id='word_1_531' title='bbox 2075 1177 2130 1226; x_wconf 90' lang='lat' dir='ltr'><strong>et</strong></span> <span class='ocrx_word' id='word_1_532' title='bbox 2148 1172 2321 1227; x_wconf 92' lang='lat' dir='ltr'><strong>omnis</strong></span> <span class='ocrx_word' id='word_1_533' title='bbox 2349 1173 2494 1244; x_wconf 82' lang='lat' dir='ltr'><strong>pigra</strong></span> <span class='ocrx_word' id='word_1_534' title='bbox 2519 1174 2792 1229; x_wconf 88' lang='lat' dir='ltr'><strong>velocitas.</strong></span> <span class='ocrx_word' id='word_1_535' title='bbox 2824 1175 2964 1231; x_wconf 85' lang='lat' dir='ltr'><strong>Inter</strong></span> <span class='ocrx_word' id='word_1_536' title='bbox 2990 1176 3220 1248; x_wconf 85' lang='lat' dir='ltr'><strong>Scyllam</strong></span> <span class='ocrx_word' id='word_1_537' title='bbox 3247 1190 3298 1234; x_wconf 91' lang='lat' dir='ltr'><strong>et</strong></span> <span class='ocrx_word' id='word_1_538' title='bbox 3322 1180 3459 1238; x_wconf 88' lang='lat' dir='ltr'><strong>Cha-</strong></span> 
     </span>
    </p>
   </div>
   <div class='ocr_carea' id='block_1_75' title="bbox 1892 1261 3458 1342">
    <p class='ocr_par' dir='ltr' id='par_1_75' title="bbox 1892 1261 3458 1342">
     <span class='ocr_line' id='line_1_75' title="bbox 1892 1261 3458 1342; baseline 0.008 -28"><span class='ocrx_word' id='word_1_539' title='bbox 1892 1261 2098 1332; x_wconf 88' lang='lat' dir='ltr'><strong>rybdim</strong></span> <span class='ocrx_word' id='word_1_540' title='bbox 2127 1261 2401 1319; x_wconf 83' lang='lat' dir='ltr'><strong>Adriatico</strong></span> <span class='ocrx_word' id='word_1_541' title='bbox 2430 1279 2489 1319; x_wconf 91' lang='lat' dir='ltr'><strong>se</strong></span> <span class='ocrx_word' id='word_1_542' title='bbox 2517 1265 2741 1320; x_wconf 88' lang='lat' dir='ltr'><strong>credens</strong></span> <span class='ocrx_word' id='word_1_543' title='bbox 2779 1268 2965 1338; x_wconf 79' lang='lat' dir='ltr'><strong>pelago</strong></span> <span class='ocrx_word' id='word_1_544' title='bbox 2988 1309 3004 1335; x_wconf 92' lang='lat'><strong>,</strong></span> <span class='ocrx_word' id='word_1_545' title='bbox 3039 1271 3188 1340; x_wconf 89' lang='lat' dir='ltr'><strong>quasi</strong></span> <span class='ocrx_word' id='word_1_546' title='bbox 3221 1286 3317 1342; x_wconf 86' lang='lat' dir='ltr'><strong>per</strong></span> <span class='ocrx_word' id='word_1_547' title='bbox 3345 1282 3458 1327; x_wconf 85' lang='lat' dir='ltr'><strong>sta-</strong></span> 
     </span>
    </p>
   </div>
   <div class='ocr_carea' id='block_1_76' title="bbox 1889 1351 3455 1431">
    <p class='ocr_par' dir='ltr' id='par_1_76' title="bbox 1889 1351 3455 1431">
     <span class='ocr_line' id='line_1_76' title="bbox 1889 1351 3455 1431; baseline 0.01 -30"><span class='ocrx_word' id='word_1_548' title='bbox 1889 1363 2050 1417; x_wconf 91' lang='lat' dir='ltr'><strong>gnum</strong></span> <span class='ocrx_word' id='word_1_549' title='bbox 2081 1351 2225 1405; x_wconf 89' lang='lat' dir='ltr'><strong>venit</strong></span> <span class='ocrx_word' id='word_1_550' title='bbox 2249 1351 2534 1409; x_wconf 79' lang='lat' dir='ltr'><strong>Methonen</strong></span> <span class='ocrx_word' id='word_1_551' title='bbox 2567 1396 2582 1422; x_wconf 94' lang='lat'><strong>,</strong></span> <span class='ocrx_word' id='word_1_552' title='bbox 2627 1355 2804 1426; x_wconf 88' lang='lat' dir='ltr'><strong>ibique</strong></span> <span class='ocrx_word' id='word_1_553' title='bbox 2848 1356 3139 1415; x_wconf 87' lang='lat' dir='ltr'><strong>refocillato</strong></span> <span class='ocrx_word' id='word_1_554' title='bbox 3184 1361 3455 1431; x_wconf 89' lang='lat' dir='ltr'><strong>paululum</strong></span> 
     </span>
    </p>
   </div>
   <div class='ocr_carea' id='block_1_77' title="bbox 1889 1442 2227 1509">
    <p class='ocr_par' dir='ltr' id='par_1_77' title="bbox 1889 1442 2227 1509">
     <span class='ocr_line' id='line_1_77' title="bbox 1889 1442 2227 1509; baseline 0.012 -17"><span class='ocrx_word' id='word_1_555' title='bbox 1889 1442 2227 1509; x_wconf 90' lang='lat' dir='ltr'><strong>corpusculo,</strong></span> 
     </span>
    </p>
   </div>
   <div class='ocr_carea' id='block_1_78' title="bbox 1963 1529 3074 1608">
    <p class='ocr_par' dir='ltr' id='par_1_78' title="bbox 1963 1529 3074 1608">
     <span class='ocr_line' id='line_1_78' title="bbox 1963 1529 3074 1608; baseline 0.011 -26"><span class='ocrx_word' id='word_1_556' title='bbox 1963 1529 2028 1583; x_wconf 85' lang='lat' dir='ltr'><strong>Et</strong></span> <span class='ocrx_word' id='word_1_557' title='bbox 2055 1532 2160 1585; x_wconf 82' lang='lat' dir='ltr'><strong>sale</strong></span> <span class='ocrx_word' id='word_1_558' title='bbox 2182 1533 2400 1588; x_wconf 83' lang='lat' dir='ltr'><strong>tabentes</strong></span> <span class='ocrx_word' id='word_1_559' title='bbox 2431 1545 2571 1590; x_wconf 79' lang='lat' dir='ltr'><strong>artus</strong></span> <span class='ocrx_word' id='word_1_560' title='bbox 2599 1537 2650 1590; x_wconf 82' lang='lat' dir='ltr'><strong>in</strong></span> <span class='ocrx_word' id='word_1_561' title='bbox 2674 1539 2842 1592; x_wconf 80' lang='lat' dir='ltr'><strong>littore</strong></span> <span class='ocrx_word' id='word_1_562' title='bbox 2865 1556 3074 1608; x_wconf 79' lang='lat' dir='ltr'><strong>ponam,</strong></span> 
     </span>
    </p>
   </div>
   <div class='ocr_carea' id='block_1_79' title="bbox 1963 1616 3356 1702">
    <p class='ocr_par' dir='ltr' id='par_1_79' title="bbox 1963 1616 3356 1702">
     <span class='ocr_line' id='line_1_79' title="bbox 1963 1616 3356 1702; baseline 0.012 -32"><span class='ocrx_word' id='word_1_563' title='bbox 1963 1616 2064 1672; x_wconf 86' lang='lat' dir='ltr'><strong>Per</strong></span> <span class='ocrx_word' id='word_1_564' title='bbox 2090 1619 2334 1688; x_wconf 82' lang='lat' dir='ltr'><strong>Maleam,</strong></span> <span class='ocrx_word' id='word_1_565' title='bbox 2363 1633 2409 1676; x_wconf 84' lang='lat' dir='ltr'><strong>et</strong></span> <span class='ocrx_word' id='word_1_566' title='bbox 2437 1625 2728 1694; x_wconf 82' lang='lat' dir='ltr'><strong>Cytheram,</strong></span> <span class='ocrx_word' id='word_1_567' title='bbox 2757 1644 3056 1700; x_wconf 83' lang='lat' dir='ltr'><strong>sparsasque</strong></span> <span class='ocrx_word' id='word_1_568' title='bbox 3075 1647 3166 1699; x_wconf 80' lang='lat' dir='ltr'><strong>per</strong></span> <span class='ocrx_word' id='word_1_569' title='bbox 3182 1647 3356 1702; x_wconf 72' lang='lat' dir='ltr'><strong>a’quor</strong></span> 
     </span>
    </p>
   </div>
   <div class='ocr_carea' id='block_1_80' title="bbox 1961 1710 3170 1784">
    <p class='ocr_par' dir='ltr' id='par_1_80' title="bbox 1961 1710 3170 1784">
     <span class='ocr_line' id='line_1_80' title="bbox 1961 1710 3170 1784; baseline 0.011 -24"><span class='ocrx_word' id='word_1_570' title='bbox 1961 1710 2323 1778; x_wconf 80' lang='lat' dir='ltr'><strong>Cycladas,....</strong></span> <span class='ocrx_word' id='word_1_571' title='bbox 2351 1723 2396 1766; x_wconf 84' lang='lat' dir='ltr'><strong>et</strong></span> <span class='ocrx_word' id='word_1_572' title='bbox 2415 1715 2598 1769; x_wconf 78' lang='lat' dir='ltr'><strong>crebris</strong></span> <span class='ocrx_word' id='word_1_573' title='bbox 2623 1720 2754 1784; x_wconf 78' lang='lat' dir='ltr'><strong>freta</strong></span> <span class='ocrx_word' id='word_1_574' title='bbox 2777 1719 2976 1772; x_wconf 82' lang='lat' dir='ltr'><strong>concita</strong></span> <span class='ocrx_word' id='word_1_575' title='bbox 3005 1725 3170 1784; x_wconf 83' lang='lat' dir='ltr'><strong>terris;</strong></span> 
     </span>
    </p>
   </div>
   <div class='ocr_carea' id='block_1_81' title="bbox 1960 1799 2292 1872">
    <p class='ocr_par' dir='ltr' id='par_1_81' title="bbox 1960 1799 2292 1872">
     <span class='ocr_line' id='line_1_81' title="bbox 1960 1799 2292 1872; baseline 0.006 -20"><span class='ocrx_word' id='word_1_576' title='bbox 1960 1799 2196 1867; x_wconf 62' lang='lat' dir='ltr'><strong>(Emam.</strong></span> <span class='ocrx_word' id='word_1_577' title='bbox 2217 1800 2292 1872; x_wconf 79' lang='lat' dir='ltr'><strong>l.)</strong></span> 
     </span>
    </p>
   </div>
   <div class='ocr_carea' id='block_1_82' title="bbox 1891 1887 3456 1970">
    <p class='ocr_par' dir='ltr' id='par_1_82' title="bbox 1891 1887 3456 1970">
     <span class='ocr_line' id='line_1_82' title="bbox 1891 1887 3456 1970; baseline 0.01 -31"><span class='ocrx_word' id='word_1_578' title='bbox 1891 1897 2008 1955; x_wconf 88' lang='lat' dir='ltr'><strong>post</strong></span> <span class='ocrx_word' id='word_1_579' title='bbox 2034 1887 2276 1943; x_wconf 84' lang='lat' dir='ltr'><strong>Rhodum</strong></span> <span class='ocrx_word' id='word_1_580' title='bbox 2307 1900 2360 1945; x_wconf 93' lang='lat' dir='ltr'><strong>et</strong></span> <span class='ocrx_word' id='word_1_581' title='bbox 2389 1891 2602 1962; x_wconf 88' lang='lat' dir='ltr'><strong>Lyciam</strong></span> <span class='ocrx_word' id='word_1_582' title='bbox 2624 1935 2638 1959; x_wconf 93' lang='lat'><strong>,</strong></span> <span class='ocrx_word' id='word_1_583' title='bbox 2671 1894 2885 1950; x_wconf 88' lang='lat' dir='ltr'><strong>tandem</strong></span> <span class='ocrx_word' id='word_1_584' title='bbox 2920 1897 3050 1952; x_wconf 92' lang='lat' dir='ltr'><strong>vidit</strong></span> <span class='ocrx_word' id='word_1_585' title='bbox 3073 1898 3305 1970; x_wconf 81' lang='lat' dir='ltr'><strong>Cyprum</strong></span> <span class='ocrx_word' id='word_1_586' title='bbox 3324 1941 3338 1961; x_wconf 93' lang='lat'><strong>,</strong></span> <span class='ocrx_word' id='word_1_587' title='bbox 3369 1901 3456 1954; x_wconf 92' lang='lat' dir='ltr'><strong>ubi</strong></span> 
     </span>
    </p>
   </div>
   <div class='ocr_carea' id='block_1_83' title="bbox 1889 1978 3452 2058">
    <p class='ocr_par' dir='ltr' id='par_1_83' title="bbox 1889 1978 3452 2058">
     <span class='ocr_line' id='line_1_83' title="bbox 1889 1978 3452 2058; baseline 0.008 -28"><span class='ocrx_word' id='word_1_588' title='bbox 1889 1978 2056 2030; x_wconf 79' lang='lat' dir='ltr'><strong>sancti</strong></span> <span class='ocrx_word' id='word_1_589' title='bbox 2099 1988 2153 2032; x_wconf 90' lang='lat' dir='ltr'><strong>et</strong></span> <span class='ocrx_word' id='word_1_590' title='bbox 2189 1982 2511 2035; x_wconf 86' lang='lat' dir='ltr'><strong>venerabilis</strong></span> <span class='ocrx_word' id='word_1_591' title='bbox 2552 1983 2832 2053; x_wconf 86' lang='lat' dir='ltr'><strong>Epiphanii</strong></span> <span class='ocrx_word' id='word_1_592' title='bbox 2866 1986 3090 2055; x_wconf 86' lang='lat' dir='ltr'><strong>pedibus</strong></span> <span class='ocrx_word' id='word_1_593' title='bbox 3130 1989 3406 2058; x_wconf 85' lang='lat' dir='ltr'><strong>provoluta</strong></span> <span class='ocrx_word' id='word_1_594' title='bbox 3437 2031 3452 2056; x_wconf 98' lang='lat'><strong>,</strong></span> 
     </span>
    </p>
   </div>
   <div class='ocr_carea' id='block_1_84' title="bbox 1888 2065 3451 2147">
    <p class='ocr_par' dir='ltr' id='par_1_84' title="bbox 1888 2065 3451 2147">
     <span class='ocr_line' id='line_1_84' title="bbox 1888 2065 3451 2147; baseline 0.01 -28"><span class='ocrx_word' id='word_1_595' title='bbox 1888 2065 2070 2120; x_wconf 88' lang='lat' dir='ltr'><strong>decem</strong></span> <span class='ocrx_word' id='word_1_596' title='bbox 2096 2067 2163 2121; x_wconf 89' lang='lat' dir='ltr'><strong>ab</strong></span> <span class='ocrx_word' id='word_1_597' title='bbox 2192 2085 2256 2122; x_wconf 92' lang='lat' dir='ltr'><strong>eo</strong></span> <span class='ocrx_word' id='word_1_598' title='bbox 2282 2069 2465 2124; x_wconf 86' lang='lat' dir='ltr'><strong>diebus</strong></span> <span class='ocrx_word' id='word_1_599' title='bbox 2491 2082 2693 2126; x_wconf 89' lang='lat' dir='ltr'><strong>retenta</strong></span> <span class='ocrx_word' id='word_1_600' title='bbox 2716 2083 2800 2129; x_wconf 91' lang='lat' dir='ltr'><strong>est</strong></span> <span class='ocrx_word' id='word_1_601' title='bbox 2825 2092 2836 2130; x_wconf 76' lang='grc' dir='ltr'><strong>ε</strong></span> <span class='ocrx_word' id='word_1_602' title='bbox 2870 2091 2977 2130; x_wconf 90' lang='lat' dir='ltr'><strong>non</strong></span> <span class='ocrx_word' id='word_1_603' title='bbox 3004 2077 3055 2130; x_wconf 92' lang='lat' dir='ltr'><strong>in</strong></span> <span class='ocrx_word' id='word_1_604' title='bbox 3085 2077 3451 2147; x_wconf 88' lang='lat' dir='ltr'><strong>refectionem,</strong></span> 
     </span>
    </p>
   </div>
   <div class='ocr_carea' id='block_1_85' title="bbox 1891 2157 3454 2240">
    <p class='ocr_par' dir='ltr' id='par_1_85' title="bbox 1891 2157 3454 2240">
     <span class='ocr_line' id='line_1_85' title="bbox 1891 2157 3454 2240; baseline 0.011 -32"><span class='ocrx_word' id='word_1_605' title='bbox 1891 2166 1946 2210; x_wconf 91' lang='lat' dir='ltr'><strong>ut</strong></span> <span class='ocrx_word' id='word_1_606' title='bbox 1968 2157 2056 2212; x_wconf 89' lang='lat' dir='ltr'><strong>ille</strong></span> <span class='ocrx_word' id='word_1_607' title='bbox 2077 2160 2452 2227; x_wconf 88' lang='lat' dir='ltr'><strong>arbitrabatur,</strong></span> <span class='ocrx_word' id='word_1_608' title='bbox 2484 2164 2576 2218; x_wconf 90' lang='lat' dir='ltr'><strong>sed</strong></span> <span class='ocrx_word' id='word_1_609' title='bbox 2603 2165 2654 2218; x_wconf 93' lang='lat' dir='ltr'><strong>in</strong></span> <span class='ocrx_word' id='word_1_610' title='bbox 2677 2180 2812 2235; x_wconf 85' lang='lat' dir='ltr'><strong>Opus</strong></span> <span class='ocrx_word' id='word_1_611' title='bbox 2834 2167 2945 2230; x_wconf 88' lang='lat' dir='ltr'><strong>Dei,</strong></span> <span class='ocrx_word' id='word_1_612' title='bbox 2977 2176 3031 2222; x_wconf 92' lang='lat' dir='ltr'><strong>ut</strong></span> <span class='ocrx_word' id='word_1_613' title='bbox 3051 2183 3110 2224; x_wconf 87' lang='lat' dir='ltr'><strong>re</strong></span> <span class='ocrx_word' id='word_1_614' title='bbox 3137 2173 3454 2240; x_wconf 85' lang='lat' dir='ltr'><strong>comproba-</strong></span> 
     </span>
    </p>
   </div>
   <div class='ocr_carea' id='block_1_86' title="bbox 1891 2247 3454 2323">
    <p class='ocr_par' dir='ltr' id='par_1_86' title="bbox 1891 2247 3454 2323">
     <span class='ocr_line' id='line_1_86' title="bbox 1891 2247 3454 2323; baseline 0.011 -25"><span class='ocrx_word' id='word_1_615' title='bbox 1891 2253 1998 2299; x_wconf 87' lang='lat' dir='ltr'><strong>tum</strong></span> <span class='ocrx_word' id='word_1_616' title='bbox 2029 2255 2127 2300; x_wconf 87' lang='lat' dir='ltr'><strong>est.</strong></span> <span class='ocrx_word' id='word_1_617' title='bbox 2149 2247 2278 2302; x_wconf 85' lang='lat' dir='ltr'><strong>Nam</strong></span> <span class='ocrx_word' id='word_1_618' title='bbox 2303 2251 2479 2304; x_wconf 91' lang='lat' dir='ltr'><strong>omnia</strong></span> <span class='ocrx_word' id='word_1_619' title='bbox 2508 2252 2644 2306; x_wconf 89' lang='lat' dir='ltr'><strong>illius</strong></span> <span class='ocrx_word' id='word_1_620' title='bbox 2673 2255 2904 2323; x_wconf 89' lang='lat' dir='ltr'><strong>regionis</strong></span> <span class='ocrx_word' id='word_1_621' title='bbox 2924 2256 3154 2312; x_wconf 89' lang='lat' dir='ltr'><strong>lustrans</strong></span> <span class='ocrx_word' id='word_1_622' title='bbox 3183 2271 3454 2314; x_wconf 81' lang='lat' dir='ltr'><strong>monaSIe-</strong></span> 
     </span>
    </p>
   </div>
   <div class='ocr_carea' id='block_1_87' title="bbox 1889 2339 3456 2416">
    <p class='ocr_par' dir='ltr' id='par_1_87' title="bbox 1889 2339 3456 2416">
     <span class='ocr_line' id='line_1_87' title="bbox 1889 2339 3456 2416; baseline 0.01 -26"><span class='ocrx_word' id='word_1_623' title='bbox 1889 2339 2040 2405; x_wconf 85' lang='lat' dir='ltr'><strong>tcria,</strong></span> <span class='ocrx_word' id='word_1_624' title='bbox 2070 2349 2224 2408; x_wconf 90' lang='lat' dir='ltr'><strong>prout</strong></span> <span class='ocrx_word' id='word_1_625' title='bbox 2251 2344 2437 2410; x_wconf 87' lang='lat' dir='ltr'><strong>potuit,</strong></span> <span class='ocrx_word' id='word_1_626' title='bbox 2463 2343 2736 2414; x_wconf 83' lang='lat' dir='ltr'><strong>refrigeria</strong></span> <span class='ocrx_word' id='word_1_627' title='bbox 2767 2356 3070 2416; x_wconf 88' lang='lat' dir='ltr'><strong>sumptuum</strong></span> <span class='ocrx_word' id='word_1_628' title='bbox 3095 2348 3341 2404; x_wconf 87' lang='lat' dir='ltr'><strong>fratribus</strong></span> <span class='ocrx_word' id='word_1_629' title='bbox 3363 2352 3456 2406; x_wconf 79' lang='lat' dir='ltr'><strong>de~</strong></span> 
     </span>
    </p>
   </div>
   <div class='ocr_carea' id='block_1_88' title="bbox 1888 2428 3455 2499">
    <p class='ocr_par' dir='ltr' id='par_1_88' title="bbox 1888 2428 3455 2499">
     <span class='ocr_line' id='line_1_88' title="bbox 1888 2428 3455 2499; baseline 0.01 -18"><span class='ocrx_word' id='word_1_630' title='bbox 1888 2428 2128 2498; x_wconf 73' lang='lat' dir='ltr'><strong>reliquit,</strong></span> <span class='ocrx_word' id='word_1_631' title='bbox 2150 2445 2287 2499; x_wconf 92' lang='lat' dir='ltr'><strong>quos</strong></span> <span class='ocrx_word' id='word_1_632' title='bbox 2333 2447 2483 2485; x_wconf 89' lang='lat' dir='ltr'><strong>amor</strong></span> <span class='ocrx_word' id='word_1_633' title='bbox 2533 2435 2699 2487; x_wconf 86' lang='lat' dir='ltr'><strong>sancti</strong></span> <span class='ocrx_word' id='word_1_634' title='bbox 2749 2435 2845 2488; x_wconf 92' lang='lat' dir='ltr'><strong>viri</strong></span> <span class='ocrx_word' id='word_1_635' title='bbox 2891 2436 2956 2490; x_wconf 89' lang='lat' dir='ltr'><strong>de</strong></span> <span class='ocrx_word' id='word_1_636' title='bbox 3004 2446 3112 2491; x_wconf 90' lang='lat' dir='ltr'><strong>toto</strong></span> <span class='ocrx_word' id='word_1_637' title='bbox 3164 2439 3287 2493; x_wconf 89' lang='lat' dir='ltr'><strong>illuc</strong></span> <span class='ocrx_word' id='word_1_638' title='bbox 3325 2441 3455 2496; x_wconf 83' lang='lat' dir='ltr'><strong>orbe</strong></span> 
     </span>
    </p>
   </div>
   <div class='ocr_carea' id='block_1_89' title="bbox 1887 2519 3452 2594">
    <p class='ocr_par' dir='ltr' id='par_1_89' title="bbox 1887 2519 3452 2594">
     <span class='ocr_line' id='line_1_89' title="bbox 1887 2519 3452 2594; baseline 0.006 -22"><span class='ocrx_word' id='word_1_639' title='bbox 1887 2519 2232 2574; x_wconf 74' lang='lat' dir='ltr'><strong>conduxerat.</strong></span> <span class='ocrx_word' id='word_1_640' title='bbox 2250 2519 2378 2576; x_wconf 85' lang='lat' dir='ltr'><strong>Inde</strong></span> <span class='ocrx_word' id='word_1_641' title='bbox 2401 2522 2546 2576; x_wconf 82' lang='lat' dir='ltr'><strong>brevi</strong></span> <span class='ocrx_word' id='word_1_642' title='bbox 2570 2538 2728 2577; x_wconf 87' lang='lat' dir='ltr'><strong>cursu</strong></span> <span class='ocrx_word' id='word_1_643' title='bbox 2753 2525 3108 2580; x_wconf 84' lang='lat' dir='ltr'><strong>transfretavit</strong></span> <span class='ocrx_word' id='word_1_644' title='bbox 3132 2526 3452 2594; x_wconf 89' lang='lat' dir='ltr'><strong>Seleuciam,</strong></span> 
     </span>
    </p>
   </div>
   <div class='ocr_carea' id='block_1_90' title="bbox 1885 2607 3455 2679">
    <p class='ocr_par' dir='ltr' id='par_1_90' title="bbox 1885 2607 3455 2679">
     <span class='ocr_line' id='line_1_90' title="bbox 1885 2607 3455 2679; baseline 0.008 -18"><span class='ocrx_word' id='word_1_645' title='bbox 1885 2607 1953 2676; x_wconf 76' lang='lat' dir='ltr'><strong>de</strong></span> <span class='ocrx_word' id='word_1_646' title='bbox 1998 2624 2099 2678; x_wconf 89' lang='lat' dir='ltr'><strong>qua</strong></span> <span class='ocrx_word' id='word_1_647' title='bbox 2152 2610 2445 2666; x_wconf 89' lang='lat' dir='ltr'><strong>ascendens</strong></span> <span class='ocrx_word' id='word_1_648' title='bbox 2492 2613 2864 2679; x_wconf 88' lang='lat' dir='ltr'><strong>Antiochiam,</strong></span> <span class='ocrx_word' id='word_1_649' title='bbox 2917 2617 3086 2670; x_wconf 88' lang='lat' dir='ltr'><strong>sancti</strong></span> <span class='ocrx_word' id='word_1_650' title='bbox 3131 2617 3455 2673; x_wconf 87' lang='lat' dir='ltr'><strong>confessoris</strong></span> 
     </span>
    </p>
   </div>
   <div class='ocr_carea' id='block_1_91' title="bbox 1887 2699 3457 2778">
    <p class='ocr_par' dir='ltr' id='par_1_91' title="bbox 1887 2699 3457 2778">
     <span class='ocr_line' id='line_1_91' title="bbox 1887 2699 3457 2778; baseline 0.007 -26"><span class='ocrx_word' id='word_1_651' title='bbox 1887 2699 2090 2752; x_wconf 86' lang='lat' dir='ltr'><strong>Paulini</strong></span> <span class='ocrx_word' id='word_1_652' title='bbox 2117 2700 2384 2754; x_wconf 88' lang='lat' dir='ltr'><strong>modicum</strong></span> <span class='ocrx_word' id='word_1_653' title='bbox 2414 2703 2636 2757; x_wconf 88' lang='lat' dir='ltr'><strong>caritate</strong></span> <span class='ocrx_word' id='word_1_654' title='bbox 2662 2703 2895 2772; x_wconf 90' lang='lat' dir='ltr'><strong>detenta,</strong></span> <span class='ocrx_word' id='word_1_655' title='bbox 2925 2707 3096 2761; x_wconf 88' lang='lat' dir='ltr'><strong>media</strong></span> <span class='ocrx_word' id='word_1_656' title='bbox 3126 2707 3339 2778; x_wconf 88' lang='lat' dir='ltr'><strong>hyeme,</strong></span> <span class='ocrx_word' id='word_1_657' title='bbox 3369 2724 3457 2763; x_wconf 90' lang='lat' dir='ltr'><strong>ca-</strong></span> 
     </span>
    </p>
   </div>
   <div class='ocr_carea' id='block_1_92' title="bbox 1887 2788 3457 2864">
    <p class='ocr_par' dir='ltr' id='par_1_92' title="bbox 1887 2788 3457 2864">
     <span class='ocr_line' id='line_1_92' title="bbox 1887 2788 3457 2864; baseline 0.006 -24"><span class='ocrx_word' id='word_1_658' title='bbox 1887 2788 2027 2842; x_wconf 91' lang='lat' dir='ltr'><strong>lente</strong></span> <span class='ocrx_word' id='word_1_659' title='bbox 2050 2788 2237 2843; x_wconf 90' lang='lat' dir='ltr'><strong>ardore</strong></span> <span class='ocrx_word' id='word_1_660' title='bbox 2263 2790 2402 2856; x_wconf 85' lang='lat' dir='ltr'><strong>fidei,</strong></span> <span class='ocrx_word' id='word_1_661' title='bbox 2429 2791 2619 2845; x_wconf 81' lang='lat' dir='ltr'><strong>femina</strong></span> <span class='ocrx_word' id='word_1_662' title='bbox 2639 2795 2851 2858; x_wconf 81' lang='lat' dir='ltr'><strong>nubilis,</strong></span> <span class='ocrx_word' id='word_1_663' title='bbox 2876 2810 2993 2863; x_wconf 84' lang='lat' dir='ltr'><strong>quae</strong></span> <span class='ocrx_word' id='word_1_664' title='bbox 3013 2797 3156 2864; x_wconf 88' lang='lat' dir='ltr'><strong>prius</strong></span> <span class='ocrx_word' id='word_1_665' title='bbox 3186 2799 3457 2853; x_wconf 85' lang='lat' dir='ltr'><strong>eunucho-</strong></span> 
     </span>
    </p>
   </div>
   <div class='ocr_carea' id='block_1_93' title="bbox 1887 2879 3451 2956">
    <p class='ocr_par' dir='ltr' id='par_1_93' title="bbox 1887 2879 3451 2956">
     <span class='ocr_line' id='line_1_93' title="bbox 1887 2879 3451 2956; baseline 0.008 -27"><span class='ocrx_word' id='word_1_666' title='bbox 1887 2892 2001 2930; x_wconf 90' lang='lat' dir='ltr'><strong>rum</strong></span> <span class='ocrx_word' id='word_1_667' title='bbox 2024 2879 2266 2933; x_wconf 88' lang='lat' dir='ltr'><strong>manibus</strong></span> <span class='ocrx_word' id='word_1_668' title='bbox 2293 2881 2623 2948; x_wconf 88' lang='lat' dir='ltr'><strong>portabatur,</strong></span> <span class='ocrx_word' id='word_1_669' title='bbox 2655 2884 2818 2936; x_wconf 85' lang='lat' dir='ltr'><strong>asello</strong></span> <span class='ocrx_word' id='word_1_670' title='bbox 2846 2885 3039 2939; x_wconf 87' lang='lat' dir='ltr'><strong>scdcns</strong></span> <span class='ocrx_word' id='word_1_671' title='bbox 3070 2887 3304 2956; x_wconf 86' lang='lat' dir='ltr'><strong>profecta</strong></span> <span class='ocrx_word' id='word_1_672' title='bbox 3350 2898 3451 2942; x_wconf 91' lang='lat' dir='ltr'><strong>est.</strong></span> 
     </span>
    </p>
   </div>
   <div class='ocr_carea' id='block_1_94' title="bbox 1955 2969 3455 3049">
    <p class='ocr_par' dir='ltr' id='par_1_94' title="bbox 1955 2969 3455 3049">
     <span class='ocr_line' id='line_1_94' title="bbox 1955 2969 3455 3049; baseline 0.007 -27"><span class='ocrx_word' id='word_1_673' title='bbox 1955 2969 2009 3022; x_wconf 86' lang='lat'><strong>8.</strong></span> <span class='ocrx_word' id='word_1_674' title='bbox 2049 2969 2248 3023; x_wconf 87' lang='lat' dir='ltr'><strong>Omitto</strong></span> <span class='ocrx_word' id='word_1_675' title='bbox 2275 2971 2452 3025; x_wconf 83' lang='lat' dir='ltr'><strong>Cocles</strong></span> <span class='ocrx_word' id='word_1_676' title='bbox 2483 2972 2648 3042; x_wconf 75' lang='lat' dir='ltr'><strong>Syria:</strong></span> <span class='ocrx_word' id='word_1_677' title='bbox 2669 3015 2682 3039; x_wconf 94' lang='lat'><strong>,</strong></span> <span class='ocrx_word' id='word_1_678' title='bbox 2715 2983 2766 3027; x_wconf 90' lang='lat' dir='ltr'><strong>et</strong></span> <span class='ocrx_word' id='word_1_679' title='bbox 2793 2975 3060 3030; x_wconf 77' lang='lat' dir='ltr'><strong>Phtenicis</strong></span> <span class='ocrx_word' id='word_1_680' title='bbox 3095 2977 3196 3031; x_wconf 92' lang='lat' dir='ltr'><strong>iter</strong></span> <span class='ocrx_word' id='word_1_681' title='bbox 3239 2978 3455 3049; x_wconf 86' lang='lat' dir='ltr'><strong>(neque</strong></span> 
     </span>
    </p>
   </div>
   <div class='ocr_carea' id='block_1_95' title="bbox 1885 3056 3455 3137">
    <p class='ocr_par' dir='ltr' id='par_1_95' title="bbox 1885 3056 3455 3137">
     <span class='ocr_line' id='line_1_95' title="bbox 1885 3056 3455 3137; baseline 0.009 -29"><span class='ocrx_word' id='word_1_682' title='bbox 1885 3057 2025 3109; x_wconf 90' lang='lat' dir='ltr'><strong>enim</strong></span> <span class='ocrx_word' id='word_1_683' title='bbox 2053 3056 2429 3127; x_wconf 68' lang='lat' dir='ltr'><strong>hodoaporicon</strong></span> <span class='ocrx_word' id='word_1_684' title='bbox 2453 3061 2567 3129; x_wconf 90' lang='lat' dir='ltr'><strong>ejus</strong></span> <span class='ocrx_word' id='word_1_685' title='bbox 2596 3061 2830 3131; x_wconf 58' lang='lat' dir='ltr'><strong>disposui</strong></span> <span class='ocrx_word' id='word_1_686' title='bbox 2859 3064 3148 3137; x_wconf 89' lang='lat' dir='ltr'><strong>scribere):</strong></span> <span class='ocrx_word' id='word_1_687' title='bbox 3171 3082 3233 3120; x_wconf 88' lang='lat' dir='ltr'><strong>ea</strong></span> <span class='ocrx_word' id='word_1_688' title='bbox 3254 3075 3455 3122; x_wconf 89' lang='lat' dir='ltr'><strong>tantum</strong></span> 
     </span>
    </p>
   </div>
   <div class='ocr_carea' id='block_1_96' title="bbox 1888 3145 3451 3218">
    <p class='ocr_par' dir='ltr' id='par_1_96' title="bbox 1888 3145 3451 3218">
     <span class='ocr_line' id='line_1_96' title="bbox 1888 3145 3451 3218; baseline 0.008 -21"><span class='ocrx_word' id='word_1_689' title='bbox 1888 3145 2000 3198; x_wconf 88' lang='lat' dir='ltr'><strong>loca</strong></span> <span class='ocrx_word' id='word_1_690' title='bbox 2025 3147 2332 3213; x_wconf 89' lang='lat' dir='ltr'><strong>nominabo,</strong></span> <span class='ocrx_word' id='word_1_691' title='bbox 2361 3163 2479 3218; x_wconf 79' lang='lat' dir='ltr'><strong>qua:</strong></span> <span class='ocrx_word' id='word_1_692' title='bbox 2505 3150 2670 3204; x_wconf 87' lang='lat' dir='ltr'><strong>sacris</strong></span> <span class='ocrx_word' id='word_1_693' title='bbox 2695 3151 3061 3209; x_wconf 82' lang='lat' dir='ltr'><strong>Voluminibus</strong></span> <span class='ocrx_word' id='word_1_694' title='bbox 3089 3157 3451 3212; x_wconf 87' lang='lat' dir='ltr'><strong>continentur.</strong></span> 
     </span>
    </p>
   </div>
   <div class='ocr_carea' id='block_1_97' title="bbox 1886 3233 3459 3312">
    <p class='ocr_par' dir='ltr' id='par_1_97' title="bbox 1886 3233 3459 3312">
     <span class='ocr_line' id='line_1_97' title="bbox 1886 3233 3459 3312; baseline 0.01 -26"><span class='ocrx_word' id='word_1_695' title='bbox 1886 3233 2080 3304; x_wconf 79' lang='lat' dir='ltr'><strong>Beryto</strong></span> <span class='ocrx_word' id='word_1_696' title='bbox 2109 3235 2348 3290; x_wconf 83' lang='lat' dir='ltr'><strong>Romana</strong></span> <span class='ocrx_word' id='word_1_697' title='bbox 2382 3237 2612 3303; x_wconf 88' lang='lat' dir='ltr'><strong>colonia,</strong></span> <span class='ocrx_word' id='word_1_698' title='bbox 2647 3241 2666 3309; x_wconf 90' lang='lat'>(</span> <span class='ocrx_word' id='word_1_699' title='bbox 2697 3239 2755 3312; x_wconf 73' lang='grc' dir='ltr'><strong>ι’)</strong></span> <span class='ocrx_word' id='word_1_700' title='bbox 2787 3250 2839 3294; x_wconf 89' lang='lat' dir='ltr'><strong>et</strong></span> <span class='ocrx_word' id='word_1_701' title='bbox 2868 3243 3082 3312; x_wconf 90' lang='lat' dir='ltr'><strong>antiqua</strong></span> <span class='ocrx_word' id='word_1_702' title='bbox 3106 3247 3237 3300; x_wconf 88' lang='lat' dir='ltr'><strong>urbe</strong></span> <span class='ocrx_word' id='word_1_703' title='bbox 3259 3246 3459 3302; x_wconf 89' lang='lat' dir='ltr'><strong>Sidone</strong></span> 
     </span>
    </p>
   </div>
   <div class='ocr_carea' id='block_1_98' title="bbox 1885 3323 3460 3408">
    <p class='ocr_par' dir='ltr' id='par_1_98' title="bbox 1885 3323 3460 3408">
     <span class='ocr_line' id='line_1_98' title="bbox 1885 3323 3460 3408; baseline 0.01 -31"><span class='ocrx_word' id='word_1_704' title='bbox 1885 3323 2136 3379; x_wconf 90' lang='lat' dir='ltr'><strong>derelicta</strong></span> <span class='ocrx_word' id='word_1_705' title='bbox 2158 3367 2175 3392; x_wconf 93' lang='lat'><strong>,</strong></span> <span class='ocrx_word' id='word_1_706' title='bbox 2203 3327 2254 3380; x_wconf 89' lang='lat' dir='ltr'><strong>in</strong></span> <span class='ocrx_word' id='word_1_707' title='bbox 2283 3326 2520 3398; x_wconf 80' lang='lat' dir='ltr'><strong>Sareptae</strong></span> <span class='ocrx_word' id='word_1_708' title='bbox 2550 3329 2731 3384; x_wconf 90' lang='lat' dir='ltr'><strong>littore</strong></span> <span class='ocrx_word' id='word_1_709' title='bbox 2760 3331 2888 3385; x_wconf 74' lang='lat' dir='ltr'><strong>Elim</strong></span> <span class='ocrx_word' id='word_1_710' title='bbox 2937 3333 2956 3406; x_wconf 93' lang='lat'>(</span> <span class='ocrx_word' id='word_1_711' title='bbox 2983 3335 3037 3388; x_wconf 80' lang='grc'><strong>5.</strong></span> <span class='ocrx_word' id='word_1_712' title='bbox 3071 3334 3195 3406; x_wconf 86' lang='lat' dir='ltr'><strong>Reg.</strong></span> <span class='ocrx_word' id='word_1_713' title='bbox 3228 3337 3292 3392; x_wconf 82' lang='lat' dir='ltr'><strong>l7</strong></span> <span class='ocrx_word' id='word_1_714' title='bbox 3321 3335 3340 3408; x_wconf 98' lang='lat'>)</span> <span class='ocrx_word' id='word_1_715' title='bbox 3375 3347 3460 3392; x_wconf 88' lang='lat' dir='ltr'><strong>est</strong></span> 
     </span>
    </p>
   </div>
   <div class='ocr_carea' id='block_1_99' title="bbox 1887 3413 3454 3491">
    <p class='ocr_par' dir='ltr' id='par_1_99' title="bbox 1887 3413 3454 3491">
     <span class='ocr_line' id='line_1_99' title="bbox 1887 3413 3454 3491; baseline 0.008 -27"><span class='ocrx_word' id='word_1_716' title='bbox 1887 3413 2123 3482; x_wconf 89' lang='lat' dir='ltr'><strong>ingressa</strong></span> <span class='ocrx_word' id='word_1_717' title='bbox 2157 3417 2559 3480; x_wconf 90' lang='lat' dir='ltr'><strong>turriculam,_in</strong></span> <span class='ocrx_word' id='word_1_718' title='bbox 2581 3432 2683 3488; x_wconf 88' lang='lat' dir='ltr'><strong>qua</strong></span> <span class='ocrx_word' id='word_1_719' title='bbox 2746 3419 2912 3491; x_wconf 78' lang='lat'><strong>696</strong></span> <span class='ocrx_word' id='word_1_720' title='bbox 2981 3422 3200 3479; x_wconf 83' lang='lat' dir='ltr'><strong>adorato</strong></span> <span class='ocrx_word' id='word_1_721' title='bbox 3230 3424 3454 3479; x_wconf 92' lang='lat' dir='ltr'><strong>Domino</strong></span> 
     </span>
    </p>
   </div>
   <div class='ocr_carea' id='block_1_100' title="bbox 1886 3501 3456 3582">
    <p class='ocr_par' dir='ltr' id='par_1_100' title="bbox 1886 3501 3456 3582">
     <span class='ocr_line' id='line_1_100' title="bbox 1886 3501 3456 3582; baseline 0.009 -28"><span class='ocrx_word' id='word_1_722' title='bbox 1886 3501 2184 3568; x_wconf 83' lang='lat' dir='ltr'><strong>Salvatore,</strong></span> <span class='ocrx_word' id='word_1_723' title='bbox 2215 3519 2307 3573; x_wconf 91' lang='lat' dir='ltr'><strong>per</strong></span> <span class='ocrx_word' id='word_1_724' title='bbox 2347 3519 2534 3560; x_wconf 89' lang='lat' dir='ltr'><strong>arenas</strong></span> <span class='ocrx_word' id='word_1_725' title='bbox 2562 3506 2709 3578; x_wconf 87' lang='lat' dir='ltr'><strong>Tyri,</strong></span> <span class='ocrx_word' id='word_1_726' title='bbox 2741 3509 2792 3561; x_wconf 92' lang='lat' dir='ltr'><strong>in</strong></span> <span class='ocrx_word' id='word_1_727' title='bbox 2834 3510 3025 3578; x_wconf 90' lang='lat' dir='ltr'><strong>quibus</strong></span> <span class='ocrx_word' id='word_1_728' title='bbox 3049 3527 3221 3582; x_wconf 88' lang='lat' dir='ltr'><strong>genua</strong></span> <span class='ocrx_word' id='word_1_729' title='bbox 3262 3514 3456 3568; x_wconf 89' lang='lat' dir='ltr'><strong>Paulus</strong></span> 
     </span>
    </p>
   </div>
   <div class='ocr_carea' id='block_1_101' title="bbox 1887 3592 3457 3668">
    <p class='ocr_par' dir='ltr' id='par_1_101' title="bbox 1887 3592 3457 3668">
     <span class='ocr_line' id='line_1_101' title="bbox 1887 3592 3457 3668; baseline 0.01 -23"><span class='ocrx_word' id='word_1_730' title='bbox 1887 3592 2022 3660; x_wconf 75' lang='lat' dir='ltr'><strong>fixit,</strong></span> <span class='ocrx_word' id='word_1_731' title='bbox 2057 3595 2297 3662; x_wconf 86' lang='lat' dir='ltr'><strong>pervenit</strong></span> <span class='ocrx_word' id='word_1_732' title='bbox 2331 3597 2473 3651; x_wconf 87' lang='lat' dir='ltr'><strong>Acco</strong></span> <span class='ocrx_word' id='word_1_733' title='bbox 2501 3598 2580 3668; x_wconf 88' lang='lat' dir='ltr'><strong>(g)</strong></span> <span class='ocrx_word' id='word_1_734' title='bbox 2606 3640 2620 3664; x_wconf 98' lang='lat'><strong>,</strong></span> <span class='ocrx_word' id='word_1_735' title='bbox 2644 3614 2760 3668; x_wconf 73' lang='lat' dir='ltr'><strong>qum</strong></span> <span class='ocrx_word' id='word_1_736' title='bbox 2789 3615 2927 3655; x_wconf 91' lang='lat' dir='ltr'><strong>nunc</strong></span> <span class='ocrx_word' id='word_1_737' title='bbox 2953 3601 3238 3660; x_wconf 90' lang='lat' dir='ltr'><strong>Ptolemais</strong></span> <span class='ocrx_word' id='word_1_738' title='bbox 3263 3605 3457 3660; x_wconf 91' lang='lat' dir='ltr'><strong>dicitur</strong></span> 
     </span>
    </p>
   </div>
   <div class='ocr_carea' id='block_1_102' title="bbox 1888 3682 3457 3758">
    <p class='ocr_par' dir='ltr' id='par_1_102' title="bbox 1888 3682 3457 3758">
     <span class='ocr_line' id='line_1_102' title="bbox 1888 3682 3457 3758; baseline 0.011 -24"><span class='ocrx_word' id='word_1_739' title='bbox 1888 3683 2021 3751; x_wconf 78' lang='lat' dir='ltr'><strong>(Act.</strong></span> <span class='ocrx_word' id='word_1_740' title='bbox 2047 3682 2110 3737; x_wconf 75' lang='lat'><strong>2|</strong></span> <span class='ocrx_word' id='word_1_741' title='bbox 2125 3723 2138 3736; x_wconf 96' lang='lat'><strong>.</strong></span> <span class='ocrx_word' id='word_1_742' title='bbox 2165 3682 2242 3754; x_wconf 84' lang='lat'><strong>5):</strong></span> <span class='ocrx_word' id='word_1_743' title='bbox 2270 3693 2324 3739; x_wconf 91' lang='lat' dir='ltr'><strong>et</strong></span> <span class='ocrx_word' id='word_1_744' title='bbox 2347 3701 2439 3756; x_wconf 89' lang='lat' dir='ltr'><strong>per</strong></span> <span class='ocrx_word' id='word_1_745' title='bbox 2453 3700 2669 3756; x_wconf 88' lang='lat' dir='ltr'><strong>campos</strong></span> <span class='ocrx_word' id='word_1_746' title='bbox 2695 3688 2969 3758; x_wconf 83' lang='lat' dir='ltr'><strong>Mageddo,</strong></span> <span class='ocrx_word' id='word_1_747' title='bbox 2988 3691 3146 3747; x_wconf 79' lang='lat' dir='ltr'><strong>Josiae</strong></span> <span class='ocrx_word' id='word_1_748' title='bbox 3161 3697 3308 3749; x_wconf 91' lang='lat' dir='ltr'><strong>necis</strong></span> <span class='ocrx_word' id='word_1_749' title='bbox 3326 3710 3457 3750; x_wconf 81' lang='lat' dir='ltr'><strong>con-</strong></span> 
     </span>
    </p>
   </div>
   <div class='ocr_carea' id='block_1_103' title="bbox 1886 3773 3452 3850">
    <p class='ocr_par' dir='ltr' id='par_1_103' title="bbox 1886 3773 3452 3850">
     <span class='ocr_line' id='line_1_103' title="bbox 1886 3773 3452 3850; baseline 0.01 -26"><span class='ocrx_word' id='word_1_750' title='bbox 1886 3773 2047 3840; x_wconf 90' lang='lat' dir='ltr'><strong>scios,</strong></span> <span class='ocrx_word' id='word_1_751' title='bbox 2077 3774 2295 3830; x_wconf 88' lang='lat' dir='ltr'><strong>intravit</strong></span> <span class='ocrx_word' id='word_1_752' title='bbox 2320 3785 2514 3832; x_wconf 88' lang='lat' dir='ltr'><strong>terram</strong></span> <span class='ocrx_word' id='word_1_753' title='bbox 2545 3777 2884 3833; x_wconf 89' lang='lat' dir='ltr'><strong>Pbilisthiim.</strong></span> <span class='ocrx_word' id='word_1_754' title='bbox 2907 3781 3091 3836; x_wconf 68' lang='lat' dir='ltr'><strong>liirata</strong></span> <span class='ocrx_word' id='word_1_755' title='bbox 3118 3787 3299 3838; x_wconf 91' lang='lat' dir='ltr'><strong>ruinas</strong></span> <span class='ocrx_word' id='word_1_756' title='bbox 3328 3787 3452 3850; x_wconf 68' lang='lat' dir='ltr'><strong>Dos,</strong></span> 
     </span>
    </p>
   </div>
   <div class='ocr_carea' id='block_1_104' title="bbox 1887 3861 3455 3936">
    <p class='ocr_par' dir='ltr' id='par_1_104' title="bbox 1887 3861 3455 3936">
     <span class='ocr_line' id='line_1_104' title="bbox 1887 3861 3455 3936; baseline 0.009 -22"><span class='ocrx_word' id='word_1_757' title='bbox 1887 3861 2035 3915; x_wconf 91' lang='lat' dir='ltr'><strong>urbis</strong></span> <span class='ocrx_word' id='word_1_758' title='bbox 2059 3863 2325 3930; x_wconf 90' lang='lat' dir='ltr'><strong>quondam</strong></span> <span class='ocrx_word' id='word_1_759' title='bbox 2351 3867 2760 3931; x_wconf 78' lang='lat' dir='ltr'><strong>potentissimze;</strong></span> <span class='ocrx_word' id='word_1_760' title='bbox 2783 3876 2837 3920; x_wconf 92' lang='lat' dir='ltr'><strong>et</strong></span> <span class='ocrx_word' id='word_1_761' title='bbox 2855 3882 3006 3922; x_wconf 80' lang='lat' dir='ltr'><strong>versa</strong></span> <span class='ocrx_word' id='word_1_762' title='bbox 3027 3871 3162 3936; x_wconf 89' lang='lat' dir='ltr'><strong>vice,</strong></span> <span class='ocrx_word' id='word_1_763' title='bbox 3191 3872 3455 3928; x_wconf 89' lang='lat' dir='ltr'><strong>Stratonis</strong></span> 
     </span>
    </p>
   </div>
   <div class='ocr_carea' id='block_1_105' title="bbox 1888 3949 3460 4030">
    <p class='ocr_par' dir='ltr' id='par_1_105' title="bbox 1888 3949 3460 4030">
     <span class='ocr_line' id='line_1_105' title="bbox 1888 3949 3460 4030; baseline 0.01 -30"><span class='ocrx_word' id='word_1_764' title='bbox 1888 3949 2074 4001; x_wconf 90' lang='lat' dir='ltr'><strong>turrim</strong></span> <span class='ocrx_word' id='word_1_765' title='bbox 2101 3949 2166 4002; x_wconf 89' lang='lat' dir='ltr'><strong>ab</strong></span> <span class='ocrx_word' id='word_1_766' title='bbox 2191 3949 2398 4003; x_wconf 82' lang='lat' dir='ltr'><strong>Herode</strong></span> <span class='ocrx_word' id='word_1_767' title='bbox 2419 3965 2544 4019; x_wconf 91' lang='lat' dir='ltr'><strong>rege</strong></span> <span class='ocrx_word' id='word_1_768' title='bbox 2569 3953 2588 4022; x_wconf 93' lang='lat'>(</span> <span class='ocrx_word' id='word_1_769' title='bbox 2612 3952 2958 4019; x_wconf 79' lang='lat' dir='ltr'><strong>Ascalonuita,</strong></span> <span class='ocrx_word' id='word_1_770' title='bbox 2987 3972 3074 4010; x_wconf 81' lang='lat' dir='ltr'><strong>seu</strong></span> <span class='ocrx_word' id='word_1_771' title='bbox 3098 3960 3323 4030; x_wconf 83' lang='lat' dir='ltr'><strong>magno)</strong></span> <span class='ocrx_word' id='word_1_772' title='bbox 3372 3961 3460 4016; x_wconf 80' lang='lat' dir='ltr'><strong>Ju-</strong></span> 
     </span>
    </p>
   </div>
   <div class='ocr_carea' id='block_1_106' title="bbox 1889 4036 3455 4118">
    <p class='ocr_par' dir='ltr' id='par_1_106' title="bbox 1889 4036 3455 4118">
     <span class='ocr_line' id='line_1_106' title="bbox 1889 4036 3455 4118; baseline 0.008 -28"><span class='ocrx_word' id='word_1_773' title='bbox 1889 4036 2018 4090; x_wconf 79' lang='lat' dir='ltr'><strong>daea:</strong></span> <span class='ocrx_word' id='word_1_774' title='bbox 2034 4037 2087 4091; x_wconf 93' lang='lat' dir='ltr'><strong>in</strong></span> <span class='ocrx_word' id='word_1_775' title='bbox 2109 4037 2362 4092; x_wconf 91' lang='lat' dir='ltr'><strong>honorem</strong></span> <span class='ocrx_word' id='word_1_776' title='bbox 2381 4038 2606 4094; x_wconf 65' lang='lat' dir='ltr'><strong>Caesaris</strong></span> <span class='ocrx_word' id='word_1_777' title='bbox 2627 4043 2844 4112; x_wconf 78' lang='lat' dir='ltr'><strong>Augusti</strong></span> <span class='ocrx_word' id='word_1_778' title='bbox 2861 4042 3156 4100; x_wconf 68' lang='lat' dir='ltr'><strong>Caesaream</strong></span> <span class='ocrx_word' id='word_1_779' title='bbox 3186 4063 3455 4118; x_wconf 80' lang='lat' dir='ltr'><strong>nuncupa-</strong></span> 
     </span>
    </p>
   </div>
   <div class='ocr_carea' id='block_1_107' title="bbox 1891 4127 3450 4202">
    <p class='ocr_par' dir='ltr' id='par_1_107' title="bbox 1891 4127 3450 4202">
     <span class='ocr_line' id='line_1_107' title="bbox 1891 4127 3450 4202; baseline 0.01 -24"><span class='ocrx_word' id='word_1_780' title='bbox 1891 4135 2017 4190; x_wconf 87' lang='lat' dir='ltr'><strong>tam,</strong></span> <span class='ocrx_word' id='word_1_781' title='bbox 2038 4127 2089 4180; x_wconf 92' lang='lat' dir='ltr'><strong>in</strong></span> <span class='ocrx_word' id='word_1_782' title='bbox 2115 4142 2215 4197; x_wconf 89' lang='lat' dir='ltr'><strong>qua</strong></span> <span class='ocrx_word' id='word_1_783' title='bbox 2237 4127 2468 4183; x_wconf 90' lang='lat' dir='ltr'><strong>Cornelii</strong></span> <span class='ocrx_word' id='word_1_784' title='bbox 2491 4131 2727 4195; x_wconf 92' lang='lat' dir='ltr'><strong>domum,</strong></span> <span class='ocrx_word' id='word_1_785' title='bbox 2756 4132 2951 4188; x_wconf 89' lang='lat' dir='ltr'><strong>Christi</strong></span> <span class='ocrx_word' id='word_1_786' title='bbox 2976 4135 3107 4190; x_wconf 90' lang='lat' dir='ltr'><strong>vidit</strong></span> <span class='ocrx_word' id='word_1_787' title='bbox 3138 4138 3450 4202; x_wconf 88' lang='lat' dir='ltr'><strong>Ecclesiam.</strong></span> 
     </span>
    </p>
   </div>
   <div class='ocr_carea' id='block_1_108' title="bbox 1887 4217 3455 4302">
    <p class='ocr_par' dir='ltr' id='par_1_108' title="bbox 1887 4217 3455 4302">
     <span class='ocr_line' id='line_1_108' title="bbox 1887 4217 3455 4302; baseline 0.011 -31"><span class='ocrx_word' id='word_1_788' title='bbox 1887 4228 1939 4271; x_wconf 88' lang='lat' dir='ltr'><strong>et</strong></span> <span class='ocrx_word' id='word_1_789' title='bbox 1963 4217 2189 4288; x_wconf 87' lang='lat' dir='ltr'><strong>Philippi</strong></span> <span class='ocrx_word' id='word_1_790' title='bbox 2211 4219 2483 4288; x_wconf 83' lang='lat' dir='ltr'><strong>aediculas,</strong></span> <span class='ocrx_word' id='word_1_791' title='bbox 2501 4230 2556 4277; x_wconf 90' lang='lat' dir='ltr'><strong>et</strong></span> <span class='ocrx_word' id='word_1_792' title='bbox 2579 4222 2660 4294; x_wconf 86' lang='grc' dir='ltr'><strong>(Ιι)</strong></span> <span class='ocrx_word' id='word_1_793' title='bbox 2681 4224 2920 4280; x_wconf 85' lang='lat' dir='ltr'><strong>cubicula</strong></span> <span class='ocrx_word' id='word_1_794' title='bbox 2945 4238 3170 4297; x_wconf 87' lang='lat' dir='ltr'><strong>quatuor</strong></span> <span class='ocrx_word' id='word_1_795' title='bbox 3192 4231 3455 4302; x_wconf 86' lang='lat' dir='ltr'><strong>virginum</strong></span> 
     </span>
    </p>
   </div>
   <div class='ocr_carea' id='block_1_109' title="bbox 1949 4387 3456 4460">
    <p class='ocr_par' dir='ltr' id='par_1_109' title="bbox 1949 4387 3456 4460">
     <span class='ocr_line' id='line_1_109' title="bbox 1949 4387 3456 4460; baseline 0.015 -26"><span class='ocrx_word' id='word_1_796' title='bbox 1949 4387 2270 4460; x_wconf 77' lang='lat' dir='ltr'><strong>(e)_Plurium</strong></span> <span class='ocrx_word' id='word_1_797' title='bbox 2291 4403 2510 4460; x_wconf 56' lang='lat' dir='ltr'><strong>humero</strong></span> <span class='ocrx_word' id='word_1_798' title='bbox 2545 4393 2907 4460; x_wconf 75' lang='lat' dir='ltr'><strong>Reginrelibet</strong></span> <span class='ocrx_word' id='word_1_799' title='bbox 2943 4400 3010 4450; x_wconf 84' lang='lat' dir='ltr'><strong>ad</strong></span> <span class='ocrx_word' id='word_1_800' title='bbox 3046 4401 3228 4454; x_wconf 80' lang='lat' dir='ltr'><strong>insulas</strong></span> <span class='ocrx_word' id='word_1_801' title='bbox 3250 4407 3456 4457; x_wconf 79' lang='lat' dir='ltr'><strong>Pontias.</strong></span> 
     </span>
    </p>
   </div>
   <div class='ocr_carea' id='block_1_110' title="bbox 1889 4408 3460 4517">
    <p class='ocr_par' dir='ltr' id='par_1_110' title="bbox 1889 4408 3460 4517">
     <span class='ocr_line' id='line_1_110' title="bbox 1949 4408 3456 4457; baseline 0.015 -23"><span class='ocrx_word' id='word_1_802' title='bbox 1949 4408 2019 4449; x_wconf 69' lang='grc' dir='ltr'><em>ψ)</em></span> <span class='ocrx_word' id='word_1_803' title='bbox 2053 4408 2270 4438; x_wconf 72' lang='grc' dir='ltr'><strong>ι-ιυτιωιι</strong></span> <span class='ocrx_word' id='word_1_804' title='bbox 2308 4408 2510 4442; x_wconf 87' lang='lat' dir='ltr'><strong>numero</strong></span> <span class='ocrx_word' id='word_1_805' title='bbox 2546 4408 2588 4442; x_wconf 80' lang='lat' dir='ltr'><strong>rt</strong></span> <span class='ocrx_word' id='word_1_806' title='bbox 2672 4409 2748 4444; x_wconf 72' lang='lat' dir='ltr'><strong>nte</strong></span> <span class='ocrx_word' id='word_1_807' title='bbox 2787 4408 2907 4447; x_wconf 80' lang='lat' dir='ltr'><strong>tinet</strong></span> <span class='ocrx_word' id='word_1_808' title='bbox 2943 4408 3009 4450; x_wconf 84' lang='lat' dir='ltr'><strong>ad</strong></span> <span class='ocrx_word' id='word_1_809' title='bbox 3046 4408 3228 4454; x_wconf 79' lang='lat' dir='ltr'><strong>insulas</strong></span> <span class='ocrx_word' id='word_1_810' title='bbox 3250 4408 3456 4457; x_wconf 79' lang='lat' dir='ltr'><strong>Pontias.</strong></span> 
     </span>
     <span class='ocr_line' id='line_1_111' title="bbox 1889 4408 3460 4517; baseline 0.015 -24"><span class='ocrx_word' id='word_1_811' title='bbox 1889 4444 2197 4517; x_wconf 74' lang='lat' dir='ltr'><strong>Recolendus</strong></span> <span class='ocrx_word' id='word_1_812' title='bbox 2219 4451 2267 4497; x_wconf 90' lang='lat' dir='ltr'><strong>in</strong></span> <span class='ocrx_word' id='word_1_813' title='bbox 2291 4408 2893 4517; x_wconf 46' lang='lat' dir='ltr'><strong>hunglocumeﬁusebius,</strong></span> <span class='ocrx_word' id='word_1_814' title='bbox 2926 4462 3030 4510; x_wconf 89' lang='lat' dir='ltr'><strong>sive</strong></span> <span class='ocrx_word' id='word_1_815' title='bbox 3063 4462 3200 4512; x_wconf 86' lang='lat' dir='ltr'><strong>Hier.</strong></span> <span class='ocrx_word' id='word_1_816' title='bbox 3236 4465 3284 4512; x_wconf 85' lang='lat' dir='ltr'><strong>in</strong></span> <span class='ocrx_word' id='word_1_817' title='bbox 3308 4467 3460 4517; x_wconf 87' lang='lat' dir='ltr'><strong>Chro-</strong></span> 
     </span>
    </p>
   </div>
   <div class='ocr_carea' id='block_1_111' title="bbox 1890 4509 3460 4586">
    <p class='ocr_par' dir='ltr' id='par_1_111' title="bbox 1890 4509 3460 4586">
     <span class='ocr_line' id='line_1_112' title="bbox 1890 4509 3460 4586; baseline 0.015 -33"><span class='ocrx_word' id='word_1_818' title='bbox 1890 4509 2087 4586; x_wconf 37' lang='lat' dir='ltr'><strong>n‘ichadA</strong></span> <span class='ocrx_word' id='word_1_819' title='bbox 2098 4521 2276 4586; x_wconf 59' lang='lat' dir='ltr'><strong>annum</strong></span> <span class='ocrx_word' id='word_1_820' title='bbox 2401 4511 2694 4586; x_wconf 62' lang='lat' dir='ltr'><strong>Domitiani:</strong></span> <span class='ocrx_word' id='word_1_821' title='bbox 2739 4509 2954 4586; x_wconf 41' lang='lat' dir='ltr'><strong>{Scribit</strong></span> <span class='ocrx_word' id='word_1_822' title='bbox 2976 4509 3202 4586; x_wconf 24' lang='lat' dir='ltr'><strong>Bruttius,</strong></span> <span class='ocrx_word' id='word_1_823' title='bbox 3227 4509 3460 4586; x_wconf 58' lang='lat' dir='ltr'><strong>plurimos</strong></span> 
     </span>
    </p>
   </div>
   <div class='ocr_carea' id='block_1_112' title="bbox 1890 4566 3459 4654">
    <p class='ocr_par' dir='ltr' id='par_1_112' title="bbox 1890 4566 3459 4654">
     <span class='ocr_line' id='line_1_113' title="bbox 1890 4566 3459 4654; baseline 0.001 0"><span class='ocrx_word' id='word_1_824' title='bbox 1890 4566 2953 4654; x_wconf 53' lang='grc' dir='ltr'><strong>Εὲἒξὲἓιὶῆηὲξξιὲξὶυιξιρρειφξείδηεεηβεςξεξεέ⁷</strong></span> <span class='ocrx_word' id='word_1_825' title='bbox 2972 4566 3459 4654; x_wconf 54' lang='grc' dir='ltr'><strong>ὧειῑίὲῑῌυῖῖῗὶίῐίέῐ</strong></span> 
     </span>
    </p>
   </div>
   <div class='ocr_carea' id='block_1_113' title="bbox 1889 4629 3458 4694">
    <p class='ocr_par' dir='ltr' id='par_1_113' title="bbox 1889 4629 3458 4694">
     <span class='ocr_line' id='line_1_114' title="bbox 1889 4629 3458 4694; baseline 0.014 -22"><span class='ocrx_word' id='word_1_826' title='bbox 1889 4641 2012 4690; x_wconf 87' lang='lat' dir='ltr'><strong>quos</strong></span> <span class='ocrx_word' id='word_1_827' title='bbox 2049 4636 2101 4679; x_wconf 90' lang='lat' dir='ltr'><strong>et</strong></span> <span class='ocrx_word' id='word_1_828' title='bbox 2129 4629 2343 4694; x_wconf 83' lang='lat' dir='ltr'><strong>Flaviam</strong></span> <span class='ocrx_word' id='word_1_829' title='bbox 2375 4631 2668 4684; x_wconf 87' lang='lat' dir='ltr'><strong>Domitillam</strong></span> <span class='ocrx_word' id='word_1_830' title='bbox 2691 4636 2842 4688; x_wconf 90' lang='lat' dir='ltr'><strong>Flavii</strong></span> <span class='ocrx_word' id='word_1_831' title='bbox 2865 4629 3134 4690; x_wconf 65' lang='lat' dir='ltr'><strong>Clementis</strong></span> <span class='ocrx_word' id='word_1_832' title='bbox 3152 4629 3458 4694; x_wconf 42' lang='lat' dir='ltr'><strong>Consulis-ex</strong></span> 
     </span>
    </p>
   </div>
   <div class='ocr_carea' id='block_1_114' title="bbox 1889 4693 3456 4764">
    <p class='ocr_par' dir='ltr' id='par_1_114' title="bbox 1889 4693 3456 4764">
     <span class='ocr_line' id='line_1_115' title="bbox 1889 4693 3456 4764; baseline 0.012 -29"><span class='ocrx_word' id='word_1_833' title='bbox 1889 4697 2294 4764; x_wconf 21' lang='lat' dir='ltr'><strong>sqrorehneptem</strong></span> <span class='ocrx_word' id='word_1_834' title='bbox 2333 4693 2383 4764; x_wconf 81' lang='lat' dir='ltr'><strong>in</strong></span> <span class='ocrx_word' id='word_1_835' title='bbox 2419 4695 2621 4764; x_wconf 81' lang='lat' dir='ltr'><strong>insulam</strong></span> <span class='ocrx_word' id='word_1_836' title='bbox 2658 4697 2876 4748; x_wconf 89' lang='lat' dir='ltr'><strong>Pontiam</strong></span> <span class='ocrx_word' id='word_1_837' title='bbox 2914 4700 3212 4763; x_wconf 81' lang='lat' dir='ltr'><strong>relegatam,</strong></span> <span class='ocrx_word' id='word_1_838' title='bbox 3252 4705 3364 4764; x_wconf 86' lang='lat' dir='ltr'><strong>quia</strong></span> <span class='ocrx_word' id='word_1_839' title='bbox 3402 4693 3456 4754; x_wconf 78' lang='lat' dir='ltr'><strong>se</strong></span> 
     </span>
    </p>
   </div>
   <div class='ocr_carea' id='block_1_115' title="bbox 1889 4746 2702 4805">
    <p class='ocr_par' dir='ltr' id='par_1_115' title="bbox 1889 4746 2702 4805">
     <span class='ocr_line' id='line_1_116' title="bbox 1889 4746 2702 4805; baseline 0.005 -7"><span class='ocrx_word' id='word_1_840' title='bbox 1889 4746 2206 4798; x_wconf 77' lang='lat' dir='ltr'><strong>Christianam</strong></span> <span class='ocrx_word' id='word_1_841' title='bbox 2234 4765 2345 4802; x_wconf 91' lang='lat' dir='ltr'><strong>esse</strong></span> <span class='ocrx_word' id='word_1_842' title='bbox 2367 4758 2542 4804; x_wconf 85' lang='lat' dir='ltr'><strong>testata</strong></span> <span class='ocrx_word' id='word_1_843' title='bbox 2567 4765 2658 4805; x_wconf 90' lang='lat' dir='ltr'><strong>est.</strong></span> <span class='ocrx_word' id='word_1_844' title='bbox 2679 4774 2702 4802; x_wconf 78' lang='grc' dir='ltr'><strong>ι</strong></span> 
     </span>
    </p>
   </div>
   <div class='ocr_carea' id='block_1_116' title="bbox 1953 4809 3457 4922">
    <p class='ocr_par' dir='ltr' id='par_1_116' title="bbox 1953 4809 3457 4922">
     <span class='ocr_line' id='line_1_117' title="bbox 1953 4809 3457 4922; baseline 0.012 -65"><span class='ocrx_word' id='word_1_845' title='bbox 1953 4810 2024 4869; x_wconf 82' lang='grc' dir='ltr'><strong>(Ῑ)</strong></span> <span class='ocrx_word' id='word_1_846' title='bbox 2058 4809 2080 4879; x_wconf 70' lang='lat' dir='ltr'><strong>l</strong></span> <span class='ocrx_word' id='word_1_847' title='bbox 2085 4811 2236 4882; x_wconf 75' lang='lat' dir='ltr'><strong>isdem</strong></span> <span class='ocrx_word' id='word_1_848' title='bbox 2256 4811 2397 4872; x_wconf 85' lang='lat' dir='ltr'><strong>plane</strong></span> <span class='ocrx_word' id='word_1_849' title='bbox 2414 4817 2637 4922; x_wconf 55' lang='lat' dir='ltr'><strong>vestigiis</strong></span> <span class='ocrx_word' id='word_1_850' title='bbox 2650 4817 2832 4868; x_wconf 88' lang='lat' dir='ltr'><strong>Phocas</strong></span> <span class='ocrx_word' id='word_1_851' title='bbox 2848 4819 2909 4867; x_wconf 91' lang='lat' dir='ltr'><strong>ab</strong></span> <span class='ocrx_word' id='word_1_852' title='bbox 2923 4819 3096 4869; x_wconf 79' lang='lat' dir='ltr'><strong>Allatio</strong></span> <span class='ocrx_word' id='word_1_853' title='bbox 3115 4821 3289 4881; x_wconf 84' lang='lat' dir='ltr'><strong>editus,</strong></span> <span class='ocrx_word' id='word_1_854' title='bbox 3304 4837 3457 4885; x_wconf 86' lang='lat' dir='ltr'><strong>quem</strong></span> 
     </span>
     <span class='ocr_line' id='line_1_118' title="bbox 1953 4868 3457 4922; baseline 0.005 -6"><span class='ocrx_word' id='word_1_855' title='bbox 1953 4868 2106 4918; x_wconf 80' lang='lat' dir='ltr'><strong>oderit</strong></span> <span class='ocrx_word' id='word_1_856' title='bbox 2128 4873 2369 4922; x_wconf 79' lang='lat' dir='ltr'><strong>interdum</strong></span> <span class='ocrx_word' id='word_1_857' title='bbox 2390 4883 2533 4922; x_wconf 86' lang='lat' dir='ltr'><strong>contu</strong></span> <span class='ocrx_word' id='word_1_858' title='bbox 2555 4889 2668 4922; x_wconf 79' lang='lat' dir='ltr'><strong>isse.</strong></span> <span class='ocrx_word' id='word_1_859' title='bbox 2682 4891 2786 4922; x_wconf 58' lang='lat' dir='ltr'><strong>una.</strong></span> <span class='ocrx_word' id='word_1_860' title='bbox 2804 4893 2868 4922; x_wconf 60' lang='grc' dir='ltr'><strong>τίς.</strong></span> <span class='ocrx_word' id='word_1_861' title='bbox 2892 4888 3037 4922; x_wconf 55' lang='lat' dir='ltr'><strong>2.5m,</strong></span> <span class='ocrx_word' id='word_1_862' title='bbox 3059 4894 3101 4922; x_wconf 65' lang='grc' dir='ltr'><strong>ρ).</strong></span> <span class='ocrx_word' id='word_1_863' title='bbox 3118 4896 3284 4922; x_wconf 53' lang='lat' dir='ltr'><strong>suun</strong></span> <span class='ocrx_word' id='word_1_864' title='bbox 3304 4899 3457 4922; x_wconf 79' lang='lat'><strong>..-....._</strong></span> 
     </span>
    </p>
   </div>
   <div class='ocr_carea' id='block_1_117' title="bbox 1890 4868 3458 4948">
    <p class='ocr_par' dir='ltr' id='par_1_117' title="bbox 1890 4868 3458 4948">
     <span class='ocr_line' id='line_1_119' title="bbox 1890 4868 3458 4948; baseline 0.013 -33"><span class='ocrx_word' id='word_1_865' title='bbox 1890 4868 2108 4948; x_wconf 77' lang='lat' dir='ltr'><strong>proderit</strong></span> <span class='ocrx_word' id='word_1_866' title='bbox 2128 4868 2369 4948; x_wconf 74' lang='lat' dir='ltr'><strong>interdum</strong></span> <span class='ocrx_word' id='word_1_867' title='bbox 2390 4868 2668 4933; x_wconf 80' lang='lat' dir='ltr'><strong>contulisse,</strong></span> <span class='ocrx_word' id='word_1_868' title='bbox 2682 4891 2786 4928; x_wconf 65' lang='grc' dir='ltr'><strong>ωτι</strong></span> <span class='ocrx_word' id='word_1_869' title='bbox 2804 4893 2868 4938; x_wconf 72' lang='grc' dir='ltr'><strong>τήν</strong></span> <span class='ocrx_word' id='word_1_870' title='bbox 2891 4888 3040 4937; x_wconf 71' lang='grc' dir='ltr'><strong>Σιδῶνα,</strong></span> <span class='ocrx_word' id='word_1_871' title='bbox 3059 4868 3101 4931; x_wconf 57' lang='lat' dir='ltr'><strong>et</strong></span> <span class='ocrx_word' id='word_1_872' title='bbox 3117 4868 3289 4948; x_wconf 39' lang='lat' dir='ltr'><strong>angi;</strong></span> 
     </span>
    </p>
   </div>
   <div class='ocr_carea' id='block_1_118' title="bbox 1888 4941 3459 5006">
    <p class='ocr_par' dir='ltr' id='par_1_118' title="bbox 1888 4941 3459 5006">
     <span class='ocr_line' id='line_1_120' title="bbox 1888 4941 3459 5006; baseline 0.013 -30"><span class='ocrx_word' id='word_1_873' title='bbox 1888 4941 1966 5006; x_wconf 51' lang='lat' dir='ltr'><strong>tegi</strong></span> <span class='ocrx_word' id='word_1_874' title='bbox 1987 4941 2030 4978; x_wconf 84' lang='grc' dir='ltr'><strong>τὸ</strong></span> <span class='ocrx_word' id='word_1_875' title='bbox 2051 4943 2192 5006; x_wconf 54' lang='grc' dir='ltr'><strong>κλῦςμα</strong></span> <span class='ocrx_word' id='word_1_876' title='bbox 2214 4949 2278 4992; x_wconf 69' lang='grc' dir='ltr'><strong>τῆς</strong></span> <span class='ocrx_word' id='word_1_877' title='bbox 2301 4946 2486 4993; x_wconf 62' lang='grc' dir='ltr'><strong>θαλάσσης</strong></span> <span class='ocrx_word' id='word_1_878' title='bbox 2508 4948 2758 4996; x_wconf 64' lang='grc' dir='ltr'><strong>τιοιιιιλὶοηαι</strong></span> <span class='ocrx_word' id='word_1_879' title='bbox 2780 4977 2791 4995; x_wconf 82' lang='grc'><strong><em>,</em></strong></span> <span class='ocrx_word' id='word_1_880' title='bbox 2813 4952 2876 4988; x_wconf 72' lang='lat' dir='ltr'><strong>xui</strong></span> <span class='ocrx_word' id='word_1_881' title='bbox 2895 4953 2980 4997; x_wconf 78' lang='grc' dir='ltr'><strong>ναὸς</strong></span> <span class='ocrx_word' id='word_1_882' title='bbox 3001 4941 3181 5002; x_wconf 53' lang='lat' dir='ltr'><strong>«mmo</strong></span> <span class='ocrx_word' id='word_1_883' title='bbox 3204 4941 3314 4994; x_wconf 62' lang='grc' dir='ltr'>ιῖλιοῦ</span> <span class='ocrx_word' id='word_1_884' title='bbox 3337 4941 3459 5006; x_wconf 28' lang='lat' dir='ltr'><strong>king</strong></span> 
     </span>
    </p>
   </div>
   <div class='ocr_carea' id='block_1_119' title="bbox 1889 5001 3460 5097">
    <p class='ocr_par' dir='ltr' id='par_1_119' title="bbox 1889 5001 3460 5097">
     <span class='ocr_line' id='line_1_121' title="bbox 1889 5001 3460 5097; baseline 0.011 -59"><span class='ocrx_word' id='word_1_885' title='bbox 1889 5002 1983 5097; x_wconf 47' lang='lat' dir='ltr'><strong>alii:</strong></span> <span class='ocrx_word' id='word_1_886' title='bbox 2017 5007 2081 5049; x_wconf 74' lang='grc' dir='ltr'><strong>τῆς</strong></span> <span class='ocrx_word' id='word_1_887' title='bbox 2112 5001 2296 5051; x_wconf 59' lang='lat' dir='ltr'><strong>Ennio-qq</strong></span> <span class='ocrx_word' id='word_1_888' title='bbox 2313 5005 2422 5044; x_wconf 70' lang='grc' dir='ltr'><strong>αὺτὸν</strong></span> <span class='ocrx_word' id='word_1_889' title='bbox 2455 5008 2586 5056; x_wconf 67' lang='grc' dir='ltr'><strong>χήρας,</strong></span> <span class='ocrx_word' id='word_1_890' title='bbox 2622 5009 2731 5055; x_wconf 61' lang='lat' dir='ltr'><strong>[Alam</strong></span> <span class='ocrx_word' id='word_1_891' title='bbox 2760 5014 2824 5048; x_wconf 77' lang='grc' dir='ltr'><strong>τοῦ</strong></span> <span class='ocrx_word' id='word_1_892' title='bbox 2845 5001 3253 5064; x_wconf 14' lang='grc' dir='ltr'><strong>πολεσιωτὸςγῗδρνται.</strong></span> <span class='ocrx_word' id='word_1_893' title='bbox 3294 5022 3316 5050; x_wconf 73' lang='grc' dir='ltr'><strong><em>α</em></strong></span> <span class='ocrx_word' id='word_1_894' title='bbox 3345 5001 3460 5056; x_wconf 75' lang='grc' dir='ltr'><strong>Ροδὶ</strong></span> 
     </span>
     <span class='ocr_line' id='line_1_122' title="bbox 1889 5049 3454 5097; baseline 0 0"><span class='ocrx_word' id='word_1_895' title='bbox 1889 5049 1941 5097; x_wconf 86' lang='lat' dir='ltr'><strong>SI</strong></span> <span class='ocrx_word' id='word_1_896' title='bbox 1977 5062 2150 5097; x_wconf 87' lang='lat' dir='ltr'><strong>onem.</strong></span> <span class='ocrx_word' id='word_1_897' title='bbox 2192 5054 2431 5097; x_wconf 81' lang='lat' dir='ltr'><strong>Sarenhta</strong></span> <span class='ocrx_word' id='word_1_898' title='bbox 2453 5063 2660 5097; x_wconf 76' lang='lat' dir='ltr'><strong>castrum</strong></span> <span class='ocrx_word' id='word_1_899' title='bbox 2695 5058 2740 5097; x_wconf 90' lang='lat' dir='ltr'><strong>in</strong></span> <span class='ocrx_word' id='word_1_900' title='bbox 2764 5057 3006 5097; x_wconf 74' lang='lat' dir='ltr'><strong>allurian</strong></span> <span class='ocrx_word' id='word_1_901' title='bbox 3043 5064 3140 5097; x_wconf 62' lang='lat' dir='ltr'><strong>inm</strong></span> <span class='ocrx_word' id='word_1_902' title='bbox 3177 5067 3322 5097; x_wconf 64' lang='lat' dir='ltr'><strong>marica</strong></span> <span class='ocrx_word' id='word_1_903' title='bbox 3346 5065 3454 5097; x_wconf 70' lang='lat' dir='ltr'><strong>ru..-</strong></span> 
     </span>
    </p>
   </div>
   <div class='ocr_carea' id='block_1_120' title="bbox 1889 5049 3454 5122">
    <p class='ocr_par' dir='ltr' id='par_1_120' title="bbox 1889 5049 3454 5122">
     <span class='ocr_line' id='line_1_123' title="bbox 1889 5049 3454 5122; baseline 0.011 -25"><span class='ocrx_word' id='word_1_904' title='bbox 1889 5049 2150 5122; x_wconf 34' lang='lat' dir='ltr'><strong>Sidonem‘,</strong></span> <span class='ocrx_word' id='word_1_905' title='bbox 2178 5049 2662 5122; x_wconf 33' lang='lat' dir='ltr'><strong>summissam</strong></span> <span class='ocrx_word' id='word_1_906' title='bbox 2694 5058 2741 5122; x_wconf 81' lang='lat' dir='ltr'><strong>in</strong></span> <span class='ocrx_word' id='word_1_907' title='bbox 2764 5049 3024 5122; x_wconf 58' lang='lat' dir='ltr'><strong>alluvione</strong></span> <span class='ocrx_word' id='word_1_908' title='bbox 3042 5049 3324 5122; x_wconf 50' lang='lat' dir='ltr'><strong>ipsa‘maris</strong></span> <span class='ocrx_word' id='word_1_909' title='bbox 3345 5049 3454 5113; x_wconf 51' lang='lat' dir='ltr'><strong>fuit:</strong></span> 
     </span>
    </p>
   </div>
   <div class='ocr_carea' id='block_1_121' title="bbox 1888 5108 3459 5183">
    <p class='ocr_par' dir='ltr' id='par_1_121' title="bbox 1888 5108 3459 5183">
     <span class='ocr_line' id='line_1_124' title="bbox 1888 5108 3459 5183; baseline 0.012 -28"><span class='ocrx_word' id='word_1_910' title='bbox 1888 5108 2064 5183; x_wconf 63' lang='lat' dir='ltr'><strong>datur,</strong></span> <span class='ocrx_word' id='word_1_911' title='bbox 2087 5108 2142 5183; x_wconf 68' lang='lat' dir='ltr'><strong>et</strong></span> <span class='ocrx_word' id='word_1_912' title='bbox 2175 5108 2405 5172; x_wconf 76' lang='lat' dir='ltr'><strong>templum</strong></span> <span class='ocrx_word' id='word_1_913' title='bbox 2430 5114 2450 5174; x_wconf 92' lang='lat'>(</span> <span class='ocrx_word' id='word_1_914' title='bbox 2467 5115 2926 5183; x_wconf 26' lang='lat' dir='ltr'><strong>Igiernturriculam)</strong></span> <span class='ocrx_word' id='word_1_915' title='bbox 2959 5108 3459 5183; x_wconf 41' lang='lat' dir='ltr'><strong>Prophetre—Elite—‘in</strong></span> 
     </span>
    </p>
   </div>
   <div class='ocr_carea' id='block_1_122' title="bbox 1891 5169 3556 5242">
    <p class='ocr_par' dir='ltr' id='par_1_122' title="bbox 1891 5169 3556 5242">
     <span class='ocr_line' id='line_1_125' title="bbox 1891 5169 3556 5242; baseline 0.013 -27"><span class='ocrx_word' id='word_1_916' title='bbox 1891 5169 2194 5242; x_wconf 55' lang='lat' dir='ltr'><strong>redeyiduze,</strong></span> <span class='ocrx_word' id='word_1_917' title='bbox 2217 5169 2327 5232; x_wconf 67' lang='lat' dir='ltr'><strong>qum</strong></span> <span class='ocrx_word' id='word_1_918' title='bbox 2350 5169 2463 5221; x_wconf 87' lang='lat' dir='ltr'><strong>eum</strong></span> <span class='ocrx_word' id='word_1_919' title='bbox 2486 5174 2692 5236; x_wconf 87' lang='lat' dir='ltr'><strong>hospitio</strong></span> <span class='ocrx_word' id='word_1_920' title='bbox 2725 5169 3024 5242; x_wconf 70' lang='lat' dir='ltr'><strong>exceperat,</strong></span> <span class='ocrx_word' id='word_1_921' title='bbox 3055 5169 3218 5232; x_wconf 67' lang='lat' dir='ltr'><strong>inedia</strong></span> <span class='ocrx_word' id='word_1_922' title='bbox 3253 5169 3459 5234; x_wconf 53' lang='lat' dir='ltr'><strong>init-13;;</strong></span> <span class='ocrx_word' id='word_1_923' title='bbox 3550 5180 3556 5190; x_wconf 85' lang='grc'><strong>’</strong></span> 
     </span>
    </p>
   </div>
   <div class='ocr_carea' id='block_1_123' title="bbox 1890 5231 2152 5289">
    <p class='ocr_par' dir='ltr' id='par_1_123' title="bbox 1890 5231 2152 5289">
     <span class='ocr_line' id='line_1_126' title="bbox 1890 5231 2152 5289; baseline -0.011 -12"><span class='ocrx_word' id='word_1_924' title='bbox 1890 5231 2116 5289; x_wconf 80' lang='lat' dir='ltr'><strong>assurgit.</strong></span> <span class='ocrx_word' id='word_1_925' title='bbox 2128 5245 2152 5274; x_wconf 77' lang='grc' dir='ltr'><strong>ι</strong></span> 
     </span>
    </p>
   </div>
   <div class='ocr_carea' id='block_1_124' title="bbox 1954 5287 3459 5364">
    <p class='ocr_par' dir='ltr' id='par_1_124' title="bbox 1954 5287 3459 5364">
     <span class='ocr_line' id='line_1_127' title="bbox 1954 5287 3459 5364; baseline 0.004 -14"><span class='ocrx_word' id='word_1_926' title='bbox 1954 5287 2413 5364; x_wconf 43' lang='grc' dir='ltr'><strong>(9)]1ξεηιοοᾱξοςει</strong></span> <span class='ocrx_word' id='word_1_927' title='bbox 2442 5295 2592 5364; x_wconf 82' lang='lat' dir='ltr'><strong>nostri</strong></span> <span class='ocrx_word' id='word_1_928' title='bbox 2629 5308 2800 5345; x_wconf 87' lang='lat' dir='ltr'><strong>omnes</strong></span> <span class='ocrx_word' id='word_1_929' title='bbox 2833 5299 2960 5348; x_wconf 73' lang='lat' dir='ltr'><strong>Acha</strong></span> <span class='ocrx_word' id='word_1_930' title='bbox 2980 5305 3169 5364; x_wconf 25' lang='lat' dir='ltr'><strong>,‘cujus</strong></span> <span class='ocrx_word' id='word_1_931' title='bbox 3202 5302 3308 5353; x_wconf 90' lang='lat' dir='ltr'><strong>loco</strong></span> <span class='ocrx_word' id='word_1_932' title='bbox 3345 5303 3459 5356; x_wconf 92' lang='lat' dir='ltr'><strong>olim</strong></span> 
     </span>
    </p>
   </div>
   <div class='ocr_carea' id='block_1_125' title="bbox 1894 5348 3459 5422">
    <p class='ocr_par' dir='ltr' id='par_1_125' title="bbox 1894 5348 3459 5422">
     <span class='ocr_line' id='line_1_128' title="bbox 1894 5348 3459 5422; baseline 0.013 -28"><span class='ocrx_word' id='word_1_933' title='bbox 1894 5348 2084 5422; x_wconf 74' lang='lat' dir='ltr'><strong>eratad</strong></span> <span class='ocrx_word' id='word_1_934' title='bbox 2107 5350 2221 5420; x_wconf 68' lang='lat' dir='ltr'><strong>qoth</strong></span> <span class='ocrx_word' id='word_1_935' title='bbox 2242 5388 2255 5410; x_wconf 92' lang='lat'><strong>,</strong></span> <span class='ocrx_word' id='word_1_936' title='bbox 2283 5359 2334 5400; x_wconf 89' lang='lat' dir='ltr'><strong>et</strong></span> <span class='ocrx_word' id='word_1_937' title='bbox 2354 5353 2658 5422; x_wconf 59' lang='lat' dir='ltr'><strong>Manichacus</strong></span> <span class='ocrx_word' id='word_1_938' title='bbox 2674 5367 2811 5422; x_wconf 68' lang='lat' dir='ltr'><strong>_Ac_co</strong></span> <span class='ocrx_word' id='word_1_939' title='bbox 2844 5348 3165 5422; x_wconf 34' lang='lat' dir='ltr'><strong>emenda-vit,</strong></span> <span class='ocrx_word' id='word_1_940' title='bbox 3184 5348 3241 5412; x_wconf 62' lang='lat' dir='ltr'><strong>ut</strong></span> <span class='ocrx_word' id='word_1_941' title='bbox 3257 5348 3459 5414; x_wconf 62' lang='lat' dir='ltr'><strong>videtur</strong></span> 
     </span>
    </p>
   </div>
   <div class='ocr_carea' id='block_1_126' title="bbox 1893 5413 3460 5479">
    <p class='ocr_par' dir='ltr' id='par_1_126' title="bbox 1893 5413 3460 5479">
     <span class='ocr_line' id='line_1_129' title="bbox 1893 5413 3460 5479; baseline 0.015 -26"><span class='ocrx_word' id='word_1_942' title='bbox 1893 5422 1956 5453; x_wconf 78' lang='lat' dir='ltr'><strong>cx</strong></span> <span class='ocrx_word' id='word_1_943' title='bbox 1976 5413 2198 5479; x_wconf 69' lang='lat' dir='ltr'><strong>ingenio,</strong></span> <span class='ocrx_word' id='word_1_944' title='bbox 2221 5426 2328 5479; x_wconf 78' lang='lat' dir='ltr'><strong>cum</strong></span> <span class='ocrx_word' id='word_1_945' title='bbox 2354 5413 2466 5479; x_wconf 71' lang='lat' dir='ltr'><strong>Mss.</strong></span> <span class='ocrx_word' id='word_1_946' title='bbox 2493 5415 2784 5479; x_wconf 75' lang='lat' dir='ltr'><strong>exemplaria</strong></span> <span class='ocrx_word' id='word_1_947' title='bbox 2807 5433 2901 5468; x_wconf 89' lang='lat' dir='ltr'><strong>non</strong></span> <span class='ocrx_word' id='word_1_948' title='bbox 2937 5413 3152 5473; x_wconf 48' lang='lat' dir='ltr'><strong>adducat:</strong></span> <span class='ocrx_word' id='word_1_949' title='bbox 3179 5413 3460 5477; x_wconf 78' lang='lat' dir='ltr'><strong>Lectionetu</strong></span> 
     </span>
    </p>
   </div>
   <div class='ocr_carea' id='block_1_127' title="bbox 1891 5472 3460 5546">
    <p class='ocr_par' dir='ltr' id='par_1_127' title="bbox 1891 5472 3460 5546">
     <span class='ocr_line' id='line_1_130' title="bbox 1891 5472 3460 5546; baseline 0.024 -42"><span class='ocrx_word' id='word_1_950' title='bbox 1891 5472 2064 5546; x_wconf 47' lang='lat' dir='ltr'><strong>qsserii:</strong></span> <span class='ocrx_word' id='word_1_951' title='bbox 2088 5479 2138 5518; x_wconf 76' lang='lat' dir='ltr'><strong>et</strong></span> <span class='ocrx_word' id='word_1_952' title='bbox 2160 5472 2298 5546; x_wconf 55' lang='lat' dir='ltr'><strong>paulo</strong></span> <span class='ocrx_word' id='word_1_953' title='bbox 2320 5483 2433 5546; x_wconf 81' lang='lat' dir='ltr'><strong>ante</strong></span> <span class='ocrx_word' id='word_1_954' title='bbox 2453 5472 2668 5546; x_wconf 65' lang='lat' dir='ltr'><strong>laudatus</strong></span> <span class='ocrx_word' id='word_1_955' title='bbox 2689 5477 2890 5546; x_wconf 81' lang='lat' dir='ltr'><strong>Phocas,</strong></span> <span class='ocrx_word' id='word_1_956' title='bbox 2913 5494 3040 5533; x_wconf 61' lang='lat' dir='ltr'><strong>natu</strong></span> <span class='ocrx_word' id='word_1_957' title='bbox 3062 5472 3158 5536; x_wconf 67' lang='lat' dir='ltr'><strong>unt.</strong></span> <span class='ocrx_word' id='word_1_958' title='bbox 3179 5498 3221 5546; x_wconf 16' lang='grc' dir='ltr'><strong>ἠέ</strong></span> <span class='ocrx_word' id='word_1_959' title='bbox 3237 5472 3460 5546; x_wconf 38' lang='lat' dir='ltr'><strong>aretque.</strong></span> 
     </span>
    </p>
   </div>
   <div class='ocr_carea' id='block_1_128' title="bbox 1895 5532 3458 5606">
    <p class='ocr_par' dir='ltr' id='par_1_128' title="bbox 1895 5532 3458 5606">
     <span class='ocr_line' id='line_1_131' title="bbox 1895 5532 3458 5606; baseline 0.013 -31"><span class='ocrx_word' id='word_1_960' title='bbox 1895 5540 1978 5606; x_wconf 51' lang='grc' dir='ltr'><strong>ίτοε</strong></span> <span class='ocrx_word' id='word_1_961' title='bbox 1988 5542 2032 5606; x_wconf 51' lang='grc' dir='ltr'><strong>εξ</strong></span> <span class='ocrx_word' id='word_1_962' title='bbox 2045 5533 2145 5606; x_wconf 45' lang='lat' dir='ltr'><strong>ixi.</strong></span> <span class='ocrx_word' id='word_1_963' title='bbox 2169 5532 2288 5606; x_wconf 64' lang='lat' dir='ltr'><strong>Ejus</strong></span> <span class='ocrx_word' id='word_1_964' title='bbox 2299 5538 2465 5606; x_wconf 73' lang='lat' dir='ltr'><strong>autem</strong></span> <span class='ocrx_word' id='word_1_965' title='bbox 2472 5537 2685 5606; x_wconf 70' lang='lat' dir='ltr'><strong>civitatis</strong></span> <span class='ocrx_word' id='word_1_966' title='bbox 2697 5532 2887 5606; x_wconf 77' lang='lat' dir='ltr'><strong>mentio</strong></span> <span class='ocrx_word' id='word_1_967' title='bbox 2899 5550 2976 5592; x_wconf 90' lang='lat' dir='ltr'><strong>est</strong></span> <span class='ocrx_word' id='word_1_968' title='bbox 2989 5532 3223 5606; x_wconf 49' lang='lat' dir='ltr'><strong>quodie)</strong></span> <span class='ocrx_word' id='word_1_969' title='bbox 3230 5532 3436 5595; x_wconf 67' lang='lat' dir='ltr'><strong>Jdl‘i&#39;fs&#39;i</strong></span> <span class='ocrx_word' id='word_1_970' title='bbox 3446 5532 3458 5596; x_wconf 67' lang='grc' dir='ltr'>ξ</span> 
     </span>
    </p>
   </div>
   <div class='ocr_carea' id='block_1_129' title="bbox 1962 5589 3489 5668">
    <p class='ocr_par' dir='ltr' id='par_1_129' title="bbox 1962 5589 3489 5668">
     <span class='ocr_line' id='line_1_132' title="bbox 1962 5589 3489 5668; baseline 0.016 -32"><span class='ocrx_word' id='word_1_971' title='bbox 1962 5589 2034 5650; x_wconf 74' lang='lat' dir='ltr'><strong>(It)</strong></span> <span class='ocrx_word' id='word_1_972' title='bbox 2068 5589 2175 5641; x_wconf 87' lang='lat' dir='ltr'><strong>Duo</strong></span> <span class='ocrx_word' id='word_1_973' title='bbox 2210 5589 2410 5656; x_wconf 80' lang='lat' dir='ltr'><strong>Reginae</strong></span> <span class='ocrx_word' id='word_1_974' title='bbox 2447 5595 2560 5645; x_wconf 81' lang='lat' dir='ltr'><strong>Mss.</strong></span> <span class='ocrx_word' id='word_1_975' title='bbox 2604 5599 2775 5647; x_wconf 90' lang='lat' dir='ltr'><strong>minori</strong></span> <span class='ocrx_word' id='word_1_976' title='bbox 2813 5589 3489 5668; x_wconf 58' lang='lat' dir='ltr'><strong>numéia&#39;jii&#39;c&#39;ziiiciaihi-</strong></span> 
     </span>
    </p>
   </div>
  </div>
