4054 6192
1492 218 1788 280 lZl’lS'l‘OL.1

1890 212 2037 271 LV'lll.
3315 200 3421 257 886

1844 332 1992 402 juxta
2024 342 2178 397 quam
2205 322 2379 382 Iacob
2398 322 2473 393 (θ)
2505 322 2652 393 pavit
2678 333 2865 391 greges
2893 330 3021 373 suos
3042 360 3057 385 ,
3081 325 3132 373 et
3159 326 3406 387 pastores

1852 433 2007 479 nocte
2036 420 2319 490 vigilantes
2342 415 2528 471 audire
2554 420 2897 470 tuoruerunt:
2922 410 3100 465 Gloria
3130 411 3181 464 in
3211 412 3423 466 excelsis

1853 514 1983 576 Deo,
2016 522 2060 566 et
2094 527 2247 579 super
2280 519 2466 563 terram
2516 519 2618 560 uox
2657 503 2940 557 hominibus
2981 501 3125 555 bome
3153 500 3428 555 uoluntatis

1856 603 2004 673 (Luc.
2033 602 2088 656 2.
2116 602 2227 667 Η).
2266 599 2505 665 Dumque
2547 601 2763 649 servant
2798 607 2926 646 oves
2958 632 2975 655 ,
3005 591 3318 645 invenerunt
3358 591 3429 643 A-

131 244 260 306 885

132 366 354 437 gaudio
387 365 494 421 lact
507 360 662 434 ymis,
681 352 1035 426 loquebatur:
1062 346 1223 403 Sal’ve
1244 343 1525 406 Bethleem,
1555 340 1736 392 domus

137 427 307 523 lienis
327 496 347 523 ,
378 456 440 511 in
470 427 570 525 qua
599 458 755 506 natus
782 453 865 501 est
886 442 978 498 ille
1007 438 1157 510 panis
1177 478 1193 501 ,
1215 434 1307 505 qui
1348 433 1415 487 de
1458 429 1596 484 coelo
1644 427 1742 480 de-

137 546 401 603 scendit.
428 545 586 600 Salve
613 539 867 608 Ephrata,
889 533 1039 603 regio
1068 529 1342 591 uberrima,
1369 535 1526 593 atque
1551 541 1747 591 καρπα-

139 646 263 710 φόρα
306 634 329 706 [
355 636 437 689 al.
461 626 769 701 καρπογόρα]
793 667 809 691 ,
838 624 992 693 cujus
1024 619 1271 675 fertilitas
1297 618 1433 669 Deus
1462 621 1567 667 est.
1600 611 1673 662 De
1698 619 1748 661 te

140 701 445 795 quondam
488 720 736 776 Michzeas
779 716 1094 770 vaticinatus
1133 717 1212 764 est
1238 726 1257 762 :
1286 705 1352 759 Et
1394 715 1447 758 tu
1488 701 1749 756 Bethleem

142 790 345 869 domus
383 813 626 882 Ephrata
645 851 659 873 ,
688 808 773 881 (a)
799 823 901 861 non
946 802 1153 856 minima
1179 816 1233 854 es
1257 799 1311 851 in
1340 794 1563 848 millibus
1586 790 1748 843 Iuda.

144 904 239 960 Ea:
276 913 328 959 te
370 881 507 957 mihi
533 900 817 971 egredietur
843 938 859 963 ,
896 895 983 965 qui
1017 893 1081 946 sit
1121 890 1360 961 princeps
1387 885 1440 937 in
1465 881 1675 936 Israel:
1703 886 1752 931 et

146 1010 400 1065 egressus
430 994 543 1063 ejus
572 991 633 1044 ab
661 990 807 1043 initio
833 1004 865 1038 a
898 984 1071 1037 diebus
1100 979 1421 1035 aztcrnitatis.
1475 972 1753 1041 Propterea

148 1062 305 1140 dabis
336 1100 431 1139 eos
456 1062 618 1153 usque
645 1081 711 1133 ad
733 1091 926 1147 tempus
955 1072 1213 1144 parientis.
1238 1068 1431 1128 Pariet,
1461 1076 1506 1119 et
1532 1062 1761 1127 reliquid:

152 1181 394 1246 fratrum
426 1152 543 1244 ejus
572 1177 923 1225 convertentur
946 1165 1014 1217 ad
1040 1163 1173 1232 ﬁlios
1202 1158 1369 1214 Israel
1406 1155 1590 1223 (Miclt.
1620 1154 1673 1208 5.
1699 1152 1755 1204 2.

148 1245 255 1334 3).
305 1266 371 1318 In
404 1273 463 1319 te
488 1264 630 1319 enim
660 1270 816 1315 natus
849 1258 1095 1328 princeps
1122 1295 1138 1321 ,
1182 1252 1271 1322 qui
1301 1259 1427 1304 ante
1454 1245 1757 1301 Luciferum

149 1358 388 1426 genitus
412 1364 503 1410 est
524 1354 694 1425 (Psal.
726 1350 885 1420 me):
910 1350 1061 1417 cujus
1080 1346 1148 1401 de
1167 1345 1325 1399 Patre
1353 1339 1619 1400 nativitas,
1642 1349 1762 1388 om-

152 1464 290 1502 nem
372 1448 549 1518 699
621 1444 833 1498 excedit
853 1450 1085 1496 aetatem.
1117 1438 1181 1491 Et
1212 1433 1414 1488 tamdiu
1441 1431 1494 1485 in
1522 1440 1573 1483 te
1601 1426 1762 1482 Davi-

157 1540 270 1594 d-iei
302 1540 533 1609 generis
550 1539 708 1606 origo
729 1533 1039 1604 permansit,
1067 1528 1244 1584 donec
1266 1525 1421 1595 virgo.
1440 1528 1647 1593 pareret
1666 1560 1681 1585 ,
1710 1526 1766 1573 et

157 1631 427 1701 reliquiae
457 1628 638 1698 populi
668 1623 940 1681 credentis
968 1623 1020 1676 in
1050 1620 1321 1675 Christum
1342 1656 1357 1680 ,
1383 1621 1767 1669 converteren-

166 1732 257 1774 tur
291 1698 381 1772 ἐς]
441 1717 582 1770 tilios
638 1714 835 1776 Israel,
865 1720 921 1767 et
963 1710 1132 1764 libere
1180 1703 1578 1775 przedicarent:
1615 1698 1766 1751 Vobis

166 1809 453 1877 Oportebat
488 1808 707 1875 primum
737 1803 873 1871 loqui
899 1799 1101 1855 uerbum
1131 1796 1226 1849 Dei
1257 1813 1276 1859 ;
1314 1792 1405 1847 sed
1426 1790 1663 1860 quoniam
1687 1803 1768 1841 re-

170 1898 386 1969 pulistis
420 1896 591 1960 illud,
632 1902 679 1947 et
705 1892 942 1962 indignos
968 1905 1055 1943 vos
1074 1884 1348 1956 judicastis
1381 1891 1585 1936 (eterna
1609 1880 1722 1932 vita
1748 1917 1764 1942 ,

170 1968 289 2042 ecce
320 1986 669 2041 convertimus
696 1984 763 2035 ad
785 1990 958 2052 gentes
978 1979 1113 2052 (Act.
1134 1977 1221 2031 l5.
1244 1975 1360 2043 46).
1389 1973 1599 2026 Dixerat
1627 1968 1770 2022 enim

174 2080 327 2134 Deus
353 2076 456 2148 [ιιι.
490 2073 780 2145 Dominus},
815 2071 938 2126 Non
984 2070 1096 2125 ueni
1139 2069 1241 2122 nisi
1279 2067 1350 2120 ad
1391 2081 1505 2119 oves
1550 2060 1774 2131 perditas

174 2173 367 2223 domus
402 2168 573 2221 Israel
608 2167 627 2238 (
657 2166 843 2219 Matth.
872 2164 960 2219 l5.
988 2162 1060 2216 24
1080 2160 1124 2229 ).
1146 2160 1212 2215 Et
1246 2173 1312 2214 eo
1338 2167 1577 2225 tempore
1609 2152 1779 2209 Jacob

176 2278 352 2331 super
384 2275 456 2315 co
486 2259 646 2313 verba
670 2256 936 2326 completa
965 2262 1089 2309 sunt
1121 2269 1135 2307 :
1167 2250 1291 2305 Non
1319 2249 1515 2317 deﬁciet
1542 2247 1776 2315 princeps

176 2369 244 2411 ea:
273 2351 313 2404 Ι
318 2351 450 2415 uda,
482 2360 530 2403 et
558 2349 664 2401 dua:
691 2347 754 2400 de
767 2345 1028 2417 femoribus
1054 2345 1185 2414 ejus,
1203 2342 1360 2395 donec
1377 2340 1560 2401 veniat,
1586 2338 1669 2389 cui
1692 2352 1769 2388 re-

180 2444 417 2511 positum
448 2449 545 2505 est,
577 2449 624 2492 et
644 2440 757 2506 ipse
774 2438 867 2491 erit
886 2435 1190 2504 exspectatio
1211 2432 1431 2503 gentium
1456 2428 1660 2499 (Geues.
1684 2426 1774 2481 49!.

183 2533 256 2587 ιθ
283 2549 299 2593 ;
325 2532 492 2600 juxta
518 2526 722 2597 LXX).
747 2526 892 2580 Bene
923 2523 1085 2578 David
1109 2522 1324 2591 iurabat
1343 2561 1356 2576 .
1393 2519 1529 2573 bene
1552 2524 1672 2570 vota
1701 2515 1783 2569 la-

182 2622 370 2678 ciebat
408 2620 639 2674 dicens:
675 2617 736 2671 Si
780 2615 1022 2668 introiero
1067 2612 1121 2665 in
1165 2609 1547 2663 tabernaculum
1600 2607 1787 2661 domus

186 2727 337 2773 mese,
371 2710 420 2764 si
444 2708 720 2761 ascendero
743 2707 794 2758 in
824 2703 1006 2758 lectum
1028 2700 1175 2754 strati
1204 2700 1298 2753 mei
1331 2713 1352 2752 :
1373 2698 1417 2753 si
1464 2697 1648 2750 dedero
1693 2711 1780 2749 so-

188 2820 373 2858 mnum
401 2799 571 2856 oculis
600 2797 746 2863 meis,
774 2805 819 2851 et
837 2794 1089 2866 palpebris
1122 2792 1246 2845 meis
1272 2790 1699 2852 dormitationem,
1734 2796 1781 2841 et

189 2895 419 2959 requiem
450 2889 759 2959 temporibus
786 2887 930 2950 meis,
952 2884 1111 2937 donec
1135 2882 1386 2935 inveniam
1407 2880 1573 2933 locum
1601 2877 1785 2931 Domi-

193 3003 260 3038 no
285 3026 301 3050 ,
336 2980 723 3036 tabernaculum
749 2976 860 3031 Deo
885 2975 1046 3029 Iacob
1076 2974 1095 3044 (
1129 2972 1219 3027 Ps.
1245 2972 1367 3027 151.
1391 2971 1427 3025 5
1449 3011 1464 3035 ,
1491 2979 1536 3023 et
1558 2984 1691 3038 seqq.
1719 2968 1738 3036 )
1767 2983 1783 3033 ;

194 3084 249 3127 et
275 3074 468 3127 statim
497 3069 622 3137 quid
645 3067 975 3121 desideraret
1000 3063 1272 3133 exposuit,
1293 3069 1452 3130 atque
1468 3059 1639 3114 oculis
1663 3072 1789 3125 pro-

196 3160 524 3231 phetalibus
551 3197 566 3221 ,
611 3171 767 3225 quem
799 3169 897 3207 nos
926 3154 1141 3207 venisse
1182 3152 1294 3221 jam
1334 3148 1603 3204 credimus
1634 3188 1649 3211 ,
1699 3148 1789 3201 ille

195 3262 499 3308 venturum
523 3263 644 3302 esse
664 3246 940 3303 cernebat.
974 3243 1108 3297 Ecce
1131 3242 1418 3295 audivimus
1442 3241 1590 3293 illum
1618 3238 1672 3291 in
1714 3238 1790 3291 E-

198 3343 397 3412 pitrata
420 3381 434 3401 ,
469 3338 747 3392 invenimus
774 3353 885 3390 eum
914 3336 965 3389 iu
995 3335 1186 3404 campis
1212 3333 1367 3403 sylvas
1407 3331 1455 3405 (l
1464 3332 1568 3385 bid.
1600 3332 1676 3397 6).
1706 3330 1793 3386 ΖΟ

205 3432 283 3504 (li)
315 3431 519 3500 quippe
545 3443 723 3483 sermo
758 3427 1067 3489 Hebraicns,
1092 3434 1149 3477 ut
1168 3434 1217 3478 te
1234 3425 1460 3477 docente
1477 3420 1659 3485 didici,
1685 3436 1792 3475 non

203 3522 439 3577 Mariam
470 3529 694 3573 matrem
724 3516 957 3581 Domini,
991 3515 1094 3569 hoc
1118 3522 1221 3578 est,
1249 3518 1421 3576 αὐτὴν,
1451 3512 1545 3566 sed
1572 3513 1745 3581 ipsum
1775 3551 1793 3577 ,
1822 3564 1825 3565 ν

205 3612 259 3666 id
283 3622 388 3674 est,
413 3614 560 3665 αὐτὸν
586 3608 867 3678 significat.
894 3606 1044 3662 Unde
1070 3604 1651 3675 loquitnrconlidcnter
1674 3602 1798 3657 ειη·

208 3703 481 3756 troibimus
526 3702 579 3755 in
622 3699 997 3754 tabernaculum
1047 3699 1194 3768 ejus;
1222 3696 1544 3750 adorabimus
1586 3696 1639 3750 in
1689 3694 1803 3748 loco

208 3794 296 3847 ubi
325 3801 577 3848 steterunt
599 3795 746 3862 pedes
763 3792 893 3859 ejus.
916 3788 986 3842 Et
1001 3802 1100 3857 ego
1124 3786 1318 3842 misera
1336 3796 1491 3855 atque
1510 3785 1798 3855 peccatrix,

210 3885 374 3953 digna
400 3898 523 3937 sum
542 3881 772 3950 iudicata
796 3878 1094 3933 deosculari
1124 3890 1383 3947 prtesepe,
1412 3876 1464 3929 in
1490 3890 1597 3944 quo
1623 3874 1805 3928 Domi-

215 3991 319 4029 nus
346 3972 607 4043 parvulus
636 3970 842 4038 vagiit?
865 3982 1023 4023 orare
1049 3967 1101 4020 in
1128 3966 1409 4033 spelunca,
1440 3964 1494 4018 in
1522 3978 1626 4034 qua
1652 3964 1805 4031 virgo

216 4080 490 4140 puerpera
543 4063 823 4116 Dominum
870 4058 1008 4114 ludit
1047 4057 1360 4112 infantem?
1413 4054 1539 4110 llzcc
1589 4054 1807 4124 requies

218 4173 364 4216 utea.
397 4154 521 4225 quia
554 4152 759 4206 Domini
794 4151 893 4205 mei
919 4147 1087 4218 patria
1118 4154 1219 4201 est.
1247 4145 1344 4200 Hic
1372 4144 1643 4208 habitabo,
1672 4156 1809 4211 quo-

224 4250 370 4305 uiam
419 4244 671 4300 Salvator
720 4241 879 4311 elegit
921 4255 1062 4294 eam.
1110 4238 1297 4292 Paravi
1328 4238 1585 4291 lucernam
1610 4233 1808 4290 Christo

225 4357 337 4396 meo
379 4339 399 4409 (
431 4337 523 4391 Ps.
560 4337 679 4390 157.
710 4335 779 4388 57
808 4335 848 4401 ).
880 4332 1065 4384 Anima
1097 4346 1208 4383 mea
1236 4329 1312 4382 illi
1338 4329 1464 4381 vivet
1494 4366 1508 4390 ,
1554 4335 1601 4379 et
1641 4339 1811 4379 semen

230 4446 400 4484 sucum
449 4427 628 4481 serviet
672 4424 771 4492 ipsi
808 4421 925 4490 (Ps.
974 4420 1065 4477 2|.
1098 4420 1212 4488 51).
1270 4416 1419 4472 Haud
1465 4414 1643 4491 procul
1691 4413 1815 4469 inde

232 4518 510 4574 descendit
537 4516 602 4571 ad
632 4515 816 4570 turrim
837 4512 992 4578 Ader,
1009 4510 1059 4564 id
1082 4520 1184 4575 est,
1212 4510 1376 4581 gregis
1404 4506 1559 4578 (Gen.
1586 4506 1677 4562 35.
1701 4506 1812 4577 2|):

299 4673 373 4732 (a)
407 4670 545 4720 Idem
590 4679 741 4716 nonne
795 4663 992 4714 minima
1037 4668 1132 4713 etc.
1198 4659 1391 4731 Confer.
1442 4662 1585 4733 epist.
1629 4660 1710 4709 37.
1758 4660 1817 4708 ad

236 4731 519 4803 Pttmtnaelt.
545 4743 676 4776 nunt.
700 4728 751 4803 8.
781 4726 935 4803 Paul?
956 4719 1818 4803 postpro‘dabts‘halngndqlbuéﬁ

242 4781 389 4841 variat
430 4792 631 4841 Grtccus
664 4800 859 4851 quoque
895 4781 1033 4842 δάᾶιι,
1064 4781 1118 4833 et
1147 4792 1284 4840 socia.
1329 4782 1455 4831 Vide
1491 4782 1542 4830 iu
1570 4781 1819 4831 Michaeam

242 4853 635 4902 Commentarios.
1116 4880 1119 4881 ν

309 4913 379 4973 (b)
414 4913 530 4960 Mss.
558 4909 830 4973 nostrilob
850 4946 864 4973 _,
897 4911 980 4955 aut
1015 4903 1116 4954 Zoti
1152 4905 1368 4960 habent,
1409 4900 1491 4973 alii
1514 4915 1670 4973 penes
1691 4902 1821 4973 hiar-

247 4961 475 5025 ὶὶελῖιὼυω
490 4980 600 5039 χορ
616 5011 628 5028 ,
655 4971 733 5019 vel
761 4961 863 5019 lod
878 5007 891 5025 ,
916 4978 1119 5039 quorum
1134 4973 1433 5039 postremum
1452 4961 1575 5011 haud
1595 4961 1823 5024 displice-

249 5050 330 5090 ret
352 5076 366 5099 ,
400 5032 642 5099 siquidem
675 5054 735 5090 ex
771 5039 979 5087 Ht-brzeo
1000 5034 1108 5080 nm
1132 5035 1181 5099 in
1205 5039 1379 5099 neutro
1399 5045 1588 5099 genere
1614 5032 1823 5099 exprimi

252 5091 424 5164 potuit.
460 5091 539 5164 De
563 5102 792 5164 impressa
815 5099 1024 5164 leCtione
1054 5091 1823 5164 multadigseribBenedictinus,

255 5151 405 5226 quem
427 5163 558 5226 adito
579 5151 640 5209 ad
660 5160 773 5226 libri
789 5160 971 5226 calcem
990 5159 1069 5226 Lsi
1093 5155 1268 5224 lubet._
1283 5153 1382 5201 Nos
1402 5151 1446 5199 id
1471 5163 1618 5226 unum
1644 5151 1825 5221 exinde

256 5210 629 5277 éoustituimus.
660 5225 708 5272 in
731 5222 969 5271 Hebraico
991 5214 1367 5278 Hieronymiauo
1400 5210 1668 5273 exemplari
1712 5213 1829 5258 seri-

258 5300 393 5355 ptum
414 5292 545 5350 olim,
564 5289 631 5341 Πῖ
652 5286 840 5342 ῚΑὝὩἮ
859 5325 875 5349 ,
902 5287 979 5355 vel
1001 5284 1142 5355 MA,
1170 5284 1250 5334 vel
1271 5278 1316 5330 ’Π
1335 5319 1348 5343 ,
1387 5282 1514 5355 [tunc
1550 5279 1627 5355 vel
1663 5279 1793 5355 istud
1812 5317 1827 5339 ,

262 5348 581 5426 similiterque
605 5369 712 5423 post
733 5348 936 5409 verbum
955 5353 1135 5405 11m
1153 5391 1167 5413 ,
1202 5354 1418 5426 tametsi
1428 5352 1571 5426 aliter
1580 5348 1827 5426 legerim,

264 5428 404 5479 LXX.
416 5414 724 5494 habeantque
740 5430 1002 5478 etiamnum
1021 5422 1315 5494 exemplaria
1327 5422 1563 5494 Hebraiea
1580 5414 1828 5475 uuam.

269 5507 321 5569 et
342 5497 561 5569 5'“!!!ng
597 5488 709 5551 cum
730 5497 949 5569 feminini
970 5496 1171 5569 generis
1191 5492 1333 5569 adlato
1351 5530 1363 5553 ,
1386 5488 1667 5569 audivimus
1688 5501 1793 5537 eam
1813 5523 1827 5546 ,

270 5551 315 5632 et
335 5559 879 5632 iuvenimus_eam._-Mox
904 5551 998 5632 pro
1012 5562 1057 5632 te
1292 5588 1307 5615 ,
1331 5551 1517 5608 Scilicet
1537 5551 1831 5613 Hieronymo

274 5624 322 5675 in
343 5623 539 5688 Regitur.
556 5624 714 5676 altero
734 5622 823 5674 Ms.
848 5619 925 5673 est
948 5625 1045 5671 uta
1068 5619 1282 5669 docente.

1854 710 2014 765 gnum
2090 691 2252 762 7.00
2324 687 2570 755 Deipuro
2586 692 2639 739 et
2661 681 3014 737 mundissimo
3042 680 3257 743 vellere,
3283 678 3425 748 quod

1856 787 1918 840 in
1940 783 2185 838 ariditate
2213 780 2383 833 totius
2415 787 2569 831 teme
2599 774 2809 829 etulein
2848 787 2969 826 rore
2993 770 3321 839 completum
3346 776 3433 823 est

1859 876 2054 946 (ludio.
2084 873 2136 927 6.
2168 871 2260 942 57)
2299 887 2313 923 :
2354 879 2408 924 et
2432 867 2582 935 cuius
2600 862 2940 934 sanguistulit
2966 870 3180 930 peccata
3205 858 3387 912 mundi
3415 897 3432 923 ,

1859 977 1912 1020 et
1933 963 2404 1019 exterminatorem
2429 955 2667 1027 Egypti,
2693 954 2818 1009 litus
2859 951 2916 1006 in
2964 950 3205 1022 postibus
3234 948 3431 1018 iugavit

1861 1057 2056 1125 (Exod.
2088 1053 2204 1123 12).

1934 1146 2023 1200 Η.
2053 1142 2350 1211 Statimque
2378 1138 2597 1193 concito.
2614 1135 2802 1205 gradu,
2822 1132 2985 1201 erepit
3007 1145 3101 1201 per
3122 1130 3259 1184 viam
3287 1138 3438 1184 vete-

1864 1251 1978 1291 rem
2006 1246 2225 1303 pergere
2250 1271 2265 1297 ,
2289 1245 2407 1300 quae
2428 1228 2575 1283 ducit
2603 1226 2800 1281 Gazam
2821 1266 2837 1289 ,
2863 1223 2929 1278 ad
2959 1221 3233 1294 potentiam
3260 1220 3343 1274 vel
3372 1219 3440 1274 ad

1865 1327 2071 1381 divitias
2095 1324 2230 1385 Dei;
2262 1332 2317 1378 et
2339 1320 2494 1375 tacita
2522 1333 2707 1373 secum
2737 1316 2954 1372 volvere
2976 1356 2992 1380 ,
3013 1312 3284 1384 quomodo
3314 1310 3428 1365 Eu-

1869 1417 2073 1471 nuchus
2095 1413 2342 1482 Ethiops
2360 1410 2595 1481 gentium
2619 1406 2843 1479 populos
2873 1404 3239 1475 praeﬁgurans,
3268 1410 3439 1455 muta-

1870 1508 2007 1564 verit
2036 1506 2229 1576 pellem
2253 1519 2404 1559 snam
2433 1520 2449 1568 ;
2478 1510 2532 1557 et
2563 1500 2689 1555 dum
2715 1508 2871 1554 vetns
2898 1496 3087 1566 relegit
3111 1494 3438 1549 instrumen-

1873 1610 2024 1662 tum,
2080 1597 2282 1653 fontem
2334 1594 2536 1664 reperit
2605 1590 2899 1659 Evangelii.
2975 1589 3150 1657 Atque
3206 1586 3330 1642 inde
3380 1583 3445 1637 ad

1871 1690 2142 1743 dexteram
2163 1685 2243 1757 (ι)
2269 1683 2479 1739 transit.
2502 1684 2542 1736 A
2574 1681 2805 1736 Bethsur
2835 1678 2981 1732 venit
3007 1677 3162 1730 Εεςοί
3192 1716 3208 1740 .
3239 1690 3360 1745 quae
3391 1675 3443 1727 in

1872 1780 2068 1834 botrunt
2095 1776 2322 1830 vertitur
2360 1771 2549 1839 (Num.
2582 1772 2670 1841 l5.
2698 1769 2789 1822 2i.
2817 1778 2862 1821 et
2890 1766 3004 1837 25).
3036 1766 3186 1821 Unde
3212 1766 3264 1819 in
3291 1763 3443 1819 testi-

1866 1868 2108 1945 monium
2132 1874 2288 1920 terrm
2310 1859 2671 1924 lertilissimze,
2690 1867 2744 1911 et
2768 1858 2822 1911 in
2846 1864 3028 1927 typum
3051 1856 3166 1924 ejus
3189 1854 3275 1924 qui
3299 1854 3447 1908 dicit:

1874 1958 2127 2012 Torcular
2153 1954 2345 2009 calcavi
2374 1952 2535 2015 solus,
2568 1959 2615 2005 et
2663 1950 2725 2003 de
2752 1948 2981 2017 gentibus
3009 1947 3093 2015 (tl)
3122 1962 3222 1999 non
3260 1954 3332 1999 est
3370 1946 3444 1998 vir

1876 2042 2069 2102 mecum
2091 2045 2244 2118 (Isai.
2276 2045 2364 2100 65.
2390 2044 2466 2108 '5).
2500 2040 2867 2109 exploratores
2896 2037 3107 2091 botrutn
3141 2035 3295 2088 miras
3326 2049 3440 2087 ma-

1877 2136 2171 2209 gnitudinis
2200 2140 2545 2204 portaverunt
2580 2128 2769 2197 (Num.
2803 2126 2917 2195 15).
2954 2123 3060 2179 Nec
3091 2133 3211 2192 post
3236 2124 3451 2191 longum

1879 2226 2105 2296 Spatium
2121 2224 2334 2279 intravit
2347 2222 2494 2277 Sara:
2506 2215 2937 2281 cellulas,videns
2954 2212 3269 2267 incunabula
3287 2212 3450 2273 Isaac,

1880 2328 1936 2374 et
1977 2315 2195 2385 vestigia
2237 2326 2466 2383 quercus
2511 2308 2809 2369 Abraham,
2857 2305 2959 2359 sub
2987 2318 3090 2373 qua
3136 2300 3269 2356 vidit
3310 2300 3456 2355 diem

1881 2409 2203 2471 Christi,et
2267 2404 2475 2457 hetattts
2522 2407 2626 2453 est.
2682 2399 2856 2465 Atque
2911 2393 3036 2449 inde
3088 2406 3459 2463 consurgens,

1882 2499 2123 2555 ascendit
2150 2496 2421 2559 Chebron,
2445 2492 2560 2545 lucc
2587 2498 2669 2543 est
2697 2485 3082 2550 CariatIt-arbe,
3103 2484 3154 2538 id
3181 2493 3282 2548 est,
3305 2484 3457 2552 oppi-

1884 2594 2005 2645 dum
2047 2590 2270 2644 uirorum
2294 2592 2535 2653 quatuor,
2552 2578 2828 2635 Abraham
2844 2618 2860 2643 ,
2881 2576 3052 2643 Isaac,
3074 2574 3242 2630 Jucob
3261 2614 3278 2640 ,
3301 2582 3354 2628 et
3386 2574 3462 2642 (e)

1886 2681 2053 2735 Adam
2078 2676 2290 2746 magni,
2322 2688 2480 2743 quem
2504 2670 2577 2725 ibi
2600 2667 2873 2723 conditum
2895 2708 2912 2733 ,
2932 2666 3081 2735 juxta
3106 2664 3300 2718 lihrutn
3331 2661 3458 2717 Jesu

1885 2771 2031 2825 Nave
2058 2765 2268 2823 Hebraei
2295 2770 2611 2819 autumant:
2646 2760 2771 2815 licet
2800 2758 3041 2828 plerique
3091 2756 3255 2810 Caleb
3297 2769 3459 2823 quar-

1889 2872 1999 2915 tum
2031 2866 2254 2930 putent,
2284 2855 2438 2924 cujus
2490 2868 2558 2908 ex
2600 2851 2769 2905 latere
2799 2848 3066 2903 memoria
3110 2853 3460 2899 monstratur.

1889 2952 1984 3007 llis
2013 2949 2299 3019 inspectis,
2354 2942 2527 3000 uoluit
2576 2954 2800 3011 pergere
2828 2938 2895 2992 ad
2925 2935 3136 2992 Cariatlt
3163 2934 3370 3003 seplter,
3404 2934 3456 2985 id

1890 3051 1973 3097 cst
1992 3082 2008 3106 ,
2032 3030 2291 3093 uinculum
2336 3035 2617 3088 litterarum
2649 3045 2668 3083 :
2696 3028 2820 3099 quia
2840 3035 3196 3081 contemnens
3216 3023 3468 3078 occiden-

1892 3142 1998 3186 tem
2028 3131 2257 3184 litteram
2277 3166 2292 3190 ,
2317 3130 2592 3194 repererat
2611 3120 2857 3189 spiritum
2875 3114 3254 3171 vivificantem.
3279 3112 3469 3181 Magis-

1893 3239 1997 3292 que
2018 3218 2317 3275 mirabatur
2345 3213 2656 3285 superiores
2702 3217 2758 3265 et
2786 3208 3068 3263 inferiores
3097 3219 3260 3275 aquas
3280 3245 3294 3267 ,
3331 3219 3469 3273 quas

1894 3310 2149 3369 OiliOttiel
2190 3309 2329 3364 illius
2375 3304 2618 3375 Jephoue
2656 3300 2835 3356 Kenez
2871 3313 2967 3367 pro
2994 3296 3214 3351 australi
3244 3306 3382 3349 terra
3413 3303 3471 3350 et

1896 3398 2042 3452 arida
2071 3392 2414 3465 possessione
2439 3393 2749 3455 susceperat
2794 3381 2990 3452 (Judic.
3024 3380 3100 3448 l),
3130 3388 3183 3433 et
3227 3377 3293 3448 (1)
3336 3392 3472 3447 qua-

1897 3504 2014 3544 rum
2041 3487 2202 3541 ductu
2222 3526 2239 3549 ,
2286 3483 2456 3537 siccos
2482 3479 2681 3549 prioris
2707 3471 3049 3530 lnstrumeuti
3070 3485 3229 3541 agros
3250 3470 3477 3524 faciebat

1901 3579 2160 3648 irriguos;
2183 3582 2241 3628 ttt
2267 3570 2687 3639 redemptionem
2716 3576 2955 3619 veterum
3002 3570 3344 3632 peccatorum
3369 3602 3386 3627 ,
3414 3560 3473 3616 in

1901 3670 2051 3739 aquis
2067 3663 2316 3735 baptismi
2339 3661 2620 3731 reperiret.
2632 3656 2810 3711 Altera
2832 3653 3078 3720 die,orto
3091 3651 3200 3721 jam
3218 3651 3352 3718 sole,
3371 3659 3480 3705 ste-

1904 3762 1966 3815 tit
1989 3762 2039 3813 in
2064 3755 2348 3828 supercilio
2366 3752 2445 3825 (g)
2468 3749 2672 3819 Capliar
2692 3745 2953 3808 Borucha,
2974 3743 3027 3797 id
3056 3752 3157 3808 est,
3181 3743 3314 3796 villa
3335 3742 3505 3806 bene-_

1905 3849 2176 3903 dictionis:
2201 3859 2360 3914 quem
2391 3841 2458 3895 ad
2485 3842 2659 3894 locum
2688 3835 2960 3891 Abraham
2992 3832 3275 3886 Dominum
3305 3846 3485 3900 prose-

1906 3949 2061 3993 cutus
2106 3943 2210 3990 est.
2258 3930 2412 3987 Unde
2437 3929 2598 3981 latam
2657 3922 2959 3992 despiciens
2999 3918 3379 3983 solitudinem,
3418 3934 3484 3974 ac

1910 4038 2112 4084 terram
2165 4020 2434 4094 quondam
2507 4018 2666 4089 701
2740 4012 2989 4069 Sodoma:
3029 4019 3085 4066 et
3138 4008 3481 4077 Gomorrhae,

1911 4118 2130 4175 Adams:
2149 4156 2166 4183 ,
2193 4122 2248 4170 et
2279 4109 2494 4168 Seboim
2517 4149 2533 4175 ,
2560 4103 2919 4174 contemplata
2942 4109 3026 4158 est
3048 4099 3274 4156 balsami
3296 4098 3486 4156 vineas

1978 4334 2047 4393 (ε)
2076 4332 2131 4393 In
2155 4328 2337 4393 διίεωοι
2356 4320 2679 4393 βίω-,ροηίῆ
2691 4329 3062 4393 Ψεθαηξνψῖἳξ

2079 4378 2215 4455 ὗιίὰ
2238 4378 2446 4451 Regium
2480 4378 2597 4435 Mss.
2749 4378 2936 4431 mecum
2970 4390 3063 4428 non
3091 4378 3210 4442 fuit,
3245 4382 3493 4428 renuente

1916 4458 2061 4506 etiam
2085 4454 2239 4503 ϐτωο.
2262 4462 2327 4501 alia
2346 4460 2458 4499 ιστιν.

1983 4497 2061 4578 (“ii
2084 4497 2406 4578 utilissima
2432 4497 2627 4578 traditio
2644 4509 2721 4578 est
2730 4535 2761 4578 3
2784 4502 2869 4578 cui
2882 4497 3490 4578 comminigendaamlocum

1918 4556 2531 4627 federttubijcisue—rverha
2580 4566 2652 4615 Ib.
2700 4556 2779 4615 13.
2834 4562 2989 4627 4dam
3020 4559 3263 4609 maximus
3284 4556 3351 4606 ibi
3371 4557 3484 4627 inter

1920 4624 2113 4688 inacim
2136 4634 2254 4686 situs
2276 4639 2377 4693 est;
2400 4643 2510 4693 quae
2532 4636 2695 4693 tamen
2714 4637 2815 4693 pou
2838 4624 3072 4693 Λῴιιιιιξει
3098 4626 3482 4693 prompsi-enters

1920 4638 2113 4688 unacim
2136 4634 2254 4686 situs
2276 4639 2377 4693 est;
2434 4643 2510 4679 uae
2532 4636 2695 4679 tamen
2719 4637 2815 4673 non
2838 4634 3072 4673 Mantum
3160 4634 3482 4690 otoparenteu

1919 4707 2119 4756 notant,
2156 4696 2242 4759 sed
2264 4706 2384 4752 seu,
2400 4645 2666 4759 imaginem
2711 4683 2811 4747 (qui
2843 4682 2996 4756 Adam
3016 4634 3262 4759 negata:
3296 4676 3493 4759 dicitur)

1921 4737 2252 4823 δὲ’ξᾷἶυῖιᾷέῶ
2265 4737 2384 4814 “,"Ei
2395 4737 2780 4823 Aceleberrimum
2797 4782 2831 4823 ,Δ
2849 4737 3246 4823 quiuc‘ummnrbe
3267 4773 3282 4795 ,
3308 4737 3497 4823 Romen

1924 4799 2168 4877 id
2177 4799 2262 4867 'eéi
2276 4799 2528 4876 'quatuori,
2568 4812 2628 4857 ah
2651 4807 2736 4856 illo
2756 4799 3390 4877 civitast‘gljgl‘lgﬂftfﬂl:
3405 4832 3420 4856 ι
3436 4799 3498 4877 ξιξ

1924 4855 2481 4987 Em‘eﬁsﬁu‘iﬁﬁéi
2502 4855 2722 4919 mortem.
2756 4865 2881 4913 Vide
2899 4875 3010 4925 quae
3026 4855 3306 4909 adn'otamus
3325 4855 3411 4928 lib.
3432 4856 3499 4906 de

1924 4941 2063 4989 LOCIS
2164 4950 2333 4986 vocem
2356 4934 2489 4982 Arbe.
2526 4930 2616 4989 Qui
2640 4927 3116 4989 calebumquartum
3142 4925 3310 4989 putant
3326 4952 3340 4973 ,
3382 4917 3499 4989 inde

1925 4934 2063 4989 Loéts
2083 4934 2141 4987 ad
2164 4950 2333 4986 vocem
2356 4934 2489 4982 urbe.
2517 4934 2616 5035 iiut
2640 4934 2871 4997 Calenum
2893 4934 3116 4985 quartum
3142 4934 3310 4989 putant
3326 4952 3340 4973 ,
3382 4934 3499 4966 mue

1925 5006 2343 5110 :raggugfptautur,
2364 4992 2490 5055 quod
2518 4988 2548 5037 tl
2570 5003 2584 5036 t
2606 5001 2635 5036 c
2652 4994 2779 5037 vitas
2797 4985 2998 5035 Hebrou
3021 4995 3048 5031 a
3069 4980 3221 5030 Josue
3246 4992 3294 5028 ut
3310 4986 3501 5041 partem

1959 5070 2033 5110 ala
2058 5070 2138 5108 δη.

1992 5105 2076 5181 lli
2089 5105 2360 5177 Ferrem“
2381 5110 2507 5173 apud
2526 5107 2714 5181 Ετθειξιο
2742 5105 3245 5181 θῐᾘθΐέίέξιὲιέπηρξί
3266 5112 3504 5181 ξσξιαρεεη

1929 5160 2483 5250 ἀριῖᾆιξρὲὸᾓᾶωηιὶη,
2518 5177 2573 5218 ut
2602 5176 2718 5217 ante
2760 5180 2851 5216 nos
2886 5160 3231 5215 emendaverat
3275 5160 3382 5224 ipse
3414 5160 3502 5211 νὶο

1930 5249 2326 5365 ειῖἓῖἷι-ρῐηὶῃὶι
2358 5293 2503 5365 etiam
2539 5289 2593 5365 Si.
2631 5287 2933 5365 Epiphanius
2963 5283 3153 5365 ςανιιαν
3176 5282 3410 5365 ξςήειια,
3448 5289 3506 5332 ιιι

1931 5344 2072 5411 νοὲῗιὶ
2088 5344 2117 5417 ,⁷
2134 5344 2231 5406 loci
2264 5362 2341 5417 ιςτ
2375 5344 2757 5417 mutuemur}
2795 5346 3144 5417 αιιῌεπῐοεξβ-
3170 5344 3334 5417 .|de°.'.
3359 5356 3504 5414 νρττρ

1935 5402 2274 5527 ἐῖἀῇξέιζτῷιί
2297 5414 2343 5464 2.
2377 5402 2587 5475 Parali'p.
2612 5425 2657 5461 c.
2680 5410 2761 5460 ao.
2786 5422 2833 5459 v.
2858 5406 2936 5457 su.
2988 5405 3133 5457 mut;
3164 5402 3507 5458 benedictionis

1970 5500 1975 5527 1
1996 5496 2027 5527 ι)
2207 5513 2219 5524 .

1934 5494 1978 5544 ai
2240 5537 2392 5609 verbo
2425 5532 2607 5586 mavult
2644 5532 2848 5586 Gravius
2882 5526 3084 5583 transito
3121 5527 3232 5595 (pro
3259 5526 3429 5581 transit
3450 5526 3511 5590 α)

1938 5602 2167 5663 Betltsur,
2191 5602 2322 5649 venit
2345 5604 2441 5648 etc.
