  <div class='ocr_page' id='page_1' title='image "/cluster/home/n/w/nwhite01/storage/ocr_20150623/22/uva.x000826587/517.png"; bbox 0 0 4054 6192; ppageno 0'>
   <div class='ocr_carea' id='block_1_1' title="bbox 583 210 686 266">
    <p class='ocr_par' dir='ltr' id='par_1_1' title="bbox 583 210 686 266">
     <span class='ocr_line' id='line_1_1' title="bbox 583 210 686 266; baseline -0.019 0"><span class='ocrx_word' id='word_1_1' title='bbox 583 210 686 266; x_wconf 83' lang='grc'><strong>887</strong></span> 
     </span>
    </p>
   </div>
   <div class='ocr_carea' id='block_1_2' title="bbox 579 315 2136 397">
    <p class='ocr_par' dir='ltr' id='par_1_2' title="bbox 579 315 2136 397">
     <span class='ocr_line' id='line_1_2' title="bbox 579 315 2136 397; baseline -0.009 -14"><span class='ocrx_word' id='word_1_2' title='bbox 579 330 635 383; x_wconf 90' lang='lat' dir='ltr'><strong>In</strong></span> <span class='ocrx_word' id='word_1_3' title='bbox 679 324 951 397; x_wconf 84' lang='lat' dir='ltr'><strong>Engaddi,</strong></span> <span class='ocrx_word' id='word_1_4' title='bbox 991 334 1045 379; x_wconf 91' lang='lat' dir='ltr'><strong>et</strong></span> <span class='ocrx_word' id='word_1_5' title='bbox 1086 322 1287 392; x_wconf 80' lang='lat' dir='ltr'><strong>Segor,</strong></span> <span class='ocrx_word' id='word_1_6' title='bbox 1335 318 1555 373; x_wconf 75' lang='lat' dir='ltr'><strong>vitulam</strong></span> <span class='ocrx_word' id='word_1_7' title='bbox 1601 315 1675 388; x_wconf 82' lang='grc' dir='ltr'><strong>(α)</strong></span> <span class='ocrx_word' id='word_1_8' title='bbox 1703 324 2136 371; x_wconf 88' lang='lat' dir='ltr'><strong>consternantem</strong></span> 
     </span>
    </p>
   </div>
   <div class='ocr_carea' id='block_1_3' title="bbox 584 404 2147 486">
    <p class='ocr_par' dir='ltr' id='par_1_3' title="bbox 584 404 2147 486">
     <span class='ocr_line' id='line_1_3' title="bbox 584 404 2147 486; baseline -0.008 -17"><span class='ocrx_word' id='word_1_9' title='bbox 584 414 737 486; x_wconf 75' lang='lat' dir='ltr'><strong>(laci.</strong></span> <span class='ocrx_word' id='word_1_10' title='bbox 761 416 876 486; x_wconf 75' lang='grc'><strong>15),</strong></span> <span class='ocrx_word' id='word_1_11' title='bbox 898 428 1014 483; x_wconf 65' lang='lat' dir='ltr'><strong>quae</strong></span> <span class='ocrx_word' id='word_1_12' title='bbox 1042 410 1185 479; x_wconf 86' lang='lat' dir='ltr'><strong>prius</strong></span> <span class='ocrx_word' id='word_1_13' title='bbox 1209 407 1337 461; x_wconf 85' lang='lat' dir='ltr'><strong>Bala</strong></span> <span class='ocrx_word' id='word_1_14' title='bbox 1365 408 1687 471; x_wconf 76' lang='lat' dir='ltr'><strong>vocabatur;</strong></span> <span class='ocrx_word' id='word_1_15' title='bbox 1733 414 1789 461; x_wconf 90' lang='lat' dir='ltr'><strong>et</strong></span> <span class='ocrx_word' id='word_1_16' title='bbox 1816 407 1867 459; x_wconf 91' lang='lat' dir='ltr'><strong>in</strong></span> <span class='ocrx_word' id='word_1_17' title='bbox 1890 404 2112 459; x_wconf 85' lang='lat' dir='ltr'><strong>Zoaram</strong></span> <span class='ocrx_word' id='word_1_18' title='bbox 2131 445 2147 472; x_wconf 93' lang='lat'><strong>,</strong></span> 
     </span>
    </p>
   </div>
   <div class='ocr_carea' id='block_1_4' title="bbox 583 494 2144 573">
    <p class='ocr_par' dir='ltr' id='par_1_4' title="bbox 583 494 2144 573">
     <span class='ocr_line' id='line_1_4' title="bbox 583 494 2144 573; baseline -0.008 -13"><span class='ocrx_word' id='word_1_19' title='bbox 583 506 635 560; x_wconf 93' lang='lat' dir='ltr'><strong>id</strong></span> <span class='ocrx_word' id='word_1_20' title='bbox 664 514 776 573; x_wconf 81' lang='lat' dir='ltr'><strong>est,</strong></span> <span class='ocrx_word' id='word_1_21' title='bbox 808 501 1066 573; x_wconf 83' lang='lat' dir='ltr'><strong>parvulam</strong></span> <span class='ocrx_word' id='word_1_22' title='bbox 1086 540 1100 561; x_wconf 88' lang='lat'><strong>,</strong></span> <span class='ocrx_word' id='word_1_23' title='bbox 1125 498 1262 568; x_wconf 85' lang='lat' dir='ltr'><strong>Syro</strong></span> <span class='ocrx_word' id='word_1_24' title='bbox 1290 510 1540 552; x_wconf 91' lang='lat' dir='ltr'><strong>sermone</strong></span> <span class='ocrx_word' id='word_1_25' title='bbox 1572 495 1827 550; x_wconf 89' lang='lat' dir='ltr'><strong>translata</strong></span> <span class='ocrx_word' id='word_1_26' title='bbox 1876 504 1977 550; x_wconf 88' lang='lat' dir='ltr'><strong>est.</strong></span> <span class='ocrx_word' id='word_1_27' title='bbox 2026 494 2144 549; x_wconf 79' lang='lat' dir='ltr'><strong>Re-</strong></span> 
     </span>
    </p>
   </div>
   <div class='ocr_carea' id='block_1_5' title="bbox 582 567 2149 657">
    <p class='ocr_par' dir='ltr' id='par_1_5' title="bbox 582 567 2149 657">
     <span class='ocr_line' id='line_1_5' title="bbox 582 567 2149 657; baseline -0.008 -8"><span class='ocrx_word' id='word_1_28' title='bbox 582 567 903 650; x_wconf 70' lang='lat' dir='ltr'><strong>cordabatur</strong></span> <span class='ocrx_word' id='word_1_29' title='bbox 952 567 1223 657; x_wconf 84' lang='lat' dir='ltr'><strong>speluucae</strong></span> <span class='ocrx_word' id='word_1_30' title='bbox 1271 585 1408 652; x_wconf 89' lang='lat' dir='ltr'><strong>Lot,</strong></span> <span class='ocrx_word' id='word_1_31' title='bbox 1442 594 1498 642; x_wconf 90' lang='lat' dir='ltr'><strong>et</strong></span> <span class='ocrx_word' id='word_1_32' title='bbox 1540 599 1697 639; x_wconf 85' lang='lat' dir='ltr'><strong>versa</strong></span> <span class='ocrx_word' id='word_1_33' title='bbox 1752 584 1806 638; x_wconf 93' lang='lat' dir='ltr'><strong>in</strong></span> <span class='ocrx_word' id='word_1_34' title='bbox 1854 583 2149 655; x_wconf 86' lang='lat' dir='ltr'><strong>lacrymas,</strong></span> 
     </span>
    </p>
   </div>
   <div class='ocr_carea' id='block_1_6' title="bbox 583 674 2152 752">
    <p class='ocr_par' dir='ltr' id='par_1_6' title="bbox 583 674 2152 752">
     <span class='ocr_line' id='line_1_6' title="bbox 583 674 2152 752; baseline -0.007 -15"><span class='ocrx_word' id='word_1_35' title='bbox 583 683 814 752; x_wconf 85' lang='lat' dir='ltr'><strong>virgines</strong></span> <span class='ocrx_word' id='word_1_36' title='bbox 841 677 1016 734; x_wconf 89' lang='lat' dir='ltr'><strong>socias</strong></span> <span class='ocrx_word' id='word_1_37' title='bbox 1050 675 1372 731; x_wconf 87' lang='lat' dir='ltr'><strong>admonebat</strong></span> <span class='ocrx_word' id='word_1_38' title='bbox 1389 716 1405 741; x_wconf 95' lang='lat'><strong>,</strong></span> <span class='ocrx_word' id='word_1_39' title='bbox 1433 675 1669 731; x_wconf 90' lang='lat' dir='ltr'><strong>cavenda</strong></span> <span class='ocrx_word' id='word_1_40' title='bbox 1696 690 1820 731; x_wconf 84' lang='lat' dir='ltr'><strong>esse</strong></span> <span class='ocrx_word' id='word_1_41' title='bbox 1846 674 2029 729; x_wconf 87' lang='lat' dir='ltr'><strong>vinum</strong></span> <span class='ocrx_word' id='word_1_42' title='bbox 2050 713 2066 737; x_wconf 90' lang='lat'><strong>,</strong></span> <span class='ocrx_word' id='word_1_43' title='bbox 2099 674 2152 727; x_wconf 93' lang='lat' dir='ltr'><strong>in</strong></span> 
     </span>
    </p>
   </div>
   <div class='ocr_carea' id='block_1_7' title="bbox 580 764 2152 842">
    <p class='ocr_par' dir='ltr' id='par_1_7' title="bbox 580 764 2152 842">
     <span class='ocr_line' id='line_1_7' title="bbox 580 764 2152 842; baseline -0.008 -15"><span class='ocrx_word' id='word_1_44' title='bbox 580 786 686 842; x_wconf 91' lang='lat' dir='ltr'><strong>quo</strong></span> <span class='ocrx_word' id='word_1_45' title='bbox 730 777 813 825; x_wconf 90' lang='lat' dir='ltr'><strong>est</strong></span> <span class='ocrx_word' id='word_1_46' title='bbox 840 767 1048 824; x_wconf 87' lang='lat' dir='ltr'><strong>luxuria</strong></span> <span class='ocrx_word' id='word_1_47' title='bbox 1072 808 1087 831; x_wconf 95' lang='lat'><strong>,</strong></span> <span class='ocrx_word' id='word_1_48' title='bbox 1133 765 1291 836; x_wconf 84' lang='lat' dir='ltr'><strong>cujus</strong></span> <span class='ocrx_word' id='word_1_49' title='bbox 1319 780 1457 835; x_wconf 88' lang='lat' dir='ltr'><strong>opus</strong></span> <span class='ocrx_word' id='word_1_50' title='bbox 1482 764 1732 820; x_wconf 65' lang='lat' dir='ltr'><strong>Moabitae</strong></span> <span class='ocrx_word' id='word_1_51' title='bbox 1758 773 1914 830; x_wconf 91' lang='lat' dir='ltr'><strong>sunt,</strong></span> <span class='ocrx_word' id='word_1_52' title='bbox 1940 770 1992 819; x_wconf 91' lang='lat' dir='ltr'><strong>et</strong></span> <span class='ocrx_word' id='word_1_53' title='bbox 2020 764 2152 817; x_wconf 82' lang='lat' dir='ltr'><strong>Am-</strong></span> 
     </span>
    </p>
   </div>
   <div class='ocr_carea' id='block_1_8' title="bbox 581 858 1116 931">
    <p class='ocr_par' dir='ltr' id='par_1_8' title="bbox 581 858 1116 931">
     <span class='ocr_line' id='line_1_8' title="bbox 581 858 1116 931; baseline -0.007 -13"><span class='ocrx_word' id='word_1_54' title='bbox 581 861 794 918; x_wconf 69' lang='grc' dir='ltr'>ιιιοιιίιτε</span> <span class='ocrx_word' id='word_1_55' title='bbox 823 858 974 931; x_wconf 79' lang='lat' dir='ltr'><strong>(Gen.</strong></span> <span class='ocrx_word' id='word_1_56' title='bbox 1008 858 1116 927; x_wconf 88' lang='lat' dir='ltr'><strong>I9).</strong></span> 
     </span>
    </p>
   </div>
   <div class='ocr_carea' id='block_1_9' title="bbox 649 947 2143 1016">
    <p class='ocr_par' dir='ltr' id='par_1_9' title="bbox 649 947 2143 1016">
     <span class='ocr_line' id='line_1_9' title="bbox 649 947 2143 1016; baseline -0.007 -7"><span class='ocrx_word' id='word_1_57' title='bbox 649 952 738 1009; x_wconf 72' lang='grc'><strong>12.</strong></span> <span class='ocrx_word' id='word_1_58' title='bbox 781 953 878 1006; x_wconf 93' lang='lat' dir='ltr'><strong>Diu</strong></span> <span class='ocrx_word' id='word_1_59' title='bbox 910 953 1086 1005; x_wconf 78' lang='lat' dir='ltr'><strong>Increo</strong></span> <span class='ocrx_word' id='word_1_60' title='bbox 1115 949 1171 1004; x_wconf 92' lang='lat' dir='ltr'><strong>in</strong></span> <span class='ocrx_word' id='word_1_61' title='bbox 1197 948 1441 1015; x_wconf 85' lang='lat' dir='ltr'><strong>meridie,</strong></span> <span class='ocrx_word' id='word_1_62' title='bbox 1478 948 1553 1016; x_wconf 70' lang='grc' dir='ltr'><strong>(ὁ)</strong></span> <span class='ocrx_word' id='word_1_63' title='bbox 1581 947 1669 1003; x_wconf 88' lang='lat' dir='ltr'><strong>ubi</strong></span> <span class='ocrx_word' id='word_1_64' title='bbox 1700 961 1894 1016; x_wconf 90' lang='lat' dir='ltr'><strong>sponsa</strong></span> <span class='ocrx_word' id='word_1_65' title='bbox 1936 947 2143 1003; x_wconf 87' lang='lat' dir='ltr'><strong>cuban-</strong></span> 
     </span>
    </p>
   </div>
   <div class='ocr_carea' id='block_1_10' title="bbox 584 1039 2154 1112">
    <p class='ocr_par' dir='ltr' id='par_1_10' title="bbox 584 1039 2154 1112">
     <span class='ocr_line' id='line_1_10' title="bbox 584 1039 2154 1112; baseline -0.004 -14"><span class='ocrx_word' id='word_1_66' title='bbox 584 1054 690 1099; x_wconf 85' lang='lat' dir='ltr'><strong>tem</strong></span> <span class='ocrx_word' id='word_1_67' title='bbox 721 1042 924 1112; x_wconf 90' lang='lat' dir='ltr'><strong>reperit</strong></span> <span class='ocrx_word' id='word_1_68' title='bbox 960 1055 1239 1110; x_wconf 87' lang='lat' dir='ltr'><strong>sponsum,</strong></span> <span class='ocrx_word' id='word_1_69' title='bbox 1266 1048 1321 1094; x_wconf 91' lang='lat' dir='ltr'><strong>et</strong></span> <span class='ocrx_word' id='word_1_70' title='bbox 1344 1039 1540 1109; x_wconf 89' lang='lat' dir='ltr'><strong>Ioseph</strong></span> <span class='ocrx_word' id='word_1_71' title='bbox 1583 1039 1875 1092; x_wconf 87' lang='lat' dir='ltr'><strong>inebriatus</strong></span> <span class='ocrx_word' id='word_1_72' title='bbox 1913 1047 1995 1092; x_wconf 89' lang='lat' dir='ltr'><strong>est</strong></span> <span class='ocrx_word' id='word_1_73' title='bbox 2032 1052 2154 1092; x_wconf 92' lang='lat' dir='ltr'><strong>cum</strong></span> 
     </span>
    </p>
   </div>
   <div class='ocr_carea' id='block_1_11' title="bbox 581 1128 2157 1205">
    <p class='ocr_par' dir='ltr' id='par_1_11' title="bbox 581 1128 2157 1205">
     <span class='ocr_line' id='line_1_11' title="bbox 581 1128 2157 1205; baseline -0.004 -16"><span class='ocrx_word' id='word_1_74' title='bbox 581 1134 840 1189; x_wconf 80' lang='lat' dir='ltr'><strong>fratribus</strong></span> <span class='ocrx_word' id='word_1_75' title='bbox 859 1134 972 1188; x_wconf 87' lang='lat' dir='ltr'><strong>suis</strong></span> <span class='ocrx_word' id='word_1_76' title='bbox 999 1132 1169 1205; x_wconf 85' lang='lat' dir='ltr'><strong>(Cant.</strong></span> <span class='ocrx_word' id='word_1_77' title='bbox 1201 1131 1324 1187; x_wconf 75' lang='lat'><strong>1.6.</strong></span> <span class='ocrx_word' id='word_1_78' title='bbox 1354 1130 1484 1184; x_wconf 78' lang='lat' dir='ltr'><strong>Gen.</strong></span> <span class='ocrx_word' id='word_1_79' title='bbox 1513 1131 1602 1185; x_wconf 73' lang='grc'><strong>45.</strong></span> <span class='ocrx_word' id='word_1_80' title='bbox 1637 1129 1726 1200; x_wconf 77' lang='grc'><strong>16)</strong></span> <span class='ocrx_word' id='word_1_81' title='bbox 1780 1129 2041 1184; x_wconf 77' lang='lat' dir='ltr'><strong>Revertar</strong></span> <span class='ocrx_word' id='word_1_82' title='bbox 2062 1128 2157 1183; x_wconf 82' lang='lat' dir='ltr'><strong>Ie-</strong></span> 
     </span>
    </p>
   </div>
   <div class='ocr_carea' id='block_1_12' title="bbox 583 1220 2155 1298">
    <p class='ocr_par' dir='ltr' id='par_1_12' title="bbox 583 1220 2155 1298">
     <span class='ocr_line' id='line_1_12' title="bbox 583 1220 2155 1298; baseline -0.006 -17"><span class='ocrx_word' id='word_1_83' title='bbox 583 1226 929 1298; x_wconf 76' lang='lat' dir='ltr'><strong>rosolymam,</strong></span> <span class='ocrx_word' id='word_1_84' title='bbox 947 1232 1002 1280; x_wconf 91' lang='lat' dir='ltr'><strong>et</strong></span> <span class='ocrx_word' id='word_1_85' title='bbox 1023 1238 1116 1293; x_wconf 84' lang='lat' dir='ltr'><strong>per</strong></span> <span class='ocrx_word' id='word_1_86' title='bbox 1144 1223 1410 1277; x_wconf 88' lang='lat' dir='ltr'><strong>Thecuam</strong></span> <span class='ocrx_word' id='word_1_87' title='bbox 1442 1232 1602 1291; x_wconf 89' lang='lat' dir='ltr'><strong>atque</strong></span> <span class='ocrx_word' id='word_1_88' title='bbox 1630 1222 1817 1287; x_wconf 81' lang='lat' dir='ltr'><strong>Amos,</strong></span> <span class='ocrx_word' id='word_1_89' title='bbox 1848 1220 2155 1275; x_wconf 64' lang='lat' dir='ltr'><strong>rutilantem</strong></span> 
     </span>
    </p>
   </div>
   <div class='ocr_carea' id='block_1_13' title="bbox 585 1309 2160 1385">
    <p class='ocr_par' dir='ltr' id='par_1_13' title="bbox 585 1309 2160 1385">
     <span class='ocr_line' id='line_1_13' title="bbox 585 1309 2160 1385; baseline -0.003 -16"><span class='ocrx_word' id='word_1_90' title='bbox 585 1316 782 1369; x_wconf 80' lang='lat' dir='ltr'><strong>montis</strong></span> <span class='ocrx_word' id='word_1_91' title='bbox 809 1314 1004 1370; x_wconf 87' lang='lat' dir='ltr'><strong>Oliveti</strong></span> <span class='ocrx_word' id='word_1_92' title='bbox 1033 1312 1106 1385; x_wconf 81' lang='lat' dir='ltr'><strong>(c)</strong></span> <span class='ocrx_word' id='word_1_93' title='bbox 1134 1311 1359 1367; x_wconf 85' lang='lat' dir='ltr'><strong>Crucem</strong></span> <span class='ocrx_word' id='word_1_94' title='bbox 1387 1312 1663 1381; x_wconf 84' lang='lat' dir='ltr'><strong>aspiciam,</strong></span> <span class='ocrx_word' id='word_1_95' title='bbox 1686 1309 1755 1365; x_wconf 88' lang='lat' dir='ltr'><strong>de</strong></span> <span class='ocrx_word' id='word_1_96' title='bbox 1781 1325 1887 1381; x_wconf 91' lang='lat' dir='ltr'><strong>quo</strong></span> <span class='ocrx_word' id='word_1_97' title='bbox 1914 1309 2160 1366; x_wconf 77' lang='lat' dir='ltr'><strong>Salvator</strong></span> 
     </span>
    </p>
   </div>
   <div class='ocr_carea' id='block_1_14' title="bbox 585 1400 2160 1476">
    <p class='ocr_par' dir='ltr' id='par_1_14' title="bbox 585 1400 2160 1476">
     <span class='ocr_line' id='line_1_14' title="bbox 585 1400 2160 1476; baseline 0 -18"><span class='ocrx_word' id='word_1_98' title='bbox 585 1404 826 1460; x_wconf 83' lang='lat' dir='ltr'><strong>ascendit</strong></span> <span class='ocrx_word' id='word_1_99' title='bbox 865 1405 932 1459; x_wconf 89' lang='lat' dir='ltr'><strong>ad</strong></span> <span class='ocrx_word' id='word_1_100' title='bbox 965 1405 1194 1460; x_wconf 84' lang='lat' dir='ltr'><strong>Patrem.</strong></span> <span class='ocrx_word' id='word_1_101' title='bbox 1221 1404 1289 1459; x_wconf 89' lang='lat' dir='ltr'><strong>In</strong></span> <span class='ocrx_word' id='word_1_102' title='bbox 1323 1419 1430 1474; x_wconf 89' lang='lat' dir='ltr'><strong>quo</strong></span> <span class='ocrx_word' id='word_1_103' title='bbox 1476 1418 1571 1473; x_wconf 91' lang='lat' dir='ltr'><strong>per</strong></span> <span class='ocrx_word' id='word_1_104' title='bbox 1599 1400 1678 1476; x_wconf 81' lang='grc' dir='ltr'><strong>(ά)</strong></span> <span class='ocrx_word' id='word_1_105' title='bbox 1703 1416 1873 1457; x_wconf 88' lang='lat' dir='ltr'><strong>annos</strong></span> <span class='ocrx_word' id='word_1_106' title='bbox 1922 1403 2160 1473; x_wconf 91' lang='lat' dir='ltr'><strong>singulos</strong></span> 
     </span>
    </p>
   </div>
   <div class='ocr_carea' id='block_1_15' title="bbox 585 1494 2170 1560">
    <p class='ocr_par' dir='ltr' id='par_1_15' title="bbox 585 1494 2170 1560">
     <span class='ocr_line' id='line_1_15' title="bbox 585 1494 2170 1560; baseline -0.001 -9"><span class='ocrx_word' id='word_1_107' title='bbox 585 1495 758 1551; x_wconf 83' lang='lat' dir='ltr'><strong>Vacca</strong></span> <span class='ocrx_word' id='word_1_108' title='bbox 799 1495 916 1551; x_wconf 86' lang='lat' dir='ltr'><strong>rufa</strong></span> <span class='ocrx_word' id='word_1_109' title='bbox 963 1496 1016 1551; x_wconf 92' lang='lat' dir='ltr'><strong>in</strong></span> <span class='ocrx_word' id='word_1_110' title='bbox 1063 1495 1429 1551; x_wconf 89' lang='lat' dir='ltr'><strong>holocaustum</strong></span> <span class='ocrx_word' id='word_1_111' title='bbox 1464 1495 1689 1550; x_wconf 92' lang='lat' dir='ltr'><strong>Domino</strong></span> <span class='ocrx_word' id='word_1_112' title='bbox 1717 1494 2073 1560; x_wconf 91' lang='lat' dir='ltr'><strong>cremabatur,</strong></span> <span class='ocrx_word' id='word_1_113' title='bbox 2104 1502 2170 1549; x_wconf 80' lang='lat' dir='ltr'><strong>et</strong></span> 
     </span>
    </p>
   </div>
   <div class='ocr_carea' id='block_1_16' title="bbox 534 1580 2158 1656">
    <p class='ocr_par' dir='ltr' id='par_1_16' title="bbox 534 1580 2158 1656">
     <span class='ocr_line' id='line_1_16' title="bbox 534 1580 2158 1656; baseline -0.002 -16"><span class='ocrx_word' id='word_1_114' title='bbox 534 1622 541 1625; x_wconf 83' lang='lat'><strong><em>-</em></strong></span> <span class='ocrx_word' id='word_1_115' title='bbox 585 1588 739 1655; x_wconf 83' lang='lat' dir='ltr'><strong>cujus</strong></span> <span class='ocrx_word' id='word_1_116' title='bbox 766 1586 902 1640; x_wconf 92' lang='lat' dir='ltr'><strong>cinis</strong></span> <span class='ocrx_word' id='word_1_117' title='bbox 943 1585 1194 1655; x_wconf 90' lang='lat' dir='ltr'><strong>expiabat</strong></span> <span class='ocrx_word' id='word_1_118' title='bbox 1224 1584 1476 1655; x_wconf 84' lang='lat' dir='ltr'><strong>pepulum</strong></span> <span class='ocrx_word' id='word_1_119' title='bbox 1509 1584 1673 1639; x_wconf 89' lang='lat' dir='ltr'><strong>Israel</strong></span> <span class='ocrx_word' id='word_1_120' title='bbox 1698 1583 1901 1654; x_wconf 89' lang='lat' dir='ltr'><strong>(Num.</strong></span> <span class='ocrx_word' id='word_1_121' title='bbox 1925 1583 1992 1638; x_wconf 86' lang='lat' dir='ltr'><strong>l9</strong></span> <span class='ocrx_word' id='word_1_122' title='bbox 2016 1580 2072 1656; x_wconf 92' lang='lat'><strong>):</strong></span> <span class='ocrx_word' id='word_1_123' title='bbox 2107 1584 2158 1638; x_wconf 93' lang='lat' dir='ltr'><strong>in</strong></span> 
     </span>
    </p>
   </div>
   <div class='ocr_carea' id='block_1_17' title="bbox 588 1674 2162 1746">
    <p class='ocr_par' dir='ltr' id='par_1_17' title="bbox 588 1674 2162 1746">
     <span class='ocr_line' id='line_1_17' title="bbox 588 1674 2162 1746; baseline -0.002 -16"><span class='ocrx_word' id='word_1_124' title='bbox 588 1692 718 1746; x_wconf 90' lang='lat' dir='ltr'><strong>quo,</strong></span> <span class='ocrx_word' id='word_1_125' title='bbox 744 1677 898 1745; x_wconf 82' lang='lat' dir='ltr'><strong>juxta</strong></span> <span class='ocrx_word' id='word_1_126' title='bbox 929 1676 1292 1742; x_wconf 84' lang='lat' dir='ltr'><strong>Ezechielem,</strong></span> <span class='ocrx_word' id='word_1_127' title='bbox 1322 1674 1608 1730; x_wconf 87' lang='lat' dir='ltr'><strong>Cherubim</strong></span> <span class='ocrx_word' id='word_1_128' title='bbox 1638 1674 1706 1729; x_wconf 91' lang='lat' dir='ltr'><strong>de</strong></span> <span class='ocrx_word' id='word_1_129' title='bbox 1731 1675 1957 1744; x_wconf 79' lang='lat' dir='ltr'><strong>Temple</strong></span> <span class='ocrx_word' id='word_1_130' title='bbox 1986 1683 2162 1730; x_wconf 87' lang='lat' dir='ltr'><strong>trans-</strong></span> 
     </span>
    </p>
   </div>
   <div class='ocr_carea' id='block_1_18' title="bbox 586 1764 2161 1837">
    <p class='ocr_par' dir='ltr' id='par_1_18' title="bbox 586 1764 2161 1837">
     <span class='ocr_line' id='line_1_18' title="bbox 586 1764 2161 1837; baseline 0 -16"><span class='ocrx_word' id='word_1_131' title='bbox 586 1768 919 1837; x_wconf 84' lang='lat' dir='ltr'><strong>tnigrantes,</strong></span> <span class='ocrx_word' id='word_1_132' title='bbox 975 1767 1271 1821; x_wconf 88' lang='lat' dir='ltr'><strong>Ecclesiam</strong></span> <span class='ocrx_word' id='word_1_133' title='bbox 1326 1766 1536 1819; x_wconf 88' lang='lat' dir='ltr'><strong>Domini</strong></span> <span class='ocrx_word' id='word_1_134' title='bbox 1592 1764 1972 1820; x_wconf 88' lang='lat' dir='ltr'><strong>fundaverunt.</strong></span> <span class='ocrx_word' id='word_1_135' title='bbox 2034 1767 2161 1821; x_wconf 86' lang='lat' dir='ltr'><strong>Post</strong></span> 
     </span>
    </p>
   </div>
   <div class='ocr_carea' id='block_1_19' title="bbox 587 1855 2162 1926">
    <p class='ocr_par' dir='ltr' id='par_1_19' title="bbox 587 1855 2162 1926">
     <span class='ocr_line' id='line_1_19' title="bbox 587 1855 2162 1926; baseline 0.002 -16"><span class='ocrx_word' id='word_1_136' title='bbox 587 1856 829 1926; x_wconf 84' lang='lat' dir='ltr'><strong>ingressa</strong></span> <span class='ocrx_word' id='word_1_137' title='bbox 863 1855 1167 1926; x_wconf 88' lang='lat' dir='ltr'><strong>sepulcrum</strong></span> <span class='ocrx_word' id='word_1_138' title='bbox 1206 1855 1390 1909; x_wconf 86' lang='lat' dir='ltr'><strong>Lazari</strong></span> <span class='ocrx_word' id='word_1_139' title='bbox 1416 1894 1433 1921; x_wconf 95' lang='lat'><strong>,</strong></span> <span class='ocrx_word' id='word_1_140' title='bbox 1476 1855 1660 1910; x_wconf 68' lang='lat' dir='ltr'><strong>Mariae</strong></span> <span class='ocrx_word' id='word_1_141' title='bbox 1689 1867 1744 1911; x_wconf 89' lang='lat' dir='ltr'><strong>et</strong></span> <span class='ocrx_word' id='word_1_142' title='bbox 1770 1856 1989 1912; x_wconf 68' lang='lat' dir='ltr'><strong>Martha:</strong></span> <span class='ocrx_word' id='word_1_143' title='bbox 2030 1858 2162 1913; x_wconf 85' lang='lat' dir='ltr'><strong>vidit</strong></span> 
     </span>
    </p>
   </div>
   <div class='ocr_carea' id='block_1_20' title="bbox 587 1945 2161 2016">
    <p class='ocr_par' dir='ltr' id='par_1_20' title="bbox 587 1945 2161 2016">
     <span class='ocr_line' id='line_1_20' title="bbox 587 1945 2161 2016; baseline 0.001 -16"><span class='ocrx_word' id='word_1_144' title='bbox 587 1945 912 2016; x_wconf 83' lang='lat' dir='ltr'><strong>hospitium;</strong></span> <span class='ocrx_word' id='word_1_145' title='bbox 943 1954 999 2000; x_wconf 90' lang='lat' dir='ltr'><strong>et</strong></span> <span class='ocrx_word' id='word_1_146' title='bbox 1048 1945 1383 2015; x_wconf 81' lang='lat' dir='ltr'><strong>Bethpltagc,</strong></span> <span class='ocrx_word' id='word_1_147' title='bbox 1429 1945 1500 2016; x_wconf 84' lang='lat' dir='ltr'><strong>(c)</strong></span> <span class='ocrx_word' id='word_1_148' title='bbox 1552 1946 1727 2000; x_wconf 79' lang='lat' dir='ltr'><strong>villam</strong></span> <span class='ocrx_word' id='word_1_149' title='bbox 1769 1946 2161 2002; x_wconf 77' lang='lat' dir='ltr'><strong>aacerdotalium</strong></span> 
     </span>
    </p>
   </div>
   <div class='ocr_carea' id='block_1_21' title="bbox 589 2037 2161 2108">
    <p class='ocr_par' dir='ltr' id='par_1_21' title="bbox 589 2037 2161 2108">
     <span class='ocr_line' id='line_1_21' title="bbox 589 2037 2161 2108; baseline 0.001 -18"><span class='ocrx_word' id='word_1_150' title='bbox 589 2038 951 2102; x_wconf 75' lang='lat' dir='ltr'><strong>maxillarum;</strong></span> <span class='ocrx_word' id='word_1_151' title='bbox 978 2045 1033 2091; x_wconf 92' lang='lat' dir='ltr'><strong>et</strong></span> <span class='ocrx_word' id='word_1_152' title='bbox 1062 2037 1237 2090; x_wconf 86' lang='lat' dir='ltr'><strong>locum</strong></span> <span class='ocrx_word' id='word_1_153' title='bbox 1269 2037 1321 2090; x_wconf 92' lang='lat' dir='ltr'><strong>in</strong></span> <span class='ocrx_word' id='word_1_154' title='bbox 1362 2051 1468 2106; x_wconf 91' lang='lat' dir='ltr'><strong>quo</strong></span> <span class='ocrx_word' id='word_1_155' title='bbox 1507 2038 1682 2106; x_wconf 89' lang='lat' dir='ltr'><strong>pullus</strong></span> <span class='ocrx_word' id='word_1_156' title='bbox 1711 2037 1996 2092; x_wconf 87' lang='lat' dir='ltr'><strong>lasciviens</strong></span> <span class='ocrx_word' id='word_1_157' title='bbox 2025 2053 2161 2108; x_wconf 88' lang='lat' dir='ltr'><strong>gen-</strong></span> 
     </span>
    </p>
   </div>
   <div class='ocr_carea' id='block_1_22' title="bbox 591 2125 2162 2197">
    <p class='ocr_par' dir='ltr' id='par_1_22' title="bbox 591 2125 2162 2197">
     <span class='ocr_line' id='line_1_22' title="bbox 591 2125 2162 2197; baseline 0.001 -16"><span class='ocrx_word' id='word_1_158' title='bbox 591 2127 721 2181; x_wconf 92' lang='lat' dir='ltr'><strong>tium</strong></span> <span class='ocrx_word' id='word_1_159' title='bbox 748 2167 763 2192; x_wconf 93' lang='lat'><strong>,</strong></span> <span class='ocrx_word' id='word_1_160' title='bbox 799 2126 892 2181; x_wconf 85' lang='lat' dir='ltr'><strong>Dei</strong></span> <span class='ocrx_word' id='word_1_161' title='bbox 945 2125 1096 2181; x_wconf 86' lang='lat' dir='ltr'><strong>frena</strong></span> <span class='ocrx_word' id='word_1_162' title='bbox 1144 2126 1419 2195; x_wconf 91' lang='lat' dir='ltr'><strong>suscepit,</strong></span> <span class='ocrx_word' id='word_1_163' title='bbox 1445 2127 1931 2197; x_wconf 82' lang='lat' dir='ltr'><strong>Apostolorumque</strong></span> <span class='ocrx_word' id='word_1_164' title='bbox 1965 2137 2162 2183; x_wconf 89' lang='lat' dir='ltr'><strong>stratus</strong></span> 
     </span>
    </p>
   </div>
   <div class='ocr_carea' id='block_1_23' title="bbox 586 2217 2160 2287">
    <p class='ocr_par' dir='ltr' id='par_1_23' title="bbox 586 2217 2160 2287">
     <span class='ocr_line' id='line_1_23' title="bbox 586 2217 2160 2287; baseline 0.001 -16"><span class='ocrx_word' id='word_1_165' title='bbox 586 2217 851 2285; x_wconf 90' lang='lat' dir='ltr'><strong>vestibus,</strong></span> <span class='ocrx_word' id='word_1_166' title='bbox 882 2217 1060 2272; x_wconf 87' lang='lat' dir='ltr'><strong>mollia</strong></span> <span class='ocrx_word' id='word_1_167' title='bbox 1092 2227 1236 2287; x_wconf 88' lang='lat' dir='ltr'><strong>terga</strong></span> <span class='ocrx_word' id='word_1_168' title='bbox 1263 2217 1489 2287; x_wconf 76' lang='lat' dir='ltr'><strong>pncbuit</strong></span> <span class='ocrx_word' id='word_1_169' title='bbox 1517 2217 1584 2272; x_wconf 86' lang='lat' dir='ltr'><strong>ad</strong></span> <span class='ocrx_word' id='word_1_170' title='bbox 1612 2217 1929 2273; x_wconf 89' lang='lat' dir='ltr'><strong>sedendum.</strong></span> <span class='ocrx_word' id='word_1_171' title='bbox 1963 2219 2160 2274; x_wconf 85' lang='lat' dir='ltr'><strong>Recto-</strong></span> 
     </span>
    </p>
   </div>
   <div class='ocr_carea' id='block_1_24' title="bbox 584 2307 2161 2379">
    <p class='ocr_par' dir='ltr' id='par_1_24' title="bbox 584 2307 2161 2379">
     <span class='ocr_line' id='line_1_24' title="bbox 584 2307 2161 2379; baseline 0.001 -16"><span class='ocrx_word' id='word_1_172' title='bbox 584 2323 690 2379; x_wconf 89' lang='lat' dir='ltr'><strong>que</strong></span> <span class='ocrx_word' id='word_1_173' title='bbox 728 2310 919 2364; x_wconf 90' lang='lat' dir='ltr'><strong>itinere</strong></span> <span class='ocrx_word' id='word_1_174' title='bbox 943 2308 1306 2364; x_wconf 86' lang='lat' dir='ltr'><strong>descendebat</strong></span> <span class='ocrx_word' id='word_1_175' title='bbox 1326 2307 1564 2373; x_wconf 89' lang='lat' dir='ltr'><strong>Iericho,</strong></span> <span class='ocrx_word' id='word_1_176' title='bbox 1591 2309 1897 2379; x_wconf 82' lang='lat' dir='ltr'><strong>recogitans</strong></span> <span class='ocrx_word' id='word_1_177' title='bbox 1920 2308 2066 2364; x_wconf 92' lang='lat' dir='ltr'><strong>illum</strong></span> <span class='ocrx_word' id='word_1_178' title='bbox 2093 2310 2161 2366; x_wconf 90' lang='lat' dir='ltr'><strong>de</strong></span> 
     </span>
    </p>
   </div>
   <div class='ocr_carea' id='block_1_25' title="bbox 587 2398 2157 2470">
    <p class='ocr_par' dir='ltr' id='par_1_25' title="bbox 587 2398 2157 2470">
     <span class='ocr_line' id='line_1_25' title="bbox 587 2398 2157 2470; baseline -0.001 -15"><span class='ocrx_word' id='word_1_179' title='bbox 587 2401 875 2470; x_wconf 86' lang='lat' dir='ltr'><strong>Evangelio</strong></span> <span class='ocrx_word' id='word_1_180' title='bbox 922 2400 1281 2464; x_wconf 87' lang='lat' dir='ltr'><strong>vulneratum,</strong></span> <span class='ocrx_word' id='word_1_181' title='bbox 1322 2414 1385 2453; x_wconf 90' lang='lat' dir='ltr'><strong>ac</strong></span> <span class='ocrx_word' id='word_1_182' title='bbox 1412 2398 1794 2455; x_wconf 87' lang='lat' dir='ltr'><strong>Sacerdotibus</strong></span> <span class='ocrx_word' id='word_1_183' title='bbox 1837 2408 1893 2455; x_wconf 91' lang='lat' dir='ltr'><strong>et</strong></span> <span class='ocrx_word' id='word_1_184' title='bbox 1940 2400 2157 2466; x_wconf 84' lang='lat' dir='ltr'><strong>Levitis,</strong></span> 
     </span>
    </p>
   </div>
   <div class='ocr_carea' id='block_1_26' title="bbox 587 2490 2156 2559">
    <p class='ocr_par' dir='ltr' id='par_1_26' title="bbox 587 2490 2156 2559">
     <span class='ocr_line' id='line_1_26' title="bbox 587 2490 2156 2559; baseline -0.001 -15"><span class='ocrx_word' id='word_1_185' title='bbox 587 2491 781 2544; x_wconf 89' lang='lat' dir='ltr'><strong>mentis</strong></span> <span class='ocrx_word' id='word_1_186' title='bbox 810 2490 1023 2546; x_wconf 89' lang='lat' dir='ltr'><strong>feritate</strong></span> <span class='ocrx_word' id='word_1_187' title='bbox 1069 2490 1517 2559; x_wconf 72' lang='lat' dir='ltr'><strong>prmtereuntibus</strong></span> <span class='ocrx_word' id='word_1_188' title='bbox 1538 2532 1553 2556; x_wconf 95' lang='lat'><strong>,</strong></span> <span class='ocrx_word' id='word_1_189' title='bbox 1583 2490 1924 2546; x_wconf 89' lang='lat' dir='ltr'><strong>clementiam</strong></span> <span class='ocrx_word' id='word_1_190' title='bbox 1974 2490 2156 2545; x_wconf 81' lang='lat' dir='ltr'><strong>Sama-</strong></span> 
     </span>
    </p>
   </div>
   <div class='ocr_carea' id='block_1_27' title="bbox 587 2579 2157 2652">
    <p class='ocr_par' dir='ltr' id='par_1_27' title="bbox 587 2579 2157 2652">
     <span class='ocr_line' id='line_1_27' title="bbox 587 2579 2157 2652; baseline 0.001 -20"><span class='ocrx_word' id='word_1_191' title='bbox 587 2580 720 2644; x_wconf 76' lang='lat' dir='ltr'><strong>rittr,</strong></span> <span class='ocrx_word' id='word_1_192' title='bbox 754 2579 805 2633; x_wconf 91' lang='lat' dir='ltr'><strong>id</strong></span> <span class='ocrx_word' id='word_1_193' title='bbox 834 2588 946 2645; x_wconf 91' lang='lat' dir='ltr'><strong>est,</strong></span> <span class='ocrx_word' id='word_1_194' title='bbox 979 2579 1200 2633; x_wconf 77' lang='lat' dir='ltr'><strong>cuslodt&#39;s</strong></span> <span class='ocrx_word' id='word_1_195' title='bbox 1225 2594 1247 2643; x_wconf 90' lang='lat'><strong>;</strong></span> <span class='ocrx_word' id='word_1_196' title='bbox 1271 2580 1359 2649; x_wconf 89' lang='lat' dir='ltr'><strong>qui</strong></span> <span class='ocrx_word' id='word_1_197' title='bbox 1386 2581 1706 2635; x_wconf 83' lang='lat' dir='ltr'><strong>seminecem</strong></span> <span class='ocrx_word' id='word_1_198' title='bbox 1730 2580 1824 2652; x_wconf 91' lang='lat' dir='ltr'><strong>[al.</strong></span> <span class='ocrx_word' id='word_1_199' title='bbox 1850 2580 2157 2652; x_wconf 72' lang='lat' dir='ltr'><strong>sentivivum]</strong></span> 
     </span>
    </p>
   </div>
   <div class='ocr_carea' id='block_1_28' title="bbox 585 2669 2157 2740">
    <p class='ocr_par' dir='ltr' id='par_1_28' title="bbox 585 2669 2157 2740">
     <span class='ocr_line' id='line_1_28' title="bbox 585 2669 2157 2740; baseline 0.002 -18"><span class='ocrx_word' id='word_1_200' title='bbox 585 2684 685 2723; x_wconf 86' lang='lat' dir='ltr'><strong>suo</strong></span> <span class='ocrx_word' id='word_1_201' title='bbox 706 2669 954 2740; x_wconf 89' lang='lat' dir='ltr'><strong>jumento</strong></span> <span class='ocrx_word' id='word_1_202' title='bbox 991 2669 1297 2739; x_wconf 90' lang='lat' dir='ltr'><strong>impositum</strong></span> <span class='ocrx_word' id='word_1_203' title='bbox 1322 2711 1337 2737; x_wconf 94' lang='lat'><strong>,</strong></span> <span class='ocrx_word' id='word_1_204' title='bbox 1365 2672 1431 2725; x_wconf 88' lang='lat' dir='ltr'><strong>ad</strong></span> <span class='ocrx_word' id='word_1_205' title='bbox 1472 2670 1738 2725; x_wconf 85' lang='lat' dir='ltr'><strong>stabulum</strong></span> <span class='ocrx_word' id='word_1_206' title='bbox 1779 2670 2033 2725; x_wconf 75' lang='lat' dir='ltr'><strong>Ecclesia:</strong></span> <span class='ocrx_word' id='word_1_207' title='bbox 2058 2671 2157 2725; x_wconf 82' lang='lat' dir='ltr'><strong>de-</strong></span> 
     </span>
    </p>
   </div>
   <div class='ocr_carea' id='block_1_29' title="bbox 586 2759 2157 2834">
    <p class='ocr_par' dir='ltr' id='par_1_29' title="bbox 586 2759 2157 2834">
     <span class='ocr_line' id='line_1_29' title="bbox 586 2759 2157 2834; baseline 0.004 -24"><span class='ocrx_word' id='word_1_208' title='bbox 586 2761 819 2829; x_wconf 81' lang='lat' dir='ltr'><strong>portavit</strong></span> <span class='ocrx_word' id='word_1_209' title='bbox 849 2759 996 2830; x_wconf 81' lang='lat' dir='ltr'><strong>(Luc.</strong></span> <span class='ocrx_word' id='word_1_210' title='bbox 1030 2759 1140 2834; x_wconf 82' lang='lat' dir='ltr'><strong>l0).</strong></span> <span class='ocrx_word' id='word_1_211' title='bbox 1169 2761 1238 2815; x_wconf 86' lang='lat' dir='ltr'><strong>Et</strong></span> <span class='ocrx_word' id='word_1_212' title='bbox 1263 2759 1438 2815; x_wconf 89' lang='lat' dir='ltr'><strong>locum</strong></span> <span class='ocrx_word' id='word_1_213' title='bbox 1468 2761 1703 2815; x_wconf 81' lang='lat' dir='ltr'><strong>Adomim</strong></span> <span class='ocrx_word' id='word_1_214' title='bbox 1728 2761 1868 2831; x_wconf 91' lang='lat' dir='ltr'><strong>quod</strong></span> <span class='ocrx_word' id='word_1_215' title='bbox 1896 2762 2157 2830; x_wconf 86' lang='lat' dir='ltr'><strong>interpre-</strong></span> 
     </span>
    </p>
   </div>
   <div class='ocr_carea' id='block_1_30' title="bbox 587 2851 2158 2922">
    <p class='ocr_par' dir='ltr' id='par_1_30' title="bbox 587 2851 2158 2922">
     <span class='ocr_line' id='line_1_30' title="bbox 587 2851 2158 2922; baseline 0.003 -19"><span class='ocrx_word' id='word_1_216' title='bbox 587 2860 674 2904; x_wconf 93' lang='lat' dir='ltr'><strong>tur</strong></span> <span class='ocrx_word' id='word_1_217' title='bbox 698 2853 1027 2922; x_wconf 80' lang='lat' dir='ltr'><strong>sanguinum,</strong></span> <span class='ocrx_word' id='word_1_218' title='bbox 1065 2853 1187 2921; x_wconf 90' lang='lat' dir='ltr'><strong>quia</strong></span> <span class='ocrx_word' id='word_1_219' title='bbox 1242 2852 1442 2906; x_wconf 89' lang='lat' dir='ltr'><strong>multus</strong></span> <span class='ocrx_word' id='word_1_220' title='bbox 1494 2851 1547 2906; x_wconf 91' lang='lat' dir='ltr'><strong>in</strong></span> <span class='ocrx_word' id='word_1_221' title='bbox 1593 2866 1658 2906; x_wconf 93' lang='lat' dir='ltr'><strong>eo</strong></span> <span class='ocrx_word' id='word_1_222' title='bbox 1687 2852 1903 2922; x_wconf 75' lang='lat' dir='ltr'><strong>sanguis</strong></span> <span class='ocrx_word' id='word_1_223' title='bbox 1955 2853 2158 2907; x_wconf 89' lang='lat' dir='ltr'><strong>crebris</strong></span> 
     </span>
    </p>
   </div>
   <div class='ocr_carea' id='block_1_31' title="bbox 586 2934 2158 3015">
    <p class='ocr_par' dir='ltr' id='par_1_31' title="bbox 586 2934 2158 3015">
     <span class='ocr_line' id='line_1_31' title="bbox 586 2934 2158 3015; baseline 0.002 -20"><span class='ocrx_word' id='word_1_224' title='bbox 586 2934 851 2996; x_wconf 79' lang='lat' dir='ltr'><strong>latronum</strong></span> <span class='ocrx_word' id='word_1_225' title='bbox 892 2942 1215 2998; x_wconf 88' lang='lat' dir='ltr'><strong>fundebatur</strong></span> <span class='ocrx_word' id='word_1_226' title='bbox 1256 2941 1578 2998; x_wconf 90' lang='lat' dir='ltr'><strong>incursibus.</strong></span> <span class='ocrx_word' id='word_1_227' title='bbox 1606 2942 1674 2997; x_wconf 88' lang='lat' dir='ltr'><strong>Et</strong></span> <span class='ocrx_word' id='word_1_228' title='bbox 1717 2944 1968 2998; x_wconf 89' lang='lat' dir='ltr'><strong>arborem</strong></span> <span class='ocrx_word' id='word_1_229' title='bbox 1996 2958 2158 3015; x_wconf 86' lang='lat' dir='ltr'><strong>syco-</strong></span> 
     </span>
    </p>
   </div>
   <div class='ocr_carea' id='block_1_32' title="bbox 586 3034 2153 3104">
    <p class='ocr_par' dir='ltr' id='par_1_32' title="bbox 586 3034 2153 3104">
     <span class='ocr_line' id='line_1_32' title="bbox 586 3034 2153 3104; baseline -0.001 -17"><span class='ocrx_word' id='word_1_230' title='bbox 586 3048 792 3088; x_wconf 89' lang='lat' dir='ltr'><strong>morum</strong></span> <span class='ocrx_word' id='word_1_231' title='bbox 840 3034 1084 3101; x_wconf 74' lang='lat' dir='ltr'><strong>Zachrci,</strong></span> <span class='ocrx_word' id='word_1_232' title='bbox 1115 3034 1165 3089; x_wconf 94' lang='lat' dir='ltr'><strong>id</strong></span> <span class='ocrx_word' id='word_1_233' title='bbox 1221 3043 1341 3102; x_wconf 89' lang='lat' dir='ltr'><strong>est,</strong></span> <span class='ocrx_word' id='word_1_234' title='bbox 1396 3034 1530 3089; x_wconf 91' lang='lat' dir='ltr'><strong>bona</strong></span> <span class='ocrx_word' id='word_1_235' title='bbox 1576 3035 1906 3103; x_wconf 65' lang='lat' dir='ltr'><strong>paenitentia:</strong></span> <span class='ocrx_word' id='word_1_236' title='bbox 1956 3050 2153 3104; x_wconf 85' lang='lat' dir='ltr'><strong>opera,</strong></span> 
     </span>
    </p>
   </div>
   <div class='ocr_carea' id='block_1_33' title="bbox 587 3125 2155 3195">
    <p class='ocr_par' dir='ltr' id='par_1_33' title="bbox 587 3125 2155 3195">
     <span class='ocr_line' id='line_1_33' title="bbox 587 3125 2155 3195; baseline 0.001 -15"><span class='ocrx_word' id='word_1_237' title='bbox 587 3128 783 3195; x_wconf 86' lang='lat' dir='ltr'><strong>quibus</strong></span> <span class='ocrx_word' id='word_1_238' title='bbox 827 3135 1046 3181; x_wconf 88' lang='lat' dir='ltr'><strong>cruenta</strong></span> <span class='ocrx_word' id='word_1_239' title='bbox 1093 3125 1294 3181; x_wconf 91' lang='lat' dir='ltr'><strong>dudum</strong></span> <span class='ocrx_word' id='word_1_240' title='bbox 1339 3134 1394 3180; x_wconf 90' lang='lat' dir='ltr'><strong>et</strong></span> <span class='ocrx_word' id='word_1_241' title='bbox 1439 3126 1595 3180; x_wconf 83' lang='lat' dir='ltr'><strong>noxia</strong></span> <span class='ocrx_word' id='word_1_242' title='bbox 1651 3126 1892 3195; x_wconf 88' lang='lat' dir='ltr'><strong>rapinis,</strong></span> <span class='ocrx_word' id='word_1_243' title='bbox 1941 3138 2155 3195; x_wconf 85' lang='lat' dir='ltr'><strong>peccata</strong></span> 
     </span>
    </p>
   </div>
   <div class='ocr_carea' id='block_1_34' title="bbox 586 3214 2158 3286">
    <p class='ocr_par' dir='ltr' id='par_1_34' title="bbox 586 3214 2158 3286">
     <span class='ocr_line' id='line_1_34' title="bbox 586 3214 2158 3286; baseline 0.001 -16"><span class='ocrx_word' id='word_1_244' title='bbox 586 3215 869 3272; x_wconf 85' lang='lat' dir='ltr'><strong>calcabat:</strong></span> <span class='ocrx_word' id='word_1_245' title='bbox 935 3215 1104 3286; x_wconf 72' lang='lat'><strong>.702</strong></span> <span class='ocrx_word' id='word_1_246' title='bbox 1194 3216 1573 3285; x_wconf 76' lang='lat' dir='ltr'><strong>excelsumque</strong></span> <span class='ocrx_word' id='word_1_247' title='bbox 1616 3214 1898 3270; x_wconf 88' lang='lat' dir='ltr'><strong>Dominum</strong></span> <span class='ocrx_word' id='word_1_248' title='bbox 1943 3217 2013 3271; x_wconf 89' lang='lat' dir='ltr'><strong>de</strong></span> <span class='ocrx_word' id='word_1_249' title='bbox 2059 3231 2158 3271; x_wconf 86' lang='lat' dir='ltr'><strong>ex-</strong></span> 
     </span>
    </p>
   </div>
   <div class='ocr_carea' id='block_1_35' title="bbox 646 3405 2157 3467">
    <p class='ocr_par' dir='ltr' id='par_1_35' title="bbox 646 3405 2157 3467">
     <span class='ocr_line' id='line_1_35' title="bbox 646 3405 2157 3467; baseline 0.003 -13"><span class='ocrx_word' id='word_1_250' title='bbox 646 3406 719 3465; x_wconf 81' lang='lat' dir='ltr'><strong>(a)</strong></span> <span class='ocrx_word' id='word_1_251' title='bbox 754 3406 864 3454; x_wconf 80' lang='lat' dir='ltr'><strong>Vid.</strong></span> <span class='ocrx_word' id='word_1_252' title='bbox 889 3406 1118 3455; x_wconf 79' lang='lat' dir='ltr'><strong>inlsaiam</strong></span> <span class='ocrx_word' id='word_1_253' title='bbox 1135 3405 1511 3455; x_wconf 79' lang='lat' dir='ltr'><strong>Commentarios</strong></span> <span class='ocrx_word' id='word_1_254' title='bbox 1527 3418 1628 3467; x_wconf 84' lang='lat' dir='ltr'><strong>cap.</strong></span> <span class='ocrx_word' id='word_1_255' title='bbox 1649 3406 1720 3467; x_wconf 77' lang='lat' dir='ltr'><strong>I3.</strong></span> <span class='ocrx_word' id='word_1_256' title='bbox 1748 3405 1936 3456; x_wconf 86' lang='lat' dir='ltr'><strong>Alicubi</strong></span> <span class='ocrx_word' id='word_1_257' title='bbox 1952 3415 2157 3460; x_wconf 76' lang='lat' dir='ltr'><strong>conster-</strong></span> 
     </span>
    </p>
   </div>
   <div class='ocr_carea' id='block_1_36' title="bbox 585 3466 2157 3528">
    <p class='ocr_par' dir='ltr' id='par_1_36' title="bbox 585 3466 2157 3528">
     <span class='ocr_line' id='line_1_36' title="bbox 585 3466 2157 3528; baseline -0.004 -13"><span class='ocrx_word' id='word_1_258' title='bbox 585 3473 775 3515; x_wconf 67' lang='lat' dir='ltr'><strong>mmtem</strong></span> <span class='ocrx_word' id='word_1_259' title='bbox 787 3474 869 3515; x_wconf 88' lang='lat' dir='ltr'><strong>aut</strong></span> <span class='ocrx_word' id='word_1_260' title='bbox 887 3472 1232 3528; x_wconf 73' lang='lat' dir='ltr'><strong>consternatam</strong></span> <span class='ocrx_word' id='word_1_261' title='bbox 1247 3467 1504 3522; x_wconf 80' lang='lat' dir='ltr'><strong>invenitur,</strong></span> <span class='ocrx_word' id='word_1_262' title='bbox 1526 3466 1755 3515; x_wconf 84' lang='lat' dir='ltr'><strong>mendosa</strong></span> <span class='ocrx_word' id='word_1_263' title='bbox 1768 3469 2025 3528; x_wconf 81' lang='lat' dir='ltr'><strong>scriptura;</strong></span> <span class='ocrx_word' id='word_1_264' title='bbox 2045 3484 2157 3519; x_wconf 79' lang='lat' dir='ltr'><strong>con-</strong></span> 
     </span>
    </p>
   </div>
   <div class='ocr_carea' id='block_1_37' title="bbox 586 3527 2153 3590">
    <p class='ocr_par' dir='ltr' id='par_1_37' title="bbox 586 3527 2153 3590">
     <span class='ocr_line' id='line_1_37' title="bbox 586 3527 2153 3590; baseline 0.003 -15"><span class='ocrx_word' id='word_1_265' title='bbox 586 3534 787 3590; x_wconf 62' lang='lat' dir='ltr'><strong>terimus</strong></span> <span class='ocrx_word' id='word_1_266' title='bbox 800 3529 931 3590; x_wconf 83' lang='lat' dir='ltr'><strong>enim</strong></span> <span class='ocrx_word' id='word_1_267' title='bbox 938 3533 1015 3574; x_wconf 84' lang='lat' dir='ltr'><strong>est,</strong></span> <span class='ocrx_word' id='word_1_268' title='bbox 1025 3527 1178 3590; x_wconf 77' lang='lat' dir='ltr'><strong>trima,</strong></span> <span class='ocrx_word' id='word_1_269' title='bbox 1192 3527 1298 3574; x_wconf 86' lang='lat' dir='ltr'><strong>sive</strong></span> <span class='ocrx_word' id='word_1_270' title='bbox 1308 3539 1416 3586; x_wconf 67' lang='lat' dir='ltr'><strong>qum</strong></span> <span class='ocrx_word' id='word_1_271' title='bbox 1433 3535 1623 3590; x_wconf 78' lang='lat' dir='ltr'><strong>ternum</strong></span> <span class='ocrx_word' id='word_1_272' title='bbox 1634 3527 1885 3590; x_wconf 73' lang='lat' dir='ltr'><strong>numerum</strong></span> <span class='ocrx_word' id='word_1_273' title='bbox 1895 3527 2153 3590; x_wconf 87' lang='lat' dir='ltr'><strong>comparat.</strong></span> 
     </span>
    </p>
   </div>
   <div class='ocr_carea' id='block_1_38' title="bbox 651 3585 2153 3650">
    <p class='ocr_par' dir='ltr' id='par_1_38' title="bbox 651 3585 2153 3650">
     <span class='ocr_line' id='line_1_38' title="bbox 651 3585 2153 3650; baseline 0.003 -17"><span class='ocrx_word' id='word_1_274' title='bbox 651 3587 722 3650; x_wconf 65' lang='grc' dir='ltr'><strong>(ο)</strong></span> <span class='ocrx_word' id='word_1_275' title='bbox 757 3587 893 3650; x_wconf 64' lang='lat' dir='ltr'><strong>Adeo</strong></span> <span class='ocrx_word' id='word_1_276' title='bbox 918 3599 1012 3650; x_wconf 81' lang='lat' dir='ltr'><strong>non</strong></span> <span class='ocrx_word' id='word_1_277' title='bbox 1031 3585 1409 3650; x_wconf 76' lang='lat' dir='ltr'><strong>infrequensest</strong></span> <span class='ocrx_word' id='word_1_278' title='bbox 1432 3586 1505 3643; x_wconf 89' lang='lat' dir='ltr'><strong>iis,</strong></span> <span class='ocrx_word' id='word_1_279' title='bbox 1530 3588 1614 3650; x_wconf 85' lang='lat' dir='ltr'><strong>qui</strong></span> <span class='ocrx_word' id='word_1_280' title='bbox 1634 3586 1923 3650; x_wconf 79' lang='lat' dir='ltr'><strong>tropologias</strong></span> <span class='ocrx_word' id='word_1_281' title='bbox 1944 3585 2153 3650; x_wconf 79' lang='lat' dir='ltr'><strong>captant,</strong></span> 
     </span>
    </p>
   </div>
   <div class='ocr_carea' id='block_1_39' title="bbox 587 3645 2155 3709">
    <p class='ocr_par' dir='ltr' id='par_1_39' title="bbox 587 3645 2155 3709">
     <span class='ocr_line' id='line_1_39' title="bbox 587 3645 2155 3709; baseline 0.003 -16"><span class='ocrx_word' id='word_1_282' title='bbox 587 3645 850 3707; x_wconf 69' lang='lat' dir='ltr'><strong>aequivocis</strong></span> <span class='ocrx_word' id='word_1_283' title='bbox 866 3648 935 3696; x_wconf 91' lang='lat' dir='ltr'><strong>uti</strong></span> <span class='ocrx_word' id='word_1_284' title='bbox 957 3645 1198 3709; x_wconf 66' lang='lat' dir='ltr'><strong>sensjbus&#39;.</strong></span> <span class='ocrx_word' id='word_1_285' title='bbox 1233 3645 1357 3694; x_wconf 82' lang='lat' dir='ltr'><strong>Heic</strong></span> <span class='ocrx_word' id='word_1_286' title='bbox 1380 3652 1545 3694; x_wconf 89' lang='lat' dir='ltr'><strong>noster</strong></span> <span class='ocrx_word' id='word_1_287' title='bbox 1558 3647 1615 3693; x_wconf 87' lang='lat' dir='ltr'><strong>ad</strong></span> <span class='ocrx_word' id='word_1_288' title='bbox 1639 3645 1947 3709; x_wconf 72' lang='lat' dir='ltr'><strong>meridianam</strong></span> <span class='ocrx_word' id='word_1_289' title='bbox 1971 3645 2155 3709; x_wconf 81' lang='lat' dir='ltr'><strong>plagam</strong></span> 
     </span>
    </p>
   </div>
   <div class='ocr_carea' id='block_1_40' title="bbox 587 3707 2156 3770">
    <p class='ocr_par' dir='ltr' id='par_1_40' title="bbox 587 3707 2156 3770">
     <span class='ocr_line' id='line_1_40' title="bbox 587 3707 2156 3770; baseline 0.004 -17"><span class='ocrx_word' id='word_1_290' title='bbox 587 3711 940 3770; x_wconf 68' lang='lat' dir='ltr'><strong>regionemque</strong></span> <span class='ocrx_word' id='word_1_291' title='bbox 963 3707 1107 3770; x_wconf 82' lang='lat' dir='ltr'><strong>tr_abit</strong></span> <span class='ocrx_word' id='word_1_292' title='bbox 1129 3713 1278 3768; x_wconf 81' lang='lat' dir='ltr'><strong>atque</strong></span> <span class='ocrx_word' id='word_1_293' title='bbox 1298 3711 1462 3769; x_wconf 85' lang='lat' dir='ltr'><strong>aptat,</strong></span> <span class='ocrx_word' id='word_1_294' title='bbox 1484 3707 1707 3770; x_wconf 74' lang='lat' dir='ltr'><strong>quaesub</strong></span> <span class='ocrx_word' id='word_1_295' title='bbox 1738 3707 1990 3770; x_wconf 81' lang='lat' dir='ltr'><strong>meridiem</strong></span> <span class='ocrx_word' id='word_1_296' title='bbox 2011 3745 2024 3768; x_wconf 93' lang='lat'><strong>,</strong></span> <span class='ocrx_word' id='word_1_297' title='bbox 2050 3707 2156 3760; x_wconf 66' lang='lat' dir='ltr'><strong>Sive</strong></span> 
     </span>
    </p>
   </div>
   <div class='ocr_carea' id='block_1_41' title="bbox 587 3765 2152 3829">
    <p class='ocr_par' dir='ltr' id='par_1_41' title="bbox 587 3765 2152 3829">
     <span class='ocr_line' id='line_1_41' title="bbox 587 3765 2152 3829; baseline 0.003 -14"><span class='ocrx_word' id='word_1_298' title='bbox 587 3766 684 3829; x_wconf 84' lang='lat' dir='ltr'><strong>diei</strong></span> <span class='ocrx_word' id='word_1_299' title='bbox 708 3765 921 3817; x_wconf 78' lang='lat' dir='ltr'><strong>medium</strong></span> <span class='ocrx_word' id='word_1_300' title='bbox 941 3780 968 3816; x_wconf 92' lang='lat' dir='ltr'><strong>a</strong></span> <span class='ocrx_word' id='word_1_301' title='bbox 988 3765 1285 3829; x_wconf 70' lang='lat' dir='ltr'><strong>canticorum</strong></span> <span class='ocrx_word' id='word_1_302' title='bbox 1307 3765 1581 3829; x_wconf 47' lang='lat' dir='ltr'><strong>s&#39;poosa,‘et_</strong></span> <span class='ocrx_word' id='word_1_303' title='bbox 1598 3766 1811 3829; x_wconf 82' lang='lat' dir='ltr'><strong>Iosepho</strong></span> <span class='ocrx_word' id='word_1_304' title='bbox 1828 3765 2152 3828; x_wconf 48' lang='lat' dir='ltr'><strong>patrata&#39;suut.</strong></span> 
     </span>
    </p>
   </div>
   <div class='ocr_carea' id='block_1_42' title="bbox 651 3826 2157 3891">
    <p class='ocr_par' dir='ltr' id='par_1_42' title="bbox 651 3826 2157 3891">
     <span class='ocr_line' id='line_1_42' title="bbox 651 3826 2157 3891; baseline 0.003 -14"><span class='ocrx_word' id='word_1_305' title='bbox 651 3827 722 3890; x_wconf 90' lang='lat' dir='ltr'><strong>(c)</strong></span> <span class='ocrx_word' id='word_1_306' title='bbox 752 3828 995 3891; x_wconf 55' lang='lat' dir='ltr'><strong>Victorius</strong></span> <span class='ocrx_word' id='word_1_307' title='bbox 1026 3828 1180 3891; x_wconf 83' lang='lat' dir='ltr'><strong>lucem</strong></span> <span class='ocrx_word' id='word_1_308' title='bbox 1220 3840 1304 3891; x_wconf 78' lang='lat' dir='ltr'><strong>pro</strong></span> <span class='ocrx_word' id='word_1_309' title='bbox 1333 3826 1533 3891; x_wconf 64' lang='lat' dir='ltr'><strong>Crucem</strong></span> <span class='ocrx_word' id='word_1_310' title='bbox 1569 3826 1924 3891; x_wconf 32' lang='lat' dir='ltr'><strong>legitIsiqilue</strong></span> <span class='ocrx_word' id='word_1_311' title='bbox 1962 3832 2157 3882; x_wconf 83' lang='lat' dir='ltr'><strong>numine</strong></span> 
     </span>
    </p>
   </div>
   <div class='ocr_carea' id='block_1_43' title="bbox 589 3887 2156 3952">
    <p class='ocr_par' dir='ltr' id='par_1_43' title="bbox 589 3887 2156 3952">
     <span class='ocr_line' id='line_1_43' title="bbox 589 3887 2156 3952; baseline 0.004 -16"><span class='ocrx_word' id='word_1_312' title='bbox 589 3887 941 3952; x_wconf 75' lang='lat' dir='ltr'><strong>emendandum</strong></span> <span class='ocrx_word' id='word_1_313' title='bbox 957 3887 1371 3952; x_wconf 73' lang='lat' dir='ltr'><strong>contendit,&#39;quod</strong></span> <span class='ocrx_word' id='word_1_314' title='bbox 1387 3887 1603 3939; x_wconf 86' lang='lat' dir='ltr'><strong>Christus</strong></span> <span class='ocrx_word' id='word_1_315' title='bbox 1625 3887 1782 3952; x_wconf 78' lang='lat' dir='ltr'><strong>nonin</strong></span> <span class='ocrx_word' id='word_1_316' title='bbox 1798 3887 1982 3952; x_wconf 69' lang='lat' dir='ltr'><strong>pliveti</strong></span> <span class='ocrx_word' id='word_1_317' title='bbox 1994 3901 2156 3943; x_wconf 92' lang='lat' dir='ltr'><strong>monte</strong></span> 
     </span>
    </p>
   </div>
   <div class='ocr_carea' id='block_1_44' title="bbox 588 3948 2154 4011">
    <p class='ocr_par' dir='ltr' id='par_1_44' title="bbox 588 3948 2154 4011">
     <span class='ocr_line' id='line_1_44' title="bbox 588 3948 2154 4011; baseline 0.003 -15"><span class='ocrx_word' id='word_1_318' title='bbox 588 3948 843 4011; x_wconf 80' lang='lat' dir='ltr'><strong>cruciﬁxus</strong></span> <span class='ocrx_word' id='word_1_319' title='bbox 863 3953 958 4011; x_wconf 91' lang='lat' dir='ltr'><strong>sit,</strong></span> <span class='ocrx_word' id='word_1_320' title='bbox 1000 3950 1087 4000; x_wconf 90' lang='lat' dir='ltr'><strong>sed</strong></span> <span class='ocrx_word' id='word_1_321' title='bbox 1110 3951 1223 3999; x_wconf 85' lang='lat' dir='ltr'><strong>inde</strong></span> <span class='ocrx_word' id='word_1_322' title='bbox 1246 3948 1304 3999; x_wconf 78' lang='lat' dir='ltr'><strong>ad</strong></span> <span class='ocrx_word' id='word_1_323' title='bbox 1331 3950 1525 3999; x_wconf 86' lang='lat' dir='ltr'><strong>Patrem</strong></span> <span class='ocrx_word' id='word_1_324' title='bbox 1556 3949 1871 4007; x_wconf 76' lang='lat' dir='ltr'><strong>ascenderit,</strong></span> <span class='ocrx_word' id='word_1_325' title='bbox 1890 3958 1941 3999; x_wconf 89' lang='lat' dir='ltr'><strong>et</strong></span> <span class='ocrx_word' id='word_1_326' title='bbox 1970 3950 2083 4001; x_wconf 89' lang='lat' dir='ltr'><strong>licet</strong></span> <span class='ocrx_word' id='word_1_327' title='bbox 2107 3955 2154 4001; x_wconf 89' lang='lat' dir='ltr'><strong>in</strong></span> 
     </span>
    </p>
   </div>
   <div class='ocr_carea' id='block_1_45' title="bbox 589 4009 2156 4074">
    <p class='ocr_par' dir='ltr' id='par_1_45' title="bbox 589 4009 2156 4074">
     <span class='ocr_line' id='line_1_45' title="bbox 589 4009 2156 4074; baseline 0.002 -16"><span class='ocrx_word' id='word_1_328' title='bbox 589 4022 652 4058; x_wconf 87' lang='lat' dir='ltr'><strong>eo</strong></span> <span class='ocrx_word' id='word_1_329' title='bbox 675 4009 780 4060; x_wconf 88' lang='lat' dir='ltr'><strong>loco</strong></span> <span class='ocrx_word' id='word_1_330' title='bbox 800 4009 1032 4074; x_wconf 81' lang='lat' dir='ltr'><strong>templum</strong></span> <span class='ocrx_word' id='word_1_331' title='bbox 1057 4019 1350 4074; x_wconf 78' lang='lat' dir='ltr'><strong>exstructum</strong></span> <span class='ocrx_word' id='word_1_332' title='bbox 1372 4012 1434 4060; x_wconf 89' lang='lat' dir='ltr'><strong>sit</strong></span> <span class='ocrx_word' id='word_1_333' title='bbox 1449 4046 1471 4074; x_wconf 21' lang='lat'><strong>,4</strong></span> <span class='ocrx_word' id='word_1_334' title='bbox 1502 4010 1672 4074; x_wconf 74' lang='lat' dir='ltr'><strong>obduci</strong></span> <span class='ocrx_word' id='word_1_335' title='bbox 1697 4018 1858 4074; x_wconf 79' lang='lat' dir='ltr'><strong>tamen</strong></span> <span class='ocrx_word' id='word_1_336' title='bbox 1880 4018 2011 4061; x_wconf 87' lang='lat' dir='ltr'><strong>tecto</strong></span> <span class='ocrx_word' id='word_1_337' title='bbox 2031 4026 2156 4061; x_wconf 91' lang='lat' dir='ltr'><strong>nuu-</strong></span> 
     </span>
    </p>
   </div>
   <div class='ocr_carea' id='block_1_46' title="bbox 589 4071 2152 4177">
    <p class='ocr_par' dir='ltr' id='par_1_46' title="bbox 589 4071 2152 4177">
     <span class='ocr_line' id='line_1_46' title="bbox 589 4071 2152 4177; baseline 0.003 -60"><span class='ocrx_word' id='word_1_338' title='bbox 589 4084 732 4177; x_wconf 63' lang='lat' dir='ltr'><strong>guam</strong></span> <span class='ocrx_word' id='word_1_339' title='bbox 750 4071 976 4134; x_wconf 73' lang='lat' dir='ltr'><strong>potuerit,</strong></span> <span class='ocrx_word' id='word_1_340' title='bbox 995 4080 1048 4121; x_wconf 88' lang='lat' dir='ltr'><strong>ttt</strong></span> <span class='ocrx_word' id='word_1_341' title='bbox 1067 4072 1278 4134; x_wconf 84' lang='lat' dir='ltr'><strong>patulum</strong></span> <span class='ocrx_word' id='word_1_342' title='bbox 1297 4072 1605 4143; x_wconf 76' lang='lat' dir='ltr'><strong>ascendentis</strong></span> <span class='ocrx_word' id='word_1_343' title='bbox 1615 4071 2152 4144; x_wconf 64' lang='lat' dir='ltr'><strong>Qhristiitenappareat.</strong></span> 
     </span>
     <span class='ocr_line' id='line_1_47' title="bbox 627 4129 2152 4177; baseline 0 0"><span class='ocrx_word' id='word_1_344' title='bbox 627 4129 786 4177; x_wconf 86' lang='lat' dir='ltr'><strong>etltcet</strong></span> <span class='ocrx_word' id='word_1_345' title='bbox 834 4133 1122 4177; x_wconf 68' lang='lat' dir='ltr'><strong>ienorabat-</strong></span> <span class='ocrx_word' id='word_1_346' title='bbox 1179 4132 1343 4177; x_wconf 83' lang='lat' dir='ltr'><strong>Crucis</strong></span> <span class='ocrx_word' id='word_1_347' title='bbox 1389 4144 1581 4177; x_wconf 67' lang='lat' dir='ltr'><strong>sianum</strong></span> <span class='ocrx_word' id='word_1_348' title='bbox 1639 4144 1688 4177; x_wconf 88' lang='grc' dir='ltr'><strong>ιιι</strong></span> <span class='ocrx_word' id='word_1_349' title='bbox 1732 4131 1912 4177; x_wconf 82' lang='lat' dir='ltr'><strong>Ohvctt</strong></span> <span class='ocrx_word' id='word_1_350' title='bbox 1970 4141 2152 4177; x_wconf 81' lang='lat' dir='ltr'><strong>verum</strong></span> 
     </span>
    </p>
   </div>
   <div class='ocr_carea' id='block_1_47' title="bbox 627 4129 2155 4193">
    <p class='ocr_par' dir='ltr' id='par_1_47' title="bbox 627 4129 2155 4193">
     <span class='ocr_line' id='line_1_48' title="bbox 627 4129 2155 4193; baseline 0.004 -15"><span class='ocrx_word' id='word_1_351' title='bbox 627 4129 786 4181; x_wconf 81' lang='lat' dir='ltr'><strong>cilicét</strong></span> <span class='ocrx_word' id='word_1_352' title='bbox 834 4129 1084 4193; x_wconf 77' lang='lat' dir='ltr'><strong>ignorabat</strong></span> <span class='ocrx_word' id='word_1_353' title='bbox 1109 4170 1123 4189; x_wconf 87' lang='lat'><strong>,</strong></span> <span class='ocrx_word' id='word_1_354' title='bbox 1179 4132 1351 4193; x_wconf 82' lang='lat' dir='ltr'><strong>Crucis</strong></span> <span class='ocrx_word' id='word_1_355' title='bbox 1389 4132 1581 4192; x_wconf 84' lang='lat' dir='ltr'><strong>signum</strong></span> <span class='ocrx_word' id='word_1_356' title='bbox 1639 4132 1688 4180; x_wconf 94' lang='lat' dir='ltr'><strong>in</strong></span> <span class='ocrx_word' id='word_1_357' title='bbox 1720 4131 1913 4193; x_wconf 17' lang='lat' dir='ltr'><strong>ngiveti</strong></span> <span class='ocrx_word' id='word_1_358' title='bbox 1941 4129 2155 4184; x_wconf 59' lang='lat' dir='ltr'><strong>&quot;vertice</strong></span> 
     </span>
    </p>
   </div>
   <div class='ocr_carea' id='block_1_48' title="bbox 592 4191 2158 4256">
    <p class='ocr_par' dir='ltr' id='par_1_48' title="bbox 592 4191 2158 4256">
     <span class='ocr_line' id='line_1_49' title="bbox 592 4191 2158 4256; baseline 0.004 -19"><span class='ocrx_word' id='word_1_359' title='bbox 592 4198 811 4256; x_wconf 77' lang='lat' dir='ltr'><strong>erectum</strong></span> <span class='ocrx_word' id='word_1_360' title='bbox 830 4191 994 4256; x_wconf 78' lang='lat' dir='ltr'><strong>,quod</strong></span> <span class='ocrx_word' id='word_1_361' title='bbox 1018 4204 1124 4256; x_wconf 65' lang='lat' dir='ltr'><strong>non</strong></span> <span class='ocrx_word' id='word_1_362' title='bbox 1137 4204 1233 4256; x_wconf 84' lang='lat' dir='ltr'><strong>uno</strong></span> <span class='ocrx_word' id='word_1_363' title='bbox 1256 4193 1306 4240; x_wconf 91' lang='lat' dir='ltr'><strong>in</strong></span> <span class='ocrx_word' id='word_1_364' title='bbox 1340 4191 1689 4256; x_wconf 36' lang='lat' dir='ltr'><strong>loco’_testatut:</strong></span> <span class='ocrx_word' id='word_1_365' title='bbox 1720 4191 2064 4256; x_wconf 70' lang='lat' dir='ltr'><strong>Hieronymus,</strong></span> <span class='ocrx_word' id='word_1_366' title='bbox 2104 4203 2158 4245; x_wconf 88' lang='lat' dir='ltr'><strong>et</strong></span> 
     </span>
    </p>
   </div>
   <div class='ocr_carea' id='block_1_49' title="bbox 613 4250 2157 4324">
    <p class='ocr_par' dir='ltr' id='par_1_49' title="bbox 613 4250 2157 4324">
     <span class='ocr_line' id='line_1_50' title="bbox 613 4250 2157 4324; baseline 0.005 -27"><span class='ocrx_word' id='word_1_367' title='bbox 613 4250 902 4324; x_wconf 58' lang='lat' dir='ltr'><strong>totissimum:</strong></span> <span class='ocrx_word' id='word_1_368' title='bbox 931 4253 981 4299; x_wconf 92' lang='lat' dir='ltr'><strong>in</strong></span> <span class='ocrx_word' id='word_1_369' title='bbox 1014 4251 1277 4324; x_wconf 57' lang='lat' dir='ltr'><strong>Sophonize</strong></span> <span class='ocrx_word' id='word_1_370' title='bbox 1304 4265 1409 4324; x_wconf 78' lang='lat' dir='ltr'><strong>cap.</strong></span> <span class='ocrx_word' id='word_1_371' title='bbox 1454 4253 1511 4324; x_wconf 83' lang='lat' dir='ltr'><strong>I._</strong></span> <span class='ocrx_word' id='word_1_372' title='bbox 1543 4254 1624 4301; x_wconf 90' lang='lat' dir='ltr'><strong>ubi</strong></span> <span class='ocrx_word' id='word_1_373' title='bbox 1661 4251 1856 4324; x_wconf 61' lang='lat' dir='ltr'><strong>Judtnos</strong></span> <span class='ocrx_word' id='word_1_374' title='bbox 1891 4250 2157 4324; x_wconf 68' lang='lat' dir='ltr'><strong>prohibitos</strong></span> 
     </span>
    </p>
   </div>
   <div class='ocr_carea' id='block_1_50' title="bbox 626 4310 2156 4379">
    <p class='ocr_par' dir='ltr' id='par_1_50' title="bbox 626 4310 2156 4379">
     <span class='ocr_line' id='line_1_51' title="bbox 626 4310 2156 4379; baseline 0.005 -22"><span class='ocrx_word' id='word_1_375' title='bbox 626 4310 864 4379; x_wconf 62' lang='lat' dir='ltr'><strong>erusalem</strong></span> <span class='ocrx_word' id='word_1_376' title='bbox 885 4310 1093 4374; x_wconf 73' lang='lat' dir='ltr'><strong>ingredi,</strong></span> <span class='ocrx_word' id='word_1_377' title='bbox 1105 4316 1178 4379; x_wconf 67' lang='grc' dir='ltr'><em>με</em></span> <span class='ocrx_word' id='word_1_378' title='bbox 1199 4310 1545 4379; x_wconf 47' lang='grc' dir='ltr'><strong>οιὲυειξ-ηιοζιις</strong></span> <span class='ocrx_word' id='word_1_379' title='bbox 1554 4324 1736 4379; x_wconf 51' lang='lat' dir='ltr'><strong>quoque</strong></span> <span class='ocrx_word' id='word_1_380' title='bbox 1758 4310 1925 4379; x_wconf 67' lang='lat' dir='ltr'><strong>Cruci;</strong></span> <span class='ocrx_word' id='word_1_381' title='bbox 1946 4314 2156 4379; x_wconf 61' lang='lat' dir='ltr'><strong>fulgente</strong></span> 
     </span>
    </p>
   </div>
   <div class='ocr_carea' id='block_1_51' title="bbox 588 4369 2151 4435">
    <p class='ocr_par' dir='ltr' id='par_1_51' title="bbox 588 4369 2151 4435">
     <span class='ocr_line' id='line_1_52' title="bbox 588 4369 2151 4435; baseline 0.004 -18"><span class='ocrx_word' id='word_1_382' title='bbox 588 4369 767 4435; x_wconf 54' lang='lat' dir='ltr'><strong>uexillo</strong></span> <span class='ocrx_word' id='word_1_383' title='bbox 788 4369 1015 4435; x_wconf 51' lang='lat' dir='ltr'><strong>plafgére</strong></span> <span class='ocrx_word' id='word_1_384' title='bbox 1033 4369 1208 4435; x_wconf 68' lang='lat' dir='ltr'><strong>ruinas</strong></span> <span class='ocrx_word' id='word_1_385' title='bbox 1221 4371 1386 4435; x_wconf 74' lang='lat' dir='ltr'><strong>templi</strong></span> <span class='ocrx_word' id='word_1_386' title='bbox 1400 4373 1485 4422; x_wconf 74' lang='lat' dir='ltr'><strong>sui</strong></span> <span class='ocrx_word' id='word_1_387' title='bbox 1501 4369 1668 4423; x_wconf 65' lang='lat' dir='ltr'><strong>dixit.&quot;</strong></span> <span class='ocrx_word' id='word_1_388' title='bbox 1690 4372 1862 4435; x_wconf 67' lang='lat' dir='ltr'><strong>Confer</strong></span> <span class='ocrx_word' id='word_1_389' title='bbox 1905 4369 2048 4435; x_wconf 78' lang='lat' dir='ltr'><strong>episi&#39;.</strong></span> <span class='ocrx_word' id='word_1_390' title='bbox 2073 4376 2151 4423; x_wconf 77' lang='grc'><strong>46.</strong></span> 
     </span>
    </p>
   </div>
   <div class='ocr_carea' id='block_1_52' title="bbox 592 4429 2155 4497">
    <p class='ocr_par' dir='ltr' id='par_1_52' title="bbox 592 4429 2155 4497">
     <span class='ocr_line' id='line_1_53' title="bbox 592 4429 2155 4497; baseline 0.003 -17"><span class='ocrx_word' id='word_1_391' title='bbox 592 4429 757 4480; x_wconf 70' lang='lat' dir='ltr'><strong>Paula:</strong></span> <span class='ocrx_word' id='word_1_392' title='bbox 786 4429 837 4481; x_wconf 76' lang='lat' dir='ltr'><strong>et</strong></span> <span class='ocrx_word' id='word_1_393' title='bbox 856 4429 1079 4497; x_wconf 72' lang='lat' dir='ltr'><strong>Eustoch.</strong></span> <span class='ocrx_word' id='word_1_394' title='bbox 1105 4432 1162 4497; x_wconf 79' lang='lat' dir='ltr'><strong>ad</strong></span> <span class='ocrx_word' id='word_1_395' title='bbox 1193 4429 1464 4481; x_wconf 75' lang='lat' dir='ltr'><strong>Marcellam</strong></span> <span class='ocrx_word' id='word_1_396' title='bbox 1496 4432 1735 4497; x_wconf 46' lang='grc' dir='ltr'><strong>ωιτη-12.</strong></span> <span class='ocrx_word' id='word_1_397' title='bbox 1770 4434 1919 4497; x_wconf 75' lang='lat' dir='ltr'><strong>Porro</strong></span> <span class='ocrx_word' id='word_1_398' title='bbox 1940 4429 2155 4497; x_wconf 71' lang='lat' dir='ltr'><strong>pro/Te-</strong></span> 
     </span>
    </p>
   </div>
   <div class='ocr_carea' id='block_1_53' title="bbox 590 4492 2152 4555">
    <p class='ocr_par' dir='ltr' id='par_1_53' title="bbox 590 4492 2152 4555">
     <span class='ocr_line' id='line_1_54' title="bbox 590 4492 2152 4555; baseline 0.001 -15"><span class='ocrx_word' id='word_1_399' title='bbox 590 4497 775 4555; x_wconf 58' lang='lat' dir='ltr'><strong>iterur,</strong></span> <span class='ocrx_word' id='word_1_400' title='bbox 790 4492 918 4555; x_wconf 89' lang='lat' dir='ltr'><strong>quod</strong></span> <span class='ocrx_word' id='word_1_401' title='bbox 943 4498 1020 4555; x_wconf 82' lang='lat' dir='ltr'><strong>est</strong></span> <span class='ocrx_word' id='word_1_402' title='bbox 1041 4492 1179 4553; x_wconf 74' lang='lat' dir='ltr'><strong>laulo</strong></span> <span class='ocrx_word' id='word_1_403' title='bbox 1200 4501 1330 4548; x_wconf 84' lang='lat' dir='ltr'><strong>ante,</strong></span> <span class='ocrx_word' id='word_1_404' title='bbox 1357 4498 1409 4540; x_wconf 86' lang='lat' dir='ltr'><strong>et</strong></span> <span class='ocrx_word' id='word_1_405' title='bbox 1429 4492 1555 4555; x_wconf 84' lang='lat' dir='ltr'><strong>quod</strong></span> <span class='ocrx_word' id='word_1_406' title='bbox 1577 4494 1888 4555; x_wconf 82' lang='lat' dir='ltr'><strong>subsequitur</strong></span> <span class='ocrx_word' id='word_1_407' title='bbox 1907 4492 2152 4555; x_wconf 66' lang='lat' dir='ltr'><strong>aspiciam,</strong></span> 
     </span>
    </p>
   </div>
   <div class='ocr_carea' id='block_1_54' title="bbox 592 4530 2156 4625">
    <p class='ocr_par' dir='ltr' id='par_1_54' title="bbox 592 4530 2156 4625">
     <span class='ocr_line' id='line_1_55' title="bbox 592 4530 2156 4625; baseline 0.003 -23"><span class='ocrx_word' id='word_1_408' title='bbox 592 4530 2156 4625; x_wconf 44' lang='lat' dir='ltr'><strong>ne;sanandas};mansnyrma&#39;attaams</strong></span> 
     </span>
    </p>
   </div>
   <div class='ocr_carea' id='block_1_55' title="bbox 588 4612 2154 4677">
    <p class='ocr_par' dir='ltr' id='par_1_55' title="bbox 588 4612 2154 4677">
     <span class='ocr_line' id='line_1_56' title="bbox 588 4612 2154 4677; baseline 0.003 -16"><span class='ocrx_word' id='word_1_409' title='bbox 588 4625 678 4677; x_wconf 70' lang='lat' dir='ltr'><strong>suo</strong></span> <span class='ocrx_word' id='word_1_410' title='bbox 698 4622 786 4677; x_wconf 26' lang='lat' dir='ltr'><strong>.Aut</strong></span> <span class='ocrx_word' id='word_1_411' title='bbox 805 4614 1021 4675; x_wconf 88' lang='lat' dir='ltr'><strong>videtur,</strong></span> <span class='ocrx_word' id='word_1_412' title='bbox 1046 4612 1186 4677; x_wconf 81' lang='lat' dir='ltr'><strong>fecit,</strong></span> <span class='ocrx_word' id='word_1_413' title='bbox 1210 4627 1306 4677; x_wconf 87' lang='lat' dir='ltr'><strong>quo</strong></span> <span class='ocrx_word' id='word_1_414' title='bbox 1328 4625 1506 4675; x_wconf 84' lang='lat' dir='ltr'><strong>nempe</strong></span> <span class='ocrx_word' id='word_1_415' title='bbox 1527 4612 1886 4676; x_wconf 76' lang='lat' dir='ltr'><strong>Hieronymum,</strong></span> <span class='ocrx_word' id='word_1_416' title='bbox 1911 4619 2014 4664; x_wconf 84' lang='lat' dir='ltr'><strong>non</strong></span> <span class='ocrx_word' id='word_1_417' title='bbox 2028 4617 2154 4666; x_wconf 84' lang='lat' dir='ltr'><strong>Pau-</strong></span> 
     </span>
    </p>
   </div>
   <div class='ocr_carea' id='block_1_56' title="bbox 590 4674 1294 4726">
    <p class='ocr_par' dir='ltr' id='par_1_56' title="bbox 590 4674 1294 4726">
     <span class='ocr_line' id='line_1_57' title="bbox 590 4674 1294 4726; baseline -0.004 -1"><span class='ocrx_word' id='word_1_418' title='bbox 590 4674 686 4725; x_wconf 86' lang='lat' dir='ltr'><strong>lam</strong></span> <span class='ocrx_word' id='word_1_419' title='bbox 709 4674 990 4726; x_wconf 87' lang='lat' dir='ltr'><strong>louuentem</strong></span> <span class='ocrx_word' id='word_1_420' title='bbox 1015 4674 1294 4725; x_wconf 80' lang='lat' dir='ltr'><strong>exhiberet.</strong></span> 
     </span>
    </p>
   </div>
   <div class='ocr_carea' id='block_1_57' title="bbox 652 4734 2155 4798">
    <p class='ocr_par' dir='ltr' id='par_1_57' title="bbox 652 4734 2155 4798">
     <span class='ocr_line' id='line_1_58' title="bbox 652 4734 2155 4798; baseline 0.001 -13"><span class='ocrx_word' id='word_1_421' title='bbox 652 4734 733 4798; x_wconf 74' lang='grc' dir='ltr'><strong>(ά)</strong></span> <span class='ocrx_word' id='word_1_422' title='bbox 768 4734 1023 4798; x_wconf 82' lang='lat' dir='ltr'><strong>Desipiunt</strong></span> <span class='ocrx_word' id='word_1_423' title='bbox 1043 4736 1263 4798; x_wconf 77' lang='lat' dir='ltr'><strong>Rabbini,</strong></span> <span class='ocrx_word' id='word_1_424' title='bbox 1287 4734 1369 4798; x_wconf 70' lang='lat' dir='ltr'><strong>qui</strong></span> <span class='ocrx_word' id='word_1_425' title='bbox 1391 4748 1419 4783; x_wconf 87' lang='lat' dir='ltr'><strong>a</strong></span> <span class='ocrx_word' id='word_1_426' title='bbox 1439 4734 1603 4798; x_wconf 77' lang='lat' dir='ltr'><strong>Moyse</strong></span> <span class='ocrx_word' id='word_1_427' title='bbox 1621 4746 1776 4798; x_wconf 68' lang='lat' dir='ltr'><strong>usque</strong></span> <span class='ocrx_word' id='word_1_428' title='bbox 1796 4734 1995 4798; x_wconf 74' lang='lat' dir='ltr'><strong>Esdram</strong></span> <span class='ocrx_word' id='word_1_429' title='bbox 2013 4748 2155 4787; x_wconf 86' lang='lat' dir='ltr'><strong>unam</strong></span> 
     </span>
    </p>
   </div>
   <div class='ocr_carea' id='block_1_58' title="bbox 582 4795 2158 4855">
    <p class='ocr_par' dir='ltr' id='par_1_58' title="bbox 582 4795 2158 4855">
     <span class='ocr_line' id='line_1_59' title="bbox 582 4795 2158 4855; baseline 0.001 -9"><span class='ocrx_word' id='word_1_430' title='bbox 582 4795 822 4847; x_wconf 78' lang='lat' dir='ltr'><strong>duntaxat</strong></span> <span class='ocrx_word' id='word_1_431' title='bbox 854 4795 1141 4847; x_wconf 83' lang='lat' dir='ltr'><strong>immolatam</strong></span> <span class='ocrx_word' id='word_1_432' title='bbox 1163 4795 1318 4846; x_wconf 60' lang='lat' dir='ltr'><strong>luisse</strong></span> <span class='ocrx_word' id='word_1_433' title='bbox 1328 4795 1492 4846; x_wconf 85' lang='lat' dir='ltr'><strong>dicunt</strong></span> <span class='ocrx_word' id='word_1_434' title='bbox 1508 4795 1532 4855; x_wconf 59' lang='grc'><strong>,⁷</strong></span> <span class='ocrx_word' id='word_1_435' title='bbox 1562 4802 1615 4845; x_wconf 84' lang='lat' dir='ltr'><strong>et</strong></span> <span class='ocrx_word' id='word_1_436' title='bbox 1646 4795 1708 4844; x_wconf 81' lang='lat' dir='ltr'><strong>ab</strong></span> <span class='ocrx_word' id='word_1_437' title='bbox 1736 4795 1883 4845; x_wconf 83' lang='lat' dir='ltr'><strong>Esdra</strong></span> <span class='ocrx_word' id='word_1_438' title='bbox 1923 4797 1985 4845; x_wconf 79' lang='lat' dir='ltr'><strong>ad</strong></span> <span class='ocrx_word' id='word_1_439' title='bbox 2016 4809 2158 4848; x_wconf 85' lang='lat' dir='ltr'><strong>ever-</strong></span> 
     </span>
    </p>
   </div>
   <div class='ocr_carea' id='block_1_59' title="bbox 588 4856 1774 4920">
    <p class='ocr_par' dir='ltr' id='par_1_59' title="bbox 588 4856 1774 4920">
     <span class='ocr_line' id='line_1_60' title="bbox 588 4856 1774 4920; baseline -0.003 -12"><span class='ocrx_word' id='word_1_440' title='bbox 588 4856 967 4920; x_wconf 54' lang='lat' dir='ltr'><strong>siopenitempli</strong></span> <span class='ocrx_word' id='word_1_441' title='bbox 990 4872 1080 4908; x_wconf 84' lang='lat' dir='ltr'><strong>sex</strong></span> <span class='ocrx_word' id='word_1_442' title='bbox 1102 4894 1115 4918; x_wconf 92' lang='lat'><strong>,</strong></span> <span class='ocrx_word' id='word_1_443' title='bbox 1144 4856 1221 4908; x_wconf 86' lang='lat' dir='ltr'><strong>vel</strong></span> <span class='ocrx_word' id='word_1_444' title='bbox 1244 4856 1302 4905; x_wconf 83' lang='lat' dir='ltr'><strong>ad</strong></span> <span class='ocrx_word' id='word_1_445' title='bbox 1324 4869 1561 4920; x_wconf 84' lang='lat' dir='ltr'><strong>summum</strong></span> <span class='ocrx_word' id='word_1_446' title='bbox 1584 4868 1774 4920; x_wconf 72' lang='lat' dir='ltr'><strong>novem.</strong></span> 
     </span>
    </p>
   </div>
   <div class='ocr_carea' id='block_1_60' title="bbox 652 4915 2155 4990">
    <p class='ocr_par' dir='ltr' id='par_1_60' title="bbox 652 4915 2155 4990">
     <span class='ocr_line' id='line_1_61' title="bbox 652 4915 2155 4990; baseline 0.001 -23"><span class='ocrx_word' id='word_1_447' title='bbox 652 4917 721 4990; x_wconf 74' lang='lat' dir='ltr'><strong>(c)</strong></span> <span class='ocrx_word' id='word_1_448' title='bbox 754 4917 891 4990; x_wconf 73' lang='lat' dir='ltr'><strong>Hanc</strong></span> <span class='ocrx_word' id='word_1_449' title='bbox 903 4915 1506 4990; x_wconf 66' lang='lat' dir='ltr'><strong>&#39;iuse_iuterpretati0tiem</strong></span> <span class='ocrx_word' id='word_1_450' title='bbox 1527 4918 1590 4990; x_wconf 86' lang='lat' dir='ltr'><strong>iu_</strong></span> <span class='ocrx_word' id='word_1_451' title='bbox 1606 4917 1729 4990; x_wconf 74' lang='lat' dir='ltr'><strong>libro</strong></span> <span class='ocrx_word' id='word_1_452' title='bbox 1750 4915 2155 4990; x_wconf 48' lang='lat' dir='ltr'><strong>Nominuqthaud</strong></span> 
     </span>
    </p>
   </div>
   <div class='ocr_carea' id='block_1_61' title="bbox 584 4977 2156 5042">
    <p class='ocr_par' dir='ltr' id='par_1_61' title="bbox 584 4977 2156 5042">
     <span class='ocr_line' id='line_1_62' title="bbox 584 4977 2156 5042; baseline 0.002 -15"><span class='ocrx_word' id='word_1_453' title='bbox 584 4977 711 5028; x_wconf 81' lang='lat' dir='ltr'><strong>satis</strong></span> <span class='ocrx_word' id='word_1_454' title='bbox 725 4980 911 5042; x_wconf 73' lang='lat' dir='ltr'><strong>probat.</strong></span> <span class='ocrx_word' id='word_1_455' title='bbox 946 4977 1365 5042; x_wconf 12' lang='lat' dir='ltr'><strong>goiddamlinquit</strong></span> <span class='ocrx_word' id='word_1_456' title='bbox 1384 5012 1401 5042; x_wconf 77' lang='lat'><strong>,</strong></span> <span class='ocrx_word' id='word_1_457' title='bbox 1424 4984 1591 5042; x_wconf 79' lang='lat' dir='ltr'><strong>putant</strong></span> <span class='ocrx_word' id='word_1_458' title='bbox 1622 4977 2156 5042; x_wconf 55' lang='lat' dir='ltr'><strong>donampzaaillarnnt</strong></span> 
     </span>
    </p>
   </div>
   <div class='ocr_carea' id='block_1_62' title="bbox 587 5038 2154 5103">
    <p class='ocr_par' dir='ltr' id='par_1_62' title="bbox 587 5038 2154 5103">
     <span class='ocr_line' id='line_1_63' title="bbox 587 5038 2154 5103; baseline 0.002 -17"><span class='ocrx_word' id='word_1_459' title='bbox 587 5038 781 5103; x_wconf 61' lang='lat' dir='ltr'><strong>vocari.</strong></span> <span class='ocrx_word' id='word_1_460' title='bbox 812 5038 911 5089; x_wconf 84' lang='lat' dir='ltr'><strong>Sed</strong></span> <span class='ocrx_word' id='word_1_461' title='bbox 945 5038 993 5089; x_wconf 79' lang='lat' dir='ltr'><strong>in</strong></span> <span class='ocrx_word' id='word_1_462' title='bbox 1019 5040 1228 5103; x_wconf 55' lang='grc' dir='ltr'><strong>Μαμιιωί</strong></span> <span class='ocrx_word' id='word_1_463' title='bbox 1251 5038 1354 5103; x_wconf 71' lang='lat' dir='ltr'><strong>cap.</strong></span> <span class='ocrx_word' id='word_1_464' title='bbox 1378 5038 1455 5103; x_wconf 64' lang='grc' dir='ltr'><strong>ἓξ.</strong></span> <span class='ocrx_word' id='word_1_465' title='bbox 1483 5041 1653 5103; x_wconf 66' lang='lat' dir='ltr'><strong>initio,</strong></span> <span class='ocrx_word' id='word_1_466' title='bbox 1700 5038 1938 5103; x_wconf 65' lang='lat' dir='ltr'><strong>Bap/(age</strong></span> <span class='ocrx_word' id='word_1_467' title='bbox 1979 5042 2154 5091; x_wconf 83' lang='lat' dir='ltr'><strong>iterum</strong></span> 
     </span>
    </p>
   </div>
   <div class='ocr_carea' id='block_1_63' title="bbox 590 5100 2151 5164">
    <p class='ocr_par' dir='ltr' id='par_1_63' title="bbox 590 5100 2151 5164">
     <span class='ocr_line' id='line_1_64' title="bbox 590 5100 2151 5164; baseline 0.002 -16"><span class='ocrx_word' id='word_1_468' title='bbox 590 5108 727 5164; x_wconf 60' lang='lat' dir='ltr'><strong>vocat</strong></span> <span class='ocrx_word' id='word_1_469' title='bbox 749 5102 942 5164; x_wconf 78' lang='lat' dir='ltr'><strong>domum</strong></span> <span class='ocrx_word' id='word_1_470' title='bbox 954 5101 1273 5164; x_wconf 68' lang='lat' dir='ltr'><strong>maxillarum</strong></span> <span class='ocrx_word' id='word_1_471' title='bbox 1290 5100 1321 5159; x_wconf 64' lang='grc'><strong>,⁷</strong></span> <span class='ocrx_word' id='word_1_472' title='bbox 1346 5100 1429 5164; x_wconf 72' lang='lat' dir='ltr'><strong>qui</strong></span> <span class='ocrx_word' id='word_1_473' title='bbox 1447 5100 1768 5164; x_wconf 62' lang='lat' dir='ltr'><strong>sacerdotum</strong></span> <span class='ocrx_word' id='word_1_474' title='bbox 1786 5100 1988 5164; x_wconf 22' lang='lat' dir='ltr'><strong>lucidus</strong></span> <span class='ocrx_word' id='word_1_475' title='bbox 2031 5107 2151 5151; x_wconf 80' lang='lat' dir='ltr'><strong>erat.</strong></span> 
     </span>
    </p>
   </div>
   <div class='ocr_carea' id='block_1_64' title="bbox 587 5156 2153 5226">
    <p class='ocr_par' dir='ltr' id='par_1_64' title="bbox 587 5156 2153 5226">
     <span class='ocr_line' id='line_1_65' title="bbox 587 5156 2153 5226; baseline 0.003 -19"><span class='ocrx_word' id='word_1_476' title='bbox 587 5156 661 5226; x_wconf 57' lang='lat' dir='ltr'><strong>[7.x</strong></span> <span class='ocrx_word' id='word_1_477' title='bbox 695 5174 793 5226; x_wconf 77' lang='lat' dir='ltr'><strong>quo</strong></span> <span class='ocrx_word' id='word_1_478' title='bbox 830 5161 1073 5226; x_wconf 72' lang='lat' dir='ltr'><strong>intelligas</strong></span> <span class='ocrx_word' id='word_1_479' title='bbox 1106 5175 1192 5210; x_wconf 90' lang='lat' dir='ltr'><strong>cur</strong></span> <span class='ocrx_word' id='word_1_480' title='bbox 1228 5156 1338 5226; x_wconf 81' lang='lat' dir='ltr'><strong>huic</strong></span> <span class='ocrx_word' id='word_1_481' title='bbox 1359 5156 1605 5226; x_wconf 62' lang='lat' dir='ltr'><strong>addiderit</strong></span> <span class='ocrx_word' id='word_1_482' title='bbox 1624 5160 2029 5226; x_wconf 64' lang='lat' dir='ltr'><strong>sacerdotalium,</strong></span> <span class='ocrx_word' id='word_1_483' title='bbox 2063 5163 2153 5212; x_wconf 86' lang='lat' dir='ltr'><strong>nisi</strong></span> 
     </span>
    </p>
   </div>
   <div class='ocr_carea' id='block_1_65' title="bbox 528 5220 2160 5283">
    <p class='ocr_par' dir='ltr' id='par_1_65' title="bbox 528 5220 2160 5283">
     <span class='ocr_line' id='line_1_66' title="bbox 528 5220 2160 5283; baseline 0.003 -17"><span class='ocrx_word' id='word_1_484' title='bbox 528 5232 531 5235; x_wconf 84' lang='lat'>&#39;</span> <span class='ocrx_word' id='word_1_485' title='bbox 587 5221 629 5283; x_wconf 76' lang='lat' dir='ltr'><strong>si</strong></span> <span class='ocrx_word' id='word_1_486' title='bbox 653 5220 791 5271; x_wconf 75' lang='lat' dir='ltr'><strong>malis</strong></span> <span class='ocrx_word' id='word_1_487' title='bbox 813 5220 1338 5283; x_wconf 55' lang='lat' dir='ltr'><strong>exiftde&#39;argumeutari</strong></span> <span class='ocrx_word' id='word_1_488' title='bbox 1358 5257 1373 5282; x_wconf 95' lang='lat'><strong>,</strong></span> <span class='ocrx_word' id='word_1_489' title='bbox 1397 5224 1524 5283; x_wconf 88' lang='lat' dir='ltr'><strong>quod</strong></span> <span class='ocrx_word' id='word_1_490' title='bbox 1546 5220 1740 5270; x_wconf 81' lang='lat' dir='ltr'><strong>maxilla</strong></span> <span class='ocrx_word' id='word_1_491' title='bbox 1768 5225 1954 5283; x_wconf 70' lang='lat' dir='ltr'><strong>propria</strong></span> <span class='ocrx_word' id='word_1_492' title='bbox 1986 5220 2160 5271; x_wconf 78' lang='lat' dir='ltr'><strong>sacer-</strong></span> 
     </span>
    </p>
   </div>
   <div class='ocr_carea' id='block_1_66' title="bbox 585 5280 2158 5345">
    <p class='ocr_par' dir='ltr' id='par_1_66' title="bbox 585 5280 2158 5345">
     <span class='ocr_line' id='line_1_67' title="bbox 585 5280 2158 5345; baseline 0.003 -17"><span class='ocrx_word' id='word_1_493' title='bbox 585 5280 771 5345; x_wconf 8' lang='lat' dir='ltr'><strong>dotum,</strong></span> <span class='ocrx_word' id='word_1_494' title='bbox 793 5294 902 5345; x_wconf 69' lang='lat' dir='ltr'><strong>pars</strong></span> <span class='ocrx_word' id='word_1_495' title='bbox 945 5280 1141 5345; x_wconf 43' lang='lat' dir='ltr'><strong>eratjiu</strong></span> <span class='ocrx_word' id='word_1_496' title='bbox 1184 5281 1339 5345; x_wconf 73' lang='lat' dir='ltr'><strong>Lege.</strong></span> <span class='ocrx_word' id='word_1_497' title='bbox 1360 5280 1381 5345; x_wconf 41' lang='grc' dir='ltr'>ξ</span> <span class='ocrx_word' id='word_1_498' title='bbox 1406 5280 1671 5345; x_wconf 71' lang='lat' dir='ltr'><strong>Utranique</strong></span> <span class='ocrx_word' id='word_1_499' title='bbox 1722 5280 1957 5331; x_wconf 78' lang='lat' dir='ltr'><strong>rationem</strong></span> <span class='ocrx_word' id='word_1_500' title='bbox 1994 5285 2158 5345; x_wconf 82' lang='lat' dir='ltr'><strong>jungit</strong></span> 
     </span>
    </p>
   </div>
   <div class='ocr_carea' id='block_1_67' title="bbox 586 5340 2152 5406">
    <p class='ocr_par' dir='ltr' id='par_1_67' title="bbox 586 5340 2152 5406">
     <span class='ocr_line' id='line_1_68' title="bbox 586 5340 2152 5406; baseline 0.001 -16"><span class='ocrx_word' id='word_1_501' title='bbox 586 5340 962 5403; x_wconf 72' lang='lat' dir='ltr'><strong>&#39;l‘beOpliilactus</strong></span> <span class='ocrx_word' id='word_1_502' title='bbox 982 5344 1030 5392; x_wconf 89' lang='lat' dir='ltr'><strong>in</strong></span> <span class='ocrx_word' id='word_1_503' title='bbox 1053 5342 1229 5392; x_wconf 85' lang='lat' dir='ltr'><strong>Lucam</strong></span> <span class='ocrx_word' id='word_1_504' title='bbox 1254 5340 1328 5393; x_wconf 82' lang='lat' dir='ltr'><strong>l9.</strong></span> <span class='ocrx_word' id='word_1_505' title='bbox 1353 5340 1618 5406; x_wconf 76' lang='lat' dir='ltr'><strong>Origenem</strong></span> <span class='ocrx_word' id='word_1_506' title='bbox 1636 5353 1818 5397; x_wconf 48' lang='lat' dir='ltr'><strong>attonsa</strong></span> <span class='ocrx_word' id='word_1_507' title='bbox 1836 5340 2152 5392; x_wconf 66' lang='lat' dir='ltr'><strong>exscriben&#39;s:</strong></span> 
     </span>
    </p>
   </div>
   <div class='ocr_carea' id='block_1_68' title="bbox 589 5412 2156 5468">
    <p class='ocr_par' dir='ltr' id='par_1_68' title="bbox 589 5412 2156 5468">
     <span class='ocr_line' id='line_1_69' title="bbox 589 5412 2156 5468; baseline 0.005 -8"><span class='ocrx_word' id='word_1_508' title='bbox 589 5412 754 5463; x_wconf 64' lang='grc' dir='ltr'><strong>μεθεκτή</strong></span> <span class='ocrx_word' id='word_1_509' title='bbox 789 5415 887 5461; x_wconf 63' lang='grc' dir='ltr'><strong>οἰκος</strong></span> <span class='ocrx_word' id='word_1_510' title='bbox 923 5417 1094 5467; x_wconf 58' lang='grc' dir='ltr'><strong>πατέων</strong></span> <span class='ocrx_word' id='word_1_511' title='bbox 1110 5444 1122 5462; x_wconf 76' lang='grc' dir='ltr'><strong><em>ι</em></strong></span> <span class='ocrx_word' id='word_1_512' title='bbox 1149 5415 1325 5468; x_wconf 53' lang='lat' dir='ltr'><strong>imm</strong></span> <span class='ocrx_word' id='word_1_513' title='bbox 1346 5419 1393 5455; x_wconf 68' lang='grc' dir='ltr'><strong>ὧν</strong></span> <span class='ocrx_word' id='word_1_514' title='bbox 1414 5417 1523 5468; x_wconf 50' lang='grc' dir='ltr'><strong>*ἐς</strong></span> <span class='ocrx_word' id='word_1_515' title='bbox 1545 5416 1641 5468; x_wconf 64' lang='grc' dir='ltr'><strong>’-καὶ</strong></span> <span class='ocrx_word' id='word_1_516' title='bbox 1661 5415 1727 5466; x_wconf 69' lang='grc' dir='ltr'><strong>γάρ</strong></span> <span class='ocrx_word' id='word_1_517' title='bbox 1749 5416 1910 5468; x_wconf 68' lang='grc' dir='ltr'><strong>σιαγόνας</strong></span> <span class='ocrx_word' id='word_1_518' title='bbox 1930 5420 2005 5462; x_wconf 73' lang='grc' dir='ltr'><strong>τοῖς</strong></span> <span class='ocrx_word' id='word_1_519' title='bbox 2026 5415 2156 5468; x_wconf 57' lang='lat' dir='ltr'><strong>latitet</strong></span> 
     </span>
    </p>
   </div>
   <div class='ocr_carea' id='block_1_69' title="bbox 588 5463 2156 5527">
    <p class='ocr_par' dir='ltr' id='par_1_69' title="bbox 588 5463 2156 5527">
     <span class='ocr_line' id='line_1_70' title="bbox 588 5463 2156 5527; baseline 0.003 -20"><span class='ocrx_word' id='word_1_520' title='bbox 588 5468 753 5527; x_wconf 61' lang='lat' dir='ltr'><strong>tatam</strong></span> <span class='ocrx_word' id='word_1_521' title='bbox 772 5502 784 5520; x_wconf 90' lang='lat'><strong>,</strong></span> <span class='ocrx_word' id='word_1_522' title='bbox 803 5477 850 5518; x_wconf 73' lang='grc' dir='ltr'><strong>ὧς</strong></span> <span class='ocrx_word' id='word_1_523' title='bbox 871 5477 917 5527; x_wconf 55' lang='grc' dir='ltr'>ι.</span> <span class='ocrx_word' id='word_1_524' title='bbox 931 5483 982 5516; x_wconf 69' lang='grc' dir='ltr'>τι</span> <span class='ocrx_word' id='word_1_525' title='bbox 994 5463 1094 5526; x_wconf 67' lang='grc' dir='ltr'><strong>’,ἀμ</strong></span> <span class='ocrx_word' id='word_1_526' title='bbox 1113 5463 1391 5527; x_wconf 57' lang='lat' dir='ltr'><strong>aut}th</strong></span> <span class='ocrx_word' id='word_1_527' title='bbox 1431 5482 1454 5510; x_wconf 75' lang='grc' dir='ltr'><strong>ι</strong></span> <span class='ocrx_word' id='word_1_528' title='bbox 1468 5463 1753 5527; x_wconf 66' lang='lat' dir='ltr'><strong>Bethihage</strong></span> <span class='ocrx_word' id='word_1_529' title='bbox 1766 5498 1781 5523; x_wconf 95' lang='lat'><strong>,</strong></span> <span class='ocrx_word' id='word_1_530' title='bbox 1798 5463 1968 5513; x_wconf 86' lang='lat' dir='ltr'><strong>domus</strong></span> <span class='ocrx_word' id='word_1_531' title='bbox 1989 5463 2156 5527; x_wconf 68' lang='lat' dir='ltr'><strong>maxil-</strong></span> 
     </span>
    </p>
   </div>
   <div class='ocr_carea' id='block_1_70' title="bbox 588 5518 2153 5587">
    <p class='ocr_par' dir='ltr' id='par_1_70' title="bbox 588 5518 2153 5587">
     <span class='ocr_line' id='line_1_71' title="bbox 588 5518 2153 5587; baseline 0.004 -19"><span class='ocrx_word' id='word_1_532' title='bbox 588 5518 741 5587; x_wconf 69' lang='lat' dir='ltr'><strong>Iarum</strong></span> <span class='ocrx_word' id='word_1_533' title='bbox 760 5518 779 5587; x_wconf 43' lang='grc' dir='ltr'>ξ</span> <span class='ocrx_word' id='word_1_534' title='bbox 800 5525 882 5587; x_wconf 79' lang='lat' dir='ltr'><strong>qui</strong></span> <span class='ocrx_word' id='word_1_535' title='bbox 908 5518 1136 5575; x_wconf 71' lang='lat' dir='ltr'><strong>locusest</strong></span> <span class='ocrx_word' id='word_1_536' title='bbox 1156 5518 1482 5587; x_wconf 67' lang='lat' dir='ltr'><strong>sacijnlotalis.</strong></span> <span class='ocrx_word' id='word_1_537' title='bbox 1526 5518 1731 5573; x_wconf 64' lang='lat' dir='ltr'><strong>Maxilla:</strong></span> <span class='ocrx_word' id='word_1_538' title='bbox 1765 5518 1895 5576; x_wconf 79' lang='lat' dir='ltr'><strong>enim</strong></span> <span class='ocrx_word' id='word_1_539' title='bbox 1931 5526 2153 5575; x_wconf 82' lang='lat' dir='ltr'><strong>sacerdo-</strong></span> 
     </span>
    </p>
   </div>
   <div class='ocr_carea' id='block_1_71' title="bbox 590 5578 1783 5648">
    <p class='ocr_par' dir='ltr' id='par_1_71' title="bbox 590 5578 1783 5648">
     <span class='ocr_line' id='line_1_72' title="bbox 590 5578 1783 5648; baseline 0.006 -22"><span class='ocrx_word' id='word_1_540' title='bbox 590 5578 722 5647; x_wconf 77' lang='lat' dir='ltr'><strong>tibus</strong></span> <span class='ocrx_word' id='word_1_541' title='bbox 742 5578 978 5632; x_wconf 71' lang='lat' dir='ltr'><strong>dabantur</strong></span> <span class='ocrx_word' id='word_1_542' title='bbox 995 5620 1009 5646; x_wconf 93' lang='lat'><strong>,</strong></span> <span class='ocrx_word' id='word_1_543' title='bbox 1034 5588 1158 5637; x_wconf 86' lang='lat' dir='ltr'><strong>sicut</strong></span> <span class='ocrx_word' id='word_1_544' title='bbox 1181 5588 1228 5635; x_wconf 90' lang='lat' dir='ltr'><strong>in</strong></span> <span class='ocrx_word' id='word_1_545' title='bbox 1254 5585 1367 5648; x_wconf 79' lang='lat' dir='ltr'><strong>lege</strong></span> <span class='ocrx_word' id='word_1_546' title='bbox 1389 5588 1619 5648; x_wconf 82' lang='lat' dir='ltr'><strong>scriptum</strong></span> <span class='ocrx_word' id='word_1_547' title='bbox 1638 5595 1733 5637; x_wconf 80' lang='lat' dir='ltr'><strong>est.</strong></span> <span class='ocrx_word' id='word_1_548' title='bbox 1760 5602 1783 5633; x_wconf 69' lang='grc' dir='ltr'><strong>ι</strong></span> 
     </span>
    </p>
   </div>
   <div class='ocr_carea' id='block_1_72' title="bbox 1829 194 2505 260">
    <p class='ocr_par' dir='ltr' id='par_1_72' title="bbox 1829 194 2505 260">
     <span class='ocr_line' id='line_1_73' title="bbox 1829 194 2505 260; baseline -0.004 0"><span class='ocrx_word' id='word_1_549' title='bbox 1829 194 2086 260; x_wconf 70' lang='grc' dir='ltr'><strong>’ΞᾹΝΟΤΙ</strong></span> <span class='ocrx_word' id='word_1_550' title='bbox 2125 201 2505 260; x_wconf 64' lang='grc' dir='ltr'><strong>ΙῙΙΕΒΟΧῩΜΙ</strong></span> 
     </span>
    </p>
   </div>
   <div class='ocr_carea' id='block_1_73' title="bbox 3738 212 3875 270">
    <p class='ocr_par' dir='ltr' id='par_1_73' title="bbox 3738 212 3875 270">
     <span class='ocr_line' id='line_1_74' title="bbox 3738 212 3875 270; baseline 0.015 -2"><span class='ocrx_word' id='word_1_551' title='bbox 3738 212 3875 270; x_wconf 57' lang='grc'><strong>813</strong></span> 
     </span>
    </p>
   </div>
   <div class='ocr_carea' id='block_1_74' title="bbox 2263 308 3855 391">
    <p class='ocr_par' dir='ltr' id='par_1_74' title="bbox 2263 308 3855 391">
     <span class='ocr_line' id='line_1_75' title="bbox 2263 308 3855 391; baseline 0.007 -21"><span class='ocrx_word' id='word_1_552' title='bbox 2263 317 2409 371; x_wconf 86' lang='lat' dir='ltr'><strong>celso</strong></span> <span class='ocrx_word' id='word_1_553' title='bbox 2435 316 2688 372; x_wconf 82' lang='lat' dir='ltr'><strong>virtutum</strong></span> <span class='ocrx_word' id='word_1_554' title='bbox 2728 308 3065 384; x_wconf 81' lang='lat' dir='ltr'><strong>intuebatur;</strong></span> <span class='ocrx_word' id='word_1_555' title='bbox 3097 327 3153 375; x_wconf 91' lang='lat' dir='ltr'><strong>et</strong></span> <span class='ocrx_word' id='word_1_556' title='bbox 3191 320 3340 391; x_wconf 78' lang='lat' dir='ltr'><strong>juxta</strong></span> <span class='ocrx_word' id='word_1_557' title='bbox 3380 322 3523 378; x_wconf 81' lang='lat' dir='ltr'><strong>viam</strong></span> <span class='ocrx_word' id='word_1_558' title='bbox 3567 338 3855 382; x_wconf 63' lang='lat' dir='ltr'><strong>amcorum</strong></span> 
     </span>
    </p>
   </div>
   <div class='ocr_carea' id='block_1_75' title="bbox 2260 406 3853 483">
    <p class='ocr_par' dir='ltr' id='par_1_75' title="bbox 2260 406 3853 483">
     <span class='ocr_line' id='line_1_76' title="bbox 2260 406 3853 483; baseline 0.009 -23"><span class='ocrx_word' id='word_1_559' title='bbox 2260 406 2470 480; x_wconf 78' lang='lat' dir='ltr'><strong>(Matth.</strong></span> <span class='ocrx_word' id='word_1_560' title='bbox 2497 408 2587 463; x_wconf 75' lang='lat'><strong>20.</strong></span> <span class='ocrx_word' id='word_1_561' title='bbox 2615 408 2708 479; x_wconf 75' lang='lat'><strong>30)</strong></span> <span class='ocrx_word' id='word_1_562' title='bbox 2750 409 2886 475; x_wconf 87' lang='lat' dir='ltr'><strong>loca,</strong></span> <span class='ocrx_word' id='word_1_563' title='bbox 2913 412 3002 481; x_wconf 79' lang='lat' dir='ltr'><strong>qui</strong></span> <span class='ocrx_word' id='word_1_564' title='bbox 3030 414 3261 483; x_wconf 84' lang='lat' dir='ltr'><strong>receptis</strong></span> <span class='ocrx_word' id='word_1_565' title='bbox 3288 415 3608 482; x_wconf 86' lang='lat' dir='ltr'><strong>luminibus,</strong></span> <span class='ocrx_word' id='word_1_566' title='bbox 3637 417 3853 474; x_wconf 73' lang='lat' dir='ltr'><strong>utrius-</strong></span> 
     </span>
    </p>
   </div>
   <div class='ocr_carea' id='block_1_76' title="bbox 2258 497 3855 577">
    <p class='ocr_par' dir='ltr' id='par_1_76' title="bbox 2258 497 3855 577">
     <span class='ocr_line' id='line_1_77' title="bbox 2258 497 3855 577; baseline 0.01 -30"><span class='ocrx_word' id='word_1_567' title='bbox 2258 510 2362 565; x_wconf 92' lang='lat' dir='ltr'><strong>que</strong></span> <span class='ocrx_word' id='word_1_568' title='bbox 2393 497 2569 565; x_wconf 80' lang='lat' dir='ltr'><strong>populi</strong></span> <span class='ocrx_word' id='word_1_569' title='bbox 2595 498 2864 552; x_wconf 89' lang='lat' dir='ltr'><strong>credentis</strong></span> <span class='ocrx_word' id='word_1_570' title='bbox 2895 503 2949 553; x_wconf 92' lang='lat' dir='ltr'><strong>in</strong></span> <span class='ocrx_word' id='word_1_571' title='bbox 2979 500 3261 557; x_wconf 80' lang='lat' dir='ltr'><strong>Dominum</strong></span> <span class='ocrx_word' id='word_1_572' title='bbox 3287 543 3303 568; x_wconf 93' lang='lat'><strong>,</strong></span> <span class='ocrx_word' id='word_1_573' title='bbox 3330 515 3677 559; x_wconf 79' lang='lat' dir='ltr'><strong>sacramenta</strong></span> <span class='ocrx_word' id='word_1_574' title='bbox 3704 521 3855 577; x_wconf 72' lang='lat' dir='ltr'><strong>prae-</strong></span> 
     </span>
    </p>
   </div>
   <div class='ocr_carea' id='block_1_77' title="bbox 2260 586 3855 665">
    <p class='ocr_par' dir='ltr' id='par_1_77' title="bbox 2260 586 3855 665">
     <span class='ocr_line' id='line_1_78' title="bbox 2260 586 3855 665; baseline 0.009 -27"><span class='ocrx_word' id='word_1_575' title='bbox 2260 586 2536 640; x_wconf 90' lang='lat' dir='ltr'><strong>miserant.</strong></span> <span class='ocrx_word' id='word_1_576' title='bbox 2567 587 2808 656; x_wconf 89' lang='lat' dir='ltr'><strong>Ingressa</strong></span> <span class='ocrx_word' id='word_1_577' title='bbox 2847 588 3067 644; x_wconf 86' lang='lat' dir='ltr'><strong>Iericho</strong></span> <span class='ocrx_word' id='word_1_578' title='bbox 3090 633 3104 656; x_wconf 92' lang='lat'><strong>,</strong></span> <span class='ocrx_word' id='word_1_579' title='bbox 3132 591 3264 647; x_wconf 89' lang='lat' dir='ltr'><strong>vidit</strong></span> <span class='ocrx_word' id='word_1_580' title='bbox 3304 594 3493 649; x_wconf 86' lang='lat' dir='ltr'><strong>utbem</strong></span> <span class='ocrx_word' id='word_1_581' title='bbox 3520 611 3690 665; x_wconf 80' lang='lat' dir='ltr'><strong>quam</strong></span> <span class='ocrx_word' id='word_1_582' title='bbox 3722 599 3855 652; x_wconf 79' lang='lat' dir='ltr'><strong>qu-</strong></span> 
     </span>
    </p>
   </div>
   <div class='ocr_carea' id='block_1_78' title="bbox 2258 675 3851 758">
    <p class='ocr_par' dir='ltr' id='par_1_78' title="bbox 2258 675 3851 758">
     <span class='ocr_line' id='line_1_79' title="bbox 2258 675 3851 758; baseline 0.008 -28"><span class='ocrx_word' id='word_1_583' title='bbox 2258 675 2490 748; x_wconf 72' lang='lat' dir='ltr'><strong>davitm</strong></span> <span class='ocrx_word' id='word_1_584' title='bbox 2518 677 2633 731; x_wconf 88' lang='lat' dir='ltr'><strong>Iliel</strong></span> <span class='ocrx_word' id='word_1_585' title='bbox 2674 678 2728 733; x_wconf 91' lang='lat' dir='ltr'><strong>in</strong></span> <span class='ocrx_word' id='word_1_586' title='bbox 2771 679 2995 734; x_wconf 82' lang='lat' dir='ltr'><strong>Abiram</strong></span> <span class='ocrx_word' id='word_1_587' title='bbox 3037 682 3394 753; x_wconf 86' lang='lat' dir='ltr'><strong>primogenito</strong></span> <span class='ocrx_word' id='word_1_588' title='bbox 3442 699 3566 749; x_wconf 86' lang='lat' dir='ltr'><strong>suo,</strong></span> <span class='ocrx_word' id='word_1_589' title='bbox 3600 695 3659 741; x_wconf 89' lang='lat' dir='ltr'><strong>et</strong></span> <span class='ocrx_word' id='word_1_590' title='bbox 3686 687 3851 758; x_wconf 83' lang='lat' dir='ltr'><strong>cujus</strong></span> 
     </span>
    </p>
   </div>
   <div class='ocr_carea' id='block_1_79' title="bbox 2262 767 3847 849">
    <p class='ocr_par' dir='ltr' id='par_1_79' title="bbox 2262 767 3847 849">
     <span class='ocr_line' id='line_1_80' title="bbox 2262 767 3847 849; baseline 0.011 -32"><span class='ocrx_word' id='word_1_591' title='bbox 2262 775 2439 833; x_wconf 86' lang='lat' dir='ltr'><strong>portas</strong></span> <span class='ocrx_word' id='word_1_592' title='bbox 2468 767 2646 836; x_wconf 88' lang='lat' dir='ltr'><strong>posuit</strong></span> <span class='ocrx_word' id='word_1_593' title='bbox 2689 767 2742 821; x_wconf 93' lang='lat' dir='ltr'><strong>in</strong></span> <span class='ocrx_word' id='word_1_594' title='bbox 2784 768 2962 838; x_wconf 86' lang='lat' dir='ltr'><strong>Segub</strong></span> <span class='ocrx_word' id='word_1_595' title='bbox 2999 772 3293 827; x_wconf 86' lang='lat' dir='ltr'><strong>novissimo</strong></span> <span class='ocrx_word' id='word_1_596' title='bbox 3330 773 3559 828; x_wconf 78' lang='lat' dir='ltr'><strong>ﬁliorum</strong></span> <span class='ocrx_word' id='word_1_597' title='bbox 3590 773 3613 849; x_wconf 96' lang='lat'><strong>(</strong></span> <span class='ocrx_word' id='word_1_598' title='bbox 3632 775 3753 832; x_wconf 75' lang='lat' dir='ltr'><strong>Ias.</strong></span> <span class='ocrx_word' id='word_1_599' title='bbox 3786 780 3847 834; x_wconf 85' lang='lat'><strong>5.</strong></span> 
     </span>
    </p>
   </div>
   <div class='ocr_carea' id='block_1_80' title="bbox 2259 853 3848 930">
    <p class='ocr_par' dir='ltr' id='par_1_80' title="bbox 2259 853 3848 930">
     <span class='ocr_line' id='line_1_81' title="bbox 2259 853 3848 930; baseline 0.009 -22"><span class='ocrx_word' id='word_1_600' title='bbox 2259 853 2314 908; x_wconf 85' lang='lat'><strong>5.</strong></span> <span class='ocrx_word' id='word_1_601' title='bbox 2341 863 2389 906; x_wconf 82' lang='lat' dir='ltr'><strong>et</strong></span> <span class='ocrx_word' id='word_1_602' title='bbox 2412 855 2466 908; x_wconf 72' lang='grc'><strong>4.</strong></span> <span class='ocrx_word' id='word_1_603' title='bbox 2496 856 2530 909; x_wconf 91' lang='grc'>8</span> <span class='ocrx_word' id='word_1_604' title='bbox 2558 854 2599 926; x_wconf 94' lang='grc'><strong>).</strong></span> <span class='ocrx_word' id='word_1_605' title='bbox 2633 855 2823 912; x_wconf 87' lang='lat' dir='ltr'><strong>lntuita</strong></span> <span class='ocrx_word' id='word_1_606' title='bbox 2849 868 2933 913; x_wconf 90' lang='lat' dir='ltr'><strong>est</strong></span> <span class='ocrx_word' id='word_1_607' title='bbox 2971 868 3147 914; x_wconf 86' lang='lat' dir='ltr'><strong>castra</strong></span> <span class='ocrx_word' id='word_1_608' title='bbox 3174 859 3407 930; x_wconf 68' lang='lat' dir='ltr'><strong>Galgalas</strong></span> <span class='ocrx_word' id='word_1_609' title='bbox 3428 904 3445 928; x_wconf 93' lang='lat'><strong>,</strong></span> <span class='ocrx_word' id='word_1_610' title='bbox 3477 875 3533 920; x_wconf 88' lang='lat' dir='ltr'><strong>et</strong></span> <span class='ocrx_word' id='word_1_611' title='bbox 3581 880 3848 923; x_wconf 79' lang='lat' dir='ltr'><strong>acervum</strong></span> 
     </span>
    </p>
   </div>
   <div class='ocr_carea' id='block_1_81' title="bbox 2261 944 3844 1026">
    <p class='ocr_par' dir='ltr' id='par_1_81' title="bbox 2261 944 3844 1026">
     <span class='ocr_line' id='line_1_82' title="bbox 2261 944 3844 1026; baseline 0.011 -32"><span class='ocrx_word' id='word_1_612' title='bbox 2261 944 2666 1012; x_wconf 66' lang='lat' dir='ltr'><strong>prmpntiorum,</strong></span> <span class='ocrx_word' id='word_1_613' title='bbox 2684 956 2738 1000; x_wconf 89' lang='lat' dir='ltr'><strong>et</strong></span> <span class='ocrx_word' id='word_1_614' title='bbox 2764 946 3014 1002; x_wconf 71' lang='lat' dir='ltr'><strong>secundm</strong></span> <span class='ocrx_word' id='word_1_615' title='bbox 3033 949 3458 1007; x_wconf 88' lang='lat' dir='ltr'><strong>circumcisionis</strong></span> <span class='ocrx_word' id='word_1_616' title='bbox 3478 958 3799 1024; x_wconf 82' lang='lat' dir='ltr'><strong>mysterium</strong></span> <span class='ocrx_word' id='word_1_617' title='bbox 3826 976 3844 1026; x_wconf 85' lang='lat'><strong>;</strong></span> 
     </span>
    </p>
   </div>
   <div class='ocr_carea' id='block_1_82' title="bbox 2259 1032 3847 1105">
    <p class='ocr_par' dir='ltr' id='par_1_82' title="bbox 2259 1032 3847 1105">
     <span class='ocr_line' id='line_1_83' title="bbox 2259 1032 3847 1105; baseline 0.011 -20"><span class='ocrx_word' id='word_1_618' title='bbox 2259 1041 2315 1085; x_wconf 92' lang='lat' dir='ltr'><strong>et</strong></span> <span class='ocrx_word' id='word_1_619' title='bbox 2341 1032 2621 1087; x_wconf 90' lang='lat' dir='ltr'><strong>duodecim</strong></span> <span class='ocrx_word' id='word_1_620' title='bbox 2654 1034 2861 1104; x_wconf 89' lang='lat' dir='ltr'><strong>lapides</strong></span> <span class='ocrx_word' id='word_1_621' title='bbox 2884 1075 2900 1103; x_wconf 91' lang='lat'><strong>,</strong></span> <span class='ocrx_word' id='word_1_622' title='bbox 2926 1037 3016 1105; x_wconf 88' lang='lat' dir='ltr'><strong>qui</strong></span> <span class='ocrx_word' id='word_1_623' title='bbox 3048 1036 3116 1092; x_wconf 92' lang='lat' dir='ltr'><strong>de</strong></span> <span class='ocrx_word' id='word_1_624' title='bbox 3143 1037 3397 1095; x_wconf 89' lang='lat' dir='ltr'><strong>Iordanis</strong></span> <span class='ocrx_word' id='word_1_625' title='bbox 3439 1041 3566 1097; x_wconf 88' lang='lat' dir='ltr'><strong>illuc</strong></span> <span class='ocrx_word' id='word_1_626' title='bbox 3595 1046 3847 1102; x_wconf 83' lang='lat' dir='ltr'><strong>translati</strong></span> 
     </span>
    </p>
   </div>
   <div class='ocr_carea' id='block_1_83' title="bbox 2260 1123 3842 1197">
    <p class='ocr_par' dir='ltr' id='par_1_83' title="bbox 2260 1123 3842 1197">
     <span class='ocr_line' id='line_1_84' title="bbox 2260 1123 3842 1197; baseline 0.009 -20"><span class='ocrx_word' id='word_1_627' title='bbox 2260 1123 2413 1178; x_wconf 81' lang='lat' dir='ltr'><strong>alveo</strong></span> <span class='ocrx_word' id='word_1_628' title='bbox 2434 1164 2453 1189; x_wconf 95' lang='lat'><strong>,</strong></span> <span class='ocrx_word' id='word_1_629' title='bbox 2483 1124 2765 1181; x_wconf 89' lang='lat' dir='ltr'><strong>duodecim</strong></span> <span class='ocrx_word' id='word_1_630' title='bbox 2793 1128 3171 1197; x_wconf 80' lang='lat' dir='ltr'><strong>Apostolorum</strong></span> <span class='ocrx_word' id='word_1_631' title='bbox 3214 1130 3559 1189; x_wconf 84' lang='lat' dir='ltr'><strong>fundamenta</strong></span> <span class='ocrx_word' id='word_1_632' title='bbox 3584 1133 3842 1193; x_wconf 78' lang='lat' dir='ltr'><strong>ﬁrmave-</strong></span> 
     </span>
    </p>
   </div>
   <div class='ocr_carea' id='block_1_84' title="bbox 2262 1214 3844 1289">
    <p class='ocr_par' dir='ltr' id='par_1_84' title="bbox 2262 1214 3844 1289">
     <span class='ocr_line' id='line_1_85' title="bbox 2262 1214 3844 1289; baseline 0.009 -23"><span class='ocrx_word' id='word_1_633' title='bbox 2262 1224 2417 1280; x_wconf 84' lang='lat' dir='ltr'><strong>rant;</strong></span> <span class='ocrx_word' id='word_1_634' title='bbox 2444 1223 2499 1269; x_wconf 92' lang='lat' dir='ltr'><strong>et</strong></span> <span class='ocrx_word' id='word_1_635' title='bbox 2525 1214 2723 1271; x_wconf 91' lang='lat' dir='ltr'><strong>fontem</strong></span> <span class='ocrx_word' id='word_1_636' title='bbox 2751 1217 3018 1286; x_wconf 86' lang='lat' dir='ltr'><strong>quondam</strong></span> <span class='ocrx_word' id='word_1_637' title='bbox 3045 1218 3205 1289; x_wconf 88' lang='lat' dir='ltr'><strong>Legis</strong></span> <span class='ocrx_word' id='word_1_638' title='bbox 3228 1221 3626 1277; x_wconf 84' lang='lat' dir='ltr'><strong>amarissimum</strong></span> <span class='ocrx_word' id='word_1_639' title='bbox 3648 1236 3704 1279; x_wconf 91' lang='lat' dir='ltr'><strong>et</strong></span> <span class='ocrx_word' id='word_1_640' title='bbox 3732 1234 3844 1280; x_wconf 85' lang='lat' dir='ltr'><strong>sle-</strong></span> 
     </span>
    </p>
   </div>
   <div class='ocr_carea' id='block_1_85' title="bbox 2262 1306 3838 1383">
    <p class='ocr_par' dir='ltr' id='par_1_85' title="bbox 2262 1306 3838 1383">
     <span class='ocr_line' id='line_1_86' title="bbox 2262 1306 3838 1383; baseline 0.004 -23"><span class='ocrx_word' id='word_1_641' title='bbox 2262 1306 2413 1361; x_wconf 91' lang='lat' dir='ltr'><strong>rilem</strong></span> <span class='ocrx_word' id='word_1_642' title='bbox 2439 1345 2456 1372; x_wconf 95' lang='lat'><strong>,</strong></span> <span class='ocrx_word' id='word_1_643' title='bbox 2480 1322 2638 1374; x_wconf 85' lang='lat' dir='ltr'><strong>quem</strong></span> <span class='ocrx_word' id='word_1_644' title='bbox 2661 1322 2820 1362; x_wconf 80' lang='lat' dir='ltr'><strong>verus</strong></span> <span class='ocrx_word' id='word_1_645' title='bbox 2846 1308 3077 1365; x_wconf 75' lang='lat' dir='ltr'><strong>Elismus</strong></span> <span class='ocrx_word' id='word_1_646' title='bbox 3121 1324 3215 1364; x_wconf 89' lang='lat' dir='ltr'><strong>sua</strong></span> <span class='ocrx_word' id='word_1_647' title='bbox 3255 1311 3497 1370; x_wconf 83' lang='lat' dir='ltr'><strong>condivit</strong></span> <span class='ocrx_word' id='word_1_648' title='bbox 3531 1313 3795 1383; x_wconf 84' lang='lat' dir='ltr'><strong>sapientia</strong></span> <span class='ocrx_word' id='word_1_649' title='bbox 3820 1356 3838 1380; x_wconf 90' lang='lat'><strong>,</strong></span> 
     </span>
    </p>
   </div>
   <div class='ocr_carea' id='block_1_86' title="bbox 2261 1396 3840 1474">
    <p class='ocr_par' dir='ltr' id='par_1_86' title="bbox 2261 1396 3840 1474">
     <span class='ocr_line' id='line_1_87' title="bbox 2261 1396 3840 1474; baseline 0.008 -25"><span class='ocrx_word' id='word_1_650' title='bbox 2261 1405 2316 1449; x_wconf 90' lang='lat' dir='ltr'><strong>et</strong></span> <span class='ocrx_word' id='word_1_651' title='bbox 2363 1396 2415 1450; x_wconf 92' lang='lat' dir='ltr'><strong>in</strong></span> <span class='ocrx_word' id='word_1_652' title='bbox 2442 1396 2718 1451; x_wconf 91' lang='lat' dir='ltr'><strong>dulcorem</strong></span> <span class='ocrx_word' id='word_1_653' title='bbox 2767 1397 3177 1468; x_wconf 87' lang='lat' dir='ltr'><strong>ubertatemque</strong></span> <span class='ocrx_word' id='word_1_654' title='bbox 3201 1401 3466 1456; x_wconf 86' lang='lat' dir='ltr'><strong>convertit</strong></span> <span class='ocrx_word' id='word_1_655' title='bbox 3493 1401 3512 1472; x_wconf 93' lang='lat'><strong>(</strong></span> <span class='ocrx_word' id='word_1_656' title='bbox 3540 1404 3595 1457; x_wconf 72' lang='grc'><strong>4.</strong></span> <span class='ocrx_word' id='word_1_657' title='bbox 3631 1404 3840 1474; x_wconf 62' lang='grc' dir='ltr'><strong>κίεις.</strong></span> 
     </span>
    </p>
   </div>
   <div class='ocr_carea' id='block_1_87' title="bbox 2260 1485 3843 1561">
    <p class='ocr_par' dir='ltr' id='par_1_87' title="bbox 2260 1485 3843 1561">
     <span class='ocr_line' id='line_1_88' title="bbox 2260 1485 3843 1561; baseline 0.006 -22"><span class='ocrx_word' id='word_1_658' title='bbox 2260 1487 2332 1540; x_wconf 76' lang='lat'><strong>‘22</strong></span> <span class='ocrx_word' id='word_1_659' title='bbox 2355 1485 2518 1558; x_wconf 72' lang='lat' dir='ltr'><strong>).,Vix</strong></span> <span class='ocrx_word' id='word_1_660' title='bbox 2549 1504 2653 1542; x_wconf 85' lang='lat' dir='ltr'><strong>nox</strong></span> <span class='ocrx_word' id='word_1_661' title='bbox 2682 1489 2988 1555; x_wconf 84' lang='lat' dir='ltr'><strong>transierat,</strong></span> <span class='ocrx_word' id='word_1_662' title='bbox 3011 1487 3086 1561; x_wconf 88' lang='lat' dir='ltr'><strong>(g)</strong></span> <span class='ocrx_word' id='word_1_663' title='bbox 3112 1489 3509 1547; x_wconf 81' lang='lat' dir='ltr'><strong>ferventissimo</strong></span> <span class='ocrx_word' id='word_1_664' title='bbox 3539 1504 3675 1550; x_wconf 72' lang='lat' dir='ltr'><strong>aestu</strong></span> <span class='ocrx_word' id='word_1_665' title='bbox 3695 1498 3843 1551; x_wconf 87' lang='lat' dir='ltr'><strong>venit</strong></span> 
     </span>
    </p>
   </div>
   <div class='ocr_carea' id='block_1_88' title="bbox 2262 1574 3843 1649">
    <p class='ocr_par' dir='ltr' id='par_1_88' title="bbox 2262 1574 3843 1649">
     <span class='ocr_line' id='line_1_89' title="bbox 2262 1574 3843 1649; baseline 0.006 -21"><span class='ocrx_word' id='word_1_666' title='bbox 2262 1575 2328 1629; x_wconf 88' lang='lat' dir='ltr'><strong>ad</strong></span> <span class='ocrx_word' id='word_1_667' title='bbox 2353 1574 2444 1647; x_wconf 84' lang='lat' dir='ltr'><strong>[aL</strong></span> <span class='ocrx_word' id='word_1_668' title='bbox 2470 1574 2546 1648; x_wconf 88' lang='lat' dir='ltr'><strong>in]</strong></span> <span class='ocrx_word' id='word_1_669' title='bbox 2564 1576 2886 1642; x_wconf 86' lang='lat' dir='ltr'><strong>Iordanem;</strong></span> <span class='ocrx_word' id='word_1_670' title='bbox 2915 1577 3063 1633; x_wconf 87' lang='lat' dir='ltr'><strong>stetit</strong></span> <span class='ocrx_word' id='word_1_671' title='bbox 3106 1578 3160 1632; x_wconf 92' lang='lat' dir='ltr'><strong>in</strong></span> <span class='ocrx_word' id='word_1_672' title='bbox 3195 1579 3309 1649; x_wconf 87' lang='lat' dir='ltr'><strong>ripa</strong></span> <span class='ocrx_word' id='word_1_673' title='bbox 3348 1578 3605 1649; x_wconf 79' lang='lat' dir='ltr'><strong>fluminis,</strong></span> <span class='ocrx_word' id='word_1_674' title='bbox 3641 1592 3696 1638; x_wconf 91' lang='lat' dir='ltr'><strong>et</strong></span> <span class='ocrx_word' id='word_1_675' title='bbox 3719 1593 3843 1638; x_wconf 92' lang='lat' dir='ltr'><strong>orto</strong></span> 
     </span>
    </p>
   </div>
   <div class='ocr_carea' id='block_1_89' title="bbox 2263 1668 3842 1742">
    <p class='ocr_par' dir='ltr' id='par_1_89' title="bbox 2263 1668 3842 1742">
     <span class='ocr_line' id='line_1_90' title="bbox 2263 1668 3842 1742; baseline 0.003 -20"><span class='ocrx_word' id='word_1_676' title='bbox 2263 1668 2400 1732; x_wconf 90' lang='lat' dir='ltr'><strong>sole,</strong></span> <span class='ocrx_word' id='word_1_677' title='bbox 2430 1669 2560 1723; x_wconf 91' lang='lat' dir='ltr'><strong>solis</strong></span> <span class='ocrx_word' id='word_1_678' title='bbox 2580 1669 2800 1739; x_wconf 70' lang='lat' dir='ltr'><strong>justitite</strong></span> <span class='ocrx_word' id='word_1_679' title='bbox 2825 1669 3105 1725; x_wconf 84' lang='lat' dir='ltr'><strong>recordata</strong></span> <span class='ocrx_word' id='word_1_680' title='bbox 3133 1680 3247 1736; x_wconf 84' lang='lat' dir='ltr'><strong>est;</strong></span> <span class='ocrx_word' id='word_1_681' title='bbox 3279 1672 3552 1742; x_wconf 89' lang='lat' dir='ltr'><strong>quomodo</strong></span> <span class='ocrx_word' id='word_1_682' title='bbox 3578 1675 3631 1727; x_wconf 92' lang='lat' dir='ltr'><strong>in</strong></span> <span class='ocrx_word' id='word_1_683' title='bbox 3663 1675 3842 1729; x_wconf 83' lang='lat' dir='ltr'><strong>medio</strong></span> 
     </span>
    </p>
   </div>
   <div class='ocr_carea' id='block_1_90' title="bbox 2264 1760 3835 1836">
    <p class='ocr_par' dir='ltr' id='par_1_90' title="bbox 2264 1760 3835 1836">
     <span class='ocr_line' id='line_1_91' title="bbox 2264 1760 3835 1836; baseline 0.005 -24"><span class='ocrx_word' id='word_1_684' title='bbox 2264 1760 2437 1814; x_wconf 89' lang='lat' dir='ltr'><strong>amnis</strong></span> <span class='ocrx_word' id='word_1_685' title='bbox 2457 1761 2612 1816; x_wconf 86' lang='lat' dir='ltr'><strong>alveo</strong></span> <span class='ocrx_word' id='word_1_686' title='bbox 2640 1762 2779 1817; x_wconf 89' lang='lat' dir='ltr'><strong>sicca</strong></span> <span class='ocrx_word' id='word_1_687' title='bbox 2803 1762 3111 1818; x_wconf 86' lang='lat' dir='ltr'><strong>sacerdotes</strong></span> <span class='ocrx_word' id='word_1_688' title='bbox 3149 1762 3429 1833; x_wconf 90' lang='lat' dir='ltr'><strong>posuerint</strong></span> <span class='ocrx_word' id='word_1_689' title='bbox 3454 1766 3673 1836; x_wconf 86' lang='lat' dir='ltr'><strong>vestigia</strong></span> <span class='ocrx_word' id='word_1_690' title='bbox 3696 1766 3835 1835; x_wconf 66' lang='lat' dir='ltr'><strong>(J03.</strong></span> 
     </span>
    </p>
   </div>
   <div class='ocr_carea' id='block_1_91' title="bbox 2263 1853 3840 1925">
    <p class='ocr_par' dir='ltr' id='par_1_91' title="bbox 2263 1853 3840 1925">
     <span class='ocr_line' id='line_1_92' title="bbox 2263 1853 3840 1925; baseline 0.002 -16"><span class='ocrx_word' id='word_1_691' title='bbox 2263 1854 2316 1909; x_wconf 80' lang='grc'><strong>5.</strong></span> <span class='ocrx_word' id='word_1_692' title='bbox 2341 1854 2430 1925; x_wconf 84' lang='grc'><strong>5);</strong></span> <span class='ocrx_word' id='word_1_693' title='bbox 2462 1863 2516 1908; x_wconf 92' lang='lat' dir='ltr'><strong>et</strong></span> <span class='ocrx_word' id='word_1_694' title='bbox 2542 1853 2608 1908; x_wconf 90' lang='lat' dir='ltr'><strong>ad</strong></span> <span class='ocrx_word' id='word_1_695' title='bbox 2642 1854 2772 1908; x_wconf 82' lang='lat' dir='ltr'><strong>Elia:</strong></span> <span class='ocrx_word' id='word_1_696' title='bbox 2798 1865 2852 1909; x_wconf 89' lang='lat' dir='ltr'><strong>et</strong></span> <span class='ocrx_word' id='word_1_697' title='bbox 2893 1854 3072 1909; x_wconf 74' lang='lat' dir='ltr'><strong>Elisaei</strong></span> <span class='ocrx_word' id='word_1_698' title='bbox 3106 1855 3385 1924; x_wconf 89' lang='lat' dir='ltr'><strong>imperium</strong></span> <span class='ocrx_word' id='word_1_699' title='bbox 3408 1896 3425 1922; x_wconf 92' lang='lat'><strong>,</strong></span> <span class='ocrx_word' id='word_1_700' title='bbox 3470 1857 3740 1911; x_wconf 78' lang='lat' dir='ltr'><strong>stantibus</strong></span> <span class='ocrx_word' id='word_1_701' title='bbox 3774 1872 3840 1912; x_wconf 87' lang='lat' dir='ltr'><strong>ex</strong></span> 
     </span>
    </p>
   </div>
   <div class='ocr_carea' id='block_1_92' title="bbox 2263 1944 3840 2019">
    <p class='ocr_par' dir='ltr' id='par_1_92' title="bbox 2263 1944 3840 2019">
     <span class='ocr_line' id='line_1_93' title="bbox 2263 1944 3840 2019; baseline 0.001 -20"><span class='ocrx_word' id='word_1_702' title='bbox 2263 1955 2491 2014; x_wconf 89' lang='lat' dir='ltr'><strong>utraque</strong></span> <span class='ocrx_word' id='word_1_703' title='bbox 2515 1953 2665 2012; x_wconf 89' lang='lat' dir='ltr'><strong>parte</strong></span> <span class='ocrx_word' id='word_1_704' title='bbox 2694 1944 2867 2012; x_wconf 86' lang='lat' dir='ltr'><strong>aquis,</strong></span> <span class='ocrx_word' id='word_1_705' title='bbox 2892 1945 2993 1998; x_wconf 91' lang='lat' dir='ltr'><strong>iter</strong></span> <span class='ocrx_word' id='word_1_706' title='bbox 3021 1944 3158 1999; x_wconf 89' lang='lat' dir='ltr'><strong>unda</strong></span> <span class='ocrx_word' id='word_1_707' title='bbox 3191 1944 3476 2013; x_wconf 62' lang='lat' dir='ltr'><strong>praebuerit</strong></span> <span class='ocrx_word' id='word_1_708' title='bbox 3498 1944 3573 2018; x_wconf 73' lang='grc' dir='ltr'><strong>(ι.</strong></span> <span class='ocrx_word' id='word_1_709' title='bbox 3596 1945 3729 2017; x_wconf 79' lang='lat' dir='ltr'><strong>Reg.</strong></span> <span class='ocrx_word' id='word_1_710' title='bbox 3758 1947 3840 2019; x_wconf 79' lang='lat'><strong>2);</strong></span> 
     </span>
    </p>
   </div>
   <div class='ocr_carea' id='block_1_93' title="bbox 2265 2036 3840 2108">
    <p class='ocr_par' dir='ltr' id='par_1_93' title="bbox 2265 2036 3840 2108">
     <span class='ocr_line' id='line_1_94' title="bbox 2265 2036 3840 2108; baseline 0.001 -17"><span class='ocrx_word' id='word_1_711' title='bbox 2265 2040 2600 2108; x_wconf 87' lang='lat' dir='ltr'><strong>pollutasque</strong></span> <span class='ocrx_word' id='word_1_712' title='bbox 2624 2036 2827 2091; x_wconf 92' lang='lat' dir='ltr'><strong>diluvio</strong></span> <span class='ocrx_word' id='word_1_713' title='bbox 2861 2051 3026 2107; x_wconf 88' lang='lat' dir='ltr'><strong>aquas</strong></span> <span class='ocrx_word' id='word_1_714' title='bbox 3045 2076 3062 2102; x_wconf 93' lang='lat'><strong>,</strong></span> <span class='ocrx_word' id='word_1_715' title='bbox 3092 2046 3148 2092; x_wconf 90' lang='lat' dir='ltr'><strong>et</strong></span> <span class='ocrx_word' id='word_1_716' title='bbox 3173 2041 3336 2093; x_wconf 86' lang='lat' dir='ltr'><strong>totius</strong></span> <span class='ocrx_word' id='word_1_717' title='bbox 3361 2037 3572 2094; x_wconf 87' lang='lat' dir='ltr'><strong>humani</strong></span> <span class='ocrx_word' id='word_1_718' title='bbox 3614 2041 3840 2108; x_wconf 70' lang='lat' dir='ltr'><strong>generis</strong></span> 
     </span>
    </p>
   </div>
   <div class='ocr_carea' id='block_1_94' title="bbox 2264 2127 3840 2197">
    <p class='ocr_par' dir='ltr' id='par_1_94' title="bbox 2264 2127 3840 2197">
     <span class='ocr_line' id='line_1_95' title="bbox 2264 2127 3840 2197; baseline 0.004 -16"><span class='ocrx_word' id='word_1_719' title='bbox 2264 2128 2643 2183; x_wconf 88' lang='lat' dir='ltr'><strong>intersectione</strong></span> <span class='ocrx_word' id='word_1_720' title='bbox 2681 2127 3017 2197; x_wconf 85' lang='lat' dir='ltr'><strong>maculatas,</strong></span> <span class='ocrx_word' id='word_1_721' title='bbox 3057 2143 3156 2183; x_wconf 89' lang='lat' dir='ltr'><strong>suo</strong></span> <span class='ocrx_word' id='word_1_722' title='bbox 3201 2127 3457 2185; x_wconf 87' lang='lat' dir='ltr'><strong>Dominus</strong></span> <span class='ocrx_word' id='word_1_723' title='bbox 3499 2128 3840 2187; x_wconf 79' lang='lat' dir='ltr'><strong>mundavcrit</strong></span> 
     </span>
    </p>
   </div>
   <div class='ocr_carea' id='block_1_95' title="bbox 2263 2219 2597 2288">
    <p class='ocr_par' dir='ltr' id='par_1_95' title="bbox 2263 2219 2597 2288">
     <span class='ocr_line' id='line_1_96' title="bbox 2263 2219 2597 2288; baseline 0 -16"><span class='ocrx_word' id='word_1_724' title='bbox 2263 2219 2597 2288; x_wconf 81' lang='lat' dir='ltr'><strong>baptismate.</strong></span> 
     </span>
    </p>
   </div>
   <div class='ocr_carea' id='block_1_96' title="bbox 2334 2307 3836 2378">
    <p class='ocr_par' dir='ltr' id='par_1_96' title="bbox 2334 2307 3836 2378">
     <span class='ocr_line' id='line_1_97' title="bbox 2334 2307 3836 2378; baseline 0.001 -15"><span class='ocrx_word' id='word_1_725' title='bbox 2334 2309 2423 2363; x_wconf 78' lang='lat' dir='ltr'><strong>l5.</strong></span> <span class='ocrx_word' id='word_1_726' title='bbox 2466 2307 2705 2378; x_wconf 84' lang='lat' dir='ltr'><strong>Longum</strong></span> <span class='ocrx_word' id='word_1_727' title='bbox 2736 2314 2820 2363; x_wconf 89' lang='lat' dir='ltr'><strong>est</strong></span> <span class='ocrx_word' id='word_1_728' title='bbox 2843 2347 2859 2374; x_wconf 92' lang='lat'><strong>,</strong></span> <span class='ocrx_word' id='word_1_729' title='bbox 2880 2307 2926 2363; x_wconf 89' lang='lat' dir='ltr'><strong>si</strong></span> <span class='ocrx_word' id='word_1_730' title='bbox 2952 2307 3114 2363; x_wconf 89' lang='lat' dir='ltr'><strong>velim</strong></span> <span class='ocrx_word' id='word_1_731' title='bbox 3137 2308 3206 2364; x_wconf 89' lang='lat' dir='ltr'><strong>de</strong></span> <span class='ocrx_word' id='word_1_732' title='bbox 3249 2308 3387 2364; x_wconf 85' lang='lat' dir='ltr'><strong>valle</strong></span> <span class='ocrx_word' id='word_1_733' title='bbox 3423 2310 3593 2367; x_wconf 80' lang='lat' dir='ltr'><strong>Achar</strong></span> <span class='ocrx_word' id='word_1_734' title='bbox 3621 2311 3836 2377; x_wconf 90' lang='lat' dir='ltr'><strong>dicere,</strong></span> 
     </span>
    </p>
   </div>
   <div class='ocr_carea' id='block_1_97' title="bbox 2262 2396 3837 2469">
    <p class='ocr_par' dir='ltr' id='par_1_97' title="bbox 2262 2396 3837 2469">
     <span class='ocr_line' id='line_1_98' title="bbox 2262 2396 3837 2469; baseline 0.002 -19"><span class='ocrx_word' id='word_1_735' title='bbox 2262 2396 2313 2450; x_wconf 91' lang='lat' dir='ltr'><strong>id</strong></span> <span class='ocrx_word' id='word_1_736' title='bbox 2340 2407 2442 2463; x_wconf 90' lang='lat' dir='ltr'><strong>est,</strong></span> <span class='ocrx_word' id='word_1_737' title='bbox 2475 2398 2718 2453; x_wconf 78' lang='lat' dir='ltr'><strong>tumultus</strong></span> <span class='ocrx_word' id='word_1_738' title='bbox 2766 2408 2918 2467; x_wconf 78' lang='lat' dir='ltr'><strong>atque</strong></span> <span class='ocrx_word' id='word_1_739' title='bbox 2965 2399 3249 2465; x_wconf 84' lang='lat' dir='ltr'><strong>turbarum,</strong></span> <span class='ocrx_word' id='word_1_740' title='bbox 3281 2399 3336 2452; x_wconf 90' lang='lat' dir='ltr'><strong>in</strong></span> <span class='ocrx_word' id='word_1_741' title='bbox 3387 2414 3492 2469; x_wconf 87' lang='lat' dir='ltr'><strong>qua</strong></span> <span class='ocrx_word' id='word_1_742' title='bbox 3540 2399 3737 2453; x_wconf 89' lang='lat' dir='ltr'><strong>furtum</strong></span> <span class='ocrx_word' id='word_1_743' title='bbox 3783 2409 3837 2454; x_wconf 87' lang='lat' dir='ltr'><strong>et</strong></span> 
     </span>
    </p>
   </div>
   <div class='ocr_carea' id='block_1_98' title="bbox 2261 2488 3832 2562">
    <p class='ocr_par' dir='ltr' id='par_1_98' title="bbox 2261 2488 3832 2562">
     <span class='ocr_line' id='line_1_99' title="bbox 2261 2488 3832 2562; baseline 0.003 -22"><span class='ocrx_word' id='word_1_744' title='bbox 2261 2489 2478 2541; x_wconf 84' lang='lat' dir='ltr'><strong>avaritia</strong></span> <span class='ocrx_word' id='word_1_745' title='bbox 2506 2489 2857 2545; x_wconf 86' lang='lat' dir='ltr'><strong>condemnata</strong></span> <span class='ocrx_word' id='word_1_746' title='bbox 2887 2500 2970 2546; x_wconf 85' lang='lat' dir='ltr'><strong>est</strong></span> <span class='ocrx_word' id='word_1_747' title='bbox 3000 2490 3020 2562; x_wconf 95' lang='lat'><strong>(</strong></span> <span class='ocrx_word' id='word_1_748' title='bbox 3047 2489 3163 2547; x_wconf 76' lang='lat' dir='ltr'><strong>los.</strong></span> <span class='ocrx_word' id='word_1_749' title='bbox 3195 2491 3249 2544; x_wconf 81' lang='lat'><strong>7.</strong></span> <span class='ocrx_word' id='word_1_750' title='bbox 3278 2491 3349 2546; x_wconf 81' lang='lat'><strong>25</strong></span> <span class='ocrx_word' id='word_1_751' title='bbox 3375 2488 3395 2562; x_wconf 88' lang='lat'><strong>)</strong></span> <span class='ocrx_word' id='word_1_752' title='bbox 3422 2499 3515 2555; x_wconf 89' lang='lat' dir='ltr'><strong>;et</strong></span> <span class='ocrx_word' id='word_1_753' title='bbox 3539 2490 3609 2546; x_wconf 88' lang='lat' dir='ltr'><strong>de</strong></span> <span class='ocrx_word' id='word_1_754' title='bbox 3636 2490 3832 2554; x_wconf 73' lang='lat' dir='ltr'><strong>Bethel,</strong></span> 
     </span>
    </p>
   </div>
   <div class='ocr_carea' id='block_1_99' title="bbox 2263 2576 3832 2649">
    <p class='ocr_par' dir='ltr' id='par_1_99' title="bbox 2263 2576 3832 2649">
     <span class='ocr_line' id='line_1_100' title="bbox 2263 2576 3832 2649; baseline 0.004 -21"><span class='ocrx_word' id='word_1_755' title='bbox 2263 2576 2426 2630; x_wconf 84' lang='lat' dir='ltr'><strong>Domo</strong></span> <span class='ocrx_word' id='word_1_756' title='bbox 2454 2576 2571 2644; x_wconf 79' lang='lat' dir='ltr'><strong>Dei,</strong></span> <span class='ocrx_word' id='word_1_757' title='bbox 2606 2579 2657 2632; x_wconf 93' lang='lat' dir='ltr'><strong>in</strong></span> <span class='ocrx_word' id='word_1_758' title='bbox 2703 2594 2807 2649; x_wconf 90' lang='lat' dir='ltr'><strong>qua</strong></span> <span class='ocrx_word' id='word_1_759' title='bbox 2849 2595 3013 2649; x_wconf 90' lang='lat' dir='ltr'><strong>super</strong></span> <span class='ocrx_word' id='word_1_760' title='bbox 3040 2579 3239 2635; x_wconf 88' lang='lat' dir='ltr'><strong>nudam</strong></span> <span class='ocrx_word' id='word_1_761' title='bbox 3283 2580 3504 2634; x_wconf 88' lang='lat' dir='ltr'><strong>humum</strong></span> <span class='ocrx_word' id='word_1_762' title='bbox 3556 2580 3731 2634; x_wconf 84' lang='lat' dir='ltr'><strong>nudus</strong></span> <span class='ocrx_word' id='word_1_763' title='bbox 3782 2592 3832 2635; x_wconf 88' lang='lat' dir='ltr'><strong>et</strong></span> 
     </span>
    </p>
   </div>
   <div class='ocr_carea' id='block_1_100' title="bbox 2262 2669 3830 2743">
    <p class='ocr_par' dir='ltr' id='par_1_100' title="bbox 2262 2669 3830 2743">
     <span class='ocr_line' id='line_1_101' title="bbox 2262 2669 3830 2743; baseline 0.003 -21"><span class='ocrx_word' id='word_1_764' title='bbox 2262 2684 2464 2738; x_wconf 87' lang='lat' dir='ltr'><strong>pauper</strong></span> <span class='ocrx_word' id='word_1_765' title='bbox 2487 2669 2735 2725; x_wconf 90' lang='lat' dir='ltr'><strong>dormivit</strong></span> <span class='ocrx_word' id='word_1_766' title='bbox 2757 2672 2924 2728; x_wconf 89' lang='lat' dir='ltr'><strong>Iacob</strong></span> <span class='ocrx_word' id='word_1_767' title='bbox 2943 2689 2958 2737; x_wconf 86' lang='lat'><strong>;</strong></span> <span class='ocrx_word' id='word_1_768' title='bbox 2981 2680 3039 2728; x_wconf 89' lang='lat' dir='ltr'><strong>et</strong></span> <span class='ocrx_word' id='word_1_769' title='bbox 3055 2673 3227 2741; x_wconf 86' lang='lat' dir='ltr'><strong>posito</strong></span> <span class='ocrx_word' id='word_1_770' title='bbox 3243 2672 3433 2728; x_wconf 89' lang='lat' dir='ltr'><strong>subter</strong></span> <span class='ocrx_word' id='word_1_771' title='bbox 3452 2682 3612 2743; x_wconf 90' lang='lat' dir='ltr'><strong>caput</strong></span> <span class='ocrx_word' id='word_1_772' title='bbox 3637 2674 3830 2742; x_wconf 85' lang='lat' dir='ltr'><strong>lapide,</strong></span> 
     </span>
    </p>
   </div>
   <div class='ocr_carea' id='block_1_101' title="bbox 2259 2760 3834 2830">
    <p class='ocr_par' dir='ltr' id='par_1_101' title="bbox 2259 2760 3834 2830">
     <span class='ocr_line' id='line_1_102' title="bbox 2259 2760 3834 2830; baseline 0.003 -17"><span class='ocrx_word' id='word_1_773' title='bbox 2259 2760 2348 2826; x_wconf 87' lang='lat' dir='ltr'><strong>qui</strong></span> <span class='ocrx_word' id='word_1_774' title='bbox 2391 2761 2443 2814; x_wconf 94' lang='lat' dir='ltr'><strong>in</strong></span> <span class='ocrx_word' id='word_1_775' title='bbox 2482 2760 2737 2815; x_wconf 83' lang='lat' dir='ltr'><strong>Zacharia</strong></span> <span class='ocrx_word' id='word_1_776' title='bbox 2786 2770 2993 2830; x_wconf 83' lang='lat' dir='ltr'><strong>septem</strong></span> <span class='ocrx_word' id='word_1_777' title='bbox 3040 2763 3226 2817; x_wconf 89' lang='lat' dir='ltr'><strong>oculos</strong></span> <span class='ocrx_word' id='word_1_778' title='bbox 3273 2763 3473 2818; x_wconf 87' lang='lat' dir='ltr'><strong>habere</strong></span> <span class='ocrx_word' id='word_1_779' title='bbox 3513 2763 3834 2818; x_wconf 88' lang='lat' dir='ltr'><strong>describitur</strong></span> 
     </span>
    </p>
   </div>
   <div class='ocr_carea' id='block_1_102' title="bbox 2261 2848 3827 2922">
    <p class='ocr_par' dir='ltr' id='par_1_102' title="bbox 2261 2848 3827 2922">
     <span class='ocr_line' id='line_1_103' title="bbox 2261 2848 3827 2922; baseline 0.003 -20"><span class='ocrx_word' id='word_1_780' title='bbox 2261 2848 2443 2921; x_wconf 84' lang='lat' dir='ltr'><strong>(Zaclt.</strong></span> <span class='ocrx_word' id='word_1_781' title='bbox 2477 2853 2530 2907; x_wconf 79' lang='grc'><strong>5.</strong></span> <span class='ocrx_word' id='word_1_782' title='bbox 2562 2850 2637 2922; x_wconf 90' lang='lat'><strong>9),</strong></span> <span class='ocrx_word' id='word_1_783' title='bbox 2672 2861 2726 2906; x_wconf 90' lang='lat' dir='ltr'><strong>et</strong></span> <span class='ocrx_word' id='word_1_784' title='bbox 2765 2851 2816 2905; x_wconf 93' lang='lat' dir='ltr'><strong>in</strong></span> <span class='ocrx_word' id='word_1_785' title='bbox 2846 2850 2980 2906; x_wconf 88' lang='lat' dir='ltr'><strong>Isaia</strong></span> <span class='ocrx_word' id='word_1_786' title='bbox 3008 2852 3141 2921; x_wconf 88' lang='lat' dir='ltr'><strong>lapis</strong></span> <span class='ocrx_word' id='word_1_787' title='bbox 3165 2852 3361 2907; x_wconf 89' lang='lat' dir='ltr'><strong>dicitur</strong></span> <span class='ocrx_word' id='word_1_788' title='bbox 3382 2853 3654 2922; x_wconf 77' lang='lat' dir='ltr'><strong>angularia</strong></span> <span class='ocrx_word' id='word_1_789' title='bbox 3679 2851 3827 2922; x_wconf 74' lang='lat' dir='ltr'><strong>(luti.</strong></span> 
     </span>
    </p>
   </div>
   <div class='ocr_carea' id='block_1_103' title="bbox 2260 2937 3829 3010">
    <p class='ocr_par' dir='ltr' id='par_1_103' title="bbox 2260 2937 3829 3010">
     <span class='ocr_line' id='line_1_104' title="bbox 2260 2937 3829 3010; baseline 0.002 -18"><span class='ocrx_word' id='word_1_790' title='bbox 2260 2939 2349 2995; x_wconf 72' lang='lat'><strong>28.</strong></span> <span class='ocrx_word' id='word_1_791' title='bbox 2386 2937 2472 3010; x_wconf 82' lang='grc'><strong>16)</strong></span> <span class='ocrx_word' id='word_1_792' title='bbox 2498 2940 2629 2995; x_wconf 89' lang='lat' dir='ltr'><strong>vidit</strong></span> <span class='ocrx_word' id='word_1_793' title='bbox 2655 2941 2855 2995; x_wconf 88' lang='lat' dir='ltr'><strong>scalam</strong></span> <span class='ocrx_word' id='word_1_794' title='bbox 2889 2955 3058 3008; x_wconf 90' lang='lat' dir='ltr'><strong>usque</strong></span> <span class='ocrx_word' id='word_1_795' title='bbox 3098 2940 3165 2995; x_wconf 90' lang='lat' dir='ltr'><strong>ad</strong></span> <span class='ocrx_word' id='word_1_796' title='bbox 3195 2941 3390 2996; x_wconf 82' lang='lat' dir='ltr'><strong>C(elum</strong></span> <span class='ocrx_word' id='word_1_797' title='bbox 3420 2941 3748 3008; x_wconf 88' lang='lat' dir='ltr'><strong>tendentem,</strong></span> <span class='ocrx_word' id='word_1_798' title='bbox 3780 2944 3829 2996; x_wconf 90' lang='lat' dir='ltr'><strong>in</strong></span> 
     </span>
    </p>
   </div>
   <div class='ocr_carea' id='block_1_104' title="bbox 2260 3029 3831 3103">
    <p class='ocr_par' dir='ltr' id='par_1_104' title="bbox 2260 3029 3831 3103">
     <span class='ocr_line' id='line_1_105' title="bbox 2260 3029 3831 3103; baseline 0.003 -22"><span class='ocrx_word' id='word_1_799' title='bbox 2260 3045 2361 3100; x_wconf 90' lang='lat' dir='ltr'><strong>qua</strong></span> <span class='ocrx_word' id='word_1_800' title='bbox 2392 3031 2645 3085; x_wconf 86' lang='lat' dir='ltr'><strong>Dominus</strong></span> <span class='ocrx_word' id='word_1_801' title='bbox 2672 3032 2907 3100; x_wconf 88' lang='lat' dir='ltr'><strong>desuper</strong></span> <span class='ocrx_word' id='word_1_802' title='bbox 2932 3031 3256 3087; x_wconf 87' lang='lat' dir='ltr'><strong>innitebatur</strong></span> <span class='ocrx_word' id='word_1_803' title='bbox 3280 3033 3297 3099; x_wconf 93' lang='lat'><strong>(</strong></span> <span class='ocrx_word' id='word_1_804' title='bbox 3325 3029 3450 3085; x_wconf 83' lang='lat' dir='ltr'><strong>Gen.</strong></span> <span class='ocrx_word' id='word_1_805' title='bbox 3474 3032 3546 3089; x_wconf 80' lang='lat'><strong>28</strong></span> <span class='ocrx_word' id='word_1_806' title='bbox 3566 3034 3585 3103; x_wconf 92' lang='lat'>)</span> <span class='ocrx_word' id='word_1_807' title='bbox 3607 3073 3623 3098; x_wconf 91' lang='lat'><strong>,</strong></span> <span class='ocrx_word' id='word_1_808' title='bbox 3646 3047 3831 3087; x_wconf 85' lang='lat' dir='ltr'><strong>ascen-</strong></span> 
     </span>
    </p>
   </div>
   <div class='ocr_carea' id='block_1_105' title="bbox 2260 3119 3828 3191">
    <p class='ocr_par' dir='ltr' id='par_1_105' title="bbox 2260 3119 3828 3191">
     <span class='ocr_line' id='line_1_106' title="bbox 2260 3119 3828 3191; baseline 0.002 -19"><span class='ocrx_word' id='word_1_809' title='bbox 2260 3119 2508 3174; x_wconf 87' lang='lat' dir='ltr'><strong>dentibus</strong></span> <span class='ocrx_word' id='word_1_810' title='bbox 2537 3119 2816 3189; x_wconf 75' lang='lat' dir='ltr'><strong>porrigens</strong></span> <span class='ocrx_word' id='word_1_811' title='bbox 2842 3135 3080 3185; x_wconf 87' lang='lat' dir='ltr'><strong>manum,</strong></span> <span class='ocrx_word' id='word_1_812' title='bbox 3100 3130 3155 3175; x_wconf 90' lang='lat' dir='ltr'><strong>et</strong></span> <span class='ocrx_word' id='word_1_813' title='bbox 3178 3121 3506 3191; x_wconf 71' lang='lat' dir='ltr'><strong>negligentes</strong></span> <span class='ocrx_word' id='word_1_814' title='bbox 3526 3120 3594 3176; x_wconf 91' lang='lat' dir='ltr'><strong>de</strong></span> <span class='ocrx_word' id='word_1_815' title='bbox 3617 3121 3828 3175; x_wconf 90' lang='lat' dir='ltr'><strong>sublimi</strong></span> 
     </span>
    </p>
   </div>
   <div class='ocr_carea' id='block_1_106' title="bbox 2260 3208 3828 3280">
    <p class='ocr_par' dir='ltr' id='par_1_106' title="bbox 2260 3208 3828 3280">
     <span class='ocr_line' id='line_1_107' title="bbox 2260 3208 3828 3280; baseline 0.001 -18"><span class='ocrx_word' id='word_1_816' title='bbox 2260 3210 2617 3278; x_wconf 82' lang='lat' dir='ltr'><strong>praecipitans.</strong></span> <span class='ocrx_word' id='word_1_817' title='bbox 2676 3208 2929 3279; x_wconf 86' lang='lat' dir='ltr'><strong>Sepulcra</strong></span> <span class='ocrx_word' id='word_1_818' title='bbox 2981 3224 3195 3280; x_wconf 90' lang='lat' dir='ltr'><strong>quoque</strong></span> <span class='ocrx_word' id='word_1_819' title='bbox 3245 3209 3301 3264; x_wconf 89' lang='lat' dir='ltr'><strong>in</strong></span> <span class='ocrx_word' id='word_1_820' title='bbox 3348 3219 3530 3265; x_wconf 91' lang='lat' dir='ltr'><strong>monte</strong></span> <span class='ocrx_word' id='word_1_821' title='bbox 3578 3209 3828 3280; x_wconf 83' lang='lat' dir='ltr'><strong>Ephraim</strong></span> 
     </span>
    </p>
   </div>
   <div class='ocr_carea' id='block_1_107' title="bbox 2256 3297 3830 3365">
    <p class='ocr_par' dir='ltr' id='par_1_107' title="bbox 2256 3297 3830 3365">
     <span class='ocr_line' id='line_1_108' title="bbox 2256 3297 3830 3365; baseline 0.001 -12"><span class='ocrx_word' id='word_1_822' title='bbox 2256 3297 2380 3353; x_wconf 77' lang='lat' dir='ltr'><strong>Iesu</strong></span> <span class='ocrx_word' id='word_1_823' title='bbox 2408 3299 2500 3354; x_wconf 85' lang='lat' dir='ltr'><strong>ﬂlii</strong></span> <span class='ocrx_word' id='word_1_824' title='bbox 2542 3299 2707 3365; x_wconf 85' lang='lat' dir='ltr'><strong>Nave,</strong></span> <span class='ocrx_word' id='word_1_825' title='bbox 2739 3313 2791 3355; x_wconf 88' lang='lat' dir='ltr'><strong>et</strong></span> <span class='ocrx_word' id='word_1_826' title='bbox 2823 3301 3059 3355; x_wconf 81' lang='lat' dir='ltr'><strong>Eleazari</strong></span> <span class='ocrx_word' id='word_1_827' title='bbox 3086 3300 3179 3355; x_wconf 79' lang='lat' dir='ltr'><strong>lilii</strong></span> <span class='ocrx_word' id='word_1_828' title='bbox 3220 3302 3398 3355; x_wconf 88' lang='lat' dir='ltr'><strong>Aaron</strong></span> <span class='ocrx_word' id='word_1_829' title='bbox 3442 3300 3773 3365; x_wconf 86' lang='lat' dir='ltr'><strong>Sacerdotis,</strong></span> <span class='ocrx_word' id='word_1_830' title='bbox 3800 3317 3830 3354; x_wconf 89' lang='lat' dir='ltr'><strong>e</strong></span> 
     </span>
    </p>
   </div>
   <div class='ocr_carea' id='block_1_108' title="bbox 2254 3389 3831 3460">
    <p class='ocr_par' dir='ltr' id='par_1_108' title="bbox 2254 3389 3831 3460">
     <span class='ocr_line' id='line_1_109' title="bbox 2254 3389 3831 3460; baseline -0.001 -15"><span class='ocrx_word' id='word_1_831' title='bbox 2254 3389 2476 3457; x_wconf 82' lang='lat' dir='ltr'><strong>regione</strong></span> <span class='ocrx_word' id='word_1_832' title='bbox 2547 3390 2706 3460; x_wconf 80' lang='lat'><strong>703</strong></span> <span class='ocrx_word' id='word_1_833' title='bbox 2778 3401 3033 3445; x_wconf 87' lang='lat' dir='ltr'><strong>venerata</strong></span> <span class='ocrx_word' id='word_1_834' title='bbox 3065 3401 3190 3445; x_wconf 90' lang='lat' dir='ltr'><strong>est:</strong></span> <span class='ocrx_word' id='word_1_835' title='bbox 3219 3405 3442 3459; x_wconf 88' lang='lat' dir='ltr'><strong>quorum</strong></span> <span class='ocrx_word' id='word_1_836' title='bbox 3468 3391 3606 3445; x_wconf 88' lang='lat' dir='ltr'><strong>alter</strong></span> <span class='ocrx_word' id='word_1_837' title='bbox 3644 3391 3831 3446; x_wconf 83' lang='lat' dir='ltr'><strong>condi-</strong></span> 
     </span>
    </p>
   </div>
   <div class='ocr_carea' id='block_1_109' title="bbox 2260 3478 3828 3553">
    <p class='ocr_par' dir='ltr' id='par_1_109' title="bbox 2260 3478 3828 3553">
     <span class='ocr_line' id='line_1_110' title="bbox 2260 3478 3828 3553; baseline -0.003 -19"><span class='ocrx_word' id='word_1_838' title='bbox 2260 3489 2344 3537; x_wconf 83' lang='lat' dir='ltr'><strong>tus</strong></span> <span class='ocrx_word' id='word_1_839' title='bbox 2369 3488 2454 3535; x_wconf 85' lang='lat' dir='ltr'><strong>est</strong></span> <span class='ocrx_word' id='word_1_840' title='bbox 2493 3480 2543 3534; x_wconf 91' lang='lat' dir='ltr'><strong>in</strong></span> <span class='ocrx_word' id='word_1_841' title='bbox 2572 3480 2958 3536; x_wconf 86' lang='lat' dir='ltr'><strong>Tantnathsare</strong></span> <span class='ocrx_word' id='word_1_842' title='bbox 2987 3478 3080 3553; x_wconf 81' lang='lat' dir='ltr'><strong>[aL</strong></span> <span class='ocrx_word' id='word_1_843' title='bbox 3110 3479 3519 3553; x_wconf 76' lang='lat' dir='ltr'><strong>Thammitsare]</strong></span> <span class='ocrx_word' id='word_1_844' title='bbox 3550 3497 3576 3533; x_wconf 88' lang='lat' dir='ltr'><strong>a</strong></span> <span class='ocrx_word' id='word_1_845' title='bbox 3616 3491 3828 3549; x_wconf 80' lang='lat' dir='ltr'><strong>septen-</strong></span> 
     </span>
    </p>
   </div>
   <div class='ocr_carea' id='block_1_110' title="bbox 2260 3569 3826 3644">
    <p class='ocr_par' dir='ltr' id='par_1_110' title="bbox 2260 3569 3826 3644">
     <span class='ocr_line' id='line_1_111' title="bbox 2260 3569 3826 3644; baseline -0.001 -20"><span class='ocrx_word' id='word_1_846' title='bbox 2260 3570 2471 3625; x_wconf 87' lang='lat' dir='ltr'><strong>trionali</strong></span> <span class='ocrx_word' id='word_1_847' title='bbox 2518 3580 2666 3639; x_wconf 85' lang='lat' dir='ltr'><strong>parte</strong></span> <span class='ocrx_word' id='word_1_848' title='bbox 2696 3571 2893 3625; x_wconf 89' lang='lat' dir='ltr'><strong>montis</strong></span> <span class='ocrx_word' id='word_1_849' title='bbox 2920 3571 3060 3627; x_wconf 86' lang='lat' dir='ltr'><strong>Gaas</strong></span> <span class='ocrx_word' id='word_1_850' title='bbox 3084 3569 3105 3644; x_wconf 91' lang='lat'><strong>(</strong></span> <span class='ocrx_word' id='word_1_851' title='bbox 3129 3570 3245 3625; x_wconf 74' lang='lat' dir='ltr'><strong>los.</strong></span> <span class='ocrx_word' id='word_1_852' title='bbox 3274 3570 3366 3626; x_wconf 70' lang='grc'><strong>24.</strong></span> <span class='ocrx_word' id='word_1_853' title='bbox 3397 3570 3511 3643; x_wconf 77' lang='lat'><strong>30)</strong></span> <span class='ocrx_word' id='word_1_854' title='bbox 3540 3587 3555 3624; x_wconf 89' lang='lat'><strong>:</strong></span> <span class='ocrx_word' id='word_1_855' title='bbox 3599 3572 3735 3626; x_wconf 88' lang='lat' dir='ltr'><strong>alter</strong></span> <span class='ocrx_word' id='word_1_856' title='bbox 3777 3573 3826 3623; x_wconf 91' lang='lat' dir='ltr'><strong>in</strong></span> 
     </span>
    </p>
   </div>
   <div class='ocr_carea' id='block_1_111' title="bbox 2257 3657 3839 3733">
    <p class='ocr_par' dir='ltr' id='par_1_111' title="bbox 2257 3657 3839 3733">
     <span class='ocr_line' id='line_1_112' title="bbox 2257 3657 3839 3733; baseline -0.002 -16"><span class='ocrx_word' id='word_1_857' title='bbox 2257 3659 2434 3717; x_wconf 84' lang='lat' dir='ltr'><strong>Gabaa</strong></span> <span class='ocrx_word' id='word_1_858' title='bbox 2463 3657 2613 3731; x_wconf 65' lang='lat' dir='ltr'><strong>[Mss</strong></span> <span class='ocrx_word' id='word_1_859' title='bbox 2646 3660 2811 3733; x_wconf 72' lang='grc' dir='ltr'><strong>ϐαρὺ]</strong></span> <span class='ocrx_word' id='word_1_860' title='bbox 2845 3662 2935 3715; x_wconf 89' lang='lat' dir='ltr'><strong>lilii</strong></span> <span class='ocrx_word' id='word_1_861' title='bbox 2961 3662 3043 3715; x_wconf 91' lang='lat' dir='ltr'><strong>sui</strong></span> <span class='ocrx_word' id='word_1_862' title='bbox 3075 3661 3304 3716; x_wconf 89' lang='lat' dir='ltr'><strong>Phinees</strong></span> <span class='ocrx_word' id='word_1_863' title='bbox 3334 3677 3348 3715; x_wconf 90' lang='lat'><strong>:</strong></span> <span class='ocrx_word' id='word_1_864' title='bbox 3379 3661 3616 3731; x_wconf 88' lang='lat' dir='ltr'><strong>satisque</strong></span> <span class='ocrx_word' id='word_1_865' title='bbox 3643 3662 3839 3715; x_wconf 83' lang='lat' dir='ltr'><strong>mirata</strong></span> 
     </span>
    </p>
   </div>
   <div class='ocr_carea' id='block_1_112' title="bbox 2258 3750 3828 3823">
    <p class='ocr_par' dir='ltr' id='par_1_112' title="bbox 2258 3750 3828 3823">
     <span class='ocr_line' id='line_1_113' title="bbox 2258 3750 3828 3823; baseline 0 -17"><span class='ocrx_word' id='word_1_866' title='bbox 2258 3760 2338 3807; x_wconf 82' lang='lat' dir='ltr'><strong>est</strong></span> <span class='ocrx_word' id='word_1_867' title='bbox 2361 3793 2377 3815; x_wconf 94' lang='lat'><strong>,</strong></span> <span class='ocrx_word' id='word_1_868' title='bbox 2401 3750 2542 3821; x_wconf 88' lang='lat' dir='ltr'><strong>quod</strong></span> <span class='ocrx_word' id='word_1_869' title='bbox 2581 3751 2898 3808; x_wconf 91' lang='lat' dir='ltr'><strong>distributor</strong></span> <span class='ocrx_word' id='word_1_870' title='bbox 2926 3753 3324 3823; x_wconf 84' lang='lat' dir='ltr'><strong>possessionum</strong></span> <span class='ocrx_word' id='word_1_871' title='bbox 3354 3753 3456 3807; x_wconf 90' lang='lat' dir='ltr'><strong>sibi</strong></span> <span class='ocrx_word' id='word_1_872' title='bbox 3496 3761 3746 3807; x_wconf 86' lang='lat' dir='ltr'><strong>montana</strong></span> <span class='ocrx_word' id='word_1_873' title='bbox 3776 3762 3828 3807; x_wconf 84' lang='lat' dir='ltr'><strong>et</strong></span> 
     </span>
    </p>
   </div>
   <div class='ocr_carea' id='block_1_113' title="bbox 2258 3843 3825 3913">
    <p class='ocr_par' dir='ltr' id='par_1_113' title="bbox 2258 3843 3825 3913">
     <span class='ocr_line' id='line_1_114' title="bbox 2258 3843 3825 3913; baseline 0 -17"><span class='ocrx_word' id='word_1_874' title='bbox 2258 3857 2446 3911; x_wconf 88' lang='lat' dir='ltr'><strong>aspera</strong></span> <span class='ocrx_word' id='word_1_875' title='bbox 2487 3843 2793 3913; x_wconf 77' lang='lat' dir='ltr'><strong>delegisset.</strong></span> <span class='ocrx_word' id='word_1_876' title='bbox 2826 3843 2963 3910; x_wconf 86' lang='lat' dir='ltr'><strong>Quid</strong></span> <span class='ocrx_word' id='word_1_877' title='bbox 3005 3859 3219 3899; x_wconf 88' lang='lat' dir='ltr'><strong>narrem</strong></span> <span class='ocrx_word' id='word_1_878' title='bbox 3263 3844 3394 3909; x_wconf 87' lang='lat' dir='ltr'><strong>Silo,</strong></span> <span class='ocrx_word' id='word_1_879' title='bbox 3425 3844 3478 3898; x_wconf 93' lang='lat' dir='ltr'><strong>in</strong></span> <span class='ocrx_word' id='word_1_880' title='bbox 3519 3858 3621 3912; x_wconf 87' lang='lat' dir='ltr'><strong>qua</strong></span> <span class='ocrx_word' id='word_1_881' title='bbox 3662 3844 3825 3897; x_wconf 86' lang='lat' dir='ltr'><strong>altare</strong></span> 
     </span>
    </p>
   </div>
   <div class='ocr_carea' id='block_1_114' title="bbox 2258 3932 3825 4004">
    <p class='ocr_par' dir='ltr' id='par_1_114' title="bbox 2258 3932 3825 4004">
     <span class='ocr_line' id='line_1_115' title="bbox 2258 3932 3825 4004; baseline -0.001 -16"><span class='ocrx_word' id='word_1_882' title='bbox 2258 3932 2491 3988; x_wconf 89' lang='lat' dir='ltr'><strong>dirutum</strong></span> <span class='ocrx_word' id='word_1_883' title='bbox 2520 3934 2785 4004; x_wconf 83' lang='lat' dir='ltr'><strong>hodieque</strong></span> <span class='ocrx_word' id='word_1_884' title='bbox 2810 3944 3160 4002; x_wconf 88' lang='lat' dir='ltr'><strong>monstratur,</strong></span> <span class='ocrx_word' id='word_1_885' title='bbox 3189 3944 3245 3991; x_wconf 89' lang='lat' dir='ltr'><strong>et</strong></span> <span class='ocrx_word' id='word_1_886' title='bbox 3273 3943 3482 4004; x_wconf 87' lang='lat' dir='ltr'><strong>raptum</strong></span> <span class='ocrx_word' id='word_1_887' title='bbox 3510 3933 3825 3989; x_wconf 87' lang='lat' dir='ltr'><strong>Sabinarum</strong></span> 
     </span>
    </p>
   </div>
   <div class='ocr_carea' id='block_1_115' title="bbox 2257 4022 3827 4097">
    <p class='ocr_par' dir='ltr' id='par_1_115' title="bbox 2257 4022 3827 4097">
     <span class='ocr_line' id='line_1_116' title="bbox 2257 4022 3827 4097; baseline -0.001 -20"><span class='ocrx_word' id='word_1_888' title='bbox 2257 4038 2287 4077; x_wconf 89' lang='lat' dir='ltr'><strong>a</strong></span> <span class='ocrx_word' id='word_1_889' title='bbox 2317 4023 2566 4088; x_wconf 78' lang='lat' dir='ltr'><strong>Romulo,</strong></span> <span class='ocrx_word' id='word_1_890' title='bbox 2588 4024 2757 4078; x_wconf 87' lang='lat' dir='ltr'><strong>tribus</strong></span> <span class='ocrx_word' id='word_1_891' title='bbox 2782 4024 3121 4091; x_wconf 86' lang='lat' dir='ltr'><strong>Benjamitica</strong></span> <span class='ocrx_word' id='word_1_892' title='bbox 3145 4024 3238 4097; x_wconf 71' lang='lat' dir='ltr'><strong>(al.</strong></span> <span class='ocrx_word' id='word_1_893' title='bbox 3258 4022 3667 4095; x_wconf 79' lang='lat' dir='ltr'><strong>Benjanu’nitica]</strong></span> <span class='ocrx_word' id='word_1_894' title='bbox 3696 4039 3827 4093; x_wconf 58' lang='lat' dir='ltr'><strong>piar-</strong></span> 
     </span>
    </p>
   </div>
   <div class='ocr_carea' id='block_1_116' title="bbox 2258 4114 3825 4187">
    <p class='ocr_par' dir='ltr' id='par_1_116' title="bbox 2258 4114 3825 4187">
     <span class='ocr_line' id='line_1_117' title="bbox 2258 4114 3825 4187; baseline 0 -19"><span class='ocrx_word' id='word_1_895' title='bbox 2258 4116 2515 4170; x_wconf 90' lang='lat' dir='ltr'><strong>cucurrit.</strong></span> <span class='ocrx_word' id='word_1_896' title='bbox 2543 4115 2812 4171; x_wconf 82' lang='lat' dir='ltr'><strong>Transivit</strong></span> <span class='ocrx_word' id='word_1_897' title='bbox 2834 4114 3060 4181; x_wconf 82' lang='lat' dir='ltr'><strong>Sicltem,</strong></span> <span class='ocrx_word' id='word_1_898' title='bbox 3085 4132 3193 4171; x_wconf 85' lang='lat' dir='ltr'><strong>non</strong></span> <span class='ocrx_word' id='word_1_899' title='bbox 3221 4125 3279 4172; x_wconf 90' lang='lat' dir='ltr'><strong>ut</strong></span> <span class='ocrx_word' id='word_1_900' title='bbox 3319 4116 3563 4187; x_wconf 89' lang='lat' dir='ltr'><strong>plerique</strong></span> <span class='ocrx_word' id='word_1_901' title='bbox 3587 4124 3825 4170; x_wconf 82' lang='lat' dir='ltr'><strong>errantes</strong></span> 
     </span>
    </p>
   </div>
   <div class='ocr_carea' id='block_1_117' title="bbox 2260 4206 3828 4279">
    <p class='ocr_par' dir='ltr' id='par_1_117' title="bbox 2260 4206 3828 4279">
     <span class='ocr_line' id='line_1_118' title="bbox 2260 4206 3828 4279; baseline -0.001 -18"><span class='ocrx_word' id='word_1_902' title='bbox 2260 4207 2440 4277; x_wconf 88' lang='lat' dir='ltr'><strong>legunt</strong></span> <span class='ocrx_word' id='word_1_903' title='bbox 2485 4207 2707 4274; x_wconf 82' lang='lat' dir='ltr'><strong>Sicltar,</strong></span> <span class='ocrx_word' id='word_1_904' title='bbox 2735 4222 2855 4276; x_wconf 76' lang='lat' dir='ltr'><strong>qua:</strong></span> <span class='ocrx_word' id='word_1_905' title='bbox 2905 4223 3050 4264; x_wconf 91' lang='lat' dir='ltr'><strong>nunc</strong></span> <span class='ocrx_word' id='word_1_906' title='bbox 3102 4208 3351 4279; x_wconf 78' lang='lat' dir='ltr'><strong>Neapolis</strong></span> <span class='ocrx_word' id='word_1_907' title='bbox 3406 4206 3733 4277; x_wconf 84' lang='lat' dir='ltr'><strong>appellatur,</strong></span> <span class='ocrx_word' id='word_1_908' title='bbox 3775 4216 3828 4260; x_wconf 91' lang='lat' dir='ltr'><strong>et</strong></span> 
     </span>
    </p>
   </div>
   <div class='ocr_carea' id='block_1_118' title="bbox 2258 4297 3826 4373">
    <p class='ocr_par' dir='ltr' id='par_1_118' title="bbox 2258 4297 3826 4373">
     <span class='ocr_line' id='line_1_119' title="bbox 2258 4297 3826 4373; baseline -0.004 -19"><span class='ocrx_word' id='word_1_909' title='bbox 2258 4314 2323 4354; x_wconf 83' lang='lat' dir='ltr'><strong>ex</strong></span> <span class='ocrx_word' id='word_1_910' title='bbox 2348 4298 2426 4373; x_wconf 78' lang='lat' dir='ltr'><strong>(Ii)</strong></span> <span class='ocrx_word' id='word_1_911' title='bbox 2454 4300 2621 4355; x_wconf 86' lang='lat' dir='ltr'><strong>latere</strong></span> <span class='ocrx_word' id='word_1_912' title='bbox 2646 4299 2843 4354; x_wconf 90' lang='lat' dir='ltr'><strong>montis</strong></span> <span class='ocrx_word' id='word_1_913' title='bbox 2870 4297 3101 4355; x_wconf 82' lang='lat' dir='ltr'><strong>Garizim</strong></span> <span class='ocrx_word' id='word_1_914' title='bbox 3122 4307 3416 4354; x_wconf 74' lang='lat' dir='ltr'><strong>extrunctam</strong></span> <span class='ocrx_word' id='word_1_915' title='bbox 3443 4297 3586 4352; x_wconf 87' lang='lat' dir='ltr'><strong>circa</strong></span> <span class='ocrx_word' id='word_1_916' title='bbox 3615 4307 3826 4367; x_wconf 81' lang='lat' dir='ltr'><strong>puteum</strong></span> 
     </span>
    </p>
   </div>
   <div class='ocr_carea' id='block_1_119' title="bbox 2256 4386 3829 4458">
    <p class='ocr_par' dir='ltr' id='par_1_119' title="bbox 2256 4386 3829 4458">
     <span class='ocr_line' id='line_1_120' title="bbox 2256 4386 3829 4458; baseline -0.005 -13"><span class='ocrx_word' id='word_1_917' title='bbox 2256 4388 2420 4446; x_wconf 90' lang='lat' dir='ltr'><strong>Iacob</strong></span> <span class='ocrx_word' id='word_1_918' title='bbox 2450 4389 2667 4445; x_wconf 88' lang='lat' dir='ltr'><strong>intravit</strong></span> <span class='ocrx_word' id='word_1_919' title='bbox 2688 4389 2981 4444; x_wconf 86' lang='lat' dir='ltr'><strong>Ecclesiam</strong></span> <span class='ocrx_word' id='word_1_920' title='bbox 3012 4405 3026 4442; x_wconf 93' lang='lat'><strong>:</strong></span> <span class='ocrx_word' id='word_1_921' title='bbox 3057 4403 3220 4458; x_wconf 90' lang='lat' dir='ltr'><strong>super</strong></span> <span class='ocrx_word' id='word_1_922' title='bbox 3239 4403 3345 4458; x_wconf 92' lang='lat' dir='ltr'><strong>quo</strong></span> <span class='ocrx_word' id='word_1_923' title='bbox 3370 4386 3614 4442; x_wconf 90' lang='lat' dir='ltr'><strong>residens</strong></span> <span class='ocrx_word' id='word_1_924' title='bbox 3652 4386 3829 4440; x_wconf 84' lang='lat' dir='ltr'><strong>Domi-</strong></span> 
     </span>
    </p>
   </div>
   <div class='ocr_carea' id='block_1_120' title="bbox 2259 4477 3827 4550">
    <p class='ocr_par' dir='ltr' id='par_1_120' title="bbox 2259 4477 3827 4550">
     <span class='ocr_line' id='line_1_121' title="bbox 2259 4477 3827 4550; baseline -0.005 -15"><span class='ocrx_word' id='word_1_925' title='bbox 2259 4496 2379 4547; x_wconf 87' lang='lat' dir='ltr'><strong>nus,</strong></span> <span class='ocrx_word' id='word_1_926' title='bbox 2413 4481 2704 4550; x_wconf 89' lang='lat' dir='ltr'><strong>sitiensque</strong></span> <span class='ocrx_word' id='word_1_927' title='bbox 2728 4488 2781 4535; x_wconf 88' lang='lat' dir='ltr'><strong>et</strong></span> <span class='ocrx_word' id='word_1_928' title='bbox 2807 4480 3074 4546; x_wconf 86' lang='lat' dir='ltr'><strong>esuriens,</strong></span> <span class='ocrx_word' id='word_1_929' title='bbox 3103 4479 3451 4535; x_wconf 81' lang='lat' dir='ltr'><strong>Samaritana:</strong></span> <span class='ocrx_word' id='word_1_930' title='bbox 3481 4478 3584 4532; x_wconf 86' lang='lat' dir='ltr'><strong>lide</strong></span> <span class='ocrx_word' id='word_1_931' title='bbox 3608 4477 3827 4532; x_wconf 88' lang='lat' dir='ltr'><strong>satiatus</strong></span> 
     </span>
    </p>
   </div>
   <div class='ocr_carea' id='block_1_121' title="bbox 2258 4564 3824 4639">
    <p class='ocr_par' dir='ltr' id='par_1_121' title="bbox 2258 4564 3824 4639">
     <span class='ocr_line' id='line_1_122' title="bbox 2258 4564 3824 4639; baseline -0.005 -16"><span class='ocrx_word' id='word_1_932' title='bbox 2258 4573 2384 4639; x_wconf 90' lang='lat' dir='ltr'><strong>est(</strong></span> <span class='ocrx_word' id='word_1_933' title='bbox 2413 4568 2570 4622; x_wconf 82' lang='lat' dir='ltr'><strong>Ioan.</strong></span> <span class='ocrx_word' id='word_1_934' title='bbox 2593 4569 2645 4622; x_wconf 73' lang='grc'><strong>4.</strong></span> <span class='ocrx_word' id='word_1_935' title='bbox 2674 4568 2707 4620; x_wconf 77' lang='lat'><strong>6</strong></span> <span class='ocrx_word' id='word_1_936' title='bbox 2726 4564 2779 4638; x_wconf 92' lang='lat'><strong>);</strong></span> <span class='ocrx_word' id='word_1_937' title='bbox 2808 4583 2925 4636; x_wconf 69' lang='lat' dir='ltr'><strong>quae</strong></span> <span class='ocrx_word' id='word_1_938' title='bbox 2950 4569 3184 4638; x_wconf 91' lang='lat' dir='ltr'><strong>quinque</strong></span> <span class='ocrx_word' id='word_1_939' title='bbox 3223 4566 3573 4622; x_wconf 83' lang='lat' dir='ltr'><strong>Mosaicorum</strong></span> <span class='ocrx_word' id='word_1_940' title='bbox 3601 4565 3824 4619; x_wconf 81' lang='lat' dir='ltr'><strong>volumi-</strong></span> 
     </span>
    </p>
   </div>
   <div class='ocr_carea' id='block_1_122' title="bbox 2260 4656 3824 4728">
    <p class='ocr_par' dir='ltr' id='par_1_122' title="bbox 2260 4656 3824 4728">
     <span class='ocr_line' id='line_1_123' title="bbox 2260 4656 3824 4728; baseline -0.004 -14"><span class='ocrx_word' id='word_1_941' title='bbox 2260 4675 2385 4714; x_wconf 89' lang='lat' dir='ltr'><strong>num</strong></span> <span class='ocrx_word' id='word_1_942' title='bbox 2414 4660 2543 4714; x_wconf 90' lang='lat' dir='ltr'><strong>viris</strong></span> <span class='ocrx_word' id='word_1_943' title='bbox 2563 4698 2578 4723; x_wconf 92' lang='lat'><strong>,</strong></span> <span class='ocrx_word' id='word_1_944' title='bbox 2619 4668 2877 4728; x_wconf 86' lang='lat' dir='ltr'><strong>sextoque</strong></span> <span class='ocrx_word' id='word_1_945' title='bbox 2898 4699 2913 4723; x_wconf 91' lang='lat'><strong>,</strong></span> <span class='ocrx_word' id='word_1_946' title='bbox 2945 4673 3102 4728; x_wconf 91' lang='lat' dir='ltr'><strong>quem</strong></span> <span class='ocrx_word' id='word_1_947' title='bbox 3131 4673 3191 4714; x_wconf 92' lang='lat' dir='ltr'><strong>se</strong></span> <span class='ocrx_word' id='word_1_948' title='bbox 3217 4658 3414 4713; x_wconf 88' lang='lat' dir='ltr'><strong>habere</strong></span> <span class='ocrx_word' id='word_1_949' title='bbox 3434 4656 3667 4725; x_wconf 87' lang='lat' dir='ltr'><strong>jactabat</strong></span> <span class='ocrx_word' id='word_1_950' title='bbox 3690 4696 3705 4721; x_wconf 95' lang='lat'><strong>,</strong></span> <span class='ocrx_word' id='word_1_951' title='bbox 3738 4670 3824 4708; x_wconf 52' lang='lat' dir='ltr'><strong>er.</strong></span> 
     </span>
    </p>
   </div>
   <div class='ocr_carea' id='block_1_123' title="bbox 2258 4746 3822 4822">
    <p class='ocr_par' dir='ltr' id='par_1_123' title="bbox 2258 4746 3822 4822">
     <span class='ocr_line' id='line_1_124' title="bbox 2258 4746 3822 4822; baseline -0.006 -15"><span class='ocrx_word' id='word_1_952' title='bbox 2258 4764 2381 4807; x_wconf 91' lang='lat' dir='ltr'><strong>rore</strong></span> <span class='ocrx_word' id='word_1_953' title='bbox 2402 4747 2479 4822; x_wconf 83' lang='lat' dir='ltr'><strong>(b)</strong></span> <span class='ocrx_word' id='word_1_954' title='bbox 2507 4746 2744 4802; x_wconf 90' lang='lat' dir='ltr'><strong>Dosithei</strong></span> <span class='ocrx_word' id='word_1_955' title='bbox 2765 4747 3038 4815; x_wconf 89' lang='lat' dir='ltr'><strong>derelicto,</strong></span> <span class='ocrx_word' id='word_1_956' title='bbox 3064 4763 3247 4806; x_wconf 90' lang='lat' dir='ltr'><strong>verum</strong></span> <span class='ocrx_word' id='word_1_957' title='bbox 3269 4747 3531 4810; x_wconf 84' lang='lat' dir='ltr'><strong>Messiam,</strong></span> <span class='ocrx_word' id='word_1_958' title='bbox 3561 4755 3613 4799; x_wconf 91' lang='lat' dir='ltr'><strong>et</strong></span> <span class='ocrx_word' id='word_1_959' title='bbox 3639 4760 3822 4799; x_wconf 88' lang='lat' dir='ltr'><strong>verum</strong></span> 
     </span>
    </p>
   </div>
   <div class='ocr_carea' id='block_1_124' title="bbox 2323 4850 3821 4966">
    <p class='ocr_par' dir='ltr' id='par_1_124' title="bbox 2323 4850 3821 4966">
     <span class='ocr_line' id='line_1_125' title="bbox 2323 4850 3821 4966; baseline -0.003 -61"><span class='ocrx_word' id='word_1_960' title='bbox 2323 4856 2383 4966; x_wconf 56' lang='lat' dir='ltr'><strong>(fl</strong></span> <span class='ocrx_word' id='word_1_961' title='bbox 2419 4856 2610 4918; x_wconf 82' lang='lat' dir='ltr'><strong>Repete</strong></span> <span class='ocrx_word' id='word_1_962' title='bbox 2649 4866 2715 4905; x_wconf 80' lang='lat' dir='ltr'><strong>ex</strong></span> <span class='ocrx_word' id='word_1_963' title='bbox 2750 4854 2902 4905; x_wconf 86' lang='lat' dir='ltr'><strong>Iosue</strong></span> <span class='ocrx_word' id='word_1_964' title='bbox 2939 4857 2986 4907; x_wconf 86' lang='lat'><strong>6.</strong></span> <span class='ocrx_word' id='word_1_965' title='bbox 3011 4858 3089 4907; x_wconf 72' lang='lat'><strong>%.</strong></span> <span class='ocrx_word' id='word_1_966' title='bbox 3117 4863 3169 4907; x_wconf 87' lang='lat' dir='ltr'><strong>et</strong></span> <span class='ocrx_word' id='word_1_967' title='bbox 3189 4857 3238 4905; x_wconf 80' lang='grc'><strong>3.</strong></span> <span class='ocrx_word' id='word_1_968' title='bbox 3265 4855 3391 4926; x_wconf 74' lang='lat' dir='ltr'><strong>libro</strong></span> <span class='ocrx_word' id='word_1_969' title='bbox 3409 4853 3717 4921; x_wconf 75' lang='lat' dir='ltr'><strong>Regumcap.</strong></span> <span class='ocrx_word' id='word_1_970' title='bbox 3746 4850 3821 4921; x_wconf 44' lang='lat'><strong>1.6.</strong></span> 
     </span>
     <span class='ocr_line' id='line_1_126' title="bbox 2325 4914 3821 4966; baseline -0.005 0"><span class='ocrx_word' id='word_1_971' title='bbox 2325 4953 2339 4966; x_wconf 94' lang='lat'><strong>.</strong></span> <span class='ocrx_word' id='word_1_972' title='bbox 2382 4920 2453 4966; x_wconf 92' lang='lat' dir='ltr'><strong>oci</strong></span> <span class='ocrx_word' id='word_1_973' title='bbox 2477 4918 2618 4966; x_wconf 87' lang='lat' dir='ltr'><strong>huius</strong></span> <span class='ocrx_word' id='word_1_974' title='bbox 2640 4914 3028 4966; x_wconf 63' lang='lat' dir='ltr'><strong>intelligentiam.</strong></span> <span class='ocrx_word' id='word_1_975' title='bbox 3084 4917 3225 4966; x_wconf 90' lang='lat' dir='ltr'><strong>Unus</strong></span> <span class='ocrx_word' id='word_1_976' title='bbox 3243 4915 3475 4966; x_wconf 68' lang='lat' dir='ltr'><strong>Remum,</strong></span> <span class='ocrx_word' id='word_1_977' title='bbox 3513 4919 3628 4961; x_wconf 70' lang='lat' dir='ltr'><strong>cum</strong></span> <span class='ocrx_word' id='word_1_978' title='bbox 3652 4917 3821 4960; x_wconf 77' lang='lat' dir='ltr'><strong>turrim</strong></span> 
     </span>
    </p>
   </div>
   <div class='ocr_carea' id='block_1_125' title="bbox 2258 4914 3824 4983">
    <p class='ocr_par' dir='ltr' id='par_1_125' title="bbox 2258 4914 3824 4983">
     <span class='ocr_line' id='line_1_127' title="bbox 2258 4914 3824 4983; baseline -0.006 -15"><span class='ocrx_word' id='word_1_979' title='bbox 2258 4914 2618 4983; x_wconf 52' lang='lat' dir='ltr'><strong>2ll&#39;locihujus</strong></span> <span class='ocrx_word' id='word_1_980' title='bbox 2640 4914 3028 4983; x_wconf 69' lang='lat' dir='ltr'><strong>intelligentiam.</strong></span> <span class='ocrx_word' id='word_1_981' title='bbox 3084 4917 3225 4983; x_wconf 51' lang='lat' dir='ltr'><strong>linus</strong></span> <span class='ocrx_word' id='word_1_982' title='bbox 3243 4915 3444 4983; x_wconf 70' lang='lat' dir='ltr'><strong>Regina:</strong></span> <span class='ocrx_word' id='word_1_983' title='bbox 3462 4948 3475 4983; x_wconf 53' lang='grc' dir='ltr'><strong>ε</strong></span> <span class='ocrx_word' id='word_1_984' title='bbox 3494 4914 3628 4983; x_wconf 46' lang='grc' dir='ltr'>,ινξιῆι</span> <span class='ocrx_word' id='word_1_985' title='bbox 3652 4914 3824 4983; x_wconf 49' lang='lat' dir='ltr'><strong>turrim</strong></span> 
     </span>
    </p>
   </div>
   <div class='ocr_carea' id='block_1_126' title="bbox 2262 4970 3824 5042">
    <p class='ocr_par' dir='ltr' id='par_1_126' title="bbox 2262 4970 3824 5042">
     <span class='ocr_line' id='line_1_128' title="bbox 2262 4970 3824 5042; baseline -0.006 -13"><span class='ocrx_word' id='word_1_986' title='bbox 2262 4970 2372 5042; x_wconf 78' lang='lat' dir='ltr'><strong>(pro</strong></span> <span class='ocrx_word' id='word_1_987' title='bbox 2394 4970 2577 5042; x_wconf 59' lang='lat' dir='ltr'><strong>urbm?)</strong></span> <span class='ocrx_word' id='word_1_988' title='bbox 2615 4989 2759 5041; x_wconf 84' lang='lat' dir='ltr'><strong>quam</strong></span> <span class='ocrx_word' id='word_1_989' title='bbox 2794 4970 3011 5040; x_wconf 67' lang='lat' dir='ltr'><strong>fundavit</strong></span> <span class='ocrx_word' id='word_1_990' title='bbox 3041 4976 3176 5027; x_wconf 68' lang='lat' dir='ltr'><strong>Altiel</strong></span> <span class='ocrx_word' id='word_1_991' title='bbox 3198 4990 3216 5026; x_wconf 90' lang='lat'><strong><em>:</em></strong></span> <span class='ocrx_word' id='word_1_992' title='bbox 3246 4970 3370 5025; x_wconf 65' lang='lat' dir='ltr'><strong>aliis</strong></span> <span class='ocrx_word' id='word_1_993' title='bbox 3390 4970 3549 5025; x_wconf 62' lang='lat' dir='ltr'><strong>.tcltiel</strong></span> <span class='ocrx_word' id='word_1_994' title='bbox 3572 4985 3635 5022; x_wconf 79' lang='lat' dir='ltr'><strong>ex</strong></span> <span class='ocrx_word' id='word_1_995' title='bbox 3660 4970 3824 5022; x_wconf 67' lang='lat' dir='ltr'><strong>Graeco</strong></span> 
     </span>
    </p>
   </div>
   <div class='ocr_carea' id='block_1_127' title="bbox 2430 5152 3728 5219">
    <p class='ocr_par' dir='ltr' id='par_1_127' title="bbox 2430 5152 3728 5219">
     <span class='ocr_line' id='line_1_129' title="bbox 2430 5152 3728 5219; baseline -0.006 -11"><span class='ocrx_word' id='word_1_996' title='bbox 2430 5159 2613 5208; x_wconf 70' lang='lat' dir='ltr'><strong>Vitiosa</strong></span> <span class='ocrx_word' id='word_1_997' title='bbox 2637 5152 2779 5219; x_wconf 68' lang='lat' dir='ltr'><strong>antea</strong></span> <span class='ocrx_word' id='word_1_998' title='bbox 2806 5152 2909 5207; x_wconf 74' lang='lat' dir='ltr'><strong>erat</strong></span> <span class='ocrx_word' id='word_1_999' title='bbox 2933 5172 3086 5219; x_wconf 88' lang='lat' dir='ltr'><strong>penes</strong></span> <span class='ocrx_word' id='word_1_1000' title='bbox 3109 5158 3435 5219; x_wconf 72' lang='lat' dir='ltr'><strong>Martianzeum</strong></span> <span class='ocrx_word' id='word_1_1001' title='bbox 3457 5166 3524 5204; x_wconf 78' lang='lat' dir='ltr'><strong>ea:</strong></span> <span class='ocrx_word' id='word_1_1002' title='bbox 3546 5152 3728 5219; x_wconf 61' lang='lat' dir='ltr'><strong>lateris.</strong></span> 
     </span>
    </p>
   </div>
   <div class='ocr_carea' id='block_1_128' title="bbox 2416 5213 3822 5284">
    <p class='ocr_par' dir='ltr' id='par_1_128' title="bbox 2416 5213 3822 5284">
     <span class='ocr_line' id='line_1_130' title="bbox 2416 5213 3822 5284; baseline -0.005 -16"><span class='ocrx_word' id='word_1_1003' title='bbox 2416 5221 2640 5284; x_wconf 84' lang='lat' dir='ltr'><strong>Quinque</strong></span> <span class='ocrx_word' id='word_1_1004' title='bbox 2667 5213 2976 5284; x_wconf 64' lang='lat' dir='ltr'><strong>Satnaritan&#39;ae</strong></span> <span class='ocrx_word' id='word_1_1005' title='bbox 3012 5219 3131 5284; x_wconf 78' lang='lat' dir='ltr'><strong>viris</strong></span> <span class='ocrx_word' id='word_1_1006' title='bbox 3167 5216 3368 5284; x_wconf 76' lang='lat' dir='ltr'><strong>totidem</strong></span> <span class='ocrx_word' id='word_1_1007' title='bbox 3390 5213 3822 5284; x_wconf 40' lang='lat' dir='ltr'><strong>comparaty&#39;oysis</strong></span> 
     </span>
    </p>
   </div>
   <div class='ocr_carea' id='block_1_129' title="bbox 2259 5273 3820 5342">
    <p class='ocr_par' dir='ltr' id='par_1_129' title="bbox 2259 5273 3820 5342">
     <span class='ocr_line' id='line_1_131' title="bbox 2259 5273 3820 5342; baseline -0.007 -12"><span class='ocrx_word' id='word_1_1008' title='bbox 2259 5273 2452 5341; x_wconf 62' lang='lat' dir='ltr'><strong>libros;</strong></span> <span class='ocrx_word' id='word_1_1009' title='bbox 2481 5273 2609 5342; x_wconf 79' lang='lat' dir='ltr'><strong>quod</strong></span> <span class='ocrx_word' id='word_1_1010' title='bbox 2632 5279 2854 5342; x_wconf 82' lang='lat' dir='ltr'><strong>nimirum</strong></span> <span class='ocrx_word' id='word_1_1011' title='bbox 2888 5278 2997 5342; x_wconf 82' lang='lat' dir='ltr'><strong>illos</strong></span> <span class='ocrx_word' id='word_1_1012' title='bbox 3031 5277 3277 5327; x_wconf 81' lang='lat' dir='ltr'><strong>dumtaxat</strong></span> <span class='ocrx_word' id='word_1_1013' title='bbox 3318 5276 3365 5323; x_wconf 89' lang='lat' dir='ltr'><strong>in</strong></span> <span class='ocrx_word' id='word_1_1014' title='bbox 3402 5273 3607 5323; x_wconf 75' lang='lat' dir='ltr'><strong>censum</strong></span> <span class='ocrx_word' id='word_1_1015' title='bbox 3643 5273 3820 5342; x_wconf 67' lang='lat' dir='ltr'><strong>Divina:</strong></span> 
     </span>
    </p>
   </div>
   <div class='ocr_carea' id='block_1_130' title="bbox 2259 5331 3821 5404">
    <p class='ocr_par' dir='ltr' id='par_1_130' title="bbox 2259 5331 3821 5404">
     <span class='ocr_line' id='line_1_132' title="bbox 2259 5331 3821 5404; baseline -0.008 -11"><span class='ocrx_word' id='word_1_1016' title='bbox 2259 5331 2521 5404; x_wconf 70' lang='lat' dir='ltr'><strong>scripturae</strong></span> <span class='ocrx_word' id='word_1_1017' title='bbox 2572 5339 2862 5404; x_wconf 71' lang='lat' dir='ltr'><strong>Samatjtani</strong></span> <span class='ocrx_word' id='word_1_1018' title='bbox 2897 5340 3214 5404; x_wconf 78' lang='lat' dir='ltr'><strong>reciperent,</strong></span> <span class='ocrx_word' id='word_1_1019' title='bbox 3261 5347 3465 5404; x_wconf 86' lang='lat' dir='ltr'><strong>quorum</strong></span> <span class='ocrx_word' id='word_1_1020' title='bbox 3498 5334 3664 5404; x_wconf 59' lang='lat' dir='ltr'><strong>errori</strong></span> <span class='ocrx_word' id='word_1_1021' title='bbox 3708 5331 3821 5404; x_wconf 76' lang='lat' dir='ltr'><strong>alter</strong></span> 
     </span>
    </p>
   </div>
   <div class='ocr_carea' id='block_1_131' title="bbox 2260 5392 3821 5461">
    <p class='ocr_par' dir='ltr' id='par_1_131' title="bbox 2260 5392 3821 5461">
     <span class='ocr_line' id='line_1_133' title="bbox 2260 5392 3821 5461; baseline -0.008 -9"><span class='ocrx_word' id='word_1_1022' title='bbox 2260 5392 2464 5452; x_wconf 66' lang='lat' dir='ltr'><strong>accessit.</strong></span> <span class='ocrx_word' id='word_1_1023' title='bbox 2486 5398 2942 5461; x_wconf 17' lang='lat' dir='ltr'><strong>exinovaposithagi</strong></span> <span class='ocrx_word' id='word_1_1024' title='bbox 2968 5392 3140 5461; x_wconf 64' lang='lat' dir='ltr'><strong>haeresi</strong></span> <span class='ocrx_word' id='word_1_1025' title='bbox 3161 5435 3175 5451; x_wconf 81' lang='grc'>,</span> <span class='ocrx_word' id='word_1_1026' title='bbox 3204 5392 3367 5461; x_wconf 67' lang='lat' dir='ltr'><strong>quem</strong></span> <span class='ocrx_word' id='word_1_1027' title='bbox 3389 5394 3554 5461; x_wconf 84' lang='lat' dir='ltr'><strong>_tradit</strong></span> <span class='ocrx_word' id='word_1_1028' title='bbox 3590 5392 3821 5461; x_wconf 75' lang='lat' dir='ltr'><strong>Eusebius</strong></span> 
     </span>
    </p>
   </div>
   <div class='ocr_carea' id='block_1_132' title="bbox 2265 5452 3844 5524">
    <p class='ocr_par' dir='ltr' id='par_1_132' title="bbox 2265 5452 3844 5524">
     <span class='ocr_line' id='line_1_134' title="bbox 2265 5452 3844 5524; baseline -0.01 -12"><span class='ocrx_word' id='word_1_1029' title='bbox 2265 5471 2482 5524; x_wconf 68' lang='lat' dir='ltr'><strong>Pratpar.</strong></span> <span class='ocrx_word' id='word_1_1030' title='bbox 2508 5459 2591 5509; x_wconf 79' lang='lat' dir='ltr'><strong>XI.</strong></span> <span class='ocrx_word' id='word_1_1031' title='bbox 2617 5467 2671 5508; x_wconf 89' lang='lat' dir='ltr'><strong>et</strong></span> <span class='ocrx_word' id='word_1_1032' title='bbox 2691 5458 2802 5524; x_wconf 67' lang='lat' dir='ltr'><strong>XII.</strong></span> <span class='ocrx_word' id='word_1_1033' title='bbox 2820 5459 2879 5524; x_wconf 77' lang='lat' dir='ltr'><strong>ad</strong></span> <span class='ocrx_word' id='word_1_1034' title='bbox 2900 5458 3221 5524; x_wconf 74' lang='lat' dir='ltr'><strong>Samaritanus</strong></span> <span class='ocrx_word' id='word_1_1035' title='bbox 3236 5452 3486 5524; x_wconf 67' lang='lat' dir='ltr'><strong>deiecisse</strong></span> <span class='ocrx_word' id='word_1_1036' title='bbox 3504 5492 3520 5512; x_wconf 89' lang='lat'><strong>,</strong></span> <span class='ocrx_word' id='word_1_1037' title='bbox 3552 5452 3681 5524; x_wconf 86' lang='lat' dir='ltr'><strong>quod</strong></span> <span class='ocrx_word' id='word_1_1038' title='bbox 3696 5452 3820 5524; x_wconf 76' lang='lat' dir='ltr'><strong>inter</strong></span> <span class='ocrx_word' id='word_1_1039' title='bbox 3839 5458 3844 5463; x_wconf 86' lang='lat'>&#39;</span> 
     </span>
    </p>
   </div>
   <div class='ocr_carea' id='block_1_133' title="bbox 2261 5513 3818 5582">
    <p class='ocr_par' dir='ltr' id='par_1_133' title="bbox 2261 5513 3818 5582">
     <span class='ocr_line' id='line_1_135' title="bbox 2261 5513 3818 5582; baseline -0.009 -11"><span class='ocrx_word' id='word_1_1040' title='bbox 2261 5513 2457 5571; x_wconf 69' lang='lat' dir='ltr'><strong>Iudteos</strong></span> <span class='ocrx_word' id='word_1_1041' title='bbox 2478 5534 2696 5582; x_wconf 52' lang='lat' dir='ltr'><strong>autem“</strong></span> <span class='ocrx_word' id='word_1_1042' title='bbox 2718 5520 2996 5582; x_wconf 75' lang='lat' dir='ltr'><strong>principem</strong></span> <span class='ocrx_word' id='word_1_1043' title='bbox 3020 5515 3172 5582; x_wconf 77' lang='lat' dir='ltr'><strong>locum</strong></span> <span class='ocrx_word' id='word_1_1044' title='bbox 3204 5515 3430 5564; x_wconf 82' lang='lat' dir='ltr'><strong>obtinere</strong></span> <span class='ocrx_word' id='word_1_1045' title='bbox 3454 5526 3553 5565; x_wconf 81' lang='lat' dir='ltr'><strong>non</strong></span> <span class='ocrx_word' id='word_1_1046' title='bbox 3574 5513 3818 5581; x_wconf 77' lang='lat' dir='ltr'><strong>potuisset.</strong></span> 
     </span>
    </p>
   </div>
   <div class='ocr_carea' id='block_1_134' title="bbox 2265 5575 3259 5643">
    <p class='ocr_par' dir='ltr' id='par_1_134' title="bbox 2265 5575 3259 5643">
     <span class='ocr_line' id='line_1_136' title="bbox 2265 5575 3259 5643; baseline -0.013 -11"><span class='ocrx_word' id='word_1_1047' title='bbox 2265 5583 2355 5632; x_wconf 86' lang='lat' dir='ltr'><strong>Vid</strong></span> <span class='ocrx_word' id='word_1_1048' title='bbox 2402 5575 2653 5643; x_wconf 66' lang='lat' dir='ltr'><strong>lftalogum</strong></span> <span class='ocrx_word' id='word_1_1049' title='bbox 2671 5575 2902 5629; x_wconf 78' lang='lat' dir='ltr'><strong>adversus</strong></span> <span class='ocrx_word' id='word_1_1050' title='bbox 2921 5575 3259 5627; x_wconf 84' lang='lat' dir='ltr'><strong>Luciferianos.</strong></span> 
     </span>
    </p>
   </div>
   <div class='ocr_carea' id='block_1_135' title="bbox 2256 5051 3426 5225">
    <p class='ocr_par' dir='ltr' id='par_1_135' title="bbox 2256 5051 3426 5225">
     <span class='ocr_line' id='line_1_137' title="bbox 2256 5051 3426 5225; baseline -0.004 -76"><span class='ocrx_word' id='word_1_1051' title='bbox 2256 5051 2395 5225; x_wconf 35' lang='lat' dir='ltr'><strong>“ﬁt.</strong></span> <span class='ocrx_word' id='word_1_1052' title='bbox 2429 5098 2564 5148; x_wconf 86' lang='lat' dir='ltr'><strong>Idem</strong></span> <span class='ocrx_word' id='word_1_1053' title='bbox 2587 5106 2697 5160; x_wconf 78' lang='lat' dir='ltr'><strong>Reg.</strong></span> <span class='ocrx_word' id='word_1_1054' title='bbox 2722 5097 2811 5147; x_wconf 78' lang='lat' dir='ltr'><strong>Ms.</strong></span> <span class='ocrx_word' id='word_1_1055' title='bbox 2835 5096 3183 5160; x_wconf 76' lang='lat' dir='ltr'><strong>ferventissime</strong></span> <span class='ocrx_word' id='word_1_1056' title='bbox 3204 5104 3250 5147; x_wconf 85' lang='lat' dir='ltr'><strong>et</strong></span> <span class='ocrx_word' id='word_1_1057' title='bbox 3274 5094 3426 5146; x_wconf 73' lang='lat' dir='ltr'><strong>venio.</strong></span> 
     </span>
     <span class='ocr_line' id='line_1_138' title="bbox 2364 5102 3426 5225; baseline -0.007 -16"><span class='ocrx_word' id='word_1_1058' title='bbox 2426 5159 2613 5225; x_wconf 67' lang='lat' dir='ltr'><strong>}&#39;itiose</strong></span> <span class='ocrx_word' id='word_1_1059' title='bbox 2637 5164 2779 5225; x_wconf 65' lang='lat' dir='ltr'><strong>antea</strong></span> <span class='ocrx_word' id='word_1_1060' title='bbox 2806 5166 2909 5225; x_wconf 76' lang='lat' dir='ltr'><strong>erat</strong></span> <span class='ocrx_word' id='word_1_1061' title='bbox 2933 5158 3426 5225; x_wconf 37' lang='lat' dir='ltr'><strong>penesMarti‘anzeum</strong></span> 
     </span>
    </p>
   </div>
   <div class='ocr_carea' id='block_1_136' title="bbox 2344 5223 2377 5288">
    <p class='ocr_par' dir='ltr' id='par_1_136' title="bbox 2344 5223 2377 5288">
     <span class='ocr_line' id='line_1_139' title="bbox 2344 5223 2377 5288; baseline 0 0"><span class='ocrx_word' id='word_1_1062' title='bbox 2344 5223 2377 5288; x_wconf 75' lang='grc' dir='ltr'>ι)</span> 
     </span>
    </p>
   </div>
  </div>
