4054 6192
217 198 368 257 889

221 312 506 383 reperis
526 310 882 368 Salutarem.
909 307 1084 378 Atque
1112 306 1237 363 inde
1265 306 1560 373 divertens,
1590 307 1720 364 vidit
1744 309 1882 365 duo-

224 400 471 458 decim
505 401 935 459 Patriarcharum
978 399 1263 468 sepulcra:
1296 407 1355 455 et
1378 399 1657 466 δώωσιν,
1691 399 1743 454 id
1772 408 1876 467 est,

231 493 641 559 Samariam,
697 508 818 563 qua:
862 492 917 547 in
966 490 1226 546 honorent
1279 492 1500 561 Augusti
1547 492 1617 547 ab
1669 491 1882 548 Herode

237 582 495 640 Gnaeo
522 598 773 639 sermone
807 583 1035 653 Angusta
1078 590 1165 636 est
1200 581 1494 636 nominata.
1526 581 1601 635 lbi
1625 581 1713 635 siti
1756 590 1883 637 sunt

239 674 532 732 Eliszcus
573 683 629 731 et
666 672 867 730 Abdias
914 672 1198 741 Propheta:
1226 688 1242 726 :
1268 680 1322 726 et
1350 670 1501 743 (quo
1527 671 1698 742 tnajor
1742 671 1883 727 inter

237 774 440 818 natos
481 764 769 819 mulierum
799 779 903 817 non
928 762 1047 834 fuit)
1069 761 1304 816 Joannes
1329 760 1586 832 Baptista.
1616 760 1717 818 Ubi
1738 761 1879 816 mul-

244 853 329 907 tis
377 852 688 909 intremuit
726 861 1066 907 consternata
1098 850 1430 906 mirabilibus
1459 867 1473 903 :
1506 866 1733 921 namque
1757 866 1876 906 ccr~

242 944 453 998 nebat
512 943 673 998 variis
724 942 999 997 dtemoncs
1044 942 1219 1010 rugire
1263 940 1609 1005 cruciatibus,
1660 949 1716 996 et
1758 950 1880 1000 ante

240 1034 548 1103 sepulcra
580 1041 890 1088 sanctorum
929 1031 1136 1086 ululare
1164 1031 1409 1085 homines
1434 1046 1584 1086 more
1610 1032 1877 1100 luporum,

239 1126 523 1180 vocibus
570 1125 770 1179 latrare
822 1123 1303 1187 canum,Iremere
1354 1123 1608 1188 leonum,
1663 1122 1880 1179 sibilare

240 1224 639 1284 serpentum,
671 1212 881 1283 mugire
909 1220 1202 1266 taurorum.
1233 1212 1381 1266 Alios
1410 1220 1585 1266 rotare
1609 1221 1764 1282 caput
1784 1254 1798 1278 ,
1826 1219 1883 1268 et

244 1314 402 1373 post
464 1314 682 1374 tergum
738 1312 936 1358 terram
983 1303 1182 1357 vertice
1232 1310 1473 1373 tangere,
1499 1305 1880 1374 suspensisque

244 1397 417 1467 pede
460 1396 688 1452 feminis
709 1438 725 1463 ,
758 1393 835 1467 (a)
860 1404 1038 1452 vestes
1064 1410 1171 1450 non
1200 1394 1435 1451 delluere
1467 1397 1519 1450 in
1551 1396 1755 1450 faciem.
1784 1395 1880 1451 Mi-

243 1489 579 1544 serebatnr
606 1487 870 1553 omnium,
907 1494 963 1542 et
994 1502 1088 1556 per
1115 1487 1355 1555 singulos
1385 1486 1568 1541 eﬂ'usis
1607 1486 1877 1558 lacryntis,

240 1578 495 1634 Christi
527 1578 866 1634 clementiam
895 1576 1305 1646 deprecabatur.
1339 1576 1406 1629 Et
1451 1577 1591 1631 sicut
1636 1585 1752 1630 erat
1796 1576 1877 1630 in-

245 1666 488 1735 valida,
517 1665 760 1722 ascendit
807 1664 1034 1735 pedibus
1079 1672 1348 1726 montem;
1381 1663 1434 1717 in
1478 1664 1631 1732 cujus
1673 1663 1882 1718 duabus

243 1760 591 1831 speluncis,
618 1756 1012 1828 persecutionis
1054 1764 1111 1810 et
1162 1753 1314 1808 lamis
1365 1762 1631 1822 tempore,
1681 1751 1881 1807 Abdias

248 1850 561 1921 propheta
599 1856 811 1904 centum
863 1844 1156 1915 prophetas
1183 1844 1316 1898 aluit
1343 1858 1481 1913 pane
1506 1851 1561 1897 et
1603 1857 1738 1911 aqua
1777 1841 1874 1915 (5.

252 1942 409 2015 Reg.
453 1942 555 1998 18.
583 1942 621 1997 4
648 1940 687 2012 ).
715 1938 844 1994 Inde
867 1939 976 1993 cito
1003 1938 1198 1993 itinere
1224 1934 1559 2005 percucurrit
1581 1932 1840 1988 Nazareth
1859 1973 1879 2001 ,

258 2035 624 2092 nutriculam
651 2031 893 2098 Domini;
915 2029 1060 2084 Cana
1082 2027 1232 2101 [ηδε.
1256 2025 1542 2098 Chaunum]
1562 2036 1615 2080 et
1635 2024 1879 2094 Caphar-

255 2143 478 2191 nauin,
516 2126 792 2193 signorum
820 2121 940 2192 ejus
968 2119 1260 2175 familiares
1294 2134 1308 2171 :
1342 2118 1515 2172 lacum
1542 2116 1877 2187 Tyheriadis,

255 2213 454 2289 705.
534 2215 819 2284 navigante
871 2211 1098 2266 Domino
1150 2207 1576 2273 sanctiﬁcatum;
1633 2204 1881 2260 solitudi-

256 2323 431 2370 nem,
472 2306 531 2359 in
560 2318 666 2374 qua
693 2301 858 2357 multa
904 2300 1220 2370 populorum
1251 2298 1414 2352 millia
1442 2297 1623 2366 paucis
1646 2303 1881 2349 saturata

261 2406 407 2456 sunt
456 2396 692 2466 panibus
713 2435 728 2460 ,
754 2404 807 2448 et
835 2390 901 2446 de
941 2391 1161 2461 reliquis
1186 2390 1517 2445 vescentium:
1548 2386 1736 2458 repleti
1756 2396 1881 2441 sunt

261 2488 511 2561 cophini
563 2485 849 2541 duodecim
892 2484 1126 2538 tribuum
1164 2482 1347 2537 Israel.
1380 2480 1682 2536 Scandebat
1731 2493 1883 2532 mon-

265 2591 388 2639 tem
440 2578 708 2641 Thahor,
769 2577 822 2629 in
869 2590 976 2643 quo
1024 2574 1430 2642 transﬁguratus
1475 2580 1557 2624 est
1600 2570 1877 2624 Dominus.

267 2669 609 2742 Aspiciebat
633 2666 814 2736 procul
844 2672 1052 2718 montes
1084 2662 1320 2716 lIermon
1349 2670 1404 2714 et
1445 2660 1797 2724 Ilermoniim,
1826 2667 1880 2712 ct

266 2776 515 2830 campos
564 2758 856 2812 latissimos
921 2755 1202 2818 Calilane,
1251 2753 1304 2807 in
1362 2752 1553 2823 quibus
1604 2751 1782 2806 Sisara
1825 2757 1881 2802 et

269 2851 467 2907 omnis
515 2848 782 2904 exercitus
828 2845 966 2915 ejus,
1000 2842 1204 2898 Barach
1251 2844 1536 2908 vincente,
1583 2848 1880 2912 prestratus

270 2951 363 2999 est
396 2940 626 3014 (Judic.
653 2936 728 3009 4)
761 2947 970 2991 torrens
998 2935 1183 2999 Cison,
1212 2933 1300 3002 qui
1334 2932 1562 2987 mediam
1606 2930 1876 2999 planitiem

274 3031 608 3095 dividebat;
639 3038 694 3082 ct
743 3027 1001 3096 Oppidum
1038 3026 1190 3095 juxta
1221 3024 1371 3079 Naiut
1398 3064 1414 3091 ,
1444 3024 1497 3078 in
1553 3038 1659 3093 quo
1708 3022 1880 3076 vidua)

274 3124 591 3177 suscitatus
630 3126 714 3173 est
757 3119 931 3184 (ilius,
979 3114 1398 3170 monstrabatur.
1432 3114 1553 3169 Dies
1599 3128 1685 3167 me
1733 3114 1881 3183 prius

280 3225 455 3281 quam
504 3223 685 3263 sermo
724 3207 957 3269 deﬁciet,
984 3206 1027 3260 si
1059 3206 1281 3260 voluero
1325 3212 1515 3259 cuncta
1544 3218 1878 3273 percurrere,

281 3317 413 3372 qua:
450 3299 614 3355 Paula
644 3297 966 3352 Venerabilis
992 3297 1095 3352 lide
1127 3296 1425 3351 incredibili
1456 3306 1739 3365 pervagata
1776 3305 1877 3349 est.

363 3390 459 3445 M.
491 3387 754 3443 Transibo
800 3387 866 3442 ad
921 3386 1252 3458 Egyptum;
1293 3394 1350 3440 et
1395 3384 1470 3457 (ὁ)
1517 3386 1570 3439 in
1620 3382 1877 3449 Sochoth,

283 3491 456 3551 atque
475 3478 620 3549 apud
652 3479 850 3532 fontem
883 3476 1134 3539 Samson,
1159 3492 1316 3544 quem
1347 3476 1415 3529 de
1442 3474 1627 3527 molari
1653 3474 1879 3527 nmxilht.

286 3570 459 3625 dente
490 3566 741 3638 produxit
769 3565 967 3639 (ludio.
987 3566 1073 3620 15.
1107 3564 1218 3636 19),
1247 3564 1534 3618 subsistant
1560 3576 1874 3632 parumper:

287 3671 345 3717 et
371 3660 587 3716 arentia
615 3674 710 3714 ora
739 3658 988 3723 eolluam,
1024 3665 1085 3711 ut
1111 3656 1433 3711 reiocillatus
1461 3654 1666 3708 videam
1701 3653 1877 3708 Mura-

290 3750 485 3816 sthim,
520 3734 825 3818 sepulcrum
852 3747 1119 3817 quondam
1151 3746 1368 3800 Miehcae
1400 3746 1674 3814 propheta)
1694 3785 1708 3807 ,
1738 3760 1879 3798 nunc

292 3840 619 3897 Ecclesium.
653 3840 720 3894 Et
770 3854 834 3893 ex
886 3838 1054 3892 latere
1094 3836 1462 3904 derelinquam
1505 3835 1793 3899 Chorrcos,
1825 3845 1880 3888 et

292 3932 582 3995 Gettheos,
611 3927 837 3992 Maresa,
871 3926 1156 3979 Idummam
1176 3966 1193 3982 .
1212 3934 1266 3980 et
1296 3924 1519 3989 Lachis;
1549 3933 1604 3978 et
1630 3939 1723 3992 per
1759 3938 1880 3977 arc-

366 4075 434 4142 (a)
475 4075 658 4137 Insigni
681 4074 856 4122 mendo
872 4108 886 4130 ,
919 4073 1047 4134 quod
1070 4085 1232 4135 neque
1254 4071 1559 4121 Martianaeus
1579 4072 1881 4121 animadver-

296 4140 359 4187 tit
377 4176 392 4195 ,
437 4142 546 4206 erat
568 4135 886 4206 inplet-isque
908 4134 1132 4206 outtiibps
1153 4134 1296 4202 editis
1317 4146 1374 4206 ac
1536 4131 1674 4206 libris
1693 4133 1881 4206 absque

295 4192 515 4261 negandi
539 4192 768 4261 particula
788 4192 975 4261 {testes
998 4192 1210 4256 deﬂuere
1239 4192 1290 4242 in
1321 4192 1510 4261 faciem.
1537 4192 1666 4261 “Nos
1700 4192 1880 4261 Cist'er-

296 4253 481 4309 ciehsis
504 4253 612 4305 cod.
650 4255 927 4313 admonuit,
969 4253 1122 4315 utque
1152 4260 1397 4303 constaret
1434 4253 1641 4315 prodigii
1681 4255 1879 4315 veritas,

299 4325 567 4368 contextus
603 4317 835 4378 orationis
855 4313 1131 4378 persnas“.
1175 4315 1396 4378 Accessit
1413 4313 1471 4362 ad
1495 4313 1716 4378 lectionis
1739 4313 1881 4378 ﬁdem

301 4379 615 4429 asserendam
649 4374 821 4425 Hilarii
855 4373 988 4425 locus
1020 4374 1102 4423 lib.
1139 4384 1305 4425 contra
1327 4373 1651 4424 Constantium
1677 4388 1805 4422 num.
1829 4375 1878 4422 8.

301 4451 448 4548 gnem
470 4438 795 4508 Hieronymus
814 4437 1078 4508 hcicpene
1102 4435 1378 4497 exscripsit.
1422 4433 1749 4506 «yeneranda
1772 4448 1879 4484 ossa

352 4507 565 4548 artvrum
585 4497 804 4548 quotidie
828 4505 1103 4547 testimonio
1139 4503 1251 4545 sunt
1271 4530 1287 4548 .
1306 4496 1419 4544 dum
1454 4508 1503 4543 tn
1539 4496 1614 4544 his
1635 4496 1879 4546 dwmones

352 4507 565 4563 artyrum
585 4496 810 4563 quotidie;
828 4496 1103 4563 testimonio
1139 4503 1251 4563 sunt
1270 4496 1287 4553 ,
1306 4496 1419 4563 dum
1454 4496 1503 4543 in
1539 4496 1614 4563 his
1630 4496 1880 4563 centones

305 4554 543 4623 mugiunt,
566 4554 678 4607 dum
697 4560 1011 4623 aegritpdines
1025 4555 1357 4623 depelluntur,
1381 4554 1493 4604 dum
1516 4555 1880 4623 admirationum

306 4616 455 4692 Ope'ra
475 4616 777 4692 cernuntur]
802 4617 986 4668 elevari
1008 4616 1118 4665 sine
1142 4616 1576 4678 laqueismrpora,
1601 4622 1653 4665 et
1673 4630 1880 4679 suspen-

306 4692 374 4728 sis
394 4683 521 4728 Dede
556 4680 748 4728 feminis
769 4716 783 4728 .
820 4679 1017 4728 Vesm
1036 4684 1139 4726 NON
1163 4682 1431 4726 DEFLUERE
1452 4684 1501 4726 1N
1522 4682 1711 4726 FACIEI
1734 4685 1830 4728 etc.
1850 4695 1873 4724 »

305 4683 546 4805 milii.
556 4683 1883 4805 ξῖἓιὶἰῖαέἓτὲαὲῗέοᾚᾶῗίξβῖἓέῗξξρέέῗίιί

312 4798 445 4863 seros
475 4798 834 4863 divei-so'exitu
872 4801 1160 4863 perurgeri,
1201 4798 1539 4863 hos'sublatis
1574 4798 1882 4863 jn‘sublime

314 4862 552 4922 pedibus,
590 4862 695 4909 NEC
722 4857 885 4911 tamen
927 4857 1094 4910 vest'es
1129 4860 1353 4910 deﬂuere
1383 4870 1532 4920 super
1570 4857 1774 4922 faciem,
1816 4874 1882 4910 ne

318 4920 496 4970 iaceret
517 4923 851 4970 verecundiam
877 4922 1050 4971 nudata
1074 4933 1184 4971 pars
1204 4932 1459 4971 annorum
1483 4926 1579 4969 etc.
1601 4936 1625 4965 ι
1696 4920 1816 4970 Vide
1838 4922 1880 4969 si

318 4935 496 4970 taceret
517 4935 851 4970 verecundiam
877 4935 1050 4971 nuuata
1106 4935 1184 4969 ars
1204 4935 1287 4969 ωε·
1308 4935 1459 4968 iurum
1483 4935 1579 4969 etc.
1601 4936 1625 4965 ι
1702 4935 1816 4970 Viue
1838 4935 1880 4969 st

316 4981 449 5051 lubet
471 4989 525 5051 et
546 4981 598 5029 S.
613 4982 866 5051 Paulinum
887 4935 1105 5051 _i_n_l\’ata£
1128 4981 1254 5051 7._S.
1275 4935 1471 5051 I-Le'l‘icis.
1498 4979 1884 5051 Quibus‘adden-

316 5043 403 5090 dus
444 5041 568 5090 alter
614 5049 689 5090 est
729 5043 1026 5092 Benedictus
1066 5040 1297 5091 Paulinus
1339 5040 1656 5090 Petrocorius
1686 5043 1735 5090 in
1774 5043 1884 5092 Vita

318 5101 373 5152 8.
395 5101 587 5152 Martini
610 5100 693 5150 lib.
717 5101 776 5151 V.

465 5168 593 5213 Inter
614 5162 754 5225 inane
776 5175 888 5211 reus
906 5162 1117 5225 pendens
1137 5167 1183 5212 et
1204 5162 1255 5212 in
1279 5172 1390 5225 aere
1414 5164 1564 5225 tortor

460 5223 701 5285 Porreclis
719 5220 916 5285 sursum
931 5223 1128 5285 pedibus
1149 5262 1162 5280 ,
1188 5221 1445 5285 constricta
1464 5220 1653 5285 rejectis

467 5283 655 5336 Vellera
678 5282 870 5335 restitns
891 5280 1027 5334 tectis
1047 5283 1282 5334 Ita‘rentia
1300 5280 1527 5332 membris
1548 5320 1563 5340 ,

460 5354 529 5396 Ne
548 5343 683 5409 ﬂexu
705 5352 901 5393 curvata
920 5356 1007 5393 suo
1028 5380 1042 5404 ,
1068 5342 1139 5409 rel
1162 5343 1298 5406 lapsa
1306 5348 1583 5409 furorum

461 5402 706 5469 eadem“
722 5411 886 5469 turpes
906 5402 1106 5469 ρνρεθιεὲ
1127 5402 1345 5469 σοφονὴ
1363 5410 1518 5469 artus-

382 5464 445 5528 (b)
476 5467 719 5517 Victorius
762 5462 950 5537 mavult
971 5462 1033 5515 ἐι
1074 5463 1199 5515 inter
1211 5462 1438 5536 isocholh
1462 5502 1477 5524 ,
1522 5469 1664 5538 atque
1708 5463 1885 5575 ﬂentem

382 5538 535 5575 meson
557 5535 654 5575 etc.
698 5524 901 5575 Interim
935 5530 1052 5575 tene
1073 5525 1451 5575 descriptionem
1483 5527 1674 5575 itineris
1743 5537 1820 5575 mc
1852 5536 1882 5575 e

557 5535 654 5595 etc.
698 5524 901 5595 Interim
935 5530 1052 5595 tene
1073 5525 1451 5595 descriptionem
1483 5524 1674 5583 itineris
1708 5524 1820 5575 hinc
1852 5536 1882 5575 e

323 5583 684 5643 Bethleemitico
701 5584 996 5640 monasterio
1016 5585 1219 5639 institui.

1674 197 2004 258 EPISTULA
2039 201 2218 260 CVIII.

3456 214 3562 273 890

1994 328 2090 369 nas
2119 313 2459 373 mollissimas
2508 317 2838 387 pergentium
2878 319 3096 391 vestigia
3147 323 3561 398 subtrahentes,

1983 401 2250 474 latamque
2276 405 2441 460 eremi
2482 408 2779 462 vastitatem
2801 449 2815 470 ,
2846 411 3054 463 veniam
3088 411 3154 466 ad
3200 412 3416 485 Egypti
3460 417 3562 472 llu-

1985 493 2128 549 vium
2167 493 2290 549 Sior
2314 535 2332 560 ,
2360 496 2449 565 qui
2490 496 2875 567 interpretatur
2923 499 3154 557 turbidus
3180 519 3200 555 :
3231 513 3283 558 et
3327 503 3559 576 quinque

1983 583 2201 656 Egypti
2256 596 2527 642 transeam
2576 588 2988 660 civitates.qu:e
3040 591 3330 661 loquuntur
3382 598 3558 668 lingua

1982 675 2335 733 Clennauitide
2361 675 2513 750 (Isai.
2542 678 2627 733 I9.
2655 678 2742 747 18)
2764 695 2778 746 ;
2798 691 2850 734 et
2873 688 3068 735 terram
3095 680 3321 750 Gcssen,
3342 695 3395 740 et
3418 702 3561 741 cam-

1983 779 2082 834 pos
2106 764 2338 832 'I'aueos,
2369 768 2422 821 in
2464 768 2659 837 quibus
2690 768 2815 824 fecit
2858 769 3001 826 Deus
3041 772 3335 828 mirabilia.
3366 775 3433 829 Et
3477 793 3564 831 ur-

1984 855 2103 910 bem
2136 856 2215 911 No
2235 897 2250 921 ,
2282 873 2401 927 qua:
2448 869 2631 928 postea
2672 873 2824 914 versa
2858 870 2940 916 est
2969 862 3021 916 in
3070 863 3482 931 Alexandriam;
3511 876 3566 922 ct

1983 946 2233 1014 oppidum
2263 947 2472 1002 Domini
2499 948 2748 1016 Nitriam,
2770 950 2822 1005 in
2853 966 2958 1021 quo
2987 955 3275 1023 purissimo
3307 956 3561 1012 virtutum

1982 1038 2125 1092 nitro
2171 1039 2359 1093 sordes
2412 1041 2659 1095 lavantur
2718 1043 2957 1111 quotidie
3009 1045 3561 1117 plurimorum.de

1982 1144 2103 1184 cum
2133 1130 2389 1192 vidisset,
2421 1144 2744 1188 occurrente
2783 1133 2887 1188 sibi
2936 1148 3124 1191 sancto
3164 1146 3219 1193 et
3271 1140 3564 1194 venerabili

1984 1220 2250 1290 Episcopo
2284 1221 2355 1295 (c)
2388 1223 2592 1278 Isidoro
2618 1225 2959 1286 Confessore.
2979 1235 3036 1281 et
3062 1228 3230 1283 turbis
3258 1228 3565 1284 innumera-

1985 1311 2177 1366 hilihus
2205 1312 2587 1369 Monacborum
2612 1355 2627 1378 ,
2656 1332 2720 1369 ex
2752 1315 2949 1387 quibus
2978 1318 3178 1374 nmltus
3204 1320 3565 1378 Sacerdotalis

1982 1410 2032 1454 et
2064 1401 2333 1456 chitiens
2382 1404 2707 1459 sublimahat
2753 1406 2986 1476 gradus;
3020 1408 3298 1465 laetabatur
3347 1411 3561 1480 quidem

1982 1490 2049 1544 ad
2075 1492 2298 1559 gloriam
2335 1492 2580 1558 Domini,
2608 1496 2701 1549 sed
2744 1510 2803 1550 se
2853 1496 3121 1568 indignam
3169 1510 3314 1555 tanto
3358 1501 3563 1557 honore

1984 1578 2271 1634 fatebatur.
2319 1583 2454 1647 Quid
2517 1599 2647 1654 ergo
2686 1583 2801 1656 [aL
2846 1586 2987 1661 ego]
3039 1605 3250 1644 narrem
3307 1590 3564 1647 Macarius

1982 1670 2143 1739 705
2201 1670 2281 1740 (ά)
2308 1672 2583 1738 Arscnios,
2602 1672 2946 1742 Serapionas,
2969 1685 3022 1729 et
3051 1678 3250 1747 reliqua
3282 1680 3563 1734 columna-

1984 1776 2103 1814 rum
2148 1762 2344 1815 Christi
2386 1764 2643 1816 nomina?
2670 1762 2835 1832 Cujus
2879 1780 2985 1819 non
3016 1767 3230 1822 intravit
3271 1770 3562 1825 cellulam?

1983 1863 2207 1919 quorum
2263 1850 2487 1918 pedibus
2541 1867 2649 1906 non
2702 1852 2953 1907 advoluta
3003 1859 3128 1911 eSt?
3174 1857 3276 1912 Per
3322 1859 3563 1930 singulos

1983 1947 2199 1993 sanctos
2227 1939 2499 1995 Christum
2526 1956 2585 1996 se
2613 1941 2796 1998 videre
2822 1943 3109 2010 credebat;
3134 1954 3187 2000 et
3225 1948 3479 2020 quidquid
3509 1952 3561 2004 in

1984 2032 2105 2087 illos
2129 2032 2449 2100 contulerat,
2483 2034 2535 2088 in
2569 2035 2850 2090 Dominum
2898 2052 2960 2092 se
2997 2040 3291 2096 contulisse
3337 2041 3563 2097 lauaba-

1984 2130 2093 2176 tur.
2121 2121 2284 2177 Mirus
2312 2124 2490 2187 ardor,
2522 2135 2576 2180 et
2602 2125 2689 2180 vix
2735 2126 2789 2179 in
2844 2126 3039 2183 femina
3083 2128 3357 2185 credibilis
3407 2132 3561 2186 forti-

1986 2212 2134 2267 tudo.
2164 2210 2343 2267 Oblita
2372 2229 2532 2268 sexus
2570 2225 2625 2269 et
2650 2214 2953 2286 fragilitatis
2987 2232 3288 2287 corporum,
3324 2220 3463 2276 inter
3488 2231 3565 2277 tot

1984 2304 2150 2359 millia
2181 2303 2560 2359 Monachornm
2590 2320 2710 2360 cum
2739 2308 2931 2376 puellis
2960 2307 3071 2363 suis
3100 2309 3341 2365 habitare
3380 2311 3564 2380 cupie-

1984 2393 2092 2449 bat.
2128 2394 2193 2448 Et
2223 2393 2443 2450 forsitan
2494 2397 2704 2451 cunctis
2744 2411 2862 2451 eam
2915 2399 3326 2467 suscipientibus
3350 2441 3367 2466 ,
3396 2401 3566 2471 impe-

1986 2493 2217 2549 trasset,
2251 2485 2304 2538 ni
2347 2483 2518 2554 majus
2568 2493 2877 2539 sanctorum
2928 2488 3193 2542 Locorum
3251 2491 3567 2545 retraxisset

1983 2575 2329 2631 desiderium.
2362 2579 2537 2645 Atque
2563 2587 2779 2646 propter
2827 2577 3249 2635 ferventiSsimos
3296 2590 3459 2636 aestus
3498 2582 3565 2637 de

1984 2667 2198 2721 Pelusio
2236 2665 2520 2721 Malomam
2549 2668 2888 2737 navigatione
2924 2671 3262 2737 perveniens,
3298 2680 3443 2727 tanta
3470 2689 3564 2729 ve-

1984 2758 2199 2814 locitate
2251 2773 2468 2814 reversa
2520 2768 2626 2822 est,
2658 2769 2715 2813 ut
2769 2775 2920 2815 avem
2976 2772 3213 2831 putares.
3243 2763 3354 2819 Nec
3396 2764 3566 2818 mulo

1986 2858 2106 2916 post
2136 2848 2187 2901 in
2217 2858 2398 2903 sancta
2427 2847 2703 2903 Bethleem
2744 2863 2994 2903 mansura
3027 2861 3306 2920 perpetuo,
3339 2864 3565 2924 angusto

1984 2938 2389 3008 pertrienuium
2440 2938 2639 2991 mansit
2685 2937 3211 3007 bospitiolo,donec
3261 2952 3566 2998 exstrueret

1984 3027 2230 3091 cellulas,
2256 3043 2320 3082 ac
2343 3028 2685 3091 monasteria,
2707 3035 2764 3083 et
2795 3028 3127 3083 diversorum
3157 3031 3562 3102 peregrinorum

1978 3116 2128 3187 juxta
2161 3118 2298 3172 viam
2328 3116 2583 3171 conderet
2624 3117 2964 3183 mansiones,
2995 3117 3072 3189 (ι)
3106 3120 3156 3173 in
3187 3134 3290 3189 qua
3321 3119 3482 3174 Maria
3510 3130 3567 3176 ct

1983 3210 2180 3278 Joseph
2240 3210 2528 3279 hospitium
2580 3226 2687 3264 non
2739 3210 3077 3266 invenerant.
3113 3211 3229 3267 Huc
3266 3228 3434 3282 usque
3464 3213 3566 3268 iter

1984 3300 2100 3369 ejus
2129 3300 2452 3370 descriptum
2480 3300 2587 3367 sit,
2618 3300 2763 3372 quod
2810 3300 2995 3357 multis
3024 3300 3316 3371 virginibus
3359 3310 3414 3357 ct
3460 3303 3565 3356 lilia

1983 3393 2180 3445 comite
2200 3432 2214 3455 ,
2245 3391 2566 3461 peragravit.

2056 3481 2144 3537 15.
2185 3480 2337 3535 Nunc
2385 3481 2556 3535 virtus
2596 3479 2752 3536 latius
2803 3478 3179 3544 describatur,
3231 3496 3348 3551 qua:
3398 3480 3567 3548 ipsius

1986 3574 2199 3643 propria
2226 3581 2303 3626 est
2330 3610 2345 3638 ,
2371 3580 2425 3626 et
2474 3571 2526 3625 in
2575 3587 2676 3641 qua
2724 3571 3039 3641 exponenda
3068 3612 3085 3635 ,
3120 3572 3229 3627 Deo
3279 3571 3461 3641 judice
3503 3589 3567 3627 ac

1985 3676 2142 3729 teste,
2174 3669 2430 3737 proliteor
2459 3681 2544 3719 me
2575 3665 2703 3718 nihil
2748 3664 2970 3730 addere,
3005 3664 3136 3717 nihil
3183 3665 3236 3718 in
3274 3664 3448 3732 majus
3478 3673 3563 3716 at-

1985 3755 2193 3819 tollere,
2241 3770 2391 3808 more
2439 3753 2804 3818 laudantium;
2837 3752 2930 3807 sed
2975 3768 3041 3806 ne
3084 3766 3264 3807 rerum
3307 3752 3562 3806 excedam

1984 3843 2141 3898 Iidem
2170 3841 2262 3913 [aL
2296 3841 2505 3912 linem],
2540 3840 2705 3893 multa
2758 3838 3082 3902 detrahere;
3117 3846 3172 3891 et
3211 3852 3279 3892 ne
3305 3839 3444 3906 apud
3471 3841 3566 3894 dc-

1984 3940 2265 3997 tractorcs,
2296 3940 2349 3983 et
2373 3928 2449 3998 (d)
2482 3928 2715 3997 genuino
2743 3942 2828 3981 me
2854 3942 3068 3995 semper
3090 3926 3253 3982 dente
3289 3928 3562 3994 rodentes,

1984 4019 2188 4090 ﬁngere
2244 4028 2419 4089 puter,
2450 4027 2503 4074 et
2527 4018 2796 4073 cornicem
2828 4016 3016 4089 Escpi
3062 4018 3251 4074 alienis
3296 4020 3565 4077 coloribus

2046 4129 2118 4194 (c)_
2148 4130 2201 4180 s.
2226 4129 2442 4194 Isidorus
2462 4129 2713 4179 Pelusiota
2735 4129 2842 4179 sive
2865 4128 3051 4179 Pelusii
3095 4108 3377 4193 episcopus,
3400 4132 3485 4194 qui
3512 4137 3565 4182 et

1983 4188 2216 4240 Dalmatae
2238 4192 2393 4239 dictus
2416 4198 2509 4240 est.

2045 4252 2122 4313 (ά)
2154 4250 2415 4301 Bollandns
2447 4257 2640 4313 Arsuras
2664 4250 2821 4313 legit:
2852 4251 3019 4302 mallet
3050 4264 3167 4302 vero
3200 4251 3467 4312 Amisiam,
3499 4253 3565 4302 de

1982 4311 2115 4375 quo;
2126 4319 2178 4375 et
2198 4313 2465 4375 Serapione
2478 4311 2679 4375 Palladii
2705 4311 3032 4375 testimonium
3054 4315 3228 4375 recitat
3252 4328 3315 4364 ex
3330 4311 3563 4365 Lausiaca

1984 4373 2089 4447 cap.
2181 4373 2264 4423 ubi
2290 4373 2391 4447 toto
2412 4387 2537 4447 anno
2558 4387 2613 4447 se
2635 4373 2751 4423 dicit
2766 4374 2891 4447 apud
2904 4374 3106 4446 sanctos
3122 4374 3312 4447 Patres,
3336 4388 3561 4447 magnum

1983 4433 2216 4483 Arsisium
2232 4471 2246 4495 ,
2272 4440 2325 4482 et
2347 4435 2721 4497 Putapbastum,
2750 4433 3092 4497 et'Hagionem
3108 4471 3121 4493 ,
3157 4446 3209 4487 et
3232 4433 3483 4495 Crenium,
3510 4443 3565 4486 et

1984 4494 2302 4557 Serapionem
2322 4496 2369 4543 in
2392 4496 2546 4557 Nitria
2567 4501 2731 4544 monte
2764 4496 3027 4546 habitasse.
3054 4556 3057 4557 ν
3082 4496 3273 4547 Revera
3306 4499 3562 4546 Arsenium

1982 4558 2022 4619 si
2046 4556 2281 4619 retineas,
2305 4568 2399 4619 non
2413 4556 2537 4619 alius
2552 4568 2694 4619 posse
2708 4557 2901 4606 videtur
2926 4556 3150 4619 intelligi,
3176 4572 3319 4619 quam
3335 4558 3561 4605 celeber-

1983 4618 2135 4688 rimus
2162 4616 2495 4688 _lll_e_Arcadii
2529 4616 2769 4688 quondam
2806 4616 3112 4688 praeceptor;
3149 4616 3561 4688 sed_teniporut_u

1983 4679 2108 4727 ratio
2130 4679 2297 4740 obstat
2313 4712 2329 4735 ,
2370 4679 2497 4740 quod
2517 4677 2843 4740 cutnnh‘lacarii
2868 4677 3147 4740 acASerapio
3166 4677 3405 4740 desierint
3426 4713 3441 4737 ,
3481 4678 3561 4740 hic

1983 4740 2187 4802 creperit
2209 4736 2551 4802 inclarescere.
2576 4736 2898 4802 Nihilominus
2919 4736 3145 4802 Socrates
3166 4736 3250 4785 lib.
3276 4739 3322 4785 t.
3348 4736 3453 4802 cap.
3477 4739 3556 4787 27.

1986 4799 2265 4856 nimium,
2300 4799 2460 4861 Graec.
2494 4811 2681 4861 Α’ρσ-ιίνιον
2699 4799 2790 4861 _de
2833 4799 3028 4846 nomine
3075 4806 3211 4861 vocat
3255 4799 3560 4861 monachum,

1982 4873 2131 4928 quem
2155 4868 2261 4928 post
2280 4857 2567 4928 Ammonem
2584 4893 2599 4917 ,
2626 4866 2678 4928 et
2698 4857 3083 4928 D_i_d’_m_nm_cum
3109 4858 3292 4928 Isidoro
3311 4892 3331 4928 ,_
3358 4857 3560 4920 Pambo,

1986 4918 2038 4969 et
2060 4918 2279 4970 Macariis
2301 4925 2531 4967 recenset
2556 4956 2571 4977 ,
2615 4924 2671 4966 ut
2706 4918 2825 4966 nihil
2853 4918 3051 4967 dubium
3084 4919 3149 4967 sit
3174 4954 3187 4974 ,
3235 4918 3292 4966 ad
3320 4920 3423 4967 haec
3446 4918 3561 4969 eum

1984 4979 2543 5050 tempora‘lgerlinuise.
2557 4978 2688 5050 “Sed
2709 4990 2917 5050 vereor,
2942 4980 3060 5050 quin
3083 4979 3257 5047 vitiose
3279 4992 3453 5050 xm
3474 4993 3563 5050 pro

1984 5053 2169 5102 Α’ρσισιος
2191 5044 2256 5087 ibi
2279 5044 2509 5100 scriptum
2529 5044 2592 5087 sit
2616 5053 2631 5098 ;
2657 5044 2977 5100 oporteatque
3001 5044 3235 5090 orsie.~ius
3262 5075 3276 5097 ,
3316 5044 3423 5091 sive
3447 5075 3461 5097 ,
3509 5048 3565 5091 ut

1986 5100 2140 5147 Graeci
2164 5099 2290 5159 loqui
2309 5108 2487 5157 amant,
2515 5097 2725 5147 Ana-ins
2747 5099 2944 5147 omnino
2968 5098 3117 5148 intelli
3159 5101 3191 5159 i,
3219 5114 3326 5149 nam
3346 5108 3398 5150 et
3420 5101 3566 5149 Suno-

1984 5171 2158 5207 menus
2181 5158 2263 5206 lib.
2288 5160 2335 5208 6.
2362 5172 2405 5207 c.
2427 5160 2505 5209 50.
2526 5165 2636 5209 post
2646 5158 2919 5209 Didvmum.
2938 5168 2991 5209 et
3001 5115 3308 5209 Cronionem.
3333 5175 3563 5209 maanum

1982 5171 2158 5207 menus
2181 5158 2263 5206 lib.
2288 5160 2405 5230 (Sac.
2427 5158 2919 5230 50..post_l)idymum,
2938 5168 2991 5209 et
3001 5158 3308 5230 Cropionem,
3333 5175 3563 5230 magnum

1986 5232 2182 5283 Αῖμισέον,
2205 5222 2595 5283 Ανδὶδίῳιιηείνθ
2626 5222 2898 5280 οτδεείιαη,
2934 5234 3045 5271 cum
3086 5222 3382 5283 Putahasto,
3414 5222 3563 5273 Sera-

1985 5279 2319 5351 j.iotie,3tque
2340 5279 2443 5351 aliis
2465 5280 2604 5330 locat.

2047 5340 2138 5415 (εὶ.
2153 5338 2638 5415 Ωιξῖίξέφὶίεεεεεξριισ
2654 5338 2960 5415 Βετὲιξιιιίξιεωι
2986 5354 3190 5415 quorum
3210 5347 3282 5393 εει
3300 5342 3562 5415 (κατείπω

1985 5401 2399 5510 ξιφομα-
2421 5401 2561 5452 dente
2582 5401 2785 5466 superbo
2804 5401 3016 5491 ro'dere',
3057 5417 3119 5454 ex
3144 5401 3353 5466 imperiti
3377 5405 3564 5468 glossa-

2052 5521 2125 5592 μ)
2158 5521 2423 5592 Asserendi
2447 5535 2596 5592 sensu
2621 5523 2766 5576 Grav.
2804 5522 2855 5574 in
2878 5537 2970 5590 quo
2994 5536 3149 5580 Maria
3177 5532 3222 5579 et
3264 5525 3439 5591 Joseplt
3481 5526 3572 5578 Ito-

1989 5588 2183 5644 sputum
2205 5588 2485 5635 tnretttrettl.
