4054 6192
453 231 548 289 891

454 343 740 399 adornare.
763 340 892 409 Quae
920 339 1088 410 prima
1114 331 1535 389 Christianorum
1559 325 1725 380 virtus
1755 330 1854 389 est,
1886 329 2032 375 tanta

457 450 517 491 se
571 434 868 489 humilitate
905 425 1120 496 deiecit,
1151 432 1207 476 ut
1232 421 1320 491 qui
1373 432 1491 473 eam
1541 429 1651 471 non
1693 412 1953 475 vidisset,
1979 417 2036 464 et

464 541 564 596 pro
592 523 900 581 celebritate
939 514 1173 572 nominis
1204 509 1386 566 videre
1415 507 1687 578 gestisset,
1715 505 1884 596 ipsam
1914 514 2036 556 esse

461 595 570 671 non
615 614 896 677 crederet,
943 605 1043 662 scd“
1082 602 1456 659 ancillularum
1502 598 1768 653 ultimam.
1798 595 1865 649 Et
1912 605 2034 646 cum

459 701 827 774 frequentibus
855 698 1036 776 choris
1059 694 1325 764 virginum
1365 691 1674 759 cingeretur
1693 726 1709 751 ,
1731 693 1786 739 et
1806 690 1956 738 veste
1982 687 2038 735 et

461 809 593 850 voce
637 801 692 848 et
743 789 944 856 habitu,
976 796 1033 843 et
1083 787 1295 842 incessu
1343 783 1563 838 minima
1609 779 1848 834 omnium
1898 781 2036 829 erat.

461 885 743 952 Nunquam
791 889 910 950 post
948 877 1049 932 viri
1091 885 1319 932 mortem
1347 888 1514 944 usque
1550 870 1620 926 ad
1665 869 1806 924 diem
1831 863 2038 921 dormi-

464 974 624 1028 tionis
650 986 759 1026 sua:
783 985 904 1026 cum
935 969 1044 1024 ullo
1070 967 1305 1023 comedit
1329 965 1466 1030 viro,
1495 961 1738 1032 quamvis
1764 973 1885 1012 eum
1917 969 2040 1010 san-

461 1073 606 1116 etum
635 1069 689 1115 et
730 1061 784 1114 in
823 1057 1112 1130 pontilicali
1161 1056 1326 1111 sciret
1375 1054 1612 1109 culmine
1663 1047 2038 1104 constitutum.

466 1152 717 1216 Balneas,
749 1150 852 1205 nisi
884 1149 1210 1220 periclitans,
1233 1161 1338 1201 non
1365 1145 1516 1199 adiit.
1541 1141 1734 1205 Mollia,
1810 1136 1974 1210 706

465 1241 628 1295 etiam
659 1240 710 1294 in
739 1239 1058 1309 gravissima
1083 1237 1250 1300 febre,
1283 1233 1462 1290 lectuli
1500 1240 1665 1287 strata
1697 1243 1802 1282 non
1832 1224 2040 1288 habuit,

466 1329 562 1384 sed
613 1343 777 1398 super
837 1327 1178 1382 durissimam
1242 1325 1506 1388 humum,
1553 1321 1734 1374 stratis
1798 1315 2046 1372 ciliciolis

464 1418 796 1488 quiescebat.
824 1418 868 1473 si
901 1426 1078 1471 tamen
1107 1417 1192 1469 ilia
1219 1415 1373 1485 quies
1413 1410 1640 1467 dicenda
1665 1417 1748 1464 est
1771 1449 1786 1470 ,
1816 1422 1934 1476 quze
1959 1404 2047 1471 ju-

467 1508 625 1577 gibus
647 1523 783 1578 pene
807 1507 1139 1562 orationibus
1169 1505 1283 1559 dies
1321 1513 1610 1572 noctesque
1635 1497 1890 1568 jungeltat
1920 1493 2040 1566 ibis.

461 1595 846 1668 jungebatur];
877 1597 1006 1652 iHud
1037 1597 1266 1664 implens
1292 1593 1359 1648 de
1390 1591 1692 1646 l’saslterio:
1724 1587 1927 1640 Lavabo
1957 1597 2048 1651 per

467 1689 700 1758 singulas
737 1701 908 1742 noctes
934 1688 1118 1742 tectum
1162 1702 1327 1739 meum
1349 1726 1363 1749 ,
1390 1682 1628 1752 tncrymis
1663 1680 1786 1732 meis
1832 1684 2048 1730 stratum

469 1795 639 1833 meum
663 1781 838 1850 rigabo
867 1778 1040 1851 (Psal.
1073 1779 1127 1832 6.
1157 1777 1236 1847 7).
1264 1776 1341 1847 (a)
1378 1776 1433 1830 In
1465 1789 1566 1843 qua
1598 1771 1771 1826 fontes
1795 1766 2048 1824 crederes

470 1867 866 1938 lacrymarum,
897 1868 968 1921 ita
1018 1867 1153 1922 levia
1200 1875 1420 1936 peccato
1464 1861 1765 1932 plangebat,
1796 1866 1856 1912 ut
1902 1855 2048 1910 illam

469 1957 907 2028 gravissimorum
951 1945 1234 2012 criminum
1286 1955 1536 2010 crederes
1587 1966 1756 2007 ream.
1800 1949 2049 2016 Cumque

473 2064 509 2104 δ
533 2049 696 2106 nobis
715 2049 960 2105 crebrius
1007 2057 1352 2112 moneretur,
1385 2055 1443 2100 ut
1471 2052 1715 2115 parceret
1758 2039 1964 2102 oculis,
1997 2045 2053 2090 et

473 2154 570 2196 eos
598 2149 838 2196 servaret
865 2140 1201 2209 Evangelicze
1226 2137 1441 2193 lectioni
1469 2177 1484 2202 ,
1511 2135 1690 2190 aiebat
1719 2150 1734 2186 :
1764 2128 2050 2200 Turpanda

473 2240 558 2286 est
583 2230 780 2298 facies,
811 2247 968 2302 quam
1011 2240 1194 2285 contra
1241 2229 1333 2284 Dei
1377 2236 1700 2298 prmeeptum
1739 2222 2053 2293 purpurisso

475 2329 533 2378 et
558 2337 777 2379 cerussa
806 2333 860 2378 et
885 2323 1046 2377 stibio
1090 2337 1235 2391 sepe
1275 2319 1510 2389 depinxi.
1547 2315 1898 2387 Afﬂigendum
1928 2328 2051 2368 cor-

475 2428 596 2483 pus,
624 2414 767 2483 quod
803 2414 984 2467 multis
1021 2414 1226 2467 vacavit
1251 2411 1476 2465 deliciis.
1497 2409 1710 2479 Longus
1740 2413 1900 2471 risus,
1929 2419 2055 2474 per-

479 2503 591 2574 peti
615 2504 1040 2574 compensandus
1067 2513 1149 2558 est
1171 2503 1315 2558 ll‘clu.
1343 2502 1514 2555 Mollia
1544 2501 1848 2554 linteamina
1883 2507 1936 2552 et
1965 2512 2058 2552 se-

478 2595 592 2650 rica
641 2595 1022 2664 pretiosissima
1054 2636 1070 2660 ,
1119 2596 1404 2663 asperitate
1456 2593 1617 2648 cilicii
1657 2589 2054 2647 commutanda.

481 2686 611 2753 Qua!
640 2687 755 2742 viro
803 2696 858 2742 et
907 2688 1105 2741 sa-eulo
1155 2687 1327 2757 placui
1363 2728 1378 2751 ,
1408 2700 1550 2741 nunc
1587 2684 1800 2738 Christo
1849 2683 2060 2752 placere

481 2778 749 2834 desidero.
773 2779 828 2834 Si
856 2780 994 2833 inter
1021 2780 1154 2834 tales
1183 2787 1461 2848 tantasque
1505 2778 1730 2832 virtutes
1759 2777 2059 2830 castitatem

482 2867 536 2923 in
569 2869 656 2922 illa
682 2869 905 2923 voluero
930 2868 1224 2938 praedicare
1249 2911 1264 2935 ,
1291 2866 1596 2938 superﬂuus
1625 2865 1807 2921 videar
1831 2883 1845 2918 :
1878 2865 1931 2938 in
1958 2878 2062 2935 qua

483 2957 645 3013 etiam
667 2973 787 3012 cum
815 2959 1085 3014 stccularis
1112 2968 1254 3014 esset
1278 2999 1293 3026 ,
1322 2959 1560 3014 omnium
1586 2958 1772 3013 Romae
1797 2965 2065 3012 matrona-

487 3064 606 3104 rum
636 3050 938 3120 exemplum
987 3049 1085 3104 fuit
1110 3067 1126 3106 :
1153 3066 1272 3121 qua:
1299 3050 1368 3104 ita
1398 3063 1458 3105 se
1482 3051 1682 3120 gessit,
1706 3059 1764 3102 ut
1793 3063 2064 3120 nunquam

487 3139 558 3196 de
585 3140 674 3195 illa
717 3141 876 3195 etiam
907 3141 1291 3196 maledicorum
1329 3141 1620 3212 quidquam
1661 3141 1884 3197 auderet
1923 3141 2064 3198 fama

475 3230 815 3300 ,conlingere.
841 3230 982 3284 Nihil
1025 3231 1204 3284 animo
1229 3231 1345 3298 ejus
1386 3231 1705 3285 clementius
1729 3271 1744 3296 ,
1778 3232 1909 3286 nihil
1938 3247 2064 3303 erga

485 3318 716 3375 humiles
743 3320 990 3375 blandius
1019 3320 1135 3374 fuit.
1168 3321 1283 3375 Non
1335 3323 1616 3392 appetebat
1647 3321 1786 3394 [δίε.
1831 3323 2065 3392 appella-

487 3412 599 3485 bat]
626 3423 868 3478 potentes
899 3430 914 3467 :
943 3428 1042 3466 nec
1069 3424 1244 3467 tamen
1267 3415 1528 3481 superbos
1548 3423 1601 3468 et
1621 3415 1897 3483 gloriolam
1920 3431 2066 3486 qua:-

484 3518 687 3565 reutes,
717 3503 928 3556 fastidio
950 3502 1297 3571 despiciebat.
1326 3503 1380 3557 Si
1411 3519 1694 3572 pauperem
1728 3505 1959 3571 videbat,
1977 3521 2066 3561 su-

485 3593 784 3657 stentabat;
813 3593 856 3646 si
884 3591 1124 3658 divitem,
1159 3592 1224 3646 ad
1255 3593 1693 3648 benefaciendum
1723 3594 2062 3651 hortabatur.

484 3685 806 3742 Liberalitas
826 3685 936 3738 sola
950 3683 1242 3739 excedebat
1260 3683 1572 3739 modum.Et
1593 3701 1782 3740 usuras
1801 3685 2062 3754 tribuens,

483 3777 562 3850 (b)
596 3791 868 3832 versuram
897 3791 1108 3848 quoque
1133 3777 1330 3846 saepius
1353 3775 1601 3845 faciebat,
1626 3787 1681 3832 ut
1714 3777 1840 3832 nulli
1869 3779 2062 3848 stipem

486 3872 790 3941 rogantium
835 3871 1148 3941 denegaret.
1180 3871 1377 3927 Fateor
1405 3887 1645 3927 errorem
1689 3887 1866 3926 meum
1897 3888 1910 3924 :
1941 3887 2062 3928 cum

485 3961 600 4036 [aL
630 3963 754 4037 cur]
795 3964 846 4019 in
894 3963 1170 4035 largiendo
1217 3971 1362 4020 esset
1407 3963 1698 4034 profusior,
1751 3964 2061 4034 arguebam,

487 4054 618 4110 illud
647 4056 923 4124 proferens
961 4056 1029 4109 de
1064 4056 1324 4123 Apostolo
1355 4073 1368 4107 :
1396 4054 1517 4108 Non
1548 4065 1601 4107 ut
1627 4056 1742 4109 aliis
1766 4057 1830 4109 sit
1856 4055 2064 4125 refrige-

485 4147 618 4199 rium
635 4185 650 4209 ,
681 4147 818 4198 vobis
849 4145 942 4218 [ιιι.
973 4145 1136 4217 nobis]
1164 4156 1334 4198 autem
1361 4145 1620 4200 tribulatio
1643 4162 1662 4199 :
1689 4147 1778 4200 sed
1802 4163 1865 4199 ea:
1892 4162 2064 4216 a'qua-

488 4234 630 4288 litate
656 4235 709 4288 in
740 4236 835 4288 hoc
865 4244 1109 4306 tempore,
1142 4245 1196 4289 ut
1235 4245 1400 4292 vestra
1429 4236 1743 4290 abundantia
1766 4237 1831 4290 sit
1857 4237 1924 4289 ad
1950 4237 2066 4289 illo-

415 4339 420 4343 ‘
485 4343 603 4380 rum
651 4326 897 4395 inapiam,
930 4335 976 4379 et
1005 4327 1211 4379 illorum
1259 4326 1576 4380 abundantia
1621 4328 1686 4381 sit
1739 4327 1808 4380 ad
1853 4335 2065 4380 vestrum

487 4418 712 4486 inopiam
739 4417 758 4489 (
775 4418 828 4470 Ξ.
861 4417 980 4472 Cor.
1013 4417 1068 4472 8.
1101 4419 1169 4472 15
1191 4419 1228 4486 ).
1262 4418 1324 4471 Ει
1354 4418 1453 4472 hoc
1475 4419 1541 4472 de
1566 4419 1854 4488 Evangelio
1883 4419 2068 4472 Salva-

489 4509 622 4563 toris
653 4525 664 4560 :
698 4507 797 4575 Qui
842 4509 986 4562 habet
1030 4507 1160 4560 duas
1203 4508 1398 4561 tunicas
1421 4549 1435 4569 ,
1469 4508 1551 4560 det
1581 4510 1793 4562 alterum
1835 4525 1935 4562 non
1975 4509 2067 4560 Ita-

489 4598 624 4652 ιιι-ιιεὸ
650 4598 668 4668 (
699 4598 821 4650 Luc.
852 4599 905 4661 5,
938 4600 994 4652 ll
1029 4600 1068 4667 ).
1103 4598 1167 4652 Et
1217 4597 1603 4667 providendum
1674 4599 1831 4668 707
1905 4613 2026 4652 e-se
2049 4637 2064 4660 ,

491 4704 556 4742 ne
584 4689 723 4756 quod
757 4688 986 4743 libenter
1013 4688 1236 4754 faceret,
1265 4703 1478 4758 semper
1510 4686 1686 4742 facere
1714 4704 1818 4741 non
1853 4696 2063 4755 posset:

491 4779 764 4848 multaque
806 4779 1198 4848 hujuscemodi,
1229 4794 1351 4849 qua:
1396 4779 1485 4832 illa
1530 4779 1661 4832 mira
1707 4777 2022 4833 verecundia
2049 4817 2065 4843 ,

487 4880 543 4926 ct
568 4885 820 4927 sermone
843 4872 1155 4942 parcissimo
1193 4871 1520 4928 dissolvebat
1547 4888 1566 4927 :
1594 4881 1783 4927 testem
1817 4872 2069 4927 invocans

489 4962 680 5027 Deum,
707 4978 768 5017 se
798 4977 896 5032 pro
917 4963 1060 5018 illius
1080 4964 1295 5018 nomine
1320 4972 1510 5017 cuncta
1539 4962 1747 5026 facere;
1782 4962 1950 5017 hocet
1972 4961 2068 5016 ha-

491 5053 619 5110 bere
648 5055 795 5120 voti,
830 5063 885 5107 ιιι
925 5054 1235 5110 mendicans
1276 5055 1389 5122 ipsa
1434 5063 1733 5108 moreretur
1766 5069 1780 5106 :
1813 5062 1869 5106 ut
1905 5067 2068 5106 unum

492 5160 766 5197 nummum
825 5144 944 5198 lilia:
994 5160 1098 5198 non
1143 5143 1480 5207 dimitteret,
1526 5151 1581 5197 et
1630 5144 1682 5196 in
1737 5141 1923 5198 funere
1971 5157 2068 5196 suo

491 5233 665 5287 aliena
694 5233 920 5288 sindone
946 5234 1328 5288 involveretur.
1355 5234 1432 5286 Ad
1462 5243 1760 5287 extremum
1791 5233 2067 5288 inferebat:

491 5325 606 5395 Ego
633 5328 675 5380 si
704 5327 943 5395 petiero,
987 5327 1183 5382 multos
1225 5326 1491 5380 inveniam
1525 5326 1612 5394 qui
1642 5327 1770 5379 mihi
1794 5327 2068 5380 tribuant:

549 5455 622 5515 (ιι)
659 5457 898 5506 Victorius
931 5460 982 5508 in
1017 5459 1207 5509 duobus
1241 5455 1356 5506 Mss.
1398 5455 1688 5505 invenerat:
1730 5464 1784 5505 In
1821 5468 1914 5520 quo
1943 5457 2072 5519 [ante

485 5513 842 5574 lacrumarum.
863 5525 959 5567 etc.

558 5526 992 5642 t'timt‘iiii’eiiiée
1014 5577 1149 5642 εοηιι..
1178 5569 1586 5642 τερεζφζι.,ἒιεὶςυιη
1626 5587 1712 5642 pro
1958 5574 2068 5642 ,σιμ

558 5591 622 5632 ιυι
663 5591 770 5623 uno
796 5591 830 5620 It
849 5591 864 5608 δ
894 5592 992 5640 tua!
1014 5591 1149 5626 conn.
1178 5591 1376 5621 mnuum
1410 5591 1586 5634 iterum
1626 5591 1712 5642 pro
1746 5591 1943 5626 versura
1979 5591 2068 5623 οι)-

485 5631 708 5682 tntduut.
735 5591 1114 5688 νιιιζῗὶυίιιιιιιω
1131 5634 1183 5682 ιιι
1202 5628 1425 5680 Tereum
1449 5628 1728 5686 Phormion.
1753 5638 1799 5689 5.
1825 5634 1870 5687 2.
1889 5638 1939 5688 in
1954 5634 2074 5686 line:

1737 199 1977 266 SANCTI
2017 200 2398 259 HIERONYMI‘

2139 315 2255 372 lste
2271 317 2580 374 mendicans
2605 319 2651 376 si
2678 335 2708 376 a
2737 335 2824 378 me
2859 335 2966 378 non
2993 324 3294 396 acceperit,
3325 340 3449 401 quae
3489 329 3541 386 ei
3589 346 3764 403 pos-

2142 425 2262 464 sum
2291 411 2452 466 etiam
2475 411 2545 467 de
2561 413 2737 468 alieno
2763 414 3024 484 tribuere,
3041 418 3112 488 (ο)
3130 427 3185 474 et
3209 429 3455 476 mortuus
3479 421 3665 491 fuerit;
3697 441 3764 479 π

2141 518 2246 572 quo
2274 504 2389 573 ejus
2417 505 2600 559 anima
2622 507 2966 576 requiratur?
3005 509 3115 578 Ego
3141 510 3436 567 cautiorem
3463 513 3517 568 in
3547 517 3747 572 re-fa-

2142 593 2334 647 miliari
2373 609 2501 650 esse
2525 597 2836 664 cupiebam;
2871 599 2964 653 sed
3005 599 3096 653 illa
3137 601 3409 657 ardentior
3453 603 3580 670 ﬁde,
3612 614 3748 659 toto

2145 682 2406 737 Salvatori
2440 686 2621 740 animo
2638 687 2981 757 jnngebatur,
3013 700 3065 745 et
3094 705 3382 760 pauperem
3416 694 3736 761 Dominum,

2145 790 2347 844 pauper
2369 777 2558 846 spiritu
2587 781 2930 850 sequebatur,
2959 783 3193 839 reddens
3217 787 3264 839 ei
3311 786 3452 855 quod
3494 803 3734 858 accepe-

2145 875 2248 930 rat,
2279 881 2480 934 panper
2510 883 2606 936 pro
2629 869 2744 939 ipso
2773 870 2981 925 all‘eeta.
3017 873 3255 943 Denique
3303 890 3592 932 consecuta
3643 891 3730 936 est

2146 956 2287 1024 quod
2314 959 2551 1026 optabat,
2575 971 2630 1014 et
2674 961 2725 1014 in
2752 963 2936 1032 grandi
2977 979 3085 1017 :ere
3129 965 3307 1019 alieno
3338 967 3499 1020 filiam
3533 969 3725 1025 dereli-

2147 1049 2280 1115 quit,
2313 1050 2452 1118 quod
2487 1049 2590 1105 huc
2641 1067 2809 1122 usque
2837 1053 3042 1108 debetis
3073 1069 3178 1109 non
3225 1057 3335 1111 suis
3378 1058 3602 1124 viribus,
3632 1062 3732 1121 seel.

2146 1136 2343 1192 Christi
2373 1155 2432 1194 se
2457 1141 2675 1196 conlidit
2701 1144 3064 1198 misericordia
3097 1145 3444 1201 reddituram.

2221 1230 2308 1284 1'6.
2355 1230 2430 1298 (ά)
2462 1231 2650 1285 Solent
2688 1233 2954 1302 pleneque
2983 1246 3343 1290 matronarum
3377 1239 3715 1294 Iniecinatnri'

2149 1317 2249 1372 bus
2275 1317 2387 1373 suis
2413 1319 2550 1373 dona
2577 1323 2823 1374 conferre
2844 1363 2857 1383 ,
2891 1333 2942 1376 et
2975 1323 3025 1376 in
3075 1340 3270 1392 paucos
3305 1327 3551 1395 largitate
3596 1344 3722 1399 pro-

2150 1407 2291 1473 fusa,
2335 1425 2550 1464 manum
2592 1428 2620 1464 a
2663 1415 2872 1466 ra‘tcris
2901 1414 3175 1469 retrahere
3209 1435 3221 1468 :
3253 1433 3359 1483 quo
3391 1419 3477 1472 illa
3508 1435 3723 1474 omnino

2150 1500 2368 1555 carebat
2395 1503 2556 1566 vitio;
2586 1504 2655 1556 ita
2682 1504 2823 1557 enim
2851 1507 3072 1574 singulis
3099 1522 3248 1560 suam
3279 1511 3563 1578 pecuniam
3593 1511 3699 1565 divi

2151 1591 2353 1658 debat,
2382 1603 2440 1646 ut
2487 1594 2710 1663 singulis
2760 1597 3116 1649 neces.~arium
3160 1607 3308 1658 erat.
3338 1613 3442 1651 non
3478 1599 3726 1655 adlu'xuo

2153 1683 2309 1750 riam,
2339 1685 2432 1737 sed
2457 1684 2522 1737 ad
2550 1687 2943 1740 necessitatem.
2969 1686 3038 1758 (ι’)
3061 1687 3225 1742 Nemo
3253 1689 3407 1744 ab'ea
3439 1705 3743 1760 pauperum-

2154 1786 2354 1826 vacuus
2377 1787 2625 1827 reversus
2652 1785 2756 1828 est.
2789 1776 2940 1842 Quod
2969 1778 3262 1843 obtinebat,
3296 1795 3400 1832 non
3427 1782 3751 1836 divitiarum.

2154 1863 2542 1934 magnitudine,
2585 1866 2678 1920 sed
2711 1868 2988 1937 prudentia
3015 1868 3355 1938 dispensandi
3387 1888 3400 1924 :
3433 1871 3556 1924 illud
3585 1887 3729 1926 sern-

2108 1986 2112 1990 ~
2157 1968 2253 2023 per
2281 1954 2566 2022 replicans,
2599 1954 2744 2010 Βραιὶ
2774 1959 3143 2023 misericordes,
3171 1961 3402 2022 quoniam
3431 1962 3530 2031 ipsi
3556 1964 3737 2017 mise—

2156 2045 2428 2098 ricordiam
2459 2059 2824 2114 consequentur
2853 2048 3062 2119 (Mnttlr:
3089 2052 3143 2106 5.
3172 2053 3252 2122 Ἰ).
3286 2052 3350 2106 Et
3376 2069 3391 2108 :
3423 2053 3563 2109 Sicut
3592 2071 3729 2123 aqua

2158 2138 2402 2207 extinguit
2433 2140 2600 2210 ignem
2623 2184 2638 2206 ,
2674 2145 2751 2197 ita
2805 2148 3120 2217 ett-entosyna
3170 2149 3417 2218 extinguit
3472 2160 3748 2214 peccantur

2163 2229 2348 2302 (Eccli.
2379 2233 2462 2288 l6.
2495 2233 2571 2305 9).
2603 2235 2668 2288 Et
2695 2251 2708 2287 :
2747 2235 2926 2290 Facite
2940 2239 3075 2291 vobis
3101 2240 3290 2293 amicos
3315 2239 3378 2292 de
3409 2239 3582 2308 iniquo
3619 2256 3733 2294 mav-

2085 2397 2087 2400 ,
2160 2337 2330 2386 mona,
2356 2324 2444 2389 qui
2485 2340 2571 2378 vos
2609 2327 2851 2395 recipiant
2893 2327 2943 2380 in
2982 2337 3170 2381 (eterna
3197 2328 3524 2383 tabernacula
3551 2330 3573 2400 (
3604 2328 3729 2386 Luc.

2161 2412 2248 2466 l6.
2277 2412 2356 2480 9).
2390 2413 2456 2466 Et
2498 2429 2512 2466 :
2550 2413 2682 2468 Date
2708 2417 3091 2488 elemosynam,
3123 2427 3171 2472 et
3197 2436 3309 2474 ecce
3336 2421 3507 2474 omnia
3546 2421 3759 2476 munda!

2160 2510 2276 2555 sunt
2302 2502 2436 2556 vobis
2463 2503 2626 2574 (Ibid.
2656 2506 2763 2576 η).
2793 2507 2856 2559 Ει
2898 2508 3058 2562 verba
3097 2509 3360 2576 Danielis,
3391 2525 3572 2581 regem
3621 2510 3732 2566 Na-

2162 2592 2575 2650 buchodonosor
2619 2597 2925 2670 monentis[
2953 2599 3025 2652 al.
3048 2616 3276 2654 sermone
3316 2603 3562 2656 monentis
3585 2599 3607 2675 ]
3631 2643 3646 2666 ,
3672 2611 3744 2657 ιη’

2164 2684 2518 2756 eleemosynis
2544 2687 2827 2742 redimeret
2855 2699 3068 2763 peccata
3099 2706 3192 2745 sua
3218 2691 3379 2764 (Dan.
3410 2694 3487 2764 4).
3512 2693 3737 2751 Nolehat

2165 2776 2218 2830 in
2249 2775 2331 2830 his
2361 2777 2626 2846 lapidibus
2657 2781 2930 2847 pecuniam
2976 2780 3274 2849 etl'nudere,
3303 2785 3395 2854 qui
3428 2799 3550 2840 cum
3597 2795 3740 2842 terra

2167 2874 2226 2920 et
2246 2867 2444 2921 suacqu
2471 2870 2742 2923 transituri
2770 2881 2888 2924 sunt
2917 2911 2933 2936 ,
2961 2872 3054 2925 sed
3085 2872 3137 2926 in
3168 2873 3301 2928 vivis
3325 2874 3609 2944 lapidibus,
3639 2877 3744 2947 qu'r

2165 2955 2452 3011 volvuntur
2471 2972 2634 3027 super
2657 2968 2852 3014 terram
2879 2960 3062 3033 (lactt.
3085 2961 3139 3016 9.
3170 2962 3259 3018 36‘.
3275 2964 3428 3034 juxta
3454 2964 3646 3038 LXX),
3672 2966 3745 3023 de

2166 3046 2360 3117 quibus
2387 3048 2441 3102 in
2469 3051 2786 3121 Apocalypsi
2831 3053 3051 3107 JOannis
3080 3053 3098 3124 (
3128 3053 3257 3124 Cap.
3285 3055 3373 3110 16.
3403 3055 3496 3112 2!.
3524 3065 3571 3112 et
3597 3057 3668 3111 22
3691 3057 3734 3129 ),

2167 3135 2355 3190 civitas
2409 3138 2584 3207 magni
2635 3139 2777 3209 regis
2816 3140 3154 3196 exstruitur:
3187 3157 3323 3211 quos
3360 3144 3412 3198 in
3465 3145 3761 3214 saphirum-

2168 3234 2223 3280 et
2264 3227 2603 3298 smaragdum
2629 3238 2682 3283 et
2702 3229 2983 3299 jaSPidcm,
3011 3242 3062 3284 et
3090 3241 3311 3287 caeteras
3351 3248 3594 3304 gemmas
3621 3249 3764 3291 esse-

2169 3319 2479 3386 vertendos,
2511 3321 2785 3391 Scriptura
2814 3333 3218 3380 commemorat.

2243 3411 2326 3464 l7.
2375 3411 2572 3467 Verum
2615 3414 2729 3468 hare
2757 3425 2977 3484 possunt
3004 3432 3125 3472 esse
3166 3419 3467 3474 communia
3515 3433 3642 3474 cum
3667 3419 3742 3491 (ί)

2171 3503 2388 3573 paucis;
2413 3515 2466 3558 et
2491 3505 2591 3559 scit
2619 3505 2867 3561 diabolus
2894 3523 2998 3561 non
3027 3509 3077 3562 in
3112 3523 3322 3564 summo
3347 3510 3601 3566 virtutum
3621 3511 3740 3566 cul‘~

2173 3593 2318 3649 mine
2347 3597 2540 3664 posita.
2615 3597 2778 3668 708
2854 3597 3008 3653 Unde
3050 3598 3286 3667 loquitur
3327 3600 3393 3654 ad
3439 3601 3746 3668 Dominum,

2170 3694 2292 3753 post
2316 3687 2564 3738 amissam
2581 3685 2681 3740 Job
2705 3687 3078 3750 substantiam,
3101 3699 3217 3756 post
3239 3705 3479 3754 eversan't
3500 3692 3742 3758 domtnn,

2173 3785 2294 3845 post
2338 3776 2534 3832 liberos
2579 3777 2908 3844 interiectos,
2941 3777 3146 3832 Corium
3193 3797 3284 3848 pro
3311 3782 3446 3834 corio
3466 3822 3480 3845 ,
3506 3793 3551 3835 et
3577 3785 3754 3836 omnia

2171 3883 2286 3938 qua:
2312 3868 2539 3921 habuerit
2567 3869 2736 3930 homo,
2766 3869 2904 3923 dabit
2932 3886 3024 3937 pro
3050 3871 3220 3924 anima
3249 3888 3358 3924 sua.
3394 3872 3506 3926 Sed
3537 3874 3752 3927 extende

2171 3978 2378 4014 manum
2407 3971 2578 4024 tuam,
2612 3972 2656 4014 et
2687 3971 2837 4032 tange
2863 3980 2976 4018 ossa
3015 3964 3125 4030 eius
3152 3974 3198 4016 et
3227 3982 3421 4028 carnes,
3448 3967 3546 4019 nisi
3587 3969 3640 4020 in
3664 3971 3746 4036 fn-

2172 4053 2297 4105 ciem
2319 4053 2619 4105 benedixcrit
2650 4053 2737 4105 tibi
2765 4054 2905 4123 (Job.
2930 4053 2985 4107 2.
3012 4052 3088 4125 4).
3122 4054 3330 4108 Scimus
3354 4057 3632 4126 plerosque
3652 4061 3744 4109 de-

2173 4143 2314 4196 disse
2342 4143 2741 4214 eleetnosyuatn
2773 4186 2788 4209 ,
2819 4144 2910 4197 sed
2959 4145 3025 4198 de
3074 4147 3290 4214 proprio
3338 4162 3563 4216 corpore
3615 4148 3746 4200 nihil

2173 4232 2384 4287 dedisse
2417 4251 2430 4286 :
2465 4234 2768 4302 porrexisse
2817 4235 3095 4304 egentibus
3143 4251 3394 4303 mamun,
3431 4236 3527 4290 sed
3572 4239 3746 4291 carnis

2173 4327 2444 4395 voluptate
2473 4336 2750 4395 superatos
2773 4367 2788 4390 ,
2821 4326 3098 4382 dealbasse
3139 4341 3201 4381 ea
3247 4343 3366 4396 qua:
3404 4327 3531 4382 foris
3558 4339 3754 4393 erant,

2173 4427 2228 4471 et
2265 4419 2408 4472 intus
2451 4418 2640 4487 plenos
2684 4421 2848 4473 t‘niSse
2895 4419 3108 4472 ossibus
3152 4431 3505 4474 mortuorum.
3535 4422 3602 4474 At
3644 4434 3744 4474 non

2175 4507 2334 4562 Paula
2367 4509 2508 4572 talis,
2539 4523 2658 4577 qum
2689 4517 2848 4561 tanta:
2891 4510 3235 4562 continentiae
3290 4510 3386 4563 fuit
3413 4551 3427 4573 ,
3479 4521 3534 4564 ut
3585 4526 3748 4580 prope

2175 4613 2477 4652 mensuram
2525 4597 2829 4662 excederet,
2859 4608 2912 4652 et
2938 4598 3266 4652 debilitatem
3297 4601 3538 4668 corporis
3574 4601 3748 4652 nimiis

2169 4691 2389 4761 jejuniis
2424 4706 2486 4744 ac
2517 4690 2700 4744 labore
2729 4690 3093 4745 contraheret.
3126 4692 3253 4758 Qua:
3283 4693 3518 4758 exceptis
3557 4691 3744 4744 diebus

2175 4781 2346 4845 festis,
2375 4780 2458 4834 vix
2509 4779 2687 4832 oleum
2735 4781 2787 4832 in
2845 4781 2964 4833 cibo
3018 4790 3254 4849 caperet,
3288 4789 3343 4834 ut
3395 4795 3458 4834 ex
3503 4779 3601 4830 hoc
3638 4795 3742 4839 tino

2175 4873 2490 4939 testintetur,
2531 4871 2657 4941 quid
2695 4871 2764 4926 de
2794 4873 2917 4925 vino
2947 4881 3001 4926 et
3041 4872 3364 4942 liquamine,
3398 4879 3451 4924 et
3488 4870 3744 4940 piscibus,

2237 5028 2306 5090 (ε)
2342 5027 2477 5090 Unus
2495 5026 2697 5090 Regina:
2715 5028 2804 5077 his.
2829 5031 2875 5077 et
2896 5025 2940 5077 si
2960 5032 3172 5077 mortuus
3192 5025 3358 5088 fuerit.
3405 5025 3517 5074 Mox
3539 5023 3638 5085 alii,
3663 5024 3749 5075 sed

2173 5088 2259 5141 illa
2281 5088 2543 5138 ardentiori
2563 5088 2679 5141 ﬁde.

2242 5148 2404 5258 alibi:
2422 5143 2623 5212 Reginae
2647 5149 2822 5207 altero,
2845 5147 2997 5198 Solent
3019 5145 3234 5211 plerique
3253 5155 3568 5197 Romanorum
3591 5143 3749 5196 bucci-

2285 5225 2330 5258 1ἰ
2391 5225 2433 5258 8.

2173 5219 2433 5262 umoribus.

2239 5272 2308 5333 (e)
2344 5272 2498 5333 Haec,
2514 5279 2654 5333 Nemo
2675 5267 2737 5333 ab
2746 5281 2813 5333 _ca
2836 5279 3100 5333 pauperum
3123 5279 3298 5333 naeuus
3332 5277 3554 5333 reversus
3575 5271 3668 5333 est,
3702 5267 3746 5315 in

2176 5326 2426 5381 veiu'stiori
2471 5331 2677 5392 Reginae
2720 5329 2806 5377 Ms.
2836 5326 2951 5378 'non
2994 5329 3320 5377 inveniuntur.
3401 5326 3551 5376 Forte
3599 5329 3739 5376 etiam

2176 5393 2343 5442 vitiosa
2366 5393 2651 5452 traiectione
2672 5398 2886 5452 peccant.

2239 5453 2309 5524 (Ῑ)
2343 5443 2812 5524 Maliemrsﬁiiswrii
2831 5449 3097 5524 tectius?!
3120 5443 3748 5524 ρςξῖςιεεε.,ει.’ῑι,ηιιέξξξν

2175 5505 2270 5563 nisi
2289 5505 2586 5576 cwnpaucis
2607 5512 2849 5576 haberent
2869 5514 3104 5576 quotquot
3124 5505 3439 5576 inspeximus
3467 5505 3586 5576 blss.
3623 5506 3748 5554 libri.

2174 5583 2294 5624 Cum
2315 5564 2690 5636 maliisquoque
2710 5564 2970 5636 Bollandus
2991 5564 3362 5631 l'egit_notatque
3378 5564 3439 5614 ad
3462 5567 3609 5617 imum
3631 5579 3753 5616 mar.

2177 5637 2344 5700 ginem
2366 5648 2428 5686 ex
2453 5631 2542 5686 bis.
2565 5631 2624 5686 S.’
2644 5631 2840 5682 Maximi
2862 5641 2972 5681 cum
2990 5637 3173 5693 partas.
