4054 6192
267 295 405 358 893

278 423 341 469 et
365 411 450 487 (ας)
476 409 631 476 lacte,
655 413 708 463 et
732 403 908 470 melle,
939 409 993 457 et
1019 398 1153 466 ovis,
1190 406 1245 454 et
1273 396 1513 467 reliquis,
1541 409 1659 467 qua:
1681 395 1860 465 gustui

281 504 475 559 suavia
498 508 643 567 sunt,
657 496 931 568 iudicarit.
951 495 1008 549 In
1039 493 1232 564 quibus
1262 489 1537 545 sumendis
1568 488 1781 558 quidam
1807 502 1866 543 se

274 588 773 647 abs‘tinentissimes
798 593 1021 655 putant;
1046 582 1167 637 etsi
1197 580 1278 634 his
1313 587 1554 635 ventrem
1578 577 1867 647 ingurgita-
1901 638 1904 641 ,

278 680 483 740 veriat,
509 686 671 729 tutam
702 673 1006 744 pudicitiam
1044 670 1401 739 suspicantur.

356 769 449 824 18.
488 766 711 836 Semper
736 764 948 835 quidem
978 763 1201 816 virtutes
1241 759 1482 828 sequitur
1524 756 1719 812 invidia
1744 758 1861 827 ,fe-

263 860 522 929 ﬁuntque
548 872 770 911 summos
799 848 1032 923 Fulgura
1074 860 1266 903 montes
1294 850 1315 920 (
1344 864 1404 902 ea:
1439 847 1655 900 Horatio
1682 846 1720 916 ).
1757 846 1865 899 Nec

272 949 479 1003 mirum
507 944 552 1000 si
582 946 684 999 hoc
722 944 789 998 de
821 939 1139 997 beminibus
1182 940 1387 1007 loquar,
1422 952 1543 991 cum
1574 936 1732 990 etiam
1764 936 1866 988 De-

270 1040 463 1094 minus
502 1048 687 1093 uester
724 1032 1129 1090 T’harismerum
1183 1032 1301 1087 zelo
1344 1030 1413 1083 sit
1459 1028 1778 1090 cruciﬁxus,
1811 1037 1864 1079 et

258 1143 472 1183 omnes
496 1127 665 1182 sancti
695 1125 918 1179 aemulos
941 1122 1224 1177 habuerint
1259 1119 1355 1173 :in
1382 1117 1628 1187 paradiso
1653 1130 1863 1183 qunque

254 1234 506 1288 serpens
535 1218 714 1283 fuerit,
748 1215 899 1284 cujus
930 1212 1125 1266 invidia
1155 1224 1299 1265 mors
1331 1209 1570 1262 introivit
1601 1208 1652 1259 in
1675 1207 1860 1259 orbem

265 1321 546 1379 terrarum
599 1306 618 1379 (
650 1302 781 1375 Sap.
806 1304 865 1357 2.
893 1303 964 1358 24
993 1303 1037 1372 ).
1088 1296 1453 1356 Suscitaverat
1502 1297 1552 1350 ei
1606 1297 1861 1349 Dominus

263 1399 433 1455 Ada'd
463 1397 756 1452 ldumznum
785 1435 800 1458 ,
832 1390 922 1464 qui
952 1408 1069 1447 eam
1097 1389 1477 1459 colaphizarct,
1507 1402 1574 1442 ne
1607 1401 1665 1440 se
1691 1384 1862 1439 extol-

261 1488 457 1558 leret(
486 1489 539 1543 3.
572 1486 701 1556 Reg.
742 1484 837 1539 11.
884 1483 993 1555 14)
1022 1501 1035 1536 :
1066 1493 1119 1537 ct
1159 1482 1308 1550 quasi
1357 1480 1587 1549 quodam
1644 1477 1859 1532 stimulo

259 1578 453 1634 carnis
484 1578 679 1647 saepius
707 1575 1027 1630 admonebat
1053 1570 1142 1645 (2.
1173 1574 1290 1626 Cor.
1321 1572 1409 1627 l2.
1439 1570 1524 1642 7);
1544 1570 1625 1642 .(b)
1656 1586 1723 1624 ne
1749 1584 1860 1623 ma-

248 1669 499 1741 gnitudo
528 1670 781 1724 virtutum
807 1666 964 1720 altius
997 1674 1231 1735 raperet,
1270 1673 1326 1719 et
1353 1664 1576 1718 aliarum
1608 1663 1749 1715 vitiis
1781 1661 1858 1716 fe-

246 1762 561 1824 minarum,
593 1756 747 1813 sein
794 1757 1011 1812 excelso
1064 1754 1310 1810 crederet
1354 1754 1718 1809 constitutam.
1743 1752 1855 1821 Ego

256 1852 482 1908 aiebam
507 1846 710 1918 ,liveri
756 1862 879 1903 esse
921 1845 1245 1908 cedendum,
1272 1852 1328 1898 et
1370 1843 1600 1897 dandum
1633 1842 1854 1895 insania:

244 1940 495 1996 locum:
526 1936 904 2009 qued'fecisset
947 1933 1112 1990 Jaceb
1158 1933 1209 1987 in
1255 1928 1426 1987 fratre
1465 1946 1572 1985 suo
1615 1931 1854 1992 Esau,et

254 2032 434 2087 David
487 2034 538 2085 in
582 2028 1011 2101 pertinacissime
1058 2027 1394 2081 inimicorum
1425 2024 1553 2079 Sail
1588 2039 1849 2094 :querum

244 2124 399 2178 alter
430 2119 957 2189 in'blcsepotamiam
1002 2117 1230 2188 fugerit;
1262 2118 1400 2173 alter
1445 2132 1505 2172 se
1552 2117 1851 2188 Allophylis

242 2211 571 2277 tradiderit,
601 2208 804 2264 malens
831 2209 1096 2275 hostibus,
1124 2223 1284 2278 quam
1313 2207 1509 2261 invidis
1548 2207 1849 2276 subiacere.

251 2304 326 2357 At
358 2303 459 2356 illa
499 2298 855 2370 respondebat
884 2316 899 2353 :
925 2295 1079 2354 'Juste
1110 2298 1226 2354 haec
1254 2296 1462 2353 diceres
1481 2339 1499 2364 ,
1528 2299 1573 2352 si
1600 2297 1849 2353 diabolus

240 2404 451 2449 contra
479 2407 663 2447 servos
688 2392 802 2458 Dei,
831 2398 886 2445 et
904 2389 1147 2456 ancillas,
1181 2403 1286 2443 non
1316 2388 1513 2457 ubique
1544 2398 1844 2459 pugnaret,

237 2492 308 2540 ~et
338 2482 408 2537 ad
438 2482 767 2537 omnia'leca
812 2480 1078 2551 fugientes
1121 2494 1227 2533 non
1260 2478 1619 2548 prmcederct;
1651 2480 1695 2534 si
1742 2494 1847 2532 non

236 2582 576 2629 sanctorum
610 2570 869 2626 Locorum
913 2584 1098 2624 amere
1148 2570 1432 2633 retinerer,
1478 2577 1531 2622 et
1574 2567 1846 2622 Bethleem

243 2681 428 2721 meam
483 2664 535 2718 in
575 2664 676 2717 alia
717 2664 956 2733 reperire
993 2675 1212 2731 possem
1237 2669 1392 2728 parte
1432 2668 1712 2714 terrarum.
1741 2661 1847 2713 Cur

249 2759 401 2810 enim
427 2770 551 2809 non
579 2752 829 2823 patientia
859 2752 1082 2806 livorem
1109 2750 1396 2819 superem?
1421 2765 1517 2804 cur
1544 2765 1650 2804 non
1682 2749 1848 2804 humi-

259 2845 414 2899 litate
451 2845 690 2912 frangam
720 2842 1022 2911 superbiam
1048 2856 1063 2905 ;
1092 2850 1147 2895 et
1178 2839 1491 2909 percutienti
1533 2840 1801 2893 maxillam
1827 2881 1843 2904 ,

255 2934 485 2988 efferam
515 2932 773 2987 alteram?
810 2932 1029 2986 Dicente
1102 2931 1263 3002 709
1337 2930 1593 2999 Apostole
1637 2930 1847 2985 Paulo?

262 3024 468 3079 Vincite
488 3026 539 3078 in
571 3024 698 3077 bene
727 3023 914 3075 malum
939 3022 958 3091 (
986 3021 1138 3075 Rom.
1171 3021 1259 3075 l2.
1286 3019 1349 3075 2|
1386 3020 1425 3091 ).
1454 3020 1645 3074 Nonne
1694 3022 1843 3090 Ape-

255 3117 383 3170 8teli
428 3113 817 3185 gloriabantur,
848 3111 1058 3181 quando
1106 3125 1203 3180 pre
1243 3110 1473 3164 Domino
1526 3118 1652 3165 sunt
1704 3111 1844 3179 passi

256 3203 685 3261 contumeliam?
726 3201 914 3256 Nonne
963 3202 1077 3269 ipse
1125 3200 1369 3254 Salvator
1422 3199 1722 3253 lmmiliavit
1761 3215 1843 3263 se,

257 3298 492 3350 formam
519 3293 659 3347 servi
686 3292 971 3362 accipiens,
1004 3300 1059 3346 et
1109 3290 1277 3345 factus
1310 3299 1392 3345 est
1421 3292 1677 3345 ebedieus
1704 3291 1844 3346 Patri

258 3397 435 3453 usque
464 3381 531 3436 ad
562 3390 809 3444 mortem,
842 3390 894 3435 ct
919 3392 1143 3435 mortem
1170 3380 1344 3435 crucis
1375 3382 1394 3451 (
1422 3380 1561 3434 Phil.
1588 3381 1641 3434 2.
1673 3381 1761 3453 7),
1791 3391 1848 3436 ut

260 3492 361 3530 nos
390 3489 487 3529 sua
521 3473 767 3543 passione
812 3473 1084 3528 salvaret?
1110 3473 1214 3528 Job
1246 3472 1345 3527 nisi
1373 3481 1653 3538 certasset,
1681 3482 1735 3528 et
1765 3473 1836 3527 vi-

256 3566 426 3619 cisset
468 3564 521 3617 in
568 3564 770 3632 pra-lio,
803 3578 908 3617 non
951 3562 1249 3631 accepisset
1302 3577 1555 3617 coronam
1603 3563 1843 3632 justiti:e,

257 3670 360 3709 nec
407 3654 647 3709 audisset
690 3668 720 3707 a
766 3654 992 3707 Domino
1039 3670 1053 3707 :
1103 3652 1269 3707 Putas
1312 3669 1390 3706 me
1430 3655 1581 3707 aliter
1624 3656 1843 3707 lacuum

258 3747 369 3814 tibi,
397 3764 552 3818 quant
581 3757 635 3800 ut
662 3758 934 3817 appareres
947 3746 1120 3815 justus
1146 3746 1284 3815 (Job.
1313 3746 1367 3800 4.
1395 3746 1449 3800 2.
1462 3748 1604 3815 juxt.
1632 3745 1846 3815 LXX)?

259 3835 409 3892 Beati
467 3837 717 3890 dicuntur
768 3837 819 3889 iu
866 3836 1193 3905 Evangelie,
1258 3836 1346 3902 qui
1422 3838 1845 3904 persecutionem

261 3928 538 3997 patiuntur
574 3934 795 3995 propter
830 3924 1088 3994 justitiam
1120 3926 1141 3994 (
1171 3924 1359 3977 Matth.
1385 3925 1439 3979 5.
1475 3925 1540 3980 10
1566 3925 1608 3997 ).
1636 3926 1845 3981 Secum

259 4030 378 4072 εει-ι·
407 4016 557 4088 [lort.
586 4014 673 4086 sit]
696 4016 1043 4078 conscientia,
1073 4016 1213 4084 quod
1257 4030 1361 4068 non
1389 4026 1604 4085 prepter
1631 4027 1845 4085 peccata

251 4110 564 4174 patiamur;
592 4114 645 4159 et
680 4104 897 4158 afﬂictio
922 4105 973 4157 in
1004 4104 1221 4169 saeculo,
1254 4108 1475 4158 materia
1506 4106 1844 4174 praemiorum

246 4205 366 4252 'est.
396 4195 452 4249 Si
479 4193 691 4262 quando
719 4193 995 4263 procacior
1016 4191 1204 4246 fuisset
1230 4193 1494 4255 inimicus,
1514 4204 1566 4247 et
1588 4208 1754 4263 usque
1781 4195 1845 4247 ad

260 4286 549 4341 verborum
595 4285 766 4354 jurgia
793 4284 1109 4353 presilisset,
1141 4285 1268 4339 illud
1300 4285 1541 4340 Psalterii
1588 4285 1844 4341 decanta-

250 4379 351 4433 ‘bat
376 4396 389 4431 :
421 4376 553 4432 Cum
582 4381 875 4431 consisteret
900 4376 1175 4431 adversum
1205 4393 1283 4430 me
1328 4387 1561 4445 peccator
1580 4419 1596 4441 ,
1623 4378 1846 4432 obmutui

260 4481 307 4523 et
334 4469 454 4523 silui
494 4485 527 4521 a
551 4468 699 4522 bonis
723 4466 741 4539 (
768 4466 916 4521 Psal.
949 4467 1037 4523 38.
1070 4466 1146 4537 2).
1180 4468 1246 4522 Et
1277 4481 1464 4522 rursus
1496 4485 1510 4522 :
1540 4466 1651 4538 Ego
1679 4480 1845 4522 autem

260 4562 406 4629 quasi
450 4560 638 4614 surdus
680 4576 782 4624 non
810 4560 1090 4624 audiebam,
1123 4569 1170 4612 et
1194 4560 1338 4630 quasi
1369 4569 1536 4613 mutus
1583 4577 1681 4613 non
1718 4577 1842 4630 ape-

261 4652 395 4705 riens
415 4669 472 4706 os
490 4668 665 4707 suum.
689 4650 778 4716 Et,
802 4648 996 4704 Factus
1024 4667 1137 4704 sum
1160 4652 1289 4703 sicut
1316 4652 1463 4704 homo
1484 4669 1583 4705 non
1612 4653 1841 4718 audiens,

272 4751 307 4791 et
337 4758 436 4794 non
462 4741 649 4795 habens
671 4745 721 4794 in
738 4757 824 4794 ore
852 4756 941 4795 suo
962 4741 1322 4807 increpationes
1345 4739 1514 4811 (Psal.
1545 4742 1629 4796 57.
1660 4743 1764 4813 14).
1790 4744 1842 4796 lu

269 4831 649 4885 teutatienibus
673 4872 688 4895 ,
718 4830 1118 4884 Deuterenemii
1148 4832 1309 4886 verba
1339 4831 1585 4885 volvebat
1618 4850 1630 4885 :
1663 4832 1845 4887 Tentat

270 4930 352 4970 res
373 4917 627 4994 Dominus
658 4919 793 4973 Deus
820 4930 995 4982 uester,
1027 4930 1078 4971 ut
1104 4921 1228 4973 sciat
1255 4921 1297 4973 si
1322 4921 1545 4989 diligatis
1572 4921 1844 4975 Dominum

270 5004 435 5059 Deum
454 4998 668 5060 uestrum
698 5009 760 5061 de
800 5017 904 5063 toto
947 5009 1097 5063 corde
1122 5018 1301 5072 uestro,
1332 5019 1378 5061 et
1418 5012 1480 5063 de
1526 5021 1629 5063 tota
1676 5014 1846 5065 animo

264 5106 435 5150 vestra
460 5097 638 5168 (Deut.
667 5100 751 5153 15.
782 5098 858 5171 3).
894 5100 951 5153 In
997 5099 1425 5154 tribulationibus
1464 5109 1519 5153 et
1566 5105 1843 5169 angustiis,

268 5184 420 5241 Isaia:
466 5188 754 5257 replicabat
801 5189 1009 5260 eloquia
1041 5206 1053 5242 :
1091 5190 1192 5256 Qui
1223 5189 1461 5243 ablactati
1490 5192 1606 5243 estis
1635 5208 1666 5242 a
1697 5192 1844 5257 lacte,

269 5278 356 5346 qui
377 5278 614 5333 abstracti
652 5281 715 5333 ab
744 5279 893 5334 ubere
917 5321 933 5348 ,
964 5280 1335 5334 tribulationem
1378 5296 1528 5349 super
1567 5279 1846 5334 tribulatio-

334 5411 408 5477 (ᾳ)
437 5412 662 5477 voculas,
686 5418 731 5463 et
754 5413 894 5477 lacte,
919 5428 1041 5477 quas
1056 5412 1161 5477 fere
1184 5426 1356 5462 omnes
1378 5412 1492 5462 Mss.
1510 5418 1656 5477 atque
1677 5416 1846 5463 excusi

274 5468 638 5537 librilretiueut,
654 5468 771 5537 post
792 5468 1040 5537 Erasinum
1062 5475 1293 5537 emiserat
1315 5487 1510 5537 quoque
1523 5468 1845 5524 blartianaeus.

338 5530 411 5601 (b)
434 5532 497 5601 _I_n
512 5530 762 5601 plerisime
789 5536 901 5601 Mss.
921 5546 1068 5598 atque
1104 5530 1357 5601 impressis
1380 5530 1649 5601 codicibus,
1664 5549 1722 5586 ne
1745 5550 1848 5584 ma-

554 5593 779 5660 virtuium
811 5596 956 5645 altius
979 5593 1194 5660 iaperet'.
1242 5595 1361 5660 Haec
1399 5609 1516 5660 vere
1540 5595 1686 5647 lectio
1706 5610 1849 5660 quam

278 5654 559 5706 retinuimus
581 5691 597 5719 ,
620 5656 757 5707 Pauli
779 5657 1038 5708 sententia:
1047 5654 1281 5720 congruit
1303 5658 1475 5720 magis.

1634 277 1975 341 7EP|STOLA
2010 275 2192 338 CVI".

3434 296 3551 354 89‘

1977 410 2090 448 nem
2139 398 2454 463 exspectate,
2483 408 2624 463 spem
2670 408 2823 464 super
2865 412 3044 464 spent;
3087 400 3257 457 adhuc
3305 408 3548 475 pusillum

1971 493 2177 553 propter
2205 483 2449 537 malitiam
2484 485 2734 539 labiorum
2760 527 2775 552 ,
2808 485 2879 559 (ο)
2907 500 3110 559 propter
3135 494 3362 565 linguam
3392 502 3547 556 mali-

1970 590 2124 644 gnam
2153 573 2308 644 (Isai.
2337 574 2430 631 28.
2456 575 2491 630 9
2519 585 2566 629 et
2603 593 2738 646 seqq.
2759 577 3076 647 juxt.LXX
3099 580 3138 652 ).
3160 584 3232 639 Et
3256 588 3548 656 Scriptum

1972 665 2335 719 testimonium
2380 666 2432 719 in
2471 666 2900 727 consolationem
2945 683 3095 724 suam
3150 675 3477 733 «mserebat
3524 696 3539 733 :

1969 754 2351 808 ablactaterum
2370 769 2509 821 esse,
2523 770 2706 811 eorum
2738 758 2961 825 scilicet,
2975 762 3064 829 qui
3091 761 3155 815 ad
3174 764 3381 819 virilem
3411 777 3508 821 ana
3524 798 3543 809 -

1972 850 2077 896 tem
2103 845 2495 912 pervenissent,
2528 846 2922 903 tribulationem
2953 865 3117 919 super
3148 852 3543 911 tribulationem

1968 934 2252 997 sustinere,
2285 942 2343 986 ut
2366 948 2515 1002 spem
2562 950 2724 1003 super
2753 952 2902 1006 spem
2935 952 3240 995 mereantur
3280 945 3541 1012 accipere.

1967 1024 2194 1095 Scientes
2223 1026 2463 1093 quoniam
2512 1026 2769 1082 tribulatio
2820 1030 3112 1098 patientiam
3161 1044 3420 1101 operatur,
3450 1055 3546 1105 pa-

1958 1116 2140 1168 tientia
2190 1126 2358 1169 autem
2400 1119 2763 1185 probationem,
2813 1122 3040 1187 probatio
3085 1138 3199 1176 τωο
3239 1140 3398 1190 spem,
3430 1145 3545 1196 spes

1965 1214 2132 1257 autem
2168 1221 2267 1259 non
2311 1206 2577 1275 confundit
2606 1206 2623 1276 (
2652 1206 2804 1261 Rom.
2836 1209 2889 1263 5.
2924 1211 2976 1264 3.
3001 1211 3096 1280 4.).
3150 1213 3231 1278 Et,
3258 1214 3405 1277 Quod
3424 1217 3468 1269 si
3500 1216 3544 1269 is

1964 1292 2048 1358 qui
2080 1293 2205 1362 foris
2229 1302 2302 1347 est
2341 1294 2490 1347 homo
2536 1305 2722 1360 uoster,
2743 1309 3126 1367 corrumpatur,
3152 1301 3248 1354 ille
3276 1304 3361 1371 qui
3407 1304 3544 1359 intus

1963 1394 2057 1450 est,
2083 1386 2345 1439 iunovetur
2365 1403 2384 1439 :
2417 1386 2501 1452 Et,
2541 1385 2606 1439 In
2636 1390 3017 1457 prtesentiarum
3051 1392 3154 1444 leve
3182 1402 3228 1445 et
3259 1405 3538 1448 momenta-

1963 1490 2111 1527 neum
2154 1477 2493 1530 tribulationis
2539 1476 2617 1549 (ά)
2669 1489 2870 1543 nostrte,
2897 1492 3099 1535 (eterna:
3125 1481 3234 1555 [at].
3258 1484 3541 1557 mternum]

1961 1563 2141 1633 gloria:
2162 1566 2360 1635 pondus
2390 1577 2627 1635 operatur
2653 1569 2704 1622 in
2731 1570 2892 1636 nobis,
2925 1587 3027 1626 non
3052 1574 3405 1641 aspicientibus
3429 1591 3545 1644 qua:

1961 1656 2211 1720 ridentur,
2257 1657 2345 1710 sed
2386 1674 2499 1727 qua:
2537 1676 2637 1713 non
2681 1662 2931 1717 videntur.
2964 1663 3092 1729 Qucc
3129 1666 3260 1718 enim
3280 1668 3537 1733 uidentur,

1961 1746 2259 1812 temporalia
2286 1756 2420 1811 sunt,
2449 1764 2563 1816 quae
2590 1759 2756 1802 autent
2801 1767 2900 1803 non
2946 1754 3198 1819 uidentur,
3219 1767 3411 1810 aeterna
3440 1754 3460 1828 (
3481 1758 3539 1813 2.

1959 1833 2079 1888 Cor.
2107 1836 2161 1889 4.
2193 1837 2277 1891 16.
2302 1847 2349 1889 et
2376 1842 2561 1908 seqq.).
2588 1839 2702 1894 Nec
2734 1841 2949 1911 longum
2975 1841 3089 1897 fere
3119 1854 3347 1913 tempus,
3379 1847 3537 1901 etiam

1957 1926 2003 1978 si
2044 1924 2290 1980 humana:
2342 1926 2686 1996 impatientia:
2737 1930 2950 1985 tardum
2982 1932 3223 1987 videatur
3245 1975 3261 1999 ,
3284 1936 3413 2004 quin
3445 1936 3540 1991 Dei

1957 2016 2134 2071 Statim
2166 2016 2236 2088 (ε)
2266 2028 2519 2087 sequatur
2547 2015 2811 2075 auxiliata
2856 2022 3082 2078 dicentis
3112 2024 3401 2095 :Tempore
3438 2044 3539 2097 op-

1956 2118 2171 2177 portuno
2201 2110 2437 2163 exaudiui
2461 2120 2538 2173 te,
2582 2121 2629 2165 et
2659 2113 2712 2166 in
2750 2114 2832 2168 die
2866 2115 3049 2170 salutis
3100 2118 3377 2172 auxiliatus
3422 2135 3537 2172 sum

1954 2199 2044 2251 tibi
2073 2197 2224 2269 (Isai.
2255 2199 2343 2254 49.
2366 2200 2454 2269 8).
2480 2202 2590 2258 Nec
2615 2203 2797 2258 dolosa
2825 2204 2984 2271 labia,
3015 2214 3071 2260 et
3092 2206 3300 2277 linguas
3373 2211 3539 2280 710

1954 2288 2253 2356 iniquorum
2299 2305 2419 2345 esse
2467 2293 2802 2355 metuendos,
2849 2309 2968 2349 cum
3017 2294 3243 2351 Domine
3290 2298 3536 2367 adiutore

1955 2377 2219 2445 lxiemur,
2247 2390 2299 2433 et
2327 2381 2496 2449 ipsum
2538 2381 2826 2438 debeamus
2866 2385 3051 2440 audire
3089 2401 3186 2456 per
3210 2388 3531 2459 Prophetam

1955 2481 2260 2523 monentem
2310 2469 2535 2525 :Nolite
2585 2474 2759 2528 timere
2808 2475 3084 2543 opprobria
3131 2477 3431 2543 hominum,
3483 2491 3533 2535 et

1952 2557 2290 2627 blasphemias
2320 2575 2492 2613 eorum
2518 2578 2581 2616 ne
2608 2566 2900 2627 metueritis,
2945 2566 3073 2619 sicut
3099 2568 3232 2619 enim
3267 2570 3534 2624 uestimen-

1950 2656 2076 2714 tum,
2100 2654 2172 2702 sic
2201 2652 2412 2704 comedit
2458 2667 2541 2705 eos
2566 2654 2782 2721 vermis;
2812 2666 2855 2708 et
2897 2656 3025 2710 sicut
3052 2656 3243 2725 lanam,
3280 2661 3351 2712 sic
3379 2662 3532 2715 deco-

1950 2743 2078 2794 ravit
2095 2760 2177 2797 eos
2205 2746 2338 2797 tinea
2364 2744 2518 2812 (Isai.
2543 2750 2629 2802 51.
2659 2749 2711 2802 7.
2737 2750 2768 2803 8
2792 2751 2835 2819 ).
2864 2751 2929 2804 Et
2953 2767 2967 2803 :
2999 2751 3103 2806 Per
3125 2757 3419 2821 patientiam
3449 2774 3531 2812 ve-

1949 2845 2108 2887 stram
2152 2838 2470 2903 possidebitis
2498 2840 2696 2892 animus
2724 2853 2911 2895 vestras
2937 2844 2957 2911 (
2977 2842 3104 2896 Luc.
3131 2845 3219 2898 2|.
3249 2845 3313 2899 19
3346 2852 3384 2907 ).
3412 2849 3477 2902 Et
3509 2865 3526 2903 :

1952 2926 2074 2980 Non
2104 2938 2223 2985 sunt
2250 2930 2517 2999 condigna:
2542 2932 2800 2999 passiones
2838 2933 2991 2997 huius
3036 2937 3274 3002 temporis
3303 2938 3371 2989 ad
3397 2941 3531 3008 fum-

1950 3035 2061 3071 rum
2085 3018 2322 3089 gloriam,
2354 3037 2465 3084 qua:
2490 3022 2793 3076 revelabitur
2830 3024 2882 3077 in
2911 3024 3091 3098 nobis(
3115 3026 3265 3081 Rom.
3292 3030 3345 3083 8.
3374 3031 3482 3101 l8)
3510 3049 3526 3088 :

1952 3111 2018 3164 Et
2057 3111 2225 3164 alibi:
2261 3110 2651 3165 Tribulationem
2695 3130 2846 3180 super
2871 3114 3242 3169 tribulationem
3282 3121 3531 3176 sustinere

1952 3200 2167 3272 (Ephes.
2198 3202 2251 3271 5)
2277 3219 2289 3253 :
2324 3213 2375 3254 ut
2405 3203 2664 3270 patienter
2690 3218 2911 3273 agamus
2938 3205 2988 3260 in
3015 3207 3263 3261 omnibus
3288 3225 3407 3277 qua:
3432 3225 3528 3265 ac-

1949 3292 2131 3347 cidunt
2161 3293 2335 3347 nobis.
2371 3292 2580 3346 Patiens
2626 3295 2756 3346 enim
2795 3296 2870 3347 rir
2915 3294 2981 3365 (f)
3006 3297 3218 3350 multum
3259 3300 3479 3367 prudens
3507 3318 3529 3356 :

1948 3385 2036 3454 qui
2098 3395 2262 3437 autem
2320 3385 2659 3453 pusillanimis
2710 3394 2789 3440 est
2812 3426 2828 3453 ,
2902 3386 3215 3441 vehementer
3286 3390 3531 3461 insipiens

1950 3475 2133 3544 (Prov.
2164 3476 2395 3546 14.29).

2021 3568 2107 3622 18.
2151 3567 2205 3621 lu
2246 3568 2588 3638 languoribus
2627 3574 2682 3623 et
2717 3567 2905 3623 crebra
2939 3568 3245 3625 inﬁmitate
3274 3571 3525 3629 diccbat:

1954 3658 2168 3725 Quando
2195 3659 2402 3726 infirma
2431 3675 2561 3721 sum,
2590 3669 2709 3712 tunc
2734 3660 2880 3728 fortis
2905 3677 3015 3714 sum
3052 3662 3126 3728 (2
3151 3662 3268 3715 Cor.
3296 3663 3380 3717 l2.
3411 3666 3527 3733 10).

1954 3748 2209 3803 Habemus
2238 3749 2524 3803 thesaurum
2554 3750 2704 3803 istum
2744 3751 2795 3802 in
2823 3751 2954 3803 vasis
2982 3752 3219 3816 ﬁctilibus
3263 3754 3282 3823 (
3306 3755 3437 3809 Ibid.
3467 3758 3526 3811 Ii.

1950 3841 2026 3908 7),
2055 3841 2212 3893 donec
2242 3841 2455 3893 mortale
2478 3841 2572 3892 hoc
2601 3840 2776 3892 induat
2805 3841 3234 3893 immortalitatem
3259 3882 3275 3906 ,
3318 3854 3365 3896 et
3410 3859 3530 3898 cor-

1949 3929 2202 3996 ruptivum
2231 3929 2324 3980 hoc
2350 3929 2590 3980 vestiatur
2620 3928 2996 3995 incorruptione
3023 3930 3102 3999 (1.
3128 3929 3247 3984 Cor.
3282 3934 3369 3987 15.
3400 3934 3526 4003 53).

1951 4017 2015 4070 Et
2061 4019 2292 4071 iterum:
2322 4018 2466 4071 Sicut
2505 4016 2918 4087 superabundant
2962 4021 3222 4087 passiones
3261 4020 3448 4077 Christi
3473 4027 3528 4079 in

1951 4107 2109 4172 nobis,
2140 4117 2187 4163 et
2215 4126 2307 4177 per
2335 4109 2590 4163 Christum
2617 4110 2890 4163 abundarit
2920 4122 2963 4163 et
2989 4113 3265 4168 consolatio
3295 4116 3372 4185 (2.
3405 4116 3523 4173 Cor.

1951 4202 2001 4255 1.
2029 4202 2105 4268 5).
2133 4203 2208 4255 Ac
2234 4201 2427 4255 deinde
2455 4217 2467 4256 :
2501 4202 2566 4255 Ut
2592 4202 2717 4255 socii
2747 4204 3039 4271 passionum
3059 4207 3195 4271 estis,
3221 4208 3293 4259 sic
3320 4209 3456 4261 eritis
3481 4220 3527 4262 et

1948 4291 2305 4344 consolationis
2336 4291 2498 4362 (Ibid.
2528 4310 2575 4345 v.
2607 4292 2682 4363 7).
2719 4292 2773 4346 lu
2802 4309 3032 4348 manere
3057 4297 3304 4350 cantabat
3323 4316 3336 4349 :
3358 4298 3529 4363 Quare

1949 4385 2104 4436 tristis
2130 4401 2182 4437 es
2208 4386 2375 4437 anima
2406 4401 2545 4450 utea,
2574 4395 2619 4438 et
2650 4402 2806 4454 quare
2832 4389 3099 4441 conturbas
3125 4390 3238 4443 me?
3268 4388 3432 4458 Spera
3471 4394 3523 4445 in

1953 4471 2078 4535 Deo,
2103 4474 2337 4542 quoniam
2365 4474 2530 4527 adhuc
2557 4475 2829 4541 conﬁtebor
2848 4476 2946 4541 illi,
2973 4478 3195 4531 salutare
3220 4481 3385 4531 uultus
3408 4482 3523 4544 mei,

1953 4574 1998 4615 et
2031 4562 2163 4616 Deus
2189 4580 2324 4616 meus
2352 4562 2518 4632 (Psal.
2548 4565 2636 4618 41.
2670 4566 2780 4627 i2).
2809 4565 2862 4619 In
2897 4569 3146 4633 periculis
3179 4568 3524 4636 loquebatur:

1954 4651 2053 4717 Qui
2082 4652 2181 4704 vult
2207 4654 2370 4705 venire
2404 4664 2513 4721 post
2544 4670 2620 4705 me
2642 4694 2655 4713 ,
2689 4654 2895 4723 abneget
2926 4658 3278 4721 semetipsum,
3309 4666 3353 4707 et
3381 4656 3526 4709 tollat

1948 4760 2144 4797 trucem
2170 4761 2333 4805 suam,
2360 4756 2403 4797 et
2432 4756 2671 4807 sequatur
2698 4761 2774 4795 me
2803 4742 2949 4811 (Luc.
2983 4742 3033 4794 9.
3062 4743 3177 4811 25).
3202 4743 3265 4795 Et
3290 4759 3521 4810 rursum,

1953 4834 2051 4898 Qui
2096 4835 2199 4887 uult
2245 4835 2467 4886 animant
2511 4849 2654 4885 suam
2702 4834 2895 4883 salvam
2942 4835 3146 4897 facere,
3196 4833 3365 4899 perdet
3392 4849 3523 4887 eam.

1952 4921 2041 4983 Et,
2090 4922 2191 4984 Qui
2236 4921 2506 4988 perdiderit
2553 4920 2775 4971 animam
2816 4935 2961 4971 suam
3002 4930 3171 4985 proter
3196 4935 3303 4983 me,
3334 4924 3528 4976 salvam

1950 5027 2059 5063 eam
2091 5012 2239 5079 faciet
2270 5009 2430 5078 (Ibid.
2454 5007 2570 5077 24).
2596 5008 2817 5074 Quando
2837 5008 3111 5076 diSpeudia
3143 5010 3215 5063 rei
3245 5012 3516 5065 familiaris

1950 5109 2003 5152 et
2032 5098 2237 5151 eversio
2267 5100 2425 5151 totius
2453 5098 2751 5165 patrimonii
2780 5096 3141 5164 nuntiabatur,
3166 5099 3525 5165 aiebatzQuid

2014 5228 2083 5289 (ε)
2117 5226 2226 5275 Duo
2259 5240 2413 5293 penes
2444 5227 2728 5276 Bellandum
2766 5227 2882 5277 Mss.
2914 5234 3111 5291 propter
3152 5228 3366 5293 linguam
3400 5230 3522 5282 alie-

1952 5287 2109 5339 nam”:
2132 5287 2351 5351 pressius
2374 5287 2560 5351 Greece,
2586 5295 2649 5351 sat
2678 5301 2839 5351 pacm
2864 5287 3004 5351 an...

2016 5352 2093 5415 (et)
2128 5348 2439 5415 Antea__erat
2476 5348 2790 5415 tribulationis
2841 5348 3041 5407 vestrm,
3068 5355 3121 5398 et
3164 5362 3526 5415 consequenter

1955 5408 2083 5460 vobis
2103 5417 2268 5458 contra
2294 5408 2407 5457 Mss.
2435 5415 2484 5456 et
2515 5411 2635 5456 sacri
2660 5417 2825 5458 textus
2848 5424 3156 5461 consensum.

2022 5469 2080 5542 (ε)
2119 5470 2201 5542 Sic
2232 5469 2346 5518 Mss.
2384 5482 2469 5531 pre
2492 5482 2589 5531 quo
2625 5471 2672 5516 in
2698 5471 2842 5519 editis
2876 5473 3145 5530 obtinebat,
3166 5470 3405 5532 videatur,
3431 5487 3527 5527 non

1955 5538 2072 5582 satis
2094 5538 2249 5579 recte.
3166 5552 3177 5561 ‘

2017 5594 2089 5660 (ί)
2124 5591 2354 5660 liectiiis,
2381 5598 2435 5639 ut
2464 5590 2674 5647 videtur,
2710 5604 2837 5642 unus
2857 5592 3063 5657 Regina:
3088 5595 3177 5647 Ms.
3203 5595 3381 5648 multus
3405 5610 3524 5660 pru-

1956 5651 2138 5714 dentia,
2168 5665 2227 5701 ex
2257 5651 2425 5702 Grzece
2449 5664 2555 5711 mu;
2581 5665 2614 5703 ιν
2638 5666 2818 5717 φρονέοι..
