4054 6192
598 204 612 228 ⁸.

199 251 313 311 891'

216 359 427 432 quendi.
477 356 535 415 Si
631 351 790 429 713
887 365 990 422 qua
1036 350 1120 406 vel
1167 348 1367 404 tardior
1417 347 1661 402 veniebat
1705 347 1772 402 ad

217 453 475 515 Psalmos,
503 447 586 504 vel
615 454 730 501 erat
757 446 809 498 in
833 457 996 512 opere
1025 441 1242 510 pigrior,
1273 439 1434 492 variis
1465 452 1579 491 eam
1608 435 1780 489 modis

219 541 630 615 aggredicbatur.
660 537 717 591 Si
737 543 850 589 erat
871 531 1141 594 iracunda,
1163 529 1453 594 blanditiis,
1478 527 1521 580 si
1552 526 1779 596 patiens,

221 613 583 700 correptione;
616 624 749 680 illud
795 621 1037 693 Apostoli
1072 622 1323 674 imitans:
1350 617 1485 684 Quid
1529 616 1677 669 vultis
1715 613 1783 667 In

221 727 358 792 virga
384 720 574 773 veniam
597 717 664 769 ad
694 733 778 770 vos
800 755 817 781 ,
846 731 911 768 an
936 715 988 767 in
1015 713 1196 781 spiritu
1221 711 1446 765 lenitatis
1472 719 1519 762 ct
1550 723 1783 760 mansue-

222 809 441 865 tudinis?
487 805 722 882 Excepto
771 805 912 859 victu
963 813 1018 857 et
1059 802 1292 867 vestitu,
1338 799 1536 853 nullam
1585 798 1783 852 habere

220 901 497 970 quidquam
523 897 834 967 patiebatur,
860 896 1074 950 dicente
1098 894 1258 946 Paulo
1282 909 1296 944 :
1322 891 1576 945 Habentes
1599 893 1783 942 victum

219 1000 264 1044 et
289 989 533 1052 vestitum,
564 987 642 1041 Itis
676 986 892 1039 contenti
931 999 1107 1038 sumus
1145 983 1220 1051 (1.
1253 980 1472 1034 Timotlt.
1503 980 1557 1033 6.
1586 979 1673 1047 8);
1705 978 1780 1050 (η)

221 1097 286 1135 ne
309 1079 692 1134 consuetudine
721 1077 838 1146 plus
870 1073 1135 1140 habendi,
1163 1073 1425 1143 praeberet
1453 1071 1631 1124 locum
1660 1083 1786 1121 ava-

217 1172 373 1234 ritiae,
400 1185 517 1238 qua:
547 1168 704 1221 nullis
732 1165 978 1235 expletur
1001 1164 1190 1234 Opibus
1220 1180 1232 1215 :
1264 1171 1317 1216 et
1341 1171 1539 1230 quanto
1559 1158 1786 1228 amplius

219 1259 482 1322 habuerit,
510 1257 626 1326 plus
653 1257 902 1326 requirit;
928 1263 982 1310 et
1009 1269 1181 1323 neque
1208 1253 1379 1322 copia,
1410 1267 1582 1321 neque
1608 1249 1785 1318 inopia

219 1348 496 1402 minuitur.
527 1346 812 1416 Jurgantes
843 1345 979 1398 inter
1008 1358 1086 1408 se,
1116 1357 1361 1396 sermone
1391 1341 1662 1395 lenissimo
1691 1337 1790 1392 fa:-

216 1441 460 1494 derabat.
484 1439 865 1492 Lascivicntem
889 1433 1404 1488 adolescentularum
1430 1445 1645 1485 carnem
1672 1444 1789 1483 cre-

215 1531 327 1583 bris
354 1539 402 1582 et
437 1529 718 1595 duplicatis
747 1525 1025 1595 frangebat
1047 1524 1264 1594 jejuniis
1285 1563 1300 1587 ,
1328 1523 1532 1576 malens
1564 1522 1642 1574 eis
1671 1527 1786 1574 sto-

217 1618 464 1671 maclmm
493 1617 706 1682 dolere,
735 1630 892 1684 quam
923 1622 1177 1667 mentem.
1223 1613 1277 1666 Si
1305 1611 1522 1665 vidisset
1549 1611 1783 1678 aliquam

215 1713 568 1777 comptiorem
592 1748 607 1771 ,
632 1706 1001 1760 contractione
1033 1703 1222 1756 frontis
1244 1743 1258 1767 ,
1286 1710 1340 1756 et
1368 1701 1544 1754 vultus
1576 1698 1786 1752 tristitia

216 1800 472 1869 arguebat
513 1808 815 1860 errantem,
843 1785 1026 1849 dicens
1060 1812 1073 1848 :
1107 1793 1417 1847 Munditiam
1448 1789 1686 1858 corporis
1711 1797 1790 1841 at-

215 1909 315 1958 que
338 1891 584 1952 vestitus,
612 1888 800 1940 anima!
821 1899 939 1940 esse
961 1883 1367 1937 immunditiam.
1399 1881 1466 1934 Et
1492 1890 1647 1948 turpe
1670 1893 1790 1932 vcr—

217 1980 336 2032 hum
369 1987 534 2046 atque
566 1977 816 2028 lascivum
839 2015 854 2039 ,
883 1987 1154 2041 nunquam
1184 1970 1250 2024 de
1278 1985 1372 2023 ore
1399 1969 1636 2037 virgineo
1663 1981 1788 2036 pro-

215 2067 536 2121 ferendum:
565 2065 753 2134 quibus
780 2063 946 2132 signis
994 2061 1307 2114 libidinosus
1353 2059 1561 2112 auinms
1605 2065 1789 2111 osten-

212 2159 389 2211 ditur:
425 2169 476 2212 et
499 2172 590 2225 per
611 2154 928 2209 exteriorem
951 2151 1254 2214 hominem,
1271 2149 1538 2202 interioris
1561 2147 1791 2200 hominis

211 2248 342 2300 vitia
375 2247 838 2300 demonstrantur.
868 2241 1034 2307 Quam
1065 2239 1384 2308 linguosam,
1416 2235 1700 2304 garrulam,
1732 2249 1794 2289 ac

211 2350 528 2404 procacem,
560 2333 638 2402 (1)
671 2333 902 2397 rixisque
930 2335 1276 2398 perspexerat
1301 2325 1574 2390 delectari,
1605 2333 1659 2379 et
1688 2340 1788 2378 sse-
1837 2338 1843 2345 ·

221 2428 339 2495 pius
383 2422 764 2478 commonitam
812 2419 955 2474 nolle
1002 2415 1441 2492 converti,gintcr
1484 2415 1696 2468 ultimas
1743 2424 1797 2467 et

220 2524 371 2569 extra
417 2519 737 2566 conventum
789 2523 1053 2568 sororum.
1081 2508 1144 2561 ad
1193 2505 1336 2559 iores
1387 2504 1597 2559 triclinii
1642 2517 1796 2556 orare

222 2603 472 2665 faciebat,
499 2610 553 2655 et
576 2599 858 2669 separatim
890 2598 1064 2651 cibum
1091 2611 1282 2664 capere
1310 2613 1322 2646 :
1349 2603 1405 2647 ut
1435 2609 1592 2662 quam
1619 2593 1797 2661 objur-

223 2692 363 2762 gatio
381 2705 488 2744 non
511 2697 835 2752 correxerat,
860 2685 1167 2738 emendaret
1190 2683 1377 2752 pudor.
1402 2681 1620 2736 Furtum
1645 2681 1794 2749 quasi

225 2779 563 2849 sacrilegium
586 2776 966 2831 detestabatur.
995 2775 1061 2828 Et
1088 2773 1225 2842 quod
1257 2773 1394 2826 inter
1421 2771 1599 2826 surculi
1629 2769 1797 2823 homi-

226 2886 354 2935 nes,
387 2870 470 2922 vel
517 2867 631 2921 leve
677 2874 905 2935 putatur,
938 2864 1020 2917 vel
1049 2864 1211 2928 nihil,
1244 2863 1343 2916 hoc
1374 2862 1424 2915 in
1454 2860 1794 2914 monasteriis

225 2961 596 3030 gravissimum
637 2957 847 3010 dicebat
875 2969 993 3009 esse
1017 2953 1286 3008 delictum.
1336 2951 1472 3019 Quid
1503 2965 1797 3005 memorem

227 3051 566 3106 clementiam
593 3057 646 3100 et
671 3046 1003 3100 sedulitatem
1031 3045 1082 3097 in
1109 3053 1430 3113 aegrotantes
1454 3084 1468 3108 ,
1493 3058 1621 3112 quas
1649 3043 1800 3097 miris

229 3141 502 3210 obsequiis
524 3180 538 3203 ,
567 3145 620 3191 et
667 3135 975 3189 ministeriis
1023 3134 1371 3189 confovebat?
1399 3134 1637 3202 Cumque
1682 3135 1801 3188 aliis

230 3227 626 3298 languentibus,
660 3224 801 3293 large
828 3223 1088 3293 praeberet
1116 3225 1314 3285 omnia,
1345 3231 1398 3276 et
1421 3238 1568 3275 esum
1591 3238 1803 3292 quoque

229 3318 513 3371 exhiberet
555 3314 828 3377 carnium;
873 3316 916 3366 si
948 3312 1160 3382 quando
1190 3314 1300 3381 ipsa
1328 3321 1669 3382 mgrotassct,
1703 3313 1801 3366 sibi

233 3423 340 3462 non
385 3404 730 3474 indulgebat,
769 3415 822 3459 et
847 3405 898 3458 in
926 3418 990 3458 eo
1017 3405 1292 3472 inzrqualis
1320 3404 1597 3458 videbatur
1620 3445 1635 3470 ,
1664 3405 1804 3473 quod

232 3499 285 3552 iu
317 3496 440 3550 aliis
465 3495 826 3559 clementiam,
856 3495 908 3548 in
939 3509 997 3548 se
1021 3494 1266 3548 duritiam
1294 3495 1672 3548 commutabat.

301 3586 394 3642 20.
437 3585 591 3639 Nulla
617 3584 875 3654 juvenum
905 3584 1198 3653 puellarum
1231 3599 1360 3638 sano
1390 3595 1442 3638 et
1471 3595 1658 3654 vegeto
1685 3600 1806 3639 cor-

234 3689 400 3745 pore,
435 3684 598 3730 tanta:
647 3690 704 3729 se
749 3674 971 3728 dederat
1017 3677 1396 3737 continentiae,
1441 3687 1650 3744 quanta:
1697 3678 1805 3744 ipsa

235 3771 404 3823 fracto
431 3777 485 3821 et
514 3767 665 3821 senili
690 3765 1072 3834 debilitatoque
1113 3766 1449 3834 corpusculo.
1497 3767 1720 3832 Fateor,
1755 3769 1806 3820 iu

238 3859 337 3914 hac
359 3875 418 3913 re
444 3856 762 3927 pertinacior
791 3857 906 3920 fuit,
940 3865 1002 3909 ut
1028 3857 1127 3909 sibi
1155 3873 1258 3909 non
1289 3866 1548 3924 parceret,
1623 3857 1786 3928 714.

237 3959 292 4003 et
322 3949 451 4004 nulli
477 3947 690 4001 cederet
734 3945 1059 3998 admonenti.
1098 3944 1344 3999 Referam
1386 3947 1523 4014 quod
1565 3959 1812 4014 expertus

236 4059 379 4099 sum.
405 4042 589 4096 Mense
616 4038 756 4092 Julio
779 4037 1181 4091 ferventissimis
1203 4037 1420 4091 testibus
1446 4037 1628 4090 incidit
1654 4039 1703 4090 in
1731 4055 1814 4092 ar-

237 4133 426 4185 dorem
456 4126 642 4192 febris,
669 4134 722 4179 et
749 4133 866 4193 post
894 4123 1321 4192 desperationem
1341 4165 1354 4188 ,
1384 4138 1504 4178 cum
1539 4126 1627 4179 Dei
1657 4127 1816 4180 mise-

239 4218 468 4274 ricordia
510 4215 860 4284 respirasset,
893 4221 946 4267 et
985 4212 1177 4266 medici
1219 4213 1604 4281 persuaderent
1630 4215 1698 4268 ob
1724 4230 1813 4269 re-

241 4307 529 4362 fectionem
555 4303 794 4373 corporis
819 4301 944 4356 vino
974 4317 1106 4371 opus
1131 4315 1250 4355 esse
1278 4303 1417 4355 tenui
1444 4310 1498 4356 et
1525 4317 1682 4370 parco
1705 4344 1718 4367 ,
1751 4319 1818 4359 ne

241 4413 432 4467 aquam
463 4395 653 4450 bibens
679 4396 731 4447 in
764 4393 1059 4464 hydropem
1092 4401 1424 4456 verteretur;
1451 4401 1504 4445 et
1541 4407 1638 4461 ego
1677 4394 1814 4448 clam

243 4487 456 4541 beatum
488 4485 684 4554 Papam
711 4483 1066 4553 Epiphaniam
1098 4496 1340 4551 rogarem
1362 4522 1377 4546 ,
1411 4491 1468 4536 ut
1491 4497 1606 4537 eam
1633 4498 1817 4537 moue-

246 4586 363 4641 ret,
412 4576 522 4629 imo
563 4573 907 4641 compelleret
962 4570 1144 4624 vinum
1206 4570 1425 4634 bibere,
1471 4571 1559 4623 ilia
1604 4579 1660 4624 ut
1705 4580 1820 4626 erat

248 4667 482 4736 prudens
512 4675 562 4721 et
591 4665 803 4719 solertis
834 4662 1051 4733 ingenii,
1079 4661 1257 4715 statim
1287 4661 1456 4715 sensit
1485 4663 1730 4726 insidias;
1763 4670 1816 4717 et

247 4756 552 4819 subridens,
580 4770 756 4809 meum
796 4767 918 4807 esse
954 4751 1102 4821 .quod
1151 4752 1241 4806 ille
1279 4751 1498 4817 diceret,
1534 4752 1814 4805 intimavit.

247 4845 382 4910 Quid
429 4844 618 4912 plura?
645 4859 765 4898 cum
805 4843 991 4896 beatus
1036 4840 1276 4895 Pontifex
1310 4850 1427 4910 post
1453 4842 1612 4895 multa
1643 4843 1820 4896 horta-

250 4945 426 5010 menta
455 4938 650 4990 exisset
676 4935 820 4990 foras
839 4975 852 4998 ,
879 4933 1137 5004 quaerenti
1167 4932 1294 4986 mihi
1323 4933 1446 5001 quid
1474 4933 1700 5002 egisset,
1730 4949 1821 4989 rc-

149 5017 168 5035 '
250 5020 468 5095 spondit
497 5043 509 5078 :
537 5024 762 5078 Tantum
793 5024 1026 5093 profeci,
1056 5031 1115 5078 ut
1143 5023 1256 5077 seni
1290 5022 1489 5075 homini
1528 5038 1663 5092 pene
1700 5041 1821 5092 per-

251 5114 503 5180 suaserit,
530 5127 598 5168 ne
640 5113 820 5166 vinum
867 5113 1068 5167 bibam.
1118 5111 1245 5166 llaic
1291 5110 1499 5176 refero,
1531 5127 1635 5164 non
1681 5111 1821 5180 quod

315 5286 558 5352 (a)__§libi
594 5286 974 5352 ne-consuetudo
1006 5288 1055 5336 in
1089 5295 1242 5337 recto.
1266 5286 1529 5352 Sallustius
1552 5285 1822 5352 inAQatili‘na

255 5347 467 5410 cap.'XI.
495 5362 644 5411 quem
670 5348 824 5411 locum
846 5348 1169 5411 Hieronymus
1192 5351 1423 5398 exscribit
1441 5347 1689 5411 ,_Avaritia
1706 5382 1742 5411 ,Α
1758 5347 1826 5396 in-

254 5406 376 5477 ιιείίιν
405 5406 592 5480 vember
626 5406 833 5480 iactate:
865 5406 1170 5480 manus
1190 5423 1342 5480 μεφιιε
1365 5408 1522 5480 eam
1549 5406 1825 5480 νιειιιις..ίηοτ

253 5468 336 5530 pia
358 5468 605 5531 minuitur.
638 5468 748 5531 vid.
773 5468 1026 5531 Theophili
1063 5468 1348 5520 Paschalem
1381 5468 1468 5520 Ill.
1495 5468 1631 5519 num;
1671 5471 1746 5518 15.
1774 5475 1827 5518 et

257 5530 507 5591 epistolam
529 5530 605 5579 53.
628 5529 685 5591 ad
708 5529 962 5578 Paulinum
987 5543 1118 5578 num.
1145 5532 1217 5591 10.

323 5590 388 5655 (t)
409 5591 629 5642 Atticum
642 5590 786 5644 Grav.
808 5600 1091 5654 praeponam
1107 5590 1228 5653 risu,
1247 5593 1317 5642 sic
1334 5590 1452 5650 risu,
1468 5589 1702 5651 rivisque.
1724 5594 1818 5638 etc.

1568 235 1903 292 EPISTOLA
1943 236 2125 293 CVIII.
2193 246 2198 252 '

3345 249 3450 307 898

1891 347 2364 413 inennsiderautcr,
2385 356 2437 402 et
2461 347 2594 402 ultra
2619 348 2757 404 vires
2781 361 2990 422 sumpta
3012 368 3175 410 onera
3199 357 3444 426 probem,

1886 449 2136 491 monente
2178 437 2445 505 Scriptura
2488 455 2500 490 :
2533 438 2699 508 Super
2728 450 2775 495 te
2799 457 2927 495 onus
2953 460 3015 496 ne
3043 446 3314 513 (evaseris;
3353 450 3448 504 sed

1885 528 2025 597 quod
2057 528 2248 582 mentis
2277 528 2390 596 ejus
2419 526 2686 592 ardorem,
2709 538 2762 584 et
2787 528 3104 587 desiderium
3134 536 3303 592 ﬁdelis
3329 541 3443 594 ani-

1888 633 2010 686 mte,
2039 634 2105 674 ex
2151 618 2249 674 hac
2290 635 2498 689 quoque
2541 621 2764 688 probare
2807 622 2964 676 velim
3014 632 3444 698 perseverantia,

1885 710 2216 765 decantantis
2241 728 2254 765 :
2280 711 2447 765 Sitivit
2472 712 2641 764 anima
2665 729 2774 765 mea
2796 713 2849 766 in
2881 722 2946 777 te,
2969 730 3118 782 quam
3147 719 3447 786 multiplici-

1888 809 1962 852 ter
1991 800 2079 852 tibi
2106 815 2222 852 cara
2252 815 2362 853 mea
2391 798 2574 870 (Psal.
2604 799 2692 854 ϐξ.
2725 800 2816 872 Ξ).
2852 801 3071 858 Dilficilc
3111 814 3193 858 est
3237 808 3448 863 modum

1890 897 2070 943 tenere
2119 889 2170 942 in
2214 887 2478 942 omnibus.
2531 889 2596 943 Et
2639 904 2765 944 vere
2803 890 2953 958 juxta
3005 891 3452 964 Philosophorum

1889 977 2227 1042 sententiam,
2257 986 2453 1044 μεσότης
2483 986 2510 1038 ἠ
2538 981 2684 1049 ἀριτὴ
2705 1021 2720 1045 ,
2752 986 2990 1052 ὑπερβολὴ
3017 995 3161 1037 κακία
3186 987 3262 1056 (ὁ)
3294 1004 3453 1057 Γοριιο

1891 1075 2070 1121 tantur
2096 1087 2108 1122 :
2133 1066 2281 1134 Quod
2311 1083 2407 1122 uos
2435 1083 2533 1121 una
2561 1078 2614 1124 et
2642 1069 2788 1124 brevi
2814 1074 3126 1126 sententiola
3153 1079 3452 1144 exprimere

1890 1169 2171 1224 possumus
2195 1174 2206 1209 :
2234 1155 2316 1209 Ne
2337 1158 2460 1226 quid
2486 1159 2636 1212 nimis
2664 1158 2888 1226 (Terent.
2913 1163 3046 1215 And.
3079 1164 3191 1218 Act.
3221 1165 3294 1238 1).
3324 1169 3454 1234 Qum

1891 1245 1944 1298 in
1971 1255 2275 1314 contemptu
2305 1248 2544 1300 ciborum
2577 1257 2776 1303 tantam
2805 1249 3030 1306 habebat
3059 1256 3404 1322 pertinaciam
3432 1276 3444 1311 :

1892 1337 1944 1392 in
1971 1336 2112 1390 luctu
2141 1338 2280 1390 mitis
2309 1348 2446 1404 erat,
2478 1347 2531 1392 et
2555 1354 2771 1394 suorum
2803 1343 3063 1396 mortibus
3093 1344 3450 1414 frangebatur,

1891 1427 2121 1481 maxime
2148 1427 2456 1482 liberorum.
2479 1428 2610 1484 Nam
2635 1440 2689 1484 et
2716 1431 2768 1483 in
2797 1432 2894 1486 viri
2918 1441 2972 1487 et
2998 1433 3225 1489 liliarum
3247 1436 3452 1492 dormi-

1893 1519 2035 1571 tione
2061 1531 2273 1586 semper
2303 1519 2589 1586 periclitata
2620 1529 2721 1574 est.
2755 1522 2818 1575 Et
2846 1538 2967 1576 cum
2999 1539 3060 1579 os
3093 1528 3456 1582 stomachum-

1892 1622 1995 1676 que
2023 1608 2274 1676 signaret,
2305 1618 2358 1661 et
2387 1610 2569 1663 matris
2597 1609 2723 1680 ιιι..
2751 1613 2993 1685 malricis]
3020 1615 3260 1670 dolorem
3285 1619 3459 1673 crucis

1891 1698 2151 1751 niteretur
2178 1699 2525 1766 impressione
2558 1699 2753 1764 lenire;
2782 1705 3131 1768 superabatur
3159 1706 3373 1772 affectu,
3403 1717 3461 1762 et

1891 1785 2158 1840 credulam
2188 1796 2456 1850 mentem,
2491 1789 2722 1856 parentis
2765 1790 2964 1845 viscera
3009 1795 3456 1860 consternabant,

1892 1875 2174 1942 animoque
2222 1875 2462 1941 vincens,
2498 1877 2780 1944 fragilitate
2823 1882 3064 1949 corporis
3106 1884 3451 1939 vincebatur:

1893 1981 2048 2035 quam
2078 1965 2244 2020 semel
2275 1965 2493 2034 languor
2518 1967 2800 2034 arripiens,
2836 1968 2994 2039 longo
3021 1979 3260 2040 tempore
3287 1975 3454 2042 possi-

1895 2057 2080 2122 debat;
2110 2065 2167 2110 nt
2192 2067 2243 2110 et
2272 2057 2422 2110 nobis
2453 2057 2895 2126 inquietudinem,
2921 2070 2973 2114 et
3011 2062 3110 2115 sibi
3157 2062 3228 2133 (ε)
3269 2065 3460 2118 discri-

1895 2162 2015 2201 men
2063 2145 2293 2199 atl'erret.
2336 2145 2388 2198 In
2437 2161 2540 2214 quo
2583 2145 2671 2200 illa
2717 2147 3013 2213 lmtabatur,
3057 2165 3149 2218 per
3197 2166 3461 2206 n'totncnta

1896 2250 2319 2292 commemorans
2353 2253 2368 2294 ξ
2404 2235 2558 2288 Miser
2585 2253 2676 2307 ego
2705 2237 2874 2302 homo,
2902 2241 3013 2305 quis
3043 2257 3119 2292 me
3147 2242 3376 2296 liberabit
3402 2245 3465 2297 de

1897 2343 2106 2396 corpore
2153 2329 2328 2380 mortis
2371 2328 2523 2396 hujus
2569 2329 2586 2388 (
2601 2329 2751 2382 Itoni.
2775 2329 2826 2381 7.
2859 2330 2987 2400 ρῳ
3033 2331 3184 2386 Dicat
3232 2335 3464 2402 prudens

1899 2416 2101 2480 lector,
2148 2431 2243 2482 pro
2291 2416 2533 2470 laudibus
2581 2432 2666 2470 me
2713 2418 3155 2486 vituperationem
3207 2423 3462 2478 scribere.

1898 2505 2088 2559 Testor
2109 2505 2307 2570 Jesum,
2336 2508 2418 2560 cui
2450 2506 2536 2559 illa
2563 2507 2820 2572 servivit,
2853 2517 2907 2562 et
2934 2523 3032 2578 ego
3058 2510 3259 2565 servire
3283 2513 3460 2580 cupio,

1899 2611 1983 2650 me
2009 2603 2282 2664 utramque
2312 2597 2362 2648 in
2394 2605 2592 2663 partem
2618 2597 2748 2650 nihil
2775 2597 2995 2668 lingere,
3015 2599 3105 2654 Sed
3129 2602 3276 2669 quasi
3303 2601 3461 2656 Chri-

1900 2686 2125 2739 stianum
2170 2686 2238 2740 de
2332 2688 2492 2758 715
2586 2686 2920 2756 Christiana,
2966 2706 3083 2760 qua:
3127 2701 3251 2746 sunt
3299 2703 3420 2749 vera
3448 2737 3465 2761 ,

1903 2775 2140 2844 proferre
2161 2817 2175 2838 .
2213 2775 2262 2828 id
2290 2786 2404 2840 est,
2437 2775 2711 2830 historiam
2743 2778 3014 2843 scribere,
3048 2794 3150 2833 nou
3184 2784 3468 2852 panegyri-

1901 2881 2020 2920 cum
2041 2905 2059 2932 ,
2086 2875 2138 2920 et
2169 2865 2308 2921 illius
2335 2866 2460 2919 vitia
2482 2906 2498 2930 ,
2529 2865 2752 2919 aliorum
2783 2882 2904 2922 esse
2930 2869 3174 2923 virtutes.
3207 2871 3340 2925 Vitia
3383 2873 3468 2926 lo-

1903 2972 2055 3026 quor,
2084 2957 2370 3012 secundum
2396 2957 2630 3011 animum
2659 2973 2855 3019 meum,
2881 2969 2934 3013 et
2963 2961 3197 3014 omnium
3225 2977 3467 3018 sororum

1904 3060 1967 3099 ae
1995 3047 2211 3100 fratrum
2240 3047 2586 3112 desiderium,
2611 3047 2702 3117 qui
2732 3047 2876 3102 illam
2899 3048 3186 3119 diligimus,
3211 3062 3261 3106 ct
3279 3052 3470 3108 absen-

1907 3143 2009 3188 tem
2039 3137 2342 3204 qtnet'iiuus.

1975 3226 2064 3282 21.
2107 3227 2364 3281 Cancrum
2408 3227 2494 3280 illa
2535 3227 2773 3295 implevit
2809 3244 3025 3285 cursum
3063 3245 3252 3296 suum,
3283 3234 3471 3290 fidem-

1907 3331 2012 3385 que
2037 3317 2292 3381 servavit,
2312 3325 2365 3371 et
2385 3333 2523 3372 nunc
2550 3317 2742 3373 fruitur
2767 3335 2962 3374 corona
2988 3321 3208 3389 justitize
3237 3323 3312 3391 (2.
3341 3324 3470 3382 Tim.

1908 3407 1962 3459 4.
1993 3407 2045 3476 7)
2074 3426 2086 3461 :
2111 3408 2451 3476 sequiturque
2481 3410 2686 3478 Agnum
2734 3425 3070 3480 quocumque
3115 3414 3260 3469 vadit
3289 3415 3470 3485 (Apoc.

1910 3494 2020 3564 ii).
2057 3495 2356 3560 Saturatur,
2385 3497 2501 3566 quia
2523 3499 2766 3562 esurivit,
2799 3511 2852 3553 et
2881 3500 3000 3553 lmta
3023 3499 3271 3556 decantat
3293 3522 3306 3559 :
3327 3504 3472 3559 Sicut

1909 3586 2214 3652 audivimus,
2246 3587 2317 3638 ita
2346 3596 2392 3638 et
2419 3585 2652 3651 vidimus,
2673 3588 2724 3640 in
2755 3589 2952 3642 civitate
2979 3589 3184 3644 Domini
3216 3595 3472 3662 virtutum,

1910 3674 1962 3728 in
1991 3678 2188 3730 civitate
2221 3676 2310 3729 Dei
2338 3679 2496 3730 nostri
2539 3677 2712 3746 (Psal.
2758 3679 2844 3731 «i7.
2892 3679 2970 3748 9;.
3018 3680 3062 3733 0
3105 3681 3252 3735 beata
3301 3702 3475 3741 rerum

1912 3767 2254 3819 commutatio
2279 3783 2292 3818 :
2319 3767 2480 3829 licvit,
2502 3776 2556 3819 ut
2577 3781 2789 3833 semper
2813 3766 3032 3820 rideret.
3059 3770 3304 3837 Despexit
3331 3773 3477 3827 lacus

1914 3855 2171 3907 contritos
2192 3894 2205 3915 ,
2241 3861 2296 3905 ut
2323 3853 2522 3907 fontem
2554 3855 2831 3906 Dominum
2864 3855 3142 3922 reperiret.
3175 3857 3372 3913 V'estita
3400 3864 3478 3916 ci-

1916 3943 2038 3996 licio
2063 3951 2165 4006 est,
2196 3951 2250 3995 ut
2277 3957 2415 3994 nunc
2444 3942 2579 3995 albis
2604 3943 2934 3996 vestimentis
2965 3953 3222 4009 uteretur,
3255 3958 3308 4000 ct
3332 3948 3480 4004 dice-

1917 4041 1999 4086 ret
2026 4049 2039 4085 :
2070 4033 2278 4087 Scidiin
2297 4047 2498 4085 saccum
2521 4048 2703 4096 meum,
2722 4041 2768 4085 et
2789 4033 2998 4087 induisti
3017 4050 3094 4088 me
3115 4035 3288 4090 latitia
3310 4038 3480 4106 (Psal.

1917 4121 2008 4177 29.
2038 4121 2146 4189 12).
2177 4122 2420 4175 Cinerem
2447 4122 2582 4176 sicut
2612 4137 2798 4191 panem
2830 4123 3203 4191 manducabat,
3233 4137 3287 4182 et
3316 4132 3484 4196 potiu-

1907 4227 2040 4298 nem
2058 4225 2203 4264 suam
2230 4225 2346 4264 cmn
2371 4210 2496 4263 ﬂetu
2520 4211 2963 4282 miscebat(Psal.
2991 4214 3110 4270 101.
3135 4216 3245 4286 10),
3271 4218 3480 4274 dicens:

1920 4299 2148 4353 Fuerunt
2179 4300 2302 4353 milii
2329 4299 2566 4371 tacryma:
2593 4318 2716 4356 mete
2745 4319 2899 4372 panes
2926 4304 3006 4357 die
3035 4321 3093 4357 ac
3123 4317 3265 4360 nocte
3291 4312 3308 4378 (
3335 4308 3457 4363 Psul

1921 4393 2010 4446 41.
2037 4391 2103 4459 ι)
2129 4432 2142 4456 ,
2189 4398 2245 4444 ut
2275 4391 2324 4443 in
2358 4401 2611 4444 :eternum
2646 4408 2778 4461 pane
2807 4395 3128 4463 Angelorum
3168 4407 3471 4452 vcsccrctur

1921 4491 1974 4537 et
2002 4491 2218 4536 caneret
2242 4499 2254 4533 :
2283 4481 2490 4536 Gustate
2515 4493 2559 4536 et
2585 4484 2744 4536 videte
2767 4525 2780 4550 ,
2805 4488 3042 4554 quoniam
3080 4488 3246 4539 suavis
3273 4496 3344 4541 est
3375 4488 3482 4542 Do-

1922 4575 2087 4627 minus
2117 4573 2284 4642 (Psal.
2308 4573 2394 4628 55.
2428 4573 2504 4641 9).
2540 4574 2622 4636 Et,
2659 4574 2914 4627 Eructnvit
2954 4591 3038 4628 cor
3079 4593 3243 4628 meum
3284 4579 3484 4631 verbum

1923 4663 2107 4716 bonum
2131 4684 2148 4716 .·
2170 4665 2281 4718 dico
2323 4683 2414 4734 ego
2455 4681 2608 4732 opera
2655 4683 2764 4718 mea
2803 4665 2926 4735 [trgi
2953 4665 3137 4734 (Psal.
3179 4667 3267 4720 44.
3320 4671 3392 4736 1).
3426 4671 3488 4723 ΕΙ.

1925 4752 2071 4806 [sane
2094 4794 2107 4816 ,
2140 4753 2246 4805 imo
2279 4752 2486 4804 Domini
2517 4768 2611 4820 per
2635 4753 2821 4806 Isaiam
2863 4753 2912 4806 iu
2956 4767 3013 4806 se
3053 4766 3297 4807 cerneret
3326 4756 3482 4809 verba

1923 4845 2199 4911 compleri.
2250 4841 2382 4894 Ecce
2410 4843 2496 4910 qui
2525 4844 2743 4895 serriunt
2773 4843 2931 4907 mibi,
2962 4844 3368 4909 ntanducabunt,
3402 4862 3486 4900 vos

1925 4945 2089 4985 autem
2120 4932 2361 4985 esurietis.
2389 4929 2520 4982 Ecce
2546 4931 2630 4998 qui
2654 4931 2871 4982 serviunt
2891 4931 3032 4997 milii,
3063 4931 3243 4999 bibent,
3269 4947 3372 4998 vos,
3397 4950 3490 4987 au-

1991 5102 2062 5172 (b)
2093 5101 2308 5172 veteres
2345 5098 2463 5172 editi
2485 5110 2633 5148 τιλιτιι
2652 5099 2859 5172 verbum
2892 5099 3176 5172 addubitet
3207 5102 3491 5172 totiussen-

1901 5159 2095 5212 iteutia:
2131 5160 2614 5221 interpretationem,
2647 5159 2700 5208 id
2735 5165 2807 5221 est
2837 5161 3006 5208 modus
3029 5161 3177 5211 virtus
3197 5168 3292 5221 est,
3331 5163 3492 5212 vitmm

1927 5222 2146 5282 nimietas
2178 5220 2426 5282 reputatur
2452 5231 2603 5280 ;qure
2638 5231 2731 5268 nec
2763 5220 2876 5282 Mss.
2915 5221 3124 5279 habent,
3151 5236 3245 5270 nec
3265 5220 3292 5270 a
3314 5223 3493 5278 Hiero-

1929 5279 2257 5345 nymical_amo
2279 5279 2487 5345 profecta
2510 5279 2639 5345 sunt.
2666 5280 2801 5338 Quod
2824 5287 2984 5345 autem
3008 5293 3116 5345 ιαιιξ
3142 5283 3188 5330 in
3213 5291 3348 5345 recto
3371 5282 3494 5345 legi-

1931 5339 2054 5399 mus.
2069 5343 2116 5390 in
2133 5339 2450 5391 Benedictina
2465 5339 2582 5388 edit.
2604 5349 2709 5389 erat
2725 5342 3067 5396 tamvmitiuse.
3081 5342 3230 5391 Porro
3249 5339 3493 5393 Aristotieli

1931 5404 2174 5453 sententia
2201 5403 2303 5450 haec
2323 5400 2635 5463 adscribitur,
2659 5413 2801 5463 quam
2825 5402 2874 5448 in
2899 5402 3100 5462 epistola
3131 5404 3189 5452 ad
3218 5403 3494 5455 Demetria-

1930 5466 2043 5513 dem
2070 5464 2273 5524 plurium
2293 5475 2497 5524 numero
2517 5461 2759 5524 edisserit.
2810 5520 2823 5524 _
2881 5461 2965 5524 _’-

1996 5520 2082 5586 (c)'
2101 5523 2256 5586 Aliter
2279 5520 2597 5586 discriminq;
2621 5521 2710 5568 sed
2734 5520 2858 5572 male
2880 5521 3130 5576 Erasmum
3151 5535 3349 5578 secutus
3373 5526 3486 5577 Mar-

1939 5576 2154 5648 tianéeus,
2179 5585 2369 5646 oneri-et
2392 5596 2478 5645 pro
2499 5576 2712 5644 aﬂ‘érret.
