4054 6192
653 391 761 434 tem
800 377 998 434 sitietis.
1050 371 1180 427 Ecce
1219 368 1306 438 qui
1349 364 1572 421 serviunt
1601 363 1761 429 mihi,
1789 360 2124 423 la'tabuntur,
2154 373 2241 411 cos

661 481 832 526 autem
859 463 1251 536 confundemiui.
1275 458 1404 511 Ecce
1418 455 1505 523 qui
1528 454 1751 509 serviunt
1773 452 1918 516 mihi,
1937 447 2234 504 exultabant

663 561 740 633 (ο)
771 563 822 614 in
851 557 1059 630 gaudia,
1083 567 1168 606 vos
1194 558 1366 602 autem
1393 546 1679 601 clamabitis
1703 544 1765 598 ob
1789 544 2016 633 dolorem
2041 541 2232 633 eordis,

661 631 942 716 “propter
968 641 1320 696 contritionem
1345 636 1555 706 spiritus
1580 634 1840 688 ululabilis
1870 631 2022 703 (Isai.
2039 631 2128 686 65.
2146 632 2233 685 l5.

660 739 771 807 44).
806 737 1069 799 Dixeram,
1101 732 1246 786 lacus
1265 744 1382 784 eam
1410 741 1623 796 semper
1647 724 1850 794 fugisse
1875 723 2156 787 contritos,
2179 731 2237 775 ut

658 829 861 882 fontem
887 825 1166 880 Dominum
1198 822 1476 890 reperiret,
1503 826 1560 872 ut
1593 826 1773 887 posset
1821 815 1941 869 lteta
1979 823 2232 868 cantare:

651 917 805 973 Sicut
829 931 1004 970 ceruus
1033 913 1286 967 desiderat
1312 910 1380 962 ad
1406 914 1568 979 fontes
1588 923 1858 976 aquarum,
1885 907 1957 957 ita
1981 903 2234 957 desiderat

653 1007 827 1060 animo
872 1021 982 1058 mea
1021 1004 1088 1056 ad
1133 1013 1181 1056 te
1230 1002 1386 1055 Deus.
1431 1001 1650 1066 Quando
1676 999 1874 1067 ueniant
1901 1005 1948 1050 et
1976 995 2232 1066 apparebo

644 1109 773 1152 ante
800 1099 982 1168 {aciem
1015 1095 1108 1150 Dei
1137 1094 1308 1167 (Paul.
1334 1093 1424 1174 μ.
1457 1091 1553 1161 l)?

718 1189 816 1242 22.
855 1187 1089 1256 Tangam
1119 1199 1246 1255 ergo
1285 1184 1516 1238 breviter
1543 1179 1812 1252 quomodo
1850 1179 2224 1234 hmreticornm

653 1291 904 1332 caenosos
951 1275 1265 1331 devitaverit
1305 1275 1492 1338 lacus,
1535 1281 1591 1327 et
1636 1286 1731 1327 eos
1781 1271 1947 1325 instar
1983 1269 2232 1324 imbuerit

653 1367 1029 1424 Ethnicurum.
1055 1364 1279 1434 Quidam
1307 1364 1379 1434 (ὁ)
1405 1371 1672 1417 veterator
1692 1361 1935 1424 callidus,
1961 1371 2140 1429 atque,
2175 1368 2234 1413 ut

645 1457 754 1511 sibi
850 1457 1013 1529 716
1109 1456 1415 1519 videbatur,
1445 1455 1635 1508 doctus
1661 1461 1715 1506 et
1753 1453 1951 1506 sciolus
1972 1493 1986 1515 ,
2018 1465 2104 1505 me
2133 1465 2230 1505 ne-

652 1551 860 1606 sciente
905 1549 1067 1619 coepit
1094 1548 1143 1604 ei
1195 1561 1491 1617 iteponere
1527 1546 1882 1615 qutestiones,
1913 1553 1969 1597 et
2002 1543 2227 1596 dicere:

648 1639 792 1706 Quid
832 1638 1072 1708 peccavit
1114 1635 1470 1713 iulansauta
1503 1634 1746 1687 daemone
1768 1631 2130 1701 corripiatur?
2172 1629 2229 1684 In

652 1745 759 1800 qua
798 1738 956 1784 aetate
992 1726 1346 1783 resurrecturi
1371 1725 1588 1780 sumus?
1616 1723 1677 1778 Si
1709 1724 1760 1777 in
1790 1722 1904 1792 ipsa
1935 1737 2037 1792 qua
2069 1721 2233 1776 mori-

654 1835 775 1876 mur
802 1837 816 1873 :
847 1833 976 1889 ergo
1003 1817 1297 1872 nutricibus
1321 1824 1445 1886 post
1471 1815 1922 1870 resurrectionem
1948 1828 2083 1884 opus
2105 1814 2226 1868 erit.

655 1914 733 1981 (e)
761 1910 854 1968 Sin
884 1910 1059 1976 aliter,
1091 1921 1430 1978 nequaquam
1475 1907 1578 1962 erit
1623 1905 1945 1961 resurreCtio
1987 1914 2228 1960 mortuo-

654 2015 807 2064 rum;
837 1998 932 2054 sed
975 1996 1374 2052 Iransformatio
1419 1996 1472 2050 in
1515 1995 1670 2049 alios.
1696 1994 1990 2050 Diversitas
2015 2009 2229 2063 quoque

650 2103 814 2144 sexus
858 2087 1021 2142 ma-ris
1061 2101 1123 2142 ac
1156 2085 1374 2141 femina:
1417 2085 1539 2148 erit,
1571 2093 1664 2138 aut
1704 2098 1809 2138 non
1846 2084 1981 2138 erit?
2007 2082 2063 2138 Si
2090 2085 2226 2149 erit,

648 2186 942 2248 sequentur
961 2185 1020 2232 et
1045 2175 1261 2245 nuptiae,
1283 2184 1336 2230 et
1363 2173 1702 2238 concubitus,
1731 2173 1824 2227 sed
1850 2181 1903 2227 et
1923 2173 2222 2242 generatio.

652 2268 709 2322 Si
739 2281 843 2320 non
871 2265 996 2330 erit,
1023 2264 1230 2320 sublata
1255 2263 1563 2318 diversitate
1588 2277 1770 2327 sexus,
1793 2261 1980 2316 eadem
2001 2275 2225 2331 corpora

651 2373 758 2413 non
784 2363 1062 2426 resurgent
1085 2373 1099 2410 :
1127 2355 1382 2425 Aggravat
1413 2355 1547 2407 enim
1573 2363 1772 2406 terrena
1796 2352 2094 2406 inhabitatio
2112 2368 2228 2406 sen-

650 2467 763 2505 sum
790 2450 950 2504 multa
977 2448 1277 2518 cogitantem
1309 2445 1461 2517 (Sap.
1484 2445 1542 2500 9.
1568 2445 1692 2514 15);
1737 2443 1830 2500 sed
1859 2445 2035 2498 tenuia
2065 2451 2226 2498 erunt

645 2552 708 2597 et
751 2540 1038 2612 spiritualia
1058 2577 1075 2603 ,
1106 2538 1318 2592 dicente
1365 2537 1622 2605 Apostolo
1652 2553 1665 2588 :
1693 2535 1991 2590 Seminatur
2037 2552 2226 2603 corpus

649 2630 902 2693 animale,
932 2637 1154 2698 resurget
1203 2642 1384 2696 corpus
1426 2625 1693 2694 spirituale
1732 2624 1809 2696 (l.
1837 2624 1956 2680 Cor.
1987 2625 2076 2679 15.
2107 2625 2223 2692 Μ).

655 2720 734 2776 Ex
781 2719 978 2790 quibus
1027 2717 1274 2772 omnibus
1325 2715 1554 2785 probare
1607 2715 1891 2784 cupiebat,
1933 2715 2225 2770 rationales

647 2819 925 2868 creaturas
969 2809 1040 2863 ob
1083 2808 1327 2878 quaedam
1352 2807 1511 2873 vitia,
1554 2816 1610 2862 et
1652 2808 1868 2877 antiqua
1915 2817 2130 2877 peccata
2169 2807 2223 2862 in

646 2916 874 2972 corpora
904 2913 1024 2955 esse
1049 2899 1336 2966 delapsas:
1363 2907 1418 2953 et
1457 2912 1554 2967 pro
1591 2897 1899 2952 diversitate
1932 2906 1986 2952 et
2021 2898 2225 2952 meritis

650 3003 993 3064 peccatorum
1037 2991 1129 3045 tali
1172 2991 1254 3045 vel
1295 2989 1385 3045 tali
1410 2989 1719 3044 conditione
1745 2990 2024 3059 generari,
2050 3001 2108 3044 ut
2140 2991 2221 3046 vel

646 3098 936 3154 corporum
962 3081 1188 3138 sanitate
1212 3080 1526 3152 gauderent,
1543 3088 1599 3135 et
1626 3088 1906 3150 parentum
1936 3080 2134 3135 divitiis
2159 3095 2223 3135 ac

647 3173 946 3236 nobilitate,
972 3171 1056 3227 vel
1083 3171 1135 3226 in
1164 3169 1437 3225 morbidus
1461 3183 1673 3236 carnes,
1705 3177 1759 3224 et
1783 3168 1973 3224 domos
2000 3171 2219 3240 in0pum

647 3264 948 3325 venientes,
978 3275 1162 3330 pinnas
1192 3260 1538 3329 pristinorum
1563 3259 1772 3314 luerent
1796 3258 2140 3328 delictorum,
2168 3271 2223 3316 ct

647 3354 897 3427 praesenti
919 3351 1114 3406 saeculo
1135 3362 1292 3420 atque
1313 3348 1649 3418 corporibus,
1671 3350 1818 3419 quasi
1841 3365 2058 3406 carcere
2078 3351 2224 3405 clau-

646 3445 920 3500 derentur.
953 3442 1105 3508 Quod
1134 3455 1256 3495 cum
1285 3439 1558 3506 audisset,
1589 3450 1644 3494 et
1679 3441 1745 3494 ad
1789 3457 1874 3497 me
1913 3443 2180 3498 retulisset
2200 3483 2218 3510 ,

649 3535 890 3592 indicans
933 3531 1238 3597 hominem,
1272 3528 1508 3599 mihique
1552 3530 1880 3586 incubuisset
1928 3531 2220 3588 necessitas

709 3666 782 3770 g2
816 3663 938 3715 Illud
973 3661 1026 3714 in
1054 3658 1233 3724 gaudio
1262 3659 1597 3770 supplerimus
1628 3671 1689 3710 ex
1713 3659 1919 3722 Reginae
1954 3660 2217 3725 codicibus,

709 3744 712 3770 ι
801 3733 853 3770 et
875 3723 1018 3770 LXX.
1053 3737 1086 3770 ιν
1110 3735 1300 3770 ait-nocitum
1357 3725 1561 3770 abeant.
1587 3734 1681 3770 nec
1702 3720 1857 3770 Hebr.
1882 3721 2095 3770 abludat.

647 3720 776 3791 quod
801 3733 860 3791 e_t_
875 3723 1018 3791 LXX“,
1319 3720 1561 3791 habeant,
1587 3734 1681 3791 nec
1702 3720 1857 3791 Hebr.
1882 3721 2095 3791 abludat.

710 3787 784 3850 (ρ)
815 3785 958 3850 Hunc
980 3782 1243 3850 Paliadium
1266 3782 1416 3832 fuisse
1437 3782 1676 3832 Barouius
1698 3787 1852 3845 putat,
1884 3783 2010 3850 quod
2037 3782 2139 3850 ille,
2165 3791 2219 3835 ut

651 3842 966 3898 ex'llausiaca
990 3846 1137 3907 c.777.
1162 3851 1464 3907 compertum
1489 3850 1594 3907 est,
1619 3842 1716 3892 uno
1736 3857 1863 3907 anuo
1885 3842 1931 3892 in
1953 3842 2218 3907 Bethleem

648 3923 666 3954 κ
681 3910 1013 3971 ixerit,_atque_
1026 3904 1414 3971 Drigenist'arum
1435 3906 1681 3953 erroribus
1693 3904 1911 3971 addictus
1925 3917 2034 3971 cum
2054 3906 2220 3964 primis

645 3971 813 4020 fuerit.
835 3964 978 4019 Unus
998 3968 1087 4018 Ms.
1114 3964 1200 4024 pro
1222 3964 1412 4023 sciolus,
1437 3978 1588 4024 novo,
1625 3977 1681 4014 ac
1701 3967 1819 4014 satis
1853 3966 2058 4016 barbaro
2076 3978 2218 4016 voca.

646 4030 781 4090 bulo,
807 4028 1081 4081 sanctiolus.
1107 4026 1253 4090 Grav.
1277 4033 1511 4090 ueterator
1533 4032 1578 4075 et
1598 4026 1822 4090 callidus.

708 4085 779 4162 (ο)
812 4091 1094 4162 Patent"!
1119 4087 1220 4162 alii.
1237 4087 1355 4162 92"!“
1370 4120 1388 4162 ρ
1402 4085 1854 4162 ,εξέηίαέιεταςὲβξι
1873 4093 1930 4162 9!
1963 4093 2218 4162 μηιςερνο

644 4146 897 4207 morimur,
918 4147 1322 4210 legendumforte
1337 4146 1851 4210 videatur,irtascimur,
1872 4155 1926 4196 ut
1944 4146 2218 4210 nutricibus

645 4224 768 4273 opus
803 4211 885 4273 sit.
919 4207 1159 4273 Steterunt
1183 4207 1659 4273 bujrtsmodi‘cavillis
1689 4207 2099 4273 resurrectionem
2124 4212 2215 4259 im-

646 4267 848 4334 pugnari
871 4270 1078 4324 solitam,
1103 4276 1251 4330 atque
1275 4268 1464 4317 irrideri
1486 4271 1547 4317 ab
1578 4269 1788 4318 ethnicis
1808 4267 1962 4318 refert
1983 4268 2214 4332 Augusti-

647 4345 737 4380 nus
771 4329 856 4379 lib.
879 4329 958 4391 22.
983 4329 1048 4378 de
1070 4329 1212 4391 Civlt.
1246 4328 1339 4391 Dei
1376 4342 1420 4377 c.
1456 4329 1532 4377 t2.
1571 4341 1599 4391 a
1629 4331 1808 4391 quibus
1827 4331 1952 4391 ipse
1969 4329 2215 4390 Origenes

647 4392 769 4440 haud
793 4389 996 4440 multum
1027 4390 1251 4438 recessit.
1277 4387 1627 4438 Commentario
1648 4387 1705 4438 'in
1733 4387 1909 4438 Psalm.
1938 4389 1982 4438 1.
2009 4387 2136 4440 vers.
2162 4395 2210 4442 5.

645 4466 795 4514 quem
821 4451 973 4514 locum
998 4463 1060 4499 ex
1076 4449 1266 4514 Petavii
1289 4449 1690 4514 interpretatione
1715 4451 1824 4499 heic
1843 4449 2111 4514 adnectere
2136 4459 2214 4502 est

644 4507 810 4584 operte
827 4513 1054 4575 pretium.
1080 4527 1104 4556 ι
1125 4509 1299 4584 igitrtr,
1511 4513 1550 4558 si
1577 4512 1936 4584 interrogemus
1966 4513 2212 4584 cuiusnam

643 4570 710 4624 sit
731 4570 888 4623 futu'ra
914 4570 1246 4632 resurrectio?
1277 4570 1548 4632 corporum,
1567 4570 1868 4632 respondent,
1891 4585 2000 4632 qua:
2022 4570 2110 4621 nos
2126 4579 2215 4621 clr-

644 4635 886 4684 cumdaut.
911 4631 1204 4682 Instantibus
1226 4630 1382 4688 nobis,
1407 4633 1554 4680 totius
1574 4630 1764 4679 illOrum
1794 4630 2092 4690 substantiae,
2118 4647 2213 4684 nec

643 4709 709 4760 ne
730 4695 886 4744 futura
907 4698 1261 4760 sit,‘antequam‘
1279 4690 1686 4760 diligenteristud
1703 4691 2044 4760 expende-rint,
2067 4696 2212 4745 totius

644 4757 748 4806 fore
774 4750 1100 4819 pronuntiant.
1127 4750 1262 4812 Quod
1285 4753 1328 4819 si
1352 4750 1440 4800 nos
1459 4751 1518 4800 ad
1541 4750 1733 4819 illorum
1753 4750 2113 4819 simplicitatem
2135 4768 2212 4804 ac-

644 4811 1005 4866 commodantes
1020 4851 1042 4877 ,ί
1053 4811 1221 4877 neque
1244 4813 1500 4877 quicquam
1521 4813 1586 4877 de
1609 4811 1736 4859 ﬂuxa
1756 4845 1772 4869 ,
1794 4811 2085 4877 ac’mutabili
2108 4827 2215 4864 cor-

644 4891 812 4940 porum
830 4883 997 4927 uatura
1015 4873 1607 4940 disputantes,_dubiumdo
1625 4885 1816 4940 rursum
1835 4874 2208 4940 interrogemus,

642 4934 758 4987 itum
781 4951 876 4999 una
898 4934 1105 4999 sanguis
1116 4935 1202 4986 ille
1223 4934 1381 4984 omnis
1404 4940 1646 4999 resurgat,
1679 4935 1762 4997 qui
1784 4941 1919 4999 secta
1942 4934 2210 4987 identidem

643 5011 768 5048 vena
789 4994 1056 5048 defluxerit
1071 5033 1084 5057 ,
1108 5009 1202 5047 nec
1224 5008 1318 5059 non
1352 5003 1405 5059 et
1427 4994 1518 5059 pili
1536 4994 1723 5053 omnes,
1747 4995 1830 5058 qui
1853 5009 2059 5059 unquam
2079 5001 2207 5049 enati

640 5064 774 5116 sunt,
803 5071 864 5108 an
883 5059 919 5107 ii
939 5059 1199 5120 dumtaxat,
1221 5057 1309 5120 qui
1331 5057 1636 5120 sub'obitunl
1647 5057 1862 5120 nostrum
1878 5057 2208 5120 eﬂlqruerint:

640 5132 980 5182 nonnunquam
1010 5119 1070 5168 ad
1223 5116 1814 5182 questionemolfeudunt
1835 5151 1851 5177 ,
1882 5131 1947 5182 _ac
1967 5117 2078 5169 Deo
2099 5132 2211 5182 pcr-

639 5177 930 5231 mitteudum
954 5192 1066 5229 me
1084 5177 1268 5240 dicunt,
1288 5185 1344 5228 ut
1362 5178 1595 5240 quidquid
1613 5177 1930 5240 voluerit,de
1953 5191 2014 5228 ea
2035 5177 2211 5231 consti-

639 5215 2211 5311 iliifiﬁ't'éﬁtﬁmEéiiﬁlu'i'a'igéiniéﬁtbféﬁéi'iiiiiEGERE

639 5306 1000 5362 resurrecturos
1019 5313 1148 5362 esse
1184 5299 1305 5361 pilos
1340 5307 1564 5362 asserunt
1582 5336 1596 5359 ,
1620 5313 1744 5362 quos
1774 5302 1867 5349 sub
1888 5301 1999 5350 vitte
2019 5304 2210 5353 exitum

635 5361 968 5424 habuerimus.
1001 5360 1066 5410 At
1086 5361 1170 5424 qui
1185 5359 1349 5424 magis
1369 5361 1498 5410 inter
1521 5359 1629 5424 illos
1642 5359 1836 5410 strenui
1859 5369 1988 5424 sunt,
2015 5375 2080 5411 ne
2100 5375 2211 5412 sau-

637 5423 798 5482 guinis
810 5423 991 5482 copiam
1013 5421 1223 5485 onmem,
1243 5421 1325 5484 qui
1345 5434 1408 5469 ex
1426 5422 1707 5483 corporibus
1728 5424 1906 5470 nostris
1919 5421 2210 5485 plerumque

639 5481 861 5544 secretus
882 5490 959 5530 est
975 5517 991 5542 ,
1017 5481 1282 5544 itidemque
1304 5494 1502 5544 carnem
1514 5481 1720 5530 'onmem
1737 5515 1751 5540 ,
1776 5495 1886 5544 qua
1908 5481 1996 5544 per
2016 5481 2211 5536 morbos

640 5541 690 5586 in
725 5539 983 5602 sudorem,
999 5549 1084 5589 aut
1110 5539 1250 5590 aliain
1274 5542 1510 5602 ejusmodi
1532 5543 1778 5590 materiam
1795 5539 1938 5601 'abilt',
1976 5545 2024 5592 in
2060 5559 2210 5594 unum

637 5595 861 5664 conferre
884 5595 971 5646 sua
1001 5603 1214 5649 oratione
1246 5595 1497 5662 cogantur,
1520 5601 1679 5664 qualia
1709 5603 1801 5650 sub
1824 5595 2030 5655 mortem
2054 5607 2208 5657 exsti-

642 5661 806 5714 terint,
829 5669 1092 5719 resurgere
1116 5661 1498 5723 corpora’uostra
1516 5661 1794 5724 pradicant.
1819 5679 1841 5708 ι

1963 245 2200 304 SANC'I‘I
2239 242 2614 303 IIIEBONYMI

2349 362 2691 430 nequissima:
2727 363 2926 434 vipera:
2958 381 3024 422 ac
3072 369 3360 427 mortifera:
3385 372 3578 432 bestiae
3599 379 3949 449 resistendi,

2343 451 2412 504 de
2431 454 2630 522 quibus
2653 455 2932 512 Psalmista
2946 475 3357 529 commemorat,
3385 465 3574 523 dicens
3602 487 3618 524 :
3647 466 3739 526 Ne
3769 483 3950 532 tum

2339 541 2513 633 bestiis
2550 545 2748 599 animus
2791 550 3135 616 conﬁtentium
3184 556 3272 608 tibi
3299 555 3320 627 (
3349 555 3494 612 Paul.
3520 560 3612 615 73.
3641 562 3755 633 l9)
3791 583 3808 618 :
3842 565 3945 630 Et,

2343 630 2564 703 lncrepa
2612 634 2826 690 Domine
2867 639 3051 694 bestias
3095 644 3284 696 calami
3326 645 3496 715 (Psul.
3521 649 3612 702 67.
3659 630 3764 722 3|?)
3794 696 3812 715 ,
3857 660 3942 724 qui

2335 725 2638 780 scribentes
2667 727 2998 796 iniquitatem
3018 773 3034 797 ,
3065 731 3355 802 loquuntur
3399 753 3586 793 contra
3638 742 3936 799 Dominum

2342 816 2697 876 mendacium.
2721 828 2775 871 et
2793 819 3006 874 elevant
3030 821 3082 874 in
3105 827 3374 879 excelsum
3395 841 3456 881 os
3482 843 3676 895 suum;
3699 837 3935 889 conveni

2343 904 2632 967 hominem.
2656 917 2711 962 et
2733 910 3062 966 orationibus
3089 913 3226 982 ejus,
3249 932 3407 985 quam
3428 918 3688 989 decipere
3719 925 3935 980 niteba-

2343 1005 2448 1061 tur,
2475 996 2620 1051 brevi
2648 999 3062 1070 interrogatione
3088 1007 3331 1061 conclusi
3357 1025 3372 1062 :
3401 1010 3484 1080 (tl)
3513 1011 3708 1068 Utrum
3737 1016 3932 1071 crede-

2339 1095 2422 1140 ret
2450 1085 2677 1142 futuram
2705 1093 3153 1148 resurrectionem
3177 1105 3534 1166 mortuorum,
3557 1117 3627 1156 an
3655 1106 3809 1158 non?
3828 1107 3926 1173 Qui

2334 1191 2461 1232 cum
2488 1193 2548 1233 se
2575 1180 2796 1235 credere
2819 1184 3221 1253 respondisset;
3251 1187 3406 1244 intuli
3439 1208 3456 1246 :
3487 1191 3693 1250 Eadem
3736 1214 3923 1254 resur-

2338 1279 2464 1338 gent
2489 1285 2736 1340 corpora,
2764 1288 2829 1327 an
2855 1275 3062 1328 altera?
3089 1274 3220 1332 Cum
3246 1281 3491 1349 dixisset,
3567 1285 3733 1359 717
3827 1307 3921 1345 ω-

2337 1361 2492 1426 dem;
2520 1364 2820 1418 sciscitatus
2846 1380 2963 1419 sum
2991 1383 3008 1421 :
3038 1365 3093 1421 In
3122 1369 3310 1424 eodem
3341 1386 3471 1426 sexu
3493 1415 3507 1436 ,
3537 1391 3606 1430 an
3633 1379 3687 1432 in
3715 1379 3922 1435 altero?

2338 1453 2419 1508 Ad
2448 1454 2768 1524 interrogata
2799 1457 3039 1512 reticenti
3064 1500 3080 1524 ,
3107 1469 3160 1513 et
3192 1461 3359 1516 instar
3383 1464 3592 1519 colubri
3623 1469 3730 1522 huc
3759 1481 3918 1540 atque

2337 1543 2462 1598 illuc
2487 1545 2825 1601 transferenti
2853 1557 3031 1618 caput,
3063 1565 3130 1604 ne
3157 1548 3439 1618 feriretur;
3471 1556 3633 1624 quia,
3664 1559 3914 1628 inquam,

2337 1643 2515 1702 taces,
2543 1652 2644 1708 ego
2673 1637 2800 1692 mihi
2835 1655 2934 1710 pro
2958 1649 3014 1694 te
3046 1643 3415 1711 respondebo,
3444 1655 3498 1700 et
3527 1657 3914 1720 consequentia

2336 1725 2582 1782 inferam.
2629 1728 2686 1783 Si
2737 1745 2842 1784 non
2887 1741 3132 1802 resurget
3175 1736 3385 1801 mulier,
3418 1747 3475 1791 ut
3501 1739 3714 1808 mulier,
3747 1760 3917 1814 neque

2335 1821 2622 1887 masculus,
2649 1830 2708 1876 ut
2735 1824 3026 1890 masculus,
3054 1840 3158 1880 non
3179 1825 3280 1881 erit
3306 1835 3633 1887 resurrectio
3663 1835 3743 1907 (I)
3772 1852 3916 1892 mor-

2334 1919 2578 1975 tuorum;
2608 1914 2730 1982 quia
2769 1928 2928 1969 sexus
2969 1916 3204 1972 membra
3243 1917 3700 1983 habet,rucmbra
3732 1939 3915 1985 autem

2335 2010 2504 2056 totum
2550 2017 2746 2074 corpus
2787 2003 3050 2060 efﬁciunt.
3100 2005 3156 2063 Si
3193 2017 3372 2064 autem
3402 2026 3552 2066 sexus
3579 2023 3634 2069 et
3658 2018 3916 2073 membra

2333 2105 2442 2147 non
2467 2093 2688 2159 fuerint,
2722 2094 2809 2149 ubi
2834 2096 2939 2150 erit
2967 2101 3292 2155 resurrectio
3316 2116 3615 2172 corporum,
3639 2122 3769 2175 qua:
3794 2110 3915 2164 sine

2333 2199 2463 2239 sexu
2491 2201 2596 2239 non
2626 2195 2876 2241 constant
2899 2196 2956 2244 et
2977 2189 3274 2245 membris?
3323 2193 3492 2249 Porro
3533 2197 3577 2250 si
3620 2210 3909 2265 corporum

2333 2295 2439 2334 non
2481 2279 2642 2337 fuerit
2681 2285 3028 2347 resurrectio,
3055 2300 3391 2356 nequaquam
3439 2289 3542 2344 erit
3586 2298 3908 2347 resurrectio

2333 2381 2687 2428 mortuorum.
2720 2374 2827 2429 Sed
2854 2385 2909 2429 et
2935 2375 3060 2430 illud
3091 2377 3232 2446 quod
3259 2377 3327 2432 de
3357 2380 3559 2448 nuptiis
3587 2382 3781 2450 ohjicis
3811 2401 3824 2435 :
3853 2383 3905 2438 Si

2331 2462 2518 2517 eadem
2567 2463 2804 2519 membra
2845 2463 3075 2529 fuerint,
3101 2467 3251 2536 sequi
3283 2470 3527 2538 nuptias;
3556 2487 3586 2524 a
3627 2473 3904 2530 Salvatore

2332 2551 2643 2607 dissolvitur
2670 2552 2882 2610 dicente
2905 2571 2918 2607 :
2943 2551 3144 2610 Erratis
3167 2559 3443 2614 nescientes
3473 2560 3800 2630 Scripturas,
3823 2583 3902 2620 ne-

2331 2661 2426 2713 que
2468 2646 2696 2700 virtutem
2737 2646 2833 2700 Dei
2853 2664 2874 2701 :
2893 2651 2945 2702 in
2976 2652 3343 2706 resurrectione
3381 2655 3519 2707 enim
3559 2665 3901 2722 mortuorum,

2331 2751 2430 2787 non
2458 2735 2666 2800 nubent,
2697 2753 2853 2806 neque
2880 2738 3150 2804 nubentur,
3179 2742 3269 2795 sed
3295 2754 3445 2797 erunt
3473 2746 3671 2800 similes
3693 2749 3904 2818 Angelo-

2330 2841 2442 2878 rum
2493 2823 2706 2896 (Matth.
2748 2827 2840 2882 22.
2866 2828 3098 2903 29.30).
3124 2830 3222 2887 Ubi
3266 2831 3482 2900 dicitur,
3527 2851 3638 2892 non
3685 2841 3901 2904 nubem,

2330 2931 2504 2985 neque
2549 2917 2835 2982 nubentur,
2882 2934 3106 2975 sexuum
3153 2923 3436 2980 diversitas
3483 2926 3898 2985 demonstratur.

2329 3005 2498 3062 Nemo
2521 3009 2662 3063 enim
2691 3008 2758 3065 de
2785 3010 2961 3081 lapide
2987 3021 3044 3066 et
3070 3013 3215 3083 ligno
3241 3013 3404 3080 dicit,
3432 3031 3538 3071 non
3572 3019 3781 3075 nubent
3811 3035 3902 3076 nc-

2328 3112 2433 3167 que
2464 3096 2747 3164 nubentur,
2777 3116 2896 3170 qua:
2943 3111 3183 3157 naturam
3229 3104 3461 3160 nubendi
3512 3123 3622 3164 nou
3667 3108 3899 3165 habent:

2329 3186 2424 3244 sed
2449 3189 2517 3244 de
2545 3189 2628 3244 his
2655 3190 2744 3260 qui
2792 3192 2996 3261 possint
3032 3192 3266 3261 nubere,
3297 3205 3352 3250 et
3394 3197 3563 3264 gratia
3607 3200 3805 3254 Christi
3842 3216 3899 3255 ac

2327 3281 2525 3335 virtute
2555 3296 2660 3337 non
2701 3281 2920 3337 nubant.
2968 3283 3120 3350 Quod
3165 3286 3209 3338 si
3251 3289 3606 3356 opposueris,
3639 3291 3900 3360 quomodo

2326 3383 2454 3440 ergo
2478 3370 2679 3426 erimus
2709 3370 2784 3442 (ο)
2813 3372 3017 3428 similes
3040 3373 3386 3443 Angelorum,
3413 3390 3536 3432 cum
3565 3377 3711 3435 inter
3733 3381 3899 3451 Ange-

2328 3460 2438 3526 los,
2467 3476 2571 3516 non
2599 3461 2670 3517 sit
2698 3463 2966 3518 masculus
2993 3474 3046 3519 et
3077 3463 3312 3519 femina?
3340 3465 3582 3522 Breviter
3627 3471 3895 3526 ausculta:

2325 3551 2442 3606 Non
2474 3554 2820 3609 substantiam
2853 3555 3009 3612 nobis
3037 3557 3386 3627 Angelorum,
3417 3559 3513 3616 sed
3539 3566 3900 3618 conversatio-

2328 3658 2470 3709 nem,
2493 3652 2548 3698 et
2573 3644 2954 3702 beatitudinem
2978 3646 3233 3703 Dominus
3257 3651 3602 3721 repromittit.
3623 3651 3897 3719 Quomodo

2326 3743 2380 3788 et
2407 3733 2638 3789 Joannes
2670 3736 2902 3807 Baptista
2929 3748 3215 3809 antequam
3244 3740 3636 3807 decollaretur,
3667 3744 3894 3815 Angelus

2324 3825 2620 3894 appellatus
2645 3837 2730 3882 est
2757 3827 2919 3896 (Luc.
2943 3831 2996 3885 7.
3021 3829 3089 3884 27
3108 3836 3158 3902 );
3187 3840 3243 3886 et
3267 3847 3456 3886 omnes
3485 3831 3668 3888 Sancti
3696 3848 3760 3888 ac
3784 3835 3892 3888 Vir-

2323 3916 2474 3984 gincs
2504 3916 2626 3982 Dei,
2656 3919 2817 3974 etiam
2871 3921 2925 3974 in
2967 3921 3072 3975 isto
3113 3922 3312 3976 saeculo
3346 3922 3507 3977 vitam
3537 3924 3591 3978 in
3630 3939 3691 3979 se
3719 3927 3890 3994 expri-

2324 4016 2478 4062 munt
2503 4009 2852 4080 Angelorum.
2885 4011 3108 4079 Quando
3131 4013 3275 4069 enim
3303 4013 3495 4070 dicitur
3520 4032 3535 4070 :
3569 4015 3732 4070 Eritis
3759 4017 3892 4072 siuti-

2323 4101 2394 4154 les
2433 4102 2775 4171 Angelorum,
2802 4104 3098 4158 similitudo
3147 4105 3512 4176 promittitur,
3556 4123 3666 4163 non
3709 4117 3890 4164 natura

2321 4200 2574 4247 mutatur.

2391 4282 2482 4337 23.
2524 4284 2797 4354 Simulque
2823 4285 3093 4356 responde
3121 4303 3135 4341 :
3162 4287 3432 4357 quomodo
3459 4288 3590 4344 illud
3628 4289 3885 4360 interpre-

2323 4374 2470 4439 taris,
2488 4375 2629 4444 quod
2651 4375 2886 4430 Thomas
2909 4377 3115 4432 Domini
3152 4380 3480 4447 resurgentis
3507 4377 3576 4452 (ί)
3602 4381 3887 4449 palpata-rit

2381 4509 2458 4570 (d)
2490 4507 2732 4559 Victorius
2772 4508 2984 4559 conclusi
3003 4509 3210 4574 dicens,
3251 4515 3442 4570 utrum,
3482 4518 3578 4561 etc.
3604 4512 3753 4574 Nobis
3783 4526 3884 4574 pro-

2317 4568 2517 4677 iiaretur
2539 4583 2758 4632 quwreus
2775 4605 2790 4630 ,
2812 4579 2897 4620 aut
2927 4571 3042 4632 quid
3075 4569 3233 4620 simile
3257 4585 3272 4630 ;
3298 4574 3386 4621 sed
3418 4568 3645 4622 neutrum
3667 4568 3883 4622 Mssfha-

2354 4645 2414 4677 en
2443 4665 2454 4676 .
3275 4669 3278 4672 .

2354 4638 2454 4679 ent.
3275 4669 3278 4672 .

2382 4693 2452 4750 (ε)
2487 4691 2712 4755 Femiqu
2744 4691 2948 4755 Angelis
2980 4691 3166 4755 similes
3207 4691 3394 4742 futuras
3425 4698 3533 4755 post
3566 4697 3884 4744 resurrectio-

2316 4763 2431 4814 nem
2455 4766 2517 4814 ex
2541 4751 2622 4814 illo
2644 4751 2856 4801 Mattltaéi
2879 4751 2983 4802 loco
2999 4752 3201 4814 Origeui
3227 4756 3381 4803 visum
3398 4751 3493 4813 est,
3519 4763 3569 4804 et
3590 4755 3888 4804 Tertulliam

2316 4809 2393 4876 De
2410 4812 2541 4862 cultu
2558 4812 2840 4876 [culinarum
2857 4827 2961 4876 cap.
2984 4813 3051 4871 2.,
3071 4809 3127 4876 e't
3144 4823 3310 4864 sancto
3326 4809 3508 4865 Hilario
3526 4816 3570 4864 iu
3585 4815 3884 4872 Mattlueutu,

2317 4870 2522 4937 aliisque
2557 4874 2798 4937 Patribus,
2824 4870 2994 4937 qni'in
3033 4870 3258 4925 muliebri
3301 4891 3427 4926 sexu
3459 4882 3759 4925 surrecturas
3793 4870 3881 4925 non

2318 4934 2672 5000 existimarunt.
2696 4934 3126 5000 liancfopiuionem
3148 4939 3290 5000 etiam
3313 4937 3602 5000 Hieronymo
3624 4939 3882 5000 exprobrat

2316 4991 2534 5060 ﬁnitiuus
2558 5009 2621 5045 ex
2646 4996 2798 5060 ipsius
2817 4991 2959 5046 dic'tis
2979 4995 3013 5044 Ι.
3050 4996 3098 5060 5,.
3121 5009 3168 5046 c.
3191 4999 3238 5046 5.
3274 4998 3324 5047 in
3346 4991 3516 5060 Epist:
3537 4997 3596 5060 ad
3628 4991 3878 5060 Ephesios.

2315 5053 2493 5106 Noster
2513 5053 2712 5120 seseab
2735 5069 2794 5120 ea
2816 5066 3006 5120 purgat,
3021 5055 3255 5106 calumnia
3274 5066 3374 5108 lunt
3390 5053 3440 5107 in
3462 5053 3713 5120 Apologia:
3734 5056 3815 5106 lib.
3839 5059 3877 5107 l.

2315 5123 2418 5225 Et:
2441 5130 2559 5168 vero
2580 5119 2729 5169 etiam
2751 5117 2844 5168 hoc
2867 5117 3000 5177 loco,
3022 5130 3174 5180 quem
3201 5117 3555 5170 animadvertas
3575 5117 3774 5176 sedulo,
3797 5132 3878 5168 re-

2377 5239 2451 5302 (f)
2472 5239 2777 5290 Martianteus
2797 5238 3018 5304 tetigerit.
3039 5238 3151 5290 Mss.
3177 5240 3327 5304 nostri
3349 5252 3542 5304 omnes,
3561 5246 3618 5290 et
3630 5239 3876 5304 Viderint,

2314 5307 2370 5349 ut
2393 5299 2716 5365 reposuimus,
2737 5299 2913 5365 quibus
2937 5299 3432 5365 consouat‘Evaugelii
3455 5309 3652 5359 textus,
3677 5309 3730 5350 et
3757 5299 3875 5364 quod

2303 5360 2473 5432 statim
2494 5362 2632 5432 infert
2659 5360 3028 5432 [hei-mgnus
3049 5360 3258 5432 palpatur
3276 5360 3382 5410 sunt
3623 5369 3722 5432 ete:

2376 5423 2448 5486 (ί)
2483 5424 2826 5488 Ambrosianus
2850 5419 3202 5488 Ms.’at_itiquus,
3226 5436 3324 5484 quo
3347 5428 3489 5488 vetus
3507 5420 3666 5488 altera
3690 5422 3743 5471 S.
3766 5419 3874 5488 Hie:

2314 5483 2499 5547 ronymi
2521 5486 2633 5552 Vita
2671 5486 2964 5540 continetur,
2999 5483 3124 5552 hunc
3145 5483 3300 5531 locum
3334 5484 3409 5531 sic
3429 5485 3645 5552 recitat:
3675 5491 3771 5552 non
3794 5483 3874 5528 erit

2315 5543 2604 5608 resurrectio
2625 5557 2876 5608 corporum
2893 5583 2906 5601 ,
2932 5543 3044 5605 quia
3064 5543 3166 5591 sine
3176 5555 3305 5608 sexu
3329 5555 3422 5591 non
3457 5550 3646 5608 constat
3669 5549 3714 5592 et
3737 5554 3873 5590 mem-

2316 5607 2416 5675 bris
2445 5618 2462 5655 :
2484 5618 2631 5669 porro
2708 5603 2980 5675 'corporwn
3000 5616 3092 5653 non
3109 5603 3200 5654 erit
3223 5604 3546 5664 resurrectio,
3578 5613 3872 5672 nequaquam

2315 5667 2411 5722 erit
2433 5667 2718 5717 resurrectio
2739 5673 3045 5717 mortuorum.
