4054 6192
164 294 253 351 901
544 340 546 342 ,
1494 278 1728 338 EI‘ISTO

1857 277 2037 336 CVIII.

176 423 370 470 manus,
387 413 438 460 et
457 401 648 457 viderit
672 401 852 456 lancea
881 400 1017 454 latus
1040 399 1158 468 ejus
1190 398 1516 468 perforatum
1543 399 1724 466 (Joan.

175 497 291 566 20)?
333 497 397 550 Et
425 495 609 548 Petrus
637 492 686 544 in
716 492 889 544 littore
918 499 1144 542 stantem
1174 488 1365 542 viderit
1411 487 1728 550 Dominum,

171 601 219 642 et
266 595 461 656 partem
506 581 611 635 assi
657 580 837 649 piscis,
870 594 932 632 ac
958 577 1132 631 favum
1161 578 1332 631 mellis
1354 576 1730 631 comedentem

168 678 318 744 (Luc.
340 673 466 744 24)?
492 673 588 739 Qui
634 670 826 734 stabat,
858 667 1094 738 proiecto
1143 668 1373 722 habebat
1416 666 1598 735 pedes.
1633 667 1734 732 Qui

168 765 474 821 monstravit
525 763 660 816 latus
705 761 1079 820 vulneratum,
1132 758 1310 826 utique
1355 767 1407 810 et
1455 767 1731 821 ventrem,

165 858 325 927 718
393 863 445 907 et
499 860 680 921 pectus
738 850 941 911 habuit,
994 849 1109 901 sine
1139 849 1330 917 quibus
1363 862 1464 898 non
1500 855 1623 900 sunt
1655 847 1733 898 la.

165 959 270 1001 tera
303 945 472 999 ventri
503 953 556 996 ct
583 942 783 1010 pectori
814 940 1159 994 cohaerentia.
1210 940 1308 1004 Qtti
1359 939 1565 991 locutus
1609 945 1694 991 est
1715 977 1730 999 ,

164 1037 335 1104 lingua
363 1043 416 1088 et
449 1033 623 1101 palato
649 1047 713 1084 ac
741 1032 994 1084 dentibus
1026 1029 1358 1097 loquebatur.
1401 1029 1549 1081 Sicut
1588 1029 1731 1080 enim

165 1125 418 1191 plectrum
446 1121 680 1185 chordis,
712 1122 780 1173 ita
811 1121 986 1188 lingua
1016 1119 1237 1172 illiditur
1263 1117 1531 1181 dentibus,
1555 1125 1610 1170 et
1636 1131 1730 1170 vo-

161 1213 326 1267 calem
371 1211 545 1266 reddit
591 1226 799 1264 sonum.
849 1209 1010 1276 Cujus
1056 1209 1284 1278 palpatae
1333 1219 1458 1260 sunt
1504 1221 1730 1267 manus,

159 1313 552 1372 consequenter
597 1311 652 1356 et
695 1302 908 1354 brachia
957 1301 1158 1354 habuit.
1207 1299 1336 1352 Cum
1370 1299 1527 1366 igitur
1553 1296 1732 1350 omnia

158 1393 396 1447 membra
436 1392 684 1447 habuisse
710 1391 935 1454 dicatur,
970 1405 1186 1443 necesse
1216 1399 1316 1450 est,
1341 1397 1399 1441 ut
1422 1398 1585 1440 totum
1615 1401 1735 1440 cor-

157 1497 257 1550 pus
278 1482 543 1544 habuerit,
561 1481 699 1550 quod
723 1481 1001 1534 conﬁcitur
1022 1495 1086 1534 ex
1112 1479 1395 1533 membris:
1418 1493 1524 1532 non
1554 1478 1733 1546 utique

157 1572 443 1628 femineum
463 1613 480 1636 ,
508 1571 602 1626 sed
629 1571 800 1633 virile,
830 1569 880 1624 id
912 1579 1016 1634 est,
1049 1569 1290 1637 ejusdem
1322 1583 1508 1632 sexus,
1545 1568 1596 1620 in
1627 1581 1734 1636 quo

159 1672 395 1718 mortuus
424 1673 526 1717 εει.
574 1662 726 1728 Quod
775 1663 817 1714 si
856 1661 1168 1715 obtenderis
1198 1676 1212 1712 :
1245 1674 1374 1728 ergo
1403 1668 1457 1712 et
1487 1674 1588 1712 nos
1615 1668 1732 1728 post

158 1751 598 1806 resurrectionem
651 1749 1034 1804 comedemus?
1089 1749 1152 1802 Et
1206 1748 1478 1816 quomodo
1537 1747 1732 1800 clausis

157 1847 424 1912 ingressus
468 1851 552 1896 est
593 1841 770 1909 januis
790 1881 805 1903 ,
845 1847 1031 1894 contra
1064 1849 1307 1892 naturam
1338 1838 1610 1907 pinguium
1631 1876 1647 1901 ,
1679 1844 1734 1890 ct

157 1933 443 1988 solidorum
489 1945 774 2000 corporum
794 1931 817 1978 ?
860 1929 1060 1983 Audies
1090 1946 1103 1982 :
1133 1927 1248 1982 Noli
1281 1938 1498 1996 propter
1527 1927 1728 1989 cibum,

157 2022 564 2079 resurrectionis
609 2021 767 2074 Iidem
799 2021 850 2074 iu
880 2020 1199 2074 calumniam
1234 2019 1470 2072 trahere.
1517 2016 1648 2070 Nam
1679 2025 1733 2069 et

155 2112 572 2184 Archisynagogi
627 2111 749 2165 ﬁliae
803 2113 1128 2165 resuscitatae
1178 2109 1341 2178 jussit
1389 2109 1564 2163 cibum
1617 2107 1729 2161 dari

154 2203 346 2272 (Marc.
384 2203 438 2258 5.
479 2202 612 2264 45).
646 2201 710 2254 Et
750 2199 982 2254 Lazarus
1028 2199 1416 2269 qualriduanus
1467 2207 1728 2262 mortuus,

151 2309 272 2348 eum
301 2295 418 2362 ipso
444 2291 698 2346 scribitur
723 2291 886 2344 inisse
908 2290 1210 2345 convivium
1239 2288 1417 2362 (Joan.
1447 2290 1531 2343 I2.
1558 2291 1638 2359 2),
1666 2305 1732 2345 ne

151 2383 475 2438 resurrectio
505 2395 693 2434 eorum
723 2384 1035 2449 phantasma
1083 2379 1378 2448 putaretur.
1428 2381 1520 2433 Sin
1551 2390 1729 2433 autem

150 2475 344 2530 clausis
384 2473 659 2543 ingressus
699 2483 782 2526 est
821 2471 1022 2541 januis,
1055 2480 1112 2526 et
1143 2471 1342 2525 idcirco
1373 2472 1648 2540 spirituale
1677 2482 1732 2525 et

150 2581 366 2622 aereum
396 2580 596 2634 corpus
623 2564 810 2618 niteris
841 2563 1140 2632 approbare
1163 2581 1177 2620 :
1205 2578 1337 2632 ergo
1363 2573 1416 2617 et
1445 2575 1728 2632 antequam

155 2667 442 2725 pateretur,
475 2656 600 2726 quia
628 2665 811 2709 contra
843 2665 1084 2708 naturam
1113 2656 1416 2724 graviorum
1443 2669 1727 2721 corporum

152 2764 310 2816 super
340 2762 490 2802 mare
531 2746 853 2808 ambulavit,
889 2745 1164 2812 Spirituale
1193 2760 1393 2814 corpus
1424 2745 1626 2798 habuit.
1665 2745 1732 2798 Et

152 2839 440 2907 Apostolus
487 2837 679 2891 Petrus
702 2878 715 2900 ,
739 2837 824 2905 qui
857 2846 908 2890 et
941 2837 1054 2904 ipse
1095 2852 1256 2905 super
1290 2852 1456 2906 aquas
1498 2837 1730 2906 pendulo

152 2931 367 2982 incessit
390 2929 592 2998 gradu,
621 2929 897 2996 spirituale
923 2942 1116 2996 corpus
1149 2928 1400 2983 habuisse
1424 2929 1725 2986 credendus

147 3028 264 3087 est,
293 3035 416 3078 cuin
457 3018 690 3093 putentia
725 3019 891 3090 magis
941 3027 994 3075 et
1039 3018 1205 3074 \‘it'ltts
1248 3019 1563 3076 ostendatur
1597 3019 1686 3076 Dei
1711 3060 1727 3088 ,

146 3115 362 3182 quando
396 3115 454 3167 Iit
492 3113 690 3181 aliquid
736 3121 921 3166 contra
966 3122 1230 3164 naturam.
1277 3113 1341 3166 Et
1390 3124 1443 3166 ιιι
1492 3115 1632 3167 scias
1677 3115 1728 3166 in

148 3207 422 3272 signorum
454 3203 836 3270 magnitudine.
869 3217 973 3254 non
1003 3211 1206 3254 natur:e
1229 3204 1602 3264 mutationem,
1635 3203 1728 3257 sed

151 3297 241 3348 Dei
263 3294 710 3363 omnipotentiam
733 3293 1087 3347 demonstrari
1113 3311 1125 3346 :
1153 3293 1250 3359 Qui
1273 3293 1578 3346 ambulabat
1606 3294 1725 3357 ﬁde,

146 3386 312 3452 ('(Bpil
333 3382 646 3436 inﬁdelitate
669 3383 855 3450 mergi,
881 3381 982 3434 nisi
1007 3397 1127 3434 eum
1161 3397 1349 3434 manus
1372 3382 1577 3436 Domini
1605 3386 1733 3435 sub-

147 3475 377 3529 levasset
405 3514 421 3536 ,
477 3473 701 3526 dicentis
752 3491 764 3528 :
813 3471 1032 3526 Modica:
1083 3472 1239 3537 fidei,
1289 3489 1444 3542 quare
1494 3473 1733 3528 dubitasti

150 3564 361 3627 (Matth.
395 3563 486 3617 Η.
512 3563 639 3630 3|)?
670 3563 830 3614 Miror
874 3571 1050 3615 autem
1101 3572 1153 3614 te
1197 3563 1460 3616 obdurare
1503 3562 1728 3616 frontem

150 3654 400 3722 loquente
429 3653 691 3706 Domino:
720 3649 864 3718 Infer
904 3651 1119 3720 digitum
1164 3661 1304 3704 tuum
1345 3652 1444 3705 lmc
1466 3692 1479 3714 ,
1511 3663 1556 3704 et
1584 3663 1733 3722 tange

151 3760 330 3796 manus
358 3759 497 3795 meas
521 3758 540 3795 :
562 3750 605 3793 et
632 3742 833 3811 porrige
861 3757 1068 3793 manuni
1097 3752 1257 3802 tuum,
1290 3751 1336 3794 et
1360 3743 1500 3795 mitte
1519 3743 1570 3795 in
1598 3743 1732 3796 latus

153 3852 315 3886 meum
337 3877 350 3896 ,
385 3846 432 3887 et
461 3834 566 3886 noli
592 3849 697 3886 esse
727 3833 1047 3898 incredulus,
1074 3833 1162 3885 sed
1201 3833 1372 3901 ﬁdelis
1402 3833 1595 3903 (Joan.
1635 3834 1728 3887 20.

150 3924 262 3991 27).
296 3925 362 3978 Et
389 3924 515 3976 alibi
543 3938 556 3974 :
593 3921 764 3974 Videte
793 3938 971 3973 manus
1003 3939 1156 3980 meas,
1179 3931 1224 3973 et
1254 3922 1408 3990 pedes
1435 3939 1589 3986 meos,
1614 3924 1733 3992 quia

149 4016 255 4082 ipse
281 4032 374 4085 ego
401 4029 534 4067 smn.
571 4011 791 4080 Palpate
812 4021 858 4063 et
886 4011 1063 4072 videte,
1087 4012 1203 4078 quia
1230 4013 1435 4077 spiritus
1457 4029 1659 4064 carnem
1688 4023 1733 4065 et

149 4120 263 4157 ossa
291 4121 394 4156 non
423 4103 605 4163 habet,
645 4103 776 4154 sicut
816 4117 894 4153 me
937 4101 1113 4152 videtis
1155 4100 1359 4170 habere.
1402 4100 1466 4153 Et
1496 4117 1609 4153 cum
1639 4103 1734 4154 hoc

149 4195 383 4256 dixisset,
417 4191 632 4245 ostendit
662 4192 731 4243 eis
759 4190 832 4260 (η)
862 4206 1038 4243 manus
1063 4200 1109 4243 et
1139 4191 1289 4259 pedes
1323 4190 1471 4256 (Luc.
1511 4193 1602 4246 24.
1641 4193 1730 4247 54.

151 4298 194 4336 t’l
221 4286 335 4352 40).
367 4284 502 4338 Ossa
535 4283 687 4336 audis
707 4323 722 4348 ,
750 4293 802 4336 et
828 4297 1078 4347 carnem,
1105 4293 1159 4336 et
1186 4284 1387 4352 pedes,
1419 4294 1472 4337 et
1501 4300 1690 4340 manus
1714 4303 1730 4351 ;

109 4373 206 4426 "et
253 4375 446 4443 globos
504 4373 628 4426 mihi
680 4374 1016 4436 Stoicorum,
1119 4375 1280 4446 719
1374 4385 1534 4446 atque
1591 4378 1735 4433 aeria

153 4466 393 4531 quardam
426 4465 775 4519 deliramenta
799 4464 1078 4533 conlingis.

223 4555 312 4608 24.
357 4556 527 4609 Porro
558 4555 600 4607 si
627 4555 856 4624 qumris,
887 4571 984 4608 cur
1011 4557 1184 4610 infans
1213 4574 1242 4610 a
1272 4557 1520 4615 daamone
1558 4563 1734 4620 corri-

158 4645 348 4712 piatur,
381 4646 474 4712 qui
511 4653 722 4713 peccata
756 4661 858 4698 non
893 4647 1071 4698 habuit
1097 4665 1110 4700 :
1140 4657 1233 4701 aut
1259 4648 1312 4702 in
1339 4666 1442 4718 qua
1469 4661 1627 4708 actate
1648 4669 1737 4708 re-

155 4737 446 4790 surrecturi
480 4737 645 4787 simus
666 4775 680 4797 ,
713 4750 834 4789 cum
874 4735 1083 4790 diversa
1115 4749 1272 4792 :etate
1302 4742 1613 4802 moriamur.
1647 4744 1732 4797 in-

159 4827 323 4893 gratis
365 4825 625 4890 suscipies
667 4824 760 4895 [al.
800 4824 1061 4896 suspicies]
1088 4844 1100 4880 :
1126 4827 1336 4882 Indicia
1381 4829 1476 4884 Dei
1521 4832 1733 4902 abyssus

155 4914 320 4968 multa
351 4911 471 4978 (Ps.
497 4913 582 4967 55.
617 4914 694 4980 7).
729 4913 830 4970 Et:
861 4913 932 4983 (ὁ)
962 4912 1007 4976 0
1049 4917 1264 4968 altitudo
1313 4919 1602 4976 divitiarum
1644 4940 1733 4976 sa-

154 5001 360 5070 pientia:
386 5010 437 5053 et
469 5002 686 5054 scientia:
712 5001 826 5068 Dei,
854 5018 1002 5073 quam
1027 5004 1374 5062 inscrutabilia
1403 5020 1516 5061 sunt
1531 5011 1733 5078 judicia

214 5134 290 5194 (α)
323 5131 529 5191 Quidam
552 5132 666 5182 Mss.
690 5145 884 5199 manus,
909 5142 955 5199 et
987 5136 1136 5199 latus,
1164 5152 1250 5199 pro
1273 5142 1433 5199 pedes,
1458 5149 1511 5190 ut
1537 5141 1736 5194 Graecus

151 5208 348 5264 quoque
373 5207 439 5243 ui.
460 5209 543 5264 τφῡς
565 5202 695 5264 τάξας.
719 5194 891 5264 Confer
908 5197 978 5264 de
997 5194 1465 5264 Stoicorum'globis,
1489 5216 1612 5264 quos
1633 5211 1733 5252 sta-

154 5259 533 5327 tim‘memorat,
550 5256 720 5327 βρέμει.
864 5257 923 5304 ad
946 5256 1319 5327 Ctesiphonte"?
1339 5277 1393 5327 ιι.
1420 5256 1466 5310 5.
1491 5256 1571 5327 tibi
1596 5274 1733 5327 ἀψῖδας

160 5318 372 5364 Platonis
397 5316 583 5365 irridet.
609 5316 941 5366 Tertullianus
962 5318 1026 5366 de
1048 5316 1207 5369 anima
1237 5331 1289 5370 In
1311 5322 1488 5373 aethere
1510 5316 1735 5375 dominio

153 5384 317 5447 nostra
348 5378 714 5447 cum‘t’latone,
745 5385 834 5447 aut
861 5378 995 5428 circa
1019 5388 1198 5447 Lunam
1233 5396 1341 5432 cum
1366 5385 1735 5447 Eudymionibus

153 5437 439 5484 stoicorum.
465 5437 588 5487 Vide
613 5439 759 5487 etiam
784 5438 1069 5492 Ciceronem
1090 5442 1135 5492 I.
1161 5443 1306 5492 Tusc.

585 5512 615 5549 ο
633 5498 939 5574 profundunt
949 5513 1034 5574 pro
1056 5500 1277 5574 altitudo,
1301 5517 1412 5568 qute
1436 5508 1562 5574 prior
1587 5506 1735 5574 lectio

153 5555 470 5632 frequentior,
484 5555 778 5632 Hieronjp'io
797 5569 895 5632 est.
922 5555 999 5609 De
1018 5568 1254 5632 sequenti
1266 5555 1734 5632 "vocejnvestt'gabi;

154 5617 332 5728 mimo
355 5617 758 5686 ininvestigabiles
779 5621 995 5671 diximus
1018 5624 1064 5670 in
1088 5617 1184 5673 line
1211 5627 1354 5688 epist.
1373 5628 1450 5676 78.
1477 5627 1536 5676 ad
1563 5617 1732 5678 Fabio-

231 5695 264 5728 ἱ.

555 5764 616 5829 S.
663 5766 1033 5831 Htenoavm
1078 5770 1127 5832 ῐ.

3306 291 3411 350 90‘!

1838 396 1966 459 eius,
1992 404 2038 448 et
2063 395 2429 464 investigabiles
2450 397 2541 450 via:
2561 399 2688 468 ejus.
2725 397 2847 462 Quis
2877 401 3006 454 enim
3029 404 3260 472 cognovit
3285 421 3403 460 sen-

1837 501 1948 536 sum
1983 483 2185 537 Dominl
2210 500 2228 536 :
2247 495 2334 538 aut
2359 486 2470 556 quis
2499 487 2820 542 consiliarius
2847 490 2954 558 ejus
2984 493 3081 559 fuit
3112 494 3286 561 (Rom.
3319 498 3412 553 II.

1838 574 1908 628 55
1931 583 1980 627 et
2003 575 2132 644 '54)?
2158 574 2400 630 JEtatum
2428 587 2603 630 autem
2632 577 2921 633 diversitas
2964 595 3069 634 non
3101 593 3269 638 mutat
3289 601 3412 642 cor-

1840 678 2027 731 porum
2058 665 2358 719 veritatem.
2388 666 2520 721 Cum
2547 669 2687 721 enim
2715 683 2938 738 corpora
2964 672 3200 739 quotidie
3226 686 3408 732 nostra

1839 753 2024 814 Iluant.
2053 763 2108 808 et
2131 764 2222 808 aut
2248 765 2490 810 crescant
2509 797 2523 818 ,
2549 767 2640 810 aut
2665 758 2982 814 decrescant
3006 777 3019 812 :
3046 776 3174 831 ergo
3203 771 3280 816 tot
3307 767 3414 820 eri-

1839 860 1956 899 mus
1983 844 2258 908 homines.
2283 855 2411 916 quot
2443 848 2676 915 quotidie
2703 855 3129 906 commutamur?
3157 866 3250 909 aut
3277 857 3414 912 alius

1839 934 1911 988 I‘ui
1930 976 1944 998 .
1975 951 2095 990 cum
2126 935 2312 990 decem
2341 951 2604 991 annorum
2637 954 2832 1002 essmu,
2859 942 2994 996 alius
3021 957 3142 997 cum
3173 945 3411 1014 triginta,

1837 1024 1973 1077 alius
2000 1039 2119 1078 cum
2152 1025 2551 1094 quinquaginta,
2577 1025 2712 1080 alius
2737 1041 2859 1081 cum
2881 1027 2994 1097 jam
3025 1039 3138 1084 toto
3165 1046 3300 1087 cano
3324 1050 3416 1088 ca-

1839 1114 1945 1182 pite
1973 1115 2128 1168 sum?
2162 1114 2323 1184 Igitur
2362 1113 2512 1182 juxta
2559 1115 2917 1170 Ecclesiarnm
2965 1119 3318 1186 traditiones,
3359 1135 3416 1178 ct

1838 1203 2148 1272 Apostolum
2194 1203 2432 1265 Paulum,
2460 1203 2588 1256 illud
2637 1213 2721 1258 est
2769 1207 3198 1274 respondendum
3229 1231 3242 1264 :
3269 1212 3414 1280 quod

1839 1293 1889 1346 in
1917 1295 2084 1347 virum
2111 1293 2404 1363 perlectum
2431 1335 2446 1360 ,
2479 1304 2532 1348 et
2563 1295 2613 1348 itt
2644 1309 2950 1350 mensuram
2976 1299 3147 1354 a:tatis
3175 1300 3413 1369 plenitu-

1837 1384 1977 1438 dinis
2013 1385 2208 1439 Christi
2259 1387 2615 1440 resurrecturi
2644 1402 2829 1441 sumus
2860 1389 3075 1458 (Ep/tes.
3097 1391 3132 1445 4
3153 1392 3194 1460 ),
3228 1393 3279 1446 in
3306 1409 3412 1464 qua
3482 1407 3488 1419 ‘

1837 1483 1892 1527 et
1914 1475 2084 1528 Adam
2109 1475 2275 1530 .Iuoaei
2305 1476 2377 1546 (c)
2405 1477 2679 1531 conditum
2713 1489 2990 1533 autumant
3009 1497 3023 1533 :
3043 1490 3096 1535 et
3126 1481 3411 1541 Domimun

1837 1565 2159 1644 Salvatorcm
2200 1567 2424 1635 legimus
2462 1568 2760 1622 surrexisse
2782 1609 2798 1633 ,
2838 1579 2894 1624 et
2923 1573 3086 1626 multa
3125 1573 3224 1627 alia
3248 1614 3264 1638 ,
3294 1591 3414 1644 qum.

1836 1658 1905 1712 de
1953 1643 2177 1728 utroque
2222 1658 2566 1713 Testamento
2613 1660 2666 1714 in
2719 1659 3121 1718 suIl‘ocationem
3174 1665 3414 1722 hmretici

1838 1747 2052 1814 protuli.
3124 1820 3126 1822 ν

1904 1835 1995 1891 25.
2038 1837 2110 1891 Ex
2142 1851 2248 1906 quo
2288 1836 2376 1892 die
2422 1838 2490 1891 ita
2527 1839 2694 1908 ctepit
2736 1839 3006 1896 hominem
3038 1843 3328 1910 detestari,
3361 1859 3417 1904 et

1836 1942 2024 1982 omnes
2052 1929 2140 1998 qui
2171 1928 2410 1994 ejusdem
2441 1929 2706 2000 dogmatis
2734 1942 2888 1986 erant
2907 1974 2922 1998 ,
2946 1943 3000 1987 ut
3031 1950 3128 1989 eos
3153 1952 3286 1992 voce
3317 1955 3416 2008 pu-

1837 2017 1971 2071 δΙοριι
1993 2059 2008 2080 ,
2038 2015 2220 2073 hostes
2249 2019 2459 2072 Domini
2490 2020 2862 2087 proclamaret.
2896 2023 2960 2077 Et
2986 2025 3099 2079 hinc
3125 2025 3232 2082 disi
3258 2070 3273 2091 ,
3308 2047 3414 2085 non

1837 2119 1890 2159 ιιι
1919 2106 2152 2160 breviter
2177 2106 2424 2160 heresim
2457 2107 2790 2163 conI'utarem
2813 2151 2826 2170 .
2857 2111 2939 2164 cui
2974 2114 3152 2167 multis
3183 2117 3412 2173 volumi—

1837 2195 1993 2249 nibus
2042 2195 2470 2262 respontlendutu
2514 2206 2598 2250 est
2637 2194 2739 2268 [aL
2769 2199 2962 2271 esset],
3011 2202 3105 2256 sed
3152 2215 3208 2257 Ill.
3254 2207 3414 2264 Iidem

1838 2294 1998 2339 tanta:
2042 2287 2250 2340 femina:
2280 2287 2656 2352 ostenderem,
2701 2303 2820 2351 quas
2865 2307 3062 2348 uttwrr
3110 2295 3416 2356 inimicitias

1840 2374 2110 2432 hominum
2132 2377 2308 2430 subire
2340 2387 2644 2446 perpetuas,
2686 2395 2842 2451 quam
2869 2381 2958 2437 Dei
2981 2384 3258 2453 oﬂ‘ensam,
3282 2365 3423 2446 ami—I

1835 2467 1974 2522 eitiis
2005 2466 2178 2520 noxiis
2207 2481 2518 2536 provocare.

1905 2559 1996 2617 26.
2039 2559 2216 2614 Dicam
2261 2574 2390 2629 ergo
2433 2571 2488 2613 ut
2530 2575 2836 2630 cmperam,
2879 2563 3009 2619 nihil
3056 2564 3268 2635 ingenio
3298 2568 3416 2637 ejus

1837 2647 2067 2703 docilitts
2095 2648 2212 2702 fuit.
2239 2647 2413 2702 Tarda
2442 2659 2557 2703 erat
2585 2650 2648 2703 ad
2675 2650 3021 2721 loquendum,
3049 2657 3201 2711 velox
3228 2657 3293 2710 ad
3323 2672 3418 2710 an-

1835 2741 2087 2796 diendum
2125 2739 2261 2810 (Jac.
2290 2742 2340 2795 l.
2369 2741 2436 2795 I9
2460 2743 2478 2809 )
2507 2759 2518 2794 :
2544 2757 2753 2800 memor
2783 2743 2925 2796 illius
2953 2747 3198 2814 praecepti
3233 2765 3246 2800 :
3281 2749 3418 2802 Audi

1837 2832 2023 2895 Israel,
2051 2842 2096 2885 et
2125 2843 2233 2885 tace
2259 2831 2485 2902 (Denter.
2511 2832 2602 2886 27.
2631 2832 2687 2889 9.
2719 2834 2928 2886 secund.
2955 2833 3149 2906 LXX).
3173 2836 3414 2910 script"-

1838 2938 1928 2976 ras
1955 2931 2168 2976 sanctas
2197 2923 2408 2976 tenebat
2435 2926 2775 2990 memoriter;
2804 2937 2856 2981 et
2880 2942 2998 2982 cum
3018 2943 3226 2986 amaret
3253 2935 3418 2988 histo-

1835 3013 2003 3080 riam,
2033 3024 2085 3070 ct
2118 3013 2216 3069 hoc
2246 3013 2486 3069 veritatis
2528 3016 2733 3070 diceret
2778 3017 3214 3086 fundamentum;
3249 3026 3417 3093 magis

1838 3116 2014 3164 tamen
2041 3109 2366 3178 sequebatur
2396 3108 2800 3178 intelligentiam
2834 3111 3166 3179 Spiritualem
3195 3131 3207 3166 :
3232 3123 3287 3168 et
3317 3116 3418 3171 hoc

1837 3198 2066 3251 culmine
2099 3197 2508 3251 a-diﬁcationem
2556 3185 2746 3251 anima:
2795 3201 3126 3269 protegebat.
3175 3203 3418 3272 Denique

1837 3289 1998 3360 720
2069 3287 2323 3354 compulit
2381 3296 2592 3340 tnezut
2649 3299 2801 3342 vetus
2853 3298 2907 3342 et
2947 3307 3140 3344 novum
3202 3292 3416 3348 instrtt;

1839 3389 2103 3439 menuun,
2130 3393 2250 3431 cum
2286 3378 2408 3439 lilia.
2441 3392 2525 3431 me
2555 3377 2881 3457 disserente,
2905 3381 3232 3451 perlegeret.
3265 3383 3419 3451 Quod

1839 3480 2056 3539 propter
2102 3469 2478 3522 verecundiam
2522 3485 2761 3539 negans,
2794 3481 3012 3540 prtipler
3047 3474 3416 3534 assiduitatem

1839 3573 2018 3616 tamen
2049 3572 2104 3616 et
2128 3561 2344 3618 crebras
2371 3563 2758 3630 postulationes
2793 3563 2907 3632 ejus
2940 3567 3161 3633 prteSIiti
3183 3608 3199 3634 ,
3231 3578 3287 3622 ut
3314 3569 3414 3622 do-

1836 3671 2014 3710 eoi-cm
2041 3654 2182 3724 quod
2210 3653 2502 3710 didiceram
2539 3672 2552 3705 :
2587 3670 2692 3709 non
2721 3670 2748 3706 τι
2779 3657 3005 3724 meipso,
3039 3657 3088 3710 id
3117 3667 3199 3712 est
3224 3675 3250 3710 a
3280 3675 3420 3729 pne-

1837 3745 2139 3814 sumptionc
2163 3783 2180 3807 ,
2223 3743 2459 3810 pessimo
2506 3753 2835 3809 prmceptore
2854 3784 2870 3805 ,
2903 3745 2996 3796 sed
3026 3744 3094 3795 ab
3124 3745 3419 3804 illustribus

1840 3834 2094 3888 Ecclesiae
2123 3832 2269 3884 viris.
2300 3830 2387 3884 Sic
2419 3830 2506 3884 ubi
2540 3829 2873 3894 haesitabam,
2902 3840 2954 3882 et
2985 3833 3193 3886 nescire
3222 3849 3308 3886 me
3338 3837 3420 3888 in-

1837 3937 2008 3991 genue
2037 3919 2356 3978 conﬁtebar,
2381 3932 2712 3984 nequaquam
2737 3917 2862 3968 mihi
2890 3917 3056 3971 voluit
3082 3918 3175 3990 [ιιι.
3195 3922 3415 3994 volebat]

1838 4011 2215 4079 acquiescere;
2262 4006 2355 4060 sed
2397 4006 2507 4075 jugi
2549 4005 2967 4076 interrogatione
3011 4011 3270 4079 cogebat,
3303 4024 3360 4068 ut
3387 4031 3420 4070 e

1840 4098 2020 4152 multis
2048 4097 2320 4164 variisque
2345 4095 2628 4150 sententiis
2646 4136 2661 4160 ,
2689 4111 2808 4168 qua:
2835 4097 2964 4153 mihi
2992 4100 3266 4156 videretur
3297 4120 3419 4173 pro-

1839 4185 2088 4251 babilior,
2123 4183 2435 4241 indicarem.
2491 4185 2705 4254 Loquar
2726 4196 2776 4240 et
2807 4187 2950 4242 aliud
2972 4230 2988 4253 ,
3017 4191 3158 4257 quod
3193 4192 3412 4248 forsitan

1839 4275 2050 4330 temulis
2065 4275 2308 4328 videatur
2330 4273 2660 4330 incredibile.
2678 4276 2956 4334 Ilebraeam
2979 4280 3235 4352 linguam,
3255 4300 3413 4355 quam

1845 4381 1947 4436 ego
1975 4366 2041 4422 ab
2071 4364 2431 4418 adolescentia
2460 4366 2628 4420 nmlto
2659 4367 2842 4424 labore
2867 4385 2930 4424 ac
2953 4372 3150 4428 sudore
3171 4390 3238 4428 ex
3269 4386 3420 4444 parte

1841 4455 2028 4518 didici,
2051 4463 2106 4508 et
2138 4452 2448 4524 infatigabili
2473 4455 2821 4513 meditatione
2846 4475 2952 4514 non
2981 4461 3196 4527 desero,
3216 4480 3281 4519 ne
3305 4465 3419 4535 ipse

1839 4547 1908 4600 ab
1935 4561 1995 4600 ea
2021 4545 2260 4609 deserar,
2287 4545 2498 4602 discere
2521 4547 2725 4613 voluit,
2756 4557 2812 4604 et
2858 4563 3144 4608 consecuta
3191 4565 3275 4609 est
3300 4574 3312 4609 :
3343 4558 3413 4615 ita

1840 4650 1897 4694 ut
1925 4639 2167 4693 Psalmos
2206 4637 2457 4695 hebraice
2481 4652 2727 4701 caneret.
2770 4643 2847 4712 (ά)
2877 4653 2932 4697 et
2957 4658 3261 4699 sermonem
3293 4647 3417 4702 abs.

1840 4746 1944 4801 que
1972 4729 2076 4788 ulla
2119 4729 2296 4784 latium
2325 4730 2517 4798 lingua:
2545 4733 2870 4802 proprietate
2896 4743 3230 4802 personaret.
3255 4736 3408 4809 Quod

1839 4819 2052 4892 quidem
2097 4833 2267 4890 usque
2313 4819 2473 4874 hodie
2515 4821 2566 4875 in
2612 4832 2794 4874 sancta
2835 4820 2937 4875 ﬁlia
2969 4823 3085 4892 ejus
3125 4824 3416 4882 Eustochio

1906 4972 1977 5034 (c)
2009 4971 2273 5034 Videndus
2297 4969 2480 5034 aridras
2506 4971 2738 5031 Theillim,
2763 4973 2891 5022 Psal.
2914 4973 3058 5026 XCII.
3084 4984 3136 5026 et
3157 4974 3305 5028 Liber
3327 4989 3416 5031 Coo
3499 4988 3515 5003 ⁶

1837 5029 2077 5102 SrijP'arte
2093 5031 2141 5102 .¹·
2163 5045 2276 5102 sap:
2300 5029 2440 5082 Χον·
2454 5038 2601 5102 atque
2623 5029 2824 5102 εέίίνζίιὲιί
2848 5044 3012 5086 “me”
3031 5038 3283 5102 άθ-Ᾱδθωί
3305 5029 3419 5091 οόδ’

1838 5095 2022 5142 ditione
2045 5089 2310 5153 fabulis’de
2342 5104 2479 5153 more
2491 5089 2824 5153 ineptissiniis
2852 5104 3058 5146 scatent.
3086 5089 3420 5153 Conferendus

1839 5165 2038 5216 quoque
2061 5152 2362 5216 Augustinus
2391 5151 2456 5216 de
2480 5151 2662 5216 Genes.
2683 5155 2757 5216 Aad
2780 5154 2990 5216 litteram
3009 5172 3060 5207 ιε.
3090 5157 3220 5211 XIII.
3247 5151 3416 5213 etﬁse-é

1839 5210 2132 5283 quentibus.
2147 5210 2268 5259 Nam
2289 5210 2430 5283 Rauli
2452 5212 2782 5283 testimonium
2801 5215 2943 5283 alteri
2966 5219 3111 5283 aliter
3135 5210 3415 5283 explicant;

1841 5271 1894 5341 ἐς
1913 5272 2198 5344 Αωιηίοδίυθ
2218 5271 2443 5344 qli-idcm.’
2470 5280 2563 5344 Nc.”
2585 5275 2710 5325 enim
2730 5310 2744 5332 ν
2772 5277 2932 5344 ί¹¹ίῖ¹¹ίι,
2944 5271 3221 5344 Perfectum
3249 5271 3415 5334 dicens

1841 5291 1894 5341 et
1913 5291 2198 5320 amittamus
2218 5291 2414 5340 qutucm
2429 5306 2443 5329 ,
2470 5291 2563 5321 nec
2585 5291 2710 5325 etum
2730 5310 2744 5332 ,
2772 5291 2926 5344 lltqutl
3019 5291 3061 5341 rt

1840 5345 2016 5388 summ,
2038 5329 2293 5402 temporali
2315 5337 2474 5402 (atate.
2495 5339 2541 5382 et
2562 5346 2786 5384 mensura
2807 5291 3061 5448 signifﬁu.

1902 5393 1979 5448 (ά)
2013 5393 2190 5440 besem
2211 5404 2270 5439 an
2298 5406 2458 5440 verius
2482 5393 2661 5445 habent
2681 5397 2872 5448 quidam
2895 5399 2921 5447 Β
2942 5414 3004 5448 ss.
3037 5417 3061 5448 ιι

1902 5393 1979 5454 (d)
2013 5393 2190 5440 Nescio
2211 5404 2270 5461 a_n
2298 5393 2458 5440 verius
2482 5393 2661 5445 habent
2681 5393 2872 5457 quidam
2895 5393 3004 5450 Mss.
3037 5415 3189 5461 penes
3229 5403 3415 5454 Bollan.

1840 5453 1956 5524 dum
1979 5465 2194 5524 quoque,
2215 5459 2535 5524 grwcumque
2555 5453 2818 5524 sermonem
2834 5495 2847 5518 ,
2875 5467 2972 5524 etc.
2999 5453 3076 5511 De
3099 5462 3309 5513 Hebr-aro
3330 5453 3414 5514 au.

1842 5521 1943 5584 tem
1981 5510 2691 5584 ideni_multo_atttoa;_testattts
2712 5528 2817 5584 erat
2835 5510 2994 5584 'epist.
3019 5524 3100 5584 5t).
3123 5510 3200 5574 ad"
3219 5510 3413 5584 Paulam

1840 5573 1965 5647 hanc
1989 5574 2336 5647 eannid‘fm,"ubi
2359 5573 2424 5621 de
2445 5573 2671 5647 Dltesilla,
2692 5585 2780 5647 Ita,
2794 5573 2976 5647 inquit,
3000 5573 3214 5647 Hebra’te
3236 5573 3413 5647 (iugum

1841 5633 2020 5709 ﬁgeret
2043 5631 2382 5709 νςιῑηίρέιιιιίιςδ.
2403 5641 2471 5709 ut
2502 5634 2562 5709 in.
2583 5631 2824 5709 discendis
2859 5631 3413 5709 asseuerauit};

1843 5707 1952 5746 cum
1970 5693 2130 5748 matre
2147 5693 2339 5757 (Paula)
2360 5698 2679 5750 contenderet.

2525 5779 2988 5867 {I't’izgt—tteitf;

3398 5859 3432 5876 οδ
