4054 6192
244 263 369 322 909

249 393 519 439 nostrum
574 384 818 455 gaudium
857 383 1188 436 verteretur?
1224 379 1355 434 Nam
1395 378 1533 447 quod
1579 376 1710 432 dicis
1748 389 1868 428 eum

250 475 483 543 vigilias
502 475 775 534 execrari,
799 473 923 527 facit
943 481 997 526 et
1021 472 1125 526 hoc
1147 482 1329 526 contra
1350 469 1664 523 vocabulum
1687 481 1864 532 suum,

257 573 324 618 ut
342 554 490 621 velit
516 566 753 620 dormire
777 565 1106 634 Vigilantius,
1131 572 1184 617 et
1209 579 1313 617 non
1336 562 1514 616 audiat
1537 561 1864 615 Salvatorem

257 655 551 710 dicentem
583 673 596 709 :
625 656 714 709 Sic
739 672 838 708 non
867 656 1098 724 potuistis
1125 670 1229 706 una
1257 655 1383 706 hora
1405 653 1610 722 vigilare
1635 651 1868 703 mecum?

267 744 512 814 Vigilate
533 755 578 799 et
594 756 736 798 orate
752 787 766 810 ,
790 757 844 798 ut
865 762 965 798 non
984 746 1179 799 intretis
1199 746 1252 797 in
1276 746 1612 798 tentationem.
1640 743 1865 811 Spiritus

255 847 551 905 promptus
575 848 669 900 est,
693 839 782 892 sed
804 854 922 892 caro
946 838 1150 904 inﬁrma
1170 836 1378 907 (Matth.
1401 835 1491 889 26.
1515 835 1602 890 40.
1624 846 1672 888 et
1698 834 1859 888 Marc.

256 925 352 978 14.
380 927 507 997 '57).
542 928 607 982 Et
633 929 682 982 in
709 928 812 983 alio
837 928 954 982 loco
983 928 1244 996 Propheta
1270 927 1515 981 decantat
1538 944 1551 978 :
1580 926 1749 979 Media
1770 941 1862 978 no.

249 1024 336 1068 cte
373 1020 686 1086 surgebam,
719 1029 770 1071 ut
797 1021 1060 1086 confiterer
1084 1019 1210 1084 tibi,
1239 1034 1389 1088 super
1416 1019 1616 1087 judicia
1649 1018 1863 1084 justiti!!!

250 1117 365 1160 tua:
393 1107 414 1180 (
444 1107 598 1163 Psal.
628 1111 750 1164 118.
785 1109 852 1164 62
874 1111 911 1181 ).
947 1110 1226 1163 Dominum
1255 1124 1465 1178 quoque
1495 1109 1546 1161 in
1578 1108 1860 1177 Evangelio

250 1199 509 1270 legimus
556 1213 891 1270 pernoctasse
915 1243 930 1266 ,
977 1212 1032 1258 et
1071 1203 1354 1271 Apostolus
1391 1203 1604 1257 clausos
1644 1217 1860 1256 carcere

249 1299 374 1343 tota
410 1301 578 1346 nocte
603 1293 870 1362 vigilasse,
899 1301 956 1346 ut
983 1294 1082 1346 illis
1112 1292 1544 1363 psallentibus(a)
1563 1301 1699 1346 terra
1728 1307 1859 1360 qua.

247 1389 479 1436 teretur
504 1424 520 1447 ,
549 1394 728 1438 custos
759 1385 985 1439 canceris
1012 1384 1290 1447 crederet,
1335 1384 1672 1453 magistratus
1697 1394 1748 1438 et
1775 1383 1857 1436 ci-

246 1472 406 1525 vitas
437 1481 792 1528 terrerentur.
823 1473 1080 1542 Loquitur
1106 1473 1297 1527 Paulus
1322 1490 1334 1524 :
1361 1472 1592 1526 Orationi
1621 1474 1852 1537 insistite,

246 1563 544 1632 vigilantes
569 1565 623 1616 in
651 1580 708 1616 ea
729 1563 944 1634 (Coloss.
969 1566 1021 1618 4.
1049 1563 1125 1634 2).
1156 1565 1218 1618 Et
1245 1565 1294 1616 in
1326 1565 1430 1616 alio
1457 1565 1572 1618 loco
1598 1582 1610 1617 :
1640 1563 1702 1617 In
1733 1564 1859 1633 vigi-

247 1653 338 1705 liis
367 1654 668 1723 frequenter
689 1654 709 1725 (
730 1654 783 1707 2.
814 1654 932 1710 Cor.
965 1655 1050 1708 ll.
1081 1655 1150 1708 27
1176 1653 1212 1724 ).
1242 1656 1477 1708 Dormiat
1507 1656 1682 1722 itaque
1709 1655 1852 1722 Vigi-

146 1764 158 1778 ο
247 1741 462 1796 lautius
488 1783 505 1808 ,
537 1753 592 1798 et
627 1744 694 1797 ab
730 1745 1142 1798 exterminatore
1176 1743 1394 1814 {Egypti
1426 1759 1548 1797 cum
1590 1743 1854 1814 Egyptiis

243 1831 547 1887 dormiens
584 1833 887 1888 sull‘ocetur.
921 1834 1028 1888 Nos
1057 1834 1296 1888 dicamus
1329 1850 1449 1888 cum
1492 1834 1656 1888 David
1685 1853 1699 1888 :
1731 1833 1854 1888 Non

242 1924 588 1990 dormitabit,
616 1942 774 1994 neque
796 1925 1031 1989 dormiet,
1054 1926 1139 1995 qui
1158 1926 1376 1979 custodit
1400 1924 1565 1978 Israel
1581 1925 1695 1995 (l’s.
1727 1925 1850 1979 120.

245 2013 344 2084 ι);
379 2024 441 2068 ut
467 2017 647 2069 veniat
674 2015 740 2068 ad
769 2031 868 2070 nos
896 2026 1129 2080 sanctus,
1151 2024 1206 2070 et
1229 2032 1338 2080 tua,
1359 2016 1448 2085 qui
1476 2017 1853 2083 interpretatur

243 2109 379 2178 vigil
400 2107 572 2179 (Dan.
596 2109 650 2162 4.
679 2107 786 2178 l0).
813 2107 879 2161 Et
899 2108 942 2162 si
964 2109 1172 2176 quando
1192 2118 1409 2178 propter
1432 2118 1642 2177 peccata
1670 2119 1850 2162 nostra

240 2198 578 2261 dermierit,
605 2199 839 2252 dicamus
867 2198 931 2251 ad
963 2214 1083 2252 eum
1115 2216 1129 2251 :
1159 2198 1397 2268 Exurge,
1424 2200 1544 2267 quid
1571 2200 1811 2252 dormites
1830 2241 1846 2265 ,

244 2287 489 2340 Domine
518 2287 726 2357 (Matth.
759 2287 812 2344 8.
837 2287 964 2358 25)?
989 2289 1384 2357 excitemusque
1415 2289 1588 2352 illum,
1623 2299 1673 2343 et
1707 2291 1850 2342 navi-

242 2381 374 2433 cula
402 2380 718 2445 fluctuante,
749 2380 1041 2435 clamemus
1070 2397 1084 2434 :
1115 2380 1378 2450 Magister,
1411 2380 1580 2435 salvos
1607 2398 1698 2434 nos
1723 2385 1805 2451 [ac
1829 2423 1845 2448 ,

246 2471 512 2538 perimus.

322 2563 382 2617 4.
427 2562 592 2616 Plura
617 2562 820 2617 dictare
850 2563 1142 2630 volueram,
1171 2563 1216 2618 si
1246 2579 1351 2618 non
1381 2564 1694 2634 Epistolarts
1721 2565 1846 2620 bre-

245 2654 392 2707 vitas
443 2653 700 2721 pudorem
741 2655 896 2709 nobis
925 2657 1130 2710 tacendi
1161 2656 1458 2723 imponeret
1487 2675 1502 2711 :
1531 2669 1586 2711 et
1617 2658 1660 2710 si
1693 2666 1747 2710 tu
1778 2657 1844 2710 li-

245 2745 480 2798 brorum
513 2745 678 2811 ipsius
703 2744 766 2796 ad
795 2759 890 2798 nos
915 2745 1175 2800 voluisses
1206 2747 1416 2801 mittere
1439 2747 1760 2811 cantilenas,
1790 2756 1847 2800 ut

244 2835 392 2889 seire
426 2848 709 2902 possemus
749 2833 816 2888 ad
845 2851 962 2902 quae
990 2834 1082 2908 [ει.
1112 2853 1173 2890 ea
1197 2836 1329 2909 quia]
1359 2839 1650 2892 rescribere
1674 2837 1842 2892 debe-

246 2942 460 2982 remus.
495 2925 642 2980 Nunc
671 2935 849 2980 autem
878 2941 1056 2981 aerem
1090 2928 1501 2990 verberavimus.
1520 2938 1574 2983 et
1602 2944 1706 2983 non
1735 2938 1844 2984 tam

249 3017 398 3070 illius
424 3016 816 3081 inﬁdelitatem,
839 3032 956 3085 qua:
977 3017 1222 3072 omnibus
1245 3026 1406 3086 patet,
1429 3035 1585 3086 quam
1607 3029 1841 3075 nostram

247 3107 418 3160 iidem
440 3108 765 3174 aperuimus.
790 3105 1053 3160 (Ia-terum
1081 3108 1124 3159 si
1154 3108 1403 3171 volueris,
1429 3109 1720 3177 longiorem
1745 3126 1844 3166 nos

246 3197 547 3250 adversum
575 3212 695 3248 eum
726 3196 917 3248 librum
943 3196 1194 3259 scribere,
1225 3197 1373 3249 mitte
1399 3198 1597 3251 naenias
1625 3199 1764 3252 illius
1787 3209 1843 3254 et

249 3289 509 3356 ineptias,
536 3297 590 3340 ιιι
618 3288 879 3342 Joannem
908 3288 1196 3356 Baptistam
1221 3289 1399 3341 audiat
1421 3289 1796 3358 praedicantem
1824 3309 1838 3345 :

245 3378 377 3430 Jam
403 3380 595 3432 securis
614 3377 682 3431 ad
705 3380 900 3432 radices
926 3380 1160 3432 arborum
1181 3381 1349 3450 posita
1364 3391 1454 3436 est.
1479 3381 1654 3436 Omnis
1669 3382 1838 3449 arbor,

245 3488 368 3542 qua:
397 3488 501 3524 non
530 3472 650 3538 facit
677 3471 984 3544 frnctum(b)
1005 3473 1206 3539 bonum,
1234 3473 1507 3541 excidetur,
1529 3484 1575 3528 et
1599 3475 1652 3528 in
1677 3475 1843 3546 ignem

249 3564 482 3615 mittetur
506 3561 666 3634 (Ibid.
696 3564 748 3617 5.
783 3562 891 3634 10).

611 3677 774 3746 729
847 3673 1179 3731 EPISTULA
1217 3675 1309 3731 cx
1332 3677 1433 3745 (cl.

661 3780 935 3820 AUGUSTI!“
973 3782 1040 3820 AD
1079 3781 1442 3822 ιιιειιοΝῖιιωι.

255 3877 632 3945 Hieronymum
667 3876 842 3930 litteris
873 3878 978 3930 suis
1008 3877 1242 3930 nonnihil
1270 3877 1519 3943 offensum
1558 3880 1842 3936 demulcere

323 3968 499 4020 studet
529 3967 863 4036 Augustinus.
896 3968 1198 4038 Apologiam
1222 3969 1360 4022 illius
1386 3981 1561 4023 contra
1586 3972 1841 4040 Ruﬁnum

325 4060 587 4126 accepisse
637 4075 692 4114 se
728 4069 957 4124 testatur,
1013 4059 1286 4129 deplorans
1330 4070 1494 4114 tantos
1537 4063 1666 4114 inter
1708 4063 1841 4116 viros

323 4153 586 4219 quondam
625 4153 956 4207 amicissimos
998 4162 1103 4206 tam
1139 4155 1508 4208 amarulentam
1535 4156 1840 4209 discordiam

327 4246 584 4300 incidisse.

329 4353 558 4408 Domino
589 4355 912 4420 venarando,
937 4365 990 4410 et
1014 4354 1470 4410 desideratissimo
1511 4356 1659 4410 fratri
1695 4373 1842 4412 com-

254 4446 572 4514 presbytero
590 4445 918 4506 lltsnonruo,
937 4447 1267 4500 AUGUSTINUS
1286 4447 1337 4498 in
1354 4445 1574 4501 Domino
1589 4448 1836 4503 salutem.

329 4556 386 4609 1.
449 4575 470 4607 ε
524 4544 775 4622 Quamvis
817 4558 1116 4611 existimem
1167 4567 1451 4626 antequam
1505 4559 1602 4612 ista
1651 4574 1834 4614 sume-

256 4660 364 4708 res,
392 4646 610 4700 venisse
656 4648 707 4700 in
741 4663 930 4701 manus
971 4659 1084 4701 luas
1134 4649 1339 4703 litteras
1389 4664 1556 4712 meas,
1585 4664 1720 4718 quas
1743 4667 1836 4718 per

262 4739 351 4788 Ilei
400 4753 636 4801 servum,
685 4739 848 4790 lilium
895 4749 1128 4791 nostram
1176 4729 1498 4810 cyprianum
1545 4740 1832 4795 Diaconum

261 4827 403 4890 misi,
452 4828 642 4895 quibus
668 4829 968 4881 certissime
1011 4844 1328 4897 agnosceres
1355 4846 1524 4885 meam
1556 4847 1677 4886 esse
1720 4832 1834 4899 epi-

259 4919 474 4979 stolam,
525 4919 676 4987 cujus
712 4920 1036 4988 esetnplaria
1087 4920 1212 4972 illuc
1260 4924 1562 4988 pervenisse
1608 4923 1701 4995 [a|.
1750 4941 1834 4977 re-

260 5005 420 5078 nisse]
446 5011 873 5066 commemorasti
900 5026 914 5072 ;
947 5009 1090 5062 unde
1111 5009 1219 5078 jam
1262 5025 1347 5062 me
1381 5011 1609 5066 arbitror
1638 5015 1830 5068 rescri-

260 5098 361 5164 piis
393 5099 516 5161 tuis,
548 5099 688 5150 velut
717 5098 997 5152 Entellinis
1026 5100 1106 5171 ((1)
1138 5100 1386 5168 gravibus
1424 5109 1582 5168 atque
1619 5104 1830 5158 acribus

318 5229 337 5297 ί
349 5233 388 5297 ί)
425 5231 602 5297 lterum
629 5231 716 5279 Ms.
741 5233 1011 5297 Bononien.
1039 5240 1133 5283 tota
1155 5241 1288 5283 terra
1304 5241 1595 5297 quateretur.

318 5280 391 5352 (b’)
427 5293 541 5359 Supt
564 5290 768 5359 Ievimus
792 5280 862 5341 ex
879 5280 1328 5357 κ’ἱὸιονίὸξῦὸηὰῆιξ
1349 5280 1686 5359 ᾧῷιῖὦέοω
1707 5296 1826 5345 Vul-

259 5359 335 5416 gat
355 5352 680 5416 rprzel'erttet
703 5352 897 5416 Grgrcus
920 5371 1051 5416 καρπὸν
1073 5368 1200 5405 καλὸν.

319 5412 398 5476 tr)
417 5412 548 5476 grtias
570 5413 862 5476 95,.‘tcripta
887 5412 978 5464 hoc
997 5430 1077 5464 an.
1104 5418 1164 5466 40
1175 5418 1211 5465 ι.

323 5469 393 5545 (tl)
417 5473 722 5522 Benedictini
741 5469 878 5535 juxta
900 5486 1098 5545 veteres
1116 5480 1372 5545 editiones,
1389 5477 1660 5545 glandibus.
1684 5492 1824 5545 quam

257 5529 512 5602 let-tionem
539 5549 600 5583 ex
621 5548 690 5602 eo
710 5529 969 5602 uicumque
996 5539 1198 5602 probare
1225 5529 1827 5602 Inutilissi'ettt,quodpiam-

256 5591 362 5663 !iec:
383 5594 443 5663 ali
466 5602 564 5663 plot
585 5595 792 5663 glandes
818 5591 1056 5663 essentia
1080 5591 1323 5663 uestibus.
1348 5591 1750 5663 qucmatlnuulitm
1774 5603 1822 5650 in

255 5652 348 5703 illis
382 5652 562 5706 Entelli
582 5652 607 5717 ξ
629 5657 712 5718 qui
741 5655 934 5718 plumbo
955 5658 1004 5707 in
1029 5666 1150 5719 suto,
1185 5652 1405 5723 ferroque
1438 5661 1669 5725 rigabant.
1698 5663 1819 5714 Vide

1704 261 2032 318 FPISTOLA
2071 266 2186 322 CX.

3453 290 3558 345 9i.

1979 379 2229 434 caestibus
2280 381 2519 452 (ίΕιιιίά.
2576 383 2658 456 γ).
2703 395 2948 456 tanquam
3001 392 3254 449 audacem
3300 397 3546 455 Daretem

1971 464 2200 537 cmpisse
2225 473 2423 540 pulsari
2451 484 2609 543 atque
2635 479 2836 532 versari
2864 495 2877 530 :
2914 496 3051 536 nuuc
3087 494 3264 540 tamen
3309 477 3388 542 eis
3415 489 3545 560 ipsis

1972 561 2306 627 reSpondebo
2335 563 2526 617 litteris
2569 567 2693 627 tuis,
2739 583 2871 635 quas
2915 570 3042 624 mihi
3074 589 3166 641 per
3205 588 3445 632 sanctum
3477 579 3542 633 li-

1974 649 2098 701 lium
2132 660 2372 705 nostrum
2407 654 2672 708 Asterium
2711 657 2820 722 jam
2852 657 2949 729 [aL
2996 662 3146 716 abest
3165 663 3298 736 jam]
3336 669 3546 724 mittere

1969 738 2213 806 dignatus
2238 757 2316 804 es,
2349 743 2399 795 in
2429 745 2625 813 quibus
2655 747 2818 800 multa
2858 749 2910 800 in
2941 765 3027 804 me
3052 754 3286 821 comperi
3315 764 3418 809 tute
3446 757 3543 811 be-

1968 828 2426 884 nevolentissima‘.
2457 833 2722 898 Caritatis,
2746 844 2800 889 et
2829 852 3017 891 rursus
3046 840 3290 906 quadam
3318 847 3547 898 nomint-

1969 919 2070 973 lius
2098 920 2176 990 (e)
2221 937 2249 973 a
2305 939 2392 978 me
2447 933 2551 978 tua:
2607 925 2918 982 oll‘ensionis
2969 930 3183 986 iudicia.
3233 933 3414 1004 Itaque
3455 938 3543 991 ubi

1966 1011 2244 1065 mulcebar
2272 1013 2474 1082 legens,
2499 1015 2569 1069 ibi
2591 1018 2846 1072 continuo
2870 1019 3098 1076 feriebar
3123 1043 3136 1077 :
3168 1023 3272 1080 hoc
3299 1041 3428 1082 sane
3457 1031 3542 1084 vel

1965 1103 2194 1156 maxime
2223 1103 2516 1166 admirans,
2543 1107 2685 1175 quod
2727 1123 2849 1163 cum
2880 1119 2931 1164 te
2957 1111 3105 1167 dicas
3149 1117 3544 1181 exemplaribus

1963 1190 2256 1245 litterarum
2289 1208 2527 1248 mearum
2574 1197 2697 1251 ideo
2741 1215 2846 1252 non
2892 1209 3094 1257 temere
3125 1207 3395 1273 potavisse
3424 1223 3542 1263 cre-

1962 1278 2218 1345 dendum,
2249 1296 2316 1336 ne
2339 1282 2499 1350 forte,
2527 1294 2579 1340 te
2601 1289 2980 1357 respondente,
3014 1292 3173 1348 lassus
3197 1295 3344 1364 juste
3371 1313 3541 1367 expo-

1961 1370 2236 1433 stularem,
2271 1373 2412 1440 quod
2442 1375 2671 1444 probare
2713 1390 2840 1434 ante
2865 1380 3164 1449 debuisses,
3210 1402 3387 1441 meum
3419 1405 3541 1444 esse

1961 1473 2287 1524 sermonem,
2316 1472 2372 1517 ct
2413 1465 2490 1518 sic
2521 1467 2856 1534 rescribere;
2885 1481 3069 1539 postea
3103 1473 3316 1542 jubeas,
3346 1477 3391 1531 si
3421 1494 3542 1533 [nea

1959 1561 2042 1605 est
2068 1553 2306 1619 epistola,
2339 1565 2524 1623 aperte
2567 1573 2652 1611 me
2694 1560 2949 1625 scribere,
2995 1571 3086 1617 aut
3113 1565 3322 1620 mittere
3349 1583 3538 1622 exem-

1959 1643 2124 1710 plaria
2156 1645 2383 1708 veriora,
2423 1656 2479 1700 ut
2517 1648 2717 1717 absque
2751 1651 2862 1705 ullo
2893 1669 3117 1710 rancore
3155 1659 3438 1719 stomachi,
3483 1661 3536 1714 iu

1958 1733 2348 1801 Scripturarum
2371 1734 2730 1804 disputatione
2753 1754 3048 1795 versemur.
3076 1743 3192 1810 Quo
3217 1757 3371 1813 pacto
3391 1749 3535 1802 enim

1958 1838 2241 1890 possumus
2286 1825 2338 1877 in
2371 1824 2471 1880 hac
2497 1826 2858 1895 disputatione
2895 1831 3013 1885 sine
3057 1849 3281 1890 rancore
3309 1840 3533 1904 versari,

1955 1916 2000 1970 si
2030 1931 2117 1972 me
2141 1915 2336 1970 laedere
2363 1918 2560 1987 paras?
2589 1929 2680 1973 aut
2705 1921 2752 1974 si
2779 1936 2886 1976 non
2907 1937 3086 1991 paras,
3115 1927 3385 1995 quomodo
3410 1945 3532 2000 ego,

1957 2016 2010 2062 te
2049 2024 2155 2062 non
2194 2008 2422 2064 lwdente
2446 2051 2460 2074 ,
2489 2009 2587 2066 abs
2629 2019 2681 2066 te
2737 2012 2897 2068 laesus
2944 2013 3093 2084 justo
3136 2020 3534 2085 expostularem

1954 2100 2114 2170 730
2185 2100 2325 2170 quod
2357 2101 2582 2168 probare
2609 2113 2732 2158 ante
2753 2102 3034 2160 debuisses
3061 2121 3239 2162 meum
3266 2124 3387 2164 esse
3414 2125 3532 2164 serv

1953 2207 2187 2252 monem,
2218 2200 2274 2246 et
2309 2192 2387 2246 sic
2416 2193 2483 2262 (ι’)
2514 2194 2834 2262 rescribere,
2864 2196 2966 2251 boc
3008 2208 3170 2254 estet
3197 2200 3276 2254 sic
3301 2201 3493 2258 lwdere
3509 2205 3550 2257 ?-~

1951 2283 2061 2338 Nisi
2089 2285 2232 2338 enim
2257 2285 2603 2340 rescribendo
2632 2287 2886 2354 lazsisses,
2912 2304 3011 2356 ego
3030 2291 3172 2358 jusle
3192 2295 3532 2362 expostulare

1952 2391 2058 2428 non
2101 2391 2336 2445 possem.
2376 2376 2612 2433 Proinde
2655 2394 2777 2434 cum
2826 2381 2896 2434 ita
2926 2383 3196 2448 rescribis,
3243 2394 3299 2440 ut
3341 2387 3525 2454 lcedas,

1951 2469 2072 2536 quis
2095 2467 2242 2521 locus
2270 2468 2424 2523 nobis
2461 2471 2778 2540 relinquitur
2810 2473 2860 2526 in
2889 2473 3249 2543 disputatiOne
3286 2477 3528 2548 Scriptu-

1950 2572 2127 2611 rarum
2155 2557 2273 2612 sine
2301 2559 2412 2613 ullo
2438 2574 2663 2616 rancore
2691 2563 2973 2618 versandi?
2999 2564 3110 2636 Ego
3145 2566 3356 2636 quidem
3387 2569 3540 2627 absit.

1951 2659 2008 2700 ut
2042 2649 2222 2713 lzedar,
2254 2651 2298 2704 si
2346 2649 2476 2704 mibi
2505 2662 2651 2705 certa
2695 2655 2906 2708 ratione
2931 2655 3164 2711 volueris
3210 2667 3266 2712 et
3290 2663 3530 2729 potueris

1949 2737 2318 2795 demonstrare
2365 2741 2496 2794 illud
2543 2757 2607 2796 ex
2664 2744 2890 2812 epistola
2946 2746 3212 2815 Apostoli,
3270 2749 3356 2803 vel
3397 2752 3525 2819 quid

1947 2831 2090 2886 aliud
2123 2832 2522 2900 Seripturarum
2547 2843 2855 2888 sanctarum
2884 2845 2937 2890 te
2968 2838 3147 2891 verius
3177 2838 3524 2906 intellexisse,

1947 2938 2105 2991 quam
2151 2937 2236 2977 me
2265 2941 2278 2976 :
2309 2923 2416 2977 imo
2445 2937 2575 2978 vero
2617 2924 2776 2988 absit,
2824 2933 2882 2980 ut
2921 2941 3026 2980 non
3072 2941 3194 2981 cum
3234 2929 3524 2998 gratiarum

1946 3014 2156 3069 actione
2198 3013 2362 3070 lucris
2407 3014 2540 3067 meis
2581 3013 2853 3083 deputem.
2898 3030 2946 3070 st
2986 3030 3159 3072 russo
3198 3033 3268 3073 τε
3299 3018 3526 3076 docente

1946 3104 2259 3169 instructus,
2291 3111 2384 3158 aut
2411 3102 2730 3158 emendante
2755 3113 3044 3160 correctus.
3392 3161 3397 3165 .

2017 3194 2072 3246 2.
2108 3211 2127 3245 ι
2152 3193 2533 3248 Verumtamen
2557 3201 2634 3260 tu,
2659 3193 2792 3249 mibi
2813 3193 2980 3249 frater
2999 3196 3300 3265 carissime,
3332 3199 3436 3253 nisi
3469 3211 3520 3254 te

1947 3293 2161 3352 putares
2200 3283 2386 3337 laesum
2417 3283 2632 3351 scriptis
2671 3284 2828 3349 meis,
2871 3299 2976 3338 non
3021 3301 3106 3341 me
3152 3297 3370 3356 putares
3398 3290 3521 3347 Iredi

1947 3388 2104 3442 posse
2120 3375 2393 3442 rescriptis
2424 3375 2529 3428 tuis
2573 3373 2728 3429 Nullo
2757 3375 2902 3429 enim
2931 3375 3090 3430 modo
3115 3376 3167 3430 id
3184 3377 3252 3432 de
3270 3385 3321 3432 te
3341 3380 3521 3448 opina-

1947 3473 2032 3519 tus
2049 3464 2220 3531 l‘uero,
2238 3465 2380 3534 quod
2399 3474 2450 3520 te
2469 3479 2574 3519 non
2593 3464 2668 3535 (g)
2687 3464 2966 3519 arbitraris
2984 3465 3171 3520 lazsum
3185 3467 3323 3522 sisic
3344 3477 3524 3523 tamen

1946 3555 2198 3609 rescribis
2227 3564 2283 3609 ut
2308 3555 2490 3609 laedas.
2522 3557 2629 3609 Aut
2652 3554 2700 3609 si
2730 3563 2783 3610 te
2811 3570 2916 3609 non
2945 3555 3022 3609 sic
3044 3558 3396 3626 rescribente,
3418 3575 3530 3628 ego

1947 3655 2164 3714 propter
2190 3646 2408 3700 nimiam
2435 3645 2717 3699 stultitiam
2749 3660 2924 3700 meam
2958 3645 3078 3700 laedi
3106 3662 3264 3716 posse
3309 3659 3524 3718 putatus

1945 3749 2085 3796 sum,
2113 3735 2213 3790 hoc
2237 3736 2352 3805 ipso
2391 3736 2574 3790 Iussisti
2601 3736 2776 3804 plane,
2807 3734 2953 3804 quod
2982 3735 3050 3790 de
3072 3751 3158 3790 me
3182 3737 3253 3790 ita
3280 3740 3518 3793 sensisti.

1945 3857 2068 3906 quas
2086 3853 2318 3909 cestuum
2337 3846 2548 3909 picturas
2566 3845 2646 3909 vel
2667 3859 2730 3894 ex
2750 3843 3202 3909 se_pulerprum,_vel
3222 3859 3284 3909 ex
3303 3861 3520 3909 gemmas

1944 3904 2052 3970 r‘um
2077 3904 2381 3970 antiquarunt
2401 3906 2664 3970 sculpturis
2686 3904 2889 3970 exhibet
2911 3904 3215 3970 Mercurialis
3233 3904 3521 3970 de'Gymua.

1945 3967 2064 4013 stiea
2076 3964 2172 4028 Alib.
2193 3962 2243 4012 ‘2.
2254 3966 2323 4028 At
2339 3962 2642 4028 Martiaiueus
2653 3962 2918 4028 grgndibus
2941 3962 3135 4028 legit,et
3153 3967 3211 4014 ad
3235 3966 3344 4015 libri
3363 3962 3517 4028 liram,

1947 4033 2044 4073 Non
2069 4025 2215 4088 legas,
2241 4026 2424 4089 inrpt'bt,
2450 4024 2528 4089 hic.
2549 4023 2826 4089 glandibus.
2853 4023 3066 4089 Quod'ut
3091 4027 3221 4075 bene
3243 4023 3517 4089 monuerit,

1944 4093 2084 4152 certe
2103 4085 2510 4152 gratules_’_ljlntel_li
2531 4085 2707 4152 cixfstus
2731 4087 3041 4152 vocaribaud
3063 4089 3354 4152 potuissent,
3371 4085 3520 4152 quan;

1943 4147 2008 4192 do
2029 4154 2195 4212 auctor
2214 4147 2540 4212 est_\’irgi|ius
2563 4147 2646 4195 lib.
2667 4146 2735 4212 V._
2751 4148 3038 4212 grandiores
3061 4146 3186 4208 illos,
3211 4146 3519 4212 quibus'acer

1944 4214 2080 4275 {gryx
2096 4207 2146 4254 in
2168 4205 2339 4275 pactio
2361 4205 2538 4265 suetus,
2557 4215 2674 4266 etc.,
2697 4205 2974 4258 ab'Entello
2993 4205 3242 4272 remissos;
3262 4213 3391 4275 quod
3408 4226 3516 4264 ctua

1945 4267 2004 4315 iis
2025 4267 2256 4328 congredi
2281 4269 2437 4316 Dares
2457 4277 2709 4318 recusaret
2734 4282 2747 4316 :

2066 4336 2122 4377 ει
2145 4335 2276 4378 satus
2301 4329 2505 4393 .mclrisq
2525 4337 2698 4380 aestus
2714 4337 2853 4393 pater
2873 4329 3046 4393 extulit
3071 4339 3299 4393 £0005,

2067 4397 2120 4438 Et
2145 4398 2398 4439 ιιι-11111108
2420 4391 2602 4448 patinas
2625 4389 2873 4441 amborum
2893 4391 3109 4442 iiutexuil
3129 4389 3296 4445 armis;

2067 4403 2120 4438 El
2145 4403 2398 4439 ιιι-11111305
2433 4403 2602 4448 ,αωιηδ
2625 4403 2873 4441 amborum
2893 4404 3097 4442 mttexuu

1942 4449 2049 4498 Non
2072 4449 2191 4498 itlud
2214 4403 2469 4513 aliquand'o
2492 4455 2764 4522 putavinms
2784 4453 2962 4522 alludi,
3085 4511 3097 4522 ο

2225 4554 2228 4557 ,
2442 4511 2596 4577 Quam
2614 4511 3024 4577 multagrandine
3044 4511 3193 4577 nim":

2063 4571 2353 4636 fulminibus
2374 4571 2627 4636 crepitant,
2651 4571 2905 4636 sicgdénsis
2926 4572 3094 4624 ictibus
3109 4576 3250 4624 heros

2062 4633 2238 4697 Creber
2260 4633 2466 4697 utraque
2485 4647 2631 4697 manu
2653 4635 2835 4697 pulsat,
2854 4640 3102 4697 versatque
3126 4641 3323 4697 Dareta.

1941 4694 2155 4760 proinde
2172 4693 2489 4760 grandinibus
2509 4693 2664 4744 scribi
2679 4709 2773 4760 pro
2785 4693 3039 4760 glandibus
3059 4731 3072 4751 ,
3097 4695 3202 4760 sive
3224 4695 3511 4760 grandibus,

1938 4753 2585 4820 (implicuisset.Nunevero
2621 4753 2846 4820 grauibus
2877 4754 3073 4820 omnino
3106 4753 3370 4820 legendum
3409 4753 3514 4818 μιιὲ

1937 4813 2025 4880 cet
2043 4816 2395 4880 ex_Virgiliaua
2418 4813 2670 4880 allusione,
2690 4817 2773 4865 ubi
2795 4827 2965 4880 graues
2988 4813 3378 4880 Entelli’cmstus,
3404 4813 3512 4869 sive

1937 4875 2062 4924 ictus
2096 4873 2463 4935 describuuwr,
2496 4884 2547 4925 et
2579 4877 2686 4938 ipse
2715 4873 2938 4926 minoris
2959 4881 3006 4926 et
3027 4873 3150 4924 mole
3168 4876 3328 4930 valens
3345 4873 3510 4941 {dici-

1939 4942 2032 4988 tur.
2060 4945 2112 4984 et

1996 5002 2094 5044 Stal
2115 5004 2225 5046 cru
2234 5004 2326 5046 VIS
2345 4994 2571 5054 Entellus,
2593 4993 2791 5058 nisuque
2811 4994 3047 5055 imitatus,

1935 5062 2036 5104 tum
2065 5068 2079 5103 :

2000 5122 2248 5186 lp_se__GR.4
2257 5124 2366 5174 VIS,
2399 5124 2474 5186 qn
2485 5124 2787 5186 ﬂammae
2829 5118 2896 5186 ad
2922 5127 3104 5186 terram
3127 5123 3339 5186 pondere
3359 5134 3507 5178 vasto.

1998 5175 2068 5237 (e)
2101 5176 2238 5246 lianc
2270 5178 2460 5238 respuit
2485 5175 2732 5246 Victorius
2756 5179 3013 5246 lectionem
3030 5220 3044 5244 ,
3070 5175 3286 5246 fecitque
3311 5199 3372 5234 ex
3396 5175 3507 5239 aliis

1935 5247 1996 5307 ex
2006 5235 2100 5307 erat
2109 5235 2316 5307 laribus,
2339 5235 2506 5307 rursus
2517 5238 2789 5307 nonnullius
2800 5241 2974 5307 anima;
2986 5235 3084 5307 trite
3101 5235 3384 5307 oﬂ‘erisionis,
3403 5235 3502 5298 etc:

1933 5296 2046 5366 sed.
2073 5296 2198 5366 illam
2233 5306 2430 5346 tuentur
2452 5299 2760 5366 Benediglini
2798 5314 2907 5350 cum
2937 5302 3077 5354 Badii
3096 5296 3286 5366 {atquc
3316 5296 3504 5359 Erasini

1933 5357 2246 5414 editionibus,
2270 5370 2326 5406 ac
2359 5359 2606 5407 sexdecim
2631 5359 2743 5408 Mss.

1958 5479 1969 5490 ο
1997 5418 2072 5480 (r)
2107 5419 2308 5490 Martian
2349 5426 2394 5490 et
2415 5418 2486 5469 sic
2509 5418 2736 5480 scribere,
2758 5423 2886 5485 quod
2912 5431 3081 5475 tamen
3091 5425 3196 5487 ipse
3212 5425 3325 5476 olim
3343 5425 3506 5478 Victo»

1929 5487 2034 5528 rius
2055 5487 2391 5541 castigarunt.

1991 5542 2065 5603 (ῃ)
2100 5539 2280 5589 lterum
2305 5539 2574 5590 inconsulto
2606 5540 2910 5595 Erasmiauos
2944 5548 3140 5600 codices
3160 5555 3360 5600 secutus
3383 5552 3509 5602 Mar.

1930 5602 2163 5713 guttaepg,
2196 5603 2321 5666 quod
2354 5610 2400 5652 te
2429 5615 2523 5652 non
2555 5603 2798 5655 arbitrans
2831 5608 3017 5670 la’sum,
3047 5611 3090 5662 si
3141 5617 3298 5662 tamen
3331 5615 3507 5665 rescri-

1962 5677 2022 5713 is.
2043 5678 2074 5713 e
2127 5699 2142 5713 .

1962 5677 2022 5727 ts,
2043 5672 2142 5714 etc.
