4054 6192
574 321 671 378 911

574 437 679 493 Sed
738 438 884 491 nullo
929 433 1087 488 modo
1136 440 1194 484 tu
1247 445 1352 492 me,
1375 444 1531 499 quem
1565 443 1831 498 nunquam
1859 429 2018 494 talem
2045 442 2141 481 ex-

576 538 759 597 pertus
809 542 886 587 es,
934 536 1133 579 temere
1180 522 1340 576 talem
1392 521 1661 584 crederes,
1709 522 1802 588 qui
1844 520 2140 573 litterarum

575 634 814 673 mearum
838 612 1232 680 exemplaribus
1252 613 1413 666 etiam
1441 628 1561 665 cum
1591 612 1785 683 stylum
1810 627 1988 664 meum
2016 625 2143 664 nos-

574 724 682 774 ses,
714 718 913 760 temere
940 704 1161 759 credere
1201 704 1438 757 noluisti.
1470 702 1527 758 Si
1568 703 1709 757 enim
1743 719 1846 755 non
1878 702 2145 755 immerito

574 798 652 869 (α)
678 797 874 860 vidisti,
897 811 983 850 me
1002 795 1147 864 jnste
1172 796 1629 864 expostulaturum
1658 794 1841 858 fuisse,
1867 794 1911 847 si
1944 802 2148 848 temere

572 887 823 942 crederes
847 900 969 940 esse
1007 886 1212 939 litteras
1256 901 1424 947 meas,
1454 901 1575 955 quze
1604 900 1710 939 non
1753 893 1933 939 essent
1962 899 2097 938 mea:
2126 901 2142 937 :

573 985 774 1045 quanto
797 975 991 1043 justius
1021 976 1440 1043 exposmlarem,
1483 976 1744 1044 meipsum
1771 987 1972 1029 temere
1998 984 2148 1044 puta-

573 1078 685 1120 tmn
719 1068 901 1128 talem,
926 1067 1137 1136 qualem
1168 1082 1254 1121 me
1273 1078 1527 1136 expertus
1555 1081 1661 1120 non
1687 1076 1847 1131 esset,
1876 1067 1965 1137 qui
2000 1077 2151 1136 puta-

573 1157 781 1210 visset?
810 1156 1153 1225 Nequaquam
1194 1173 1324 1225 ergo
1363 1156 1435 1209 ita
1467 1158 1847 1224 prolabereris,
1878 1168 1935 1210 ut
1965 1167 2016 1211 te
2040 1172 2147 1211 non

577 1248 926 1311 rescribentc,
958 1264 1064 1317 quo
1094 1247 1338 1313 hederer,
1372 1264 1458 1302 me
1486 1258 1661 1303 tamen
1692 1248 2027 1317 existimares
2066 1248 2149 1300 ni-

576 1338 678 1390 mis
721 1335 1082 1405 insipientem,
1130 1336 1290 1391 etiam
1333 1337 1427 1391 tali
1470 1347 1561 1391 tuo
1602 1338 1865 1405 rescripto
1904 1337 2023 1391 la‘di
2055 1351 2146 1406 po-

581 1428 760 1483 tuisse.

648 1520 700 1575 5.
750 1538 769 1571 ς
796 1519 982 1574 Restat
1013 1521 1192 1591 igitur,
1234 1531 1292 1575 ut
1314 1520 1507 1581 laedere
1550 1536 1637 1576 me
1667 1519 2010 1575 rescribendo
2036 1520 2148 1574 dis-

578 1624 826 1674 poneres,
877 1612 920 1663 si
960 1620 1108 1664 certo
1130 1611 1454 1667 documento
1483 1627 1628 1667 meas
1654 1626 1775 1666 esse
1804 1613 1919 1665 illas
1945 1613 2151 1667 litteras

577 1716 785 1754 nosses.
818 1703 991 1768 Atque
1020 1705 1116 1765 ita,
1146 1704 1270 1771 quia
1321 1719 1426 1756 non
1455 1702 1618 1757 credo
1642 1703 1782 1772 quod
1824 1704 2021 1773 injuste
2064 1721 2150 1760 me

580 1788 878 1843 laedendum
906 1800 1144 1859 putares.
1177 1801 1420 1859 superest
1463 1801 1520 1846 ut
1559 1808 1845 1863 agnoscam
1875 1806 2148 1863 peccatum

581 1892 779 1941 meum,
810 1879 951 1947 quod
977 1881 1125 1949 prior
1146 1889 1199 1934 te
1226 1880 1328 1934 illis
1355 1881 1545 1936 litteris
1577 1882 1826 1947 Iazserim,
1851 1901 1983 1953 quas
2004 1901 2152 1939 meas

578 1983 700 2021 esse
745 1983 939 2037 negare
971 1984 1076 2023 non
1105 1985 1346 2038 possum.
1391 1968 1499 2027 Cur
1538 1972 1716 2043 itaque
1757 1989 1926 2029 conor
1965 1986 2149 2029 contra

577 2057 810 2112 lluiuinis
839 2068 1087 2125 tractum,
1119 2075 1181 2114 ac
1206 2076 1310 2114 non
1353 2064 1527 2130 potius
1554 2065 1760 2117 veniam
1794 2066 1959 2133 peto?
1984 2067 2153 2121 Obse-

579 2163 673 2201 cro
698 2164 826 2219 ergo
854 2159 904 2203 te
928 2165 1024 2218 per
1055 2152 1517 2205 mansuetudinem
1540 2153 1761 2214 Christi,
1791 2165 1847 2208 ut
1871 2157 1916 2208 si
1937 2166 1989 2210 te
2015 2158 2149 2220 lmsi,

576 2238 814 2291 dimittas
861 2239 1010 2301 mihi,
1063 2257 1161 2295 nec
1210 2256 1294 2296 me
1366 2243 1525 2314 731
1603 2245 1834 2299 vicissim
1883 2246 2149 2311 lat-dendo,

579 2329 775 2382 malum
805 2344 901 2399 pro
939 2332 1081 2385 man
1122 2333 1334 2386 reddas.
1366 2335 1550 2389 La-des
1588 2347 1766 2392 autem
1796 2355 1902 2405 me,
1945 2340 1989 2392 si
2018 2343 2145 2394 mihi

578 2421 812 2475 tacueris
854 2437 1093 2475 errorem
1140 2440 1340 2488 nicum,
1388 2441 1544 2494 quem
1587 2426 1726 2481 forte
1780 2430 2050 2485 inveneris
2099 2432 2150 2484 in

580 2507 655 2578 (b)
683 2510 894 2578 scriptis
920 2511 1004 2564 vel
1035 2512 1085 2564 in
1112 2512 1269 2566 dictis
1310 2516 1465 2567 meis.
1499 2515 1629 2569 Nam
1673 2519 1716 2569 si
1749 2534 1810 2571 ea
1843 2520 1894 2572 in
1938 2536 2023 2574 me
2062 2537 2147 2575 re-

580 2597 951 2665 prehenderis,
980 2616 1099 2670 qua:
1130 2603 1566 2670 reprehendenda
1598 2624 1701 2660 non
1724 2618 1869 2674 sunt,
1902 2619 1952 2663 te
1978 2612 2151 2677 potius

582 2688 674 2761 [aL
706 2688 889 2763 magis]
915 2692 1063 2745 lmdis
1085 2710 1242 2762 quam
1275 2710 1359 2748 me
1394 2696 1572 2765 :quod
1610 2697 1750 2752 absit
1777 2714 1806 2752 a
1837 2700 2078 2755 moribus
2099 2711 2153 2755 ct

579 2791 767 2836 sancto
807 2786 1081 2854 proposito
1133 2797 1243 2852 tuo,
1295 2797 1350 2840 ut
1401 2788 1500 2842 hoe
1532 2789 1695 2844 facias
1743 2791 2015 2846 voluntate
2057 2794 2152 2847 lie-

577 2873 758 2937 clendi,
802 2876 1024 2943 culpans
1066 2877 1117 2930 in
1148 2892 1234 2933 me
1262 2879 1462 2948 aliquid
1502 2880 1663 2937 dente
1693 2883 1976 2945 maledico,
2008 2885 2152 2954 quod

578 2973 761 3016 mente
785 2964 1014 3018 veridica
1037 2967 1144 3020 scis
1170 2983 1274 3021 non
1308 2984 1428 3024 esse
1452 2971 1799 3040 culpandum.
1824 2976 1900 3027 Ac
1934 2990 2027 3044 per
2054 2976 2155 3031 hoe

578 3059 672 3104 aut
708 3052 968 3108 benevolo
1000 3057 1165 3111 corde
1204 3072 1417 3129 arguas,
1469 3062 1629 3115 etiam
1671 3064 1714 3115 si
1768 3074 1917 3119 caret
1956 3067 2154 3121 delicto

578 3156 736 3209 quem
762 3141 851 3216 [al.
872 3146 1029 3219 quod]
1047 3148 1372 3217 arguendum
1399 3164 1584 3219 putas:
1609 3163 1700 3207 aut
1722 3164 1944 3223 paterno
1962 3156 2152 3212 all‘ectu

578 3232 833 3299 mulcens,
870 3251 1029 3305 quem
1054 3238 1124 3306 (ε)
1180 3241 1411 3308 alijicere
1459 3258 1715 3312 nequeas.
1764 3245 1975 3301 Ροτεςτ
2023 3264 2152 3302 nant

580 3340 741 3389 neat,
780 3335 836 3379 ut
878 3328 968 3382 tibi
1014 3330 1256 3384 videatur
1296 3332 1462 3394 aliud,
1516 3350 1675 3401 quam
1726 3339 1928 3391 veritas
1965 3337 2150 3405 hibet,

578 3411 703 3466 dum
738 3423 912 3467 tamen
954 3416 1117 3479 aliud,
1150 3419 1247 3471 abs
1278 3429 1330 3473 te
1356 3436 1461 3473 non
1488 3420 1597 3484 ﬁat,
1632 3438 1791 3492 quam
1829 3428 2023 3480 caritas
2056 3429 2156 3480 ha-

579 3504 687 3557 bet.
722 3502 852 3556 Nam
879 3516 930 3558 et
970 3520 1065 3574 ego
1092 3509 1469 3563 amicissimam
1511 3514 1978 3580 reprehensionem
2008 3527 2149 3571 tuam

577 3594 883 3660 gratissime
908 3597 1188 3665 accipiam,
1215 3598 1422 3654 etiamsi
1455 3602 1772 3667 reprehendi
1803 3620 1906 3659 non
1933 3609 2147 3675 meruit,

578 3682 721 3752 quod
756 3692 902 3738 recte
943 3684 1155 3739 defendi
1184 3696 1378 3757 potest.
1429 3691 1535 3744 Aut
1574 3706 1861 3761 agnoscam
1904 3696 2062 3750 simul
2101 3709 2155 3752 ct

579 3777 1004 3833 benevolentiam
1043 3788 1209 3845 tuam,
1240 3791 1295 3837 et
1332 3785 1541 3855 culpam
1569 3802 1742 3842 meam
1776 3806 1789 3841 :
1819 3799 1874 3845 et
1897 3802 2151 3861 quantum

581 3870 837 3924 Dominus
878 3871 1061 3939 donat,
1113 3873 1166 3928 in
1216 3874 1323 3930 alio
1347 3886 1546 3946 gratus,
1597 3880 1650 3933 in
1696 3880 1803 3935 alio
1839 3883 2153 3940 emendatus

574 3960 834 4016 inveniar.

645 4053 700 4106 ι.
744 4071 764 4104 ι
797 4054 935 4124 Quid
959 4058 1132 4127 ergo?
1157 4058 1383 4116 fortasse
1410 4061 1565 4126 dura,
1606 4065 1700 4119 sed
1736 4077 1886 4124 certe
1910 4070 2143 4127 salubria

574 4142 735 4198 verba
768 4152 853 4197 tua
884 4152 1131 4216 tanquam
1152 4161 1347 4206 caestus
1379 4153 1569 4210 Entelli
1600 4157 1997 4225 pertimescam.
2036 4164 2151 4218 Ca:-

577 4233 802 4287 dcbatur
830 4235 937 4296 ille.
970 4253 1073 4290 non
1100 4241 1407 4308 curabatur,
1437 4253 1492 4299 et
1530 4245 1651 4301 ideo
1680 4249 2010 4315 vincebatur,
2041 4269 2146 4308 non

573 4326 880 4380 sanabatur.
912 4327 1027 4398 Ego
1055 4341 1233 4387 autem
1273 4334 1319 4389 si
1347 4336 1717 4394 medicinalem
1751 4344 2145 4411 correptionem
2176 4348 2181 4353 '

579 4425 719 4469 tuam
763 4420 1078 4488 tranquillus
1103 4436 1383 4493 accepero,
1414 4443 1518 4483 non
1561 4430 1776 4487 dolebo.
1824 4435 1880 4491 Si
1910 4452 2040 4492 vero
2068 4438 2148 4491 in-

571 4505 796 4562 ﬁrmitas
814 4508 897 4580 (Δ)
917 4509 1000 4566 vel
1030 4509 1284 4579 humana,
1318 4515 1399 4570 vel
1427 4532 1544 4573 mea
1588 4521 1749 4575 etiam
1792 4538 1913 4578 cum
1941 4528 2145 4582 veraci-

573 4610 657 4656 ter
680 4603 943 4671 arguitur,
993 4620 1100 4658 non
1133 4615 1309 4675 potest
1340 4623 1443 4663 non
1475 4607 1569 4683 [al.
1611 4611 1730 4684 nisi]
1758 4614 2143 4684 aliquantulum

569 4693 877 4747 contristari
903 4709 920 4759 ;
951 4695 1141 4750 melius
1164 4706 1342 4758 tumor
1359 4700 1551 4769 capitis
1568 4699 1736 4767 dolet,
1758 4702 1885 4758 dum
1905 4717 2141 4773 curatur,

570 4799 731 4853 quam
761 4786 889 4841 dum
931 4790 980 4842 ei
1010 4792 1265 4858 parcitur;
1297 4790 1373 4864 (e)
1399 4802 1455 4848 et
1502 4809 1609 4849 non
1638 4805 1878 4850 sanatur.
1911 4797 2021 4853 Hoc
2062 4809 2146 4855 est

568 4876 712 4929 enim
742 4876 886 4946 quod
913 4887 1070 4934 acute
1102 4880 1254 4948 vidit,
1281 4882 1373 4951 qui
1397 4882 1553 4949 dixit,
1596 4885 1838 4943 utiliores
1881 4904 2001 4945 esse
2024 4890 2138 4960 pler

570 4979 797 5035 rumque
841 4965 1087 5025 inimicos
1127 4971 1495 5042 objurgantes.
1526 4990 1685 5045 quam
1732 4978 1933 5033 amicos
1958 4980 2143 5050 objur-

570 5070 699 5123 gare
740 5070 1057 5115 metuentes.
1102 5062 1179 5116 llli
1206 5066 1348 5119 enim
1376 5065 1502 5120 dum
1544 5067 2008 5130 rixantur.dicunt
2043 5073 2144 5128 ali-

568 5147 783 5214 quando
810 5164 954 5217 vera,
984 5167 1103 5222 qua:
1141 5156 1471 5225 corrigamus
1500 5173 1515 5210 :
1544 5157 1630 5213 isti
1658 5168 1837 5215 autem
1880 5163 2140 5219 minorem

650 5281 702 5366 22
736 5281 1093 5366 1⁷1(ῖὲψὲξὲξεῖ
1101 5285 1653 5366 Εείέδέξμτερρειβιῖάμω
1676 5291 1801 5366 vult,
1818 5291 2073 5355 iudicasti-

652 5340 702 5427 ’ἐξ
732 5340 1316 5427 ὲὲῗξέ-.¹ἒθηξεῖξ¹ἑαὶρ2³.ίέι
1338 5340 1611 5427 πὲςξέεξιρΐο
1630 5340 1942 5427 δενίρὶέεῖἶῖίέ

571 5403 712 5517 “(ea
733 5403 1350 5528 zijiggt'rz.Et-asmf
1372 5403 1579 5474 aliisque
1615 5403 1782 5475 paucis
1810 5403 2140 5478 deditionibus,

633 5520 709 5591 (ιζ)
744 5524 932 5572 Alicubi
971 5520 1094 5584 erat,
1129 5529 1252 5579 velut
1286 5530 1498 5582 humana
1536 5546 1659 5596 mea,
1686 5541 1789 5585 tum
1822 5549 1911 5600 pro
1941 5550 2138 5603 arguor,

570 5574 934 5647 [denquefditi
958 5586 1204 5647 _argut'tur.

608 5638 700 5724 ille)
715 5638 1159 5724 'lpjenedietjnor.
1181 5651 1301 5700 edit.
1327 5653 1512 5715 absque
1534 5661 1582 5705 et
1606 5656 1795 5719 copula,
1823 5657 1940 5708 dum
1962 5658 2010 5710 ei
2028 5672 2139 5724 par-

568 5704 713 5756 atur,
735 5714 828 5751 non
849 5712 1062 5754 sanatur.

1871 308 2113 366 SANCTl
2150 307 2528 366 ΠΙΕΒΟΝΥΜΙ

3744 326 3855 381 912

2247 441 2409 494 quam
2458 438 2673 497 oportet
2718 430 2977 488 exhibent
3018 434 3242 503 justitia:
3298 437 3614 495 libertatem
3647 484 3666 509 ,
3716 445 3850 502 dum

2247 518 2497 599 amicitia:
2526 522 2715 574 timent
2738 537 3059 591 exasperare
3091 528 3457 585 dulcedinem.
3489 532 3851 606 Quapropter

2248 617 2305 661 et
2342 594 2482 680 si'(f)
2510 609 2648 665 forte
2677 611 2794 678 bos,
2841 623 2901 669 ut
2945 618 3038 670 tibi
3082 619 3301 684 videris,
3346 594 3845 683 lassasseireciute

2250 701 2511 765 corporis,
2541 717 2646 754 non
2676 703 2856 771 vigore
2882 707 3045 759 animi
3077 718 3277 775 tamen,
3309 711 3362 765 in
3404 728 3533 767 area
3562 714 3841 773 dominica

2252 786 2528 844 fructuoso
2555 790 2737 847 labore
2763 795 3073 859 desudans;
3099 813 3227 853 ecce
3252 800 3439 855 adsum
3468 801 3568 876 [aL
3594 805 3763 878 sum],
3795 812 3839 863 si

2251 880 2381 949 quid
2427 897 2701 951 perpeer
2739 885 2871 951 dixi,
2918 887 3107 941 fortius
3143 889 3245 959 ﬁge
3282 894 3497 961 pedem.
3547 896 3667 951 Non
3706 900 3840 954 mihi

2252 986 2374 1026 esse
2401 973 2561 1028 debet
2597 976 2878 1031 molestum
2915 982 3125 1048 poiidus
3164 984 3337 1038 :etatis
3375 994 3501 1051 tua,
3538 988 3841 1048 dummodo

2251 1072 2559 1117 conteratur
2587 1067 2737 1134 palea
2757 1069 2929 1137 culpa:
2962 1087 3117 1125 mem.
3886 1068 3901 1077 ’

2323 1152 2380 1208 5.
2425 1171 2446 1204 ι
2481 1154 2712 1211 Proinde
2753 1158 2882 1212 illud
2916 1162 3057 1230 quod
3098 1164 3150 1216 in
3175 1174 3418 1221 extremo
3449 1171 3695 1237 epistolae
3733 1183 3837 1228 tua:

2255 1242 2498 1309 posuisti,
2535 1260 2655 1299 cum
2687 1249 2863 1317 magni
2904 1250 3155 1305 desiderii
3196 1258 3429 1323 suspirio
3455 1259 3539 1312 vel
3566 1262 3708 1331 lego,
3750 1267 3835 1319 vel

2252 1330 2454 1384 reciilo.
2513 1331 2757 1398 Utinam,
2812 1339 3025 1405 inquis,
3331 1330 3641 1401 "tueremur
3691 1368 3833 1405 calu-

2254 1416 2432 1486 pleams
2457 1430 2604 1486 tuos;
2636 1435 2684 1478 et
2703 1426 2973 1481 collatione
3000 1440 3175 1483 mutua
3204 1434 3279 1486 rel
3310 1435 3609 1492 docerentur
3632 1441 3827 1511 aliqua,

2253 1509 2333 1561 vel
2367 1510 2693 1567 disceremus.
2729 1515 2840 1585 Ego
2867 1528 3046 1571 autem
3071 1519 3213 1584 dico,
3240 1522 3443 1576 utinam
3486 1527 3678 1582 saltem

2254 1598 2464 1667 piuquis
2516 1610 2778 1657 terrarum
2812 1606 2943 1659 locis
2988 1607 3368 1675 habitarcmus;
3401 1621 3461 1666 ut
3500 1616 3546 1669 si
3578 1633 3684 1671 non

2254 1699 2374 1740 sent
2401 1690 2609 1744 tuiSCeri
2636 1703 2816 1747 nostra
2842 1696 3130 1765 colloquia,
3155 1700 3346 1756 littera:
3372 1702 3449 1773 (g)
3476 1718 3695 1773 possent
3712 1726 3835 1766 esse

2253 1779 2573 1833 crebriores.
2613 1781 2768 1837 Nunc
2798 1801 2926 1839 vero
2964 1795 3114 1842 tanto
3144 1791 3386 1845 lucorttm
3423 1794 3716 1852 intervallo
3738 1802 3835 1855 ab-

2254 1880 2437 1920 sumus
2464 1883 2494 1920 a
2521 1874 2766 1925 sensibus
2797 1878 3017 1938 nostris,
3061 1886 3120 1931 ut
3154 1879 3223 1933 de
3254 1881 3362 1935 illis
3385 1885 3565 1938 verbis
3588 1888 3835 1955 Apostoli

2254 1958 2319 2010 ad
2372 1960 2606 2023 Galatas,
2649 1963 2728 2032 (Ii)
2755 1963 3005 2031 juvenem
3056 1984 3143 2023 me
3189 1970 3256 2023 ad
3304 1981 3446 2027 tuam
3490 1978 3833 2033 sanctitatem

2254 2050 2535 2116 scripsisse
2576 2054 2945 2118 meminerim;
3001 2066 3055 2110 et
3083 2073 3211 2114 ecce
3235 2061 3346 2129 jam
3384 2079 3561 2126 senex,
3594 2067 3833 2121 necdum

2255 2134 2509 2201 rescripta
2550 2139 2877 2201 meruerim;
2926 2139 3243 2212 faciliusque
3283 2146 3350 2199 ad
3399 2157 3451 2202 te
3502 2152 3833 2220 exemplaria

2254 2224 2494 2290 epistol:e
2548 2242 2682 2280 mea:
2734 2234 3111 2310 pervenerint,
3161 2236 3346 2291 nescio
3400 2254 3503 2307 qua
3547 2243 3835 2297 occasione

2259 2316 2633 2381 przevenieute,
2658 2333 2815 2387 quam
2842 2326 2956 2389 ipsa
2986 2324 3234 2392 epistola,
3263 2343 3351 2383 me
3387 2344 3629 2386 curante.
3662 2334 3832 2387 llumo

2254 2407 2419 2472 enim,
2448 2410 2537 2476 qui
2561 2425 2678 2463 eam
2708 2422 2829 2466 tunc
2850 2429 3154 2485 acceperat,
3188 2435 3286 2473 nec
3308 2422 3375 2474 ad
3406 2431 3457 2475 te
3494 2426 3716 2493 pertulit
3740 2444 3835 2482 nec

2255 2495 2319 2545 ad
2345 2512 2429 2550 me
2454 2499 2634 2551 retulit
2659 2498 2750 2569 [:il.
2783 2506 3046 2568 pertulerit
3072 2517 3119 2559 et
3145 2509 3415 2582 retulerit].
3448 2512 3634 2567 Tanta-
3658 2526 3832 2569 autem

2258 2585 2384 2638 mihi
2413 2587 2463 2639 in
2492 2588 2684 2642 litteris
2715 2596 2842 2653 tuis,
2874 2609 2994 2662 qua}
3022 2596 3074 2648 in
3098 2612 3289 2653 manus
3312 2610 3525 2657 nostras
3557 2608 3833 2673 pervenire

2257 2684 2569 2742 potuerunt,
2602 2692 2861 2748 apparent
2888 2699 2996 2750 res,
3028 2695 3086 2739 ut
3115 2688 3243 2742 nihil
3263 2692 3563 2747 studiorum
3591 2712 3831 2751 meorum

2257 2767 2492 2832 mallem,
2517 2769 2561 2823 si
2593 2786 2826 2839 possem,
2855 2791 3013 2844 quam
3054 2780 3314 2836 inh:erere
3345 2784 3497 2839 lateri
3543 2797 3653 2842 tuo.
3685 2790 3832 2857 Quod

2256 2870 2357 2922 ego
2379 2859 2500 2926 quia
2523 2876 2628 2913 non
2662 2877 2901 2929 possunt.
2934 2867 3168 2937 aliquem
3198 2883 3506 2930 nostrorum
3530 2877 3581 2930 in
3612 2878 3836 2934 Domino

2258 2945 2487 3001 filiorum
2518 2951 2869 3007 erudiendum
2914 2958 3073 3011 nobis
3096 2959 3163 3013 ad
3208 2971 3261 3015 te
3289 2968 3503 3020 mittere
3546 2970 3744 3037 cogito,
3785 2972 3828 3023 si

2256 3040 2416 3095 etiam
2441 3040 2508 3094 de
2546 3042 2647 3096 hac
2679 3060 2736 3098 re
2783 3054 2869 3099 tua
2911 3050 3171 3118 rescripta
3199 3068 3470 3110 meruero.
3501 3057 3633 3111 Nam
3664 3076 3833 3132 neque

2257 3129 2310 3180 in
2341 3146 2425 3185 me
2455 3141 2659 3186 tantum
2697 3136 2935 3191 scientia:
2961 3139 3263 3197 divinarum
3299 3144 3702 3215 Scripturarum

2257 3231 2347 3272 aut
2375 3235 2494 3276 esse
2515 3223 2625 3292 jam
2657 3230 2870 3294 poterit,
2901 3244 3157 3296 quantum
3204 3236 3380 3292 inesse
3423 3240 3516 3293 tibi
3557 3242 3736 3299 video.
3767 3246 3829 3299 Et

2258 3308 2301 3361 si
2330 3310 2453 3376 quid
2483 3312 2532 3363 in
2556 3312 2655 3367 hac
2682 3331 2740 3369 re
2771 3317 2942 3371 habeo
2969 3319 3252 3385 facultatis,
3277 3334 3566 3398 utcumque
3588 3331 3831 3401 impendo

2259 3400 2459 3468 populo
2486 3402 2597 3456 Dei.
2643 3404 2840 3461 V'acare
2878 3418 3055 3463 autem
3088 3414 3277 3467 studiis
3306 3415 3637 3485 diligentius,
3670 3400 3827 3490 quam

2257 3503 2377 3557 qua:
2401 3492 2579 3558 populi
2601 3493 2824 3549 audiunt
2850 3497 3166 3566 instruendi,
3193 3515 3413 3575 prapter
3434 3508 3830 3567 Ecclesiasticas

2258 3582 2635 3649 occupationes
2664 3589 2883 3641 omnino
2913 3605 3018 3642 non
3051 3608 3290 3660 possum.

2327 3674 2381 3728 6.
2425 3693 2445 3725 ί
2475 3674 2665 3730 Nescio
2686 3695 2803 3747 qum
2825 3682 3020 3750 scripta
3043 3685 3298 3741 maledica
3322 3703 3488 3758 super
3506 3701 3597 3746 tuo
3622 3696 3828 3748 nomine

2257 3764 2322 3817 ad
2352 3764 2580 3819 Africam
2613 3767 2684 3838 (i)
2712 3782 3093 3837 pervenerunt.
3127 3776 3443 3846 Accepimus
3484 3790 3662 3836 tamen
3693 3784 3823 3851 quod

2257 3854 2503 3923 dignatus
2526 3872 2585 3911 es
2615 3859 2850 3922 mittere,
2881 3862 2983 3915 illis
3013 3866 3343 3933 respondens
3376 3871 3694 3927 maledictis.
3718 3876 3826 3941 Quo

2258 3949 2509 4016 perlecta.
2542 3948 2715 4004 fateor
2743 3954 2965 4007 multum
2994 3956 3160 4022 dolui,
3192 3958 3331 4013 inter
3359 3969 3466 4015 tam
3494 3978 3649 4019 caras
3678 3966 3824 4020 fami-

2258 4039 2524 4111 liaresquc
2553 4057 2829 4110 personas,
2858 4048 3064 4102 cunctis
3104 4065 3239 4117 pene
3271 4052 3529 4109 Ecclesiis
3556 4059 3823 4111 notissimo

2254 4132 2502 4185 amicitia:
2525 4133 2738 4189 vinculo
2771 4138 3064 4206 copulatas,
3096 4150 3296 4196 tantum
3336 4146 3533 4200 malum
3563 4150 3822 4204 exstitisse

2253 4222 2554 4278 discordiae.
2610 4225 2678 4279 Et
2723 4236 2777 4281 tu
2819 4230 3032 4298 quidem
3076 4243 3333 4301 quantum
3377 4236 3469 4291 tibi
3513 4240 3818 4298 modercris.

2254 4324 2618 4387 quantumque
2660 4327 2845 4374 teneas
2887 4322 3105 4375 aculeos
3156 4324 3539 4393 indignationis
3582 4339 3715 4396 tnze,
3760 4349 3821 4386 ne

2252 4404 2446 4458 reddas
2469 4406 2807 4461 maledictum
2845 4424 2942 4478 pro
2965 4411 3250 4466 maledicto
3271 4418 3401 4469 satis
3426 4417 3479 4470 in
3512 4419 3617 4472 tuis
3639 4420 3821 4474 litteris

2253 4494 2473 4548 eminet.
2527 4494 2910 4551 Verumtamen
2958 4501 3001 4553 si
3053 4515 3147 4555 eas
3193 4503 3337 4572 ipsas
3381 4520 3503 4560 cum
3553 4507 3816 4577 legissem.

2252 4585 2503 4639 contabui
2531 4584 2737 4650 dolore,
2768 4597 2824 4641 et
2851 4589 3060 4660 obrigui
3091 4593 3323 4658 timore;
3353 4596 3480 4664 quid
3520 4597 3590 4653 de
3623 4613 3710 4653 me
3736 4599 3818 4653 illa

2253 4674 2507 4744 facerent,
2545 4692 2664 4747 qua:
2705 4679 2756 4733 in
2785 4689 2836 4734 te
2866 4681 2957 4737 ille
2997 4685 3229 4754 scripsit,
3278 4688 3325 4742 si
3368 4689 3420 4743 in
3460 4706 3647 4745 manus
3678 4706 3819 4747 meas

2312 4873 2379 4937 (f)
2408 4872 2718 4947 Benedictini
2757 4876 2880 4940 forte
2912 4879 3193 4947 adverbium
3215 4890 3508 4947 postponam

2251 4933 2405 4984 lassus
2429 4943 2665 4986 senectute
2685 4933 2809 4998 forte
2836 4943 3069 5005 corporis.
3092 4933 3470 4997 Mox'Victbrius
3485 4933 3814 5013 legi

2251 4994 2352 5044 vult
2375 5008 2461 5046 pro
2481 4994 2741 5046 desudans.

2250 5001 2352 5044 vult
2375 5008 2461 5048 DI'O
2481 5001 2741 5048 desudans.

2335 5008 2352 5042 ι
2375 5008 2461 5056 pro
2481 5008 2741 5048 aesuuans.

2334 5057 2388 5126 g)
2421 5056 2574 5126 idem,
2600 5057 2773 5110 litteris
2791 5058 2960 5126 saltem
2982 5069 3167 5126 possent
3189 5077 3309 5123 esse,
3335 5075 3432 5117 etc.

2333 5117 2387 5192 ἡ)
2413 5117 2807 5192 intercesserant
2839 5125 2951 5172 anni
2982 5117 3387 5192 circiter‘deeegt
3403 5161 3421 5186 ,
3459 5140 3525 5178 ex
3560 5142 3661 5192 quo
3693 5128 3812 5192 illam

2251 5178 2583 5250 epistolatnjin
2618 5188 2783 5231 nostra
2818 5187 3111 5250 recensione
3146 5186 3225 5236 56.
3252 5187 3308 5235 ad
3330 5178 3679 5250 Hieronymum
3698 5178 3812 5239 Scri-

2281 5247 2431 5309 serat.
2451 5242 2533 5309 _At
2550 5242 2783 5309 juventus
2813 5245 2938 5309 apud
2964 5253 3165 5295 veteres
3185 5256 3356 5309 quarta
3379 5256 3499 5299 tetas
3519 5242 3810 5307 habebatur,

2250 5251 2431 5347 Faerat.
2451 5251 2533 5312 ⁸Αι
2550 5251 2783 5314 juventus
2813 5251 2938 5316 apud
2964 5253 3165 5295 veteres
3185 5256 3356 5319 quarta
3376 5256 3499 5321 tetas
3526 5251 3809 5322 habebatur,

2268 5313 2500 5380 "genitu
2512 5316 2923 5380 qtttpq-ttag‘emtno
2951 5320 3082 5380 anno
3093 5342 3108 5365 ,
3133 5322 3209 5357 cut
3249 5321 3471 5380 promitte
3493 5325 3660 5380 scutor
3680 5318 3809 5360 sexta

2249 5368 2367 5429 a‘tas
2390 5364 2703 5429 succedebat,
2726 5364 2883 5427 usque
2904 5368 2961 5429 ad
2980 5364 3393 5429 septuagesimum
3417 5372 3645 5422 tendens.

2312 5422 2371 5483 (ι)
2409 5422 2680 5493 Mallemus
2701 5422 3015 5493 perceperint,
3039 5422 3281 5493 siquidem
3290 5435 3624 5493 conquerenti
3648 5430 3810 5493 Hiem-

2250 5494 2392 5540 nymo
2416 5484 2561 5545 epist.
2592 5484 2848 5549 102.'quod
2878 5503 2964 5537 sua
3002 5484 3264 5539 maledicta
3290 5484 3509 5541 Bullinus
3530 5493 3590 5541 ad
3612 5492 3810 5542 Africam

2251 5554 2409 5613 usque
2455 5548 2994 5613 pervenire’l‘ecisset,
3038 5550 3331 5613 reSjiondet,
3381 5552 3501 5601 nihil
3550 5550 3807 5613 huiusmodi

2252 5602 2417 5675 isthue
2432 5602 2625 5675 venisse
2651 5621 2666 5669 ;
2692 5621 2753 5658 ex
2779 5623 2877 5672 quo
2900 5602 3195 5675 illa’qnoq'ne
3230 5602 3391 5675 lectio,
3427 5627 3540 5675 qua!
3560 5602 3807 5664 multorum

2251 5676 2314 5709 cx
2339 5665 2733 5736 editis‘libror'um
2761 5665 2856 5736 est1
2885 5665 3150 5736 pen'ettt'sse
3167 5665 3460 5736 ῃιιάὲιοίηὰιεξ
3476 5678 3808 5728 adnotantibus

2251 5736 2446 5788 quoque
2469 5727 2812 5795 llenedictinis,
2839 5727 2937 5782 falsi
2964 5732 3275 5783 convincitur.
