4054 6192
132 275 247 329 913

138 395 286 450 torte
333 392 658 450 venissent?
696 386 785 443 Va:
812 386 1000 441 mundo
1037 385 1099 437 ab
1127 384 1617 453 scaudatisUlatth.
1659 386 1742 441 18.

137 487 225 557 7).
262 486 416 543 Ecce
452 486 534 549 fit,
565 497 693 539 ecce
724 493 942 552 prorsus
982 478 1231 547 impletur
1254 476 1394 548 quod
1426 477 1623 531 veritas
1651 476 1745 539 ait,

140 581 422 648 Quoniam
445 578 718 633 attenderit
743 574 1006 645 iniquitas,
1028 572 1318 642 refrigescet
1346 570 1533 623 caritas
1559 568 1748 621 multo—

141 688 270 725 rum
293 669 521 743 (Matth.
550 667 637 723 14.
669 666 782 732 12).
808 665 939 730 Qua:
965 662 1067 717 sibi
1097 662 1238 715 enim
1271 660 1381 730 jam
1412 659 1512 714 lida
1537 671 1750 729 pectora

143 772 271 818 tuto
312 759 714 818 refundantur?
751 758 806 811 ιιι
853 756 1007 824 cuius
1077 753 1238 826 733
1312 753 1386 823 (a)
1438 752 1612 806 sinum
1641 759 1749 806 tota

142 869 210 908 se
260 851 522 922 projiciat
569 863 761 903 secura
811 845 1069 900 dilectio?
1107 845 1238 909 Quis
1277 841 1507 911 denique
1551 842 1753 896 amicus

143 959 260 997 non
295 941 647 1003 formidetur,
667 937 819 1008 quasi
848 936 1057 990 futurus
1090 933 1361 996 inimicus,
1394 933 1439 986 si
1473 933 1645 1001 potuit
1675 932 1754 985 in-

146 1041 235 1087 ter
268 1032 666 1102 Hieronymum
713 1036 768 1083 et
798 1026 1085 1102 Ruflinum
1111 1025 1213 1078 hoc
1241 1022 1381 1093 quod
1430 1021 1750 1093 plangimus,

144 1125 411 1181 exoriri?
442 1101 497 1179 Οί
517 1123 712 1179 misera
742 1131 796 1175 et
817 1101 1119 1174 miseranda
1152 1114 1411 1170 conditio.
1442 1113 1487 1168 0
1512 1114 1672 1167 inﬁda
1703 1114 1753 1167 in

146 1218 538 1272 Vultmlalibtts
590 1214 885 1269 amicorum
939 1211 1164 1265 scientia
1217 1209 1561 1277 prmsentiom
1588 1246 1604 1270 ,
1667 1204 1756 1259 tibi

146 1310 305 1363 nulla
332 1317 424 1363 cst
468 1305 802 1378 prmscientia
830 1304 1150 1357 futurorum.
1179 1298 1285 1353 Sed
1315 1296 1442 1367 quid
1472 1299 1574 1351 hoc
1602 1295 1758 1350 alteri

143 1401 221 1456 de
249 1401 438 1454 altero
469 1397 787 1469 gemendum
814 1403 1017 1465 putem,
1049 1391 1265 1462 quando
1294 1406 1361 1445 ne
1389 1391 1505 1457 i.-se
1542 1388 1757 1459 quidem

150 1493 260 1545 sibi
289 1491 467 1544 homo
491 1499 577 1545 est
604 1498 764 1543 notus
789 1485 840 1540 iu
865 1470 1179 1555 posterum?
1200 1482 1354 1537 Novit
1380 1482 1522 1535 enim
1552 1472 1761 1534 utcum-

147 1599 283 1652 que,
321 1583 417 1635 vix
453 1580 613 1645 forte,
647 1593 790 1633 nunc
820 1577 996 1648 qualis
1021 1575 1125 1642 sit;
1164 1574 1337 1646 qualis
1365 1584 1543 1629 autem
1575 1570 1760 1644 postea

147 1675 226 1729 sit
256 1674 504 1737 futurus,
539 1670 771 1740 ignorat.

227 1767 285 1819 7.
336 1783 356 1815 ι
391 1762 525 1817 llzee
556 1775 717 1832 porro
757 1773 863 1814 non
896 1767 1108 1813 tantum
1154 1756 1379 1811 scientia
1406 1755 1582 1825 qualis
1609 1755 1761 1826 quis-

150 1873 263 1927 que
292 1856 388 1917 sit,
439 1869 630 1909 verum
660 1851 822 1907 etiam
852 1848 1191 1919 prascientia
1220 1846 1392 1916 qualis
1417 1845 1627 1900 futurus
1666 1845 1758 1911 sit,

157 1949 204 2000 si
235 1955 325 2000 est
353 1947 407 1999 in
433 1944 640 1999 sanctis
670 1952 723 1996 et
753 1940 922 1996 beatis
950 1938 1191 2009 Angelis,
1220 1947 1276 1993 et
1305 1936 1576 2007 quomodo
1604 1936 1764 1992 fuerit

156 2042 359 2095 beatus
386 2037 642 2092 diabolus
669 2032 978 2104 aliquando,
1002 2046 1123 2086 cum
1147 2030 1321 2084 adhuc
1346 2029 1516 2084 bonus
1541 2028 1764 2099 angelus

161 2140 341 2194 esset,
375 2128 562 2182 sciens
588 2124 818 2179 futuram
840 2123 1173 2191 iniquitatem
1199 2137 1376 2186 suam,
1408 2131 1463 2175 et
1482 2121 1765 2189 sempiter-

164 2236 303 2273 num
347 2216 707 2286 supplicium,
746 2214 968 2267 omnino
1011 2229 1115 2266 non
1147 2212 1322 2266 video.
1362 2213 1435 2265 De
1460 2227 1563 2282 qua
1612 2227 1685 2275 re,
1720 2213 1765 2266 si

166 2323 362 2367 Limen
417 2324 545 2363 eam
586 2321 745 2361 nosse
790 2319 924 2374 Opus
970 2313 1073 2368 est,
1117 2304 1309 2358 vellem
1341 2305 1437 2358 abs
1480 2313 1532 2360 te
1579 2303 1767 2358 audire

161 2403 295 2471 quid
331 2398 566 2453 sentias.
602 2396 734 2451 Vide
759 2396 886 2465 quid
915 2396 1107 2449 faciant
1134 2405 1292 2448 terrm
1326 2409 1391 2449 ac
1431 2394 1619 2460 maria,
1646 2409 1768 2464 qua:

163 2510 272 2548 nos
331 2488 698 2558 corporaliter
748 2488 1025 2540 dirimunt.
1077 2485 1134 2540 Si
1182 2485 1298 2539 lure
1349 2485 1577 2553 epistula
1626 2498 1764 2549 mea,

164 2601 331 2653 quam
367 2583 532 2651 legis,
562 2596 662 2650 ego
690 2594 886 2644 essent,
906 2579 1017 2647 jam
1041 2579 1168 2631 mihi
1193 2578 1423 2641 diceres,
1456 2576 1597 2646 quod
1618 2592 1767 2645 qua:-

168 2676 271 2730 sivi
304 2692 318 2727 :
353 2687 507 2726 nunc
538 2687 668 2723 vero
698 2670 913 2738 quando
944 2668 1249 2723 rescribes?
1291 2667 1507 2735 quando
1552 2667 1770 2721 mittes?

167 2765 391 2836 quando
423 2763 742 2834 perveniet?
768 2760 982 2830 quando
1022 2760 1282 2829 accipiam
1308 2760 1332 2813 Ἰ
1371 2770 1424 2812 et
1453 2767 1630 2812 tamen
1659 2757 1769 2812 uti-

169 2872 296 2910 nam
325 2854 657 2924 quandoque
698 2853 821 2914 ﬁat,
851 2852 989 2921 quod
1034 2862 1138 2904 tam
1180 2850 1287 2903 cito
1320 2850 1432 2904 fieri
1464 2865 1568 2903 non
1610 2863 1767 2917 posse

170 2963 335 3015 quam
369 2947 647 3009 volumus,
681 2952 878 3013 quanta
909 2957 1192 3010 possumus
1220 2942 1502 2994 tolerantia
1533 2942 1770 2997 sustine-

172 3054 319 3093 mus.
356 3038 519 3094 Unde
561 3050 780 3090 recurro
825 3033 891 3088 ad
931 3034 1019 3087 illa
1046 3033 1207 3086 verba
1236 3032 1481 3100 epistola:
1514 3042 1618 3085 tua:
1647 3030 1771 3085 dul-

172 3132 421 3192 cissima,
477 3129 756 3194 sanctique
795 3124 1046 3178 desiderii
1106 3124 1177 3176 tui
1234 3123 1564 3190 plenissima,
1615 3131 1667 3175 ct
1710 3135 1771 3174 ea

175 3222 321 3276 facio
377 3220 625 3274 vicissim
679 3231 796 3270 mea
848 3215 1079 3285 :Utique
1124 3231 1430 3268 mererentur
1482 3215 1776 3285 complexus

175 3323 297 3366 tuos
321 3327 341 3375 ;
369 3318 419 3364 et
450 3308 725 3363 collatione
750 3310 926 3358 nmtua
949 3307 1024 3358 rel
1055 3306 1346 3357 duceremus
1371 3304 1561 3374 aliqua,
1593 3305 1669 3358 uel
1697 3305 1750 3358 di
1759 3337 1773 3344 -

174 3417 440 3454 sceremus
480 3414 499 3452 .'
529 3398 571 3451 si
605 3407 783 3451 tamen
810 3410 930 3451 esse
960 3394 1070 3448 ullo
1095 3394 1253 3450 utodo
1275 3402 1478 3463 posset,
1511 3394 1651 3462 quod
1678 3410 1778 3464 ego

179 3505 232 3547 te
254 3494 539 3546 ducerem.

202 3620 207 3625 η
251 3584 309 3637 8.
359 3602 380 3635 ι
410 3581 472 3635 In
514 3580 597 3635 his
641 3587 819 3634 autem
848 3578 1046 3637 verbis,
1097 3593 1202 3630 non
1247 3577 1358 3646 jam
1409 3578 1517 3631 tuis
1546 3585 1774 3642 tantum,

179 3672 275 3726 sed
336 3674 505 3727 etiam
549 3671 701 3735 meis,
746 3668 836 3723 ubi
885 3669 1124 3723 delet-tor
1176 3677 1231 3722 et
1276 3667 1510 3733 refleior,
1560 3677 1617 3723 et
1663 3668 1780 3736 ipso

176 3764 433 3831 quamvis
467 3760 733 3830 pendente
777 3769 830 3812 et
881 3774 985 3811 non
1030 3758 1325 3828 attingente
1369 3760 1648 3827 utriusque
1680 3775 1776 3811 no-

182 3868 355 3908 strmn
397 3852 698 3916 desiderio,
746 3865 853 3904 non
898 3865 1060 3918 parva
1101 3865 1165 3903 ex
1200 3859 1348 3917 parte
1379 3850 1631 3903 consolor
1663 3867 1675 3900 :
1708 3849 1776 3903 ibi

186 3961 405 4001 rursum
435 3943 721 3999 acerrimis
763 3941 1009 3994 dolormn
1041 3940 1276 3995 stimulis
1303 3940 1499 4005 fodior,
1534 3941 1660 3993 dum
1691 3956 1782 3991 co-

184 4037 300 4103 gito
333 4036 484 4088 inter
512 4047 608 4085 vos
640 4032 837 4100 quibus
883 4030 1025 4082 llens
1055 4029 1159 4082 hoc
1188 4030 1359 4096 ipsum
1391 4030 1531 4099 quod
1561 4038 1784 4099 uterque

188 4135 448 4179 nostrum
494 4122 718 4191 optavit,
753 4120 960 4189 largum
1003 4119 1378 4188 prolixumque
1417 4129 1781 4184 concesserat,

189 4224 252 4270 ut
282 4210 719 4284 conjunctissiuii
746 4219 802 4265 et
845 4209 1246 4264 familiarissimi
1289 4209 1446 4264 mella
1476 4200 1821 4277 Scripturai

193 4322 314 4360 rum
341 4312 658 4359 sanctarum
689 4301 888 4371 pariter
917 4300 1247 4364 lainberetis,
1283 4310 1447 4355 tanta!
1467 4301 1783 4355 amaritudi-

199 4399 284 4452 nis
316 4395 608 4467 irrepsisse
636 4394 947 4463 perniciem,
980 4391 1197 4459 quando
1240 4408 1369 4453 non,
1404 4392 1490 4445 ubi
1525 4406 1653 4459 non,
1702 4394 1784 4448 cui

200 4503 306 4541 non
341 4485 551 4542 homini
584 4484 659 4553 (ὁ)
695 4481 1125 4549 formidandam:
1151 4496 1270 4534 cum
1302 4497 1368 4536 eo
1397 4492 1656 4551 tempore,
1682 4498 1787 4552 quo

199 4578 425 4647 abjectis
461 4577 568 4646 jam
616 4575 840 4629 sarcinis
869 4572 1241 4637 saecularibus,
1277 4573 1387 4640 jam
1418 4572 1650 4641 expediti
1684 4574 1787 4627 Do-

201 4667 406 4721 minum
452 4664 840 4736 sequebamini,
873 4674 928 4716 et
959 4664 1010 4715 iu
1047 4677 1109 4715 ca
1141 4670 1281 4716 terra
1315 4662 1577 4718 videbatis
1604 4664 1784 4731 simul,

204 4758 259 4810 in
290 4774 394 4827 qua
424 4759 686 4812 Dominus
716 4754 966 4810 humanis
990 4754 1214 4822 pedibus
1250 4755 1551 4819 ambulans,
1582 4756 1785 4820 Pacem,

208 4847 402 4915 inquit,
431 4864 593 4901 meam
617 4848 683 4901 do
712 4846 869 4912 vobis,
1179 4861 1351 4913 pacem
1378 4862 1540 4899 meam
1562 4848 1791 4919 relinquo

210 4937 352 4988 vobis
383 4937 562 5007 (Joan.
598 4939 685 4992 Η.
716 4938 831 5005 27),
866 4937 994 4991 viris
1020 4946 1179 4990 :etate
1211 4937 1453 4996 maturis.
1495 4950 1548 4992 et
1584 4939 1637 4992 in
1678 4941 1791 4992 elo-

214 5028 343 5098 quio
400 5028 609 5083 Domini
656 5028 1017 5083 habitantibus
1074 5028 1226 5081 vobis
1274 5027 1523 5082 accidere
1579 5032 1793 5098 potuit?

221 5118 358 5173 Vere
403 5121 615 5173 tentatio
660 5130 730 5173 est
768 5121 869 5173 rita
909 5120 1132 5172 huiuaua
1170 5134 1320 5187 super
1361 5128 1546 5171 terram
1592 5118 1711 5187 (Job
1740 5122 1791 5174 7.

222 5210 301 5281 l).
348 5211 460 5266 Ilcu
503 5210 653 5276 mihi,
697 5210 788 5279 qui
821 5225 915 5263 vos
961 5210 1118 5263 simul
1157 5209 1349 5262 alirubi
1401 5208 1644 5264 invenire
1688 5225 1794 5265 tt0n

285 5341 360 5450 sa)
392 5341 636 5392 Victorius
672 5347 866 5399 pectora
903 5345 997 5388 toto
1031 5351 1115 5388 ore
1147 5337 1431 5400 fundantur.
1459 5342 1705 5401 expressit
1734 5355 1796 5389 ex

285 5420 288 5448 ι
310 5416 384 5450 ius
429 5402 812 5450 exemmartbus.
835 5401 1006 5450 sicque
1037 5402 1233 5449 ormtino
1255 5401 1509 5450 contendit
1531 5402 1796 5450 restituen-

228 5401 405 5465 trihus
429 5402 812 5465 exemplaribus,
835 5401 876 5449 si

226 5464 358 5523 dum.
384 5464 447 5514 At
467 5477 565 5514 non
582 5462 779 5512 'videtur
802 5462 894 5511 loci
920 5462 1062 5523 hujus
1081 5464 1374 5511 sententiam
1388 5464 1797 5523 satisassetutus.

230 5522 341 5587 Ilo:
368 5538 566 5587 sensus,
603 5523 865 5587 prasinum
902 5522 1124 5587 plerique
1158 5536 1330 5587 Olllllcs
1361 5523 1480 5572 editi
1512 5522 1711 5587 habent,
1750 5531 1802 5573 et

174 5606 185 5613 ι
230 5584 503 5649 quindecim
528 5583 655 5649 apud
675 5584 1026 5634 Benedictiuos
1040 5583 1151 5633 Mss.
1176 5586 1464 5646 quibuscum
1487 5585 1627 5634 nobis
1646 5585 1803 5635 sinam

226 5648 385 5710 arrisit
393 5648 580 5710 inagis.

285 5707 355 5771 (ι’)
392 5703 583 5760 ιιοτῖιω
599 5706 845 5758 Victorius
865 5703 1225 5769 [αι-ιιιὶςιαιιιιιυη
1251 5704 1447 5757 mavult.

1546 259 1867 310 EPISTULA
1907 260 1997 306 CX

943 5414 1006 5448 ne
1037 5402 1233 5449 ormiino
1255 5401 1509 5450 contendit
1531 5402 1798 5451 restituen-

3329 272 3448 327 9M

1860 402 2077 455 possum
2104 406 2115 441 :
2146 388 2283 445 forte
2320 399 2376 444 ut
2401 404 2639 453 moveor,
2674 399 2729 445 ut
2754 389 2935 453 doleo,
2965 401 3022 447 ut
3046 395 3234 455 timeo,
3263 394 3440 463 proci—

1858 478 2041 534 derem
2079 478 2146 533 ad
2187 479 2353 549 pedes
2381 489 2613 547 vestros,
2659 480 2842 537 llerem
2872 492 3129 552 quantum
3171 484 3431 546 valerem,

1857 584 2102 639 rogarem
2128 580 2385 640 quantum
2415 588 2675 628 amarem.
2699 573 2850 627 Nunc
2878 560 3315 643 unumquemque
3341 590 3436 628 vc-

1861 671 2027 717 strum
2070 679 2167 733 pro
2195 667 2400 736 seipse,
2442 681 2582 720 nunc
2627 677 2913 735 utrumque
2941 682 3039 737 pro
3068 666 3351 731 alterutro,
3383 674 3439 721 et

1862 768 1961 822 pro
1996 754 2140 819 aliis,
2186 770 2251 810 ac
2279 758 2512 810 maxime
2542 757 2786 818 inﬁrmis,
2822 773 2919 826 pro
2959 756 3157 825 quibus
3193 757 3437 811 Christus

1864 854 2107 901 mortuus
2143 857 2245 911 est,
2272 848 2362 917 qui
2390 863 2488 903 vos
2518 856 2769 918 tanquam
2800 847 2852 901 in
2895 848 3107 903 theatro
3133 848 3255 902 vita:
3284 849 3440 917 hujus

1861 944 1983 991 Cum
2023 953 2219 1007 magno
2265 940 2345 993 sui
2396 939 2630 1008 periculo
2677 948 2935 1007 spectant,
2969 955 3036 993 ne
3077 939 3145 993 de
3183 939 3335 993 vobis
3379 956 3442 994 ea

1863 1028 2252 1084 conscribendo
2288 1032 2573 1101 spargat's,
2605 1046 2723 1100 quae
2752 1031 2823 1100 (ο)
2849 1030 3169 1100 quandoque
3212 1045 3441 1084 concor-

1863 1115 2052 1173 dantes
2101 1118 2285 1174 delere
2324 1134 2431 1174 non
2478 1120 2749 1188 peteritis.
2795 1120 2885 1188 qui
2933 1135 3071 1173 nunc
3113 1120 3443 1174 concordare

1865 1208 2086 1274 nolitis;
2118 1219 2207 1263 aut
2235 1224 2357 1279 qua:
2394 1209 2690 1265 concordes
2729 1208 2907 1279 legere
2934 1208 3190 1274 timentis,
3241 1225 3308 1263 ne
3340 1209 3443 1262 ite-

1865 1315 1983 1353 rmn
2014 1299 2250 1369 litigetis.

1935 1388 1991 1444 9.
2037 1407 2057 1441 ι
2090 1389 2285 1444 Verum
2312 1388 2432 1445 dico
2452 1389 2658 1444 caritati
2683 1397 2808 1456 tuae,
2831 1387 2965 1444 nihil
2989 1403 3073 1443 me
3099 1389 3266 1458 magis
3286 1403 3444 1459 quam

1868 1479 1971 1535 hoc
2015 1482 2318 1550 exemplum
2362 1482 2682 1549 tremuisse,
2725 1496 2849 1537 cum
2877 1481 3120 1551 qmcdam
3169 1480 3235 1535 ad
3268 1496 3353 1535 ine
3394 1480 3446 1534 in

1867 1574 2094 1653 epistola
2126 1583 2213 1630 tua
2241 1574 2498 1645 legerem,
2528 1584 2632 1629 tuae
2678 1574 3060 1644 indignationis
3105 1572 3297 1628 indicia
3341 1588 3447 1628 non

1868 1669 1959 1723 illa
1987 1666 2057 1722 de
2090 1667 2299 1722 Entello
2335 1676 2393 1722 et
2416 1668 2552 1722 bove
2584 1667 2748 1733 lasso,
2784 1667 2870 1722 ubi
2902 1667 3035 1721 mihi
3065 1666 3239 1735 potius
3269 1665 3453 1718 hilari-

1869 1770 1952 1815 ter
1971 1760 2164 1828 iocari.
2196 1774 2353 1827 quam
2384 1758 2636 1813 iracunde
2674 1758 2866 1812 minari
2900 1759 3045 1812 visus
3086 1773 3165 1820 es,
3197 1772 3356 1825 quam
3386 1757 3453 1810 il-

1870 1849 1981 1910 lud,
2002 1848 2145 1919 quod
2164 1850 2307 1904 serio
2330 1858 2382 1903 te
2401 1849 2685 1917 scripsisse
2710 1849 2839 1902 satis
2860 1858 3102 1916 apparet,
3127 1846 3269 1900 unde
3289 1861 3451 1915 supra

1869 1942 2112 1997 elocutus
2157 1955 2274 1995 sum
2296 1981 2312 2005 ,
2340 1939 2462 2010 plus
2523 1938 2752 1993 fortasse
2793 1953 2953 2011 quam
2982 1937 3167 2002 debui,
3217 1936 3312 1992 sed
3344 1952 3449 1991 non

1872 2032 2152 2103 plusquam
2180 2031 2354 2092 timui,
2384 2030 2471 2085 ubi
2500 2030 2646 2094 aisti,
2678 2028 2760 2084 Ne
2797 2033 2925 2101 forte
2955 2029 3107 2085 ltesus
3125 2030 3270 2099 juste
3293 2045 3451 2098 expo-

1872 2124 2106 2177 stulares.
2139 2121 2288 2192 Rogo
2316 2130 2390 2187 te,
2418 2121 2463 2175 si
2493 2120 2608 2175 ﬁeri
2637 2128 2832 2190 potest,
2860 2130 2920 2175 ut
2947 2121 3087 2176 inter
3116 2136 3215 2176 nos
3243 2136 3456 2189 quaera-

1872 2229 1992 2268 mus
2014 2223 2067 2266 et
2093 2212 2422 2266 disseramus
2451 2211 2676 2281 aliquid,
2704 2227 2811 2282 quo
2849 2212 2968 2267 sine
2995 2211 3349 2266 amaritudine
3373 2211 3457 2266 di-

1873 2303 2101 2358 scordia:
2131 2300 2294 2356 corda
2328 2311 2509 2355 nostra
2551 2310 2859 2369 pascantur,
2896 2301 3005 2355 fiat.
3036 2301 3091 2356 Si
3132 2308 3309 2356 autem
3348 2319 3454 2356 non

1875 2406 2090 2462 posum
2124 2390 2195 2464 [al
2262 2390 2551 2463 possumus]
2578 2391 2781 2457 dicere,
2826 2392 2951 2461 quid
2999 2391 3130 2446 mihi
3159 2393 3453 2448 emendati-

1874 2480 2000 2538 dum
2022 2483 2267 2537 videatur
2289 2483 2339 2536 in
2362 2482 2576 2551 scriptis
2599 2483 2723 2545 tuis,
2752 2497 2851 2537 nec
2874 2493 2926 2536 tu
2953 2484 3004 2535 in
3033 2484 3184 2548 meis,
3211 2483 3312 2538 nisi
3334 2499 3455 2539 cum

1875 2576 2182 2643 suspicione
2211 2573 2444 2640 invidizc,
2491 2583 2581 2627 aut
2621 2572 2843 2628 lmsione
2892 2573 3181 2639 amicitiae;
3212 2575 3458 2643 quiesca-

1877 2685 1996 2724 mus
2026 2669 2093 2722 ah
2122 2669 2223 2731 bis,
2265 2677 2321 2722 et
2359 2679 2557 2721 nostra:
2590 2668 2710 2721 vitm
2736 2667 3001 2737 salutique
3030 2682 3329 2735 parcamus.
3364 2667 3461 2722 Mt-

1877 2779 1975 2817 NUS
2023 2778 2196 2817 οειιτε
2240 2770 2557 2831 assequatur
2585 2760 2672 2813 illa
2702 2760 2781 2829 (d)
2822 2775 2941 2828 qua:
2986 2758 3154 2825 inﬂat,
3194 2759 3320 2813 dum
3354 2775 3458 2813 non

1877 2853 2177 2909 olleudatur
2209 2853 2295 2906 illa
2322 2869 2441 2922 quae
2471 2850 2721 2905 aedificat.
2752 2851 2861 2919 Ego
2890 2865 2974 2903 me.
3001 2850 3153 2918 longe
3189 2863 3310 2904 esse
3336 2865 3461 2902 sen-

1880 2946 1953 2999 tio
1990 2945 2057 2998 ab
2081 2945 2169 2998 illa
2203 2943 2552 3013 perfectione,
2583 2940 2651 2995 de
2677 2955 2776 3010 qua
2815 2941 3070 3008 scriptum
3102 2948 3188 2994 e~t
3215 2957 3227 2993 :
3263 2939 3324 2994 Si
3348 2941 3461 3010 quis

1879 3038 1932 3091 in
1968 3036 2114 3090 verba
2156 3052 2257 3089 non
2283 3032 2515 3101 oﬂ'endit,
2543 3035 2625 3086 llic
2666 3036 2914 3103 perfectus
2944 3040 3017 3085 est
3060 3031 3137 3084 vir
3158 3030 3364 3101 (Jacob.
3403 3032 3459 3087 3.

1878 3131 1956 3199 ‘2).
1988 3129 2094 3185 Sed
2125 3129 2277 3199 plane
2321 3128 2371 3181 in
2405 3127 2496 3180 Dei
2530 3124 2894 3179 misericordia
2923 3134 3050 3193 puto
3079 3139 3163 3178 me
3188 3138 3349 3194 posse
3386 3122 3464 3178 fa-

1880 3226 1982 3280 cile
2008 3226 2103 3281 abs
2136 3234 2188 3279 te
2221 3233 2399 3292 petere
2428 3221 2660 3286 veniam,
2705 3220 2747 3272 si
2776 3219 2901 3287 quid
2927 3217 3124 3273 oll'endi
3160 3218 3301 3289 quod
3333 3217 3462 3274 mihi

1882 3318 2093 3387 aperire
2134 3315 2336 3379 debes;
2368 3323 2423 3368 ut
2465 3329 2588 3368 eum
2623 3322 2675 3367 te
2712 3312 2955 3376 audiero,
2982 3313 3205 3367 luercris
3245 3310 3462 3367 fratrem

1884 3418 2030 3462 tuum
2059 3407 2273 3477 (Matth.
2307 3403 2418 3474 18).
2452 3405 2633 3472 Neque
2654 3403 2796 3458 enim
2824 3404 2945 3473 quia
2979 3406 3079 3458 hoc
3107 3413 3331 3472 pr0pter,
3350 3402 3466 3456 lon-

1882 3497 2234 3569 ginquitatem
2275 3506 2541 3551 terrarum
2574 3512 2678 3548 non
2723 3504 2877 3563 potes
2907 3493 3085 3548 facere
3130 3494 3269 3549 inter
3296 3508 3383 3548 me
3410 3503 3469 3547 et

1886 3600 1956 3651 ιιι,
1990 3598 2267 3655 propterea
2296 3587 2459 3641 debes
2500 3587 2678 3640 sinere
2707 3599 2889 3639 errare
2930 3599 3033 3638 me.
3068 3584 3293 3638 Prorsus
3320 3583 3464 3652 quod

1884 3680 1950 3735 ad
1979 3680 2121 3749 ip~as
2148 3695 2252 3741 ree,
2280 3694 2414 3747 quas
2441 3692 2600 3732 nosse
2632 3676 2896 3739 volumus,
2913 3675 3180 3738 attmet,si
3198 3673 3324 3744 quid
3350 3674 3465 3729 veri

1888 3786 1975 3825 me
1992 3781 2173 3825 tenere
2190 3770 2272 3823 vel
2291 3768 2522 3831 scio,vel
2545 3765 2817 3830 credo,vel
2852 3776 2998 3832 puto,
3018 3765 3070 3817 in
3099 3780 3207 3832 quo
3229 3774 3282 3817 ιιι
3310 3765 3470 3818 aliter

1885 3862 2075 3920 sentis.
2105 3870 2362 3928 quantum
2390 3857 2483 3909 dat
2513 3856 2768 3909 Domitius
2796 3855 2912 3906 sine
2942 3862 3028 3905 tua
3062 3852 3273 3919 injuria,
3302 3866 3435 3906 cena
3454 3882 3468 3892 ο

1889 3950 1986 4003 bor
2011 3962 2275 4002 asserere.
2302 3944 2457 4010 Quod
2479 3954 2656 3998 autem
2684 3942 2913 4008 pertinet
2974 3941 3136 4013 735
3208 3940 3273 3994 ad
3300 3940 3439 3994 oll'en
3457 3971 3472 3982 -

1888 4040 2093 4094 sionem
2118 4049 2279 4098 tuam,
2303 4050 2424 4091 cum
2450 4043 2500 4089 te
2527 4033 2857 4103 indignatum
2887 4046 3130 4094 sensero,
3160 4029 3293 4085 nihil
3322 4030 3466 4085 aliud

1889 4146 2046 4199 quam
2078 4129 2286 4183 veniam
2317 4125 2666 4193 deprecabor.

1963 4219 2051 4274 t0.
2098 4236 2116 4268 ι
2147 4217 2256 4272 Nec
2284 4216 2503 4269 omnino
2542 4213 2839 4269 arbitrabor
2862 4210 2957 4285 [.tl.
2988 4209 3227 4283 arbitror]
3266 4220 3319 4267 te
3343 4225 3468 4266 suc-

1890 4324 2115 4363 censere
2140 4307 2398 4377 potoisse,
2430 4305 2528 4359 nisi
2560 4315 2651 4359 aut
2670 4303 2779 4358 hoc
2803 4303 3037 4358 dicerem
3064 4303 3209 4374 quod
3241 4316 3348 4357 non
3373 4302 3469 4358 dc-

1893 4402 2003 4461 bui.
2043 4408 2134 4454 aut
2164 4414 2267 4451 non
2312 4397 2390 4451 sic
2418 4395 2677 4461 dicerem,
2708 4395 2941 4450 utdebui
2972 4410 2986 4446 :
3020 4396 3142 4459 quia
3172 4410 3270 4449 nec
3306 4393 3472 4448 miror

1892 4505 1993 4544 nos
2020 4472 2196 4543 minus
2222 4487 2360 4543 scire
2388 4487 2638 4550 invicem,
2671 4501 2828 4555 quam
2855 4486 3055 4540 scimur
3082 4500 3111 4539 a
3140 4484 3472 4555 conjunctis-

1893 4582 2043 4636 simis
2073 4590 2128 4636 et
2152 4580 2580 4635 familiarissimis
2612 4579 2827 4633 nostris.
2858 4579 2914 4633 lu
2946 4592 3174 4645 quorum
3204 4591 3304 4645 ego
3332 4577 3474 4630 cari-

1900 4682 2084 4735 tatem,
2106 4670 2296 4737 fateor,
2318 4670 2473 4726 facile
2505 4687 2589 4725 tne
2619 4679 2786 4723 totum
2821 4666 3375 4737 projicio,pr:csertim
3407 4664 3478 4718 fa-

1899 4763 2116 4834 tigatum
2142 4762 2410 4817 scandulis
2432 4762 2650 4823 srcculi;
2683 4771 2737 4815 et
2766 4762 2817 4813 in
2848 4775 2909 4813 ca
2942 4759 3059 4813 sine
3089 4758 3192 4812 ulla
3216 4757 3475 4813 Sollicitu-

1897 4856 2021 4910 dine
2044 4843 2343 4924 requiesco.
2366 4852 2495 4905 hum
2519 4853 2716 4920 quippe
2739 4850 2847 4903 illic
2872 4863 2994 4903 esse
3013 4848 3207 4912 sentio,
3236 4847 3286 4900 iu
3311 4863 3473 4916 quem

1901 4961 1987 4999 me
2026 4959 2247 4998 securus
2274 4942 2519 5012 projicio,
2561 4951 2617 4995 et
2662 4942 2715 4994 in
2755 4954 2862 5009 quo
2905 4953 3129 4993 securus
3167 4938 3469 5007 requiesco.

1897 5034 2007 5090 Nec
2040 5034 2092 5086 in
2133 5034 2232 5087 hac
2268 5048 2382 5086 mea
2409 5030 2716 5092 securitate,
2749 5028 3041 5084 crastinum
3072 5026 3198 5082 illud
3228 5025 3477 5081 humana:

1902 5122 2203 5191 fragilitatis
2260 5122 2559 5186 incertum,
2623 5119 2691 5175 de
2739 5135 2845 5189 quo
2900 5119 3147 5188 superius
3208 5118 3475 5188 ingeniui,

1902 5212 2121 5268 Omnino
2152 5210 2398 5265 formido.
2430 5210 2561 5265 Cum
2591 5210 2736 5265 enim
2761 5209 3031 5264 hominem
3059 5209 3360 5264 Christiana
3385 5223 3478 5263 ca-

1946 5341 2039 5411 .(c)
2073 5340 2317 5411 Adnotaint
2335 5341 2640 5411 Benedictini
2661 5380 2676 5403 ,
2702 5342 2803 5406 legi
2828 5343 2877 5411 in_
2890 5342 3072 5411 decem
3094 5342 3209 5411 Mss.
3235 5354 3343 5405 qua
3367 5354 3485 5411 (πιρ-

1906 5401 2036 5452 niam
2058 5402 2402 5466 concoz'dontes
2426 5402 2588 5466 delere
2611 5401 2702 5454 non
2725 5401 2966 5466 poterﬂis,
2991 5401 3288 5453 concordare
3308 5401 3484 5466 nolitis,

1906 5471 2057 5526 atque
2082 5465 2129 5512 in
2168 5476 2265 5527 uno
2286 5462 2620 5527 Cisterciensi,
2646 5462 2755 5527 qua:
2776 5462 3059 5525 quandoque
3079 5466 3303 5527 quoniam
3325 5462 3488 5527 delere

1907 5523 1999 5573 non
2025 5523 2257 5589 poteritis,
2281 5523 2575 5576 concordare
2598 5523 2775 5578 nolitis.
2793 5523 3042 5577 Victorius
3059 5523 3246 5587 maluit,
3268 5526 3488 5589 quamlu-

1908 5598 2000 5649 que
2018 5586 2301 5649 concordes,
2324 5593 2419 5649 etc.

1971 5645 2353 5716 (d)JDuo_edi_ti
2394 5647 2503 5698 libri
2534 5647 2623 5700 illa
2643 5650 2874 5702 sententia
2896 5663 3023 5715 qum,
3051 5659 3149 5701 etc.
3175 5650 3276 5700 Sed
3310 5662 3370 5699 ea
3395 5660 3487 5698 vox

1908 5710 2109 5760 attentio
2130 5710 2385 5761 redundat.
