4054 6192
160 382 262 442 9l7

159 500 329 555 fronte
354 493 714 566 blasphemum
742 490 819 559 (l.
851 482 978 559 Reg.
1013 487 1103 556 17)
1126 500 1143 550 ;
1174 492 1230 539 ct
1257 483 1311 537 in
1335 497 1397 537 ea
1425 491 1573 552 parte
1597 498 1723 536 cor-

157 591 302 659 poris
344 584 668 647 vulnerans,
710 582 762 633 in
808 594 911 649 qua
951 586 1006 633 et
1045 584 1399 646 praesumptor
1441 571 1725 627 sacerdotii

155 679 308 737 Ozias
334 676 475 748 lepra
508 673 799 745 percutitur
826 671 906 741 (2.
933 668 1116 723 Paral.
1143 666 1252 737 26),
1289 676 1344 720 et
1371 675 1588 720 sanctus
1612 664 1725 734 glo-

154 773 320 824 riatur
345 770 395 821 itt
427 766 647 820 Domino
672 763 859 817 dicens
891 778 904 812 :
942 761 1209 829 Signatunt
1248 767 1320 810 est
1349 773 1500 825 super
1526 772 1617 808 nos
1645 753 1725 807 lu-

151 877 262 914 men
287 860 448 912 vultus
468 856 562 921 tui,
592 854 810 908 Domine
834 851 1005 921 (Psal.
1037 852 1093 904 4.
1119 849 1195 919 7).
1222 849 1468 902 Dicamus
1495 846 1653 916 igitur
1671 852 1727 899 et

150 966 246 1005 nos
272 967 287 1004 :
315 948 561 1001 Paratum
598 963 684 1000 cor
717 961 904 1008 meum,
940 941 1096 1007 Deus,
1140 950 1372 1011 paratum
1405 956 1491 992 cor
1510 954 1673 991 meum
1706 953 1722 1002 ;

147 1041 356 1094 cantabo
380 1026 665 1107 et'psallam
688 1037 741 1089 in
769 1034 931 1103 gloria
948 1034 1087 1085 'mett.
1114 1026 1349 1099 Exsurge
1370 1027 1663 1097 psalterium
1679 1035 1725 1080 et

145 1132 379 1191 cithara;
408 1143 673 1197 exsurgant
710 1122 937 1178 diluculo
960 1121 1130 1195 (Psal.
1165 1119 1253 1175 56.
1283 1120 1336 1173 8.
1362 1118 1416 1173 9.
1449 1127 1495 1171 et
1518 1116 1639 1171 107.
1671 1118 1724 1172 l.

145 1222 200 1290 2)
231 1237 246 1280 ;
276 1232 330 1273 ut
360 1220 412 1272 in
444 1218 597 1271 nobis
624 1217 792 1286 possit
820 1215 1029 1283 impleri
1061 1230 1074 1264 :
1102 1212 1256 1279 Aperi
1275 1227 1332 1264 os
1363 1220 1524 1271 tuum,
1554 1218 1599 1263 et
1634 1224 1725 1279 ego

144 1310 431 1379 udimplebo
457 1306 588 1361 illud
618 1305 740 1376 (Ps.
768 1305 857 1359 80.
892 1302 1003 1373 ll).
1033 1302 1101 1356 Et
1133 1320 1146 1355 :
1180 1299 1427 1353 Dominus
1456 1298 1594 1351 dabit
1617 1313 1727 1351 ver-

143 1403 256 1454 bum
273 1400 730 1470 erangelizantibus
746 1400 927 1450 virtute
945 1395 1104 1447 multa
1123 1391 1239 1465 (Ps.
1263 1391 1351 1446 67.
1379 1390 1485 1456 12).
1510 1389 1587 1444 Te
1601 1403 1726 1458 quo-

144 1507 245 1561 que
276 1490 349 1561 (a)
379 1492 479 1544 hoc
505 1488 677 1557 ipsum
699 1501 855 1541 orare
884 1501 988 1538 nott
1016 1483 1222 1547 dubito,
1246 1481 1459 1535 utinter
1480 1495 1577 1533 nos
1591 1492 1725 1533 con-

144 1581 419 1637 tendentes
459 1580 659 1634 verilas
731 1573 896 1649 738
966 1582 1203 1648 superet.
1247 1570 1364 1627 Non
1404 1572 1548 1627 enim
1580 1578 1723 1624 tuam

144 1675 336 1745 quieris
375 1672 626 1743 gloriam,
667 1671 763 1726 sed
804 1669 1026 1724 Christi.
1059 1667 1300 1736 Cumque
1343 1675 1396 1720 tu
1428 1664 1641 1729 viceris,
1670 1671 1726 1719 et

144 1780 240 1836 ego
266 1764 503 1828 vincam,
531 1762 577 1817 si
602 1777 780 1817 meum
803 1774 1042 1816 errorem
1071 1756 1387 1812 intellexero
1417 1773 1433 1811 :
1462 1766 1516 1811 et
1544 1771 1577 1811 e
1596 1769 1725 1810 con-

143 1859 304 1913 trario
325 1873 411 1912 me
440 1856 712 1919 vincente,
749 1865 803 1908 tu
829 1866 1050 1922 superas
1075 1868 1089 1916 ;
1118 1850 1241 1919 quia
1274 1863 1379 1902 non
1410 1847 1502 1902 lilii
1529 1862 1724 1917 paren-

141 1949 298 2013 tibus,
322 1948 415 2003 sed
448 1956 698 2017 parentes
722 1941 1241 1999 ﬁliisthesaurizant.
1272 1937 1339 1994 Et
1368 1938 1419 1992 in
1450 1936 1724 2007 Paralipo-

138 2054 330 2094 menon
356 2037 498 2093 libro
524 2037 770 2107 legimus,
798 2031 940 2101 quod
972 2031 1063 2085 lilii
1094 2030 1256 2084 Israel
1285 2028 1350 2082 ad
1380 2026 1720 2098 pugnandum

137 2130 501 2200 processerint
518 2139 681 2180 mente
701 2125 915 2194 paciﬁca
933 2138 952 2176 :
968 2122 1108 2176 inter
1125 2120 1269 2191 ipsos
1285 2134 1494 2189 quoque
1513 2116 1722 2187 gladios

137 2231 191 2277 et
215 2221 507 2276 cllusiones
537 2217 810 2286 sanguinis
836 2225 890 2268 ct
915 2213 1173 2267 cadavera
1197 2218 1581 2279 prostratorum
1613 2222 1719 2262 non

134 2321 310 2370 suam,
333 2304 426 2359 scd
456 2303 609 2374 pacis
632 2299 906 2354 victoriam
933 2295 1249 2365 cogitantes.
1280 2291 1720 2362 Respondeamus

135 2397 299 2466 igitur
322 2394 387 2449 ad
419 2394 639 2455 omnia;
671 2406 734 2444 ac
763 2389 1083 2458 multiplices
1119 2387 1461 2456 quarstiones,
1491 2385 1536 2439 si
1559 2383 1719 2438 Chri-

133 2495 248 2540 stus
272 2484 533 2552 jusserit,
564 2481 710 2535 brevi
753 2493 1002 2533 sermone
1043 2476 1332 2530 solvamus.
1363 2475 1721 2529 Prauertuitlo

140 2576 477 2632 salutationis
515 2572 714 2639 ofﬁcia,
759 2571 952 2641 quibus
982 2584 1159 2623 meum
1200 2567 1471 2621 demulces
1515 2574 1716 2633 caput:

140 2664 291 2723 taceo
316 2668 384 2722 de
416 2664 721 2730 blanditiis,
749 2662 943 2733 quibus
987 2659 1455 2729 reprehensionem
1487 2659 1588 2711 mei
1621 2655 1715 2728 [a|.

140 2758 320 2830 meum]
354 2760 542 2814 niteris
565 2754 852 2811 consolari.
883 2752 961 2807 Ad
991 2752 1132 2823 ipsas
1160 2763 1348 2805 causas
1378 2749 1608 2802 veniam.

202 2849 256 2903 5.
287 2849 430 2902 Dicis
451 2847 723 2915 accepisse
744 2855 795 2899 te
822 2843 1013 2897 librutn
1036 2856 1212 2895 meum
1235 2855 1262 2890 a
1279 2838 1509 2908 quodam
1532 2838 1714 2903 fratre,

134 2941 222 3008 qui
256 2939 465 2993 titulum
496 2952 600 2991 non
632 2936 874 3001 haberet,
905 2933 960 2987 in
988 2947 1094 3001 quo
1119 2929 1421 3000 Scriptores
1450 2927 1717 2983 Ecclesia-

133 3026 296 3083 sticos
355 3038 459 3082 tam
516 3025 733 3082 Cmecos
787 3038 946 3093 quam
997 3021 1217 3076 Latinos
1267 3018 1711 3074 enumeraverim.

130 3119 371 3188 Cumque
399 3118 467 3172 ab
493 3132 558 3171 eo
578 3130 870 3186 quiereres,
892 3124 951 3167 ut
973 3114 1076 3166 tuis
1098 3111 1275 3165 verbis
1295 3120 1434 3176 utar,
1462 3126 1552 3162 cur
1579 3108 1716 3161 litui-

130 3209 268 3261 naris
294 3209 486 3277 pagina
527 3221 626 3258 non
655 3212 778 3257 esset
802 3203 1065 3272 inscripta,
1094 3201 1172 3254 vel
1194 3215 1293 3269 quo
1317 3209 1597 3253 censeretur
1624 3215 1717 3251 no.

128 3303 283 3363 mine,
309 3294 656 3366 respondisse
675 3292 934 3363 appellari
966 3290 1297 3362 Epitaphium
1318 3304 1336 3341 :
1359 3297 1413 3343 et
1435 3302 1718 3358 argnmen~

129 3391 281 3452 taris,
316 3389 458 3458 quod
494 3398 637 3442 recte
670 3387 750 3441 sic
780 3393 1081 3445 vocaretur,
1112 3382 1156 3435 si
1185 3397 1369 3436 eorum
1397 3389 1599 3434 tantum
1629 3379 1713 3434 vel

126 3481 265 3535 vitas
292 3481 376 3534 νυι
405 3480 604 3548 scripta
637 3477 706 3531 ibi
732 3476 976 3545 legisses.
1004 3475 1091 3543 qui
1116 3471 1225 3542 jam
1250 3469 1483 3525 defuncti
1512 3478 1710 3523 essent.

126 3574 258 3625 Cttm
289 3586 423 3626 vero
453 3569 743 3623 multorum
787 3576 842 3621 et
867 3579 933 3620 eo
962 3573 1202 3632 tempore
1227 3576 1332 3630 quo
1361 3558 1711 3624 scribebatur,

126 3675 177 3716 et
208 3679 350 3717 nunc
379 3676 548 3730 usque
578 3651 913 3721 viventium,’
938 3655 1007 3708 ibi
1049 3660 1538 3708 commemorentur
1575 3664 1714 3718 Opu-

127 3755 270 3808 scula
296 3794 313 3819 ,
364 3752 551 3807 mirari
583 3760 668 3815 te,
709 3766 807 3804 cur
832 3748 883 3803 ei
912 3747 1052 3802 hunc
1083 3745 1293 3800 titulum
1343 3741 1709 3812 imposuerim.

135 3837 268 3899 Pttio
288 3844 592 3913 intelligere
622 3840 957 3911 prudentiam
981 3849 1144 3902 tuam,
1168 3835 1308 3906 quod
1331 3850 1395 3890 ex
1417 3849 1580 3902 opere
1600 3838 1716 3901 ipso

129 3934 338 3987 titulum
375 3934 621 4001 potueris
651 3931 967 3998 intelligere.
1013 3927 1209 3996 Legisti
1247 3927 1389 3980 enim
1418 3934 1473 3977 et
1497 3924 1716 3978 Grmcos

120 4031 177 4078 vl
199 4025 447 4086 Latinos,
470 4021 560 4088 qui
578 4021 713 4073 vilas
734 4019 965 4072 virorum
988 4016 1275 4069 illustrium
1291 4013 1712 4078 descripserunt,

120 4114 262 4181 quod
296 4125 572 4180 nunquam
600 4108 675 4181 (b)
699 4106 1035 4177 Epitaphium
1056 4104 1266 4158 titultun
1290 4100 1597 4158 indiderint,
1621 4098 1714 4151 sed

124 4207 193 4260 de
221 4204 535 4259 lllustribus
577 4200 736 4260 Viris,
768 4197 914 4251 verbi
944 4195 1130 4266 gratia,
1179 4191 1430 4251 Ducibus,
1466 4188 1716 4243 Philoso-

125 4299 268 4367 phis,
296 4293 638 4353 Oratoribus,
666 4288 967 4351 Historicis,
997 4285 1192 4347 l’oetis,
1225 4281 1428 4351 Epicis,
1453 4278 1712 4348 Tragicis,

123 4366 353 4443 Cotnicis
390 4405 404 4442 :
438 4383 782 4455 Epitaphium
826 4389 1003 4432 autetn
1056 4377 1269 4445 proprie
1317 4370 1571 4426 scribitur
1617 4366 1713 4439 [al.

122 4475 439 4549 inscribitur]
472 4485 802 4542 mortuorum
833 4487 847 4525 :
875 4468 1015 4538 quod
1058 4465 1271 4537 quidem
1303 4463 1357 4517 in
1394 4460 1717 4516 dormitione

121 4581 322 4625 sancta:
369 4568 648 4624 memoria:
695 4561 974 4632 Nepotiani
1016 4557 1318 4628 Presbyteri
1360 4554 1489 4607 olim
1524 4551 1717 4606 fecisse

123 4678 206 4714 me
238 4661 385 4715 novi.
424 4660 572 4728 Ergo
601 4657 688 4711 hit:
716 4654 852 4708 liber
880 4652 943 4703 de
972 4649 1266 4703 Illustribus
1307 4644 1455 4707 Viris,
1488 4643 1574 4697 vel
1595 4657 1718 4712 pro—

124 4751 238 4819 prie
284 4751 351 4803 de
398 4745 751 4817 Scriptoribus
797 4739 1169 4796 Ecclesiasticis
1212 4734 1563 4806 appellandus
1598 4743 1714 4787 est:

123 4844 247 4896 licet
275 4858 306 4895 a
340 4843 614 4912 plerisque
644 4834 1079 4893 emendatoribus
1108 4830 1392 4901 imperitis,
1422 4827 1490 4882 de
1520 4825 1713 4879 Aucto-

120 4934 260 4986 ribus
286 4934 498 4987 dicatur
522 4932 831 4999 inscriptus.

190 5025 247 5079 ι.
284 5023 540 5079 Secundo
569 5022 689 5076 loco
714 5019 932 5090 quaeris,
960 5032 1059 5072 cur
1087 5013 1312 5070 dixerim
1351 5011 1403 5064 in
1429 5009 1731 5064 Commen-

122 5116 273 5170 tariis
320 5113 578 5184 Epistolte
616 5112 682 5166 ad
725 5110 971 5175 Galatas,
1047 5105 1212 5179 739
1288 5100 1508 5156 Paulum
1558 5098 1612 5151 id
1661 5098 1714 5150 in

123 5206 287 5261 Petro
320 5222 428 5259 non
463 5205 701 5275 potuisse
726 5200 1147 5271 reprehendere,
1166 5193 1307 5265 quod
1337 5193 1452 5262 ipse
1478 5191 1712 5244 fecerat;

124 5314 221 5350 nec.
252 5297 304 5351 in
333 5299 445 5351 alio
466 5311 692 5366 arguere
722 5293 1141 5355 simulationem,
1168 5286 1318 5357 cujus
1349 5286 1463 5354 ipse
1492 5280 1717 5336 teneba-

125 5399 213 5441 tur
238 5403 398 5442 reus:
424 5398 478 5442 et
506 5387 704 5442 asseris
720 5382 1193 5454 reprehensionem
1219 5375 1580 5447 ApOstolicam
1607 5385 1712 5424 non

126 5477 294 5531 fuisse
315 5478 786 5547 dispensatoriam,
819 5475 915 5530 sed
944 5488 1123 5528 veram
1151 5489 1165 5538 ;
1190 5480 1242 5525 et
1266 5483 1353 5523 me
1383 5481 1486 5520 non
1514 5462 1715 5517 debere

128 5565 323 5622 docere
351 5567 713 5634 mendacium,
741 5568 836 5623 sed
880 5565 1128 5621 universa
1171 5576 1291 5629 qua:
1320 5557 1517 5625 scripta
1545 5560 1706 5616 sunt,

188 5721 261 5784 (It)
295 5704 624 5784 Benedictini,
651 5732 913 5784 [equoque
936 5719 1111 5784 ipsum,
1131 5722 1228 5784 etc.
1332 5774 1346 5784 γ’

297 5767 1415 5849 lidct‘tt'r‘E'ﬂ-ﬂbtlhitimhuic'ollcri'scripwri’m
1438 5767 1541 5830 “‘1’
1574 5774 1671 5817 ρκ’

1510 340 1832 427 EPISTULA
1872 366 2032 428 cxu.

3313 381 3417 438 9l8

1835 485 1905 536 ila
1935 498 2148 547 sonare,
2187 494 2244 539 ttt
2271 485 2467 553 scripta
2496 495 2640 540 sunt.
2672 487 2753 541 Ad
2778 503 2895 558 qua:
2925 491 3154 558 primunt
3186 509 3417 565 respon-

1831 575 1954 638 deo,
1981 575 2233 631 debuisse
2261 578 2597 647 prudentiam
2630 589 2771 632 tuam
2802 579 3226 639 Pratfatiunculze
3249 586 3415 642 Com-

1832 668 2218 722 mentariorum
2239 684 2481 723 meorum
2503 670 2833 735 meminisse,
2853 669 3079 725 dicentis
3099 687 3167 726 ex
3184 689 3412 742 persona

1832 771 1972 809 mea.
2009 775 2028 809 I
2063 758 2198 825 Quid
2248 759 2408 827 igitur
2432 774 2531 828 ego
2557 760 2771 825 stultus,
2812 762 2885 831 (ε)
2926 771 3018 814 aut
3055 766 3370 819 temerarius
3408 807 3427 834 ,

1831 848 1920 917 qui
1953 847 2003 900 id
2032 849 2322 916 pollicear,
2350 849 2490 918 quod
2527 850 2614 904 ille
2639 866 2744 904 non
2775 846 2987 920 potuit?
3014 853 3229 909 Minime
3252 873 3265 908 ε
3285 858 3413 924 quin

1831 938 2007 1005 potius
2051 938 2103 992 in
2130 954 2216 1002 eo,
2246 939 2329 1007 (ά)
2361 949 2417 993 ut
2446 940 2574 994 mihi
2605 939 2823 1009 videor,
2851 944 3057 997 cautior
3080 953 3239 1014 atque
3266 945 3414 1003 timi-

1830 1024 1970 1092 dior,
2000 1027 2140 1096 quod
2186 1028 2602 1082 imbecillitatem
2646 1030 2836 1084 virium
2865 1046 3103 1085 mearum
3133 1034 3373 1088 sentiens
3394 1076 3411 1101 ,

1830 1115 2078 1187 Origcnis
2116 1119 2545 1176 Commentarios
2584 1131 2799 1178 secutus
2836 1138 2974 1177 sum.
3004 1125 3230 1194 Scripsit
3269 1127 3410 1181 enim

1831 1210 1922 1265 ille
1964 1211 2046 1266 vir
2082 1213 2134 1267 in
2175 1213 2468 1282 Epistulam
2516 1214 2665 1269 Pauli
2702 1217 2767 1269 ad
2814 1216 3028 1272 Galatas
3071 1219 3304 1288 quinque
3333 1221 3408 1289 (e)

1832 1303 2043 1371 proprie
2068 1304 2365 1369 volumina,
2403 1315 2458 1360 et
2497 1304 2764 1360 decimum
2807 1306 3146 1364 Stromateon
3192 1326 3410 1366 suorum

1831 1389 2046 1455 librum,
2075 1395 2395 1449 commatico
2432 1408 2594 1465 super
2620 1398 2994 1466 etplanatione
3019 1398 3134 1468 ejus
3161 1414 3411 1457 sermone

1828 1482 2134 1551 complevit.
2159 1483 2439 1539 Tractatus
2458 1501 2669 1555 quoque
2690 1488 2886 1551 varios,
2908 1499 2963 1542 et
2983 1488 3264 1559 Excerpta,
3289 1507 3410 1560 qua:

1830 1573 1918 1628 vel
1961 1574 2074 1628 sola
2118 1586 2339 1644 possent
2386 1575 2480 1648 [al.
2527 1577 2742 1650 possint]
2772 1580 3053 1644 sufficere,
3086 1583 3406 1650 composuit.
3460 1560 3477 1573 ’

1829 1665 2191 1721 Praetermitto
2218 1668 2499 1738 Didymum
2525 1670 2794 1724 videntem
2818 1687 3019 1737 meum,
3045 1681 3100 1727 et
3124 1672 3192 1744 (Γ)
3213 1673 3410 1727 Laodi-

1826 1772 2040 1818 ccnutn.
2069 1758 2136 1812 de
2174 1759 2407 1814 Ecclesia
2436 1776 2606 1828 nuper
2632 1777 2927 1830 egressum.
2960 1772 3015 1818 et
3046 1764 3407 1819 Alexandrum

1827 1855 2061 1902 veterem
2091 1848 2423 1914 haireticum,
2451 1850 2741 1905 Eusebium
2768 1865 2982 1919 quoque
3008 1852 3334 1918 Emisennm,
3355 1863 3410 1909 et

1826 1938 2169 1993 Theodorum
2195 1938 2563 1994 Heracleotem
2589 1958 2602 1993 :
2632 1940 2721 2009 qtti
2748 1949 2804 1995 et
2829 1941 2926 2010 ipsi
2949 1942 3231 1997 nonnullos
3247 1958 3411 2013 super

1827 2028 1927 2084 hac
1957 2045 2015 2084 re
2042 2029 2526 2086 Commentariolos
2572 2031 2922 2101 reliquerunt.
2957 2031 2999 2085 E
3029 2031 3221 2102 quibus
3245 2033 3290 2088 si
3320 2034 3405 2089 vel

1827 2135 1992 2190 pauca
2033 2121 2400 2190 decerperem,
2431 2122 2585 2176 fleret
2625 2121 2855 2191 aliquid,
2881 2121 3023 2191 quod
3064 2139 3168 2177 non
3197 2125 3409 2193 penitus

1824 2220 2281 2266 contemneretur.
2309 2210 2490 2282 Itaque
2510 2219 2570 2265 ut
2596 2211 2910 2281 simpliciter
2934 2212 3122 2278 fatear,
3151 2214 3252 2283 lcgi
3293 2214 3409 2270 haec

1824 2302 2027 2368 omnia,
2055 2312 2105 2356 et
2137 2303 2190 2357 in
2218 2313 2397 2358 mente
2435 2317 2552 2357 mea
2582 2302 2807 2372 plurima
2851 2317 3196 2365 coacervatis,
3234 2305 3408 2359 accito

1825 2395 2055 2460 notario,
2086 2394 2169 2449 vel
2193 2409 2334 2459 mea,
2367 2393 2447 2449 vel
2482 2394 2655 2448 aliena
2676 2392 2895 2458 dictavi,
2923 2407 3023 2448 nec
3051 2393 3275 2458 ordinis,
3307 2409 3408 2449 nec

1823 2486 2141 2550 verborum,
2190 2484 2457 2540 interdum
2496 2498 2597 2538 nec
2624 2498 2879 2539 sensuum
2922 2480 2997 2553 (g)
3038 2499 3260 2538 memor.
3288 2484 3406 2539 Jam

1826 2580 2035 2634 Domini
2065 2577 2450 2633 misericordia:
2473 2586 2575 2642 est,
2607 2593 2676 2632 ne
2704 2591 2801 2647 per
2820 2575 3140 2647 imperitiam
3168 2586 3405 2630 nostram

1821 2670 1889 2725 ab
1917 2670 2036 2723 aliis
2064 2670 2200 2724 bene
2226 2668 2368 2724 dicta
2394 2668 2736 2738 dispeream;
2767 2675 2823 2722 et
2858 2679 2964 2721 non
2991 2665 3237 2735 placeant
3266 2665 3410 2720 inter

1821 2771 2127 2825 extraneos.
2156 2776 2276 2831 qua:
2304 2760 2517 2830 placent
2542 2761 2682 2815 inter
2710 2756 2881 2831 suos).
2914 2777 2932 2810 ι
2962 2756 3017 2812 Si
3064 2756 3191 2827 quid
3243 2756 3404 2826 igitur

1822 2852 2235 2923 reprehensione
2264 2849 2483 2921 dignum
2512 2859 2802 2919 putaveras
2834 2848 2887 2902 iu
2910 2846 3282 2917 explanatione
3308 2860 3407 2899 no-

1821 2955 1954 3010 stra,
1985 2942 2300 2998 eruditionis
2331 2949 2435 2995 tute
2476 2937 2648 2994 fuerat
2685 2952 2947 3006 quam-re,
2988 2946 3165 2990 utrum
3195 2949 3256 2989 ea
3286 2949 3408 3004 qua:

1820 3036 2131 3104 scripsimus
2154 3074 2170 3098 ,
2200 3032 2524 3087 haberentur
2565 3029 2617 3082 iu
2648 3027 2871 3090 Grarcis,
2905 3035 2962 3080 ttt
2989 3026 3033 3081 si
3075 3025 3149 3079 illi
3192 3039 3300 3079 non
3326 3024 3409 3078 di-

1821 3126 2043 3189 xisscnt,
2063 3135 2189 3178 tunc
2214 3136 2385 3175 meam
2406 3120 2620 3190 proprie
2644 3118 2961 3172 sententiam
2982 3116 3369 3171 condetnnares
3388 3129 3407 3168 :

1821 3215 2117 3284 przesertim
2145 3228 2266 3268 cum
2293 3212 2462 3267 libere
2503 3211 2557 3264 in
2588 3209 2910 3265 Prae-latione
2935 3205 3212 3262 confessus
3251 3205 3350 3258 sim
3385 3245 3402 3273 ,

1817 3306 2063 3377 Origcnis
2087 3303 2515 3361 Commentarios
2534 3317 2619 3356 me
2642 3314 2763 3356 esse
2790 3311 3055 3361 secutum,
3078 3306 3134 3352 et
3152 3297 3233 3352 vel
3261 3313 3404 3361 mea,

1817 3400 1899 3454 vel
1931 3398 2103 3452 aliena
2131 3397 2394 3459 dictasse;
2419 3404 2473 3449 et
2493 3394 2545 3447 itt
2578 3392 2685 3447 line
2710 3390 2951 3460 ejusdem
3025 3388 3189 3460 750
3260 3388 3408 3457 capi-

1820 3492 1939 3557 tuli,
1961 3489 2103 3562 quod
2131 3484 2504 3558 reprehendis,
2536 3482 2841 3553 scripserim
2866 3498 2879 3533 :
2912 3498 2930 3531 t
2966 3478 3041 3550 (Si
3068 3479 3153 3534 cui
3182 3481 3281 3533 iste
3298 3493 3405 3532 nou

1819 3585 1993 3654 placet
2021 3596 2236 3641 sensus,
2267 3594 2375 3650 quo
2406 3592 2505 3632 nec
2545 3576 2738 3631 Petrus
2781 3589 3053 3645 peccasse,
3086 3586 3187 3626 nec
3211 3570 3407 3626 Paulus

1819 3674 2124 3745 procaciter
2149 3672 2456 3727 ostenditur
2485 3668 2726 3738 arguisse
2753 3666 3033 3735 majorem,
3062 3664 3227 3718 debet
3244 3676 3411 3732 expo-

1819 3782 1970 3832 nere,
2001 3781 2104 3835 qua
2124 3761 2506 3832 consequentia
2534 3758 2731 3812 Paulus
2753 3757 2805 3809 itt
2836 3756 3007 3808 altero
3027 3751 3404 3820 reprehendat,

1816 3859 1959 3930 quod
1987 3860 2103 3929 ipse
2132 3852 2445 3924 commisit).
2485 3870 2505 3902 ι
2545 3851 2622 3904 Ex
2652 3863 2757 3919 quo
2784 3845 3034 3907 ostendi,
3066 3859 3152 3897 me
3191 3858 3297 3896 non
3339 3857 3407 3896 ex

1817 3949 2040 4004 deﬁnito
2074 3946 2125 4000 id
2154 3943 2447 3999 defendere
2466 3981 2482 4006 ,
2512 3938 2653 4008 quod
2685 3939 2735 3991 in
2776 3934 2978 3991 Graecis
3007 3934 3239 4002 legerem
3268 3948 3283 3986 :
3311 3932 3407 3986 sed

1818 4055 1880 4095 ea
1910 4036 2240 4107 expressisse
2269 4049 2389 4103 qua:
2420 4034 2651 4101 legeram
2670 4071 2685 4094 ,
2718 4036 2775 4082 ιιι
2805 4025 3025 4107 lectoris
3062 4024 3283 4079 arbitrio
3308 4023 3407 4078 de-

1818 4129 2220 4196 relinquerem,
2274 4102 2452 4178 utrum
2505 4118 2778 4191 probanda
2822 4102 3038 4183 essent,
3089 4130 3156 4169 an
3201 4114 3406 4184 impro-

1821 4217 2017 4273 banda.
3000 4246 3007 4253 .

1889 4307 1944 4363 5.
1971 4307 2053 4361 Tu
2081 4306 2245 4376 igitur
2263 4319 2333 4361 ne
2359 4302 2502 4374 quod
2528 4316 2628 4373 ego
2652 4298 2935 4372 petieram,
2961 4296 3187 4361 faceres,
3207 4309 3405 4350 novum

1818 4408 2194 4470 argumentum
2238 4394 2508 4466 reperisti,
2554 4400 2613 4447 ut
2650 4404 2922 4446 assereres
2963 4387 3202 4445 Gentiles
3230 4387 3318 4456 qui
3353 4386 3408 4440 itt

1817 4490 2087 4546 Christum
2118 4488 2494 4552 credidissent,
2526 4484 2684 4555 Legis
2709 4496 2874 4538 onere
2918 4480 3156 4543 liberos;
3187 4491 3283 4533 eos
3307 4493 3408 4530 au-

1820 4592 1927 4637 tem
1955 4581 2048 4653 qui
2071 4596 2135 4637 ex
2173 4579 2376 4636 Iudaeis
2419 4578 2735 4644 crederent,
2774 4574 2905 4645 Legi
2945 4588 3064 4630 esse
3090 4570 3405 4639 subjectos:

1885 4778 1948 4852 lc)
1986 4779 2314 4852 Repedictini,
2339 4772 2835 4852 actemqgriuquui
2854 4767 3222 4852 pollicetur,
3277 4767 3408 4830 quod

1818 4837 1915 4904 illi,
1934 4837 2036 4904 'etc.
2066 4841 2161 4904 Hic
2183 4839 2530 4904 porro__Mar_ius
2550 4837 2827 4904 Victorinus
2849 4842 2943 4882 est.

1886 4889 1966 4966 (di
1981 4889 2232 4966 Voculam
2247 4908 2298 4966 ut
2324 4900 2662 4966 Ματρί-ευθέως...
2685 4895 2868 4966 aliique
2893 4901 3093 4966 vetet-es
3110 4889 3401 4966 pmiserant.

1818 4951 1982 5015 Codex
2007 4951 2127 5013 vero
2150 4963 2398 5012 Palatinus
2412 4960 2521 5007 ⁸540.
2551 4951 2671 5017 ouili
2694 4951 2920 5015 potius'ut
2940 4951 3060 5003 mihi
3080 4951 3264 5009 videor,
3286 4962 3404 4999 cau-

1817 5026 1911 5075 tior
1933 5032 2073 5083 atque
2096 5022 2328 5079 timidior,
2351 5020 2434 5083 qui
2454 5016 2845 5083 imbecillitatem,
2872 5021 2968 5062 etc.

1855 5038 1911 5073 ω’
1933 5037 1982 5074 αι
2096 5037 2328 5079 umtmor,
2351 5037 2433 5083 qu:
2454 5037 2845 5071 lmvccmuutem,
2872 5037 2968 5062 etc.

1853 5037 2172 5195 rElatiae
2196 5090 2303 5131 erat
2324 5079 2541 5145 propria,
2563 5086 2648 5128 aut
2668 5075 2837 5141 propin
2858 5074 2982 5136 apud
3004 5071 3408 5134 Hieronymlanos

1822 5156 2055 5196 editores.

1884 5191 1981 5271 (Π
1994 5191 2178 5271 inscite
2196 5201 2502 5271 Martianaeps
2519 5207 2627 5271 post
2650 5197 2896 5271 Erasmum
2925 5191 3208 5271 {attineri}
3200 5205 3405 5271 3911191
3428 5194 3439 5235 ε

1819 5252 2014 5318 inveiiit
2029 5252 2076 5313 in
2094 5252 2461 5325 textum.un
2482 5252 2666 5325 jamdiu
2689 5258 2801 5325 olitn
2824 5252 3401 5325 inplorisque'emenda:

1821 5313 2025 5379 tioribus
2047 5326 2163 5375 Mss.
2188 5313 2456 5371 deslde'rari
2482 5313 2748 5376 Victorius,
2771 5313 2947 5379 doctjq.
2994 5313 3080 5363 alii
3124 5315 3211 5379 viri
3233 5313 3402 5379 testati

1817 5376 1933 5440 sunt
1958 5403 1973 5450 ;
1997 5393 2280 5450 constatque
2315 5397 2379 5431 ex
2414 5384 2521 5450 ipsa
2546 5380 2837 5450 Praefatione
2860 5376 3323 5450 minuteutariorum
3353 5376 3405 5423 in

1821 5436 1973 5514 bbisti
1992 5436 2048 5514 ad
2067 5436 2275 5514 Galatas,
2297 5436 2512 5514 maxime
2536 5456 2653 5514 vero
2672 5454 2735 5490 ex
2752 5436 3382 5514 ipsips‘A‘ugusti‘uiArefmn

1819 5495 1965 5563 gas;
1996 5495 2045 5559 3.;
2080 5495 2308 5556 subnexa
2349 5508 2494 5567 epist.
2532 5505 2638 5567 tte.
2674 5495 2805 5550 ηιιιιί.
2830 5500 2878 5548 s.
2904 5495 3025 5567 nete
3040 5495 3402 5567 reticeudtttn:

1818 5553 2295 5626 R‘Eﬁitibdiéém,
2320 5553 2498 5629 inquit,
2522 5553 2661 5627 cujus
2683 5573 2852 5612 nomen
2883 5565 3076 5619 υσεδ,
3098 5555 3161 5609 de
3182 5553 3402 5606 Ecclesia

1748 5663 1755 5668 -
1819 5635 1945 5684 dicis
1965 5645 2118 5694 nuper
2140 5641 2404 5694 egressum,
2440 5637 2538 5677 etc.

1887 5678 2192 5763 l§)"iii'jpée'i
2223 5678 2416 5763 l‘rzefai.
2452 5685 2740 5763 memoriam
2776 5689 3035 5737 retentans.
3072 5688 3184 5733 Jttm
3213 5678 3410 5734 Domini

1822 5756 2005 5810 tantum
2026 5756 2375 5807 tttiscrit'ordiw
2395 5757 2483 5802 est.
3404 5764 3409 5769 -
