4054 6192
636 321 741 375 9ε9

636 444 695 485 ut
722 446 816 498 per
842 437 1183 490 utrorumque
1210 432 1509 486 personam,
1539 424 1594 467 et
1622 411 1817 465 Paulus
1857 421 2002 465 recte
2033 424 2219 475 retro.

638 523 897 575 [tenderet
943 528 1038 568 eos
1090 513 1178 579 qui
1225 508 1420 576 Legem
1464 511 1783 565 servarent,
1824 500 1977 569 quasi
2022 499 2218 551 Doctor

633 614 867 681 gentium
896 625 909 667 ;
937 616 993 660 et
1034 604 1225 658 Petrus
1249 602 1373 668 jure
1402 596 1923 668 reprehenderetur.
1949 594 2040 663 qui
2074 595 2218 660 prin-

630 714 757 766 ceps
774 690 1260 749 circumcisionisid
1285 688 1625 755 imperaverit
1652 685 1748 757 [aL
1774 681 2062 753 imperarit]
2089 698 2216 749 gen.

631 792 794 850 tibus,
812 786 953 857 quod
981 785 1080 837 soli
1102 784 1191 851 qui
1223 798 1287 835 ex
1315 779 1511 834 luds-i-
1530 786 1705 838 erant,
1728 776 2011 828 debuerint
2030 774 2216 825 obSer—

630 898 781 935 vare.
812 880 923 933 Hoc
954 878 999 930 si
1030 876 1226 943 placet,
1254 875 1363 926 imo
1406 871 1531 939 quia
1565 868 1763 937 placet,
1792 876 1852 918 ut
1888 866 2214 933 quicumque

627 975 857 1026 eredtmt
897 985 963 1023 ex
987 966 1189 1021 Jutln-is
1208 1006 1225 1027 ,
1271 964 1545 1016 debitores
1574 961 1681 1012 sint
1706 957 1863 1025 Legis
1905 953 2162 1008 facienda:
2194 970 2211 1007 :

627 1073 681 1115 tu
713 1072 770 1115 ut
797 1061 1096 1131 Episcopus
1138 1058 1189 1107 in
1219 1065 1331 1108 toto
1354 1052 1487 1105 orbe
1514 1050 1846 1110 notissimus,
1871 1046 2037 1099 debes
2076 1045 2214 1097 banc

628 1154 967 1223 proumlgare
988 1148 1311 1201 sententiam
1337 1159 1353 1205 ;
1382 1152 1439 1196 et
1466 1143 1517 1193 in
1545 1154 1826 1192 assensum
1848 1146 1994 1189 tuum
2023 1148 2213 1188 omnes

626 1245 982 1311 cuepiscOpos
1014 1238 1249 1292 trahere.
1274 1235 1389 1301 Ego
1416 1236 1466 1286 iu
1500 1247 1665 1301 parvo
1696 1229 1961 1298 tuguriolo
1984 1225 2076 1297 [aL
2105 1235 2213 1276 tur-

626 1333 957 1407 gurJunculo]
990 1347 1110 1384 eum
1143 1328 1442 1389 llonachis,
1472 1326 1523 1379 id
1555 1334 1661 1388 est,
1690 1340 1811 1377 cum
1838 1330 2210 1390 campi-emto-

624 1430 772 1480 ribus
802 1424 954 1485 meis,
986 1422 1056 1475 de
1086 1421 1293 1489 magnis
1323 1427 1562 1472 statuere
1604 1432 1710 1468 non
1743 1414 1941 1474 audeo,
1976 1412 2078 1463 nisi
2107 1410 2211 1462 hoe

591 1518 857 1586 'ingenue
896 1512 1185 1577 conﬁteri,
1233 1524 1321 1563 me
1363 1510 1628 1576 majorum
1677 1506 1877 1573 scripta
1918 1504 2126 1571 legere,
2157 1510 2212 1553 et

623 1607 679 1660 in
698 1604 1113 1660 Commentariis
1141 1599 1437 1655 secundum
1467 1599 1709 1651 omnium
1738 1594 2209 1653 consuetudinem,

624 1699 800 1750 varias
849 1684 1051 1764 ponere
1094 1693 1541 1761 explanationes,
1574 1698 1633 1742 ut
1659 1704 1691 1743 e
1730 1688 1913 1740 multis
1956 1694 2214 1752 sequatur

624 1788 992 1854 uniistptisque
1026 1783 1169 1853 quod
1199 1782 1350 1834 velit.
1394 1779 1548 1845 Quod
1579 1778 1794 1847 quidem
1826 1786 1879 1830 te
1918 1784 2045 1843 pulo
2077 1784 2132 1828 et
2157 1775 2209 1826 in

624 1878 869 1931 sa'culari
901 1878 1223 1938 litteratura,
1247 1873 1374 1928 etin
1395 1872 1590 1925 divinis
1612 1870 1788 1924 Libris
1804 1869 1997 1939 legisse
2013 1875 2070 1921 et
2088 1880 2212 1935 pro-

627 1968 807 2021 basse.

701 2059 757 2112 6.
797 2058 945 2112 llanc
971 2065 1149 2111 autem
1191 2055 1623 2123 explanationem
1666 2067 1826 2121 quam
1856 2050 2063 2119 primus
2086 2048 2212 2103 Ori-

624 2165 792 2219 genes
839 2150 891 2202 in
921 2149 1132 2203 decimo
1179 2147 1523 2202 Stromateon
1571 2144 1744 2207 libro,
1791 2143 1879 2195 ubi
1926 2142 2208 2209 epistolam

626 2244 774 2298 Pauli
813 2243 879 2296 ad
928 2242 1145 2298 Galatas
1189 2240 1608 2308 interpretatur,
1652 2246 1708 2292 et
1733 2235 1914 2289 exteri
1957 2235 2210 2301 deinceps

624 2336 950 2402 interpretes
978 2342 1103 2387 sunt
1131 2331 1321 2391 secuti,
1353 2330 1443 2383 illa
1473 2329 1556 2381 vel
1584 2329 1816 2381 maxime
1837 2341 1995 2380 causa
2023 2325 2211 2376 subin-

625 2424 914 2477 troducunt
940 2464 956 2483 ,
989 2432 1047 2474 ut
1078 2422 1376 2490 Purpltyrio
1405 2420 1766 2485 respondeant
1797 2414 2207 2483 blaspltemanti,

625 2515 713 2581 qui
748 2514 898 2566 Pauli
926 2513 1101 2580 arguit
1135 2512 1540 2578 proCacitatem,
1568 2509 1710 2577 quod
1741 2510 2033 2577 principem
2062 2508 2207 2575 Apo-

627 2605 886 2658 stolorum
918 2603 1135 2657 Petrum
1157 2617 1318 2655 ausus
1344 2610 1428 2654 est
1452 2600 1873 2668 reprehendere,
1902 2609 1957 2652 et
1985 2613 2210 2665 arguere

626 2695 680 2748 in
713 2694 923 2757 faciem,
956 2709 1021 2749 ac
1062 2694 1274 2748 ratione
1297 2692 1701 2761 constringere,
1724 2690 1866 2759 quod
1896 2690 2035 2743 male
2065 2689 2208 2743 lece-

626 2787 717 2849 rit,
747 2784 799 2838 id
828 2795 911 2838 est
939 2786 991 2837 in
1031 2800 1098 2839 eo
1127 2799 1313 2838 errore
1343 2782 1503 2837 fuerit
1534 2800 1547 2834 :
1582 2783 1634 2835 in
1666 2797 1774 2851 quo
1817 2780 1913 2832 fuit
1944 2781 2085 2848 ipse,
2117 2779 2209 2846 qui

621 2873 1410 2943 a'iumarguitdelinquentetn.
1484 2871 1644 2943 751
1717 2870 2209 2939 Quiddicamdela)

629 2965 839 3020 Joanne
870 2967 960 3035 qui
988 2964 1190 3019 dudum
1221 2964 1273 3017 in
1300 2964 1601 3018 Pontiticali
1624 2963 1813 3032 gradu,
1835 2962 2209 3015 Constantino-

629 3059 920 3126 politanam
953 3059 1093 3111 rexit
1118 3059 1413 3111 Ecclesiam
1435 3072 1452 3120 ;
1476 3065 1531 3109 et
1561 3057 1776 3123 proprie
1796 3070 1957 3123 super
1989 3054 2090 3106 hoc
2115 3068 2209 3104 ca-

626 3150 796 3218 pitulo
848 3150 1168 3203 latissimum
1207 3152 1449 3202 exaravit
1493 3148 1687 3201 librqu
1709 3189 1725 3209 ,
1756 3149 1806 3199 in
1836 3161 1941 3215 quo
1965 3143 2210 3214 Origenis

623 3251 681 3296 et
706 3251 947 3297 veterum
979 3243 1300 3295 sententiam
1332 3250 1416 3295 est
1441 3253 1658 3294 secutus
1677 3242 1701 3291 ἲ
1728 3238 1785 3293 Si
1814 3240 1973 3309 igitur
2007 3254 2093 3291 me
2120 3253 2209 3291 re-

627 3332 917 3400 prehendis
957 3343 1226 3385 errantem
1254 3372 1270 3394 ,
1293 3341 1480 3400 patere
1515 3347 1622 3395 me,
1643 3345 1849 3399 qua-so,
1878 3344 2062 3384 errare
2088 3344 2209 3381 cum

628 3425 825 3477 talibus
848 3441 865 3488 ;
891 3433 1088 3477 etcum
1116 3438 1204 3475 me
1229 3423 1431 3475 erroris
1459 3421 1564 3475 mei
1588 3422 1788 3475 multos
1809 3422 1985 3474 socios
2013 3419 2211 3473 habere

629 3515 989 3584 perspexeris,
1020 3524 1075 3567 tu
1114 3516 1359 3567 veritatis
1388 3524 1492 3567 tua:
1516 3514 1709 3566 saltem
1756 3528 1920 3565 unum
1948 3510 2206 3580 astipula-

627 3616 798 3660 torem
828 3604 1069 3674 proferre
1094 3604 1339 3658 debebis.
1384 3604 1511 3657 lla'c
1540 3604 1609 3657 de
1645 3602 2023 3671 explanatione
2051 3602 2212 3655 unius

623 3698 845 3766 capituli
874 3697 1132 3766 Epistula:
1158 3696 1224 3749 ad
1259 3696 1499 3752 Galatas.

695 3790 800 3846 Sed
828 3806 895 3845 ne
924 3790 1107 3845 videar
1131 3789 1390 3845 adversus
1417 3788 1679 3843 rationem
1702 3797 1844 3840 tuam
1871 3786 1966 3839 niti
1996 3783 2211 3838 testium

626 3897 875 3947 numero,
901 3892 957 3937 et
1002 3882 1290 3936 occasione
1319 3880 1555 3934 virorttm
1604 3878 1892 3932 illustrium
1940 3873 2211 3930 subterfu-

621 3990 750 4044 gere
772 3975 1072 4039 veritatem,
1104 3990 1203 4029 nec
1238 3989 1454 4028 manum
1480 3972 1681 4027 audere
1708 3985 2016 4030 conserere.
2036 3970 2211 4024 brevi.

628 4077 709 4119 ter
752 4067 820 4119 de
860 4067 1153 4135 Scripturis
1204 4064 1453 4132 exempla
1506 4077 1825 4132 proponam.
1882 4059 1937 4114 In
1991 4058 2214 4114 Actibus

626 4155 1003 4220 Apostolorum
1030 4169 1131 4207 vox
1159 4153 1295 4208 facta
1318 4162 1405 4208 est
1422 4153 1487 4206 ad
1511 4153 1750 4215 Petrum,
1771 4151 1957 4206 dicens
1981 4168 1995 4205 :
2024 4150 2209 4219 Surge,

627 4242 802 4307 Petre,
829 4243 1021 4306 occide,
1050 4252 1099 4295 et
1135 4244 1391 4296 manduca
1427 4244 1569 4311 (Act.
1610 4243 1699 4297 l0.
1730 4244 1844 4310 15),
1880 4242 1933 4296 id
1958 4252 2060 4301 est.
2097 4256 2215 4294 om-

627 4334 712 4386 nia
762 4333 1015 4385 animalia
1057 4334 1462 4403 quadrupedum
1494 4343 1547 4388 et
1587 4334 1919 4403 serpentium
1954 4342 2132 4393 teme,
2160 4341 2216 4385 et

629 4420 921 4475 volatilium
962 4422 1111 4475 coali.
1150 4422 1267 4488 Quo
1295 4424 1460 4487 dicto,
1484 4423 1787 4478 ostenditur
1812 4424 2013 4476 nullum
2043 4421 2215 4475 homi-

631 4528 752 4568 nem
775 4513 1066 4567 secundum
1090 4524 1333 4568 naturam
1356 4529 1478 4568 esse
1507 4514 1797 4581 pollutum;
1825 4514 1918 4568 sed
1940 4513 2216 4582 tequaliter

627 4619 818 4657 omnes
861 4603 927 4657 ad
972 4605 1172 4659 Christi
1207 4606 1282 4675 (li)
1315 4606 1541 4675 gratiam
1593 4606 1894 4673 provocari.
1944 4606 2025 4657 Ad
2070 4606 2213 4673 quod

630 4694 909 4764 respondit
954 4695 1188 4750 Petrus:
1240 4696 1404 4760 Absit,
1436 4697 1557 4766 quia
1608 4711 1869 4763 nunquam
1907 4696 2215 4748 manducavi

634 4802 899 4839 commune
939 4796 988 4839 et
1027 4788 1365 4839 immundum.
1402 4785 1468 4839 Et
1497 4803 1596 4840 vos:
1619 4785 1687 4837 ad
1717 4802 1833 4838 cum
1864 4785 1927 4839 de
1969 4786 2095 4840 cazlo
2138 4803 2216 4840 sc-

630 4878 798 4932 cundo
855 4877 994 4945 [acta
1036 4888 1132 4942 est,
1173 4879 1345 4933 dicens
1370 4894 1389 4932 :
1421 4877 1549 4945 Qum
1587 4877 1726 4932 Deus
1763 4877 2047 4943 mandarit,
2075 4889 2127 4931 tu
2155 4896 2215 4933 ne

632 4986 898 5024 commune
925 4969 1136 5023 dixeris.
1170 4971 1269 5025 lvit
1295 4970 1474 5040 itaque
1492 4969 1831 5032 Czesaream;
1862 4978 1917 5024 et
1943 4970 2216 5038 ingressus

631 5058 698 5112 ad
729 5058 1058 5125 Cornelium,
1093 5061 1330 5130 aperiens
1377 5078 1436 5115 os
1486 5077 1636 5114 suum
1675 5061 1805 5114 dixit
1837 5077 1857 5115 :
1901 5059 1968 5114 In
2013 5063 2218 5115 veritate

633 5151 879 5221 comperi,
908 5152 1027 5220 quia
1058 5168 1157 5206 non
1190 5162 1263 5207 est
1294 5168 1627 5217 personarum
1655 5162 1890 5222 acceptor
1915 5151 2056 5206 Deus
2086 5167 2105 5205 :
2128 5152 2218 5206 sed

703 5283 773 5344 ta)
805 5282 858 5354 β.
882 5281 1098 5354 Joannes
1118 5283 1507 5354 Chrysostomus,
1528 5287 1611 5350 qui
1635 5292 1751 5354 ante
1772 5300 1951 5354 paucos
1978 5301 2179 5354 menses
2199 5324 2216 5348 ,

671 5357 780 5393 nam
803 5343 908 5414 haec
927 5343 1274 5414 scriberentur,
1289 5349 1404 5414 ipso
1423 5348 1506 5399 die
1528 5343 1690 5408 magni
1726 5343 1912 5414 sabbati
1935 5343 2220 5414 a_(_loustau§

632 5403 948 5476 tinopolitana
971 5403 1187 5454 Ecclesia
1224 5403 1665 5476 [misitmaetttsque
1690 5418 1768 5476 est
1791 5412 1839 5459 in
1862 5410 2218 5476 exsilium,_qui

633 5564 1022 5689 ἱῇἓῖοὖῦἐᾶἱιῖἦῖ
1059 5564 1312 5589 Vrum“.
1325 5564 1340 5586 ’

700 5643 773 5689 (bl
853 5646 1107 5689 eronensis
1124 5646 1215 5689 ιιι-
1239 5662 1340 5689 mm

635 5643 1107 5752 mgqmvoq’zgn'e‘nsis
1124 5646 1215 5698 Its.
1239 5662 1349 5699 cum
1369 5650 1553 5714 aliquot
1576 5653 1719 5706 editis
1738 5654 1797 5705 ad
1814 5654 1992 5707 Christi
2016 5664 2220 5721 Evange-

657 5717 737 5755 um
766 5712 1038 5766 provocari.

1936 295 2172 353 ΒΑΝοΠ
2213 294 2587 349 ΙΙΙΕΠΟΧῩΜΙ

3839 297 3948 350 93:)

2324 409 2383 460 iu
2427 409 2567 460 omni
2608 419 2751 476 gente
2790 409 2875 475 qui
2920 408 3058 459 timet
3102 423 3237 469 eum,
3268 411 3315 453 ιι
3352 417 3609 468 operatur
3634 408 3940 475 justitiam,

2323 514 2559 565 acceptus
2586 510 2662 551 est
2691 500 2791 551 illi.
2836 501 3073 567 Denique
3097 500 3281 550 cecidit
3308 498 3543 565 Spiritu
3567 498 3817 553 Sanctus
3852 519 3941 553 su-

2324 605 2413 656 per
2438 606 2560 653 eos;
2602 601 2647 641 et
2675 591 3042 653 otstupuerunt
3082 606 3145 641 cz
3184 590 3575 641 circumcisione
3603 590 3820 658 ﬁdeles,
3850 596 3941 661 qui

2322 689 2558 730 uenerant
2580 696 2693 729 cuiu
2721 677 2896 741 Petro,
2920 697 2985 747 qn
3024 683 3057 729 d
3078 692 3123 729 et
3146 680 3197 729 iu
3226 681 3455 730 mitioncs
3484 680 3663 745 gratia
3692 680 3935 749 Spiritus

2322 767 2505 821 Sancti
2528 770 2701 835 [uisset
2726 769 2907 833 (fusa-
2938 768 3080 822 Tunc
3110 771 3369 827 respondit
3400 770 3586 821 Petrus
3608 770 3931 840 εΧωνφὶλ

2319 876 2505 926 aquam
2529 861 2643 926 quis
2684 860 2951 928 prohibere
2993 872 3153 927 potest
3180 878 3200 911 :
3234 870 3289 909 ut
3333 877 3435 910 nou
3482 861 3823 927 baptizatur
3848 865 3923 923 hi,

2318 951 2405 1016 qui
2435 949 2693 1015 Spiritum
2736 949 2985 1003 Sanctum
3030 959 3351 1011 acciverunt,
3390 950 3521 1002 sicut
3571 962 3622 1002 et
3671 952 3816 1004 nos?
3858 952 3925 1005 Et

2309 1041 2470 1109 jussit
2496 1057 2579 1091 eos
2618 1042 2669 1091 iu
2700 1044 2904 1093 nomine
2926 1039 3053 1093 Iesu
3082 1040 3271 1092 Christi
3310 1041 3589 1106 baptismi-
3622 1042 3919 1094 Audierat

2318 1143 2487 1181 autem
2517 1132 2749 1198 Apostoti
2776 1141 2823 1182 et
2858 1131 3045 1199 fratres
3084 1132 3171 1197 qui
3196 1143 3340 1182 erant
3368 1133 3419 1182 iu
3459 1128 3677 1193 ludite,
3704 1136 3831 1198 quia
3871 1144 3917 1184 α

2318 1234 2489 1289 gentes
2530 1235 2822 1289 receperunt
2858 1222 3064 1273 mbum
3095 1221 3211 1274 Dei.
3242 1222 3370 1275 Cum
3399 1234 3572 1274 autem
3600 1227 3915 1277 σε(αάὺῶ

2319 1309 2507 1363 Petrus
2547 1309 2949 1380 lcrosolgmam,
2976 1312 3321 1378 disceptabant
3364 1314 3607 1364 adtcrsus
3653 1314 3806 1363 il'um
3832 1317 3913 1381 qui

2316 1412 2462 1452 erant
2505 1416 2569 1452 ea:
2615 1402 3017 1465 circumcisione,
3064 1402 3306 1460 dicenta.
3363 1400 3536 1466 Quare
3577 1402 3809 1454 introisti
3848 1405 3913 1452 td

2318 1493 2451 1544 tiros
2500 1496 2812 1562 prtpatium
2859 1493 3135 1557 habeam,
3174 1502 3223 1544 ct
3278 1493 3601 1545 manducaui
3646 1509 3767 1544 aut
3810 1496 3909 1545 illis

2318 1582 2456 1651 (Act.
2497 1585 2581 1636 ll.
2612 1584 2663 1637 Ι.
2696 1583 2733 1636 2
2759 1594 2807 1636 et
2837 1582 2938 1653 5)?
2977 1583 3184 1648 Quibus
3224 1584 3370 1636 omni
3402 1586 3616 1638 ratione
3642 1588 3904 1653 cstunsita,

2320 1677 2615 1730 novissime
2641 1678 2939 1730 orationem
2984 1692 3138 1729 suam
3168 1674 3271 1728 hoc
3314 1690 3573 1728 sermone
3615 1679 3905 1729 conclusit.

2317 1769 2379 1821 Si
2405 1785 2524 1838 ergo
2546 1770 2773 1820 eamdem
2798 1768 3016 1837 gratiam
3038 1766 3178 1819 dedit
3202 1768 3305 1818 illis
3330 1764 3491 1829 Deus,
3516 1768 3651 1818 sicut
3672 1777 3722 1819 et
3743 1769 3904 1825 nobis,

2318 1860 2405 1927 qui
2426 1860 2739 1911 credidimus
2782 1861 2838 1911 in
2865 1857 3141 1910 Dominum
3164 1856 3345 1909 Iesum
3372 1856 3628 1910 Christum
3648 1874 3671 1919 ;

2314 1965 2408 2019 ego
2480 1950 2594 2021 quis
2646 1951 2909 2019 eraru,qui
2961 1966 3160 2018 possem
3206 1950 3473 2015 prohibere
3534 1948 3751 2000 Deum!
3810 1949 3910 2003 llis

2314 2044 2502 2094 auditis
2520 2052 2805 2104 tacuerunt,
2823 2051 2869 2093 et
2889 2041 3303 2111 gloriﬁcareruut
3318 2039 3474 2091 Deum
3489 2041 3704 2092 dicentes
3719 2056 3741 2091 :
3758 2040 3909 2110 Ergo

2313 2144 2364 2188 et
2403 2134 2635 2202 gentibus
2660 2134 3004 2202 plenitemium
3036 2130 3177 2184 Deus
3206 2133 3276 2182 ad
3303 2132 3455 2182 ritum
3480 2132 3634 2181 dedit.
3661 2130 3904 2184 Rursum

2314 2240 2437 2278 cum
2468 2224 2638 2277 multo
2669 2233 2787 2291 post
2816 2233 3058 2289 tempore
3098 2221 3295 2274 Paulus
3337 2232 3392 2273 et
3419 2221 3687 2272 Rammius
3720 2223 3895 2273 venis-

2314 2328 2435 2369 stent
2478 2313 2851 2376 Antiochiam;
2896 2322 2952 2366 et
2996 2322 3317 2381 caugregata
3368 2311 3637 2375 Ecclc~ia,
3688 2313 3901 2364 retulis~

2315 2419 2433 2462 sent
2461 2418 2649 2475 quanta
2692 2408 2889 2475 fecisset
2938 2403 3078 2457 Deus
3122 2421 3235 2456 cum
3265 2403 3368 2455 illis
3395 2419 3416 2455 :
3454 2413 3501 2454 ct
3527 2404 3649 2471 quia
3675 2406 3898 2471 aperuis-

2313 2514 2387 2555 set
2419 2502 2553 2554 Deus
2582 2502 2811 2569 gentibus
2841 2500 3025 2551 ostium
3071 2499 3195 2564 ﬁdei
3239 2496 3376 2564 (Act.
3428 2496 3515 2549 14.
3564 2496 3660 2548 26.
3694 2506 3743 2547 et
3784 2495 3894 2559 Ξῖ),

2312 2598 2519 2664 quidam
2560 2594 2913 2645 discendcntes
2950 2592 3014 2643 de
3049 2590 3240 2643 Juda‘a
3282 2590 3525 2641 docebant
3552 2593 3737 2657 fratrea
3760 2600 3900 2656 atque

2314 2687 2545 2737 dicebant
2567 2701 2584 2734 :
2606 2685 2702 2735 nisi
2728 2681 3169 2735 circmncidamini
3189 2680 3469 2733 secundum
3496 2696 3689 2731 morem
3718 2678 3894 2749 logsi,

2316 2795 2415 2829 non
2462 2777 2669 2843 potestis
2697 2776 2823 2827 salvi
2873 2774 2985 2840 ﬁeri
3036 2773 3174 2842 (Act.
3215 2772 3300 2825 l5.
3337 2772 3411 2838 l).
3446 2770 3715 2823 Commota
3752 2771 3898 2838 igitur

2313 2870 2560 2921 seditione
2586 2882 2687 2917 non
2717 2866 2927 2915 minima
2972 2865 3215 2916 adversus
3256 2859 3484 2913 Paulum
3512 2871 3561 2913 et
3588 2858 3893 2923 Romam,

2314 2968 2596 3011 stntnertmt
2626 2960 2921 3019 ascendere,
2949 2965 3005 3008 ct
3037 2954 3138 3023 ipsi
3184 2954 3275 3023 qui
3320 2953 3739 3011 accusabantur.
3770 2962 3824 3004 et
3848 2952 3897 3004 Ιιί

2314 3054 2401 3119 qui
2432 3050 2780 3113 aceuSabant,
2808 3049 2876 3098 ad
2912 3046 3183 3115 Apostolus
3209 3055 3257 3097 et
3288 3043 3616 3113 Presbyteros
3637 3041 3897 3111 Jcrosoly-

2316 3159 2449 3193 mum
2480 3157 2633 3208 super
2661 3142 2756 3191 hac
2783 3142 3079 3203 qua’stione.
3109 3137 3335 3203 Cumque
3376 3134 3760 3203 Jerosolgmant
3789 3150 3898 3199 pcr-

2316 3236 2580 3293 rexissent,
2613 3240 3001 3284 etsunt-xerunt
3030 3229 3238 3297 quidam
3267 3228 3331 3279 de
3377 3227 3559 3280 hteresi
3602 3227 3898 3278 I'harisco-

2315 3343 2451 3385 rum,
2481 3327 2567 3393 qui
2596 3324 2917 3376 crediderant
2961 3323 3017 3374 in
3063 3322 3342 3383 Christum,
3369 3319 3597 3372 dicentes
3626 3334 3646 3370 :
3693 3316 3897 3387 Oportet

2314 3416 2608 3467 circumcidi
2652 3431 2737 3467 eos
2784 3424 2829 3465 et
2879 3413 3153 3482 prazcipere
3212 3412 3338 3475 illis,
3382 3420 3437 3461 ut
3478 3418 3675 3462 servent
3718 3407 3896 3477 Legem

2317 3504 2509 3572 Mog/ai.
2547 3503 2610 3554 Et
2638 3520 2752 3555 cum
2795 3519 2982 3569 magna
3025 3516 3181 3569 super
3220 3501 3317 3552 hoc
3348 3497 3493 3550 verba
3523 3498 3743 3549 oriretur
3766 3513 3898 3563 σείει

2314 3612 2413 3651 suo
2444 3613 2463 3650 :
2518 3596 2699 3649 Petrus
2747 3596 2905 3648 solita
2950 3595 3241 3648 libertate:
3282 3590 3411 3655 Viri,
3445 3590 3641 3659 inquit,
3694 3589 3895 3658 fratres.

2315 3706 2403 3741 eos
2429 3689 2569 3741 scitis
2598 3689 2839 3756 quoniam
2879 3687 2943 3739 ab
2989 3686 3213 3753 antiquis
3238 3684 3414 3736 diebus
3456 3683 3513 3734 in
3559 3682 3708 3734 nobis
3755 3680 3898 3748 degit

2318 3780 2455 3834 Deus
2494 3796 2583 3849 per
2611 3796 2667 3832 os
2690 3795 2854 3831 meum
2880 3778 3060 3830 audire
3082 3788 3254 3846 gentes
3290 3773 3494 3827 verbum
3543 3771 3822 3841 Evangelii,
3854 3783 3899 3823 et

2315 3873 2562 3935 credere;
2592 3881 2637 3925 et
2664 3872 2752 3941 qui
2780 3872 2916 3923 norit
2961 3869 3119 3922 corda
3164 3867 3321 3932 Deus,
3364 3868 3704 3920 testimonium
3731 3865 3900 3933 perhi-

2316 3963 2440 4026 buit,
2470 3964 2600 4015 dans
2639 3963 2742 4015 illis
2793 3962 3046 4030 Spiritum
3088 3958 3339 4014 Sanctum
3383 3959 3512 4011 sicut
3559 3968 3609 4009 et
3655 3956 3816 4017 nobis,
3856 3966 3899 4006 ct

2316 4058 2445 4110 nihil
2485 4056 2717 4108 discrerit
2762 4056 2894 4108 inter
2938 4069 3030 4106 nos
3055 4064 3102 4106 et
3131 4053 3268 4112 illos.
3304 4052 3408 4119 fide
3440 4051 3720 4119 pariﬁcans
3748 4050 3900 4101 corda

2316 4148 2544 4201 illorum.
2587 4144 2743 4198 Nunc
2769 4155 2937 4198 autem
2964 4144 3086 4214 quid
3115 4143 3318 4196 tentatis
3343 4140 3511 4194 Deum
3536 4142 3610 4210 (c)
3640 4142 3900 4209 imponere

2306 4241 2497 4310 jugum
2524 4254 2680 4308 super
2703 4237 2942 4291 cervicem
2973 4235 3361 4305 discipulorum,
3384 4234 3522 4302 quod
3553 4249 3710 4301 neque
3738 4242 3899 4301 patres

2318 4334 2500 4394 nostri,
2533 4347 2696 4400 neque
2721 4346 2816 4383 nos
2843 4338 3047 4398 portare
3090 4325 3391 4396 potuimus!
3421 4324 3529 4378 Sed
3559 4341 3650 4388 per
3689 4323 3900 4395 gratiam

2318 4422 2523 4476 Domini
2554 4420 2713 4474 nostri
2739 4418 2867 4472 Iesu
2894 4418 3083 4473 Christi
3126 4416 3378 4470 credimus
3407 4415 3621 4477 salvari,
3657 4413 3896 4483 quemad-

2319 4512 2524 4565 modum
2552 4521 2599 4563 et
2639 4510 2741 4563 illi.
2792 4507 2970 4561 Tacuit
3015 4516 3188 4559 autem
3231 4505 3394 4559 omnis
3433 4505 3741 4565 multitudo,
3768 4513 3821 4556 et
3851 4502 3899 4553 iu

2318 4603 2637 4657 sententiam
2681 4604 2798 4669 ejus
2824 4599 3056 4655 lacubus
3100 4598 3412 4669 Apostolus,
3443 4607 3497 4650 et
3525 4612 3718 4651 oinnes
3744 4596 3899 4649 simul

2321 4695 2627 4765 Presbyteri
2650 4693 3002 4747 transierunt.

2390 4787 2445 4840 8.
2489 4786 2616 4839 time
2641 4799 2748 4838 non
2778 4783 2980 4838 debent
3025 4781 3250 4837 molesta
3292 4795 3415 4836 esse
3463 4779 3665 4840 lectori,
3697 4778 3798 4830 scd
3849 4787 3904 4832 et

2321 4879 2451 4932 mihi
2480 4889 2536 4933 et
2560 4877 2638 4932 illi
2668 4877 2847 4943 utilia,
2881 4886 2939 4929 ut
2966 4875 3255 4945 probemus
3276 4883 3405 4928 ante
3431 4870 3739 4941 Apostolum
3768 4870 3901 4924 Pau-

2323 4971 2431 5023 lum
2483 4983 2591 5022 non
2643 4968 2923 5037 ignoraSse
2967 4965 3186 5021 Petrum
3238 4966 3348 5019 imo
3400 4961 3696 5034 principem
3752 4961 3898 5028 hujus

2321 5077 2442 5117 esse
2486 5060 2595 5134 [ιιι.
2644 5058 2834 5133 fuisse]
2884 5059 3110 5124 decreti,
3160 5058 3355 5129 Legem
3389 5068 3508 5125 post
3558 5054 3895 5126 Evangelium

2321 5169 2429 5208 non
2456 5167 2579 5207 esse
2603 5152 2946 5207 servandam.
2978 5149 3217 5218 Denique
3246 5158 3408 5202 tantae
3434 5147 3774 5201 auctoritatis
3811 5145 3896 5197 Pc-

2323 5256 2437 5300 trus
2473 5243 2591 5311 luit,
2622 5254 2680 5298 ut
2704 5243 2900 5297 Paulus
2926 5242 2982 5297 in
3007 5241 3233 5311 epistola
3266 5254 3361 5293 sua
3382 5236 3694 5306 scripserit:
3719 5234 3897 5289 Deinde

2322 5348 2435 5409 post
2485 5353 2646 5392 annos
2688 5346 2788 5390 tres
2829 5336 2938 5389 veni
2969 5332 3341 5403 Jerosolymam
3387 5331 3555 5383 videre
3599 5328 3831 5389 Petrum,
3853 5333 3896 5377 et

2321 5432 2487 5486 mansi
2513 5430 2656 5500 apud
2682 5446 2796 5485 cum
2825 5429 3003 5484 diebus
3027 5426 3311 5497 quindecim
3346 5420 3490 5495 (Gal.
3524 5424 3574 5476 I.
3608 5422 3722 5493 18).
3766 5419 3895 5475 Rur-

2296 5634 2309 5641 -
2391 5591 2452 5659 lt‘l
2491 5593 2827 5659 θοοτδι-Ροξῐ
2865 5589 3116 5659 Εηιειπιμφ
3160 5587 3208 5635 ί¹¹
3239 5580 3901 5659 ἒίπῑί.³¹¹ἓί.ηῗίξὲί9ἕ’9..ῖῗξ

2330 5642 2498 5713 Ιξέηἰη,
2524 5666 2668 5716 quam
2690 5642 2801 5702 libri
2824 5649 3095 5716 ointte_s_alii
3133 5648 3418 5716 praeterunt,
3445 5651 3502 5713 et
3521 5642 3726 5693 Grecus
3745 5645 3903 5698 textus

2326 5733 2384 5767 νῦν
2407 5722 2467 5767 ὼν
2486 5709 2526 5766 ξι
2541 5709 2733 5780 ὶιιράζιτι
2765 5726 2828 5764 τὸν
2851 5725 2940 5765 σιὸν.
2964 5709 3213 5762 Veroneu.
3238 5709 3325 5758 llis.
3355 5709 3630 5757 Bonu'nnm.
