4054 6192
84 234 212 292 925
649 285 652 288 .
1485 237 1809 296 EPISTULA
1847 237 2002 294 CXII.

86 366 235 404 eunt
291 353 355 407 in
417 335 743 410 barathrum
793 353 993 408 diaboli
1047 351 1375 408 devolutum.
1428 350 1576 404 Finis
1613 352 1744 403 enim

87 437 271 510 Legis
296 442 566 500 Christus
585 445 651 497 ad
663 445 921 513 justitiam
942 442 1078 496 οηιηὶ
1098 443 1320 495 credenti
1337 439 1510 512 (llam.
1537 440 1622 494 10.
1648 438 1704 509 4)
1727 456 1742 491 :

85 531 318 586 Jndzno
352 537 582 589 scilicet
609 545 662 589 et
688 534 904 589 Gcntili.
937 533 1122 602 Neque
1146 534 1291 586 enim
1325 532 1468 586 onmi
1501 530 1741 585 credenti

89 621 219 672 erit
255 622 399 676 linis
433 625 509 678 ad
547 625 763 692 justiam
787 665 803 687 ,
837 626 880 677 si
907 623 1126 678 Iudaeus
1157 623 1443 689 excipitur.
1477 622 1532 674 In
1567 621 1710 674 Evan

86 710 261 775 gelio
303 709 560 781 legimus
593 731 605 767 :
639 713 744 766 Lex
779 723 826 766 et
875 711 1148 780 Propheta:
1188 729 1342 780 usque
1377 711 1445 763 ad
1487 711 1744 762 Joannem

89 800 434 868 Baptistam
464 804 683 876 (Matth.
711 807 799 859 11.
832 804 944 873 1‘2).
972 804 1039 858 Et
1063 805 1115 856 in
1144 805 1250 858 alio
1276 804 1395 856 loco
1421 821 1433 856 :
1461 801 1742 870 Propterea

87 891 289 962 768
377 911 514 964 ergo
560 897 720 965 magis
759 897 1046 964 quaerebant
1067 910 1202 947 eum.
1225 892 1398 945 Juda’i
1417 892 1698 959 inter/icere
1722 906 1742 944 :

86 986 228 1052 quia
264 1003 388 1039 non
423 989 599 1040 solum
624 988 843 1040 solvebat
864 985 1160 1049 sabbatum;
1184 985 1271 1038 sed
1291 994 1336 1038 et
1360 983 1564 1036 Patrem
1595 999 1741 1035 suum

90 1073 325 1128 dicebat
363 1089 490 1131 esse
524 1076 716 1140 Deum,
749 1075 992 1143 aqualem
1031 1091 1085 1128 se
1112 1074 1302 1142 faciens
1336 1073 1440 1126 Deo
1466 1072 1646 1142 (Joan.
1681 1073 1733 1126 5.

91 1167 223 1236 18).
259 1167 339 1220 ΕΙ.
368 1168 581 1221 iterum
609 1184 621 1219 :
652 1166 726 1220 De
745 1165 1064 1235 plenitudine
1091 1166 1202 1234 ejus
1233 1180 1324 1217 nos
1347 1179 1519 1217 onmes
1543 1163 1740 1232 accepi-

92 1273 224 1309 mus
254 1297 273 1321 ,
313 1258 560 1326 gratiam
592 1271 682 1323 pro
725 1255 922 1325 gratia;
953 1255 1071 1324 quia
1114 1252 1221 1306 Lex
1259 1269 1348 1323 per
1379 1250 1590 1321 Moysen
1617 1252 1739 1303 data

89 1356 174 1398 est
205 1386 222 1409 ,
260 1347 464 1415 gratia
497 1357 662 1398 autem
689 1354 735 1397 et
765 1345 946 1397 veritas
978 1359 1066 1413 per
1102 1344 1281 1395 Jesum
1317 1341 1574 1395 Christum
1602 1341 1739 1410 facta

93 1447 175 1491 est
216 1436 435 1508 (Joan.
490 1439 543 1490 1.
578 1433 689 1506 15).
722 1435 826 1489 Pro
871 1434 1028 1502 Legis
1071 1434 1236 1502 gratia
1279 1449 1397 1501 qua:
1438 1433 1736 1501 praeteriit,

92 1529 360 1597 gratiam
400 1527 691 1594 Evangelii
730 1527 1039 1594 accepimus
1068 1535 1511 1593 permanentem;
1541 1531 1596 1576 et
1641 1537 1736 1591 pro

95 1619 336 1672 umbris
394 1625 460 1670 et
501 1614 819 1682 imaginibus
862 1615 1060 1668 veteris
1107 1611 1490 1676 lnstrumenti,
1537 1611 1736 1664 veritas

101 1728 211 1778 per
242 1711 461 1764 .Iesum
494 1706 762 1759 Christum
810 1703 945 1757 facta
990 1713 1090 1757 est.
1137 1702 1400 1757 Jeremias
1429 1715 1641 1769 quoque
1669 1714 1734 1752 ex

99 1817 364 1869 persmia
405 1801 510 1855 Dei
540 1799 859 1852 vaticinatur
884 1815 896 1850 :
924 1795 1052 1848 Ecce
1081 1795 1189 1848 dies
1219 1795 1442 1856 veniunt,
1476 1792 1596 1844 dicit
1623 1789 1734 1842 Do-

101 1894 291 1945 minus
317 1931 337 1956 ,
377 1900 430 1944 et
470 1887 830 1943 consummabo
874 1885 1043 1938 domui
1071 1883 1235 1937 Israel
1249 1924 1262 1945 .
1295 1892 1342 1936 et
1380 1881 1552 1935 domui
1593 1878 1736 1932 Juda

101 1992 502 2034 testamentum
537 1996 718 2033 novum
747 1993 766 2031 .'
791 1994 890 2030 non
918 1976 1190 2030 secundum
1221 1984 1569 2027 testamentum
1599 1970 1735 2041 quod

103 2073 364 2141 disposui
415 2070 652 2140 patribus
691 2085 898 2133 eorum,
938 2067 991 2120 in
1031 2067 1113 2119 die
1158 2067 1234 2136 (a)
1273 2082 1374 2134 qua
1421 2064 1737 2134 appreltendi

103 2179 337 2215 immuni
367 2178 579 2224 eorum,
602 2170 654 2212 ut
676 2159 934 2213 educerem
955 2173 1037 2210 eos
1061 2157 1124 2210 de
1145 2168 1276 2210 terra
1290 2155 1503 2226 ﬁgypti
1519 2156 1728 2226 (Jerem.

106 2257 208 2308 51.
245 2251 376 2322 5t).
412 2250 658 2305 Observa
687 2249 814 2319 quid
844 2249 1007 2314 dicat,
1027 2248 1168 2317 quod
1197 2265 1301 2302 non
1332 2249 1528 2318 popqu
1555 2250 1731 2318 genti-

105 2347 279 2409 lium,
321 2345 406 2416 (b)
438 2342 495 2397 ei
524 2343 613 2411 qui
655 2350 779 2395 ante
822 2357 926 2394 non
969 2348 1248 2409 receperat
1288 2340 1730 2403 Testamentum;

109 2437 215 2492 sed
285 2435 509 2504 populo
566 2432 872 2488 Iudaeorum
908 2472 923 2497 ,
973 2432 1056 2485 cui
1114 2431 1307 2500 Legem
1363 2431 1584 2485 dederat
1639 2446 1732 2500 per

112 2529 384 2598 Moysen,
413 2525 830 2580 Testamentum
853 2538 1049 2576 novum
1072 2523 1340 2591 Evangelii
1363 2523 1728 2590 repromittat:

115 2630 173 2672 ut
207 2633 574 2688 nequaquam
602 2617 782 2669 vivant
811 2615 862 2668 in
896 2624 1156 2669 vetustate
1187 2616 1374 2668 litterze
1396 2655 1411 2678 ,
1435 2614 1527 2668 sed
1556 2615 1606 2666 in
1631 2631 1729 2668 no-

115 2709 295 2762 vitate
316 2709 576 2776 spiritus.
597 2706 790 2760 Panlus
811 2715 988 2760 autem
1011 2721 1172 2774 super
1191 2706 1342 2773 Cujus
1361 2720 1499 2759 nunc
1517 2708 1730 2760 nomine

115 2800 363 2866 quaestio
391 2798 688 2853 ventilatur
712 2838 727 2862 ,
758 2797 974 2850 crebras
1000 2795 1305 2864 ltujusmodi
1339 2795 1486 2864 ponit
1515 2804 1728 2848 senten-

119 2891 224 2942 tias
261 2907 276 2943 :
312 2905 348 2944 e
380 2888 586 2959 quibus
630 2886 904 2940 brevitatis
950 2885 1126 2939 studio
1174 2899 1340 2954 pauca
1391 2884 1724 2938 subnectam.

3329 255 3434 311 926

1847 350 2143 418 Episcopus
2173 367 2262 415 es,
2297 352 2653 409 Ecclesiarum
2687 355 2879 411 Christi
2913 361 3184 429 magister,
3218 373 3274 417 ιιι
3303 381 3430 434 pro-

1845 443 1938 494 bes
1972 457 2156 496 verum
2186 446 2470 514 essequod
2494 447 2688 501 asscris
2710 451 2919 519 suscipe
2946 451 3178 520 aliquem
3206 455 3424 510 Judaeu-

1846 550 1984 592 rttm.
2014 535 2102 602 qtti
2148 533 2314 588 factus
2345 537 2714 604 Christianus,
2747 550 2926 594 natum
2971 543 3072 596 sibi
3113 545 3276 600 lilium
3317 550 3424 602 cir-

1842 623 2144 688 cumcidat,
2190 625 2278 693 qui
2318 626 2565 680 observet
2606 628 2922 694 sabbatum,
2969 633 3057 699 qui
3099 635 3364 689 abstineat
3393 653 3423 692 a

1843 711 1978 765 cibis
2007 729 2141 781 quos
2173 715 2308 768 Deus
2339 717 2539 770 creavit
2580 719 2647 772 ad
2690 720 2941 774 utendum
2986 739 3104 777 cum
3134 729 3423 795 gratiarum

1843 803 2087 862 actione;
2120 806 2207 872 qui
2239 807 2636 872 quartadecima
2673 809 2762 863 die
2798 815 2997 866 mensis
3029 817 3182 883 primi
3229 833 3420 886 agnum

1844 904 2041 948 mactet
2066 896 2131 946 ad
2166 910 2440 964 vesperam
2476 913 2490 953 :
2523 909 2576 952 et
2623 913 2744 952 ctam
2778 901 2877 954 hoc
2907 902 3132 969 feceris,
3182 908 3289 960 imo
3317 925 3418 964 non

1843 981 2035 1036 feceris
2066 985 2201 1047 (scio
2227 986 2369 1038 enim
2400 996 2450 1040 te
2479 988 2857 1055 Christianum,
2887 1001 2941 1044 et
2972 1009 3082 1046 rem
3109 998 3421 1066 sacrilegam

1842 1089 1947 1126 non
1978 1088 2097 1127 esse
2129 1076 2414 1146 facturum)
2450 1079 2582 1132 velis
2609 1081 2778 1145 nolis,
2813 1091 2952 1135 tuam
2980 1087 3298 1141 sententiam
3329 1105 3417 1142 re-

1843 1163 2095 1231 probabis
2120 1181 2133 1216 :
2163 1178 2212 1218 et
2248 1175 2372 1220 tunc
2399 1169 2536 1222 scies
2561 1183 2741 1238 opere,
2775 1171 3043 1226 difﬁcilius
3073 1191 3192 1230 che
3219 1182 3418 1231 contir-

1841 1269 1986 1308 tnare
2013 1271 2137 1320 sua,
2169 1271 2326 1324 quam
2358 1259 2529 1312 aliena
2556 1262 2968 1328 reprehendere.
3005 1264 3074 1335 (ι’)
3103 1268 3179 1320 Ac
3213 1285 3278 1322 ne
3302 1270 3410 1322 for-

1839 1344 1976 1397 sitan
2008 1345 2099 1398 tibi
2147 1361 2250 1398 non
2294 1350 2670 1412 crederemus,
2719 1353 2824 1405 imo
2862 1369 2966 1406 non
3001 1356 3420 1423 intelligerenms

1839 1433 1963 1501 quid
1993 1434 2204 1490 diceres
2229 1436 2564 1506 (frequenter
2585 1442 2725 1493 enim
2755 1442 2806 1494 in
2845 1443 3056 1510 longum
3086 1460 3264 1500 sermo
3297 1464 3420 1516 pro-

1841 1533 2039 1578 tractus
2073 1537 2219 1580 curet
2247 1527 2594 1597 intelligentia
2628 1549 2642 1585 :
2673 1540 2728 1584 et
2758 1531 2883 1585 dtnn
2919 1537 2996 1603 ig)
3031 1551 3133 1589 non
3166 1541 3414 1606 sentitur,

1837 1613 2013 1666 minus
2043 1617 2470 1683 reprehenditur)
2503 1620 2735 1674 inculcas
2773 1630 2828 1676 et
2858 1625 3083 1691 replicas
3110 1645 3122 1679 :
3156 1627 3267 1681 lloc
3303 1630 3407 1682 Ju-

1837 1702 2060 1755 dteorum
2082 1702 2281 1758 Paulus
2303 1707 2578 1770 dimiserat,
2609 1713 2744 1778 quod
2765 1713 2950 1765 malum
2974 1716 3238 1770 habebant.
3263 1721 3412 1785 Quod

1835 1801 1919 1844 est
1951 1793 2147 1844 tnalum
2175 1793 2513 1860 Judaeorum,
2556 1801 2696 1867 quod
2731 1801 2925 1854 Paulus
2951 1804 3267 1860 dimiserat?
3299 1809 3413 1864 Uti-

1835 1896 1940 1949 que
1980 1881 2110 1935 illud
2141 1884 2281 1950 quod
2312 1891 2554 1954 sequitur
2581 1907 2594 1941 :
2630 1890 2770 1958 quod
2799 1891 3090 1959 ignorantes
3139 1894 3232 1948 Dei
3253 1899 3414 1966 justi-

1836 1973 1991 2037 tiam,
2023 1984 2070 2026 et
2112 1991 2257 2027 suam
2299 1977 2515 2030 volentes
2559 1981 2889 2046 constituere,
2914 1985 3131 2051 justitia:
3179 1986 3275 2040 Dei
3313 2005 3415 2042 non

1834 2075 1947 2116 sunt
1973 2065 2182 2133 subjecti
2215 2065 2385 2138 (Rom.
2417 2069 2501 2124 10.
2538 2071 2614 2139 3).
2653 2089 2672 2122 ι
2714 2073 2915 2127 Deinde
2953 2076 3094 2144 quod
3140 2088 3260 2144 post
3290 2095 3415 2147 pas-

1833 2153 2036 2206 sionem
2059 2164 2110 2207 et
2134 2160 2578 2213 resurrectionem
2604 2161 2820 2224 Christi,
2845 2164 2970 2218 dato
2991 2181 3053 2220 ac
3073 2170 3413 2226 manifestato

1833 2255 2171 2299 sacramento
2199 2249 2383 2316 gratia:
2408 2252 2701 2305 secundum
2726 2255 2968 2310 ordinem
2993 2257 3408 2326 Melchisedech,

1831 2334 2004 2388 adhuc
2042 2336 2295 2402 putabant
2330 2348 2508 2392 vetera
2539 2353 2904 2411 sacramenta,
2939 2362 3043 2402 non
3074 2365 3140 2404 ex
3177 2365 3410 2407 Consue-

1835 2422 2015 2477 tudine
2043 2425 2424 2488 sulemnilatis,
2472 2429 2567 2482 sed
2607 2446 2674 2483 ex
2702 2435 3022 2490 necessitate
3065 2439 3251 2492 salutis
3291 2455 3411 2496 esse

1831 2513 2146 2567 celebranda
2173 2531 2186 2566 :
2219 2532 2336 2584 qua:
2370 2524 2544 2570 tamen
2585 2520 2629 2572 si
2663 2536 2934 2592 nunquam
2967 2525 3193 2581 fuissent
3218 2544 3410 2584 neces-

1830 2603 2007 2666 saria,
2042 2603 2370 2660 infructuose
2406 2616 2566 2676 atque
2607 2609 2840 2666 inaniter
2876 2630 2970 2682 pro
2998 2616 3076 2670 eis
3118 2617 3406 2675 Mztcltabaci

1830 2704 2094 2765 martyres
2121 2696 2330 2751 ﬁerent.
2363 2717 2381 2749 ι
2415 2698 2694 2754 Postremo
2717 2702 2842 2756 illud
2864 2705 3004 2773 quod
3031 2709 3408 2777 praedicatores

1827 2787 2010 2853 gratim
2031 2787 2363 2844 Christianos
2386 2791 2576 2855 Juda-i,
2609 2802 2856 2862 tanquam
2899 2797 3082 2854 hostes
3106 2801 3258 2871 Legis
3281 2819 3406 2870 per-

1827 2891 2178 2947 sequerentur
2206 2879 2296 2952 [aL
2330 2885 2793 2956 persequebantur].
2832 2905 2850 2936 ‹
2883 2887 2990 2942 llos
3027 2901 3184 2959 atque
3215 2892 3403 2961 hujus-

121 2980 260 3033 Ecce
281 2996 384 3050 ego
407 2977 611 3031 Paulus
637 2978 749 3030 dico
769 2977 923 3041 vobis,
947 2977 1184 3046 quoniam
1208 2977 1252 3029 si
1275 2975 1721 3040 circumcidamini,

119 3071 372 3122 Christus
404 3067 550 3120 vobis
577 3067 706 3120 nihil
727 3065 796 3137 (c)
822 3067 1024 3135 prodest
1052 3065 1192 3135 (Gal.
1216 3066 1268 3121 5.
1292 3065 1372 3134 2).
1406 3067 1471 3120 Ει
1493 3067 1682 3120 iterum
1710 3083 1723 3120 :

121 3158 393 3211 Evacuati
431 3157 554 3210 estis
593 3173 624 3208 a
661 3155 858 3208 Christo
877 3195 891 3219 ,
920 3155 1007 3224 qui
1035 3155 1086 3207 in
1115 3153 1248 3223 Lege
1283 3154 1665 3224 justi/Scantini,
1696 3171 1728 3206 a

119 3251 297 3319 gratia
349 3248 641 3301 excidistis.
686 3246 752 3299 Et
784 3246 918 3299 infra
951 3263 965 3300 :
999 3243 1060 3299 Si
1090 3246 1270 3313 spiritu
1309 3245 1548 3298 ducimini
1570 3285 1583 3309 ,
1622 3247 1727 3310 iam

121 3357 227 3392 non
253 3339 382 3391 estis
406 3337 504 3390 sub
531 3335 683 3406 Lege.
714 3335 794 3389 Ex
823 3350 929 3403 quo
958 3344 1196 3403 apparet,
1221 3336 1306 3403 qui
1328 3335 1427 3390 sub
1455 3335 1595 3405 Lege
1623 3343 1724 3399 est,

124 3447 233 3484 non
262 3428 346 3500 (ιι)
376 3427 768 3494 dispensalive,
801 3434 857 3479 ut
885 3425 1054 3480 nostri
1089 3426 1305 3479 volnere
1331 3427 1560 3494 majores
1585 3444 1600 3492 ;
1632 3427 1725 3481 sed

123 3537 260 3575 vere
287 3562 303 3585 ,
340 3529 397 3573 ut
449 3527 503 3572 tu
545 3517 835 3586 intelligis,
864 3531 984 3570 eum
1031 3516 1285 3584 Spiritum
1325 3516 1578 3570 Sanctum
1618 3532 1725 3572 non

131 3614 362 3665 habere.
392 3608 590 3674 Qualia
615 3616 795 3661 autem
819 3606 927 3660 sint
957 3617 1221 3676 przecepla
1255 3607 1465 3676 legalia,
1500 3609 1726 3662 Domino

127 3701 389 3764 docente,
415 3698 708 3752 discamus.
735 3695 868 3767 Ego,
891 3697 1081 3766 inquit,
1113 3695 1229 3750 dedi
1256 3698 1326 3750 eis
1352 3709 1600 3766 pracepta
1627 3715 1727 3752 non

126 3791 282 3854 bona,
313 3799 362 3844 et
382 3788 805 3859 justi/icationes,
827 3787 880 3839 in
901 3787 1078 3855 quibus
1105 3802 1202 3838 non
1227 3787 1393 3840 vivant
1417 3787 1470 3838 in
1493 3789 1584 3839 eis.
1604 3788 1728 3842 lla'c

130 3883 368 3936 dicimus
393 3896 507 3934 non
530 3894 632 3948 quo
653 3879 847 3947 Legem
875 3877 1028 3946 juxta
1060 3877 1405 3931 Manichzeum
1432 3887 1485 3930 et
1508 3878 1728 3931 Marcio.

135 3990 257 4028 nem
286 3974 642 4027 destruamus
667 4010 681 4032 ,
723 3984 878 4033 quam
909 3977 964 4022 et
1005 3978 1242 4022 sanctam
1269 4010 1284 4035 ,
1315 3979 1370 4024 et
1395 3971 1724 4038 spiritualem

124 4066 280 4131 juxta
316 4059 644 4129 Apostolum
678 4060 953 4123 novimus;
995 4059 1089 4113 sed
1118 4060 1243 4127 quia
1277 4071 1552 4128 postquam
1583 4063 1729 4116 venit

136 4155 271 4208 lides
303 4162 360 4207 et
390 4163 696 4218 temporum
727 4150 1020 4219 plenitudo,
1044 4151 1190 4205 misit
1215 4153 1352 4206 Dens
1378 4153 1541 4206 ﬁlium
1573 4169 1725 4208 suum

135 4247 206 4318 (ε)
235 4245 452 4300 factum
483 4259 549 4296 ex
581 4242 804 4297 muliere
824 4283 839 4307 ,
877 4243 1070 4297 factum
1103 4244 1202 4298 sub
1228 4243 1400 4313 Lege,
1431 4254 1487 4298 ut
1517 4262 1608 4299 eos
1636 4247 1725 4315 qui

139 4339 236 4390 sub
263 4337 411 4406 Lege
459 4343 612 4388 erant
639 4333 967 4398 redimeret,
1016 4342 1072 4386 ut
1108 4333 1447 4402 adoptionem
1494 4333 1724 4389 filiorum

141 4428 556 4496 reciperemus;
588 4433 643 4478 et
669 4439 999 4493 nequaquam
1029 4424 1129 4476 sub
1161 4424 1475 4493 ptedagogo,
1505 4425 1598 4479 sed
1627 4426 1727 4480 sub

143 4518 356 4582 adn-lto,
386 4528 446 4572 et
480 4517 702 4569 Domino
731 4515 940 4568 lueredc
969 4515 1229 4570 vivamus.

215 4609 302 4661 15.
335 4604 508 4678 Ὶάθ
579 4605 817 4674 Sequitur
841 4605 893 4657 in
923 4603 1153 4672 Epistola
1179 4617 1266 4658 tua
1286 4619 1306 4658 :
1334 4603 1452 4658 Non
1481 4607 1594 4659 ideo
1627 4605 1726 4660 Pe-

148 4707 276 4750 trum
309 4697 628 4760 emendavit,
655 4695 788 4764 quod
824 4706 1059 4764 paternas
1084 4697 1376 4749 traditiones
1405 4697 1726 4752 observaret:

149 4787 282 4853 quod
326 4789 368 4838 si
413 4789 580 4856 facere
613 4786 787 4851 vellet,
833 4801 922 4837 nec
961 4787 1287 4847 mendaciter,
1327 4803 1416 4838 nec
1454 4788 1727 4859 incongrue

156 4879 362 4944 faceret.
416 4875 608 4928 lterum
649 4874 812 4928 dico:
856 4875 1282 4943 quamloquidem
1330 4873 1436 4945 [aL
1485 4877 1724 4950 quando]

219 5004 291 5067 (rt)
323 5003 648 5067 Benedictiul.
673 5006 878 5067 (ptanda,
895 5019 980 5066 pro
1001 5021 1112 5067 qua.

221 5063 291 5122 (ο)
328 5064 562 5115 Undecim
577 5063 728 5131 penes
740 5063 1091 5116 Benedictinos
1110 5068 1220 5116 Mss.
1236 5071 1520 5131 quibuscum
1545 5073 1722 5124 Veron.

160 5137 265 5172 cum
288 5138 380 5186 quo
401 5131 512 5186 ante
530 5138 624 5174 non
642 5125 820 5186 fecerat
847 5133 1187 5177 Testrmaentnm
1208 5125 1512 5181 Martiauzeus
1531 5145 1726 5186 annotat

162 5185 601 5251 eat-quampluribus
620 5187 726 5251 aliis
747 5187 904 5251 fuerat
927 5203 1012 5250 pro
1033 5190 1229 5251 fecerat.

226 5245 284 5314 (c)
323 5245 562 5295 Victorus
602 5245 818 5309 proderit
860 5245 1076 5311 reposuit
1121 5265 1184 5300 ex
1229 5251 1434 5314 Vulgato
1466 5261 1517 5303 et
1560 5255 1728 5307 Grrcco

162 5311 316 5367 textu,
335 5319 518 5367 aetatm.

164 5365 549 5472 bugdg'shslartian.
603 5374 710 5430 post
748 5367 999 5419 Erasmum
1055 5371 1429 5438 dispensatione,
1477 5382 1728 5428 renuenti-

419 5487 588 5560 Grreco
610 5503 790 5560 τινόμγος
822 5505 861 5560 ιε
880 5506 1042 5560 mus;
1068 5495 1179 5560 :Asic
1203 5498 1332 5545 enim
1368 5499 1480 5546 Mss.
1508 5499 1687 5550 habent
1710 5537 1725 5560 ,

370 5561 477 5622 non
493 5545 675 5622 mttunt,
689 5545 754 5600 'ut
778 5545 960 5613 vulgati
985 5545 1207 5616 plerique
1227 5571 1242 5619 ;
1267 5545 1457 5608 tametSi
1478 5561 1524 5607 in
1546 5545 1729 5622 aliquoi.

163 5580 331 5614 ,ητννιη-
374 5580 477 5621 ηνιτ
493 5580 675 5621 ιιιξιιοιέι,
703 5580 754 5600 ut
783 5580 960 5613 νυιειιιι
987 5580 1118 5614 luctu

159 5610 299 5654 etlam
321 5580 507 5660 ἅρπαις
525 5610 661 5660 libris
681 5626 860 5674 γινόμενον
883 5623 1118 5664 occurrat.

1829 2969 1968 3022 tnodi
1994 2986 2207 3025 errores
2235 2984 2284 3026 et
2309 2975 2432 3026 vitia
2460 2975 2589 3027 dicit
2609 2990 2668 3030 se
2691 2976 2766 3046 (Ii)
2794 2977 2984 3032 damna
3007 2991 3059 3032 ct
3084 2989 3142 3034 ut
3162 2991 3403 3039 stereora

1826 3059 2161 3125 arbitratum,
2195 3072 2249 3114 ut
2273 3063 2540 3116 Christum
2571 3065 2934 3122 lucrifacere“
2969 3069 3136 3139 (Phil.
3164 3074 3216 3127 5.
3248 3075 3328 3142 8).

1900 3150 1986 3203 16.
2018 3151 2312 3205 Didicimus
2344 3169 2437 3222 per
2464 3164 2532 3218 te,
2564 3171 2682 3224 qua:
2712 3156 3001 3225 Apostolus
3033 3161 3226 3218 Paulus
3263 3166 3401 3220 mala

1828 3226 2104 3308 reliquerit
2133 3241 2437 3295 .luda-orum
2469 3260 2482 3296 :
2515 3259 2726 3298 rursum
2757 3257 2809 3300 te
2835 3247 3062 3303 docente
3098 3251 3362 3307 discamus
3382 3294 3399 3321 ,

1827 3343 1945 3395 qum
1976 3331 2111 3382 bona
2146 3345 2330 3385 eorum
2378 3335 2628 3387 tenuerit.
2677 3335 3125 3405 (Observationes,
3158 3342 3398 3411 inquies,

1830 3416 1998 3488 Legts,
2027 3437 2151 3489 quas
2176 3439 2314 3474 more
2334 3425 2502 3490 patrio
2523 3425 2776 3479 celebrant
2805 3443 2824 3479 :
2852 3429 2982 3482 sicut
3008 3431 3070 3483 ab
3091 3432 3201 3500 ipso
3232 3431 3401 3488 Paulo

1827 3511 2092 3565 celebrata:
2164 3514 2326 3585 750
2396 3525 2530 3579 sunt,
2554 3517 2783 3570 sineulla
2800 3518 2981 3572 salutis
3001 3523 3400 3593 necessitate.)ld

1826 3600 1949 3668 quid
1967 3603 2096 3655 velis
2113 3602 2311 3666 dicere,
2330 3603 2446 3657 sine
2463 3606 2564 3658 ulla
2584 3606 2770 3660 salutis
2787 3611 3127 3678 necessitate,
3152 3629 3254 3667 non
3269 3616 3402 3669 satis

1827 3691 2088 3759 intelligo.
2123 3692 2176 3745 Si
2217 3693 2358 3746 enim
2388 3695 2613 3748 salutem
2654 3712 2758 3749 non
2802 3697 3063 3763 aﬂcrunt,
3094 3716 3188 3754 cur
3212 3704 3402 3756 obser-

1829 3783 2054 3834 vantur?
2093 3782 2148 3835 Si
2191 3792 2366 3835 autent
2421 3783 2750 3838 observanda
2781 3797 2930 3848 sunt,
2964 3789 3144 3855 utique
3173 3793 3400 3846 salutem

1826 3871 2055 3926 atl‘erunt
2082 3889 2096 3925 :
2130 3873 2358 3925 maxime
2396 3889 2518 3940 qua:
2544 3875 2855 3938 observata,
2886 3885 3148 3944 martyres
3180 3878 3398 3934 faciunt.

1827 3961 1940 4014 Non
1969 3963 2110 4014 enim
2140 3961 2572 4026 observarentur,
2612 3963 2712 4016 nisi
2738 3963 2990 4018 afferrent
3015 3965 3260 4020 salutem.
3292 3969 3400 4023 Ne-

1827 4065 1929 4120 que
1969 4052 2109 4104 enim
2142 4051 2494 4104 indifferentia
2523 4061 2648 4105 sunt
2683 4054 2823 4107 inter
2853 4054 3047 4108 bonum
3080 4065 3134 4110 et
3163 4059 3356 4112 malum
3382 4103 3399 4127 ,

1828 4141 1967 4194 sicut
1993 4139 2303 4208 Philosophi
2344 4139 2637 4209 disputant.
2679 4143 2880 4198 Bonum
2923 4157 3004 4199 cst
3043 4149 3400 4218 continentia,

1830 4232 2029 4286 malum
2058 4241 2140 4286 est
2168 4232 2397 4286 luxuria.
2428 4232 2574 4287 Inter
2601 4244 2882 4305 utrumque
2911 4237 3219 4294 indill'erens
3239 4283 3252 4306 ,
3283 4257 3401 4296 am-

1831 4321 2044 4384 bulare,
2089 4321 2148 4389 (i)
2192 4321 2436 4390 digerere
2481 4325 2585 4377 alvi
2632 4333 2897 4391 stercora,
2946 4329 3136 4398 capitis
3185 4334 3402 4389 naribus

1831 4421 2176 4480 purgamenta
2209 4412 2504 4480 projicere,
2549 4417 2718 4482 sputis
2747 4416 3023 4471 rheumata
3045 4421 3245 4488 jacere.
3290 4423 3402 4478 lloe

1830 4518 1926 4555 nec
1957 4503 2180 4567 bonum,
2213 4519 2311 4558 nec
2339 4507 2536 4558 malum
2573 4518 2654 4560 est
2681 4526 2693 4560 :
2727 4510 2838 4562 sive
2865 4513 3006 4564 enim
3035 4512 3222 4567 feceris
3242 4556 3255 4577 ,
3289 4518 3402 4572 sive

1832 4607 1935 4644 non
1963 4591 2186 4657 feceris,
2231 4594 2607 4663 necjustitiam
2644 4598 2894 4662 habebis,
2927 4617 3024 4654 nec
3067 4603 3398 4670 injustitiam.

1830 4682 2128 4739 Observare
2155 4695 2331 4740 autem
2359 4686 2514 4756 Legis
2541 4691 2917 4755 carremonias,
2949 4708 3053 4744 non
3082 4702 3251 4761 potest
3277 4710 3399 4751 esse

1831 4773 2138 4828 indifferens
2166 4793 2179 4827 :
2212 4775 2303 4828 sed
2335 4787 2425 4828 aut
2453 4777 2646 4830 bonum
2689 4787 2799 4842 est,
2845 4790 2932 4832 aut
2960 4781 3152 4834 malum
3190 4792 3289 4836 est.
3323 4785 3403 4840 Tu

1831 4862 1964 4915 dicis
1993 4864 2188 4916 bonum
2211 4904 2224 4925 ,
2257 4880 2356 4932 ego
2382 4881 2564 4918 assero
2593 4868 2790 4920 malum
2825 4886 2839 4922 :
2869 4879 2919 4920 et
2949 4869 3138 4923 malum
3182 4889 3284 4926 non
3317 4889 3406 4926 so-

1831 4951 1940 5004 lum
1979 4953 2059 5005 his
2099 4953 2186 5020 qni
2222 4967 2286 5005 ex
2329 4954 2603 5022 gentibus;
2636 4957 2728 5009 sed
2769 4966 2824 5010 et
2853 4957 2936 5011 his
2961 4959 3047 5028 qui
3074 4976 3141 5014 ex
3183 4962 3406 5020 Judaico

1895 5082 1959 5201 gr)
1991 5081 2300 5130 Benedictio.
2329 5095 2410 5153 λη.
2432 5098 2507 5145 ne,
2535 5095 2630 5135 etc.
2668 5088 2791 5138 forte
2825 5091 3182 5153 typothetarum
3205 5099 3400 5149 mendo.

1916 5144 1967 5201 ῃ)
2003 5142 2154 5189 Iidem
2178 5155 2270 5190 non
2292 5151 2509 5201 sentitur,
2535 5146 2594 5195 ab
2614 5148 2870 5201 imperitis.
2896 5152 3051 5201 minus
3073 5156 3399 5201 reprehendit-

1916 5144 1967 5250 gl)
2003 5142 2154 5189 Iidem
2178 5155 2270 5190 non
2292 5142 2509 5205 sentitur,
2535 5146 2594 5195 ab
2614 5142 3051 5210 intperitis','miuus
3073 5142 3401 5220 reprehendit;

1916 5216 1938 5249 tl
1965 5215 2060 5250 cas.
2089 5211 2185 5250 etc.
2213 5210 2313 5250 tum
2353 5213 2450 5250 Hoc
2473 5220 2588 5250 emo
2609 5210 2890 5250 Judmnrum
2935 5222 3029 5250 pte,
3061 5229 3084 5250 ει
3105 5230 3307 5250 ηιιηιιιηιι
3331 5221 3401 5250 1η,

1831 5201 2060 5274 iuguletis.
2089 5211 2185 5278 elg-
2213 5210 2313 5251 tum
2353 5201 2588 5278 H9c_e_'rgo
2609 5201 2908 5278 Juda’orum,
2935 5201 3085 5278 eici;
3104 5201 3404 5278 quantitas:

1831 5263 1994 5339 ctione
2019 5262 2430 5339 necAYerpnensis
2454 5262 2580 5339 liber
2621 5273 2789 5339 variat,
2815 5262 2908 5321 nisi
2945 5262 3406 5339 quodreprc—h—eutlvi-

1832 5322 2061 5391 “(1,1099
2085 5323 2408 5391 νεῖβνεΙιεηάὶι,
2433 5333 2612 5391 rectius
2636 5331 2772 5391 legit.

1896 5382 2435 5459 (h)ul\rlartian§eus‘cuit_i
2460 5382 2714 5459 plerisque
2735 5393 2840 5441 aliis
2863 5395 3025 5454 editis,
3050 5399 3227 5459 quibus
3248 5401 3406 5451 Vero-

1831 5457 1947 5513 nen.
1975 5443 2558 5513 hia-concinuit,dicitkse
2597 5443 2846 5513 damnare,
2871 5462 2916 5504 et
2961 5443 3242 5510 ut‘steiicuﬁrva
3266 5443 3406 5513 ἀ’έιῑὲ-

1831 5503 2150 5565 tratur.__Vide
2175 5503 2225 5564 Ει
2248 5505 2431 5554 istolam
2456 5510 2532 5558 67.
2560 5525 2690 5559 num.
2715 5513 2762 5561 6.
2789 5503 2886 5564 not.
2911 5529 2955 5565 e.

1896 5563 1954 5632 (i)
1989 5563 2230 5636 V_ict0rli.us
2252 5568 2444 5636 _m_aluit
2478 5583 2687 5636 egerere.
2715 5563 2960 5624 Verenen.
2999 5579 3087 5628 Ms.
3131 5582 3262 5631 addit
3327 5597 3405 5636 reo

1833 5625 1942 5675 stiri
1976 5636 1992 5674 :
2019 5625 2068 5672 in
2091 5625 2293 5685 reliquis
2317 5625 2564 5690 impressio
2587 5632 2785 5684 lectioni
2807 5625 3068 5690 consenth
