4054 6192
707 234 812 291 927

705 349 906 418 popqu
932 351 1289 406 crediderunt.
1319 353 1372 407 In
1395 354 1513 419 hoc,
1544 356 1595 410 ni
1624 356 1795 424 fallor,
1821 360 1958 427 loco,
1982 361 2107 416 dtnn
2129 364 2275 420 aliud

705 440 869 504 vitas,
918 441 968 492 in
1014 442 1153 493 aliud
1197 442 1519 499 devolveris.
1566 446 1696 499 Dum
1740 450 1882 501 enim
1925 453 2117 506 metuis
2147 455 2278 510 Por-

705 529 950 597 phyrium
975 529 1452 596 blaSpbemantcm,
1477 533 1528 586 in
1553 535 1767 590 libionis
1793 539 2015 594 incurris
2033 543 2272 612 laqueos,

701 615 784 668 his
811 617 896 683 qui
923 617 1146 670 credunt
1171 635 1237 671 ex
1263 619 1482 686 Judaeis,
1511 624 1896 681 observandam
1927 629 2119 699 Legem
2151 649 2274 687 esse

697 705 1012 760 decernens.
1051 709 1118 761 Et
1159 711 1281 778 quia
1321 710 1428 782 [al.
1459 714 1578 786 qui]
1623 718 1976 784 periculosum
2023 722 2272 792 intelligis

693 809 815 848 esse
843 795 982 863 quod
1011 797 1142 850 dicis
1162 839 1176 863 ,
1220 815 1430 853 rursum
1469 802 1595 856 illud
1626 806 1908 873 superﬂuis
1935 809 2109 862 verbis
2140 821 2272 865 tent-

694 900 884 952 perare
910 888 1142 951 conaris,
1177 889 1291 943 sine
1321 891 1426 944 ulla
1458 893 1647 946 salutis
1673 897 1989 951 necessitate
2017 917 2030 952 :
2065 900 2141 967 (a)
2169 918 2269 955 non

689 975 819 1026 sicut
842 975 1015 1030 ,Ιαάωὶ
1045 978 1346 1032 celebranda
1379 993 1575 1047 putant,
1609 994 1695 1037 aut
1722 986 1899 1055 fallaci
1922 989 2264 1058 simulatione,

687 1065 826 1130 quod
854 1063 1050 1119 Paulus
1081 1069 1132 1119 in
1161 1068 1314 1122 Petro
1335 1071 1741 1138 reprehenderat.

765 1155 853 1207 I7.
882 1154 1072 1209 Fallax
1090 1159 1364 1213 simulatio.
1388 1191 1458 1200 —
1480 1163 1669 1216 l’etrus
1696 1165 1851 1233 igitttr
1878 1168 2144 1223 simulavit
2165 1171 2266 1225 Le-

684 1242 768 1311 gis
785 1245 1100 1299 custodiant.
1124 1247 1227 1301 lste
1247 1259 1426 1304 autem
1450 1254 1806 1320 reprehensor
1825 1256 1986 1319 Petri,
2010 1261 2264 1316 audacter

685 1335 987 1389 observavit
1027 1338 1280 1406 legitima.
1326 1341 1574 1410 Sequitur
1603 1345 1743 1398 enim
1784 1346 1835 1399 in
1875 1348 2096 1416 epistola
2127 1360 2258 1406 tua:

692 1441 710 1473 ι
741 1424 871 1477 Nam
914 1427 956 1479 si
988 1439 1267 1495 propterea
1309 1432 1395 1485 illa
1426 1446 1756 1490 sacramenta
1787 1439 2106 1506 celebravit,
2138 1445 2258 1511 quia

681 1529 740 1567 se
770 1516 1038 1570 simulavit
1079 1517 1355 1584 Judaeum,
1392 1531 1447 1574 ut
1475 1523 1592 1578 illos
1623 1527 1992 1595 Iucrifaccret;
2022 1548 2120 1584 cur
2151 1549 2257 1588 non

679 1608 841 1659 etiam
869 1609 1191 1664 sacriﬁcavit
1221 1627 1339 1664 cum
1367 1615 1613 1679 gentibus
1633 1657 1648 1681 ,
1670 1620 1802 1684 .quia
1828 1630 1883 1674 et
1914 1621 1994 1673 his
2023 1624 2112 1690 qui
2143 1625 2257 1678 sine

679 1695 822 1762 Lege
848 1706 1029 1760 erant,
1080 1707 1330 1768 tanquam
1363 1703 1478 1756 sine
1523 1704 1662 1772 Lege
1690 1706 1860 1762 factus
1903 1720 2018 1774 est,
2063 1722 2118 1766 ιιι
2163 1729 2255 1768 eos

676 1800 886 1853 quoque
908 1787 1242 1842 Iucrilaceret
1273 1791 1347 1860 (1.
1382 1791 1498 1844 Cor.
1529 1795 1582 1846 9.
1612 1795 1740 1865 2|)?
1771 1799 1870 1851 nisi
1902 1803 2021 1868 quia
2047 1813 2100 1855 et
2125 1804 2254 1859 illud

679 1873 803 1924 fecit
825 1913 839 1932 ,
871 1885 927 1926 ut
963 1886 1149 1928 natura
1178 1877 1427 1945 Judaeus;
1456 1891 1508 1935 et
1539 1883 1637 1937 hoc
1670 1894 1836 1939 tottttn
1865 1889 2028 1955 dixit,
2063 1907 2166 1945 non
2199 1904 2255 1948 ut

674 1962 870 2016 Paulus
901 1980 957 2018 se
983 1967 1201 2036 lingeret
1229 1985 1347 2024 esse
1369 1973 1506 2040 quod
1538 1991 1640 2028 non
1671 1988 1804 2040 erat,
1837 1980 1929 2033 sed
1963 1992 2018 2034 ut
2041 1985 2250 2039 miser.-

673 2055 907 2108 eorditer
935 2056 1003 2108 ita
1034 2059 1453 2114 subveniendum
1483 2079 1602 2118 esse
1628 2069 1872 2133 sentiret,
1900 2085 1960 2123 ac
1986 2077 2028 2125 si
2061 2073 2172 2141 ipse
2198 2077 2247 2130 in

670 2159 736 2196 eo
763 2159 946 2198 errore
976 2147 1274 2210 laboraret;
1309 2167 1411 2205 neu
1442 2155 1645 2209 scilicet
1669 2162 1971 2216 mentientis
1991 2175 2128 2229 astu,
2155 2168 2248 2220 sed

669 2235 1044 2300 compatientis
1073 2238 1287 2292 allectu.
1323 2260 1340 2292 ι
1379 2242 1519 2296 Bene
1549 2245 1792 2300 defendis
1835 2251 2075 2318 Paullum,
2106 2257 2246 2324 quod

669 2337 775 2375 non
803 2323 1127 2380 simulaverit
1149 2344 1386 2384 errorem
1409 2333 1746 2401 Judacorum;
1774 2340 1867 2393 sed
1907 2343 2063 2414 751
2121 2361 2246 2401 vere

667 2412 824 2464 luerit
853 2413 901 2464 in
927 2431 1129 2470 errore.
1165 2417 1345 2486 Neque
1375 2422 1567 2476 imitari
1597 2425 1812 2480 Petrum
1843 2432 2068 2486 voluerit
2098 2451 2246 2490 meu-

667 2501 908 2563 tientem,
941 2503 1013 2573 (Ιι)
1049 2515 1101 2556 ιιι
1129 2508 1269 2574 quod
1299 2520 1410 2562 erat
1432 2552 1445 2574 ,
1489 2523 1631 2566 tnettt
1659 2515 1963 2574 Judaeorum
1993 2523 2245 2578 dissimu-

665 2586 800 2642 laret
838 2607 850 2642 :
894 2592 985 2644 sed
1030 2603 1134 2645 tota
1184 2595 1427 2652 libertate
1471 2600 1713 2656 Judaeum
1756 2621 1873 2659 esse
1912 2626 1971 2662 se
2018 2612 2238 2671 diceret.

663 2678 809 2733 Nova
853 2684 1133 2739 clementia
1178 2688 1449 2756 Apostoli;
1494 2692 1618 2746 dum
1664 2695 1878 2752 Judasns
1907 2701 2240 2762 Christianos

660 2769 774 2822 vult
804 2770 994 2836 facere,
1028 2774 1140 2838 ipse
1163 2775 1376 2830 Judaeus
1401 2778 1570 2834 laetus
1593 2793 1692 2836 est.
1724 2785 1839 2839 Non
1864 2791 2003 2842 enim
2035 2805 2240 2860 poterat

658 2857 962 2916 luxuriosos
988 2864 1052 2915 ad
1088 2867 1435 2934 lrngalitatem
1469 2872 1751 2939 reducere,
1785 2877 1883 2930 nisi
1912 2894 1968 2932 se
2000 2881 2237 2937 luxurio-

655 2962 772 3001 sum
808 2951 1081 3018 probasset
1102 2993 1115 3017 ,
1147 2964 1198 3008 et
1232 2957 1664 3027 misericorditer,
1699 2974 1754 3016 ut
1781 2965 1893 3034 ipse
1926 2970 2079 3036 dicis,
2111 2975 2236 3026 sub-

660 3042 843 3094 venire
871 3043 1110 3109 miseris,
1156 3047 1255 3100 nisi
1296 3064 1356 3102 se
1400 3052 1650 3106 miserum
1682 3057 1794 3124 ipse
1821 3061 2062 3116 sentiret.
2099 3063 2235 3120 Vere

657 3131 800 3183 enim
832 3133 1023 3186 miselli
1069 3143 1125 3188 et
1167 3137 1586 3195 misericorditer
1612 3144 1958 3214 deplorandi,
1991 3154 2076 3220 qui
2107 3169 2232 3208 con-

654 3220 894 3274 tentione
921 3236 1014 3274 sua
1037 3232 1090 3276 et
1113 3240 1295 3279 amore
1321 3229 1449 3296 legis
1471 3231 1681 3285 abolitae
1703 3236 2014 3303 Apostolnni
2038 3240 2231 3300 Christi

652 3307 827 3362 fecere
853 3311 1113 3365 Judaeum.
1146 3315 1253 3369 Nec
1282 3321 1504 3372 multum
1550 3323 1770 3378 interest
1801 3328 1937 3382 inter
1978 3347 2147 3387 meam
2177 3345 2232 3391 et

656 3408 799 3450 tttaun
829 3404 1166 3466 sententiam,
1198 3419 1298 3472 qua
1327 3423 1426 3476 ego
1448 3410 1586 3474 dico,
1619 3425 1671 3466 et
1699 3415 1908 3472 Petrum
1935 3433 1986 3474 et
2009 3423 2227 3488 Paullum

654 3487 845 3541 timore
877 3489 1106 3543 lidelium
1134 3492 1456 3570 Judaeorum,
1489 3498 1646 3568 Legis
1669 3509 1992 3576 exercuisse,
2027 3513 2131 3567 imo
2157 3517 2236 3569 εἰς

654 3577 889 3632 ululasse
929 3581 1174 3634 mandata
1210 3602 1222 3636 :
1258 3593 1311 3637 ιιι
1341 3597 1516 3641 autem
1547 3594 1742 3646 asseris
1787 3595 1886 3649 hoc
1917 3615 2008 3653 eos
2037 3606 2226 3661 fecisse

645 3667 974 3732 clementer;
1009 3685 1112 3724 non
1166 3677 1471 3732 mentientis
1521 3691 1672 3744 astu,
1718 3686 1809 3738 sed
1855 3693 2224 3758 compatientis

645 3758 861 3822 allectu,
893 3761 1182 3817 dummodo
1212 3765 1340 3821 illud
1371 3781 1607 3838 constet,
1638 3775 1719 3827 vel
1745 3788 1920 3843 metu,
1947 3783 2027 3834 vel
2065 3786 2223 3841 mise-

647 3848 876 3902 ricordia
908 3866 1001 3905 eos
1031 3854 1312 3911 simulasse
1341 3875 1399 3914 se
1426 3876 1547 3915 csse
1585 3865 1724 3933 quod
1753 3883 1858 3922 non
1886 3882 2058 3927 erant.
2089 3875 2219 3932 Illud

644 3951 821 3996 autem
853 3959 1222 4014 argumentum
1254 3967 1356 4019 quo
1403 3953 1682 4010 adversum
1714 3975 1811 4014 nos
1839 3965 2036 4031 uteris,
2078 3970 2219 4037 quod

644 4044 697 4086 et
726 4037 1014 4103 gentilibus
1039 4039 1279 4094 debuerit
1307 4045 1518 4112 gentilis
1541 4047 1678 4115 lieri,
1712 4052 1755 4104 si
1782 4052 1981 4109 Judanis
2004 4057 2218 4116 Judaats

643 4123 816 4178 [actus
837 4135 936 4186 est.
972 4130 1138 4196 magis
1168 4145 1265 4198 pro
1292 4134 1442 4188 nobis
1471 4135 1611 4191 facit.
1647 4139 1795 4196 Sicut
1819 4146 1960 4199 enim
1992 4162 2096 4202 non
2121 4150 2216 4206 luit

640 4228 768 4267 vere
793 4213 1008 4268 Judaeus
1029 4257 1044 4281 ,
1075 4219 1152 4272 sic
1177 4236 1272 4274 nec
1302 4237 1426 4278 vere
1451 4229 1661 4294 gentilis
1687 4241 1818 4286 erat.
1851 4235 1914 4288 Et
1941 4237 2078 4292 sicut
2110 4256 2214 4296 non

643 4303 740 4355 luit
782 4319 906 4357 vere
949 4309 1195 4372 gentilis,
1231 4311 1308 4364 sic
1354 4329 1449 4367 nec
1485 4331 1607 4372 vere
1645 4319 1860 4376 Judaeus
1889 4337 2021 4379 erat.
2063 4327 2118 4382 In
2147 4346 2214 4384 eo

638 4401 815 4445 autem
858 4394 1091 4449 imitator
1117 4402 1352 4466 gentium
1383 4414 1494 4471 est,
1525 4409 1645 4475 quia
1681 4414 1993 4482 praeputium
2024 4421 2212 4488 recipit

635 4483 688 4536 in
723 4482 827 4538 ﬁde
865 4484 1101 4540 Christi:
1134 4498 1187 4541 et
1225 4491 1588 4550 indill'erenter
1625 4503 1881 4568 permittit
1906 4509 2048 4562 vesci
2077 4510 2209 4566 cibis

632 4590 767 4644 quos
794 4575 1047 4630 damnant
1071 4577 1260 4644 Judaei,
1295 4598 1396 4636 non
1419 4586 1648 4654 cultum,
1682 4600 1738 4644 ut
1763 4601 1814 4646 tu
1841 4604 2013 4663 putas,
2042 4600 2209 4654 idolo-

635 4680 774 4719 rum.
802 4663 867 4718 ln
891 4663 1090 4720 Christo
1111 4670 1242 4722 enim
1267 4669 1412 4738 Jcsu,
1441 4691 1530 4727 nec
1556 4677 1869 4736 circumcisio
1899 4695 1971 4738 est
1990 4688 2202 4758 aliquid,

629 4771 719 4806 nec
746 4757 1046 4824 praeputium
1067 4798 1081 4817 .
1123 4759 1210 4813 sed
1237 4761 1511 4817 observatio
1554 4769 1908 4826 mandatorum
1938 4775 2031 4830 Dei
2059 4757 2200 4836 Gal.

626 4844 682 4896 5.
717 4843 770 4896 6.
799 4853 842 4897 et
867 4861 982 4914 cap.
1013 4846 1064 4900 6.
1100 4847 1208 4919 15).

700 4935 785 4989 18.
819 4935 1010 5002 Quaeso
1039 4938 1197 5007 igitur
1223 4950 1293 5005 te,
1321 4952 1377 4997 et
1406 4944 1596 5000 iterum
1623 4957 1782 5019 atque
1821 4952 2011 5010 iterum
2039 4960 2199 5016 obse-

622 5041 714 5080 cro
745 5026 837 5097 [al.
865 5029 1148 5103 deprecor],
1177 5043 1231 5086 ut
1259 5035 1500 5104 lglIOSCdS
1527 5038 1992 5109 disputatiunculae
2023 5067 2155 5107 meae
2179 5072 2194 5108 :

683 5179 754 5258 (ρ)
787 5179 1107 5258 Benedictini,
1135 5188 1220 5258 qui
1383 5193 1612 5258 negandi
1631 5197 1863 5258 particula
1886 5202 2015 5252 hunc
2037 5201 2196 5258 locum

619 5240 676 5330 :I‘I.
692 5241 947 5300 Augustini
975 5240 1177 5330 episto]a
1199 5247 1389 5299 LXVII.
1427 5240 1561 5330 ιῖἱιιιιξ
1584 5240 1646 5303 7.⁸

1548 5299 1556 5300 κ
1591 5299 1631 5303 ,-
1675 5299 1719 5305 -ν
1763 5299 1898 5310 ..ιιι-ην
1939 5299 2193 5318 ηνιναιυυ

618 5299 965 5361 llierouymum
1007 5299 1227 5354 eamdem
1268 5321 1571 5378 expungunt,
1596 5299 1951 5378 qttodotluidein
1975 5338 2083 5374 cum
2100 5299 2193 5377 lali-

616 5373 713 5446 3in
739 5365 838 5408 veri
861 5374 1055 5446 senatus,
1081 5375 1163 5414 aut
1202 5365 1946 5446 perspicuivtatis'dlSpend'ioVest
1962 5365 2193 5446 {tametsi

615 5418 716 5492 Ms’.‘
731 5418 1231 5492 quoquejer'onens'i
1248 5418 1562 5492 sull‘ragetur'.

934 5483 1151 5567 ξιιμ-φοί
1171 5479 1834 5567 “Mss.apu’d‘BEnedictinos,
1861 5509 1911 5552 ut
1951 5509 2078 5567 quod
2099 5522 2192 5560 non

612 5545 732 5590 erat.
759 5547 885 5645 mea;
922 5543 1201 5651 «talearum
1217 5543 1480 5603 simularet.
1507 5543 1780 5622 remissi;
1792 5543 2190 5622 delini'iii'aié‘a';

614 5606 721 5642 runt
743 5609 864 5645 simu
884 5614 967 5650 are
991 5636 1004 5650 .
1729 5645 1754 5651 _

614 5606 721 5642 rum
743 5606 1004 5651 simularet.
1658 5606 1668 5608 ⁷
1682 5606 1696 5608 ⁷
1706 5606 1756 5668 ’ζ

1996 250 2235 308 S.\NCTI
2275 253 2652 315 lIIERONYllI

3889 295 3980 353 ρει
4021 265 4028 353 ξ

2385 377 2438 422 et
2468 371 2608 439 quod
2652 374 2867 430 modum
2897 393 3071 436 meum
3102 399 3347 454 egressus
3373 407 3532 462 sum,
3566 398 3666 452 tibi
3711 400 3974 472 imputes,
4021 371 4024 414 Ι

2383 457 2474 525 qui
2503 462 2722 530 coegisti
2752 473 2808 518 ut
2836 471 3185 528 rescriberem
3224 473 3333 548 [ιιι.
3363 457 3675 560 scriberem]
3696 530 3712 555 ,
3760 457 3821 546 ει
3851 498 3975 552 mihi

2381 560 2500 601 cum
2546 549 2855 608 Stesichoro
2895 561 3080 617 oculos
3125 565 3407 625 abstulisti.
3445 549 3774 645 Neque'rne
3825 597 3973 652 putes

2381 641 2689 708 magistrum
2723 661 2842 701 esse
2882 653 3176 721 mendacii,
3217 660 3305 727 qui
3351 677 3549 731 sequor
3576 667 3868 728 Christum
3898 679 3972 732 di-
4025 671 4030 748 I

2378 739 2584 783 ceutem
2619 750 2631 785 :
2670 732 2781 802 Ego
2807 755 2918 790 sum
2947 742 3027 794 via
3046 784 3061 808 ,
3092 748 3275 802 veritas
3294 791 3310 815 ,
3338 761 3383 804 et
3411 757 3510 809 vita
3536 756 3721 828 (Joan.
3761 766 3853 819 H.
3884 771 3964 834 6);

2379 833 2477 872 nec
2510 833 2683 889 potest
2716 827 2825 880 licri
2847 870 2860 893 ,
2913 842 2969 886 ut
2997 838 3234 893 veritatis
3261 843 3468 910 cultor,
3511 827 3803 910 mendacio
3833 863 3965 914 colla

2375 909 2700 967 submittam.
2730 916 2912 986 Neque
2934 924 3060 978 mihi
3083 927 3446 996 imperitorum
3473 937 3816 1004 plebeculam
3839 963 3963 1002 con-

2373 998 2524 1065 cites,
2553 1004 2640 1070 qui
2669 1015 2718 1059 te
2743 1022 3066 1066 venerantur
3095 1025 3150 1068 ut
3177 1018 3517 1090 Episcopum,
3549 1037 3606 1082 et
3635 1029 3689 1084 in
3714 1033 3960 1091 Ecclesia

2371 1084 2789 1157 declamantem,
2817 1096 3107 1156 Sacerdotii
3137 1103 3340 1161 Itonore
3367 1114 3664 1181 suspiciunt
3690 1137 3706 1172 :
3741 1139 3833 1178 uie
3859 1142 3957 1178 au-

2371 1181 2477 1228 tem
2503 1181 2672 1234 aetatis
2700 1183 2897 1239 ultima:
2922 1199 2977 1242 et
3005 1206 3140 1258 pene
3168 1195 3517 1266 decrepitum,
3542 1220 3606 1259 ac
3631 1207 3953 1271 Mouaistcrii

2368 1273 2420 1317 et
2465 1271 2604 1324 ruris
2635 1285 2840 1329 secreta
2881 1290 3170 1337 sectantem
3199 1289 3606 1358 parvipendunt.
3653 1300 3719 1353 Et
3743 1320 3951 1369 qua-ras

2370 1353 2460 1406 tibi
2491 1373 2625 1424 quos
2655 1361 2869 1430 doceas,
2901 1369 3014 1424 sive
3040 1353 3425 1440 reprehendas.
3458 1384 3539 1438 Ad
3613 1389 3774 1464 752
3853 1413 3948 1451 nos

2366 1444 2506 1498 enim
2537 1451 2696 1503 tantis
2725 1458 2887 1510 maris
2915 1468 3073 1529 atque
3103 1471 3365 1521 terrarum
3396 1473 3582 1539 spatiis
3607 1493 3635 1529 a
3664 1444 3947 1538 teidivisos

2365 1534 2447 1586 vix
2481 1539 2625 1592 vocis
2666 1549 2766 1596 tua:
2806 1561 2968 1601 sonus
3000 1555 3260 1618 pervenit.
3307 1558 3372 1611 Et
3410 1562 3453 1613 si
3483 1560 3710 1621 forsitan
3742 1571 3943 1628 litteras

2361 1625 2640 1693 scripseris
2661 1671 2674 1692 ,
2705 1645 2829 1687 ante
2858 1650 2950 1690 cas
2975 1639 3118 1694 Italia
3157 1658 3220 1695 ac
3248 1644 3417 1699 Roma
3440 1656 3756 1724 suscipient,
3781 1676 3943 1729 quam

2368 1726 2382 1729 Α
2409 1710 2424 1729 ι
2632 1720 2642 1729 .
2734 1723 2743 1729 -
2886 1724 2895 1729 -

2361 1710 2424 1764 ad
2452 1730 2534 1768 me
2560 1720 2642 1770 cui
2676 1723 2947 1778 mittendae
2977 1737 3117 1792 sunt,
3151 1730 3476 1791 deferantur.

2433 1805 2516 1858 l9.
2552 1808 2701 1873 Quod
2723 1824 2897 1869 autem
2923 1817 2973 1871 in
2999 1820 3118 1874 aliis
3146 1827 3343 1891 qumris
3365 1829 3606 1897 epistolis
3631 1853 3646 1890 :
3677 1853 3772 1891 cur
3796 1842 3943 1910 prior

2358 1909 2474 1949 mea
2504 1897 2555 1950 in
2579 1901 2729 1956 libris
2747 1905 2816 1958 Ca
2826 1911 3031 1964 nonicis
3053 1913 3417 1984 interpretatio
3433 1927 3719 1984 asteriseos
3746 1931 3940 1990 habeat

2355 1993 2409 2038 et
2433 1988 2662 2057 virgulas
2693 2010 3046 2067 pramotatas;
3095 2013 3150 2058 et
3197 2020 3383 2076 postea
3427 2014 3579 2069 aliam
3625 2023 3942 2079 translatio-

2355 2089 2476 2128 nem
2508 2079 2706 2149 absque
2749 2084 2829 2138 his
2856 2089 3020 2157 signis
3046 2093 3303 2150 ediderim
3333 2117 3346 2151 ε
3377 2115 3501 2169 pace
3539 2114 3621 2158 tua
3664 2108 3934 2176 dixerim,

2356 2163 2554 2218 videris
2583 2170 2710 2223 mihi
2743 2189 2847 2226 non
2875 2177 3190 2248 intelligere,
3219 2187 3360 2252 quod
3377 2163 3639 2258 quaesisti.
3673 2196 3767 2250 Illa
3789 2205 3933 2254 enim

2354 2252 2722 2324 interpretatio
2764 2263 3106 2338 Septuaginta
3148 2252 3503 2344 Interprelum
3551 2293 3676 2339 est:
3721 2299 3777 2342 et
3821 2293 3933 2344 ubi-

2350 2357 2578 2414 cumque
2603 2350 2818 2418 virgulae
2837 2395 2853 2420 ,
2885 2357 2935 2410 id
2965 2369 3048 2413 est
3082 2362 3222 2418 obeli
3252 2377 3404 2433 sunt,
3437 2371 3767 2441 signiﬁcatur
3792 2384 3928 2448 quod

2348 2432 2692 2506 Septuaginta
2726 2443 2840 2510 plus
2867 2447 3115 2514 dixerint.
3144 2469 3301 2522 quam
3343 2432 3572 2516 liabelur
3602 2466 3652 2518 in
3683 2432 3926 2523 Hebraeo.

2351 2521 2448 2578 Ubi
2473 2537 2650 2583 autem
2680 2536 2952 2604 asterisci,
2983 2541 3032 2594 id
3061 2551 3178 2610 est,
3207 2548 3431 2604 stellul.e
3463 2556 3833 2621 praelucentes.
3863 2580 3925 2616 ex

2348 2613 2732 2676 Theodotionis
2760 2626 2992 2684 editione
3013 2633 3077 2686 ab
3098 2633 3326 2705 Origene
3349 2613 3584 2697 addi-tum
3610 2659 3693 2701 est
3723 2667 3737 2702 :
3770 2651 3834 2704 Et
3857 2654 3924 2706 ibi

2344 2702 2528 2759 Graeca
2561 2715 2929 2772 transtulimus
2962 2738 2975 2775 :
3007 2720 3092 2777 hic
3120 2702 3327 2796 de'ipso
3361 2729 3643 2797 llcbraico,
3678 2741 3818 2808 quod
3849 2743 3926 2795 iu-

2347 2795 2746 2866 telligebamus,
2789 2812 3150 2876 expressimus
3179 2833 3192 2868 :
3226 2833 3479 2875 sensuum
3523 2827 3699 2892 potius
3733 2833 3920 2885 verita-

2344 2892 2448 2938 tem
2470 2927 2486 2952 ,
2529 2906 2685 2958 quam
2713 2896 2997 2952 verborum
3040 2904 3279 2960 ordinem
3312 2910 3576 2967 interdum
3603 2932 3923 2975 conservan-

2343 2986 2442 3030 tes.
2473 2978 2539 3032 Et
2577 2983 2740 3037 miror
2767 2992 3034 3055 quomodo
3071 2994 3416 3069 Septuaginta
3465 3005 3822 3077 luterpretum
3859 3015 3922 3068 li-

2338 3067 2465 3122 bros
2495 3070 2671 3141 legas,
2719 3093 2822 3131 nm
2866 3097 3026 3148 puros
3066 3098 3120 3140 ut
3158 3089 3226 3143 ab
3256 3092 3335 3145 eis
3373 3094 3501 3150 editi
3544 3109 3702 3166 sunt,
3733 3103 3830 3155 sed
3854 3106 3920 3158 ab

2338 3155 2569 3226 Origene
2597 3168 2934 3236 emendatos,
2983 3175 3096 3229 sive
3132 3177 3202 3247 (ὁ)
3229 3194 3508 3252 corruptos
3536 3203 3630 3254 per
3653 3192 3842 3246 obelos
3867 3205 3920 3248 et

2336 3251 2653 3318 asteriscos;
2683 3265 2733 3308 et
2762 3257 3044 3316 Christiani
3077 3265 3305 3322 hominis
3336 3271 3918 3342 interpretatiunculatu

2335 3352 2440 3391 non
2468 3343 2741 3410 sequaris,
2775 3353 3070 3416 praesertim
3110 3370 3230 3410 cum
3268 3374 3329 3414 ea
3357 3376 3475 3430 quae
3517 3365 3698 3421 addita
3746 3382 3911 3438 sunt,

2333 3442 2400 3481 ex
2431 3429 2662 3487 hominis
2697 3435 2865 3492 Judaei
2909 3453 3068 3511 atque
3113 3447 3404 3518 blasphemi
3453 3467 3571 3524 post
3611 3462 3914 3528 passionem

2332 3515 2560 3584 Christi,
2594 3523 2830 3582 editione
2869 3535 3217 3590 transtulerit.
3249 3539 3338 3595 Vis
3377 3553 3584 3600 amator
3608 3564 3728 3604 esse
3757 3568 3918 3610 verus

2330 3605 2668 3680 Septuaginta
2696 3614 3088 3688 Interpretum?
3117 3627 3230 3681 Non
3257 3630 3398 3698 legas
3423 3649 3486 3688 ca
3507 3652 3626 3705 qua:
3645 3641 3747 3695 sub
3774 3656 3917 3700 aste-

2331 3696 2483 3749 riscis
2509 3711 2666 3768 sunt,
2703 3704 2807 3758 imo
2835 3709 2963 3764 rade
2993 3712 3058 3766 de
3086 3717 3443 3775 voluminibus
3463 3763 3478 3787 ,
3509 3739 3565 3778 ut
3594 3738 3834 3786 veterum
3864 3747 3914 3788 te

2329 3782 2590 3840 fautorem
2619 3793 2830 3858 probes.
2855 3798 3005 3862 Quod
3033 3803 3076 3855 si
3100 3801 3309 3870 feceris,
3335 3825 3523 3866 omnes
3545 3815 3910 3877 Ecclesiarnm

2327 3873 2682 3936 Bibliothecas
2708 3883 2965 3944 damnare
2993 3897 3218 3961 cogeris.
3255 3898 3351 3952 Vix
3381 3904 3522 3958 enim
3551 3922 3689 3964 unus
3716 3925 3811 3968 aut
3835 3917 3911 3968 ai-

2327 3971 2406 4018 ter
2435 3966 2733 4027 invenietur
2761 3975 2918 4038 libcr,
2950 3983 3038 4050 qui
3070 3984 3166 4037 ista
3200 4002 3302 4041 non
3334 3991 3543 4052 habeat.

2324 4159 2441 4215 post
2470 4161 2705 4219 veteres,
2733 4167 2787 4211 ct
2815 4175 2953 4216 novo
2983 4167 3148 4222 uteris
3177 4169 3484 4241 syllogismo
3515 4193 3529 4230 :
3557 4189 3650 4234 aut
3674 4159 3902 4241 obscura

2321 4235 2533 4294 luerunt
2554 4259 2671 4312 quae
2695 4248 3026 4318 interpretati
3056 4266 3177 4310 sunt
3202 4235 3542 4333 Sepluaginta
3563 4309 3578 4329 .
3610 4281 3703 4325 aut
3731 4277 3902 4328 mani-

2319 4327 2472 4384 festa.
2502 4333 2555 4388 Si
2579 4335 2827 4404 obscura,
2857 4352 2907 4395 te
2935 4361 3146 4415 quoque
3172 4349 3225 4402 in
3256 4350 3359 4406 illis
3386 4353 3493 4409 falli
3523 4361 3759 4425 potuisse
3783 4379 3899 4419 cre-

2315 4419 2545 4477 dendum
2575 4437 2677 4480 est.
2709 4430 2762 4483 Si
2807 4435 3127 4502 manifesta,
3157 4441 3274 4496 illos
3315 4444 3366 4497 in
3406 4447 3484 4502 eis
3513 4449 3619 4504 falli
3662 4469 3768 4508 non
3800 4471 3894 4524 po-

2318 4512 2501 4597 tuisse,
2537 4519 2874 4584 perspicuum
2905 4536 3007 4578 est.
3037 4527 3150 4584 Tuo
3176 4532 3266 4586 tibi
3298 4549 3547 4597 sermone
3570 4546 3892 4612 respondeo.

3341 4588 3344 4589 ν
3452 4588 3545 4594 ρ---
3570 4588 3583 4594 -
3601 4588 3892 4612 --,,ν....νν.

2313 4588 2509 4657 Omnes
2536 4617 2744 4664 veteres
2768 4621 3081 4674 tractatores
3105 4622 3313 4691 quinos
3340 4627 3389 4681 in
3419 4629 3642 4686 Domino
3664 4651 3893 4702 praeces-

2311 4703 2529 4759 serunt,
2561 4708 2613 4751 et
2655 4702 2743 4768 qui
2784 4702 3086 4774 Scripturas
3123 4725 3334 4771 sanctas
3366 4718 3695 4790 interpretati
3727 4741 3854 4781 sunt
3875 4771 3889 4792 ,

2308 4793 2398 4835 aut
2447 4785 2672 4841 obscura
2725 4791 3055 4864 interpretati
3117 4812 3276 4872 sunt,
3330 4818 3418 4861 aut
3469 4785 3767 4867 manifesta.
3831 4819 3889 4872 Si

2307 4874 2568 4942 obscura,
2597 4885 2865 4948 quiunodo
2905 4897 2960 4942 tu
3003 4905 3164 4946 ausus
3204 4910 3262 4948 es
3294 4908 3409 4965 post
3450 4914 3538 4953 eos
3576 4901 3880 4974 disserere,

2306 4963 2444 5031 quod
2474 4965 2546 5019 illi
2586 4970 2875 5037 explanare
2946 4979 3105 5052 753
3180 4963 3309 5038 nou
3330 4993 3651 5055 potuerunt?
3681 4995 3738 5050 Si
3770 5014 3879 5053 tua-

2368 5153 2438 5216 (e)
2471 5153 2758 5218 Impressam
2783 5161 3044 5242 lectionem
3064 5169 3218 5242 etiam,
3231 5171 3480 5242 Xeronen.
3501 5177 3592 5228 Ms.
3613 5181 3872 5242 conﬁrmat;

2304 5221 2355 5262 et
2376 5228 2550 5285 sensus
2574 5231 2830 5299 cori‘gr’u’us
2866 5233 2943 5274 est
2964 5231 3133 5299 magis,
3176 5241 3227 5282 ut
3250 5221 3748 5299 θαιξιῇζῆυῐιῖἱεῖἐε.
3778 5223 3874 5291 Au:

2338 5277 2526 5358 lustinus
2552 5279 2619 5358 .in
2838 5277 3870 5358 exemplar-illusconstituebat-2mmet.

2349 5345 2467 5385 onet
2487 5345 2650 5414 autem
2670 5340 2918 5414 Victorius,
2934 5347 2983 5395 in
2997 5340 3094 5414 'sex
3117 5340 3496 5414 Brixianisllss'.
3525 5340 3694 5411 haberi
3717 5340 3873 5414 corre-

2299 5402 2420 5480 ειοειζ
2440 5399 2842 5458 quemadmodum
2875 5413 2929 5480 et
2949 5407 3129 5480 vulgati
3168 5399 3359 5480 qpidain
3374 5399 3871 5480 fiégﬁfa'dth'déu

2299 5457 2544 5544 prodatur,
2568 5472 2676 5508 cum
2714 5465 2995 5525 emendare,
3021 5457 3073 5518 ἕι
3093 5457 3344 5533 corrigere
3370 5457 3759 5544 ἰᾶᾶἶῖῗέὶίλνερ
3796 5457 3869 5534 le:

2299 5529 2410 5544 anno
2431 5529 2509 5544 Ιιηι
2528 5521 2682 5544 amid-nn
2700 5531 2863 5544 ιιι-...ηΑι
2896 5535 3096 5544 --.‘A_,-.-
3155 5531 3168 5544 I
3325 5543 3331 5544 κ

2333 5517 2510 5606 eadunt
2528 5521 2685 5579 potius
2697 5531 2870 5606 ceaset
2885 5517 3141 5606 correptos,
3153 5517 3341 5606 est
3359 5517 3868 5606 ξξῖιῖὲιιέξιξδξδυεῖη

2333 5588 2374 5606 υ.
2400 5590 2554 5606 mm...
2576 5592 2665 5606 ιη...
2707 5595 2761 5606 M
2796 5597 2894 5606 ω-
2984 5603 3027 5606 .__
3090 5604 3145 5606 _,_

2333 5529 2510 5564 enuum
2528 5529 2685 5579 potius
2697 5531 2870 5574 censet
2885 5535 3141 5590 correptos,
3153 5529 3246 5581 hoé
3263 5543 3341 5583 est
3359 5529 3868 5606 retrahensosiuain

2297 5529 3146 5664 fi?‘f‘1‘33":fi¥._°29£90§_¥§e¥
3182 5591 3433 5664 Ριοιςριίε
3473 5601 3710 5662 praeferre
3730 5609 3872 5657 testis

2299 5642 2408 5696 est;
2430 5638 2518 5687 sed
2540 5639 2590 5687 in
2615 5643 2840 5695 eumdem
2859 5661 2916 5698 ac
2936 5638 3169 5704 correctas
3183 5638 3667 5714 ieéidii'éénghﬁ.“
3679 5638 3720 5684 ν’
