4054 6192
164 385 357 441 nifesta
381 425 396 449 ,
441 379 764 457 superfluum
804 385 886 431 est
914 385 965 430 te
1003 371 1235 426 voluisse
1264 368 1564 457 disserere,
1597 360 1740 457 quod

166 477 288 529 illos
315 451 483 529 latere
503 451 606 527 non
634 468 802 540 potuit
825 484 840 520 :
867 464 1097 521 maxime
1119 462 1170 515 in
1192 455 1573 527 explanatione
1597 451 1745 506 Psal-

167 582 380 621 morum
405 606 418 628 ,
449 578 582 632 quos
617 558 753 629 apud
779 557 996 612 Graecos
1036 546 1369 619 interpretati
1408 552 1535 599 sunt
1563 541 1745 632 multis

167 631 559 715 voluminibus,
604 649 809 719 primus
850 644 1143 714 Origenes,
1188 636 1454 693 secundus
1486 631 1748 687 Eusebius

167 743 532 813 Caesariensis,
564 740 752 795 tertius
778 735 1094 791 Theodorus
1125 730 1497 788 Heracleotes,
1529 730 1747 813 quartus

168 836 415 889 Asterius
440 810 935 900 chthopolitanns,
968 826 1183 893 quintus
1212 816 1529 889 Apollinaris
1556 810 1748 867 Laodi-

167 938 373 988 ccnus,
418 932 605 976 sextus
648 918 904 989 Didymus
932 912 1342 969 Alexandrinus.
1387 906 1651 961 Feruntur
1693 908 1749 954 et

168 1015 504 1070 diversorum
531 1015 582 1064 in
608 1025 804 1080 paucos
823 1006 1064 1062 Psalmos
1082 1000 1358 1071 opuscula.
1387 995 1493 1052 Sed
1518 1007 1658 1047 nunc
1681 990 1749 1045 de

169 1105 377 1171 integro
404 1101 738 1155 Psalmorum
781 1110 1007 1166 corpore
1045 1091 1289 1146 dicimus.
1338 1083 1491 1155 Apud
1533 1082 1750 1171 Latinos

168 1169 349 1248 autem
382 1193 610 1247 llilaritts
636 1188 1005 1251 Pictaviensis,
1029 1193 1084 1239 et
1108 1180 1370 1238 Eusebius
1398 1169 1751 1231 \‘ercellensis

170 1285 447 1352 Episcopi,
471 1283 755 1352 Origenem
782 1289 835 1333 et
862 1276 1150 1332 Eusebium
1183 1270 1585 1328 transtulerunt,
1612 1276 1748 1333 quo-

168 1392 288 1431 rum
320 1378 554 1445 priorem
582 1386 634 1430 et
657 1382 837 1428 noster
858 1368 1172 1425 Ambrosius
1197 1366 1250 1420 in
1270 1360 1585 1433 quibusdam
1601 1369 1754 1409 secu-

169 1478 254 1521 tus
283 1477 388 1521 est.
424 1464 761 1534 Respondeat
788 1461 916 1516 mihi
936 1457 1211 1528 prudentia
1237 1464 1346 1518 tua,
1366 1463 1532 1520 quare
1562 1458 1614 1499 tu
1637 1452 1754 1512 post

172 1566 348 1611 tantos
374 1564 432 1609 et
458 1556 593 1608 tales
624 1555 948 1620 lnterpretes
966 1550 1016 1602 in
1032 1543 1404 1615 explanatione
1422 1539 1754 1593 Psalmornm

171 1647 383 1701 diversa
410 1644 667 1698 senseris.
691 1643 746 1695 Si
773 1642 914 1694 enim
938 1636 1149 1692 obscuri
1168 1644 1288 1689 sunt
1310 1628 1523 1692 Psalmi,
1547 1635 1597 1679 te
1622 1637 1756 1693 quo-

173 1751 276 1803 que
300 1736 352 1788 in
378 1735 457 1787 eis
485 1732 593 1786 falli
626 1731 862 1799 potuisse
891 1725 1216 1782 credendum
1239 1730 1341 1775 est.
1378 1719 1433 1773 Si
1461 1710 1752 1775 manifesti,

181 1826 299 1877 illos
317 1824 369 1875 in
393 1822 473 1876 eis
499 1820 607 1874 falli
634 1817 865 1887 potuisse
881 1831 986 1870 non
1002 1812 1237 1868 creditur
1257 1829 1269 1863 :
1289 1823 1350 1863 ac
1377 1806 1593 1877 perhoc
1611 1811 1755 1856 utro-

180 1931 283 1983 que
311 1912 474 1966 modo
498 1909 763 1979 superﬂua
788 1909 891 1962 erit
916 1901 1282 1973 interpretatio
1308 1906 1488 1964 tua,et
1509 1896 1608 1949 hac
1638 1894 1757 1962 lege

177 2015 295 2073 post
313 2005 522 2074 priores
548 2001 724 2056 nullus
743 2000 885 2068 loqui
898 1997 1137 2062 audebit,
1155 2004 1208 2049 et
1227 1991 1600 2063 quodcumque
1619 1987 1756 2040 alius

173 2096 518 2161 occupaverit
546 2098 680 2148 alius
699 2093 840 2148 deeo
862 2082 1128 2144 licentiam
1161 2083 1427 2143 scribendi
1457 2097 1562 2137 non
1587 2080 1756 2135 hahe-

175 2187 267 2240 bit.
292 2187 427 2253 Qum
446 2199 633 2239 portus
650 2183 993 2236 humanitatis
1014 2190 1116 2234 tua:
1133 2179 1295 2245 est,in
1310 2192 1418 2247 quo
1434 2175 1643 2230 veniam
1663 2171 1757 2226 tibi

175 2278 368 2332 tribuis
388 2317 403 2340 ,
434 2277 712 2344 indulgere
746 2283 800 2328 et
821 2274 1050 2328 caeteris.
1080 2271 1195 2338 Ego
1219 2270 1362 2325 enim
1389 2282 1497 2323 non
1525 2276 1631 2321 tam
1661 2282 1755 2320 ve-

177 2377 286 2420 tera
313 2366 537 2420 aholere
563 2374 785 2418 conatus
809 2378 928 2417 sum
947 2402 961 2423 ,
991 2377 1112 2429 quae
1140 2361 1332 2428 lingua:
1361 2373 1493 2411 meae
1524 2354 1756 2409 homini-

180 2457 276 2509 bus
305 2456 588 2509 emendata
615 2454 683 2508 de
708 2453 896 2509 Grch
925 2455 978 2504 in
1009 2451 1252 2505 Latinum
1284 2449 1526 2503 transtuli
1545 2488 1560 2511 ,
1599 2462 1758 2516 quam

182 2564 243 2601 ea
268 2548 575 2602 testimonia
599 2560 717 2615 qua:
736 2559 765 2596 a
790 2543 989 2598 Judacis
1011 2542 1367 2611 pra-tenuissa
1391 2549 1513 2593 sunt
1532 2537 1617 2593 vel
1639 2553 1761 2592 cor-

186 2651 367 2707 rupta,
402 2639 645 2709 proferre
686 2637 739 2689 in
776 2634 1047 2696 medium;
1081 2641 1140 2685 ut
1176 2631 1379 2686 scirent
1421 2631 1588 2684 nostri
1632 2628 1760 2698 quid

184 2729 442 2783 llebraica
473 2727 682 2782 \‘eritas
704 2724 1021 2779 contineret.
1046 2722 1101 2776 Si
1124 2720 1211 2775 cui
1240 2721 1416 2789 legere
1441 2735 1544 2773 non
1566 2719 1758 2787 placet,

181 2836 339 2874 tieino
382 2817 658 2887 compellit
704 2817 947 2870 invitum.
1003 2813 1154 2867 Bihat
1205 2812 1383 2864 vinum
1438 2818 1592 2864 vetus
1639 2825 1761 2862 cum

181 2911 463 2973 suavitate,
494 2919 550 2964 et
575 2920 755 2963 nostra
783 2916 953 2961 musta
980 2911 1309 2967 contemnat,
1343 2919 1461 2972 quae
1489 2903 1542 2954 in
1576 2901 1731 2969 expla

182 3004 397 3057 natione
434 3000 669 3071 priorum
700 2999 840 3053 edita
872 3006 1026 3062 sunt;
1054 3004 1112 3050 ut
1138 2995 1307 3049 sicubi
1341 2995 1426 3049 illa
1467 3007 1575 3048 non
1608 2993 1763 3047 intel-

184 3093 451 3163 liguntur,
497 3106 561 3145 ex
594 3089 791 3144 nostris
815 3088 1175 3141 manifestiora
1207 3085 1354 3139 fiant.
1402 3084 1554 3150 Quod
1585 3093 1762 3137 alitem

183 3200 350 3252 genus
380 3181 839 3252 interpretationis
883 3180 934 3234 in
978 3177 1269 3247 Scripturis
1309 3178 1509 3230 sanctis
1539 3190 1768 3244 sequen—

185 3279 313 3331 dnm
348 3279 447 3341 sit,
477 3276 613 3329 liber
637 3288 795 3342 quem
823 3271 1011 3340 scripsi
1039 3272 1106 3323 de
1130 3268 1347 3337 Optimo
1384 3283 1582 3338 genere
1609 3268 1767 3320 inter-

187 3366 469 3434 pretandi,
510 3373 563 3417 et
589 3374 779 3418 omnes
816 3359 1242 3416 Praefatiuncula:
1285 3358 1586 3413 divinorum
1617 3358 1769 3411 Voln-

189 3460 414 3521 mimnn,
437 3471 571 3526 quas
587 3453 804 3509 editioni
823 3463 1020 3507 nostra:
1039 3450 1446 3521 praeposuimus,
1465 3448 1766 3519 explicant;

189 3550 253 3602 ad
283 3549 512 3616 illasque
545 3544 862 3614 prudentem
892 3543 1147 3597 lectorem
1194 3539 1571 3595 remittendum
1618 3549 1766 3608 puto.

194 3638 257 3690 Et
286 3639 329 3690 si
360 3653 468 3703 me,
501 3646 556 3690 ut
584 3636 751 3700 dicis,
784 3635 836 3689 in
880 3634 1005 3688 novi
1036 3632 1363 3688 Testamenti
1394 3631 1771 3687 emendatione

191 3731 415 3799 suscipis
436 3771 451 3796 ,
483 3726 811 3798 exponisque
834 3736 1050 3781 causam
1076 3742 1172 3782 cur
1195 3726 1490 3796 suscipias;
1517 3727 1636 3795 quia
1667 3726 1773 3794 pln-

196 3822 311 3874 eri
361 3822 554 3890 lingua:
605 3816 807 3875 Graecae
858 3817 1113 3873 habentes
1143 3816 1454 3880 scientiam,
1496 3817 1565 3870 de
1614 3815 1777 3888 754

196 3926 314 3966 meo
370 3911 581 3980 possint
645 3922 809 3977 opere
868 3906 1154 3975 judicare:
1196 3906 1441 3961 eamdem
1501 3907 1777 3973 integrita-

197 4010 299 4054 tem
328 4001 598 4054 debueras
636 3998 796 4052 etiam
842 3996 895 4048 in
940 3996 1109 4049 veteri
1149 3995 1372 4048 credere
1409 3993 1773 4058 Testamento,

196 4091 336 4159 quod
364 4105 469 4143 non
501 4098 681 4142 nostra
708 4084 1104 4147 conlinximus;
1150 4084 1243 4137 sed
1272 4094 1328 4136 ut
1354 4082 1496 4151 apud
1526 4082 1777 4135 llebrams

195 4180 503 4234 invenimus
522 4215 539 4240 ,
568 4175 745 4230 divina
774 4173 1158 4229 transtulimus.
1189 4172 1367 4228 Sicubi
1393 4171 1605 4227 dubitas
1623 4212 1638 4235 ,
1669 4170 1781 4225 lla:-

201 4268 370 4322 bncos
400 4270 691 4334 interroga.

269 4359 358 4412 21.
388 4358 492 4412 Sed
519 4355 659 4412 forte
685 4355 832 4409 dices
856 4370 869 4407 :
894 4353 1018 4424 quid
1041 4354 1084 4407 si
1110 4353 1317 4408 Hebraei
1343 4360 1437 4407 aut
1456 4353 1782 4421 respondere

206 4450 500 4515 noluerint,
552 4458 642 4501 aut
691 4446 904 4501 mentiri
951 4445 1258 4499 voluerint?
1305 4443 1436 4497 Tota
1486 4443 1781 4513 frequentia

205 4540 506 4597 Judzuurttm
551 4542 602 4595 in
633 4555 749 4595 mea
782 4538 1218 4608 interpretatione
1249 4536 1530 4592 reticehit?
1570 4527 1784 4592 Nullus-

206 4648 308 4701 que
332 4635 556 4690 inveniri
597 4632 819 4703 poterit,
851 4631 940 4701 qui
984 4630 1222 4684 Hebraeae
1252 4630 1444 4699 lingua:
1471 4628 1665 4683 habeat
1694 4645 1785 4683 no-

210 4725 372 4779 titiam
414 4725 521 4798 [ιιι.
553 4722 843 4797 notionem]
876 4745 889 4780 :
921 4733 1013 4777 aut
1039 4737 1229 4777 omnes
1271 4722 1619 4777 imitabuntur
1661 4724 1783 4778 illos

207 4813 450 4880 .lndaeos,
482 4831 617 4885 quos
643 4815 777 4869 dicis
806 4815 858 4868 in
900 4812 1092 4867 Africae
1138 4822 1379 4880 repertos
1421 4812 1694 4881 Oppidulo,
1728 4811 1780 4866 in

211 4919 385 4959 meam
410 4908 744 4977 conspirasse
767 4906 1124 4961 calumniam?
1157 4905 1532 4973 llujuscemodi
1560 4907 1701 4961 enim
1730 4907 1781 4961 in

211 4996 437 5064 epistola
475 5006 562 5051 tua
592 4998 728 5051 texis
757 4996 986 5050 fabulam
1018 5013 1031 5049 :
1073 5014 1092 5047 ι
1125 4995 1349 5061 Quidam
1396 4994 1560 5049 frater
1602 5007 1785 5050 noster

214 5084 540 5155 Episcopus,
582 5101 701 5140 cum
728 5088 953 5142 lectitari
982 5087 1301 5142 instituisset
1341 5087 1391 5140 in
1432 5086 1673 5141 Ecclesia
1699 5090 1783 5144 cui

216 5186 426 5242 prrecst,
460 5178 947 5245 interpretationem
972 5185 1136 5240 tuam,
1163 5176 1328 5230 movit
1351 5175 1602 5245 quiddam
1630 5176 1786 5245 longe

215 5265 371 5321 aliter
407 5282 438 5320 a
484 5279 535 5322 te
565 5267 793 5337 positum
824 5266 963 5336 apud
991 5265 1178 5320 Jonam
1225 5264 1583 5334 Prophetam,
1627 5280 1784 5334 quam

215 5366 327 5407 erat
352 5359 586 5412 onminm
629 5358 879 5413 sensibus
900 5357 1281 5425 memoriaeque
1312 5356 1701 5420 inveteratum,
1734 5364 1788 5409 et

218 5447 295 5494 tot
316 5453 523 5501 aetatum
547 5446 977 5503 suecessionibns
999 5446 1361 5501 decantatum.
1386 5444 1682 5513 Factusque
1706 5453 1789 5498 est

221 5536 391 5585 tantus
416 5537 669 5591 tumultus
690 5536 741 5589 in
765 5537 938 5606 plebe,
968 5536 1198 5590 maxime
1218 5533 1421 5590 Graecis
1444 5535 1788 5605 arguentibus

222 5630 274 5674 et
313 5622 713 5684 inclamantihus
740 5628 1060 5685 calumniam
1109 5628 1350 5684 falsitatis
1373 5670 1389 5695 ,
1422 5637 1478 5684 ut
1506 5636 1783 5697 cogeretur

1515 245 1841 305 El‘lSTOLA
1882 243 2042 300 CXII.

3325 250 3430 308 930

1855 357 2146 426 Episcopus
2165 355 2240 429 (ιι)
2264 354 2348 429 (ea
2370 357 2566 428 quippe
2585 358 2772 414 civitas
2792 360 2927 433 erat)
2945 362 3252 419 Judmorum
3277 370 3429 422 testi.

1852 449 2088 503 numium
2136 448 2395 519 ﬂagitare.
2442 449 2630 506 Utrum
2677 463 2854 507 autem
2901 455 2973 508 illi
3020 456 3316 526 imperitia.
3358 476 3427 515 an

1853 540 2073 605 malitia,
2107 541 2209 595 hoc
2235 556 2355 595 esse
2380 542 2431 595 in
2459 543 2694 596 llebrwis
2713 545 2988 600 codicibus
3013 550 3424 617 responderunt,

1852 630 1992 698 quod
2023 640 2077 684 et
2104 629 2276 685 (ἕτωοί
2321 641 2375 685 et
2418 631 2593 686 Latini
2627 630 2921 697 habebant,
2955 644 3113 704 atque
3160 638 3427 695 dicebant.

1852 718 1991 786 Quid
2023 720 2215 787 plura?
2242 722 2471 776 Coactus
2499 731 2582 776 est
2611 721 2772 776 homo
2800 726 2942 777 velut
2970 726 3302 781 mendacium
3335 728 3428 798 [aL

1854 808 2274 881 mendosimwm]
2306 811 2574 880 corrigere
2593 852 2608 875 ,
2641 813 2827 866 volens
2857 824 2977 881 post
3008 831 3253 884 magnotu
3289 820 3431 886 peri-

1853 899 2032 951 culum
2064 913 2169 951 non
2201 914 2479 954 remanere
2523 904 2639 955 sine
2668 903 2838 970 plebe.
2880 903 3033 960 Unde
3075 908 3232 960 etiam
3278 910 3432 966 nobis

1853 987 2062 1041 videtur
2087 988 2372 1057 aliquando
2421 990 2471 1042 in
2519 992 2790 1045 nonnullis
2829 1002 2881 1048 te
2921 1010 3134 1064 quoque
3175 996 3287 1052 falli
3333 1015 3432 1069 po-

1855 1079 2039 1133 tuisse.

1924 1168 2014 1221 22.
2050 1170 2189 1225 Dicis
2220 1186 2307 1227 me
2338 1171 2387 1224 in
2435 1171 2624 1226 .lonain
2664 1173 2981 1243 Prophetarn
3012 1179 3153 1233 male
3182 1181 3433 1250 quiddam

1856 1259 2282 1327 interpretatum,
2315 1272 2369 1316 et
2396 1263 2657 1318 seditione
2682 1266 2861 1334 populi
2887 1268 3273 1336 conclamantc,
3304 1288 3431 1341 pro-

1859 1360 1975 1417 pter
2001 1350 2155 1404 unius
2183 1352 2326 1405 verbi
2367 1352 2753 1407 dissonantiam
2803 1356 3122 1425 Episcopum
3168 1374 3304 1428 pene
3332 1361 3435 1417 Sa-

1854 1441 2151 1495 cerdotium
2199 1444 2527 1511 perdidisse;
2577 1454 2631 1499 et
2674 1447 2798 1515 quid
2844 1449 2914 1501 sit
2959 1449 3085 1503 illud
3125 1452 3264 1519 quod
3298 1455 3436 1507 male

1859 1532 2237 1600 interpretatus
2262 1536 2398 1599 sim,
2430 1535 2701 1590 subtrahis
2721 1579 2735 1601 ,
2768 1536 3017 1592 auferens
3043 1540 3172 1595 mihi
3200 1544 3439 1597 occasio-

1861 1639 1981 1676 nem
2010 1624 2335 1678 defensionis
2363 1642 2516 1690 mem,
2550 1641 2618 1680 ne
2647 1626 2900 1696 quidquid
2943 1629 3142 1685 dixeris
3165 1673 3181 1696 ,
3215 1648 3302 1688 me
3333 1649 3440 1689 res-

1862 1714 2125 1781 pondente
2146 1714 2381 1767 solvatur
2408 1737 2423 1769 :
2446 1716 2543 1768 nisi
2569 1718 2805 1778 forte..ut
2824 1730 2947 1773 ante
2966 1736 3136 1775 annos
3160 1724 3436 1793 plurimos,

1857 1803 2128 1857 cucurbita
2156 1805 2300 1858 venit
2325 1805 2375 1857 in
2405 1806 2634 1859 medium
2658 1847 2674 1871 ,
2704 1819 2977 1864 asserente
3007 1812 3147 1865 illius
3175 1818 3437 1883 temporis

1858 1890 2107 1945 Cornelio
2136 1892 2208 1962 (b)
2236 1901 2288 1946 ct
2327 1894 2515 1948 Asinio
2545 1895 2815 1961 Pollione,
2847 1913 2934 1953 me
2960 1899 3193 1955 hederam
3222 1918 3317 1972 pro
3360 1922 3442 1958 cu-

1858 1984 2051 2036 curbila
2078 1985 2444 2054 transtulisse.
2491 1985 2665 2054 Super
2708 2003 2809 2058 qua
2845 2004 2905 2044 re
2950 1992 3003 2045 in
3045 1990 3443 2053 Commentario

1858 2073 2008 2128 .lona:
2052 2074 2330 2143 Propheta:
2376 2076 2588 2144 plenius
2635 2079 3031 2147 respondimus.
3078 2083 3188 2139 lloc
3238 2095 3442 2142 tantum

1863 2179 2002 2217 nunc
2032 2164 2231 2218 dixisse
2255 2165 2529 2232 contenti,
2560 2166 2702 2235 quod
2732 2165 2787 2221 in
2815 2182 2883 2223 eo
2955 2171 3116 2243 755
3191 2173 3312 2229 loco
3353 2179 3443 2232 ul'i

1862 2254 2204 2325 Septuaginta
2226 2253 2548 2327 lnterpretes
2571 2258 2905 2323 cucurbilam,
2933 2261 3004 2331 (c)
3024 2272 3079 2316 et
3104 2265 3297 2334 Aquila
3318 2282 3442 2323 cum

1862 2347 2082 2416 reliquis
2106 2346 2343 2402 hederam
2368 2349 2784 2418 transtulerunt,
2818 2352 2872 2407 id
2901 2362 3014 2420 est,
3044 2367 3219 2423 κισσὸν,
3250 2358 3302 2412 in
3333 2360 3444 2415 lle-

1863 2439 2008 2494 bruco
2050 2440 2321 2497 volumine
2361 2457 2566 2498 creatos
2606 2445 2864 2514 scriptum
2909 2457 2993 2503 est
3038 2448 3147 2520 [a|.
3179 2452 3444 2526 habetur],

1862 2548 2018 2601 quam
2048 2534 2204 2602 vulgo
2228 2532 2345 2603 Syri
2373 2532 2449 2606 (ά)
2480 2549 2692 2590 οιεειιιι
2715 2547 2930 2594 vocant.
2953 2539 3053 2595 Est
3076 2551 3253 2597 autem
3280 2561 3448 2615 genus

1914 2666 1998 2741 ’(ις)
2031 2665 2228 2741 Perstat
2244 2667 2509 2741 sententia,
2530 2681 2675 2741 quam
2694 2682 2841 2741 supra
2862 2672 2911 2741 in
2943 2672 3072 2741 hunc
3095 2672 3255 2724 locum
3277 2677 3451 2741 Augu-

1863 2727 2085 2776 stinianze
2175 2728 2253 2797 ist.
2281 2727 2389 2775 101.
2415 2740 2479 2797 εδ
2500 2727 2621 2778 ιοὲυὶ
2644 2729 2709 2779 de
2732 2727 2837 2780 Oea
2861 2733 3061 2783 civitate
3119 2749 3172 2784 ro
3194 2749 3255 2786 ea
3277 2727 3450 2799 ιιι-οῗιο-

1864 2790 1997 2834 mine
2042 2740 2378 2834 intzllmenda.
2415 2743 2524 2834 Vid.
2563 2802 2684 2834 nos:
2720 2791 2833 2834 heia
2853 2799 3017 2834 auth
3053 2749 3313 2834 \Rymnpna
3358 2800 3429 2834 ηρ

1864 2790 1997 2849 mine
2042 2787 2378 2849 intelligenda.
2415 2787 2524 2837 Vid.
2563 2802 2684 2847 nos;
2720 2791 2833 2841 heic
2853 2799 3019 2842 autem
3053 2787 3330 2847 Veronens.
3358 2800 3447 2849 Ms.

1863 2848 2029 2921 eorum
2053 2862 2139 2921 pro
2160 2848 2233 2921 eli.
2261 2848 2524 2921 Mox-quod
2547 2850 2869 2921 Martianazus
2904 2857 3108 2921 not_a1.i_n
3144 2848 3451 2910 Cluniacensi

1969 2909 2290 2980 .ex'ejusdem
2315 2909 2596 2980 calligraphi
2619 2912 2958 2980 emendatione
2977 2915 3273 2980 legi,_nlrum
3293 2909 3453 2971 autem

1865 2970 1943 3038 illi
1961 2970 2222 3038 imperitia,
2246 2982 2311 3038 an
2331 2970 2520 3038 malilia_
2544 2970 2743 3033 fecerint
2777 2973 2949 3038 nescio.
2980 2970 3182 3038 sed/ioc
3205 2992 3326 3038 esse,
3352 2988 3449 3031 etc.

1868 3032 2011 3102 nobis
2029 3030 2226 3102 quidem
2249 3030 2491 3102 glossema
2508 3030 2728 3102 ineptum
2748 3034 2963 3102 videtur;
2978 3035 3251 3102 nihilenim
3271 3030 3454 3092 deesse

1868 3093 1917 3138 in
1943 3099 2098 3150 textu,
2118 3098 2171 3140 et
2188 3095 2394 3158 verbum
2416 3093 2926 3158 feceramsubaudiri,
2943 3098 3233 3158 jampridem
3253 3115 3455 3152 monue-

1868 3159 1943 3224 rat
1977 3161 2143 3224 contra
2185 3151 2434 3224 Erasnmm
2458 3152 2731 3224 __\[ictorius.
2773 3151 2980 3224 gravius
3016 3151 3202 3224 autem,
3233 3151 3456 3224 ﬂagitare

1869 3218 2143 3282 «trituram
2178 3210 2252 3261 illi
2296 3211 2554 3282 imperitia,
2578 3226 2663 3282 an.
2683 3213 2870 3282 malitia
2899 3217 3002 3282 _Itoc
3032 3231 3134 3282 esse
3166 3210 3456 3275 ih'uélirlcis

1869 3273 2115 3323 codicibus
2137 3273 2510 3337 responderent,
2536 3274 2663 3337 quod
2684 3281 2731 3325 el
2753 3278 2910 3328 cneci
2931 3284 2977 3328 el
2999 3280 3151 3331 Latini
3188 3273 3423 3336 habebant

1869 3348 2013 3397 quam
2041 3325 2319 3397 εθνωιιίιθη)
2342 3325 2609 3384 Ιθειίοἰιέω
2631 3325 2904 3397 punienda;
2935 3325 2972 3328 ’⁷
3000 3325 3149 3331 “”“’””
3189 3325 3450 3347 ’⁷’“’“’””πν

1934 3348 2013 3383 am
2078 3348 2319 3384 ermauam
2342 3348 2609 3384 lectionem
2631 3348 2904 3397 ptimelldll.

1934 3348 2360 3460 (b)_Eon_l'erenda_
2381 3403 2495 3445 sunt
2532 3396 2699 3460 istbazc
2714 3411 2787 3460 ex
2826 3399 3194 3454 Commentariis
3215 3405 3262 3454 in
3285 3406 3457 3457 Ionam

1870 3453 1976 3531 cap.
1991 3453 2053 3531 ’4ἶ
2082 3455 2184 3531 εδει
2473 3458 2985 3531 quidamﬁanthelius
3020 3464 3085 3531 de
3123 3453 3459 3531 antiquissimo

1872 3515 2064 3627 genere
2088 3515 2436 3575 Corneliorum,
2459 3515 2565 3568 sive
2588 3525 2665 3591 ut.
2681 3521 2785 3581 ipse
2821 3522 2969 3583 jactat
2985 3559 3000 3582 ,
3020 3525 3085 3574 de
3126 3515 3459 3590 stirpeii'i'sinii

1913 3578 2123 3627 olltonis.
2155 3577 2335 3626 dudum
2373 3576 2539 3627 Romae
2575 3580 2750 3627 dicitur
2786 3596 2866 3627 me
2889 3596 3142 3627 amme
3173 3590 3416 3627 sam-iluoii

1913 3578 2123 3652 ollionis,
2155 3577 2346 3652 dudum
2373 3576 2539 3652 Romae
2575 3576 2750 3652 dicitur
2786 3576 2866 3652 me
2889 3576 3142 3652 accusasse
3160 3576 3457 3652 Δειτὶειῖίὶιξξξίῖξ

1873 3639 2001 3702 quod
2026 3652 2112 3702 pro
2134 3639 2385 3702 cucurbita
2407 3640 2640 3702 hederam
2659 3642 3013 3697 transtulerim:
3034 3648 3194 3699 timuit
3210 3639 3439 3702 videlicet

1876 3689 1940 3770 tie
1962 3703 2007 3770 si
2027 3689 2114 3762 pro
2137 3700 2420 3770 cucurbitis,
2439 3700 2641 3770 hederae
2661 3689 3461 3770 mastgia}?uiﬁé'bééiiiiéﬂi

1875 3761 2141 3831 tenebrose
2160 3761 2381 3831 biberet,
2422 3774 2519 3809 non
2541 3762 2781 3831 habere}:
2804 3773 2856 3814 et
2874 3761 3054 3831 revera
3078 3769 3126 3815 in
3147 3772 3264 3831 ipsis
3287 3761 3461 3821 euc'ur;

1877 3822 1991 3884 bitis
2013 3820 2316 3884 vasculorum
2334 3855 2349 3879 ,
2366 3820 2495 3882 quas
2526 3822 2673 3884 vulgo
2707 3822 3041 3873 Saucomarias
3069 3820 3240 3877 vocant
3260 3868 3272 3884 .
3297 3832 3461 3881 solent

1877 3880 2219 3951 Apostolorum
2253 3880 2493 3941 imagines
2525 3880 2842 3951 adumbrare,
2879 3896 2942 3951 ex
2981 3886 3167 3951 quibus
3182 3895 3235 3937 et
3258 3880 3342 3938 ille
3367 3880 3461 3941 non

1878 3941 2020 3989 suum
2043 3941 2135 3989 sibi
2180 3952 2359 3988 nomen
2381 3942 2654 4000 assumpsit.
2695 3941 2832 3999 Quod
2855 3944 2894 3990 si
2920 3941 3018 3992 tam
3060 3944 3204 3995 facile
3226 3952 3460 4000 vocabula

1878 4006 2247 4067 commutantur,
2272 4006 2327 4067 ut
2365 4012 2451 4067 pro
2488 3999 2726 4067 corneliis
2754 4002 2995 4067 seditiosis
3030 4006 3256 4067 tribunis,
3285 3999 3462 4060 I‘Emilii

1881 4059 2119 4121 Consules
2151 4058 2479 4121 appellentur,
2503 4060 2650 4109 miror
2671 4074 2759 4110 cur
2781 4062 2897 4111 mihi
2922 4077 3018 4113 non
3058 4064 3203 4117 liceat
3227 4058 3463 4121 hederam

1882 4118 2147 4190 transferre
2172 4118 2258 4190 pro
2292 4120 2556 4190 cucurbita:
2582 4137 2604 4165 ι
2635 4121 2850 4190 Proinde
2868 4124 3111 4175 Victorius
3141 4118 3325 4190 monet,
3338 4118 3464 4183 Leid

1883 4179 2044 4250 locist
2068 4179 2286 4250 copulam
2305 4181 2646 4250 abradendam,
2671 4182 3035 4250 legendumque
3066 4189 3285 4241 cornelio
3308 4179 3467 4243 hirudo

1884 4240 2110 4313 Pollione,
2126 4240 2266 4315 'quod
2288 4242 2373 4312 qui
2401 4255 2465 4315 ex
2488 4240 2676 4315 duabus
2714 4240 2909 4315 laminis
2928 4240 2985 4296 se
3008 4251 3180 4299 venire
3211 4240 3465 4315 iactaret",

1885 4302 1993 4374 ejus
2012 4300 2169 4374 simul
2190 4300 2385 4374 nomina
2402 4303 2804 4374 jungendasint.
2841 4306 3070 4359 Erasmus
3094 4322 3123 4357 e
3144 4300 3465 4374 mitrawduos

1884 4361 1931 4410 in
1956 4375 2052 4433 uno
2076 4363 2270 4433 homine
2291 4361 2827 4433 eeleliriore§_crltieos,
2868 4380 3200 4433 censoresque
3223 4361 3465 4426 litterato:

1886 4423 2148 4495 Luminnui
2172 4424 2421 4495 constituit
2436 4461 2450 4485 ,
2475 4431 2531 4473 ut
2553 4423 2798 4495 Ciceronis
2817 4423 3045 4495 amulum
3070 4423 3221 4495 fuisse
3245 4423 3465 4487 Asinium

1885 4483 2153 4549 Bollionem
2183 4497 2215 4534 e
2236 4482 2443 4549 Seneca
2468 4494 2768 4549 compertum
2808 4497 2901 4539 est.
2927 4491 3075 4541 Certe
3110 4482 3209 4542 hoc
3240 4482 3467 4549 δεξιὶὲήῖιῆ

1884 4544 2202 4619 ᾼιιυιοεειῇερ
2223 4552 2389 4615 contra
2408 4544 2648 4619 Bullinum
2664 4546 2789 4599 libro
2805 4551 2853 4619 1.
2871 4558 3039 4619 contra
3060 4552 3262 4619 inrides,
3282 4544 3465 4619 inquit:

1886 4604 2071 4667 loquor,
2092 4613 2138 4677 et
2176 4606 2395 4677 Luscium
2438 4608 2752 4677 μιῃμυὶηςαπ.
2777 4611 2851 4661 vel
2876 4611 3085 4677 Asinium
3122 4604 3467 4677 Ροιιρὸηειῖἶὶίὶ

1885 4666 2060 4729 genere
2079 4666 2407 4729 Corneliorum
2427 4668 2541 4729 anili
2562 4668 2658 4720 mei
2677 4683 2843 4721 mucro
2865 4672 3189 4724 convulnerat.
3212 4666 3466 4729 Praeterea

1885 4718 2012 4792 Mss.
2022 4736 2169 4792 at_que
2193 4728 2310 4778 editi
2335 4726 2559 4792 μετιρω
2580 4718 2755 4781 omnes
2764 4718 3071 4782 Eiréiiiiéiii'.

1955 4786 2017 4853 (c)
2058 4786 2314 4867 Reputh
2332 4786 2634 4841 Barbérinus
2655 4792 2985 4865 Hexaplorum
3009 4794 3183 4866 eodeit,
3208 4797 3289 4857 qui
3314 4797 3467 4859 Aqui-

1887 4848 1980 4915 lam
2019 4863 2075 4899 ac
2116 4850 2490 4915 lheodgtionem
2533 4870 2688 4901 ιυιωυι
2722 4860 3069 4915 interpretatos
3095 4853 3248 4905 fuisse
3285 4857 3428 4908 docet
3448 4896 3463 4915 ,

1887 4896 2092 4980 ιβεειηζη
2097 4896 2238 4980 enim
2252 4896 3465 4980 esitareﬁaegn'reisés'iiaéaga].;§;;ti.1

1886 4970 1997 5020 cum
2036 4970 2163 5020 forte
2178 4970 2300 5034 ’ρυίρ
2346 4972 2426 5019 illa
2470 4972 2564 5019 sibi
2602 4971 2771 5029 vellet,
2794 4975 3091 5034 ignorarent.
3134 4970 3464 5031 Sed'Hieng

1887 5038 2165 5102 constanter
2189 5030 2235 5078 in
2259 5030 2584 5102 Commentar.
2609 5044 2805 5102 quoque
2815 5030 2891 5081 'in
2915 5033 3060 5102 .bune
3094 5034 3274 5102 locum,
3298 5041 3466 5102 seculi,

1890 5045 2165 5102 constanter
2189 5045 2235 5078 ιιι
2259 5045 2584 5080 ωηιωθιιιατ.
2609 5045 2805 5141 mue
2842 5046 2891 5081 m
2915 5045 3060 5103 .uune
3095 5045 3274 5096 locum,
3298 5045 3466 5099 seculi,

1890 5099 2066 5160 inquit,
2086 5103 2250 5160 sumus
2269 5098 2466 5160 _veleres
2488 5097 2621 5160 trans
2746 5106 2925 5160 es,_qm
2945 5100 2991 5144 el
3012 5094 3105 5158 ipsi
3142 5096 3374 5160 hederam
3397 5101 3467 5150 ὺις

1890 5152 2138 5219 θενρςειᾳρί
2171 5156 2296 5219 sunt,
2338 5163 2457 5219 quae.
2484 5159 2667 5219 qupce
2693 5152 2966 5219 appellatur
3001 5152 3143 5219 ιίσφὸςε
3181 5157 3320 5208 aliud
3342 5161 3468 5212 enim

1890 5166 2138 5219 rel-prela.“
2171 5166 2296 5207 sum,
2338 5166 2448 5212 qlae
2484 5166 2649 5201 σνωσε
2693 5166 2966 5261 alppeualur
3001 5169 3141 5213 κισσὸς.
3181 5166 3319 5208 aliud
3342 5166 3468 5212 enim

1888 5209 2015 5282 quod
2051 5214 2282 5282 dicerent,
2314 5223 2407 5261 non
2437 5211 2686 5282 lugebant.
2736 5228 2772 5282 n_
2808 5214 3192 5282 VeronensiMs.
3235 5233 3323 5282 pro
3344 5236 3468 5282 mea;

1890 5271 2006 5344 licio
2040 5278 2150 5330 est;
2177 5286 2382 5344 nuntios,
2412 5271 2605 5344 utiere
2640 5276 2945 5344 suspicemur
2962 5315 2977 5335 ,
2999 5271 3250 5344 scriptum:
3270 5280 3385 5344 olim
3407 5271 3468 5333 ab

1892 5328 2204 5401 Hieronymo,
2223 5330 2421 5401 equile
2437 5339 2483 5382 el
2508 5328 2791 5401 Theodott'on
2811 5370 2826 5393 ,
2850 5328 3019 5401 “9;,
3042 5328 3215 5401 reliqui
3236 5328 3469 5393 hederam

1891 5381 2253 5464 transiliet-iuit,
2275 5381 2330 5440 id
2352 5398 2422 5464 est
2443 5381 2591 5464 mg
2604 5381 3466 5464 sa‘usqhé'jeaaiaawis';

1891 5465 2052 5524 cursu,
2077 5459 2131 5502 ut
2151 5454 2443 5524 intermedia
2466 5455 2612 5504 verba
2633 5467 2743 5518 qua:
2776 5454 3085 5522 supplemns,
3108 5463 3373 5512 scribarum
3394 5479 3452 5516 so

1893 5512 2043 5562 lemni
2067 5525 2239 5561 errore
2260 5515 2621 5564 omitterentur.

1959 5572 2374 5650 (d)__1¢1‘:irt.iangeus
2395 5574 2575 5650 (iceja.
2600 5577 2850 5650 hiat-timus
2871 5580 2922 5630 in
2942 5581 3186 5650 Prooemio
3214 5585 3274 5634 ad
3300 5586 3469 5650 Pugio-

1895 5634 2163 5686 nrin'ritlei
2189 5634 2303 5699 legit
2326 5652 2387 5687 ex
2415 5634 2528 5687 Mss.
2551 5639 2837 5704 quiquayan.
2861 5650 2911 5692 et
2924 5655 3069 5706 supra
3092 5634 3393 5707 σιάιιααυοήῖ
3403 5634 3466 5698 sic
