2013 3093
304 122 356 151 955

341 178 367 205 5.
389 174 500 210 Suscipe
522 172 600 207 igitur
623 169 730 196 Librum
757 170 842 196 tuum,
871 165 938 213 imo”
951 166 1094 213 meum,“

307 230 336 252 ut
357 223 447 251 verius
469 208 573 254 loquar,
594 219 714 243 nostrum
737 218 874 246 :cumque
894 209 958 258 mihi
979 208 1093 258 laveris,

308 275 370 297 tttus
384 268 470 295 fautor
483 264 547 291 eris.
563 261 623 289 Tibi
636 259 708 287 enim
724 265 814 286 meum
828 255 934 284 sudavit
948 255 1094 288 ingenium,

308 319 334 341 ct
359 309 507 339 facundiam
526 312 641 342 gemeam
662 304 751 331 latina:
773 303 870 337 linguai
886 300 958 328 volui
984 305 1099 333 pauper~

309 361 363 384 tate
383 358 507 391 pensare.
528 351 620 387 Neque
643 356 708 377 vero
728 353 757 375 ut
770 347 863 375 diserti
886 346 1046 393 interpretes
1060 343 1099 393 fa:

309 403 404 434 ciunt,
430 398 546 427 verbum
571 395 654 423 verbo
680 393 784 422 reddidi
805 401 814 425 ;
851 399 901 420 nec
926 390 1098 417 adnumerari

310 446 391 483 τω
426 443 577 477 pecuniam,
600 447 680 475 quam
702 439 768 466 milii
790 445 838 472 per
858 434 1097 483 partesudcderas,

309 480 359 519 sed
373 480 471 524 pariter
485 485 618 523 appendi;
632 490 660 512 ut
673 484 740 511 nihil
752 483 821 511 desit
835 490 868 509 ex
882 480 1016 512 sensibus,
1038 484 1099 529 cum

314 535 413 570 aliquid
424 534 493 562 desit
504 540 538 561 ex
549 530 651 560 verbis.
662 530 700 566 (α)
716 529 861 564 Epistolam
876 531 964 576 autem
979 530 1050 552 tuam

308 581 383 610 circo
407 581 434 610 In
455 579 567 607 latinum
589 577 667 610 verti,
685 581 712 604 et
737 575 799 602 huic
813 573 940 601 volumini
956 573 1099 607 prmposui,

310 629 341 652 ut
352 632 457 658 omnes,
478 623 523 659 qui
539 622 662 658 legerint,
677 621 763 648 sciant
777 626 820 646 me
834 626 888 646 non
905 616 1056 665 temeritate
1074 619 1102 641 et.

309 669 448 704 iactantia,
463 668 511 696 sed
526 666 667 703 praeceptis
688 664 865 692 Beatitudinis
885 667 937 689 tua:
952 664 1102 695 suscepisse

311 721 380 741 otius
393 714 460 741 ultra
472 714 545 741 vires
559 719 644 740 meas.
660 711 736 745 Quod
756 718 790 737 an
805 712 966 736 consecutus
978 707 1039 738 sint,
1057 710 1103 732 tuo

310 759 410 793 judicio
422 758 591 793 derelinquo.
606 757 686 785 Certe
697 756 719 783 si
734 754 944 783 imbecillitatem
956 752 1103 787 reprehen-

311 803 395 838 deris,
410 803 541 832 voluntati
556 802 661 830 veniam
676 800 871 828 commodahis.

544 876 711 907 EPISTOLA
729 877 798 905 cxv
817 877 865 914 (b).

587 945 627 972 An
647 945 831 972 Ancus-nsunt.

314 1011 448 1048 Resoluta!
461 1012 639 1049 Augustinum.
656 1019 780 1039 excusans
794 1010 863 1045 quod
877 1009 979 1037 liberius
998 1016 1106 1043 respon-

353 1059 429 1091 derit,
453 1063 477 1085 et
498 1066 600 1085 rursum
622 1058 654 1084 de
667 1057 796 1084 cucurbita
811 1056 936 1089 meminit,
949 1060 1068 1090 rogatque
1081 1059 1108 1081 ut

352 1104 450 1132 otnisris
463 1103 625 1131 contentiosis
637 1102 817 1138 qumtionibus
830 1101 949 1135 deinceps
960 1108 1044 1127 secum
1065 1100 1106 1126 in-

351 1152 429 1178 vicem
440 1150 520 1177 amice
534 1151 678 1184 conferant,
690 1153 712 1176 et
726 1147 827 1184 placide
836 1151 964 1174 versentur
977 1146 1003 1172 in
1014 1153 1105 1180 campo

355 1202 488 1223 sacrarum
504 1194 709 1229 Scripturaram.

407 1259 521 1287 Domino
536 1266 598 1286 vere
615 1258 714 1286 Sancto
727 1262 754 1285 et
767 1252 925 1284 Beatissimo
939 1252 1019 1291 Papa!

533 1315 685 1341 AUGUSTINO
692 1333 700 1346 ,
722 1312 893 1339 lltenoxvuus

574 1369 602 1396 in
616 1368 723 1396 Christo
737 1368 863 1396 salutem.

357 1438 383 1465 1.
405 1437 470 1464 Cum
494 1442 507 1462 a
531 1439 625 1463 sancto
640 1435 722 1462 fratre
735 1438 828 1461 nostro
842 1433 878 1469 (ι)
892 1433 983 1460 Firmo
997 1432 1112 1461 sollicite

320 1490 471 1518 qttmrercm
493 1481 558 1517 quid
579 1488 685 1516 ageres,
708 1480 838 1515 sospitem
864 1484 889 1507 te
909 1479 986 1506 hctus
1011 1479 1109 1506 audivi.

320 1529 436 1556 Rursum
459 1535 519 1555 cum
539 1531 597 1554 tuas
618 1526 720 1553 litteras
742 1532 794 1552 non
814 1524 874 1552 dico
897 1530 1043 1559 sperarem,
1064 1523 1112 1551 sed

322 1575 470 1609 exigerem,
493 1573 629 1601 nesciente
645 1577 681 1605 te,
696 1579 728 1599 cx
743 1571 832 1599 Africa
847 1570 995 1606 profectum
1010 1577 1039 1598 se
1053 1578 1113 1598 esse

321 1621 398 1648 dixit.
413 1619 504 1654 Itaque
523 1618 608 1646 reddo
631 1618 678 1645 tibi
699 1624 747 1652 per
757 1624 819 1644 cunt
835 1615 1001 1644 salutationis
1013 1615 1111 1649 officia,

321 1666 366 1702 qui
376 1671 401 1693 te
411 1665 488 1692 unico
497 1671 587 1692 antore
595 1662 792 1698 complectitur,
808 1662 940 1696 simulque
953 1662 1075 1692 obsecro,
1086 1665 1114 1688 ut

322 1712 445 1746 ignoscas
458 1709 552 1744 pudori
564 1716 634 1741 meo,
647 1707 717 1743 quod
727 1707 772 1734 ditt
785 1712 812 1734 ut
822 1707 1008 1740 rescriberem,
1019 1706 1114 1741 princi-

323 1757 517 1793 picntinegare
527 1762 580 1782 non
589 1754 673 1789 potui.
682 1753 739 1781 Nec
746 1760 796 1788 ego
805 1753 863 1784 tibi,
880 1752 926 1779 sed
935 1760 1014 1779 causa
1027 1759 1114 1779 causa:

323 1801 472 1836 respondit.
489 1800 523 1828 Et
535 1800 558 1827 si
572 1799 650 1834 culpa
666 1803 707 1826 est
721 1797 904 1833 respondisse,
920 1805 1012 1831 qumso
1025 1803 1052 1824 ut
1067 1804 1113 1831 la-

324 1849 422 1876 tictttcr
439 1846 544 1880 audias,
560 1846 645 1874 multo
666 1845 752 1880 major
768 1849 809 1872 est
825 1851 992 1879 provocasxe.
1009 1842 1062 1871 Sed
1078 1844 1114 1870 fa-

324 1897 434 1922 ccssant
453 1891 602 1920 istiusmodi
624 1890 800 1926 querimoniae
824 1898 830 1916 :
855 1889 889 1916 sit
904 1889 972 1915 inter
986 1895 1034 1915 nos
1049 1895 1114 1923 pura

324 1940 507 1977 germanitas;
530 1943 557 1966 et
571 1938 698 1972 deinceps
712 1945 764 1964 nott
779 1935 968 1971 qumslimttttn,
984 1934 1030 1962 sed
1043 1934 1114 1961 cari-

325 1987 388 2014 tatis
407 1986 441 2013 ad
456 1991 506 2012 nos
519 1983 619 2018 scripta
634 1983 779 2009 mittamus.
797 1980 888 2007 Sancti
920 1980 999 2016 761
1019 1980 1115 2007 fratres

325 2033 369 2067 qui
386 2032 525 2059 nobiscum
540 2030 654 2057 Domino
668 2029 798 2061 serviunt,
819 2027 920 2054 affatim
941 2032 967 2054 lc
987 2027 1113 2054 salutant.

325 2078 437 2105 Sanetos
450 2075 496 2110 qui
516 2079 602 2102 tecum
623 2073 721 2101 Christi
736 2074 793 2100 leve
807 2073 913 2099 traltuttt
926 2072 1029 2107 jugum,
1045 2080 1114 2107 pra:-

326 2122 405 2156 cipuc
426 2124 547 2148 sanctum
562 2123 588 2146 et
610 2118 810 2153 suspiciendum
838 2117 890 2153 [ah
912 2116 1113 2153 suscipiendam]

326 2173 422 2201 papam
444 2165 579 2200 Alypium,
603 2168 633 2190 ut
652 2171 712 2190 meo
727 2163 856 2197 obsequio
878 2162 988 2194 salutes.
1008 2169 1113 2196 precor.

326 2210 492 2238 Incolumem
505 2212 530 2236 te
543 2213 570 2236 et
580 2215 726 2235 tuemorcm
738 2208 802 2240 mei,
813 2207 935 2235 Christus
946 2207 1014 2234 Deus
1026 2212 1116 2234 n05tcr

327 2260 432 2284 tueatur
451 2254 633 2289 omnipotens,
649 2253 758 2280 domine
773 2260 836 2280 vere
858 2259 950 2280 sancte
967 2257 994 2281 ct
1016 2253 1115 2280 beatis—

327 2301 396 2329 sime
409 2308 487 2336 papa.
502 2300 530 2328 Si
548 2299 633 2334 legisti
645 2299 742 2326 librum
752 2298 1115 2337 explanationumiuJottam,

326 2352 392 2383 puto
405 2346 628 2383 quod-ridiculam
638 2344 782 2372 cucurbita:
796 2351 848 2371 non
863 2344 976 2378 recipias
989 2345 1116 2379 qttzuslio-

327 2400 403 2421 nent.
428 2392 476 2420 Siti
499 2396 590 2419 autem
610 2390 713 2418 amicus
733 2390 776 2425 qui
792 2396 835 2416 me
850 2389 951 2423 primus
969 2389 1056 2424 gladio
1069 2397 1116 2424 pe-

326 2438 386 2471 tiit,
400 2437 472 2473 stylo
495 2436 619 2471 repulsus
640 2440 695 2468 est;
719 2435 754 2462 sit
775 2433 948 2461 ltumanitatis
973 2438 1023 2461 tua:
1038 2437 1117 2469 atque

325 2484 436 2518 iustitia:
460 2487 629 2511 acettsantctn
653 2480 864 2516 reprehendere,
886 2487 937 2506 non
954 2480 1117 2515 rcSpondene

327 2534 391 2557 texti.
408 2527 436 2555 lu
449 2529 647 2562 Scriptu‘rarum
661 2526 683 2555 si
697 2527 783 2562 placet
795 2532 890 2560 eampo
902 2525 960 2553 sine
973 2530 1064 2554 nostro
1080 2525 1116 2554 itt-

326 2575 413 2602 vicem
426 2573 518 2601 dolore
531 2573 664 2600 ludamus.

360 2661 392 2694 ιο]
408 2660 571 2697 __Supcriorervt
593 2659 675 2685 CXIII.
696 2662 723 2685 ut
734 2660 768 2685 ibi
788 2663 844 2685 nota
867 2666 888 2685 c.
908 2659 968 2685 satis
986 2658 1116 2685 manifesto

326 2692 485 2717 ostendimus.

359 2720 393 2751 (ὁ)
413 2721 476 2746 Alias
487 2721 527 2745 96.
538 2720 631 2751 Scripta
643 2721 699 2749 fort.
711 2727 752 2745 an.
766 2721 819 2745 4035.

359 2720 393 2783 ξιιί
413 2721 476 2757 Alias
538 2720 631 2757 scripta
643 2721 699 2749 fort.
711 2727 752 2745 an.
766 2721 819 2745 4035.
845 2752 858 2757 η
1065 2751 1069 2756 _
1098 2751 1103 2756 η

368 2758 381 2776 c
406 2751 437 2785 In
447 2752 569 2785 Yattcaats
579 2755 634 2785 octo
643 2751 700 2785 lllss.
713 2751 874 2785 squucalus
893 2751 955 2781 apud
977 2750 1111 2785 Bencdtctt-

326 2781 371 2812 Ilos
383 2781 459 2806 Firmi
477 2788 565 2812 nomen
584 2781 745 2810 desideratur,
757 2781 821 2812 quod
834 2782 858 2805 itt
876 2783 1048 2812 subsequentis
1061 2781 1113 2812 epi-

326 2811 395 2836 stola:
408 2812 474 2835 initio
487 2812 510 2834 in
522 2810 646 2842 plerisque
657 2810 772 2838 omnibus
782 2812 893 2836 habetur.

951 105 1079 135 SANCT‘I-
1092 105 1279 133 lliEIiONYill

1375 162 1539 190 EPISTOLA
1561 162 1640 191 cxvt
1656 164 1706 199 (ά).

1337 218 1482 246 Αυςυετωι
1501 219 1541 246 Au
1561 218 1747 247 lltenosrucl.

1150 273 1295 308 Respondet
1317 276 1461 301 accuratius
1481 275 1596 309 epistolis
1622 274 1784 310 Hieronymi,
1802 276 1869 303 £05.
1886 277 1950 303 112.

1186 323 1208 345 et
1223 319 1284 346 “5.
1308 318 1340 345 de
1354 319 1561 353 interpretatione
1573 319 1623 345 loci
1637 318 1763 354 Epistolis
1777 320 1813 346 ad
1828 320 1950 354 Galatas,

1187 365 1341 398 conﬁrmans
1360 365 1427 400 quod
1445 364 1536 392 Petrus
1555 366 1644 393 merito
1665 366 1839 401 veraciterqae
1863 373 1950 398 repre-

1188 410 1278 436 hensus
1294 410 1370 444 fuerit
1384 419 1398 437 fl
1414 410 1508 437 Paulo.
1524 410 1648 438 Cicterum
1667 411 1822 446 deprecatur
1836 418 1949 446 seruam,

1187 455 1210 482 si
1229 452 1303 482 dictis
1316 457 1381 490 forte
1394 456 1578 482 incitatioribus
1594 455 1745 492 Hieronymi
1765 458 1884 485 animum
1908 462 1950 493 of-

1188 501 1306 536 fenderit,
1328 509 1461 534 excusans,
1476 502 1544 536 quod
1559 502 1631 529 nulla
1649 511 1695 529 sua
1708 504 1785 539 culpa
1799 513 1845 539 per
1861 506 1951 532 mutto-

1187 553 1243 572 rum
1255 554 1345 572 manus
1359 546 1526 573 obambularit
1537 547 1656 582 epistola,
1671 548 1822 584 priusquam
1834 549 1869 575 ad
1882 558 1949 583 eam,

1189 591 1231 616 cui
1245 591 1338 626 scripta
1354 595 1419 623 erat,
1435 592 1584 626 perveniret.

1190 646 1304 674 Domino
1316 646 1490 675 dilcCIissimo
1501 653 1527 675 et
1541 648 1567 675 in
1582 647 1681 676 Christi
1696 650 1850 678 visceribus
1864 651 1949 679 hono-

1156 692 1249 725 rando,
1276 697 1368 720 saneto
1390 693 1464 720 fratri
1485 699 1512 721 et
1530 695 1749 731 compretbytero
1774 697 1947 731 Hrenortvlo,

1157 738 1324 767 Accusamus
1337 739 1363 766 in
1377 739 1491 767 Domino
1504 740 1628 768 salutem.

1193 795 1221 821 Ι.
1244 794 1431 829 «Iampridem
1456 796 1560 823 caritati
1583 799 1636 824 tute
1658 798 1789 832 prolixam
1809 800 1949 835 epistolam

1158 839 1228 872 misi,
1246 840 1414 874 respondens
1429 841 1467 868 illi
1483 846 1545 874 tum,
1561 850 1640 877 quam
1655 849 1705 878 per
1719 850 1844 872 sanctqu
1868 846 1951 873 ﬁlium

1159 888 1234 911 tuum
1257 885 1404 920 Asterium,
1425 894 1495 914 nunc
1517 887 1572 921 jam
1592 895 1646 915 non
1668 889 1754 916 Solum
1769 889 1895 924 fratrem,
1909 898 1951 918 ve-‘

1159 937 1218 957 rum
1237 931 1316 957 etiam
1331 932 1460 967 collegam
1483 941 1584 967 meum,
1602 934 1709 962 misisse
1723 939 1749 963 te
1762 937 1872 964 recolis.
1889 937 1953 970 Qu:

1160 979 1249 1002 utrum
1265 976 1290 1002 itt
1305 983 1400 1004 manus
1416 981 1474 1005 tuas
1495 980 1637 1013 pervenire
1652 981 1787 1014 tneruerit,
1805 983 1896 1009 adhuc
1917 986 1947 1010 ne

1160 1022 1223 1055 uio,
1238 1021 1287 1048 nisi
1298 1023 1366 1056 quod
1379 1032 1424 1058 per
1436 1024 1542 1057 fratrem
1557 1026 1748 1053 sincerissimum
1759 1026 1879 1054 Firmum
1895 1029 1954 1055 seri.

1162 1068 1199 1094 bis
1211 1067 1245 1104 (e)
1259 1068 1281 1095 si
1294 1069 1338 1095 ille
1349 1069 1393 1102 qui
1406 1074 1430 1096 te
1444 1071 1553 1104 primum
1565 1071 1652 1106 gladio
1664 1073 1745 1107 petiit,
1754 1073 1819 1108 stylo
1833 1074 1954 1108 repulsu:

1162 1118 1197 1140 est
1209 1120 1219 1145 δ
1232 1119 1258 1140 ιιι
1271 1114 1303 1140 sit
1315 1114 1480 1142 humanitatis
1493 1123 1555 1143 mea
1567 1121 1641 1152 atque
1650 1118 1767 1151 juuitiiz,
1790 1124 1953 1146 accusantem

1161 1159 1352 1194 reprehendere,
1367 1168 1417 1187 non
1432 1162 1633 1196 respondentem.
1651 1162 1706 1190 lIoc
1718 1163 1777 1190 solo
1795 1164 1950 1191 tenuissimo

1163 1204 1262 1232 indicio
1273 1210 1416 1241 utcumque
1429 1207 1554 1241 conjicio,
1570 1207 1666 1243 legisse
1682 1213 1706 1235 te
1720 1209 1792 1236 illam
1812 1210 1950 1244 epistolam

1163 1258 1261 1278 meam.
1284 1251 1312 1278 Itt
1327 1259 1358 1278 ea
1372 1253 1468 1287 quippe
1488 1253 1626 1288 deploravi
1644 1259 1743 1282 tantam
1758 1256 1830 1282 inter
1843 1263 1892 1284 vos
1904 1264 1949 1284 ex;

1164 1296 1263 1324 stitisse
1286 1296 1459 1331 discordiam,
1484 1298 1518 1325 dc
1533 1305 1646 1333 quoruut
1661 1304 1733 1327 tanta
1748 1301 1878 1335 amicitia,
1892 1310 1951 1338 qua-

1164 1347 1325 1377 quaversum
1336 1350 1396 1371 eam
1410 1343 1478 1370 fama
1491 1344 1642 1378 diffuderat,
1654 1346 1752 1373 caritas
1766 1346 1883 1374 fraterna
1893 1355 1952 1383 gau«

1165 1388 1255 1417 debat.
1271 1388 1347 1422 Quod
1370 1397 1423 1417 non
1446 1390 1495 1417 feci
1518 1391 1740 1426 reprehendendo
1760 1392 1798 1428 (Ῑ)
1819 1393 1845 1420 in
1868 1394 1954 1428 aliqua

1165 1435 1368 1470 germanitatcm
1385 1441 1468 1469 tuam,
1484 1437 1559 1471 cujus
1579 1437 1605 1465 iu
1626 1446 1656 1465 ea
1678 1446 1707 1465 re
1720 1439 1837 1474 aliquam
1851 1440 1953 1475 culpam

1166 1487 1210 1507 nte
1222 1481 1390 1515 cognovisse,
1429 1483 1509 1518 762
1546 1491 1598 1511 non
1613 1491 1694 1512 ausus
1707 1492 1766 1512 sum
1781 1486 1874 1513 dicere
1889 1487 1954 1514 :sed

1166 1524 1282 1552 dolendo
1296 1525 1439 1554 Irumattam
1456 1528 1602 1562 miseriam,
1618 1529 1695 1563 cujus
1712 1531 1738 1557 in
1752 1531 1878 1558 amicitiis
1899 1539 1955 1559 mu~

1168 1575 1211 1598 tua
1225 1571 1337 1599 caritate
1356 1572 1514 1607 retinendis,
1540 1575 1704 1609 quantalibet
1725 1576 1768 1603 illa
1786 1577 1832 1610 sit,
1855 1578 1955 1605 incerta

1167 1618 1321 1653 pertnansio
1340 1622 1392 1646 est.
1418 1619 1516 1646 Verum
1545 1620 1610 1647 illud
1630 1621 1777 1649 malueram
1802 1623 1855 1650 tuis
1879 1631 1955 1652 nosse

1167 1663 1315 1698 rescriptis,
1338 1669 1426 1690 utrum
1448 1664 1513 1691 mihi
1535 1666 1651 1698 vc‘niam,
1676 1675 1755 1702 qttatn
1772 1675 1953 1703 poposceram,

1167 1707 1285 1735 dederis.
1301 1708 1375 1742 Quod
1388 1710 1507 1743 apertius
1520 1711 1584 1737 mihi
1600 1712 1716 1739 intitnari
1732 1713 1822 1747 cupio,
1835 1714 1955 1748 quamvis

1168 1753 1278 1781 hilarior
1291 1754 1399 1789 quidam
1414 1756 1501 1782 vultus
1517 1756 1669 1784 litterarum
1682 1762 1798 1791 tuaruut,
1810 1759 1891 1786 etiam
1909 1759 1957 1787 hoc

1167 1807 1210 1827 me
1235 1800 1394 1835 impetrasse
1415 1802 1567 1835 significare
1589 1803 1711 1831 videatur
1728 1812 1734 1831 :
1750 1805 1773 1831 si
1790 1809 1878 1832 tamen
1899 1810 1957 1840 post

1168 1844 1263 1872 lectam
1286 1846 1360 1873 illam
1383 1846 1471 1874 missa:
1492 1852 1571 1880 sunt;
1593 1849 1663 1883 quod
1679 1849 1707 1875 in
1727 1849 1767 1876 cis
1787 1849 1899 1878 minimc
1911 1856 1956 1886 ap-

1167 1896 1249 1926 paret.
1257 1901 1267 1917 ι

1202 1937 1229 1964 2.
1254 1946 1263 1963 ι
1284 1936 1370 1972 Petis,
1386 1938 1425 1965 uel
1440 1938 1523 1973 potius
1535 1939 1629 1973 [idm-ia
1644 1940 1756 1968 caritatis
1772 1940 1860 1976 jubet,
1883 1947 1910 1969 ut
1933 1943 1959 1970 itr'

1168 1982 1361 2018 Scripturarum
1382 1993 1471 2020 campo
1484 1985 1538 2012 sine
1549 1990 1635 2012 nostra
1651 1986 1755 2014 invicem
1778 1988 1868 2015 dolore
1888 1988 1957 2016 lude~

1168 2037 1234 2055 mar.
1247 2030 1374 2064 Equidem
1389 2036 1515 2065 quantum
1526 2031 1560 2059 ad
1576 2039 1618 2059 me
1631 2033 1736 2066 attinet,
1748 2035 1820 2061 serio
1833 2042 1882 2062 nos
1895 2035 1957 2068 ista,

1168 2082 1247 2109 quant
1268 2075 1330 2103 ludo
1354 2084 1433 2110 agere
1448 2077 1565 2104 mallem.
1581 2077 1657 2111 ρυυά
1673 2078 1694 2105 si
1710 2079 1760 2106 ltoc
1776 2080 1887 2107 verhutn
1911 2080 1957 2108 tibi

1169 2124 1278 2154 propter
1299 2119 1454 2148 facilitatem
1470 2128 1569 2156 ponere
1582 2122 1691 2157 placuit,
1707 2129 1757 2158 ego
1771 2123 1855 2151 fateor
1872 2124 1956 2160 majus

1169 2165 1268 2200 aliquid
1283 2170 1383 2200 expeto
1396 2173 1411 2192 a
1426 2166 1592 2202 benignitate
1606 2167 1703 2194 virium
1715 2173 1830 2200 tuarum,
1842 2170 1957 2204 pruden-

1170 2210 1259 2245 tiaque
1282 2215 1334 2237 tam
1349 2210 1439 2244 docta,
1453 2215 1480 2239 et
1495 2212 1592 2245 otiosa,
1608 2220 1720 2245 annosa,
1736 2214 1868 2246 studiosa,
1885 2215 1956 2249 inge-

1169 2256 1245 2282 niosa
1267 2256 1306 2291 (g)
1328 2256 1480 2291 diligentia;
1505 2257 1562 2285 hare
1574 2258 1620 2284 tibi
1635 2265 1689 2285 non
1704 2263 1805 2285 tantum
1822 2259 1956 2292 donante,

1169 2308 1260 2328 verum
1276 2301 1356 2328 etiam
1371 2301 1488 2329 dictante
1503 2302 1604 2337 Spiritu
1616 2302 1723 2335 Sancto,
1737 2308 1763 2330 ut
1777 2303 1802 2330 itt
1814 2304 1919 2339 magnis
1930 2308 1957 2331 ct

1170 2345 1310 2373 laboriosis
1331 2346 1534 2380 quaestionibus,
1560 2355 1613 2375 non
1629 2352 1753 2383 tanquam
1774 2348 1910 2376 ludentem
1933 2351 1957 2377 in

1169 2396 1265 2424 campo
1288 2390 1497 2425 Scripturarttm,
1523 2391 1572 2419 sed
1587 2392 1612 2419 in
1628 2392 1761 2419 montibus
1781 2392 1956 2421 anhelantem

1169 2434 1288 2468 adjuves.
1310 2434 1339 2462 Si
1361 2441 1450 2463 autem
1475 2441 1584 2471 propter
1605 2437 1773 2469 hilaritatem,
1797 2445 1879 2471 quam
1897 2445 1957 2466 esse

1169 2481 1239 2509 inter
1256 2482 1410 2510 carissimos
1425 2483 1587 2511 disserentes
1601 2484 1686 2517 decet,
1703 2485 1799 2519 putasti
1813 2484 1954 2512 dicendum

1168 2534 1228 2555 esse
1240 2547 1247 2561 ,
1271 2526 1389 2556 luctamur
1410 2536 1419 2556 :
1441 2529 1497 2556 sive
1517 2529 1582 2557 illud
1598 2535 1720 2564 apertum
1735 2534 1763 2557 et
1777 2529 1886 2564 planum
1902 2530 1951 2561 sit,

1212 2595 1237 2627 tl)
1257 2595 1319 2623 Alias
1331 2596 1369 2621 97.
1383 2595 1475 2630 scripta
1485 2595 1558 2649 paulo
1569 2599 1619 2626 past
1630 2596 1788 2630 superiorem.

1212 2627 1231 2649 ei
1252 2626 1415 2649 Hartianmus.
1429 2633 1448 2649 si
1465 2627 1505 2649 tle
1518 2633 1558 2649 (tur
1571 2633 1607 2649 me
1619 2633 1722 2649 m'tmtmt
1731 2646 1738 2649 .
1760 2631 1788 2649 Cll

1211 2627 1231 2658 ρ)
1252 2626 1415 2660 Martianmus,
1429 2626 1449 2649 si
1465 2626 1505 2661 ille
1518 2626 1558 2656 qui
1571 2633 1607 2661 me
1619 2627 1722 2661 primum
1731 2646 1747 2661 η
1760 2631 1817 2655 etc.,
1830 2633 1920 2661 nempe
1931 2630 1954 2651 ut

1168 2657 1269 2681 Hieron.
1281 2658 1420 2691 scripserat,
1431 2657 1474 2693 sm]
1484 2657 1539 2693 dum
1551 2664 1559 2680 \
1567 2657 1624 2691 orba
1635 2659 1724 2693 fifti'ctit
1736 2658 1954 2693 Attgl.tslltlus',_|'t‘r-

1166 2694 1238 2712 sonas
1254 2686 1340 2711 mutari
1352 2687 1476 2710 contendit
1488 2687 1616 2711 Victorius.
1635 2687 1663 2710 Et
1674 2686 1830 2712 Beuetlietitti
1844 2686 1953 2716 quidem,

1166 2722 1198 2746 te,
1212 2717 1329 2753 sud_qttod
1341 2717 1371 2742 sit
1383 2724 1425 2753 pro
1437 2718 1459 2742 si
1471 2717 1567 2747 legunt,
1587 2725 1633 2740 non
1643 2718 1774 2748 probatur;
1788 2719 1834 2742 nisi
1848 2717 1911 2743 forte
1922 2723 1954 2748 ty-

1168 2756 1197 2780 po
1207 2748 1281 2778 ’l‘altlll
1291 2751 1328 2772 est
1340 2748 1462 2772 mendum.

1198 2756 1230 2840 ζὴ
1248 2777 1345 2814 V'gcula;
1359 2778 1383 2803 in
1394 2778 1462 2812 alii/ut

1209 2809 1233 2840 gl
1254 2809 1374 2837 \ttrtot'tus
1386 2808 1462 2840 (ltltge.

1209 2778 1230 2808 ῃ
1243 2777 1345 2804 Ὗοευιω
1359 2778 1383 2803 in
1394 2778 1473 2809 aliqua
1486 2778 1545 2807 apud
1558 2778 1733 2809 Bottedietinos
1746 2786 1792 2803 non
1806 2784 1872 2804 sunt.

1209 2807 1233 2840 gl
1254 2809 1374 2837 Victorius
1386 2807 1494 2840 diligenti
1504 2808 1572 2839 jubet
1585 2807 1632 2838 legi
1646 2815 1690 2839 pro
1702 2808 1838 2840 diligentia.

1202 2595 1208 2657 i

1898 107 1953 138 93‘
