4026 6186
166 260 267 322 937

92 382 95 385 ’
166 350 311 435 unde
350 350 738 450 colquuimtt'r,
780 380 898 435 sive
937 379 1160 435 arduum
1190 390 1347 453 atque
1376 352 1620 448 difficile,
1650 372 1758 461 hoc

172 468 345 537 ipsum
374 470 577 533 edoce,
608 471 833 525 obsecro
862 480 935 535 te,
967 487 1201 542 quonam
1244 473 1403 527 modo
1432 474 1647 551 assequi
1672 490 1763 528 va-

128 579 133 586 ’
169 558 379 615 leamus
408 579 424 614 :
466 568 521 614 ut
545 575 665 615 cum
699 560 834 616 forte
861 562 1063 631 aliquid
1091 578 1188 617 nos
1216 571 1414 627 movet,
1472 565 1614 634 quod
1667 581 1765 619 no-

177 632 282 715 bis,
324 658 382 706 et
421 650 471 704 si
518 665 624 704 non
670 652 881 705 cautius
920 652 1347 716 attendeutibus,
1380 632 1527 709 certe
1557 652 1763 708 tardius

177 738 601 810 intelligentibtts
630 756 735 795 non
766 741 1048 811 probatum
1077 752 1161 798 est
1204 758 1222 797 :
1264 752 1320 799 et
1341 743 1470 814 quid
1495 743 1652 799 nobis
1679 743 1759 797 vi-

174 826 370 885 deatur
406 828 599 886 contra
642 840 903 888 conamur
944 833 1207 901 asierere,
1254 836 1300 890 si
1344 835 1447 890 hoc
1482 837 1760 907 aliquanto

169 922 451 977 securiore
494 922 744 979 libertate
773 924 1035 990 dicamus,
1072 940 1179 979 non
1205 926 1507 981 incidamus
1548 928 1599 980 in
1636 943 1759 982 sus-

172 1011 445 1079 picionem
484 1000 705 1084 puerilis
725 1002 1019 1084 jactahtim,
1049 1017 1205 1086 quasi
1237 1011 1422 1072 nostro
1451 1019 1654 1072 nomini
1683 1020 1761 1073 fa-

168 1119 337 1168 mam,
372 1106 521 1160 viros
553 1107 789 1161 illustres
815 1108 1118 1162 accusando
1148 1124 1469 1178 quaeramus.
1500 1109 1555 1165 Si
1580 1121 1757 1164 autem

164 1178 371 1262 aliquid
408 1209 667 1264 asperum
712 1188 994 1252 refellendi
1035 1199 1358 1253 necessitate
1382 1198 1757 1270 depromptum

160 1284 352 1349 fuerit,
402 1300 512 1356 quo
549 1286 830 1342 tolerabile
870 1280 981 1353 fiat,
1028 1289 1233 1345 leniore
1268 1282 1758 1345 circumfundantus

158 1372 403 1443 eloquio,
459 1390 528 1430 ne
573 1375 648 1447 (a)
692 1378 845 1431 litum
895 1374 1053 1433 melle
1092 1380 1327 1449 gladium
1377 1382 1643 1452 stringere
1673 1381 1756 1435 vi-

159 1458 393 1518 deamur
439 1463 537 1537 [al.
572 1460 909 1541 judicentur].
957 1470 1069 1524 Nisi
1104 1471 1240 1527 forte
1284 1456 1377 1528 ille
1416 1473 1608 1527 modus
1650 1457 1753 1540 est,

159 1567 266 1631 quo
299 1564 593 1623 utrumque
637 1557 741 1610 hoc
767 1558 977 1624 Vitium,
1010 1560 1095 1614 vel
1127 1562 1239 1615 vitii
1277 1563 1639 1631 suspicionem
1666 1578 1757 1617 ca-

158 1630 407 1709 veamus,
460 1646 506 1698 si
544 1648 668 1700 cum
715 1647 958 1703 doetiore
1003 1644 1180 1703 amico
1206 1651 1285 1704 sic
1310 1630 1668 1720 disputemus.
1696 1664 1754 1705 ut

157 1735 421 1804 quidquid
436 1736 655 1803 dixerit,
677 1728 901 1793 necesse
917 1741 986 1793 sit
1001 1732 1333 1810 approbare;
1360 1757 1459 1797 nec
1478 1745 1753 1812 qumrendi

155 1813 349 1879 saltem
380 1840 571 1893 causa,
605 1827 765 1882 liccat
793 1829 1181 1898 aliquantulum
1213 1831 1484 1886 reluctari.
1514 1838 1535 1884 ὸ
1716 1823 1737 1842 ⁸

225 1914 285 1970 5.
314 1932 335 1966 ι
363 1910 505 1969 Tum
535 1913 665 1970 vero
682 1913 798 1972 sine
815 1912 929 1971 ullo
950 1900 1143 1973 timore
1161 1914 1473 1974 oﬂ‘enslonis
1496 1922 1749 1990 tanquam

155 2002 208 2078 in
238 2018 437 2074 campo
481 2004 714 2071 luditur;
746 2007 841 2061 sed
871 2007 1064 2061 mirum
1096 2008 1139 2061 si
1171 2008 1327 2063 nobis
1354 2026 1458 2063 non
1486 2010 1744 2065 illuditur.

154 2081 270 2164 Ego
300 2097 451 2150 enim
497 2094 671 2149 fateor
707 2089 916 2151 caritati
966 2087 1068 2152 tua:
1094 2098 1226 2153 solis
1248 2100 1329 2153 eis
1353 2098 1746 2169 Scripturartun

152 2176 328 2252 libris,
359 2185 453 2255 qui
478 2184 589 2254 jatii
618 2182 875 2241 Canonici
903 2187 1260 2257 appellantur,
1302 2188 1462 2242 didici
1494 2191 1635 2243 ltutie
1677 2191 1748 2244 ti-

151 2266 363 2329 i‘tto'rem
390 2266 760 2345 [tutioremque
782 2275 1013 2342 deferre,
1039 2282 1096 2332 ut
1118 2279 1321 2331 nullum
1347 2294 1534 2332 eorum
1561 2278 1747 2333 aucto-

149 2382 267 2419 rem
302 2366 598 2420 scribendo
623 2366 821 2435 aliquid
852 2357 1062 2421 errasse
1088 2354 1391 2421 firmissime
1411 2358 1647 2421 credam.
1676 2368 1747 2422 At

149 2456 192 2509 si
244 2454 453 2524 aliquid
480 2456 530 2508 in
559 2449 638 2509 eis
665 2448 942 2509 offendero
1016 2456 1176 2526 763
1251 2455 1464 2521 litteris,
1495 2458 1634 2525 quod
1664 2460 1710 2511 vi

149 2547 341 2602 deatur
367 2549 703 2602 contrarium
728 2548 961 2611 veritati,
992 2548 1121 2600 nihil
1147 2548 1293 2601 aliud
1316 2564 1473 2617 quam
1500 2547 1579 2630 vel
1603 2548 1743 2604 meno

149 2637 345 2691 dosutn
369 2653 495 2693 esse
520 2638 785 2703 codicem,
820 2638 902 2692 vel
933 2632 1279 2708 interpretetur
1307 2655 1412 2693 non
1440 2628 1739 2695 assecutum

149 2742 272 2782 esse
317 2728 467 2798 quod
519 2724 720 2783 dictum
749 2738 858 2793 est,
898 2729 980 2782 vel
1018 2744 1106 2783 me
1133 2730 1356 2783 minime
1382 2729 1736 2796 intellexisse,

151 2814 254 2870 non
286 2810 579 2886 ambigam.
626 2818 777 2871 Alios
814 2827 991 2871 autem
1033 2818 1105 2871 ita
1145 2818 1287 2887 lego,
1331 2830 1387 2872 ut
1411 2821 1741 2889 quantalibet

151 2895 437 2962 sanctitate
467 2897 818 2976 doctrinaque
849 2906 1221 2977 praepolleant,
1255 2914 1362 2963 non
1392 2909 1514 2963 ideo
1553 2904 1735 2963 verum

150 3008 352 3067 putem,
382 3000 510 3069 quia
539 2999 636 3068 ipsi
664 3000 733 3052 ita
759 3002 1081 3065 senserunt;
1112 3000 1205 3054 sed
1232 3000 1353 3069 quia
1382 3001 1511 3053 ntilti
1536 2996 1616 3053 vel
1643 3016 1737 3070 per

150 3085 269 3145 illos
298 3080 553 3145 auctores
577 3090 900 3155 Canonicos,
935 3091 1018 3145 vel
1047 3082 1305 3160 probabili
1336 3093 1562 3157 ratione,
1591 3092 1732 3161 quod

148 3194 176 3232 a
207 3197 336 3235 vero
364 3180 475 3235 non
508 3167 816 3243 abhorreat,
846 3181 1170 3249 persuadere
1192 3188 1501 3251 potuerunt.
1528 3181 1637 3237 Nec
1661 3194 1730 3248 te,

148 3271 221 3325 uti
254 3272 445 3337 frater,
493 3272 692 3325 sentire
728 3271 800 3342 (ll)
842 3258 1039 3339 aliquid
1079 3265 1233 3325 aliter
1260 3272 1507 3326 existimo
1538 3289 1551 3326 :
1580 3271 1730 3341 pror-

147 3346 260 3425 sus,
307 3362 547 3430 inquam,
596 3364 701 3415 non
750 3371 800 3415 te
843 3364 1096 3429 arbitror,
1142 3363 1221 3417 sic
1262 3358 1361 3431 legi
1415 3375 1532 3417 tuos
1572 3360 1733 3420 libros

149 3452 314 3517 velle,
368 3461 621 3521 tanquam
668 3440 1055 3520 Propliettrutn
1096 3462 1149 3506 ct
1180 3450 1272 3523 [ηι.
1306 3452 1402 3524 vel]
1446 3451 1731 3519 A;ostolo-.

149 3535 264 3594 'rum
293 3559 307 3595 :
337 3541 406 3597 de
437 3556 664 3611 quorum
697 3543 911 3611 scriptis
957 3542 1097 3610 quod
1124 3544 1269 3597 onmi
1303 3548 1487 3599 errore
1516 3546 1733 3601 careant

150 3626 393 3686 dubitare
442 3631 700 3685 nefarium
747 3635 848 3685 ρει.
898 3624 1051 3685 Absit
1096 3630 1196 3687 lloc
1233 3650 1261 3685 a
1292 3634 1376 3703 p'ia
1409 3634 1727 3701 ltumilitate,’

150 3710 218 3793 (ε)
243 3736 295 3778 et
323 3718 502 3779 veraci
534 3725 601 3778 de
633 3720 914 3792 temetipso
943 3725 1286 3793 cogitatione,
1316 3720 1421 3795 qua
1451 3728 1550 3781 nisi
1583 3744 1731 3784 esses

149 3804 422 3880 praeditus,
458 3828 563 3867 non
613 3814 793 3882 utique
836 3814 1078 3880 diceres,
1126 3814 1351 3886 (utinam
1398 3808 1731 3872 mererentur

149 3900 461 3973 complexus
491 3910 630 3967 tuos,
658 3915 711 3958 et
736 3906 1023 3959 collatione
1060 3906 1243 3959 ntttttia
1284 3907 1368 3961 vel
1411 3909 1730 3962 duceremus

147 3994 336 4063 aliqua,
372 3996 457 4049 vel
490 3994 864 4061 disceremus).
906 4010 925 4045 ι
1665 4009 1695 4028 δ

212 4086 267 4140 4.
294 4103 311 4136 t
341 4084 497 4150 Quod
520 4086 562 4137 si
585 4080 809 4152 teipsum
833 4081 1263 4139 consideratione
1290 4086 1412 4139 vita:
1436 4101 1498 4141 ac
1518 4080 1727 4143 itterdm

147 4181 381 4240 tuorum,
426 4188 533 4227 non
567 4174 835 4239 simulate,
877 4189 978 4227 nec
1006 4173 1269 4228 fallaciter
1291 4175 1492 4230 dixisse
1515 4178 1676 4230 credo
1710 4194 1724 4232 :

148 4253 342 4335 quanto
361 4265 534 4335 magis
554 4262 765 4333 a‘quu‘m
792 4275 875 4318 est
905 4272 990 4319 me
1019 4263 1240 4319 eredere
1268 4267 1576 4334 Apostolutn
1604 4270 1729 4323 Pati-

149 4355 250 4409 luttt
296 4372 401 4410 non
454 4354 598 4408 aliud
643 4350 882 4410 Sensisse
921 4370 1080 4424 quam
1123 4352 1419 4424 scripserit,
1450 4360 1534 4411 ulti
1564 4361 1638 4413 ait
1661 4360 1728 4415 de

151 4439 302 4500 Petro
331 4457 385 4501 et
412 4442 659 4500 Barnaba
701 4460 716 4498 :
745 4444 870 4498 Cum
895 4447 1112 4499 viderem
1137 4448 1257 4517 quia
1287 4465 1386 4502 non
1415 4461 1543 4503 recte
1559 4444 1726 4521 ingre-

150 4530 352 4590 'ditmmr
395 4536 490 4610 [:tl.
524 4526 953 4606 ingrediebantur,
983 4527 1028 4591 et
1051 4536 1422 4613 ingrediantur]
1450 4542 1518 4594 ad
1546 4542 1725 4597 verita-

149 4637 240 4680 tem
278 4628 567 4699 Evangelii,
596 4628 704 4684 dixi
731 4622 886 4683 Petro
912 4647 1083 4683 coram
1114 4632 1343 4685 omnibus
1381 4648 1398 4687 :
1433 4633 1476 4686 si
1517 4643 1569 4687 tu
1609 4628 1724 4689 ciim

148 4711 213 4771 sis
256 4720 490 4786 Judwus,
523 4720 776 4791 gentiliter
801 4731 847 4775 et
869 4722 1079 4791 judaice
1108 4710 1248 4783 vicis,
1276 4724 1524 4791 quomodo
1553 4734 1722 4794 gentes

149 4810 281 4877 cogis
318 4813 592 4882 judaizare
628 4811 822 4884 (Galat.
867 4812 921 4865 2.
971 4806 1105 4879 l4)?
1143 4815 1215 4868 De
1244 4830 1348 4883 quo
1378 4818 1515 4869 enim
1545 4826 1721 4873 certus

149 4898 268 4961 situ,
316 4903 456 4971 quod
499 4919 584 4959 me
624 4903 908 4958 scribendo
947 4904 1029 4959 vel
1059 4905 1323 4974 loquendo
1353 4900 1457 4961 non
1490 4910 1651 4974 fallat,
1676 4905 1719 4964 si

152 4977 371 5045 fallebat
408 4989 693 5061 Apostolus
724 4994 862 5049 lilios
890 4980 1036 5060 suos,
1069 5005 1204 5064 quos
1233 4992 1425 5050 iterum
1457 4992 1718 5066 parturie-

153 5077 255 5144 bat,
302 5080 473 5137 donec
516 5083 569 5135 in
616 5084 694 5137 eis
717 5084 982 5152 Christus,
1016 5085 1068 5139 id
1097 5095 1200 5151 est,
1234 5087 1430 5140 veritas
1460 5087 1718 5143 formare-

156 5171 252 5222 tur.
298 5172 498 5240 Quibus
541 5188 661 5228 cunt
710 5175 1076 5243 prinmisisset,
1126 5172 1310 5231 diceris
1356 5176 1530 5241 κρίκε
1553 5180 1722 5231 autem

154 5256 310 5316 scribo
352 5264 508 5331 vobis,
546 5280 657 5318 ecce
691 5261 860 5319 coram
890 5254 1022 5334 Deo,
1064 5268 1183 5335 quia
1210 5282 1309 5321 non
1336 5267 1547 5321 mentior
1572 5266 1717 5337 (Gal.

317 5458 428 5508 Mss.
451 5461 526 5534 19.
549 5460 674 5534 apud
697 5461 1050 5534 llenedlctmos
1070 5476 1129 5533 ne
1150 5463 1384 5535 particula
1407 5472 1593 5516 carent.

225 5574 232 5580 _
317 5519 636 5580 Benedicttut,
661 5531 837 5580 sentire
860 5524 993 5573 aliud
1016 5532 1254 5575 extstmto.

221 5519 280 5580 ib)
317 5519 636 5582 Benedictiui,
661 5531 837 5572 sentire
860 5524 993 5573 aliud
1016 5519 1254 5575 existimo.

221 5574 277 5637 (ε)
314 5579 554 5632 Victorius
589 5597 652 5633 ex
693 5576 911 5634 lle-dieeo
947 5585 1152 5637 quodam
1198 5587 1254 5637 ali

156 5576 277 5682 (Mlti
314 5579 554 5632 Victorius
589 5576 652 5633 ei:
693 5576 911 5634 lle-dieeo
947 5585 1152 5647 quodam
1198 5587 1403 5650 aliisque
1438 5586 1553 5638 Mss.
1589 5585 1719 5635 addit

1517 235 1842 322 hrrsrou
1881 252 2065 325 ex“.

1873 384 1924 439 ί.
1943 383 2057 456 20),
2088 399 2193 441 non
2221 380 2397 445 tamen
2426 393 2685 448 veraciter
2708 395 2999 464 scribebat,
3017 383 3110 455 sed
3138 402 3318 459 neseio
3342 418 3447 477 qua

1868 473 2254 544 dispensatoria
2278 480 2619 537 simulatione
2645 484 2880 552 fallebat,
2911 489 3105 545 vidisse
3129 506 3188 547 se
3230 473 3444 553 Petrum

1866 574 1920 621 et
1961 556 2259 624 Barnabam
2308 587 2416 627 non
2468 585 2614 630 recte
2642 575 2707 629 ad
2741 576 3018 647 Evangelii
3053 584 3326 641 veritatem
3357 588 3443 643 in-

1865 658 2186 727 gredientes,
2211 658 2274 717 ac
2294 662 2454 719 Petro
2480 664 2533 719 in
2560 667 2749 743 faciem
2774 671 3058 736 restitisse,
3082 690 3187 730 non
3210 677 3277 732 ob
3298 674 3446 737 aliud

1865 747 1969 802 Dl>i
1998 751 2137 818 quod
2162 761 2348 821 gentes
2376 765 2592 824 cogeret
2614 757 2907 827 judaizare.
2958 749 2979 813 ᾤ

1935 836 1989 891 5.
2030 840 2101 892 At
2137 842 2277 895 enim
2309 844 2478 897 satius
2516 856 2597 900 est
2626 847 2848 904 credere
2874 851 3187 920 Apostolum
3217 854 3443 916 Paulum

1863 916 2057 995 aliquid
2084 934 2188 983 non
2219 930 2299 1002 (Δ)
2334 948 2459 1007 vere
2487 936 2786 1005 scripsisse,
2812 916 2969 1008 quam
2998 944 3310 1010 Apostolum
3336 945 3443 1004 Pe-

1862 1022 2001 1095 trum
2030 1033 2137 1071 non
2169 1031 2315 1076 recte
2338 1024 2538 1094 aliquid
2566 1025 2758 1095 egisse.
2782 1028 2893 1084 lloc
2913 1032 2956 1083 si
2981 1031 3049 1085 ita
3074 1044 3175 1100 est,
3201 1036 3446 1095 dicamus

1864 1101 2024 1174 (qund
2054 1107 2214 1178 absit)
2241 1100 2407 1165 satius
2434 1111 2555 1169 esse
2580 1102 2799 1171 credere
2827 1121 3035 1174 11131.ιὶτὶ
3069 1122 3442 1196 Evangelium,

1862 1208 2015 1261 quam
2066 1204 2313 1266 iugatum
2359 1216 2479 1257 esse
2524 1218 2553 1256 ει
2600 1205 2757 1259 l’ctt'o
2785 1207 3054 1263 Clll‘lnlillll
3101 1221 3199 1267 :et
3230 1219 3446 1272 mentiri

1860 1281 2161 1368 Regnonnn
2179 1289 2390 1356 librum,
2412 1307 2568 1361 quam
2591 1296 2793 1350 tantum
2817 1297 3137 1368 Propltetam
3161 1319 3189 1358 a
3217 1306 3444 1362 Domino

1862 1365 1971 1463 Deo
1995 1384 2097 1428 tam
2128 1371 2455 1436 excellenter
2478 1378 2728 1452 electum,
2758 1386 2828 1459 (e)
2856 1365 2986 1444 etin
3012 1397 3441 1465 concupiscenda

1858 1456 2016 1533 atque
2060 1462 2370 1525 abducenda
2424 1469 2595 1529 uinre
2637 1456 2816 1532 aliena
2852 1456 3202 1541 commisisse
3232 1478 3440 1545 adulte-

1857 1555 2019 1619 rium,
2049 1565 2103 1609 et
2145 1558 2195 1611 itt
2247 1561 2440 1615 mat-ito
2491 1564 2608 1633 ejus
2663 1571 2925 1638 necando,
2953 1581 3059 1628 tant
3107 1572 3437 1635 horrendum

1856 1646 2018 1717 764
2088 1646 2451 1733 homicidium.
2499 1655 2610 1710 lino
2651 1675 2777 1713 vero
2820 1674 3059 1720 sanctam
3104 1658 3435 1738 Scripturani

1854 1736 1907 1787 in
1930 1750 2157 1825 summo,
2186 1748 2240 1793 et
2265 1742 2403 1795 cmle
2436 1740 2475 1795 ti
2500 1740 2832 1803 auctoritatis
2848 1744 3079 1809 culmine
3099 1736 3437 1825 collocatam,

1853 1819 1921 1879 'de
1967 1818 2191 1883 veritate
2238 1827 2357 1913 ejus
2407 1836 2587 1889 certos
2614 1853 2675 1890 ac
2704 1853 2927 1894 securus
2958 1843 3127 1913 legam
3160 1862 3173 1897 :
3207 1857 3262 1901 et
3292 1850 3342 1903 in
3372 1850 3437 1908 ea

1853 1908 2099 1996 ltoinines
2128 1914 2216 1971 vel
2248 1906 2592 1989 approbatos,
2628 1924 2711 1979 vel
2742 1906 3076 1996 emendabis,
3113 1918 3197 1989 vel
3226 1930 3420 1995 damna

1853 2012 1933 2056 los
1966 1993 2225 2060 veraciter
2254 2008 2478 2077 discam,
2512 2013 2688 2081 potius
2717 2032 2897 2085 quam,
2930 2020 3007 2091 (f)
3038 1993 3172 2078 facta
3205 1993 3437 2089 humana

1852 2090 1977 2146 dum
2024 2095 2075 2148 in
2121 2090 2439 2165 quibusdam
2488 2104 2764 2159 laudabilis
2807 2090 3138 2168 execllentite
3192 2110 3437 2186 permittis

1850 2185 2136 2273 aliquando
2164 2186 2387 2246 Credere
2419 2186 2578 2249 timeo
2607 2183 3076 2271 repreliendettda,
3110 2183 3228 2277 ipsa
3256 2207 3434 2265 divina

1848 2272 2057 2344 eluqttia
2085 2279 2212 2332 mihi
2244 2282 2352 2335 sint
2383 2283 2578 2353 ubique
2606 2298 2875 2355 suspecta.

1920 2369 1973 2419 ti.
2020 2358 2346 2426 thlanicluui
2380 2366 2605 2443 plurima
2656 2379 2956 2438 divinarum
3010 2361 3431 2459 Scriptitrarttm,

1847 2449 2035 2526 qiiibus
2063 2478 2247 2516 eorum
2279 2464 2516 2521 nefarius
2541 2464 2693 2524 error
2717 2473 3011 2532 clarissima
3038 2474 3431 2540 sententiarutii

1848 2546 2226 2627 perspicuitate
2256 2557 2614 2625 convincitur,
2646 2563 2769 2629 quia
2802 2564 2853 2619 in
2888 2567 3051 2623 alium
3084 2587 3300 2628 sensum
3331 2576 3433 2632 dc-

1847 2634 2097 2721 torquere
2127 2642 2235 2695 non
2266 2658 2511 2714 possunt,
2546 2648 2673 2703 falsa
2706 2666 2827 2708 csse
2852 2660 3180 2717 contendunt
3210 2678 3225 2719 :
3257 2665 3328 2720 ita
3354 2640 3435 2721 ta-

1847 2742 1969 2782 men
2001 2740 2055 2783 ut
2085 2724 2330 2787 eamdem
2362 2736 2643 2792 falsitatem
2674 2758 2778 2796 non
2809 2745 3175 2806 scribentibus
3199 2752 3433 2823 Apostol

1842 2816 1907 2887 lis
1927 2819 2179 2886 tribuant,
2204 2823 2296 2876 sed
2317 2824 2499 2879 nescio
2520 2828 2712 2899 quibus
2733 2830 2976 2890 codicum
2999 2816 3429 2910 corrupto-ribus;

1840 2908 1991 2973 Quod
2040 2912 2220 2967 tamen
2263 2915 2536 2997 qdiagnec
2584 2912 2826 2987 pluribus
2869 2927 2984 2982 sive
3032 2908 3431 3001 antiquioribus

1840 3001 2278 3069 exemplaribus,
2334 3002 2433 3059 nec
2489 3008 2842 3075 praecedentis
2870 3015 3063 3086 lingua:
3104 3018 3426 3085 auctoritate

1844 3087 2006 3158 (unde
2024 3090 2369 3180 Latinilibrl
2390 3088 2900 3184 itttcrpre‘tati‘sunt)
2929 3094 3154 3175 probare
3182 3112 3428 3184 aliquan-

1838 3178 1907 3231 do
1949 3182 2252 3247 potuerunt,
2302 3178 2580 3239 nbtiSsima
2624 3178 2873 3247 omnibus
2920 3198 3143 3255 veritate
3187 3178 3425 3272 superati

1837 3262 2048 3322 confusi
2071 3286 2156 3337 μω
2202 3273 2507 3328 discedunt.
2554 3277 2699 3332 Itane
2733 3297 2837 3336 non
2869 3284 3113 3357 intelligit
3145 3262 3426 3361 prudentia

1837 3368 2022 3413 sancta
2056 3370 2165 3427 tua,
2197 3363 2394 3432 'q'uanta
2425 3366 2644 3422 malitia:
2672 3370 2885 3427 illorum
2919 3376 3155 3443 patescat
3185 3387 3424 3449 occasio,

1835 3449 1880 3502 si
1912 3466 2016 3503 non
2059 3452 2127 3506 ab
2155 3449 2274 3507 aliis
2301 3456 2633 3524 Apostolicas
2664 3460 2868 3517 litteras
2896 3480 3016 3521 esse
3045 3468 3287 3541 falsatas,
3321 3477 3419 3531 sed

1836 3541 1982 3612 ipsos
2010 3540 2301 3613 Apostolus
2326 3545 2457 3601 falsa
2486 3547 2765 3619 scripsisse
2793 3550 3069 3613 dicamus?
3101 3557 3120 3613 ἡ
3191 3576 3207 3601 ν

1906 3635 1957 3688 'f.
1983 3653 2003 3686 ‹
2027 3635 2141 3690 Non
2160 3646 2261 3703 est,
2283 3638 2477 3709 inquis,
2495 3641 2772 3711 credibile,
2798 3648 2971 3703 hocin
2994 3650 3153 3708 Petro
3175 3656 3421 3724 Paulum,

1833 3724 1973 3794 quod
2003 3726 2115 3795 ipse
2146 3728 2339 3783 Paulus
2360 3728 2585 3793 fecerat,
2613 3736 2876 3804 arguisse.
2902 3737 3018 3793 Non
3044 3758 3186 3798 nunc
3206 3746 3423 3816 inquiro

1833 3815 1959 3883 quid
1988 3814 2191 3899 fecerit,
2220 3818 2314 3872 sed
2346 3820 2472 3888 quid
2503 3820 2780 3891 scripserit
2805 3840 3008 3894 quaero.
3041 3830 3156 3887 lloc
3181 3835 3247 3888 ad
3274 3814 3424 3904 qua:-

1838 3904 2067 3957 stionem
2098 3910 2257 3973 quam
2300 3910 2511 3976 suscepi
2557 3908 2795 3968 maxime
2836 3917 3108 3985 pertinet;
3143 3931 3201 3976 ut
3226 3928 3423 3984 veritas

1834 3987 2139 4046 divinarum
2168 3994 2563 4063 Scripturarum
2595 3999 2661 4053 ad
2692 4008 2931 4058 nostram
2959 4004 3118 4061 fidem
3147 4008 3422 4069 aedificatio

1833 4080 1956 4136 dam
2003 4073 2276 4139 memoriae
2306 4088 2701 4156 commendata,
2731 4088 2838 4148 non
2866 4110 2896 4149 a
2927 4097 3275 4172 quibuslibet,
3324 4108 3419 4165 sed

1832 4172 1900 4226 ab
1941 4173 2069 4241 ipsis
2098 4176 2391 4243 Apostolis,
2424 4193 2487 4233 ac
2535 4195 2631 4249 per
2658 4181 2762 4238 hoc
2791 4185 2845 4240 in
2876 4186 3202 4248 canonicum
3228 4192 3418 4254 aucto.

1834 4264 2005 4317 ritatis
2045 4266 2260 4354 culmen
2304 4274 2541 4339 recepta,
2586 4262 2653 4326 ei
2695 4276 2843 4330 omni
2886 4276 3039 4349 parte
3067 4299 3226 4342 verax
3258 4282 3418 4360 atque

1832 4346 2180 4411 indubitanda
2227 4354 2498 4452 perSistat.
2529 4362 2660 4418 Nam
2687 4366 2731 4421 si
2762 4346 3037 4429 b‘ocifecit
3062 4375 3251 4435 Petrus
3272 4346 3414 4452 qtiod

1830 4444 2012 4535 facere
2036 4449 2260 4535 debuit,
2294 4444 2548 4509 trientiius
2578 4453 2661 4511 est
2691 4458 2909 4529 Paulus,
2937 4467 3081 4535 quod
3111 4484 3232 4526 eum
3262 4444 3417 4529 vide.

1830 4523 1898 4591 rit
1938 4529 2043 4593 non'
2092 4530 2236 4595 recta
2281 4536 2666 4611 ingredientem
2696 4548 2763 4603 ad
2793 4523 3070 4610 verita-tem
3110 4558 3411 4632 Evangelii;

1829 4629 2085 4698 Quisquis
2115 4632 2256 4685 enim
2286 4633 2387 4686 hoc
2414 4634 2541 4690 facit
2566 4638 2706 4708 quod
2736 4640 2913 4696 facere
2933 4643 3114 4711 debet,
3142 4629 3288 4705 recte
3311 4655 3414 4706 uti-

1827 4718 1929 4788 q'uc
1962 4720 2085 4773 facit
2116 4736 2129 4771 :
2157 4730 2212 4775 et
2240 4722 2361 4777 idco
2390 4724 2582 4780 falsum
2610 4727 2677 4781 de
2701 4744 2766 4782 eo
2786 4729 2943 4795 dicit,
2988 4734 3076 4802 qui
3114 4728 3243 4790 dicit
3287 4733 3409 4797 eum

1829 4805 1934 4863 non
1967 4807 2110 4865 recte
2141 4811 2352 4877 feci-:sc,‘
2385 4815 2525 4882 quod
2554 4832 2674 4886 cum
2719 4818 2868 4873 novit
2911 4818 3088 4878 facere
3131 4814 3401 4886 debuisse.

1827 4900 1881 4953 Si
1909 4911 2087 4955 autem
2118 4917 2303 4955 verum
2336 4905 2548 4972 scripsit
2574 4888 2793 4972 Paulus,
2828 4906 3012 4965 verum
3042 4908 3117 4968 est
3146 4919 3286 4985 quod
3312 4920 3411 4976 Pe-

1828 4988 1940 5045 trus
1966 5008 2069 5046 non
2100 5002 2244 5047 recte
2270 5003 2393 5046 tunc
2422 4992 2817 5074 ingrediebatur
2836 5001 2901 5055 ad
2927 4992 3200 5063 veritatem
3230 5012 3407 5069 Evan-

1826 5082 1971 5150 gelii.
2003 5082 2057 5136 ltl
2090 5084 2218 5151 crgd
2264 5078 2493 5162 faciebat
2533 5087 2673 5155 quod
2717 5082 2893 5146 facere
2924 5090 3029 5149 non
3061 5096 3324 5159 debebat:
3352 5121 3409 5160 ο·

1826 5170 1872 5224 si
1901 5169 2002 5226 tale
2025 5162 2223 5225 aliuu'id
2252 5162 2450 5229 Paulus
2475 5177 2587 5245 ipse
2608 5168 2718 5245 jam
2746 5178 2961 5249 fecerat,
2987 5199 3287 5247 correctum
3314 5213 3406 5265 po-

1890 5340 1963 5464 Ed)
2003 5341 2220 5395 Martian.
2248 5342 2435 5403 aliquid
2459 5361 2566 5398 rere
2590 5361 2682 5398 non
2705 5351 2973 5405 scripsisse.

1911 5406 1958 5464 ε)
1992 5404 2230 5454 Victorius
2251 5414 2294 5455 et
2318 5406 2536 5464 Copulam
2572 5414 2839 5464 expungit.
2873 5428 2966 5464 uua

1890 5405 2230 5513 geleictml'ius
2251 5414 2294 5455 et
2318 5406 2536 5469 copulam
2572 5414 2839 5474 eangil,
2873 5428 2966 5477 qua
3001 5430 3197 5472 sensum
3225 5430 3406 5476 ωιοπε

1880 5492 1888 5507 ι
1911 5478 1967 5511 na
1993 5479 2048 5512 us
2074 5480 2128 5513 cs
2154 5501 2165 5512 .

1880 5478 2048 5512 .tnatus
2074 5478 2165 5513 est.

1993 5526 2573 5606 λὲξνῖῗιῖῗῗῗξἙΨΨῙΨἯ
2613 5532 2658 5579 ί¹¹
2692 5530 2878 5606 μονεξει-
2920 5538 3037 5588 οάίῑ·
3083 5540 3179 5606 Ιοξςί
3202 5581 3216 5601 ν
3255 5547 3408 5606 potius

1827 5597 1971 5693 (ιὲςῖῃι
1994 5586 2121 5696 [argi
2144 5587 2352 5638 humana
2376 5602 2433 5639 nc
2457 5588 2593 5651 dum,
2618 5592 2705 5641 sed
2730 5593 2905 5647 melius
2927 5586 2985 5649 ne
3006 5586 3216 5656 retici’zri'
3234 5586 3408 5661 iiiva'l'ii;

1829 5660 1858 5694 υ
1894 5659 1972 5695 its
1992 5660 2047 5695 ac

1829 5659 1972 5695 CUIUS
1992 5660 2047 5695 ac
2064 5659 2177 5696 MSS.
3120 5702 3123 5705 ,
