4026 6186
591 276 695 337 959

595 399 703 459 tius
743 394 902 451 etiam
947 390 1120 460 ipsum
1162 387 1400 445 credam,
1449 372 1745 444 coapostoli
1774 365 2174 460 snicorrectio:

598 457 722 541 nem
754 500 858 539 non
885 453 1122 550 potuisse
1150 472 1435 541 negligere,
1455 481 1612 536 quam
1634 459 1963 518 mendaciter
1978 453 2176 550 aliquid

595 582 650 635 in
678 594 771 633 sua
801 546 1020 642 epistola
1051 565 1310 636 posuisse.
1335 560 1408 630 (a)
1442 559 1508 612 Et
1537 558 1579 612 si
1609 555 1710 609 hoc
1737 568 1842 607 non
1871 552 1923 604 in
1950 546 2174 642 epistola

599 638 850 740 qualibet,
897 667 1096 728 quanto
1139 653 1309 723 magis
1354 651 1406 704 in
1452 647 1563 712 illa,
1617 646 1668 699 iu
1717 657 1820 712 qua
1850 638 2175 740 prtelocu'tus

596 726 670 812 ait
699 776 712 811 :
741 755 868 822 Qua:
895 726 1061 804 autem
1091 747 1254 800 scribo
1325 741 1487 814 765
1559 737 1716 802 vobis,
1747 749 1858 788 ecce
1875 745 2043 785 coram
2063 726 2174 782 Deo

599 849 719 919 quia
750 860 850 897 non
881 836 1142 893 utentior?
1178 853 1198 887 ι

659 936 720 991 ’8.
769 951 787 986 ι
819 932 930 1000 Ego
960 927 1173 997 quidem
1203 923 1327 978 illud
1359 923 1573 976 Petrum
1600 918 1681 973 sic
1703 914 1876 984 egisse
1901 908 2084 1000 credo,
2115 914 2177 960 ut

595 1033 781 1097 gentes
823 999 1040 1090 cogeret
1080 1016 1372 1086 judaizare.
1421 1011 1532 1064 Hoc
1561 1009 1700 1063 enim
1745 1006 1871 1097 lego
1900 999 2178 1097 scripsisse

595 1089 842 1178 Panium,
865 1089 1022 1182 quem
1045 1107 1324 1164 mentitum
1346 1117 1467 1159 esse
1488 1116 1594 1155 non
1619 1097 1780 1152 credo
1806 1092 1946 1163 (Gal.
1974 1093 2026 1146 1.
2044 1089 2135 1158 20)
2161 1105 2173 1142 :

595 1218 652 1263 et
682 1206 804 1262 ideo
829 1220 936 1258 non
967 1209 1112 1257 recte
1136 1197 1328 1268 agebat
1356 1194 1460 1249 hoc
1489 1193 1703 1246 Petrus.
1730 1188 1860 1243 Erat
1887 1185 2028 1240 enim
2051 1196 2180 1236 con-

596 1310 680 1354 tra
724 1293 995 1364 Evangelii
1037 1289 1337 1352 veritatem,
1376 1292 1434 1338 ut
1467 1289 1716 1352 putarent
1753 1277 1843 1348 qui
1885 1272 2180 1364 credebant

597 1389 654 1443 in
694 1361 982 1448 Christum,
1011 1381 1128 1436 sine
1167 1377 1272 1433 illis
1313 1373 1584 1429 veteribus
1624 1364 1974 1424 sacramentis
2002 1361 2180 1418 salvos

597 1493 658 1535 se
675 1493 795 1534 esse
816 1491 919 1530 nou
943 1485 1120 1545 posse.
1145 1469 1258 1524 Hoc
1277 1468 1418 1523 enim
1441 1461 1838 1520 contendebant
1857 1452 2177 1545 Antioeliim,

597 1569 688 1639 qui
713 1583 777 1623 ex
806 1543 1229 1619 Circumcisione
1251 1555 1614 1613 crediderant.
1647 1550 1846 1639 Contra
1872 1559 2007 1616 quos
2039 1543 2179 1598 Pau-

599 1637 684 1714 lus
726 1661 1133 1726 perseveranter
1175 1649 1477 1715 acriterque
1523 1641 1780 1710 conﬂigit.
1828 1637 2181 1726 Ipsumvero

600 1725 826 1802 Paulum
853 1759 960 1797 non
1003 1741 1071 1795 ad
1117 1738 1221 1792 hoc
1249 1735 1302 1790 id
1329 1736 1524 1804 egisse,
1554 1729 1697 1801 quod
1729 1727 1810 1782 vel
1843 1725 2181 1780 Timotheum

599 1834 932 1893 circumcidit
975 1831 1109 1904 (Act.
1146 1828 1231 1883 16.
1269 1826 1343 1896 1),
1394 1824 1476 1879 vel
1513 1820 1808 1877 Cenchreis
1846 1827 2025 1871 votum
2057 1829 2181 1883 per-

599 1928 759 1983 solvit
784 1925 920 1996 (Act.
951 1922 1036 1977 18.
1071 1918 1182 1991 18),
1211 1917 1297 1972 vel
1328 1914 1674 1985 Jerosolymis
1715 1926 1745 1965 a
1770 1909 1969 1965 Jacobo
1998 1905 2184 1960 admo-

601 2019 763 2082 nitus,
805 2029 925 2070 cum
971 2013 1050 2067 eis
1092 2010 1182 2080 qui
1220 2008 1294 2081 (b)
1344 2014 1624 2067 voverant,
1657 2002 1892 2072 legitima
1921 1998 2006 2053 illa
2043 1996 2184 2051 cele-

601 2108 801 2166 branda
843 2106 1112 2174 suscepit;
1151 2111 1206 2156 ut
1247 2099 1416 2170 putari
1454 2096 1725 2151 videretur
1765 2107 1861 2162 per
1901 2105 1962 2145 ea
2004 2102 2182 2143 sacra-

601 2211 779 2257 menta
807 2200 966 2255 etiam
997 2193 1356 2252 Christianam
1380 2190 1603 2245 salutem
1627 2187 1740 2241 dari
1764 2185 1899 2258 (Act.
1929 2183 2018 2236 2|.
2047 2177 2138 2251 2t)
2163 2195 2178 2230 :

599 2291 695 2347 sed
737 2305 804 2346 ne
829 2289 918 2344 illa
945 2301 1060 2357 qum
1090 2283 1361 2356 prioribus
1391 2290 1445 2334 ut
1471 2277 1802 2348 congruebat
1827 2274 2178 2343 temporibus,

600 2383 655 2437 in
687 2379 886 2435 umbris
911 2391 1093 2432 rerum
1124 2374 1420 2428 futurarum
1450 2371 1589 2424 Deus
1615 2367 1730 2422 ﬁeri
1751 2366 2007 2437 jusserat,
2062 2372 2150 2416 tan
2176 2393 2179 2397 -

600 2486 759 2542 quam
819 2465 1169 2523 idololatriatn
1212 2462 1488 2532 gentilium
1539 2459 1796 2518 damnare
1851 2453 2180 2510 crederetur.

603 2564 719 2623 lloc
761 2570 840 2616 est
870 2559 1011 2614 enim
1040 2554 1180 2626 quod
1209 2553 1283 2607 illi
1313 2551 1544 2606 Jacobus
1572 2549 1647 2603 ait
1675 2565 1688 2602 :
1717 2547 1957 2606 auditum
1997 2544 2064 2598 de
2093 2544 2185 2596 il!o

603 2665 743 2717 esse,
792 2647 932 2719 quod
978 2643 1349 2714 discissionem
1393 2639 1585 2694 doceat
1629 2653 1658 2691 a
1703 2637 1886 2705 Moyse
1924 2634 2058 2708 (Act.
2087 2634 2176 2687 21.

602 2743 715 2813 21).
744 2739 897 2806 Quod
925 2737 1106 2806 utique
1135 2732 1286 2789 nefas
1311 2741 1413 2798 est,
1442 2739 1501 2785 ut
1525 2727 1805 2784 credentes
1831 2727 1883 2781 in
1912 2724 2182 2779 Christum

604 2831 973 2886 discindautur
1019 2840 1049 2880 a
1097 2820 1168 2897 (ε)
1207 2820 1473 2891 Propheta
1513 2818 1734 2884 Christi,
1777 2824 2024 2885 tanquam
2071 2814 2185 2880 ejus

605 2922 900 2977 doctrinam
926 2917 1254 2972 detestantes
1283 2921 1444 2983 atque
1471 2910 1822 2973 damnantes;
1855 2907 1921 2961 de
1943 2907 2046 2975 quo
2073 2905 2187 2971 ipse

605 3013 848 3066 Christus
873 3009 1021 3074 dicit,
1054 3007 1115 3062 Si
1139 3004 1402 3060 crederetis
1432 3001 1622 3071 Moysi,
1655 2999 1922 3054 crederetis
1950 3007 1996 3051 et
2024 2997 2146 3050 mihi
2169 3010 2189 3050 :

607 3108 668 3160 de
695 3121 772 3158 me
797 3104 927 3158 enim
957 3101 1044 3156 ille
1071 3099 1273 3168 scripsit
1299 3095 1476 3167 (Joan.
1513 3093 1562 3148 5.
1597 3091 1709 3163 46).
1763 3110 1782 3143 ι

679 3197 731 3252 9.
780 3215 799 3249 s
829 3192 1057 3250 Attende
1076 3181 1310 3245 'obsccro
1339 3189 1450 3257 ipsa
1468 3185 1626 3239 verba
1653 3182 1832 3237 Jacobi
1866 3200 1878 3235 :
1919 3181 2086 3243 Vides,
2109 3179 2189 3232 in-

607 3290 740 3358 quit,
773 3292 932 3358 frater
951 3293 1068 3355 quot
1097 3282 1257 3334 millia
1286 3288 1403 3332 sunt
1435 3278 1486 3330 in
1515 3275 1551 3328 .1
1558 3275 1726 3340 ιιιιιεα,
1759 3273 1845 3340 qui
1864 3272 2188 3326 crediderunt

609 3380 661 3431 in
694 3377 950 3431 Christum
995 3389 1012 3426 :
1043 3381 1088 3425 et
1118 3372 1170 3424 hi
1201 3385 1372 3422 omnes
1396 3366 1714 3420 wmalatorcs
1738 3372 1854 3418 sunt
1879 3362 2050 3433 Legis.
2079 3361 2190 3414 Au-

610 3469 812 3519 diet-unt
861 3474 1028 3516 autem
1077 3461 1139 3512 de
1184 3469 1262 3523 te,
1307 3457 1424 3527 quia
1470 3454 1547 3527 (ά)
1590 3453 1930 3506 discissionem
1975 3452 2121 3504 doces
2159 3467 2190 3504 a

613 3556 813 3624 Moyse,
864 3548 1042 3605 eorum
1085 3549 1171 3618 qui
1208 3564 1297 3617 per
1325 3555 1496 3616 gentes
1523 3552 1639 3598 sunt
1665 3542 1988 3608 Juda'orum,
2021 3542 2193 3594 dicens

613 3659 714 3699 non
759 3643 934 3697 debere
978 3638 1334 3694 circumcidere
1375 3651 1458 3689 eos
1502 3634 1636 3703 ﬁlios
1665 3648 1801 3695 suos,
1834 3647 1990 3699 neque
2016 3647 2194 3684 secan-

615 3740 737 3790 dum
777 3731 1188 3789 consuetudinem
1227 3726 1446 3800 ingredi.
1501 3725 1636 3792 Quid
1685 3740 1803 3794 ergo
1846 3722 1959 3776 est?
2011 3721 2195 3790 Utique

612 3836 807 3898 oportet
853 3824 1115 3879 convenire
1158 3819 1573 3883 multitudinem;
1623 3817 1893 3870 audierunt
1953 3815 2088 3869 enim
2149 3825 2196 3868 te

612 3918 951 3988 supervenisse
977 3931 996 3970 :
1022 3917 1116 3968 hoc
1159 3929 1278 3984 ergo
1325 3915 1409 3984 [ac
1451 3911 1588 3981 quod
1630 3908 1720 3962 tibi
1763 3909 2001 3963 dicimus.
2057 3907 2194 3963 Sunt

612 4010 754 4065 nobis
797 4010 889 4062 viri
939 4016 1154 4078 quatuor
1194 4013 1365 4058 votum
1411 4001 1647 4055 habentes
1676 4017 1829 4070 super
1877 4015 1932 4053 se
1960 4015 1978 4053 :
2006 3999 2083 4052 Itis
2113 4015 2195 4052 as-

615 4100 826 4168 sumptis
871 4097 1133 4164 sancti/ica
1175 4103 1221 4149 te
1262 4111 1375 4147 cum
1417 4095 1560 4164 ipsis,
1587 4103 1657 4170 ,ει
1683 4092 1918 4162 impende
1946 4092 1997 4144 in
2029 4107 2112 4145 eos
2141 4099 2195 4144 ut

617 4189 803 4242 radunt
849 4187 1018 4254 capita
1067 4200 1086 4238 :
1133 4193 1180 4237 et
1219 4183 1373 4237 scient
1405 4181 1497 4254 [aL
1526 4180 1714 4252 sciant}
1741 4196 1911 4234 omnes
1937 4181 2055 4251 quia
2084 4195 2197 4250 qua:

617 4281 680 4334 de
703 4290 752 4332 te
779 4277 1049 4331 audierunt
1089 4276 1222 4346 falsa
1249 4284 1398 4338 sunt;
1428 4273 1516 4328 sed
1545 4274 1764 4343 sequeris
1801 4283 1850 4326 et
1891 4273 2000 4341 ipse
2029 4283 2198 4326 custo-

618 4372 760 4424 diens
804 4367 1007 4439 chem,
1052 4367 1115 4419 de
1143 4368 1372 4436 gentibus
1411 4374 1577 4418 autem
1616 4364 1704 4434 qui
1729 4363 2072 4425 crediderunt,
2107 4380 2199 4416 nos

620 4460 988 4524 mandavimus,
1033 4458 1325 4529 judicantes
1372 4457 1501 4509 nihil
1543 4456 1792 4525 ejusmodi
1831 4471 2032 4509 servare
2057 4456 2192 4518 illos,

618 4552 718 4606 nisi
747 4560 800 4604 ut
827 4567 880 4605 se
908 4551 1160 4606 observent
1189 4546 1250 4601 ab
1289 4547 1444 4600 idolis
1483 4545 1766 4610 immolato,
1799 4557 1846 4600 et
1872 4563 1904 4599 a
1929 4547 2194 4616 sanguine,

625 4646 697 4715 (e)
745 4653 792 4698 et
835 4659 868 4696 α
915 4641 1248 4714 fornicatione
1275 4640 1293 4709 (
1320 4638 1433 4691 Act.
1464 4637 1556 4690 21.
1587 4635 1657 4691 20
1685 4646 1730 4690 et
1771 4637 1917 4706 sqq).
1970 4637 2108 4702 Non,
2142 4646 2201 4692 ut

617 4736 830 4806 opinor,
860 4734 1147 4789 obscurum
1175 4740 1277 4798 est,
1307 4740 1358 4786 et
1387 4726 1645 4784 Jacobnm
1718 4727 1880 4798 766
1953 4727 2056 4782 hoc
2079 4728 2199 4783 ideo

635 4849 639 4854 ’
681 4868 756 4941 (ξι)
782 4864 1096 4941 ademistis
1118 4858 2103 4941 recesseritbt’t.5.ante:neerase-

677 4920 752 4991 (οῖ
786 4920 1511 4991 Benedictini,qnytoraraut;
1537 4920 1691 4991 nisi'si
1718 4920 2086 4991 typoph’et‘arum
2123 4928 2202 4972 est

615 4980 862 5041 méudum.
893 4989 1060 5038 Actor.
1084 4980 1172 5036 21:
1189 4987 1267 5034 '23.
1317 4983 1417 5033 Viri
1450 4989 1653 5047 quatuor
1679 4980 1844 5030 uotum’
1871 4980 2094 5032 habentes
2115 4997 2199 5033 su-

667 5064 702 5099 ΡΥ
725 5063 792 5100 se.
1817 5089 1821 5093 λ

614 5064 1093 5173 ρέξεῗᾘπῑίειητιις
1117 5116 1224 5170 post
1246 5107 1510 5173 Erasmnm
1531 5103 1741 5166 plurium
1766 5089 1988 5173 numero,
2014 5113 2200 5173 a__Pro-

613 5165 796 5231 plactis,
837 5173 966 5234 quod
993 5165 1234 5220 Victorius
1256 5169 1370 5216 olim
1395 5165 1718 5228 castigaverat
1735 5199 1767 5225 ,-
1793 5177 1902 5213 cum
1933 5165 1997 5214 de
2033 5165 2200 5229 Moyse

613 5240 800 5282 tantum
822 5246 984 5280 sermo
1006 5235 1066 5280 sit

678 5294 757 5354 (d)
791 5293 1005 5342 Brixiani
1041 5289 1461 5354 aptt_d_Victori_um
1501 5288 1614 5354 Mss.
1641 5285 1977 5354 discessionem
2014 5287 2126 5336 beic
2151 5296 2202 5339 et

647 5349 1015 5415 aulorsuperius,
1031 5349 1084 5400 ut
1099 5351 1304 5415 Vulgata
1331 5350 1480 5415 editio
1505 5350 1682 5415 hubct,_
1702 5357 1752 5401 et
1771 5349 1925 5415 Gripe.
1951 5360 2198 5401 ἀποστασίαν.

652 5414 712 5462 ed
736 5409 1063 5473 discissione";
1084 5414 1284 5473 probant
1309 5411 1562 5473 superiora
1583 5411 1750 5473 verba,
1773 5409 1998 5473 Nefasrst
2016 5417 2066 5458 ut
2091 5425 2199 5460 cre-

614 5473 779 5532 dentes
802 5474 851 5520 in
873 5469 1114 5521 (‘Iuisturit
1137 5469 1474 5522 discindantur
1497 5484 1527 5518 a
1552 5471 1790 5532 Propheta
1814 5469 2012 5532 Christi.

683 5529 745 5589 te)
783 5532 1106 5590 Suil‘ocatum,
1147 5533 1274 5594 quod
1313 5533 1504 5594 videtur
1527 5529 1711 5594 omitti,
1755 5529 1897 5578 facile
1932 5537 2126 5594 notatur
2150 5559 2200 5582 τυ

615 5602 881 5697 :cqiguttte;
903 5605 1011 5642 nam
1035 5601 1084 5643 et
1109 5591 1366 5654 in'aliquot
1389 5592 1570 5642 Graecis
1593 5591 1726 5642 libris
1747 5617 1809 5642 και
1830 5605 1971 5642 πνικτὸν
1993 5592 2191 5644 deside-

643 5665 668 5697 a
693 5663 765 5697 ur.
1581 5671 1584 5678 -

643 5659 765 5699 atu'.
1581 5671 1584 5678 '

1876 251 2114 311 SANCTI
2157 243 2533 305 lllERONYMl

3761 240 3879 298 βω

2283 361 2575 425 monuisse,
2607 365 2662 412 ut
2684 359 2883 413 scirent
2907 357 3038 413 falsa
3064 371 3186 413 esse
3209 372 3325 426 qua:
3347 353 3415 410 de
3432 353 3526 408 illo
3548 351 3874 418 audierant,

2281 450 2336 505 hi
2367 451 2454 520 qui
2492 465 2614 504 cum
2660 449 2711 503 in
2740 448 3012 505 Christum
3044 463 3111 504 ex
3138 447 3338 502 ludatis
3376 444 3761 509 credidissent,
3790 452 3878 499 ta-

2278 557 2402 596 men
2426 539 2768 594 aemulatorcs
2795 549 2950 594 erant
2969 538 3147 608 Legis,
3175 553 3243 592 ne
3267 551 3365 606 per
3384 535 3690 589 doctrinam
3711 533 3876 588 Chri-

2278 633 2368 696 sti,
2415 631 2561 686 velut
2607 630 2886 700 sacrilega,
2932 644 3030 684 nec
3072 629 3184 684 Deo
3233 628 3520 682 mandante
3557 626 3871 696 conscripta

2278 721 2516 775 damnari
2539 727 2866 790 putarentur,
2890 736 3008 790 qum
3030 735 3123 788 per
3144 718 3361 788 Moysen
3380 718 3624 788 patribus
3650 716 3874 772 fuerant

2279 812 2575 866 ministrata
2607 828 2619 864 :
2654 810 2756 864 hoc
2791 811 2935 864 enim
2973 810 3039 864 de
3081 810 3244 863 Paulo
3277 809 3610 878 jactaverant
3638 822 3746 862 non
3793 806 3871 860 illi

2279 904 2368 972 qui
2391 903 2754 972 intelligehant
2776 917 2883 970 quo
2908 902 3088 956 animo
3110 917 3139 954 a
3170 899 3370 956 Judzeis
3404 899 3651 954 ﬁdelibus
3676 899 3870 954 obser-

2278 993 2390 1046 vari
2421 1001 2543 1046 tunc
2566 994 2664 1046 ista
2690 992 2972 1058 deberent,
3007 1003 3225 1062 propter
3243 990 3728 1046 commendandam
3756 991 3868 1044 sci-

2280 1084 2405 1138 licet
2448 1085 2817 1138 auctoritatem
2863 1085 3119 1150 divinam,
3163 1093 3217 1138 et
3257 1093 3719 1139 sacramentorum
3747 1083 3868 1136 illo-

2281 1191 2399 1229 rum
2447 1176 2817 1244 Propheticam
2869 1178 3225 1242 sanctitatem,
3276 1191 3381 1230 non
3426 1185 3648 1245 propter
3689 1174 3865 1244 adipi-

2281 1267 2534 1322 scendam
2581 1269 2828 1333 salutem,
2875 1284 2992 1337 quae
3035 1268 3144 1338 jam
3177 1269 3231 1322 in
3257 1267 3474 1322 Christo
3501 1267 3861 1332 revelabatur,

2281 1368 2336 1412 et
2362 1374 2456 1428 per
2496 1360 2744 1429 baptismi
2773 1369 3168 1414 sacramentum
3201 1359 3638 1423 ministrabatur;
3667 1357 3761 1413 sed
3789 1357 3865 1411 illi

2283 1450 2384 1504 hoc
2413 1449 2480 1504 de
2507 1449 2672 1504 Paulo
2714 1458 3043 1520 sparserant,
3075 1450 3162 1518 qui
3193 1449 3270 1504 sic
3296 1463 3358 1503 ea
3388 1448 3644 1506 volebant
3667 1447 3862 1502 obser‘

2282 1541 2416 1606 vari,
2461 1549 2711 1610 tanquam
2756 1541 2872 1594 sine
2903 1540 2986 1594 his
3013 1540 3065 1594 in
3097 1539 3385 1608 Evangelio
3425 1538 3571 1592 salus
3596 1536 3869 1592 eredenti-

2283 1629 2384 1684 bus
2408 1644 2530 1686 esse
2549 1634 2660 1685 noni
2675 1640 2874 1700 posset.
2895 1631 3070 1700 Ipsum
3094 1630 3234 1683 enim
3258 1636 3541 1684 senserant
3567 1628 3866 1684 vchemeuo

2285 1725 2545 1779 tissimum
2592 1725 2778 1792 gratiae
2828 1723 3256 1793 praedicatorem,
3285 1731 3340 1776 et
3368 1721 3650 1776 intentioni
3677 1735 3867 1775 eorum

2284 1816 2520 1870 maxime
2546 1815 2852 1878 adversum,
2882 1815 3187 1876 docentem.
3220 1829 3326 1869 non
3354 1813 3423 1885 (Γ)
3454 1829 3550 1883 per
3579 1815 3667 1868 illa
3695 1813 3871 1868 homi-

2284 1923 2406 1963 nem
2447 1908 2751 1978 justiticari,
2797 1908 2890 1962 sed
2922 1924 3015 1978 per
3041 1900 3262 1978 gratiam
3292 1907 3418 1962 Jesu
3459 1907 3678 1972 Christi,
3711 1908 3869 1976 cujus

2283 1998 2702 2068 prmnuntiandm
2741 2013 2925 2062 causa,
2959 1999 3061 2051 ίιιςυ
3091 1998 3292 2051 umbrae
3339 1997 3393 2051 in
3429 1996 3565 2065 Lege
3595 1997 3874 2051 mandata:

2283 2098 2425 2142 sunt.
2458 2087 2525 2142 Et
2555 2088 2673 2143 ideo
2701 2088 2792 2143 ille
2819 2089 3072 2142 invidiam
3101 2098 3154 2142 et
3187 2088 3603 2157 persecutionem
3631 2087 3872 2141 molien-

2284 2187 2363 2233 tes
2387 2181 2682 2246 concitare,
2730 2188 2978 2249 tanquam
3007 2179 3281 2232 inimicum
3312 2180 3440 2248 legis
3466 2178 3869 2232 mandatorum-

2284 2286 2388 2340 que
2417 2271 2718 2326 divinornm
2746 2272 3169 2328 criminabantur
3199 2289 3212 2325 :
3247 2272 3397 2338 cujus
3435 2271 3581 2325 falsae
3608 2272 3869 2326 crimina-

2287 2361 2445 2415 tionis
2491 2361 2739 2415 invidiam
2782 2361 3163 2430 congruentius
3218 2361 3456 2416 devitarc
3501 2377 3607 2415 non
3661 2373 3862 2431 posset,

2284 2467 2442 2521 quam
2474 2460 2531 2506 ut
2571 2467 2632 2506 ea
2666 2453 2777 2521 ipsa
2808 2453 3123 2518 celebraret,
3169 2468 3287 2522 quae
3313 2453 3570 2507 damnare
3615 2461 3865 2522 tanquam

2285 2541 2545 2611 sacrilega
2595 2543 2912 2610 putabatur;
2959 2551 3116 2610 atque
3156 2543 3227 2596 ita
3271 2543 3599 2606 ostenderet,
3633 2558 3735 2597 nec
3774 2542 3867 2597 Ju-

2285 2631 2431 2684 dteos
2476 2640 2602 2684 tunc
2643 2632 2711 2686 ab
2756 2633 2834 2686 eis
2866 2642 3116 2701 tanquam
3151 2648 3179 2686 a
3211 2633 3429 2687 nefariis
3479 2633 3865 2702 prohibendos,

2287 2737 2384 2774 nec
2411 2724 2637 2791 gentiles
2680 2722 2745 2777 ad
2794 2738 2857 2780 ea,
2903 2736 3153 2793 tanquam
3183 2723 3249 2777 ad
3281 2725 3585 2778 necessaria
3628 2725 3868 2793 compel‘

2287 2811 2493 2867 lctulos.
2533 2829 2551 2864 ι
3042 2873 3045 2875 _

2360 2902 2450 2957 l0.
2480 2921 2498 2953 ‹
2525 2903 2655 2958 Nam
2676 2905 2718 2958 si
2748 2920 2930 2960 revera
2959 2906 3036 2961 sic
3063 2920 3124 2962 ea
3154 2905 3489 2974 reprobaret,
3521 2909 3870 2976 quemadmo4

2287 2992 2413 3046 dum
2441 2994 2505 3047 de
2535 2994 2625 3048 illo
2653 2995 2895 3050 auditum
2927 3006 3059 3060 erat,
3095 3007 3149 3053 et
3178 2997 3297 3051 ideo
3339 2999 3659 3053 celebranda
3689 3001 3862 3054 susci-

2290 3093 2462 3154 peret,
2525 3097 2582 3139 ut
2625 3088 2834 3141 actione
2875 3089 3119 3142 simulata
3163 3105 3312 3143 suam
3364 3101 3545 3159 posset
3592 3092 3864 3147 occultare

2288 3178 2631 3243 sententiam,
2666 3192 2770 3231 non
2803 3179 2851 3231 ei
2880 3179 3108 3245 diceret,
3139 3179 3390 3242 Jacobus,
3415 3193 3460 3234 et
3482 3182 3640 3234 scient
3660 3199 3828 3235 ontnes
3850 3195 3872 3234 ι

2289 3265 2384 3320 sed
2414 3266 2634 3331 diceret,
2664 3276 2709 3320 et
2735 3267 2978 3337 putabant
3009 3285 3197 3331 omnes,
3231 3271 3469 3336 quoniam
3491 3287 3604 3341 qua:
3630 3272 3694 3324 de
3713 3283 3758 3325 te
3777 3289 3870 3325 au—

2290 3356 2509 3420 dierunt,
2553 3358 2687 3428 falsa
2727 3369 2844 3412 sunt
2885 3359 3017 3430 (Act.
3052 3359 3142 3413 2|.
3187 3359 3302 3429 ειγ,
3349 3361 3643 3430 praeertim
3671 3364 3789 3431 quia
3816 3365 3867 3416 in

2293 3447 2422 3516 ipsis
2447 3447 2800 3519 Jerosolymis
2833 3449 3068 3518 Apostoli
3092 3449 3201 3518 jam
3228 3451 3600 3516 decreverant,
3633 3470 3698 3506 ne
3723 3455 3868 3523 quis-

2291 3552 2450 3607 quam
2473 3548 2661 3608 gentes
2686 3553 2902 3610 cogeret
2923 3541 3198 3609 jndniznre
3231 3557 3244 3594 :
3278 3559 3383 3596 non
3415 3553 3594 3599 autem
3617 3545 3875 3600 decreve«

2294 3637 2416 3684 rant
2442 3646 2508 3685 ne
2531 3633 2811 3702 quisquam
2840 3641 2965 3686 tunc
2987 3632 3202 3687 Judzeos
3221 3634 3493 3702 jttdaiure
3519 3636 3827 3705 prohiberet
3851 3655 3864 3691 :

2293 3720 2535 3787 quamvis
2561 3722 2721 3775 etiam
2755 3723 2896 3789 ipsos
2920 3723 3029 3791 jam
3058 3722 3296 3778 doctrina
3326 3723 3624 3780 Christiana
3659 3742 3762 3780 non
3785 3743 3872 3782 co-

2295 3818 2466 3875 geret.
2517 3809 2748 3865 Proiude
2791 3813 2834 3864 si
2886 3823 3007 3881 post
3036 3811 3136 3867 hoe
3166 3813 3541 3882 Apostolorum
3571 3815 3869 3879 decretum,

2296 3897 2483 3958 Petrus
2527 3899 2708 3955 habuit
2752 3903 2893 3955 illam
2926 3904 2977 3956 in
3009 3905 3290 3958 Antiochia
3319 3907 3737 3974 simulationem,
3770 3923 3874 3978 qua

2296 3999 2482 4056 gentes
2512 4000 2728 4060 cogeret
2753 3992 3050 4060 judaizare,
3083 3994 3225 4064 quod
3248 3995 3358 4063 jam
3387 4011 3488 4050 nec
3511 3997 3628 4066 ipse
3647 3999 3873 4068 cogeba-

2300 4090 2406 4145 tur,
2436 4083 2678 4149 quamvis
2700 4091 2918 4152 propter
2935 4085 3354 4140 commendanda
3383 4087 3590 4156 eloquia
3616 4089 3734 4152 Dei,
3756 4105 3873 4158 qua:

2297 4167 2496 4222 Judaeis
2520 4180 2645 4225 situt
2670 4174 2890 4239 credita,
2924 4190 3026 4228 non
3055 4175 3469 4244 prohibebatur;
3518 4178 3644 4244 quid
3685 4179 3874 4233 mirum

2299 4257 2342 4311 si
2370 4260 2764 4329 constringehat
2789 4280 2906 4316 cum
2929 4265 3123 4318 Paulus
3195 4265 3352 4337 767
3425 4266 3592 4322 libere
3614 4281 3873 4333 asserere,

2299 4347 2440 4416 quod
2471 4365 2593 4402 cum
2636 4361 2848 4406 creterts
2893 4356 3168 4423 Apostolus
3210 4370 3271 4410 se
3317 4355 3672 4429 Jerosolymis
3692 4355 3877 4415 decre-

2301 4441 2442 4492 visse
2465 4441 2799 4496 meminerat.
2852 4464 2871 4496 ι

2375 4529 2461 4583 11.
2489 4549 2507 4582 ι
2534 4531 2588 4585 Si
2618 4545 2796 4588 autem
2817 4534 2937 4601 hoc,
2961 4537 3100 4605 quod
3129 4538 3296 4608 magis
3321 4541 3573 4605 arbitror,
3601 4547 3728 4594 ante
3753 4538 3880 4594 illud

2301 4618 2806 4690 Jerosolymitannm
2857 4629 3139 4682 concilium
3186 4630 3378 4684 Petrus
3421 4629 3546 4684 fecit
3597 4647 3613 4683 :
3658 4645 3761 4684 nec
3805 4631 3880 4683 sic

2304 4722 2496 4775 mirum
2527 4725 2628 4782 est,
2655 4717 2795 4786 quod
2829 4734 2948 4771 eum
2978 4720 3190 4774 Volebat
3216 4721 3410 4775 Paulus
3436 4739 3538 4776 non
3567 4724 3752 4780 timide
3775 4727 3876 4781 ob-

2303 4822 2502 4882 tegere,
2533 4811 2625 4866 sed
2655 4811 2882 4864 ﬁdenter
2909 4827 3172 4875 asserere,
3201 4815 3344 4882 quod
3373 4830 3489 4869 eum
3517 4815 3718 4882 pariter
3745 4832 3878 4870 sen-

2305 4904 2405 4956 tire
2429 4901 2540 4971 j:tm
2572 4908 2812 4966 noverat,
2847 4901 2962 4955 sive
2987 4903 3128 4970 quod
3153 4917 3272 4956 eum
3296 4919 3362 4958 eo
3381 4903 3679 4957 contulerat
3701 4904 3879 4960 Evan-

2303 4993 2525 5064 gelium,
2560 4995 2674 5047 sive
2701 4986 2844 5063 quod
2876 4993 2930 5046 iu
2952 4992 3189 5048 Cornelii
3216 4996 3555 5050 Centurionis
3577 5000 3874 5064 vocatiOue,

2305 5085 2463 5139 etiam
2491 5083 2748 5138 divinitus
2774 5098 2896 5137 eum
2923 5084 2990 5137 de
3019 5083 3118 5138 hac
3145 5101 3201 5138 re
3222 5085 3554 5139 admonitum
3581 5097 3871 5156 acceperat,

2305 5176 2417 5230 sive
2465 5175 2607 5244 quod
2647 5186 2933 5243 antequam
2986 5175 3063 5228 illi
3112 5190 3245 5244 quos
3287 5175 3560 5240 timuerat,
3613 5178 3877 5231 venissent

2305 5265 2666 5330 Antiochiam,
2715 5278 2836 5318 cum
2884 5265 3134 5333 gentibus
3193 5279 3312 5318 eum
3357 5266 3604 5318 eonvesci
3659 5267 3877 5322 viderat.

2306 5355 2489 5426 Neque
2538 5356 2681 5411 enim
2725 5370 2978 5426 negamus
3027 5355 3082 5409 in
3131 5355 3231 5409 hac
3273 5364 3538 5410 sententia
3588 5357 3760 5413 fuisse
3782 5359 3879 5428 jam

2369 5531 2426 5598 (Π
2443 5532 2711 5598 _Era_smnrn
2732 5531 2894 5598 denuo
2923 5538 3122 5580 secutus
3139 5531 3360 5598 Martian.
3383 5543 3470 5598 per
3495 5530 3635 5598 illam
3657 5546 3807 5598 geum
3824 5541 3886 5581 ta-

2301 5591 2423 5643 men
2443 5593 2614 5651 Iegalia
2634 5632 2646 5650 ,
2673 5594 2737 5641 de
2760 5596 2935 5647 quibus
2970 5606 3112 5654 supra
3141 5592 3361 5649 dixerat,
3385 5591 3616 5642 docuerit
3641 5595 3730 5643 diu
3751 5605 3886 5644 antea

2305 5656 2542 5706 Victorius
2562 5654 2835 5715 significari.
