4026 6186
419 314 470 357 'r

180 355 276 412 9M

172 470 404 532 Petrum,
435 461 493 516 in
519 474 619 530 qua
647 467 702 514 et
729 455 927 513 Paulus
958 455 1076 510 fuit.
1104 453 1221 511 Non
1249 453 1430 524 itaque
1459 461 1586 508 tunc
1612 469 1738 509 eum

168 559 292 629 quid
323 559 372 610 in
396 565 471 612 ea
502 568 561 607 re
589 565 771 605 verum
800 557 945 605 esset
970 547 1216 612 docebat,
1248 545 1343 600 sed
1373 544 1490 614 ejus
1524 544 1744 599 simula-

176 652 390 712 tionem,
417 660 525 716 qua
552 651 742 714 gentes
767 642 1058 711 judaizare.
1089 639 1437 710 cogebantur,
1468 636 1743 706 arguebat,

181 756 285 795 non
316 739 384 794 ob
425 735 589 800 aliud,
640 734 742 789 nisi
772 735 895 804 quia
941 733 1020 788 sic
1068 731 1160 785 illa
1211 731 1390 784 omnia
1420 727 1748 784 simulatoria

179 829 509 901 gerebantur,
563 836 818 894 tanquam
862 839 1048 878 verum
1090 829 1236 876 esset
1278 819 1421 888 quod
1472 818 1550 871 illi
1605 817 1751 871 dice-

179 924 324 984 bant,
373 919 462 988 qui
507 917 624 973 sine
669 915 1083 974 circumcisione
1129 911 1375 982 praeptllii
1425 918 1585 977 atque
1629 907 1752 960 aliis

178 1009 658 1073 observationibus,
687 1023 808 1079 qua:
839 1007 1043 1061 umbra:
1069 1013 1222 1060 erant
1249 1003 1572 1067 futurorum,
1601 1007 1754 1069 puta,-

177 1103 304 1158 hant
329 1101 612 1157 credentes
632 1101 808 1154 salvos
837 1113 957 1153 esse
983 1113 1088 1151 non
1116 1111 1293 1164 posse.
1332 1115 1352 1148 ι

247 1190 336 1245 12.
381 1209 402 1240 ι
444 1191 584 1259 Ergo
624 1198 677 1243 et
703 1187 1043 1242 Timotheum
1074 1187 1408 1242 circumcidit
1435 1197 1714 1257 propterea
1737 1227 1752 1252 ,

175 1296 245 1334 ne
287 1279 510 1342 Iudaeis,
556 1287 613 1334 et
657 1279 889 1332 maxime
914 1278 1220 1347 cognationi
1251 1279 1368 1344 ejus
1395 1287 1652 1332 materna:
1677 1278 1756 1332 sic

174 1370 509 1434 viderentur,
537 1369 626 1438 qui
649 1383 713 1422 ex
737 1367 982 1437 gentibus
1005 1368 1059 1419 in
1085 1365 1362 1421 Christum
1392 1367 1754 1434 crediderant,

176 1460 436 1516 detestari
492 1459 960 1514 circumcisionem
1005 1475 1019 1511 :
1068 1459 1207 1512 sicut
1258 1458 1552 1514 idololatria
1604 1459 1756 1513 dete-

180 1552 368 1608 standa
399 1559 505 1616 est,
550 1566 672 1606 cum
717 1551 862 1604 illam
911 1550 1054 1604 Deus
1087 1549 1200 1603 ﬁeri
1254 1551 1590 1619 prmceperit,
1621 1549 1758 1602 hanc

179 1644 402 1699 Satanas
433 1641 762 1710 persuaserit
809 1658 822 1693 :
870 1640 936 1694 Et
977 1639 1155 1694 Titum
1203 1649 1483 1708 propterea
1519 1640 1758 1692 nou'cir-

181 1730 457 1795 cumcidit,
492 1745 558 1784 ne
589 1730 930 1783 occasionem
960 1728 1110 1781 daret
1141 1729 1222 1782 eis
1251 1728 1343 1796 qui
1369 1727 1444 1798 (a)
1491 1729 1606 1782 sine
1653 1728 1758 1780 ulla

181 1821 590 1878 circumcisione
638 1818 890 1872 dicebant
931 1817 1214 1872 credentes
1260 1818 1438 1871 salvos
1491 1832 1612 1872 esse
1653 1834 1758 1870 non

182 1926 359 1982 posse,
385 1921 442 1966 et
469 1909 534 1964 ad
559 1907 931 1978 deceptionem
955 1908 1193 1975 gentium
1222 1907 1324 1960 hoc
1350 1907 1510 1961 etiam
1537 1906 1758 1960 Paulum

182 2004 384 2058 sentire
407 2002 700 2071 jactarent.
730 1999 883 2066 Quod
915 2000 1028 2067 ipse
1056 1999 1190 2054 satis
1217 1997 1502 2068 signiﬁcat,
1535 1999 1622 2051 ubi
1665 1998 1758 2050 ait.

183 2094 287 2148 Sed
329 2109 493 2162 neque
540 2091 681 2144 Titus
709 2091 796 2158 qui
840 2106 1033 2150 mecum
1075 2099 1182 2142 erat
1225 2106 1340 2142 cum
1383 2100 1513 2143 esset
1555 2088 1763 2142 Graecus

110 2163 119 2169 ’
180 2183 480 2252 compulsus
508 2191 582 2235 est
620 2181 907 2234 circumcidi
939 2197 958 2233 :
1000 2190 1206 2249 propter
1233 2179 1642 2233 subintroductos
1671 2197 1762 2232 au-

181 2285 280 2328 tem
307 2271 470 2340 falsos
496 2276 698 2341 fratres,
728 2271 812 2337 qui
840 2269 1234 2323 subintroierant
1271 2271 1574 2339 perscrutari
1613 2269 1766 2322 liber-

183 2373 340 2418 tatem
372 2370 617 2424 nostram,
647 2370 700 2414 ut
730 2377 822 2414 nos
852 2362 903 2413 in
933 2361 1220 2414 servitutem
1246 2361 1548 2429 redigerent,
1588 2361 1766 2430 quibus

183 2474 274 2511 nec
300 2459 370 2512 ad
398 2461 579 2514 horam
607 2461 844 2514 cesst'ntus
881 2459 1178 2528 subjectioni
1207 2457 1300 2530 [:tl.
1332 2457 1682 2528 subjectione],
1713 2466 1766 2510 ut

183 2550 365 2602 ueritas
413 2549 684 2621 Evangelii
714 2559 1028 2619 permaneret
1055 2547 1146 2619 [al.
1177 2545 1489 2618 permaneat]
1517 2548 1656 2616 apud
1681 2562 1767 2600 vos

185 2635 330 2706 (Gal.
381 2638 437 2692 2.
491 2639 544 2694 5.
593 2639 648 2693 4.
695 2637 774 2709 5).
804 2638 937 2692 Hinc
967 2637 1064 2709 [aL
1101 2636 1223 2708 Hic]
1266 2649 1485 2706 apparet
1518 2637 1644 2706 qttid
1673 2652 1767 2692 eos

185 2737 400 2797 captare
429 2729 776 2792 intellexerit,
811 2739 868 2783 ut
896 2744 1000 2783 non
1032 2728 1389 2798 faceretquod
1410 2727 1767 2782 inTimothoo

187 2815 411 2884 iecerat,
441 2827 500 2873 et
525 2818 665 2886 quod
694 2833 756 2872 ea
787 2819 1032 2872 libertate
1079 2817 1255 2872 facere
1282 2826 1513 2886 poterat,
1544 2817 1622 2886 (ιι)
1667 2833 1769 2886 qua

185 2910 503 2966 ostenderat
525 2908 616 2964 illa
643 2921 1001 2974 sacramenta,
1048 2925 1148 2964 nec
1180 2918 1428 2978 tanquam
1466 2909 1769 2962 necessaria

187 2999 383 3056 debere
426 3001 628 3070 appeti,
661 3015 762 3056 nec
811 3010 1062 3070 tanquam
1105 2999 1369 3069 sacrilega
1422 2997 1622 3053 dobere
1676 2998 1771 3051 da—

187 3092 384 3144 mnari.
436 3111 458 3142 s
1378 3151 1384 3158 ι

261 3182 350 3236 15.
399 3198 418 3232 ‹
471 3179 574 3236 Sed
603 3179 894 3235 cavendum
927 3190 1007 3235 est
1036 3181 1286 3236 videlicet
1317 3181 1370 3236 in
1402 3180 1502 3236 hac
1527 3181 1769 3250 disputa-

189 3273 361 3336 tione,
394 3283 467 3324 ne
507 3269 646 3324 sicut
674 3269 1008 3338 Philos0phi,
1039 3268 1282 3338 qttwdam
1313 3268 1454 3324 facta
1495 3271 1770 3324 hominum

187 3359 365 3419 media
411 3359 673 3425 dicamus,
723 3361 863 3415 inter
911 3371 1058 3415 recte
1105 3360 1299 3415 factum
1347 3369 1400 3415 et
1448 3371 1770 3431 peccatum:

186 3465 310 3520 qua:
361 3465 538 3520 neque
567 3451 619 3504 in
649 3461 798 3505 recte
825 3451 999 3516 factis,
1030 3465 1206 3520 neque
1233 3453 1286 3506 in
1313 3453 1553 3521 peccatis
1580 3468 1770 3506 nume-

187 3549 410 3600 rentur:
491 3542 652 3613 768
725 3552 778 3596 et
828 3557 1112 3612 urgeamur
1157 3556 1243 3608 eo,
1293 3542 1438 3614 quod
1485 3543 1774 3597 observare

187 3631 350 3701 Legis
394 3632 745 3687 cmremonias
791 3647 898 3686 non
946 3640 1121 3700 potest
1165 3646 1286 3687 esse
1315 3632 1650 3700 indiﬁ‘erens,
1678 3632 1774 3692 sed

187 3731 282 3776 aut
311 3721 538 3788 bonum,
567 3732 659 3776 aut
683 3723 903 3777 malum.
944 3722 1016 3778 Ut
1039 3724 1083 3777 si
1117 3723 1313 3778 bonum
1339 3722 1656 3787 dixerimus,
1683 3737 1776 3778 eas

187 3826 287 3866 nos
331 3826 548 3882 quoque
588 3811 876 3866 observare
919 3827 1207 3882 cogamus;
1255 3815 1299 3867 si
1326 3823 1503 3869 autem
1534 3815 1772 3878 malum,

187 3917 295 3956 non
327 3917 479 3966 vere,
512 3901 606 3955 sed
637 3901 886 3955 simulate
911 3902 979 3954 ab
1011 3903 1284 3968 Apostolis
1313 3902 1626 3956 observatas
1652 3918 1774 3959 esse

186 3993 499 4047 credamus.
546 3991 660 4060 Ego
707 4006 837 4045 vero
865 3993 1156 4059 Apostolis,
1193 4006 1298 4044 non
1328 4000 1435 4044 tam
1464 3991 1772 4059 exemplum

185 4081 648 4152 Phi1050phorum
681 4083 864 4143 timeo,
897 4081 1111 4150 quando
1141 4089 1197 4134 et
1224 4080 1296 4134 illi
1329 4081 1380 4134 in
1408 4095 1503 4134 sua
1529 4080 1773 4149 disputa-

186 4173 336 4228 tione
367 4172 487 4227 veri
511 4172 712 4242 aliquid
741 4172 944 4236 dicunt,
971 4187 1128 4242 quam
1156 4170 1456 4225 forensium
1480 4170 1772 4228 advocato.-

183 4278 328 4329 rum,
360 4260 584 4334 quando
615 4262 666 4315 in
698 4261 992 4316 alienarum
1046 4276 1330 4316 causarum
1377 4262 1590 4316 actione
1615 4278 1770 4317 men-

185 4355 414 4410 tiuntur.
465 4352 706 4420 Quorum
750 4354 1065 4418 similitudo,
1114 4354 1160 4408 si
1191 4355 1242 4407 in
1271 4354 1388 4423 ipsa
1433 4354 1769 4424 expositione

188 4446 442 4513 epistolae
486 4443 553 4500 ad
585 4445 802 4501 Galatas
827 4445 894 4499 ad
922 4444 1343 4500 conﬁrmandam
1371 4434 1767 4503 simulationem

185 4534 332 4591 Petri
383 4546 442 4592 et
489 4534 636 4590 Pauli
667 4543 850 4605 putata
879 4544 962 4590 est
989 4535 1243 4591 decenter
1269 4535 1482 4601 induci;
1513 4536 1641 4606 quid
1671 4551 1772 4607 ego

184 4627 329 4696 apud
381 4638 436 4684 te
491 4627 707 4682 timeam
753 4642 947 4681 nomen
991 4627 1484 4696 PhiloSOphorum,
1527 4628 1619 4697 qui
1663 4643 1770 4682 non

182 4728 477 4789 propterea
521 4720 642 4774 vani
692 4728 836 4784 sunt,
881 4718 1002 4788 quia
1048 4719 1226 4773 omnia
1276 4718 1407 4774 falsa
1435 4720 1638 4786 dicunt,
1671 4720 1770 4776 sed

181 4810 310 4878 quia
353 4819 411 4865 et
455 4809 605 4866 falsis
635 4810 902 4880 plerisque
929 4808 1224 4875 conﬁdunt,
1255 4818 1311 4864 et
1339 4809 1426 4864 ubi
1457 4825 1582 4865 vera
1612 4812 1769 4867 inve-

182 4897 415 4952 niuntur
441 4898 642 4966 dicere,
670 4914 700 4952 a
725 4898 920 4954 Christi
947 4899 1158 4970 gratia,
1178 4898 1268 4968 qui
1297 4907 1380 4954 est
1405 4900 1518 4968 ipsa
1546 4904 1765 4969 veritas,

181 4987 351 5043 alieni
384 4997 528 5042 sunt.
547 5011 549 5014 ⁴
565 5009 586 5042 ι
823 5054 838 5061 υ
1600 5049 1605 5053 ,

257 5080 351 5135 14.
403 5098 432 5132 ι
457 5078 564 5133 Cur
582 5089 756 5134 autem
780 5096 886 5136 non
914 5080 1087 5136 dicam
1118 5087 1399 5150 ιιι-θεωρίας
1412 5080 1499 5134 illa
1527 5089 1765 5138 veterum

181 5179 647 5226 sacramentorum
671 5186 769 5226 nec
793 5171 928 5225 bona
956 5185 1096 5235 esse,
1123 5171 1247 5240 quia
1275 5186 1380 5224 non
1410 5170 1488 5224 eis
1515 5170 1768 5226 homines

181 5260 580 5331 justiﬁcantur;
613 5261 815 5316 umbrae
857 5263 1001 5316 enim
1031 5270 1157 5317 sunt
1182 5262 1603 5331 praenuntiantes
1638 5277 1768 5332 gra-

186 5355 336 5418 tiam,
385 5370 486 5424 qua
510 5353 874 5423 justiﬁcamur
904 5372 916 5406 :
947 5369 1046 5409 nec
1073 5363 1252 5410 tamen
1281 5355 1440 5421 mala,
1473 5355 1594 5424 quia
1623 5354 1768 5409 divi-

185 5444 334 5497 nitus
381 5454 642 5513 praecepta
687 5450 832 5510 sunt,
866 5445 1196 5513 temporibus
1237 5444 1592 5514 personisque
1630 5459 1765 5499 con-

253 5592 318 5646 tal
354 5595 662 5648 Benedictiui
687 5599 788 5663 sine
806 5596 894 5649 illa
909 5597 1286 5663 circumcisione,
1317 5607 1416 5663 tum
1432 5600 1528 5648 duo
1550 5599 1765 5663 Vaticani

185 5657 313 5724 Μή..
328 5671 421 5724 non
445 5672 597 5720 posse,
615 5667 660 5710 et
682 5659 735 5724 id
758 5667 1016 5724 ρωποι-«της
1039 5659 1246 5724 gentium
1269 5661 1460 5724 sentire.

246 5717 316 5776 un
358 5717 474 5770 Mss.
497 5717 591 5772 sex'
613 5722 736 5782 apud
757 5717 1124 5783 Benedictiu'os,
1153 5733 1246 5782 qua
1261 5723 1542 5774 ostenderet.

1528 341 1855 397 EPISTULA
1895 340 2078 398 CXVI.

3323 349 3428 404 9i!

1853 455 2100 524 gruentia
2163 469 2178 506 :
2243 466 2472 523 cumque
2516 467 2602 508 me
2647 454 2859 523 adjuvet
2901 457 3062 512 etiam
3115 461 3424 531 prophetica

1852 544 2138 610 sententia,
2168 559 2268 614 qua
2299 543 2428 598 dicit
2459 544 2600 598 Deus
2628 561 2687 600 se
2715 547 2788 599 illi
2819 548 3015 616 populo
3045 550 3257 608 dedisse
3289 572 3430 624 pra:-

1854 645 1998 704 cepta
2027 653 2128 689 non
2151 637 2280 689 bona
2307 635 2520 707 (Ezec/t.
2550 637 2642 691 20.
2674 637 2767 706 23)
2795 639 2818 690 ?
2846 639 3008 694 Forte
3041 641 3183 696 enim
3216 655 3430 714 proptc-
3501 661 3509 676 λ·

1854 742 1942 780 rca
1989 743 2092 781 non
2138 728 2272 782 dixit
2313 729 2491 792 mala;
2535 728 2628 782 sed
2682 737 2890 783 tantum
2921 745 3024 784 non
3057 731 3217 796 bona,
3247 734 3297 786 id
3327 746 3430 800 est,

1855 831 1961 870 n0n
1991 817 2133 883 talia,
2169 827 2225 872 ttt
2268 817 2373 872 illis
2416 818 2660 872 homines
2709 819 2832 872 boni
2868 818 3020 884 (iant,
3050 823 3284 876 autsine
3333 824 3435 878 illis

1856 907 1982 962 boni
2011 923 2118 961 non
2149 910 2295 962 ﬁant.
2325 908 2526 963 Vellent
2552 925 2634 963 me
2657 909 2872 965 doceret
2901 912 3127 981 benigna
3154 913 3437 967 sinceritas

1860 1007 1968 1062 tua,
2024 1007 2199 1064 utrum
2249 998 2497 1053 simulate
2542 1001 2820 1069 quisquam
2881 1011 3101 1056 sanctus
3159 1004 3437 1057 orientalis

1857 1102 1977 1140 cum
2026 1088 2246 1142 Romam
2279 1090 2506 1154 venerit,
2534 1091 2744 1158 jejunet
2788 1092 3031 1158 sabbato,
3074 1104 3298 1162 excepto
3344 1095 3435 1147 illo

1858 1177 1947 1232 die
1972 1178 2244 1232 Paschalis
2263 1179 2477 1248 vigilite.
2503 1180 2655 1244 Quod
2677 1181 2722 1233 si
2751 1181 2947 1234 malum
2975 1197 3093 1236 esse
3117 1182 3434 1247 dixerimus,

1861 1282 1965 1320 non
1996 1269 2168 1321 solmn
2199 1269 2496 1322 Romanam
2524 1270 2838 1335 Eeciesiam,
2870 1271 2962 1325 sed
2988 1273 3146 1326 etiam
3172 1271 3248 1345 (ε)
3272 1276 3434 1328 multa

1861 1359 1909 1411 ei
1959 1358 2152 1422 vicina,
2200 1367 2256 1413 et
2305 1359 2578 1428 aliquanto
2609 1362 2896 1414 remotiora
2925 1363 3317 1430 damnabimns,
3350 1366 3436 1419 ubi

1861 1463 1980 1502 IIIOS
2022 1448 2163 1502 idem
2211 1458 2424 1503 tenetur
2449 1460 2506 1504 et
2533 1462 2732 1506 manet.
2765 1453 2818 1506 Si
2849 1463 3027 1507 autem
3060 1469 3162 1507 non
3188 1455 3436 1523 jejunum

1862 1539 2084 1593 sabbato
2127 1541 2324 1595 malum
2356 1545 2742 1611 putaverimus,
2775 1553 2853 1599 tot
2881 1546 3150 1602 Ecclesias
3177 1549 3433 1615 Orientis,

1863 1639 1917 1683 et
1961 1631 2130 1683 multo
2175 1633 2431 1698 majorem
2460 1635 2607 1688 orbis
2640 1634 2931 1691 Christiani
2966 1649 3192 1706 partem,
3225 1657 3326 1708 qua
3361 1651 3440 1694 te-

1862 1719 2108 1772 meritate
2152 1719 2585 1775 criminabimur?
2632 1725 2882 1780 Placetne
2929 1728 3042 1792 tibi,
3096 1739 3152 1780 ut
3204 1730 3437 1783 medium

1863 1806 2112 1874 quiddam
2144 1821 2264 1861 esse
2306 1808 2567 1875 dicamus,
2599 1813 2739 1880 quod
2785 1823 2961 1868 tamen
3004 1819 3332 1885 acceptabile
3366 1820 3437 1872 sit

1864 1895 1934 1958 ci,
1979 1897 2066 1962 qui
2117 1896 2218 1950 hoc
2249 1912 2355 1953 non
2402 1901 2674 1964 simulate,
2707 1903 2800 1957 sed
2830 1908 3142 1975 congruenti
3171 1911 3433 1964 societate

1865 1996 2024 2054 atque
2067 1986 2404 2042 observantia
2435 1990 2664 2046 fecerit?
2693 1991 2761 2046 Et
2791 2003 2968 2048 tamen
3000 1996 3131 2064 nihil
3163 1998 3283 2052 inde
3313 1999 3445 2066 legi-

1867 2093 1988 2132 mus
2017 2079 2068 2130 in
2094 2078 2376 2134 Canonicis
2403 2081 2553 2136 libris
2583 2093 2912 2152 praeceptum
2937 2101 3058 2141 esse
3084 2087 3403 2144 Christianis
3429 2110 3444 2144 :

1867 2179 2068 2238 quanto
2114 2171 2284 2240 magis
2329 2171 2458 2225 illud
2501 2173 2702 2226 malum
2732 2174 2910 2230 dicere
2937 2192 3040 2230 non
3072 2177 3268 2244 audeo,
3303 2179 3444 2248 quod

1870 2259 2037 2313 Deum
2087 2262 2407 2330 prtccepisse
2454 2263 2570 2332 ipsa
2616 2264 2920 2320 Christiana
2962 2267 3066 2322 ﬁde
3096 2285 3307 2340 .negare
3339 2287 3445 2325 non

1870 2364 2091 2418 possum
2120 2367 2134 2402 :
2165 2365 2268 2420 qua
2311 2349 2405 2421 [aL
2443 2353 2562 2422 quia
2606 2353 2768 2408 didici
2802 2371 2904 2409 non
2934 2371 2999 2412 eo
3030 2373 3114 2412 me
3140 2358 3444 2426 justiﬁcari,

1871 2440 1964 2495 sed
2010 2441 2180 2509 gratia
2225 2441 2321 2498 Dei
2363 2457 2458 2512 per
2501 2443 2682 2498 Iesum
2737 2444 3010 2500 Christum
3039 2448 3322 2503 Dominum
3349 2466 3449 2505 no-

1871 2532 2074 2584 strum?
2119 2547 2139 2582 ι

1944 2622 2030 2676 13.
2079 2640 2098 2674 ι
2125 2622 2252 2678 Dico
2277 2638 2404 2694 ergo
2429 2625 2890 2683 circumcisionem
2940 2631 3204 2700 prmputii,
3290 2634 3454 2704 769

1873 2719 1926 2765 ct
1943 2721 2136 2767 castora
2167 2713 2491 2783 hujusmodi,
2513 2718 2673 2785 priori
2696 2721 2892 2789 pepqu
2916 2737 3009 2790 per
3026 2722 3448 2783 Testamentum.

1873 2802 2015 2871 quod
2044 2813 2196 2859 vetus
2225 2805 2440 2873 dicitur,
2471 2807 2728 2863 divinitus
2757 2810 2877 2864 data
2909 2811 2974 2865 ad
3005 2814 3450 2882 signiﬁcationem

1878 2893 2200 2959 futurorum,
2247 2911 2366 2964 qua:
2414 2912 2509 2966 per
2556 2898 2828 2953 Christum
2877 2902 3162 2968 oportebat
3191 2903 3446 2971 impleri:

1876 2985 2069 3054 quibus
2096 2985 2504 3041 advenientibus
2531 2992 2857 3046 remansisse
2889 2993 2975 3045 illa
3022 2993 3340 3050 Christianis
3373 2999 3451 3051 le.

1876 3077 2047 3145 genda
2079 3086 2280 3132 tantum
2300 3079 2364 3133 ad
2389 3080 2790 3149 isitelligrntiam
2815 3085 3102 3152 prmmissm
3124 3085 3452 3156 Prophetiie,

1877 3183 1984 3222 non
2014 3179 2192 3224 autem
2219 3175 2518 3226 necessaria
2552 3175 2787 3230 facientia
2825 3195 2836 3230 :
2867 3179 3017 3246 quasi
3060 3179 3239 3236 adhuc
3285 3198 3453 3251 expe-

1878 3261 2128 3314 ctandum
2159 3273 2323 3330 esset,
2345 3272 2402 3318 ut
2421 3265 2628 3319 veniret
2659 3267 2778 3320 ﬁdei
2809 3269 3085 3334 revelatio,
3119 3287 3238 3340 qua:
3269 3273 3350 3326 his
3381 3273 3455 3326 si-

1879 3351 2228 3421 gniﬁcabatur
2295 3369 2418 3410 esse
2465 3365 2710 3411 ventura.
2761 3357 2866 3414 Sed
2916 3362 3157 3428 quamvis
3208 3363 3457 3432 gentibus

1880 3442 2200 3510 imponenda
2246 3461 2349 3499 non
2381 3458 2583 3513 essent,
2618 3463 2722 3502 non
2757 3458 2933 3504 tatneu
2981 3452 3336 3508 sicvdchuisse
3363 3471 3458 3508 au-

1881 3531 2006 3587 ferri
2027 3550 2056 3588 a
2081 3537 2468 3591 consuetudine
2491 3538 2817 3605 Judtcorum,
2847 3550 3098 3612 tanquam
3143 3543 3456 3599 detestanda

1880 3631 2040 3693 atque
2088 3625 2410 3681 damnanda.
2461 3628 2669 3682 Sensim
2719 3631 2942 3698 proinde
2992 3642 3152 3702 atque
3200 3635 3456 3705 paulatim

1878 3713 2120 3771 fervente
2165 3732 2294 3772 sana
2326 3719 2707 3788 praedicatione
2734 3724 2918 3790 gratia:
2960 3723 3179 3790 Christi,
3213 3742 3314 3794 qua
3344 3728 3456 3780 sola

1881 3816 2102 3862 nossent
2145 3809 2431 3864 credentes
2475 3827 2535 3864 se
2559 3811 2862 3879 jnstiﬁcari,
2892 3812 3177 3880 salvosque
3203 3815 3317 3869 ﬁeri
3349 3831 3456 3871 non

1881 3896 1986 3948 illis
2002 3897 2206 3952 umbris
2225 3914 2406 3953 rerum
2427 3908 2582 3953 antea
2605 3899 2922 3966 futurarum,
2950 3910 3075 3955 tunc
3096 3902 3212 3970 jam
3231 3905 3458 3959 venien-

1883 3988 2012 4040 tium
2045 3997 2203 4057 atque
2229 3989 2597 4058 praesentium,
2635 4001 2691 4044 ut
2721 3991 2772 4043 in
2802 3991 3010 4045 illorum
3035 3992 3340 4048 Judatorum
3365 4011 3459 4048 vo-

1880 4078 2115 4144 catione,
2145 4095 2280 4148 quos
2311 4081 2598 4147 prmsentia
2625 4082 2798 4136 carnis
2832 4082 3039 4137 Domini
3067 4093 3120 4138 et
3147 4083 3455 4153 Apostolica

1885 4176 2125 4234 tempora
2172 4169 2249 4223 sic
2298 4169 2631 4238 invenerant,
2662 4172 2836 4226 omnis
2868 4173 2955 4226 illa
2983 4173 3123 4227 actio
3154 4174 3234 4246 (Δ)
3260 4188 3458 4229 consu-

1882 4268 2118 4313 meretur
2163 4260 2492 4325 umbrarum,
2530 4262 2632 4318 hoc
2663 4264 2740 4317 eis
2769 4264 3047 4319 sulTecisse
3076 4265 3141 4319 ad
3181 4281 3459 4322 commen-

1881 4348 2190 4417 dationem,
2240 4361 2300 4405 ut
2357 4367 2463 4405 non
2512 4361 2764 4424 tanquam
2809 4355 3122 4412 detestanda
3165 4367 3222 4414 et
3267 4359 3458 4416 similis

1881 4439 2200 4494 idololatria:
2243 4443 2523 4509 vitaretur,
2575 4445 2710 4500 ultra
2755 4462 2885 4502 vero
2926 4464 3032 4505 non
3079 4450 3299 4507 haberet
3331 4469 3459 4521 pro-

1878 4545 2154 4600 gressum;
2210 4549 2277 4588 ne
2313 4544 2586 4601 putaretur
2614 4540 3238 4611 necessaria,..tanquam
3276 4545 3360 4598 vel
3390 4546 3460 4599 ab

1880 4622 1967 4675 illa
2004 4623 2149 4676 salus
2195 4634 2356 4690 esset,
2405 4627 2487 4681 vel
2529 4628 2646 4682 sine
2677 4629 2764 4683 illa
2792 4645 2914 4684 esse
2940 4646 3045 4698 non
3074 4641 3272 4698 posset.
3301 4633 3456 4698 Quod

1881 4721 2200 4780 putaverunt
2249 4714 2509 4781 ha‘retici,
2553 4719 2640 4786 qui
2687 4719 2810 4772 dum
2857 4717 2926 4790 (θ)
2981 4719 3167 4774 volunt
3204 4730 3255 4774 ct
3283 4721 3456 4776 Judzei

1879 4819 1998 4859 eSs'e
2027 4816 2081 4860 ct
2135 4806 2446 4874 Christiani,
2497 4824 2599 4863 nec
2641 4810 2812 4864 Judaei
2866 4826 2965 4864 nec
3005 4810 3292 4865 Christiani
3337 4829 3458 4868 esse

1878 4907 2192 4966 patuerunt.
2257 4900 2494 4966 Quorum
2567 4903 2887 4954 sententiam
2939 4901 3070 4955 mihi
3121 4903 3455 4968 cavendam,

1877 4989 2124 5056 quamvis
2170 4988 2222 5041 in
2277 5003 2339 5042 ea
2386 5005 2650 5058 nunquam
2682 4989 2894 5057 fuerim,
2931 5001 3104 5046 tamen
3135 4993 3458 5049 benevolen-

1877 5079 2086 5131 tissime
2129 5077 2420 5131 admonere
2462 5080 2709 5148 dignatus
2753 5097 2812 5136 es
2847 5100 2859 5136 :
2911 5083 2962 5135 in
2990 5083 3142 5152 cujus
3169 5087 3454 5141 sententia:

1877 5183 1982 5222 non
2010 5170 2445 5232 consensionem,
2479 5173 2571 5224 sed
2606 5172 3002 5227 simulationem
3032 5174 3222 5230 Petrus
3254 5176 3447 5235 timore

1875 5258 2156 5324 inciderat,
2203 5267 2263 5312 ut
2287 5258 2353 5312 de
2383 5260 2478 5313 illo
2507 5261 2700 5316 Paulus
2743 5263 3024 5318 verissime
3053 5266 3313 5321 scriberet
3343 5284 3358 5321 :
3387 5267 3454 5339 (f)

1944 5412 2005 5479 (ε)
2043 5413 2290 5480 Victorius
2311 5412 2435 5474 legit
2456 5412 2632 5480 multus
2653 5412 2701 5462 ei
2730 5413 2936 5480 cicutas,
2962 5422 3008 5465 et
3028 5416 3273 5480 aliquanto
3297 5433 3452 5471 remo-

1875 5474 2020 5544 (ini-£3
2035 5476 2456 5544 ,_impres_samque
2480 5474 2740 5523 lectionem
2762 5474 3120 5541 reprehendit,
3141 5483 3267 5544 quod
3291 5496 3454 5532 sermo

1873 5538 1939 5585 de
1961 5536 2195 5585 Ecclesiis
2212 5537 2291 5584 sit.

1963 5597 2013 5660 d)
2054 5598 2168 5646 Mss.
2193 5597 2411 5660 quinque
2433 5604 2854 5660 consummaretur.

1962 5658 2009 5720 εἴ
2045 5660 2290 5708 Victorius
2310 5658 2555 5707 voluerunt
2577 5673 2661 5720 pro
2684 5659 2840 5709 uolunt
2861 5663 3097 5714 immutat.

2009 5736 2012 5737 '
2039 5720 2363 5782 Deucdictini,
2388 5720 2515 5783 quod
2539 5733 2646 5771 cum
2679 5720 2889 5774 t't'd‘ssct.
