4026 6186
653 323 760 378 925

655 450 824 499 ream,
856 435 956 488 sub
997 432 1233 487 custodia
1262 431 1486 484 militum
1517 429 1760 499 diligenti
1802 429 1943 500 (Act.
1977 429 2067 483 9.3.
2097 428 2214 496 9.5),

659 543 724 580 ue
756 537 806 579 te
830 524 996 578 Judth
1024 520 1175 590 quasi
1215 520 1581 573 simulatorem
1606 535 1668 573 ac
1691 519 2077 574 destructorcm
2123 517 2225 572 Le-

655 616 735 681 gis
761 612 1090 665 occiderent.
1140 611 1314 677 Atque
1359 609 1482 663 inde
1527 610 1749 662 Romam
1801 610 2137 677 perveniens,
2171 609 2223 660 iu

655 702 890 770 li0§pitio
918 699 1062 769 quod
1092 699 1186 752 tibi
1229 699 1590 764 conduxeras,
1617 699 1885 753 Christum
1931 708 1984 752 et
2028 697 2227 751 Judaeis

652 807 704 848 et
731 794 980 862 gentibus
1011 791 1312 858 pra-dicasti
1344 793 1540 861 (Actor.
1568 791 1757 844 28.”.
1788 792 1900 861 50),
1930 799 1984 845 et
2011 798 2230 844 senten-

653 887 722 938 tia
755 894 838 937 tua
869 884 1098 938 Neronis
1129 883 1305 951 gladio
1333 883 1647 936 confirmata
1679 892 1779 936 est.

725 976 810 1027 11.
857 974 1164 1035 Didicimus,
1196 972 1337 1041 quod
1393 983 1608 1040 propter
1663 981 1859 1025 metum
1910 971 2219 1024 Judzeorum

652 1077 701 1118 et
753 1066 943 1119 Petrus
987 1075 1042 1118 et
1085 1065 1280 1118 Paulus
1337 1063 1618 1132 aequaliter
1667 1063 1916 1116 finxerint
1965 1077 2022 1115 se
2075 1063 2231 1130 Legis

655 1166 921 1225 pra-cepta
971 1171 1204 1209 servare.
1234 1155 1347 1221 Qua
1404 1155 1565 1222 igitur
1620 1152 1815 1217 fronte,
1863 1168 1963 1221 qua
2013 1153 2231 1205 audacia

657 1246 858 1300 Paulus
887 1246 938 1298 iu
964 1246 1133 1298 altero
1161 1243 1506 1312 reprehendit
1537 1242 1642 1313 [al.
1666 1239 2062 1312 reprehendat],
2092 1240 2232 1310 quod

658 1336 772 1404 ipse
810 1335 1113 1389 commisit?
1158 1335 1288 1404 Ego,
1333 1334 1440 1387 imo
1478 1333 1566 1385 alii
1599 1341 1721 1385 ante
1767 1347 1852 1384 me
1877 1338 2234 1398 exposuerunt

656 1440 872 1479 causam
912 1441 1070 1493 quam
1126 1431 1465 1492 putaverant,
1504 1437 1607 1476 non
1659 1423 1958 1476 officiosum
2009 1420 2233 1474 menda-

660 1518 801 1570 cium
831 1515 1202 1576 defendentes,
1236 1515 1375 1567 sicut
1418 1522 1472 1566 tu
1506 1512 1698 1566 scribis
1726 1528 1740 1567 :
1797 1511 1891 1564 sed
1942 1509 2231 1564 ostenden-

661 1619 742 1664 tes
774 1607 879 1680 [aL
927 1605 1197 1677 docentes]
1251 1605 1532 1659 honestam
1575 1604 2053 1672 dispensationem,
2087 1609 2144 1653 ut
2182 1610 2235 1652 et

661 1698 1040 1766 ApOstolorum
1074 1695 1411 1763 prudentiam
1441 1692 1895 1755 demonstrarent,
1913 1700 1966 1744 et
1991 1690 2236 1756 blaSphc-

661 1789 856 1841 mantis
890 1786 1172 1855 Porphyrii
1202 1783 1586 1851 impudentiam
1619 1792 1954 1846 coercerent,
1983 1781 2071 1848 qui
2102 1780 2236 1832 Pau-

663 1879 772 1930 lum
803 1885 858 1931 et
889 1877 1102 1929 Petrum
1133 1875 1320 1943 puerili
1351 1874 1478 1928 dicit
1508 1875 1648 1926 inter
1677 1888 1736 1926 se
1768 1888 2030 1941 pugnasse
2057 1881 2233 1924 certa-

664 1967 808 2020 mine
839 1983 850 2017 :
882 1965 989 2018 imo
1017 1965 1282 2018 exarsisse
1324 1963 1542 2016 Paulum
1579 1962 1658 2031 (l)
1689 1963 1742 2015 in
1784 1961 2034 2014 invidiam
2067 1961 2233 2012 virtu-

663 2068 774 2111 tum
803 2056 967 2119 Petri,
998 2065 1052 2109 et
1083 2070 1147 2108 ea
1196 2055 1476 2124 scripsisse
1522 2053 1810 2122 jactauter,
1838 2067 1956 2120 qua:
2001 2053 2083 2104 vel
2130 2067 2234 2103 non

662 2149 868 2214 fecerit,
900 2147 986 2202 vel
1031 2147 1074 2200 si
1118 2145 1323 2210 fecerit,
1355 2147 1656 2215 procaciter
1713 2143 1903 2198 fecerit
1948 2143 1998 2196 id
2051 2143 2103 2196 in
2131 2143 2236 2194 alio

662 2236 1062 2306 reprehendens
1082 2236 1221 2305 quod
1245 2237 1357 2305 ipse
1379 2234 1731 2290 commiserit.
1754 2233 2090 2302 lnterpretati
2114 2242 2237 2286 sunt

663 2329 739 2380 illi
770 2337 824 2381 ut
858 2335 1166 2398 potuerunt.
1201 2326 1281 2379 Tu
1328 2323 1598 2394 quomodo
1631 2326 1787 2378 istum
1827 2325 2000 2377 loemn
2029 2323 2235 2376 edisse-

662 2418 791 2472 res?
823 2418 1004 2486 utique
1037 2417 1256 2470 meliora
1287 2414 1544 2480 dicturus,
1580 2414 1671 2484 qui
1719 2423 1962 2468 veterum
2016 2419 2234 2466 senten-

663 2509 788 2560 tiam
822 2506 1144 2575 reprobasti.

735 2586 823 2652 12.
845 2598 1046 2652 Scribis
1073 2597 1138 2650 ad
1169 2611 1254 2650 me
1282 2596 1333 2650 in
1362 2594 1584 2663 epistola
1607 2602 1692 2647 tua
1724 2592 1917 2662 (Epist.
1941 2592 2050 2661 67),
2102 2609 2120 2641 ι
2146 2607 2237 2645 ne-

664 2705 771 2759 que
808 2689 948 2742 enim
976 2704 1005 2741 a
1038 2703 1122 2742 me
1167 2685 1442 2741 docendus
1470 2700 1550 2750 es,
1583 2684 1851 2754 quomodo
1891 2685 2235 2752 intelligatur,

663 2779 805 2850 quod
834 2779 974 2833 idem
1002 2779 1136 2832 dicit
1165 2777 1272 2848 [aL
1305 2777 1517 2830 additur
1544 2774 1884 2846 Apostolus]:
1917 2775 2108 2828 Factus
2126 2791 2238 2827 sum

665 2879 903 2937 tanquam
939 2865 1173 2930 Indicus,
1206 2866 1280 2935 (a)
1309 2864 1590 2919 utludwos
1662 2863 1824 2936 746
1895 2863 2240 2931 lucrifacere»:

668 2960 744 3028 (ί.
777 2957 896 3013 Cor.
940 2958 992 3013 9.
1047 2956 1162 3025 20),
1203 2966 1258 3010 et
1304 2965 1534 3021 czetera;
1591 2971 1708 3024 qua:
1759 2955 1829 3008 ibi
1879 2954 2130 3007 dicuntur
2163 2953 2235 3023 (b)

663 3048 1036 3118 compassione
1092 3047 1514 3113 misericordiae,
1581 3062 1685 3100 non
1745 3046 2082 3100 simulatione
2139 3044 2240 3098 fal-

665 3139 834 3192 laciae.
869 3138 956 3191 Fit
984 3138 1124 3192 enim
1168 3147 1416 3206 tanquam
1466 3153 1627 3206 arger,
1659 3137 1748 3206 qui
1781 3137 2045 3190 ministrat
2073 3149 2242 3204 :rgro-

666 3239 752 3294 to,
805 3243 910 3283 non
957 3244 1076 3282 cum
1121 3243 1181 3282 se
1232 3228 1409 3282 febres
1436 3227 1632 3282 habere
1660 3228 1949 3293 mentitur;
1983 3228 2076 3281 sed
2116 3242 2238 3281 cum

665 3321 846 3374 animo
883 3319 1218 3374 eondolentis
1244 3321 1463 3389 cogitat,
1497 3318 1945 3388 quemadmodum
1977 3320 2076 3374 sibi
2121 3334 2239 3372 ser-

666 3410 766 3463 viri
811 3410 987 3472 vellet,
1021 3410 1066 3462 si
1098 3409 1213 3477 ipse
1252 3419 1554 3477 tegrotaret.
1612 3409 1745 3463 Nam
1795 3410 1978 3479 utique
2027 3409 2242 3464 Judacus

667 3507 819 3561 erat;
852 3497 1189 3552 Christianus
1223 3509 1399 3552 autem
1445 3497 1642 3560 factus,
1672 3515 1776 3552 non
1801 3498 2105 3552 Judrcorum
2151 3514 2239 3552 sa-

668 3599 938 3644 cramenta
968 3589 1272 3658 reliquerat,
1302 3605 1421 3657 quae
1461 3588 1842 3643 convenienter
1868 3590 1960 3643 ille
1989 3591 2234 3658 pepulits,

669 3688 725 3732 et
777 3679 1012 3747 legitimo
1060 3688 1331 3746 tempore,
1387 3692 1495 3744 quo
1547 3679 1867 3746 Oportebat,
1919 3688 2238 3749 acceperat:

671 3769 901 3839 ideoque
945 3768 1180 3838 suscepit
1230 3784 1291 3823 ea
1347 3767 1691 3831 celebranda,
1720 3783 1840 3823 cum
1889 3769 1996 3836 iam
2045 3769 2240 3824 Christi

669 3870 813 3915 esset
839 3860 1144 3930 Apostolus,
1181 3868 1235 3913 ut
1265 3862 1484 3914 doceret
1518 3875 1625 3913 non
1662 3875 1782 3915 esse
1809 3861 2108 3930 perniciosa
2137 3861 2238 3925 his,

670 3951 760 4020 qui
787 3966 850 4006 ea
883 3952 1100 4015 vellent,
1133 3951 1271 4004 sicut
1313 3967 1341 4002 a
1389 3951 1698 4020 parentibus
1731 3966 1823 4018 per
1853 3951 2044 4020 Legem
2091 3967 2243 4006 acce-

676 4051 895 4109 perant,
927 4040 1216 4103 custodire,
1249 4041 1409 4094 etiam
1437 4056 1556 4095 cum
1589 4041 1641 4094 in
1667 4039 1934 4094 Christum
1983 4042 2243 4095 credidis-

669 4143 789 4201 sent
820 4149 834 4184 :
865 4149 968 4183 non
1003 4142 1177 4184 tamen
1206 4132 1256 4184 in
1288 4132 1366 4185 eis
1393 4132 1502 4198 jam
1545 4132 1938 4186 constituerent
1964 4145 2111 4202 Spem
2155 4145 2243 4184 sa-

671 4221 832 4274 lutis:
861 4223 1112 4288 quoniam
1143 4236 1239 4289 per
1275 4221 1554 4275 Dominum
1585 4221 1770 4277 Jesum
1810 4222 1956 4276 salus
1985 4222 2098 4290 ipsa
2125 4236 2244 4289 qua:

671 4309 777 4364 illis
818 4312 1165 4364 sacramentis
1211 4312 1624 4380 signiﬁcabatur,
1655 4311 1967 4365 advenerat.
2007 4330 2026 4362 ι
2061 4311 2245 4364 Totius

670 4401 932 4454 sermonis
969 4401 1085 4464 tui,
1136 4417 1292 4470 quem
1347 4403 1707 4471 disputatione
1759 4404 2062 4473 longissima
2119 4419 2241 4472 pro-

674 4489 902 4554 traxisti,
939 4490 1022 4544 hic
1064 4505 1254 4544 sensus
1282 4501 1365 4544 est
1399 4509 1411 4542 :
1445 4502 1500 4546 ut
1534 4492 1723 4546 Petrus
1753 4509 1858 4546 non
1903 4493 2160 4547 erraverit
2189 4493 2242 4545 iu

671 4597 758 4644 eo,
787 4582 928 4651 quod
980 4582 1063 4634 his
1092 4581 1181 4650 qui
1228 4597 1293 4636 ex
1343 4580 1544 4635 ,Ιιιιίωἰε
1591 4581 1952 4644 crediderant,
1984 4583 2245 4650 putaverit

669 4671 866 4741 Legem
893 4686 1013 4726 esse
1043 4669 1357 4725 servandam
1388 4686 1400 4722 :
1433 4669 1528 4724 sed
1575 4669 1626 4723 in
1659 4685 1724 4723 eo
1751 4685 1780 4723 a
1809 4672 1940 4724 recti
1989 4672 2124 4725 linea
2151 4671 2244 4725 de-

670 4764 844 4825 viarit,
865 4762 1002 4832 quod
1020 4770 1205 4831 gentes
1221 4760 1455 4830 coegerit
1470 4759 1764 4829 judaizare.
1783 4758 2027 4829 Coegcrit
2040 4770 2238 4829 autem,

671 4871 776 4910 non
803 4855 1047 4909 docentis
1075 4853 1299 4922 imperio
1323 4893 1339 4918 ,
1382 4853 1476 4908 sed
1521 4853 1947 4906 conversationis
1975 4855 2239 4922 exemplo.

669 4945 736 5000 Et
781 4946 973 4999 Paulus
1012 4959 1118 4998 non
1162 4944 1426 4998 contraria
1473 4942 1541 4996 sit
1578 4943 1783 4996 locutus
1818 4941 1934 5006 his,
1965 4959 2083 5012 qua:
2128 4943 2242 5012 ipse

666 5043 937 5106 gesserat;
981 5035 1074 5087 sed
1121 5050 1286 5102 quare
1333 5033 1520 5087 Petrus
1568 5047 1698 5096 eos,
1749 5033 1838 5102 qui
1882 5047 1948 5086 ex
1996 5034 2242 5102 gentibus

667 5135 840 5190 erant,
869 5126 1143 5195 judaizare
1170 5125 1536 5194 compelleret.

735 5307 798 5369 (a)
836 5301 1178 5369 Supplevimus
1201 5314 1263 5369 ex
1303 5301 1550 5369 Virronem
1577 5301 1690 5350 Mss.
1729 5308 1779 5369 et
1813 5301 2238 5369 Benedictinorum

665 5361 975 5423 editionc,'ut
998 5363 1192 5411 Juda'os
1224 5361 1573 5424 lncrifucerem,
1597 5375 1708 5424 quae
1729 5364 1778 5410 in
1800 5363 1907 5410 aliis
1929 5361 2071 5410 editis
2107 5362 2238 5411 desi-

989 5490 1114 5538 octo,
1153 5481 1484 5544 retinentibus
1522 5481 1883 5544 Benedictlnis,
1925 5489 2071 5544 atque
2111 5496 2237 5532 unus

662 5540 910 5645 Lor-tinea.
948 5541 1269 5600 compassione
1292 5540 1643 5599 misericordia,
1667 5555 1763 5591 non
1803 5540 2111 5593 simulatione
2142 5544 2234 5606 fal-

709 5612 770 5646 ci.

721 5658 798 5717 (ς)
831 5657 986 5708 Aliter
1008 5659 1227 5722 Gravius,
1251 5673 1492 5712 exarsisse
1514 5660 1716 5712 Paulum
1738 5661 1951 5713 itttitliw.

1939 315 2176 371 SANCTI
2219 315 2590 374 ιλιιιςιιοΝγΜι

3841 327 3931 382 924

2402 431 2486 482 15.
2528 429 2652 482 [huc
2681 444 2809 498 ergo
2837 446 3043 484 summa
3075 441 3155 484 est
3187 434 3527 500 qutiestionis,
3561 436 3685 490 imo
3717 451 3931 492 senten-

2333 517 2417 570 lia:
2468 527 2568 569 tua:
2600 535 2612 571 :
2645 528 2697 570 ut
2745 529 2863 586 post
2909 518 3252 588 Evangelium
3281 522 3506 588 Christi,
3539 523 3692 580 bene
3743 526 3933 581 faciant

2329 604 2500 658 ,ιιιόωί
2547 606 2863 672 credentes,
2894 609 2936 661 si
2969 607 3125 678 Legis
3172 611 3420 664 mandata
3447 615 3802 678 custodiant,
3837 619 3928 672 hoc

2330 707 2432 760 est,
2457 696 2500 750 si
2531 697 2790 752 sacriﬁcia
2821 698 3068 764 offerant,
3089 716 3207 768 qua:
3232 701 3424 756 obtulit
3453 705 3689 770 Paulus,
3717 708 3763 760 si
3797 708 3930 763 filios

2331 787 2745 850 circumcidunt,
2795 788 2840 840 si
2891 789 3172 843 sabbatum
3224 804 3461 854 servent.
3498 805 3555 847 ut
3611 795 3845 860 Paulus,
3880 800 3926 852 iu

2334 875 2636 942 Timotheo,
2669 887 2723 930 et
2752 892 2940 932 omnes
2969 879 3324 936 observavere
3360 882 3560 937 Juda-i.
3593 886 3650 940 Si
3697 887 3807 942 hoc
3840 907 3926 943 ve-

2333 984 2450 1022 rum
2481 977 2583 1032 est,
2615 971 2668 1022 in
2691 970 2930 1025 Cerinthi
2955 981 3006 1024 et
3037 971 3260 1027 Ehionis
3308 974 3561 1029 haeresim
3591 978 3922 1045 delabimur,

2333 1061 2423 1128 qui
2451 1061 2732 1116 credentes
2771 1062 2822 1115 in
2849 1062 3066 1118 Christo
3095 1075 3316 1134 propter
3344 1066 3447 1120 hoc
3477 1069 3657 1122 solum
3687 1088 3717 1122 a
3750 1071 3925 1126 Patri-

2335 1149 2432 1202 bus
2484 1152 2917 1206 anathematizati
2971 1164 3128 1216 sunt,
3170 1155 3311 1224 quod
3362 1157 3520 1226 Legis
3565 1164 3924 1216 ca:rcmouias

2333 1239 2532 1295 Christi
2563 1243 2853 1312 Evangelia
2881 1244 3246 1310 miscuerunt;
3298 1257 3352 1300 et
3396 1250 3474 1303 sic
3519 1265 3660 1304 nova
3690 1254 3918 1306 confessi

2334 1340 2476 1396 sunt,
2508 1342 2563 1384 ut
2595 1343 2772 1386 vetera
2803 1349 2906 1386 non
2929 1335 3258 1389 omitterent.
3291 1337 3426 1403 Quid
3457 1338 3633 1392 dicam
3660 1341 3737 1394 de
3766 1342 3920 1394 Ehio—

2335 1422 2478 1486 nilis,
2512 1424 2601 1492 qui
2626 1424 2959 1479 Christianos
2985 1441 3105 1480 esse
3129 1442 3188 1481 se
3209 1428 3464 1482 simulant
3484 1430 3509 1482 ?
3543 1430 3727 1500 Usque
3758 1432 3914 1485 hodie

2337 1528 2429 1581 per
2451 1523 2588 1568 totas
2599 1513 2832 1568 Orientis
2853 1530 3148 1586 synagogas
3169 1517 3308 1571 inter
3322 1519 3538 1573 Judzeos
3560 1523 3790 1576 lizeresis
3811 1534 3908 1585 est,

2333 1619 2451 1670 quin
2470 1602 2666 1657 dicitur
2691 1605 2762 1673 (ε)
2787 1604 3118 1668 Minzcorum,
3144 1617 3196 1661 et
3219 1622 3250 1664 a
3274 1608 3560 1666 Pharisaeis
3584 1627 3731 1666 nunc
3755 1628 3918 1682 usque

2334 1693 2792 1763 damnaturzquos
2811 1697 2968 1765 vulgo
3039 1696 3198 1768 747
3272 1698 3555 1754 Nazarzcos
3577 1717 3916 1773 nuncupant,

2334 1784 2423 1852 qui
2452 1785 2675 1839 credunt
2716 1788 2767 1840 in
2797 1788 3068 1842 Christum
3100 1789 3291 1842 Filiqu
3327 1791 3455 1856 Dei,
3486 1803 3676 1846 natum
3710 1795 3783 1848 de
3812 1799 3922 1848 vir-

2334 1875 2454 1942 gine
2475 1875 2659 1940 Maria,
2690 1886 2743 1930 et
2770 1893 2892 1930 eum
2917 1879 3100 1932 dicunt
3125 1895 3268 1944 esse,
3297 1883 3384 1950 qui
3409 1883 3509 1936 sub
3530 1884 3728 1938 Pontio
3752 1887 3922 1940 Pilato

2340 1979 2524 2031 passus
2550 1975 2659 2030 est,
2693 1976 2746 2019 et
2778 1972 3092 2032 resurrexit.
3130 1969 3182 2025 in
3214 1987 3374 2039 quem
3397 1984 3449 2027 et
3475 1991 3570 2027 nos
3598 1978 3920 2032 credimus:

2337 2053 2430 2107 sed
2466 2055 2592 2108 dum
2636 2057 2826 2111 volunt
2865 2069 2918 2111 et
2967 2058 3138 2114 Juda-i
3184 2075 3306 2115 esse
3348 2073 3401 2117 et
3443 2061 3780 2130 Christiani,
3829 2082 3923 2120 nec

2335 2145 2500 2198 Judwi
2529 2156 2672 2212 sunt,
2699 2164 2798 2202 nec
2824 2150 3136 2204 Christiani.
3159 2151 3267 2206 Oro
3289 2168 3420 2222 ergo
3442 2165 3511 2215 te,
3537 2166 3591 2208 ut
3611 2157 3707 2225 qui
3738 2169 3921 2211 nostro

2336 2236 2651 2290 vulnnsculo
2692 2238 3012 2293 medendum
3063 2251 3256 2310 putas,
3311 2244 3451 2313 quod
3498 2259 3598 2298 acu
3645 2245 3916 2307 foratum.

2337 2323 2444 2378 imo
2475 2336 2728 2392 punctum
2752 2369 2766 2392 ,
2793 2339 2846 2381 ut
2873 2329 3103 2397 dicitur,
3131 2332 3288 2400 hujus
3327 2336 3608 2388 sententia:
3655 2338 3921 2390 medearis

2337 2413 2562 2477 vulneri,
2593 2415 2733 2482 quod
2766 2417 2972 2480 lancea,
3005 2428 3058 2472 ct
3091 2429 3145 2472 ut
3179 2421 3246 2473 ita
3280 2421 3453 2476 dicam
3475 2463 3489 2483 ,
3523 2424 3817 2489 phalarica:
3843 2428 3921 2494 (l)

2338 2503 2480 2556 mole
2515 2519 2825 2573 percussum
2871 2516 2972 2560 est.
3016 2507 3199 2570 Neque
3245 2525 3372 2563 eum
3421 2513 3671 2579 ejusdem
3710 2525 3792 2567 est
3821 2517 3919 2566 cri-

2340 2595 2496 2647 minis
2527 2595 2580 2648 in
2619 2597 2993 2664 explanatione
3039 2598 3437 2669 Scripturarqu
3480 2603 3730 2658 diversas
3761 2606 3920 2672 majo-

2338 2701 2456 2738 rum
2484 2688 2782 2741 sententias
2814 2704 3014 2756 ponere
3038 2731 3052 2751 ,
3083 2699 3137 2744 et
3165 2691 3412 2746 lucresim
3444 2694 3918 2749 sceleratissimam

2339 2789 2548 2827 rursum
2598 2776 2648 2829 in
2698 2777 2991 2831 Ecelesiam
3042 2779 3398 2836 introducere.
3445 2781 3540 2837 Sin
3585 2794 3771 2838 autem
3814 2785 3918 2837 Ita‘c

2341 2865 2494 2918 nobis
2521 2865 2780 2920 incumbit
2808 2870 3102 2922 necessitas
3129 2910 3143 2931 ,
3178 2878 3236 2924 ut
3261 2870 3479 2926 Judaeos
3511 2887 3635 2926 cum
3671 2875 3919 2943 legitimis

2340 2954 2451 3008 suis
2494 2956 2845 3023 suscipiamus
2867 3000 2880 3020 ,
2915 2966 2970 3011 et
2998 2959 3179 3012 licebit
3208 2959 3288 3013 eis
3315 2960 3605 3015 observare
3645 2964 3700 3016 iu
3736 2964 3916 3017 Eccle-

2341 3043 2437 3096 siis
2466 3043 2659 3096 Christi
2687 3085 2700 3105 .
2734 3045 2876 3113 quod
2907 3057 3263 3102 exercuerunt
3287 3050 3336 3103 in
3362 3053 3648 3122 synagogis
3688 3065 3916 3107 satanas:

2341 3136 2512 3190 dicam
2541 3138 2680 3206 quod
2714 3139 2888 3192 sentio
2913 3181 2928 3205 ,
2963 3155 3066 3194 non
3099 3141 3172 3194 illi
3199 3140 3488 3198 Christiani
3518 3144 3669 3209 ﬁent,
3699 3147 3794 3199 sed
3825 3161 3914 3201 nos

2340 3224 2555 3280 ΙυιΙίιιοε
2581 3227 2794 3281 facient.

2413 3319 2498 3372 M.
2526 3319 2654 3385 Quis
2677 3320 2818 3374 enim
2843 3319 2947 3376 hoc
2966 3320 3392 3378 Christianorum
3422 3325 3689 3393 patienter
3708 3325 3912 3391 audiat,
3955 3324 3974 3347 '

2341 3407 2480 3476 quod
2514 3408 2568 3462 in
2596 3419 2682 3462 tua
2708 3410 2930 3477 epistola
2959 3413 3267 3466 continetur
3289 3429 3304 3465 :
3326 3411 3542 3467 Judarus
3563 3426 3670 3468 erat
3698 3413 3916 3480 Paulus,

2342 3493 2657 3550 Christianus
2696 3506 2863 3550 autent
2892 3502 3056 3568 {actus
3081 3540 3096 3564 ,
3131 3516 3234 3554 non
3256 3499 3557 3555 Judworunt
3598 3514 3920 3556 sacramenta

2342 3587 2643 3654 reliquerat,
2687 3603 2802 3655 qua:
2843 3589 3193 3643 convenienter
3228 3591 3316 3644 ille
3343 3591 3596 3661 populus,
3624 3601 3671 3646 et
3697 3592 3920 3662 legitimo

2343 3686 2584 3747 tempore,
2605 3695 2705 3746 quo
2731 3679 3013 3748 oportebat,
3037 3690 3297 3749 acceperat
3319 3695 3338 3734 :
3353 3682 3561 3749 ideoque
3582 3684 3804 3750 suscepit
3825 3681 3918 3754 [aL

2343 3768 2432 3820 sed
2472 3768 2585 3820 ideo
2628 3779 2913 3837 susceperat
2947 3768 2967 3840 ]
2997 3771 3292 3824 celebranda
3331 3788 3410 3836 ea,
3437 3788 3552 3826 cum
3591 3775 3702 3842 jam
3732 3773 3922 3829 Christi

2344 3865 2469 3910 esset
2494 3856 2803 3923 Apostolus;
2832 3869 2890 3920 ut.
2926 3859 3124 3913 doceret
3159 3877 3260 3914 non
3287 3878 3392 3916 esse
3418 3864 3698 3930 perniciosa
3727 3865 3808 3918 Itis
3836 3866 3922 3930 qui

2344 3962 2401 3999 ea
2427 3946 2606 4000 vellent
2631 3949 2758 4000 sicut
2784 3965 2815 4000 a
2841 3949 3131 4017 parentibus
3155 3967 3245 4021 per
3269 3950 3449 4022 Legem
3476 3965 3773 4023 acceperant
3789 3996 3804 4018 ,
3835 3973 3902 4008 cu

2343 4037 2549 4091 stodire.
2581 4036 2809 4091 Rursum
2839 4039 3061 4093 obsecro
3091 4049 3143 4093 te
3163 4082 3176 4103 ,
3200 4051 3258 4095 ut
3289 4057 3418 4110 pace
3448 4051 3533 4096 tua
3567 4060 3744 4098 meum
3769 4046 3923 4098 dolo-

2345 4141 2457 4178 rem
2483 4126 2670 4179 audias
2693 4144 2707 4179 :
2737 4127 3045 4183 Judarorum
3077 4131 3272 4185 Paulus
3296 4134 3646 4188 creremonias
3669 4135 3924 4189 observa-

2345 4216 2433 4270 bat
2457 4257 2472 4283 ,
2505 4233 2625 4272 cmn
2669 4218 2778 4286 jam
2807 4216 3003 4274 Christi
3033 4232 3176 4275 esset
3214 4223 3502 4291 Apostolus
3531 4241 3544 4277 :
3573 4233 3628 4278 et
3666 4225 3802 4279 dicis
3831 4241 3922 4279 eas

2346 4321 2451 4359 non
2480 4321 2601 4360 esse
2631 4307 2957 4375 perniciosas
2993 4309 3078 4364 his
3116 4311 3204 4378 qui
3234 4325 3326 4364 eas
3356 4311 3574 4376 vellent,
3605 4314 3745 4367 sicut
3773 4329 3803 4367 a
3833 4331 3923 4384 pa-

2346 4397 2590 4450 rentihus
2619 4408 2936 4468 acceperant
2958 4440 2974 4464 ,
3006 4401 3318 4456 custodire?
3348 4401 3460 4472 Ego
3483 4417 3514 4456 e
3541 4405 3816 4458 contrario
3843 4407 3923 4458 lo-

2345 4501 2478 4555 quar
2501 4525 2517 4552 ,
2549 4497 2605 4540 et
2645 4489 2969 4544 reclamante
3001 4491 3232 4556 mundo,
3265 4491 3430 4547 libera
3468 4508 3601 4548 voce
3641 4497 3924 4562 pronuntio

2348 4575 2438 4646 [ςιΙ.
2473 4578 2812 4650 pronuntiem]
2845 4583 3234 4636 :cmrcmonias
3273 4582 3581 4637 Judaiorum
3603 4627 3617 4648 ,
3651 4595 3705 4638 ct
3746 4589 3924 4656 perni-

2345 4670 2519 4722 ciosas
2547 4685 2666 4723 esse
2709 4680 2764 4723 et
2794 4672 3093 4727 mortiferas
3118 4673 3440 4728 Christianis
3465 4691 3480 4737 ;
3519 4683 3572 4728 et
3599 4675 3927 4744 quicumque

2346 4778 2436 4816 eas
2458 4761 2819 4816 observaverit
2845 4804 2861 4831 ,
2890 4763 3005 4820 sive
3033 4780 3100 4819 ex
3127 4764 3326 4820 Judmis
3351 4807 3365 4830 ,
3393 4765 3503 4819 sive
3530 4780 3592 4817 ex
3620 4765 3886 4832 gentibus
3906 4808 3920 4830 ,

2409 4942 2479 5004 (c)
2512 4941 2668 5004 Antea
2694 4950 2800 4990 crat
2824 4941 3100 4992 minearum.
3125 4942 3248 4992 Sunt
3270 4950 3434 4993 autem
3453 4938 3625 5004 minati,
3649 4942 3781 5003 quod
3801 4956 3919 5000 prm-

2343 5010 2437 5052 stat
2461 5002 2796 5060 admonuisse,
2825 5017 2887 5051 ex
2922 5005 3350 5061 Hebraicomm,
3377 5004 3504 5065 quod
3539 5002 3828 5050 idem'souat
3852 5011 3920 5049 at-

2379 5087 2442 5121 ue
2486 5085 2701 5134 «unum.
2746 5072 3020 5128 lta’retiros,
3067 5073 3470 5134 quemadmodum
3516 5084 3685 5118 eorum
3730 5084 3919 5132 quoque

2341 5087 2604 5181 doctrinam
2625 5139 2783 5181 nim:
2818 5134 2944 5181 quod
2972 5142 3046 5181 est
3069 5146 3220 5181 οῑοισιν.
3242 5131 3464 5181 haeresim
3487 5145 3705 5181 "et:an
3728 5142 3915 5179 veteres

2376 5131 2604 5182 octriuam
2625 5139 2783 5186 mm:
2818 5134 2944 5194 quod
2972 5142 3046 5182 est
3069 5131 3464 5194 ᾆῑρισιν,1ιωτε.κίιιι
3487 5145 3705 5193 uetat...
3728 5142 3915 5179 veteres

2342 5203 2665 5264 appellabant.
2687 5202 2822 5264 Quod
2845 5215 2961 5250 vero
2983 5201 3092 5264 heic
3113 5201 3313 5264 Hieron.
3339 5206 3488 5264 uolat,
3517 5213 3578 5245 ex
3601 5199 3913 5247 Hebrum-runt

2342 5260 2666 5311 monumentis
2705 5261 3025 5319 confirmatur,
3053 5263 3300 5322 inquibus
3339 5260 3580 5322 proditum
3617 5269 3714 5312 est.
3741 5268 3914 5322 tenue-

2341 5326 2476 5372 rilms
2499 5322 2774 5372 Gamalielis
2796 5324 3004 5370 senioris
3037 5320 3157 5369 adeo
3181 5320 3441 5368 iuvaluisse
3466 5326 3686 5374 Dﬁm't.
3714 5320 3916 5378 .ttlina’os,

2341 5402 2393 5442 ut
2418 5406 2623 5442 necesse
2646 5393 2905 5440 habuerint
2943 5391 3230 5451 peculiarem
3261 5389 3306 5437 iu
3342 5389 3449 5438 illos
3489 5391 3788 5451 impr-orandi
3828 5388 3916 5435 for-

2339 5454 2514 5502 mulam
2539 5454 2835 5514 excogitare.
2864 5451 2926 5500 Hi
2944 5450 3066 5498 vero
3089 5450 3549 5514 Christiannsfacile
3573 5451 3916 5514 respiciebant,

2338 5529 2461 5576 quos
2483 5512 2850 5579 unumunum
2872 5514 2919 5560 iu
2957 5514 3058 5560 suis
3081 5512 3448 5561 Commentariis
3472 5524 3634 5574 usque
3666 5512 3813 5561 hodie
3837 5525 3916 5560 vo-

2336 5593 2466 5636 utut.

2394 5666 2470 5729 (l)
2505 5664 2610 5715 'l‘eli
2636 5662 2930 5727 pricgrandis
2954 5673 3124 5725 genus.
