4026 6186
86 306 191 364 925

89 437 210 478 eum
255 417 309 471 in
357 391 671 470 barathrum
719 403 922 461 diaboli
974 399 1303 457 devolutum.
1355 393 1504 447 Finis
1540 391 1673 478 enim

89 509 240 579 Legis
260 504 493 559 Christus
512 499 579 553 ad
591 497 851 568 justitiam
870 491 1007 547 ontni
1027 488 1249 544 credenti
1266 484 1439 557 (llam.
1465 479 1555 579 10ζ
1577 477 1634 548 4)

89 568 281 656 ludam
306 594 512 650 scilicet
538 599 592 645 et
618 587 835 644 Gentili.
867 583 1054 652 Neque
1076 580 1223 634 enim
1256 574 1399 631 onmi
1431 568 1672 627 credenti

94 690 202 743 crit
230 686 349 741 linis
376 683 442 738 ad
479 680 697 751 justiam
720 718 736 741 ,
769 677 814 729 si
839 673 1060 730 Iudaeus
1089 668 1376 735 excipitur.
1408 663 1464 717 In
1498 661 1643 715 Evan

93 779 239 847 gelio
273 767 495 845 legimus
526 788 540 825 :
574 768 679 823 Lex
713 775 761 819 et
808 763 1082 831 Prophette
1121 773 1276 826 usque
1312 753 1380 806 ad
1421 751 1678 804 Joannem

96 843 381 938 baptisteria
403 863 620 936 (Matth.
647 860 736 914 il.
768 855 880 925 η).
907 853 975 908 Et
999 853 1051 906 in
1079 852 1189 905 alio
1212 849 1332 938 loco
1356 863 1369 899 :
1397 843 1678 938 PrOpterea

94 932 265 1033 768
334 932 452 1026 ergo
498 953 658 1022 magis
697 947 1140 1018 qurercbanteum.
1162 932 1636 1000 Judrriinterﬁcere
1658 942 1679 981 :

95 1026 345 1123 quiavnon
372 1048 539 1102 solum
564 1042 783 1097 solvebat
804 1036 1099 1097 sabbatum;
1122 1030 1210 1085 sed
1230 1037 1274 1083 et
1299 1026 1504 1079 Patrem
1533 1035 1681 1075 suum

98 1110 296 1198 dicebat
326 1149 431 1192 esse
462 1135 658 1196 Deum,
690 1127 933 1198 (squalent
972 1139 1026 1178 se
1053 1122 1243 1191 faciens
1277 1116 1381 1170 Deo
1407 1113 1587 1184 (Joan.
1621 1110 1673 1165 5.

99 1236 211 1305 18).
240 1233 310 1286 Ει
331 1231 525 1284 iterum
551 1241 565 1277 :
595 1222 669 1276 De
690 1216 1006 1291 plenitudine
1034 1213 1145 1282 ejus
1174 1225 1266 1263 nos
1289 1220 1462 1305 omnes
1486 1200 1683 1305 accepi-

100 1290 212 1378 ntds
237 1362 254 1387 ,
286 1318 506 1392 gratiam
536 1328 629 1382 pro
671 1290 869 1381 gratia;
898 1304 1017 1376 quia
1058 1300 1166 1355 ια
1203 1313 1302 1392 per.
1324 1293 1535 1392 M-oysen
1556 1290 1684 1392 data

99 1425 171 1469 est
196 1453 212 1477 ,
239 1379 415 1481 gratia
443 1379 610 1458 autem
636 1379 687 1454 et
712 1398 894 1452 ueritas
924 1409 1013 1465 per
1048 1392 1228 1444 Iesum
1263 1385 1521 1440 Christum
1549 1379 1684 1450 facta

101 1515 173 1560 est
199 1471 391 1574 '(J'oan.
439 1498 492 1551 l.
525 1490 639 1564 15).
669 1491 776 1545 Pro
820 1485 977 1555 Legis
1019 1481 1185 1552 gratia
1227 1492 1346 1547 qua:
1386 1471 1684 1544 praeteriit,

103 1572 331 1667 gratiam
365 1584 642 1654 Evangelii
681 1579 990 1648 accepimus
1018 1579 1462 1644 permanentem;
1490 1572 1546 1618 et
1586 1574 1686 1661 pro

105 1650 312 1741 umbris
361 1687 416 1734 et
451 1650 773 1741 imaginibus
815 1666 1013 1721 veteris
1058 1654 1401 1716 lnstrumenti
1427 1695 1443 1720 ,
1488 1650 1687 1706 veritas

110 1794 204 1848 per
231 1776 419 1831 Jesum
446 1765 718 1820 Christum
764 1757 900 1812 facta
944 1763 1046 1808 est.
1090 1748 1353 1806 Jeremias
1381 1752 1686 1848 quoquenex

110 1828 337 1937 pchona
374 1861 467 1917 Dei
495 1857 814 1912 vaticinatur
840 1867 853 1904 :
880 1847 1009 1902 Ecce
1036 1844 1145 1897 dies
1173 1840 1398 1901 veniunt,
1430 1828 1688 1937 dicit'Dq-

110 1918 397 2021 adauget
430 1942 789 2005 consuntmabo
831 1937 1000 1992 domui
1028 1930 1219 1992 Israel,
1250 1937 1298 1983 et
1335 1923 1507 1981 domui
1548 1918 1691 1974 Juda

110 2009 461 2103 testamentum
496 2052 677 2093 novum
706 2049 724 2088 ἔ
749 2048 850 2085 non
876 2026 1149 2083 secundum
1179 2026 1527 2075 testamentum
1555 2009 1692 2083 quod

112 2136 338 2208 disposui
388 2130 612 2203 patribus
650 2139 858 2187 eorum,
897 2119 951 2172 in
990 2118 1073 2170 die
1116 2115 1194 2186 (a)
1233 2128 1334 2208 qua
1379 2104 1695 2208 apprehendi

115 2196 318 2284 induunt
343 2196 541 2284 eorum,
563 2227 615 2271 ut
636 2215 895 2271 educerem
915 2224 997 2263 eos
1021 2206 1084 2260 de
1105 2215 1237 2258 terra
1250 2199 1464 2271 lEgypti
1480 2196 1531 2268 (J
1539 2212 1668 2250 erem
1677 2234 1689 2247 .

116 2324 208 2376 '51.
238 2314 353 2387 5|).
383 2313 620 2368 Observa
648 2305 775 2377 quid
804 2304 968 2366 dicat,
987 2296 1129 2369 quod
1158 2311 1263 2351 non
1294 2291 1489 2363 populo
1517 2287 1693 2359 genti-

117 2415 271 2474 lttnn,
305 2385 380 2481 (ὁ)
407 2403 461 2459 ei
489 2402 577 2472 qui
617 2407 741 2454 ante
783 2410 889 2449 non
930 2395 1211 2460 receperat
1250 2385 1693 2441 Testamentum;

120 2502 214 2559 sed
274 2473 476 2569 populo
530 2491 837 2548 Judteorum
871 2525 888 2551 ,
936 2482 1022 2537 cui
1077 2481 1272 2548 Legem
1327 2473 1557 2569 dederat.
1602 2483 1697 2538 per

122 2562 362 2665 Moysen,
386 2587 795 2643 Testamentum
817 2589 1015 2631 novum
1035 2568 1305 2639 Evangelii
1328 2562 1694 2634 repromittat:

123 2696 176 2740 ut
206 2655 543 2753 nequaquam
569 2675 750 2728 vivant
777 2671 831 2725 in
862 2673 1124 2722 vetustate
1154 2663 1341 2716 litterae
1363 2698 1379 2722 ,
1402 2655 1495 2710 sed
1522 2655 1574 2707 in
1598 2667 1697 2706 no-

125 2746 547 2840 vitate-spiritus.
567 2763 760 2820 Paulus
780 2767 959 2815 autem
981 2769 1142 2824 super
1161 2751 1312 2819 cujus
1330 2762 1469 2802 nunc
1486 2746 1700 2799 nomine

124 2837 346 2933 qtnestio
368 2857 660 2915 ventilatur
683 2895 699 2920 ,
730 2852 946 2906 crebras
972 2840 1277 2914 hujusmodi
1310 2837 1458 2909 ponit
1485 2843 1701 2890 sentcn-

128 2926 223 3010 tias
255 2971 270 3008 :
300 2968 333 3009 e
361 2949 560 3022 quibus
603 2941 879 2998 brevitatis
924 2934 1101 2992 studio
1148 2944 1314 3002 pauca
1363 2926 1698 2982 subnectam.

128 3046 257 3099 Ecce
273 3059 366 3115 ego
387 3039 586 3094 Paulus
612 3036 725 3088 dico
744 3031 899 3095 vobis,
923 3027 1159 3098 quoniam
1184 3023 1227 3077 si
1250 3013 1697 3078 circumcidamini,

128 3109 357 3188 Christus
385 3128 527 3184 vobis
554 3124 682 3180 nihil
704 3120 775 3194 (ο)
800 3120 1002 3190 prodest
1028 3114 1169 3186 (Gul.
1193 3113 1246 3168 5.
1268 3110 1349 3180 2).
1383 3110 1449 3164 Et
1469 3109 1659 3162 iterum
1686 3122 1700 3158 :

131 3221 377 3278 Evacuati
411 3217 533 3273 estis
572 3231 604 3267 a
638 3212 837 3266 Christo
856 3249 871 3273 ,
899 3207 986 3278 qui
1013 3206 1066 3258 in
1095 3202 1228 3272 Lege
1262 3194 1643 3271 jnstiﬁcamini,
1674 3209 1706 3245 a

54 3352 65 3359 -
130 3317 292 3386 gratia
339 3306 622 3365 excidistis.
665 3303 733 3357 Et
764 3299 900 3356 infra
932 3315 946 3353 :
980 3295 1040 3350 Si
1071 3294 1253 3362 spiritu
1289 3288 1528 3343 ducimini
1550 3326 1564 3351 ,
1603 3287 1708 3351 iant

133 3377 232 3459 non
255 3403 373 3456 estis
394 3397 486 3453 sub
513 3394 665 3466 Lege.
695 3391 777 3446 Ex
806 3403 912 3458 quo
941 3392 1179 3455 apparet,
1203 3380 1290 3451 qui
1311 3378 1410 3434 sub
1436 3377 1578 3447 Lege
1604 3381 1706 3466 est,

136 3513 238 3551 non
263 3492 341 3564 (d)
369 3464 753 3556 dispensative,
784 3488 842 3535 ut
870 3476 1040 3532 nostri
1072 3473 1290 3527 voluere
1314 3469 1544 3537 majores
1569 3483 1584 3532 ;
1615 3464 1710 3519 sed

137 3560 303 3650 vere,
322 3560 391 3636 ut
432 3588 490 3634 tu
530 3573 821 3643 intelligis,
849 3583 970 3624 eum
1017 3563 1271 3633 Spiritum
1310 3560 1564 3614 Sanctum
1604 3569 1710 3610 non

142 3646 358 3731 habere.
385 3668 577 3737 Qualia
602 3672 783 3720 autem
807 3660 915 3715 sint
944 3664 1209 3728 praecepta
1242 3649 1453 3721 legalia,
1488 3646 1714 3702 Domino

142 3768 386 3828 docente,
408 3760 697 3814 discamus.
724 3749 857 3822 Ego,
880 3747 1071 3817 inquit,
1101 3742 1218 3798 dedi
1244 3743 1315 3796 eis
1339 3748 1590 3811 precepts
1615 3752 1716 3789 non

140 3857 287 3918 bona,
315 3862 362 3908 et
374 3827 377 3828 ν
380 3847 797 3922 justi/icationes,
817 3841 871 3894 in
891 3839 1069 3908 quibus
1095 3850 1193 3888 non
1216 3833 1383 3886 uiuant
1407 3830 1461 3882 in
1483 3829 1576 3882 eis.
1594 3827 1719 3880 llaec

145 3948 369 4003 dicimus
380 3918 499 3997 non
522 3952 625 4008 quo
644 3936 841 4004 Legem
869 3930 1021 4000 juxta
1052 3924 1397 3981 Manichmum
1422 3929 1477 3975 et
1499 3918 1721 3974 Marcio-

147 4055 265 4094 netn
291 4038 636 4092 destruamus
661 4068 676 4091 ,
716 4038 873 4091 quam
904 4029 958 4076 et
998 4027 1236 4074 sanctam
1262 4057 1278 4083 ,
1307 4025 1363 4071 et
1387 4013 1719 4084 spiritualem

139 4132 287 4199 juxta
319 4119 641 4193 Apostolum
674 4116 950 4177 novimus;
991 4109 1085 4165 sed
1114 4108 1238 4178 quia
1271 4116 1546 4176 postquam
1577 4105 1724 4159 venit

149 4198 278 4274 lides
308 4226 363 4272 et
391 4224 695 4280 temporum
724 4203 1018 4276 plenitudo,
1042 4200 1189 4256 misit
1211 4200 1350 4253 Dens
1375 4198 1539 4251 ﬁlium
1569 4212 1722 4251 suum

148 4313 218 4385 (ε)
245 4312 446 4366 factum
478 4320 549 4360 ex
580 4300 806 4358 muliere
824 4337 841 4363 ,
877 4296 1071 4350 factum
1102 4292 1202 4347 sub
1226 4290 1401 4359 Lege,
1430 4297 1487 4342 ut
1516 4304 1608 4343 eos
1635 4288 1725 4356 qui

152 4376 247 4457 sub
271 4403 416 4472 Lege
454 4404 614 4454 erant
640 4391 970 4451 redimeret,
1018 4392 1075 4438 ut
1109 4381 1449 4450 adoptionem
1496 4376 1726 4430 ﬁliorum

154 4464 559 4562 reciperemus;
590 4493 646 4540 et
671 4491 1004 4551 nequaquam
1034 4473 1133 4528 snb
1164 4470 1480 4542 paedagogo,
1508 4465 1603 4520 sed
1631 4464 1732 4518 sub

156 4584 364 4646 adulto,
392 4592 444 4636 et
477 4577 707 4634 Domino
735 4569 946 4625 luerede
974 4567 1235 4620 vivamus.
1315 4577 1318 4582 ·

227 4673 313 4727 15.
586 4662 825 4734 Sequitur
848 4660 901 4713 in
929 4654 1161 4725 Epistula
1186 4666 1273 4706 tua
1293 4666 1314 4705 :
1342 4640 1459 4703 Non
1488 4648 1601 4702 ideo
1635 4644 1735 4699 Pe-

162 4774 291 4816 trum
321 4740 603 4817 emendavit
621 4797 637 4821 ,
664 4752 797 4824 quod
833 4760 1068 4820 paternas
1092 4745 1385 4799 traditiones
1414 4740 1696 4794 observaret
1716 4752 1736 4791 :

163 4853 296 4921 quod
338 4853 381 4904 si
423 4853 591 4921 facere
622 4844 798 4909 uellet,
843 4855 933 4893 nec
972 4835 1299 4895 mendaciter,
1338 4847 1427 4884 nec
1464 4831 1738 4900 incongrue

168 4915 376 5013 iaceret.
423 4915 620 4992 lterum
660 4933 825 4987 dico:
868 4923 1295 4997 quamloquidem
1343 4918 1449 4991 [aL
1497 4915 1738 4990 quando]

232 5070 308 5190 ﬁo;
336 5064 664 5140 Denedictini.
687 5054 997 5170 quandoééiro
1016 5071 1128 5120 qua.
1322 5116 1331 5127 _

258 5132 287 5178 b
342 5128 579 5179 bndectm
592 5136 745 5190 penes
756 5123 862 5190 Ben
932 5118 1331 5190 telitlos‘MSS;gtlt

258 5114 308 5185 b3
341 5114 579 5179 lindecim
592 5114 745 5185 penes
756 5114 1108 5172 Benedictinos
1124 5116 1538 5185 Msslquihuscum
1561 5114 1740 5185 Veron.

173 5178 398 5251 cuin'quo
417 5178 641 5251 autentm
659 5183 838 5251 [egerat
865 5186 1205 5251 Testameptttiit
1218 5178 1530 5251 _Martiauzeus
1548 5183 1744 5225 annotat

176 5265 237 5301 ex
256 5241 620 5312 quampluribus
638 5241 746 5312 aliis
765 5243 924 5312 fuerat
945 5254 1031 5304 pro
1052 5241 1248 5312 [ecerat.

243 5294 583 5376 (ijﬁctorfus
622 5294 839 5370 prodérit
880 5294 1097 5365 reposuit
1140 5312 1204 5350 ex
1247 5297 1455 5360 Vulgato
1485 5302 1537 5344 et
1579 5294 1749 5346 Graeco

624 5432 734 5490 post
770 5422 1022 5474 Erasmum
1077 5419 1452 5483 dispensatione,
1498 5419 1751 5467 renuenti-

245 5521 421 5610 iam
445 5545 616 5596 Graeco
637 5560 817 5610 γινόμενος
847 5558 886 5610 ta.
904 5556 1067 5610 τιηςιιδε
1093 5543 1204 5610 :_sic
1226 5542 1357 5591 enim
1391 5540 1514 5610 Mss.
1530 5539 1751 5610 habent,

189 5600 390 5672 ﬁcetum,
407 5619 506 5672 non
523 5600 703 5672 natum,
716 5600 781 5656 ἰιι
804 5600 987 5667 vulgati
1010 5600 1267 5666 plerique;
1292 5602 1483 5651 tametsi
1504 5602 1551 5648 in
1573 5600 1756 5662 aliquot

188 5667 334 5720 etiam
356 5667 535 5719 Gracia
551 5667 690 5718 libris
709 5681 888 5730 Mm
910 5673 1145 5715 occurrat.

1409 276 1735 338 EPISTOLA
1772 271 1929 329 CXII.

3250 262 3361 321 9'26

1775 385 2072 453 Episcopus
2100 396 2191 445 es,
2225 379 2582 435 Ecclesiarutn
2614 375 2807 432 Christi
2840 375 3112 445 magister,
3146 383 3202 429 nt
3231 391 3359 445 pro-

1774 478 1867 531 bes
1900 490 2085 530 verum
2115 470 2400 541 essequod
2423 469 2619 525 asscris
2639 468 2849 537 suscipe
2875 464 3108 535 aliquem
3135 466 3354 521 Judaeu-

1776 584 1916 627 rum,
1944 568 2033 636 qui
2078 565 2246 618 lactus
2275 563 2646 625 Christianus,
2677 568 2858 612 uatum
2902 558 3003 612 sibi
3043 559 3208 611 lilium
3247 559 3356 612 cir-

1775 656 2077 720 cumcidat,
2122 654 2211 722 qui
2251 653 2498 707 observet
2539 649 2856 712 sabbatum,
2901 647 2991 715 qui
3032 647 3298 701 abstineat
3324 661 3356 700 a

1777 744 1912 823 ciliis
1940 760 2075 813 quos
2107 745 2243 796 Deus
2272 742 2474 797 creavit
2514 740 2581 793 ad
2624 738 2876 793 utendutn
2920 754 3039 792 cum
3069 739 3358 808 gratiarum

1779 835 2024 894 actione;
2056 835 2143 902 qui
2175 832 2572 901 quartadecima
2609 829 2699 884 die
2733 830 2933 883 mensis
2964 830 3119 898 primi
3165 843 3356 897 agnum

1781 935 1979 980 mactet
2003 925 2069 978 atl
2102 938 2378 992 vesperam
2413 938 2428 977 :
2461 930 2514 974 et
2560 935 2681 972 cum
2715 919 2816 973 hoc
2844 918 3036 973 ieceris
3056 958 3071 983 ,
3120 919 3227 971 imo
3254 934 3355 972 non

1782 1015 1974 1070 l‘eccris
2005 1014 2140 1078 (scio
2166 1012 2308 1066 enim
2338 1020 2390 1064 te
2418 1010 2797 1074 Christianum,
2826 1018 2880 1062 et
2910 1025 3022 1061 rem
3048 1009 3361 1075 sacrilegam

1782 1123 1888 1161 non
1919 1120 2039 1159 esse
2070 1101 2355 1170 facturum)
2390 1101 2523 1153 velis
2550 1100 2720 1164 nolis,
2753 1109 2893 1152 tuam
2921 1099 3241 1153 sententiam
3269 1113 3359 1151 re-

1785 1195 2038 1267 probahis
2062 1210 2076 1247 :
2105 1205 2155 1247 et
2190 1202 2315 1245 tunc
2341 1192 2478 1245 scies
2503 1204 2685 1259 opere,
2717 1189 2987 1243 difﬁcilius
3015 1204 3136 1242 esse
3162 1191 3361 1242 contir.

1785 1302 1931 1342 mare
1957 1300 2082 1350 sua,
2113 1298 2271 1353 quam
2301 1282 2473 1336 aliena
2499 1280 2913 1350 reprehendere.
2950 1277 3019 1350 (Γ)
3048 1281 3124 1332 Ac
3157 1294 3223 1332 ne
3246 1278 3355 1331 for-

1785 1378 1922 1432 sitan
1953 1376 2045 1429 tibi
2093 1390 2196 1427 non
2239 1373 2616 1433 crederemus,
2664 1372 2770 1425 imo
2807 1386 2912 1423 non
2946 1369 3367 1435 intelligerenms

1785 1466 1911 1537 quid
1940 1466 2151 1520 diceres
2176 1462 2512 1531 (frequenter
2531 1462 2673 1514 enim
2702 1460 2753 1512 iu
2792 1460 3004 1526 longum
3033 1472 3212 1512 sermo
3244 1472 3368 1525 pro-

1789 1566 1989 1612 tractus
2021 1564 2168 1610 caret
2195 1551 2543 1620 intelligentia
2577 1569 2591 1606 :
2621 1559 2677 1605 et
2707 1550 2832 1604 dum
2867 1551 2945 1620 ig)
2980 1564 3083 1603 non
3115 1550 3364 1614 sentitur,

1787 1648 1963 1701 minus
1992 1642 2421 1713 reprelienditur)
2453 1642 2686 1695 inculcas
2723 1648 2778 1695 et
2808 1640 3033 1708 replicas
3060 1657 3073 1692 :
3106 1638 3218 1691 Hoc
3254 1637 3359 1690 Ju-

1788 1738 2012 1791 dteorum
2034 1733 2233 1787 Paulus
2255 1732 2532 1795 dimiserat,
2560 1733 2696 1800 quod
2716 1731 2903 1784 ntalunt
2926 1730 3191 1783 habebant.
3214 1729 3366 1794 Quod

1788 1835 1872 1881 est
1904 1826 2100 1880 malum
2127 1824 2469 1887 Judaeorum,
2510 1822 2651 1891 quod
2685 1821 2880 1874 Paulus
2905 1820 3221 1875 dimiserat?
3251 1819 3368 1873 Uti-

1789 1932 1895 1987 que
1934 1915 2064 1970 illud
2096 1914 2237 1983 quod
2267 1917 2550 1982 sequitur:
2585 1910 2727 1981 quod
2756 1910 3046 1980 ignorantes
3093 1907 3189 1961 Dei
3208 1908 3370 1978 justi-

1792 2010 1911 2063 tiam
1932 2048 1948 2073 ,
1979 2017 2026 2060 et
2069 2022 2215 2060 suam
2255 2005 2472 2058 nolentes
2516 2003 2848 2065 constituere,
2872 2002 3088 2070 justitiw
3135 1998 3233 2053 Dei
3270 2015 3374 2053 non

1791 2111 1905 2154 sunt
1930 2098 2141 2166 subjecti
2173 2094 2344 2168 (Rom.
2376 2094 2462 2149 10.
2497 2093 2574 2163 3).
2612 2110 2632 2144 ι
2674 2092 2875 2146 Deinde
2912 2090 3053 2160 quod
3097 2099 3219 2159 post
3246 2105 3375 2159 pas-

1792 2189 1997 2242 sionem
2019 2196 2070 2240 et
2093 2186 2539 2239 resurrectionem
2565 2182 2782 2244 Christi,
2805 2181 2931 2235 dato
2951 2195 3014 2235 ac
3032 2181 3374 2235 manifestato

1794 2286 2133 2334 sacramento
2159 2275 2345 2346 gratiae
2370 2274 2664 2329 secundum
2688 2273 2932 2327 ordinem
2956 2271 3371 2334 Melchisedech,

1794 2368 1968 2422 adlmc
2004 2365 2259 2435 putabant
2293 2373 2473 2418 vetera
2502 2370 2869 2427 sacramenta,
2903 2376 3008 2416 non
3037 2377 3105 2417 ex
3141 2376 3375 2416 consue-

1799 2456 1980 2510 tudine
2007 2453 2390 2513 solemnitatis,
2437 2451 2533 2505 sed
2572 2466 2641 2505 ex
2668 2450 2988 2504 necessitate
3030 2449 3217 2504 salutis
3257 2463 3377 2505 esse

1797 2543 2153 2601 celebranda:
2185 2558 2303 2611 qua:
2336 2548 2512 2594 tamen
2552 2540 2597 2592 si
2630 2554 2903 2609 nunquam
2935 2539 3162 2593 l'uissent
3186 2553 3378 2593 neces-

1797 2636 1936 2689 saria
1960 2673 1976 2699 ,
2010 2632 2340 2687 infructuose
2375 2639 2535 2699 atque
2574 2629 2810 2684 inaniter
2846 2644 2940 2699 pro
2967 2629 3046 2683 eis
3088 2628 3376 2684 Machabaei

1798 2736 2064 2797 martyres
2091 2724 2301 2778 ﬁerent.
2333 2741 2352 2774 ι
2385 2721 2665 2775 Postremo
2686 2719 2815 2774 illud
2834 2719 2977 2789 quod
3002 2719 3379 2790 przedicatorcs

1798 2819 1983 2889 gratia:
2002 2817 2335 2873 Christianos
2358 2814 2549 2877 Judaei,
2581 2823 2830 2881 tanquam
2872 2812 3055 2867 hostes
3078 2812 3232 2881 Legis
3254 2826 3379 2878 per-

1800 2921 2152 2981 sequerentur
2179 2907 2270 2980 [aL
2304 2902 2767 2977 persequebantur].
2805 2920 2823 2953 ι
2856 2902 2965 2956 Hos
3001 2912 3159 2970 atque
3189 2900 3377 2969 hujus-

1803 3002 1944 3057 modi
1970 3014 2182 3056 errores
2209 3010 2260 3053 et
2283 2999 2408 3051 vitia
2434 2997 2565 3050 dicit
2585 3009 2643 3049 se
2666 2993 2741 3064 (h)
2768 2993 2960 3047 damna
2982 3001 3035 3045 ct
3059 2998 3118 3044 ut
3138 3000 3379 3045 δια-(ξυνα

1803 3092 2138 3155 arbitratum,
2171 3099 2226 3143 ut
2248 3088 2518 3142 Christqu
2547 3084 2912 3139 lucrifacere“
2946 3080 3113 3152 (Phil.
3140 3082 3195 3136 5.
3225 3081 3307 3150 8).

1877 3182 1964 3237 16.
1995 3181 2291 3237 Didicimus
2321 3194 2415 3249 per
2441 3187 2512 3242 te,
2542 3190 2661 3246 qua:
2690 3174 2980 3243 Apostolus
3011 3172 3206 3227 Paulus
3242 3172 3380 3226 mala

1807 3259 2084 3341 reliquerit
2113 3268 2417 3324 ludo-orum
2449 3283 2463 3320 :
2495 3280 2706 3320 rursum
2736 3275 2790 3318 te
2815 3262 3042 3317 docente
3077 3261 3343 3316 discamus
3362 3301 3380 3328 ,

1808 3378 1926 3431 qua:
1958 3363 2094 3415 bona
2127 3373 2312 3415 eorum
2358 3356 2610 3411 tenuerit.
2658 3353 3107 3425 (Observationes,
3140 3352 3381 3421 inquies,

1813 3451 1982 3523 Legis,
2010 3467 2134 3521 quas
2159 3465 2298 3502 more
2318 3449 2486 3517 patria
2507 3444 2760 3499 celebrant
2787 3459 2808 3497 :
2835 3444 2966 3497 sicut
2991 3443 3053 3496 ab
3074 3444 3185 3511 ipso
3216 3440 3386 3495 Paulo

1812 3544 2078 3599 celebrata:
2149 3541 2311 3613 750
2381 3547 2516 3602 sunt,
2539 3538 2649 3591 sine
2662 3536 2769 3589 ulla
2785 3534 2967 3588 salutis
2986 3531 3386 3603 necessitate.)ltl

1813 3632 1937 3703 quid
1953 3633 2084 3687 velis
2101 3632 2299 3693 dicere,
2316 3629 2433 3683 sine
2451 3628 2553 3680 ulla
2571 3626 2757 3679 salutis
2774 3624 3114 3689 necessitate,
3138 3638 3242 3676 non
3257 3623 3389 3677 satis

1816 3724 2078 3791 intelligo.
2111 3721 2166 3775 Si
2205 3719 2347 3773 enim
2376 3718 2602 3772 salutem
2642 3731 2747 3769 non
2790 3712 3053 3775 aﬂeruut,
3082 3728 3178 3766 cur
3202 3713 3391 3765 obser-

1819 3813 2045 3868 vantur?
2083 3811 2139 3865 Si
2181 3818 2357 3862 autem
2411 3804 2740 3861 observanda
2769 3813 2920 3864 sunt,
2954 3802 3135 3869 utique
3164 3801 3391 3854 salutem

1818 3905 2048 3960 all‘erunt
2074 3918 2088 3956 :
2121 3900 2349 3955 maxime
2386 3913 2509 3965 qua:
2535 3896 2847 3955 observata,
2876 3899 3140 3959 martyres
3171 3888 3391 3942 faciunt.

1820 3996 1934 4051 Non
1961 3993 2104 4048 enim
2133 3989 2564 4049 observarentur,
2603 3982 2705 4037 nisi
2730 3980 2984 4036 alferrent
3007 3979 3254 4034 salutem.
3284 3977 3393 4032 Ne-

1821 4101 1924 4159 que
1963 4084 2105 4140 enim
2136 4077 2489 4134 indill‘erentia
2516 4081 2643 4129 sunt
2676 4074 2818 4127 inter
2847 4071 3043 4125 bonum
3074 4077 3129 4123 et
3157 4069 3350 4122 malum
3376 4110 3395 4135 ,

1824 4178 1963 4233 sicut
1989 4168 2300 4239 Philosophi
2340 4165 2633 4235 disputant.
2675 4163 2878 4217 Bonum
2919 4171 3001 4215 est
3039 4159 3398 4224 continentia,

1828 4269 2028 4325 malum
2056 4273 2139 4321 est
2166 4261 2395 4317 luxuria.
2426 4258 2571 4312 Inter
2599 4265 2882 4324 utrumque
2911 4250 3218 4307 indill'ercns
3237 4292 3251 4317 ,
3282 4266 3400 4304 am-

1830 4358 2044 4420 bulare,
2089 4354 2149 4424 (i)
2192 4353 2436 4421 digerere
2481 4348 2585 4402 alvi
2631 4355 2899 4408 stercora,
2947 4342 3138 4413 capitis
3185 4342 3403 4396 naribus

1833 4454 2179 4515 purgamenta
2210 4441 2507 4511 projicere,
2551 4437 2720 4506 sputis
2747 4434 3027 4489 rheumata
3048 4433 3247 4501 jacere.
3292 4431 3405 4485 [loc

1835 4552 1933 4591 nec
1961 4537 2186 4597 bonum,
2217 4548 2316 4587 nec
2343 4533 2540 4586 malum
2576 4539 2660 4583 cst
2685 4546 2698 4581 :
2731 4529 2843 4582 sive
2870 4529 3011 4582 enim
3039 4525 3227 4579 feceris
3247 4565 3260 4585 ,
3293 4525 3407 4579 sive

1839 4641 1944 4680 non
1969 4624 2193 4687 feceris,
2236 4622 2614 4690 necjustitiam
2649 4618 2901 4681 habebis,
2932 4631 3031 4669 nec
3073 4612 3405 4682 injustitiam.

1838 4718 2136 4774 Observare
2164 4723 2340 4769 autem
2367 4712 2523 4783 Legis
2548 4710 2925 4773 caeremonias,
2955 4723 3061 4761 non
3089 4714 3260 4774 potest
3285 4719 3407 4759 esse

1840 4806 2189 4862 indill'erens:
2222 4803 2314 4858 sed
2345 4813 2436 4856 aut
2463 4803 2657 4856 bonum
2699 4808 2810 4863 est,
2854 4808 2943 4851 aut
2969 4796 3161 4850 malum
3198 4803 3299 4848 cst.
3331 4794 3413 4848 Tu

1843 4898 1978 4951 dicis
2004 4897 2201 4950 bonum
2222 4934 2237 4956 ,
2268 4908 2368 4961 ego
2393 4908 2576 4946 assero
2605 4890 2803 4944 malum
2837 4906 2851 4943 :
2881 4898 2932 4941 et
2960 4885 3151 4940 malum
3193 4900 3296 4939 non
3328 4899 3417 4937 so—

1844 4988 1954 5041 lum
1992 4986 2073 5039 his
2112 4983 2200 5052 qni
2235 4996 2300 5036 ex
2342 4980 2618 5050 gentibus;
2649 4979 2743 5034 sed
2783 4988 2839 5033 et
2867 4978 2951 5032 his
2974 4977 3061 5047 qui
3087 4991 3156 5029 ex
3196 4975 3420 5029 .lndaico

1910 5115 1976 5236 ξω
2006 5112 2316 5185 Benedictin.
2345 5122 2428 5180 λη.
2447 5124 2525 5171 ne,
2552 5118 2648 5160 etc.
2684 5111 2808 5160 forte
2841 5110 3199 5174 typotlietarum
3220 5108 3417 5157 mendo.

1934 5176 1985 5236 g)
2019 5173 2173 5221 ltdem
2194 5183 2289 5219 non
2310 5177 2528 5231 sentitur,
2553 5170 2613 5219 ab
2632 5171 2889 5236 imperitis,
2914 5170 3069 5221 minus
3091 5169 3417 5236 reprehendit,

2019 5173 2173 5221 lidem
2194 5183 2289 5219 non
2310 5169 2528 5231 sentitur,
2553 5170 2613 5219 ab
2632 5169 3069 5232 imperitis',‘miuus
3091 5169 3419 5233 reprehendit,

1934 5250 1957 5284 u
1983 5246 2079 5284 cas.
2107 5240 2204 5281 etc.
2231 5238 2332 5278 tum
2371 5238 2469 5279 Hoc
2492 5243 2608 5284 ergo
2627 5231 2928 5284 Juda’orum,
2953 5240 3052 5279 etc.
3078 5244 3105 5278 a
3123 5243 3327 5284 quorum
3347 5230 3419 5277 le—

1848 5230 2079 5300 meum,
2107 5240 2204 5300 etc.
2231 5238 2332 5278 tum
2371 5230 2608 5300 undergo
2627 5230 2928 5300 Juda’orum,
2953 5240 3052 5279 etc.
3078 5244 3105 5300 ξι
3123 5230 3327 5300 quorum
3347 5230 3423 5300 le:

1851 5298 2013 5347 ctione
2038 5289 2132 5342 nec
2154 5291 2451 5352 Veronensis
2472 5289 2599 5339 liber
2640 5292 2810 5352 variat,
2834 5289 2927 5338 nisi
2965 5291 3093 5352 quod
3116 5289 3426 5352 reprehendi-

1853 5365 1951 5413 tur,
1978 5356 2082 5404 loco
2104 5349 2429 5411 reprehendit,
2453 5354 2633 5413 rectius
2656 5350 2794 5413 legit.

1917 5408 2330 5478 (h)__Martiana:us
2350 5423 2458 5478 cum
2482 5408 2735 5478 plerisque
2758 5409 2863 5457 aliis
2885 5408 3048 5478 editi;
3072 5410 3249 5478 quibus
3270 5410 3429 5478 Verq-

1853 5470 2085 5527 neths.
2111 5473 2368 5527 concinuit,
2392 5470 2510 5520 dicit
2531 5483 2582 5520 se
2620 5470 2870 5528 damnare,
2894 5474 2939 5517 et
2984 5476 3033 5518 ut
3054 5477 3265 5518 stercora
3300 5470 3431 5520 arbi-

1855 5543 2025 5590 tratur.
2051 5534 2174 5581 Vide
2198 5530 2250 5593 Et
2271 5532 2456 5593 istolam
2480 5532 2557 5580 67.
2584 5543 2717 5579 nutu.
2739 5529 2787 5593 Q.
2812 5535 2911 5577 not.
2935 5541 2979 5577 e.

1921 5597 1980 5668 (i)
2013 5588 2469 5668 Yiclol'jllSJlnftluii.
2503 5589 2986 5668 egererenveronen.
3155 5588 3288 5637 addit
3351 5601 3431 5641 reo

1860 5651 1975 5712 stirt'
2003 5670 2019 5709 :
2046 5658 2096 5706 in
2117 5654 2320 5714 reliquis
2343 5651 2591 5714 impressae
2614 5651 2812 5701 lectioni
2834 5652 3094 5701 consentit.
