4026 6186
170 382 323 440 unde
364 383 740 454 colloquimur,
783 385 901 440 sive
940 384 1162 439 arduum
1192 394 1350 457 atque
1378 385 1622 452 difficile,
1653 376 1760 465 hoc

174 474 357 543 ipsum
388 475 577 538 edoce,
609 476 835 530 obsecro
865 484 937 540 te,
970 492 1203 546 quonam
1246 477 1406 531 modo
1435 478 1649 547 assequi
1674 493 1765 532 va-

128 584 133 591 ·
172 564 389 620 leamus
421 584 436 619 :
468 574 522 619 ut
546 580 667 621 cum
700 565 837 621 forte
864 566 1066 635 aliquid
1093 582 1190 621 nos
1219 576 1417 631 movet,
1474 553 1617 638 quad
1670 585 1768 624 no-

172 654 281 721 bis,
326 663 387 711 et.
427 656 472 710 si
520 671 625 709 non
672 658 884 710 cautius
923 657 1350 720 attendeutibus,
1383 663 1530 713 certe
1560 658 1766 713 tardius

171 744 603 815 lntelligentibus
633 761 738 801 non
769 746 1051 816 probatum
1079 757 1164 802 est
1207 763 1224 801 :
1266 747 1473 818 etquid
1498 747 1654 802 nobis
1682 747 1763 802 vi-

170 832 371 891 deatur
406 826 601 892 contra
645 847 905 893 conamur
947 842 1210 905 asserere,
1257 840 1303 894 si
1348 839 1450 894 hoc
1485 841 1763 911 aliquanto

166 928 454 983 securiore
497 927 747 985 libertate
776 930 1038 995 dicamus,
1074 945 1181 984 non
1208 920 1510 985 incidamus
1552 932 1603 985 in
1639 947 1762 986 sus-

169 1017 448 1086 picionem
486 1015 708 1091 puerilis
728 1006 1022 1089 ja‘ctantia‘,
1052 1021 1207 1090 quasi
1240 1016 1425 1076 nostro
1455 1023 1657 1077 nomini
1687 1024 1764 1077 fa-

166 1126 339 1175 mam,
375 1112 524 1166 viros
556 1112 793 1166 illustres
819 1113 1121 1167 accusando
1151 1128 1473 1183 queramus.
1504 1113 1558 1169 Si
1584 1125 1761 1168 autem

163 1184 374 1269 aliquid
416 1216 671 1269 asperum
716 1194 998 1257 refellendi
1039 1203 1361 1257 necessitate
1384 1203 1760 1273 depromptum

161 1291 354 1356 fuerit,
407 1306 516 1362 quo
553 1292 834 1347 tolerabile
874 1285 985 1357 fiat,
1032 1293 1236 1349 leniore
1272 1284 1761 1349 eircttmfundamus

159 1379 407 1449 eloquio,
464 1396 532 1436 ne
577 1381 652 1452 (a)
696 1384 849 1436 litum
899 1384 1058 1437 melle
1097 1384 1331 1453 gladium
1380 1386 1646 1455 stringere
1676 1385 1759 1439 vi-

160 1466 397 1524 deamur
443 1469 540 1542 [aL
577 1466 914 1545 judireutur].
961 1474 1074 1528 Nisi
1108 1476 1244 1531 forte
1288 1460 1380 1532 ille
1420 1477 1611 1531 modus
1653 1461 1757 1544 est,

161 1574 269 1627 quo
302 1569 597 1629 utrumque
641 1562 745 1615 hoc
772 1562 981 1628 vitium,
1015 1564 1100 1618 vel
1132 1566 1244 1619 vitii
1281 1567 1642 1635 suspicionem
1669 1582 1760 1621 ea.

160 1637 412 1714 veamus,
464 1651 510 1704 si
548 1654 673 1704 cum
719 1651 963 1707 doetiore
1008 1648 1185 1707 amico
1211 1655 1289 1708 sic
1315 1654 1671 1724 disputemus.
1700 1668 1758 1709 ut

160 1740 426 1810 quidquid
442 1741 659 1808 dixerit,
682 1732 905 1798 necesse
922 1744 991 1798 sit
1006 1736 1337 1814 apprObare;
1364 1761 1463 1800 nec
1482 1748 1757 1816 quterendi

158 1819 353 1885 saltem
385 1844 576 1897 causa,
610 1831 770 1886 liceat
798 1833 1186 1903 aliquantulum
1219 1835 1487 1890 reluctari.
1518 1827 1538 1888 ἰ
1720 1828 1740 1846 ⁸

229 1920 288 1976 3.
319 1938 339 1972 ι
367 1914 510 1975 Tum
540 1917 669 1975 vero
687 1917 804 1976 sine
822 1918 935 1975 ullo
955 1906 1149 1977 timore
1166 1917 1477 1978 offensionis
1500 1924 1753 1994 tauquam

158 2008 212 2085 in
242 2024 442 2080 campo
486 2009 719 2076 luditur;
750 2011 846 2065 sed
876 2011 1071 2065 mirum
1102 2013 1145 2065 si
1177 2013 1332 2067 nobis
1359 2030 1462 2067 non
1490 2014 1748 2069 illuditnr.

158 2087 275 2170 Ego
304 2103 455 2156 enim
502 2099 676 2155 fateor
712 2093 921 2156 caritati
970 2090 1073 2157 tua:
1099 2103 1231 2158 solis
1253 2103 1333 2158 eis
1357 2102 1750 2173 Scripturarum

156 2184 331 2258 libris,
362 2191 457 2261 qui
483 2190 594 2260 jam
623 2190 880 2246 Canonici
907 2192 1265 2261 appellantur,
1307 2193 1467 2247 didici
1499 2196 1639 2248 hunc
1682 2195 1752 2248 ti-

154 2272 367 2336 lno'rem
393 2272 763 2351 honoremque
785 2280 1017 2348 deferre,
1044 2286 1100 2336 ut
1123 2284 1325 2336 nullum
1351 2299 1538 2337 eorum
1566 2283 1752 2338 auclo-

154 2389 270 2426 rem
304 2372 603 2427 scribendo
627 2372 824 2440 aliquid
855 2364 1066 2427 errasse
1093 2358 1395 2425 firmissime
1416 2362 1652 2425 credam.
1681 2372 1751 2426 Αι

153 2463 196 2517 si
247 2460 455 2531 aliquid
484 2461 535 2513 in
564 2456 642 2515 eis
669 2456 945 2515 ell'endero
1019 2460 1180 2531 763
1255 2460 1469 2525 litteris,
1499 2462 1639 2530 qund
1669 2464 1715 2515 vi

153 2554 343 2610 deatur
370 2554 707 2608 contrarium
732 2553 965 2616 veritati,
996 2553 1126 2606 nihil
1152 2553 1297 2606 aliud
1321 2569 1478 2622 quam
1504 2550 1583 2635 vel
1608 2552 1748 2608 men-

154 2644 342 2698 dosum
372 2659 500 2699 esse
525 2644 790 2710 codicem,
824 2644 907 2698 vel
938 2638 1284 2713 interpretem
1313 2660 1417 2697 nou
1445 2632 1744 2698 assecutum

153 2750 276 2789 esse
320 2735 470 2805 quod
525 2730 725 2789 dictum
755 2744 863 2800 est,
904 2735 985 2788 vel
1023 2749 1112 2789 me
1139 2735 1361 2788 minime
1388 2732 1742 2800 intellexisse,

155 2834 257 2877 non
290 2818 585 2894 ambigam.
632 2824 783 2878 Alios
820 2834 997 2877 autem
1039 2824 1111 2877 ita
1152 2823 1293 2892 lego,
1337 2834 1392 2877 ut
1417 2825 1746 2894 quantalibet

154 2904 441 2969 sanctitate
473 2904 824 2982 decirinaque
856 2913 1228 2983 prtepolleant,
1261 2919 1368 2968 non
1398 2914 1519 2968 ideo
1559 2908 1741 2967 verum

154 3017 357 3074 putem,
387 3007 517 3076 quia
546 3006 643 3075 ipsi
670 3007 741 3059 ita
766 3016 1087 3070 senserunt;
1118 3005 1212 3059 sed
1239 3006 1360 3074 quia
1388 3006 1517 3058 mihi
1543 3000 1622 3058 vel
1648 3020 1743 3074 per

154 3092 273 3152 illos
303 3096 559 3153 auctores
584 3097 907 3161 Canonicos,
942 3096 1025 3151 vel
1054 3088 1311 3165 probabili
1344 3098 1569 3160 ratione,
1597 3096 1738 3165 quod

153 3202 181 3240 a
212 3204 342 3242 vero
370 3203 483 3242 non
514 3185 822 3249 abhorreat,
853 3186 1177 3255 persuadere
1200 3191 1507 3256 potuerunt.
1534 3185 1643 3241 Nec
1667 3198 1737 3251 te,

154 3274 225 3332 tui
260 3280 451 3344 frater,
500 3277 699 3331 sentire
734 3277 807 3349 (ὁ)
849 3263 1047 3344 aliqiiid
1086 3270 1241 3330 aliter
1267 3277 1513 3331 existimo
1544 3293 1557 3330 :
1586 3275 1735 3345 p'ror-

152 3354 266 3431 sus,
313 3369 554 3437 inquam,
604 3369 708 3421 non
757 3377 806 3421 te
850 3368 1103 3435 arbitror,
1149 3368 1229 3422 sic
1268 3364 1368 3435 legi
1422 3378 1538 3421 tuos
1578 3363 1740 3424 libros

153 3459 320 3524 velle,
375 3466 628 3526 tauquam
676 3454 1062 3526 Prup’hehrdm
1103 3467 1157 3511 et
1187 3455 1279 3528 [ιιι.
1314 3456 1409 3529 vel]
1453 3455 1737 3523 Aio'stolo-

153 3544 269 3602 rum
299 3566 313 3602 :
344 3548 413 3603 de
443 3562 671 3618 quorum
703 3549 918 3616 scriptis
964 3548 1104 3615 quod
1132 3549 1277 3602 omni
1310 3542 1494 3603 errore
1522 3544 1740 3605 eat-eaut

155 3632 401 3693 dubitare
448 3637 707 3691 nefarium
754 3639 856 3692 est.
907 3628 1058 3691 Absit
1102 3636 1203 3692 hoc
1240 3654 1269 3690 a
1300 3639 1383 3708 p'ia
1417 3639 1734 3705 humilitate,

154 3718 224 3801 (ε)
249 3743 302 3785 et
329 3725 509 3786 veraci
541 3731 608 3785 de
640 3726 921 3798 temetipso
950 3730 1294 3799 cogitatione,
1324 3722 1429 3801 qiia
1458 3733 1556 3785 nisi
1590 3732 1737 3788 esses

154 3808 429 3888 praxditus,
464 3835 571 3873 non
621 3820 799 3888 ulique
844 3818 1086 3885 diceres,
1134 3818 1358 3891 (utinam
1406 3808 1738 3876 mererentur

155 3908 467 3981 complexus
498 3923 637 3974 tuos,
666 3922 718 3964 et
743 3913 1031 3964 collatione
1069 3912 1251 3965 mttttia
1291 3912 1375 3966 vel
1419 3914 1737 3966 duceremus

153 4001 342 4071 aliqua,
378 4004 464 4057 vel
497 4000 872 4067 disceremus).
913 4015 933 4051 ι
1672 4013 1702 4032 δ

219 4094 273 4147 4.
300 4111 319 4144 ι
348 4091 504 4157 Quod
527 4093 569 4144 si
592 4088 817 4159 teipsqu
840 4080 1271 4145 consideratione
1299 4091 1419 4144 vita:
1444 4106 1505 4145 ac
1526 4084 1734 4147 diorum

154 4188 389 4247 tuorum,
432 4196 541 4235 non
574 4181 843 4245 simulate,
884 4195 986 4233 nec
1015 4179 1277 4233 fallaciter
1300 4180 1500 4234 dixisse
1524 4182 1684 4235 credo
1718 4198 1732 4236 :

155 4260 349 4342 quanto
370 4272 541 4342 magis
562 4268 773 4341 a'qtiu'm
800 4281 881 4325 est
912 4278 999 4324 me
1027 4268 1249 4325 credere
1275 4271 1584 4339 Apustuhnn
1612 4274 1737 4327 Pati-

155 4362 256 4416 lum
303 4379 410 4417 non
461 4361 605 4416 aliud
651 4354 889 4417 sensisse
928 4377 1089 4431 quam
1131 4356 1427 4429 scripserit,
1458 4365 1542 4416 ubi
1573 4365 1646 4417 ait
1669 4365 1736 4419 de

156 4446 310 4507 Petro
340 4463 394 4508 et
421 4446 666 4508 Barnaba
709 4467 723 4504 :
753 4451 877 4505 Cum
904 4453 1120 4505 riderent
1146 4453 1266 4522 quia
1295 4470 1395 4507 non
1424 4450 1735 4525 νει-ιείηῄιτ-

157 4536 360 4597 diuntnr
404 4542 499 4617 [aL
532 4530 961 4613 ingrediebantur,
991 4532 1037 4598 et
1059 4541 1430 4617 ingrediantur]
1459 4547 1527 4598 ad
1554 4546 1734 4601 verita-

155 4645 248 4688 tem
287 4635 575 4708 Evangelii,
605 4636 713 4691 dixi
740 4628 894 4690 Petro
920 4653 1091 4689 coram
1122 4638 1352 4690 omnibus
1390 4653 1407 4691 :
1441 4638 1485 4691 si
1526 4647 1579 4691 tu
1618 4632 1733 4693 etim

154 4718 220 4778 sis
263 4727 499 4793 ludens,
532 4728 785 4799 gentiliter
810 4737 855 4781 ct
878 4728 1087 4797 judaice
1116 4716 1257 4789 vicis,
1285 4729 1533 4797 quomodo
1562 4738 1732 4799 gentes

155 4818 289 4885 cogis
327 4820 601 4889 judaisarc
636 4818 831 4890 (Galat.
876 4818 931 4871 2.
980 4818 1114 4887 i4)?
1151 4821 1225 4874 De
1253 4836 1357 4889 quo
1387 4822 1525 4875 enim
1555 4830 1731 4877 certus

155 4906 276 4969 sim,
324 4910 465 4977 quod
508 4928 592 4966 me
632 4910 917 4965 scribendo
956 4911 1039 4966 vel
1069 4911 1333 4981 loquendo
1363 4906 1466 4967 noti
1500 4914 1661 4978 fallat,
1686 4909 1729 4967 si

158 4983 380 5052 fallebat
418 4996 702 5069 Apostolus
732 5002 871 5056 lilios
899 4988 1047 5066 sitos,
1079 4996 1214 5070 quos
1243 4998 1435 5056 iterum
1465 4996 1728 5071 parturie-

159 5084 263 5151 bat,
310 5087 481 5145 donec
526 5091 577 5143 in
624 5092 703 5145 eis
726 5091 993 5158 Christus,
1026 5092 1078 5145 id
1107 5101 1210 5157 est,
1244 5094 1440 5147 veritas
1470 5093 1728 5147 formare—

163 5180 261 5230 tur.
307 5179 507 5246 Quibus
549 5196 670 5236 cum
720 5182 1086 5251 praemisisset,
1136 5178 1319 5237 dicetis
1365 5181 1540 5247 :Qitd:
1563 5183 1731 5236 autem

161 5262 320 5322 scribo
363 5271 519 5340 rbbis,
555 5288 667 5326 ecce
702 5268 870 5326 rorant
901 5260 1033 5340 Deo,
1075 5274 1193 5341 quia
1220 5288 1319 5327 non
1346 5273 1557 5326 mentior
1582 5271 1726 5342 (Gal.

327 5464 439 5515 Mss.
462 5468 537 5541 it).
560 5467 685 5541 apud
708 5468 1061 5538 Benedictmus
1081 5482 1139 5539 ne
1160 5468 1394 5540 particula
1417 5476 1603 5521 carent.

234 5581 242 5587 ι
326 5525 646 5587 Benedictnu,
671 5538 848 5587 sentire
871 5528 1004 5578 aliud
1027 5537 1264 5580 existmto.

230 5525 290 5587 Ib)
327 5525 646 5589 Benedictiui,
671 5538 848 5579 sentire
871 5528 1004 5578 aliud
1027 5525 1264 5580 existimo.

230 5581 287 5643 [ci
325 5586 565 5639 Victorius
600 5603 663 5640 ex
703 5582 923 5639 Mediceo
958 5590 1163 5643 (modum
1208 5592 1264 5641 ali

164 5582 287 5689 {uale}
325 5586 565 5639 Victorius
600 5582 663 5640 ex
703 5582 923 5639 Mediceo
958 5590 1163 5652 quodam
1208 5592 1414 5655 aliisque
1449 5591 1564 5643 Mss.
1599 5590 1730 5640 addit

1520 238 1845 326 'Ertsrom
1884 256 2068 329 cxvi.

1876 388 1928 443 1.
1946 387 2060 459 20),
2090 403 2195 475 non
2222 384 2399 448 tamen
2428 396 2687 451 veraciter
2710 385 3113 466 scribebat,sed
3140 390 3321 461 nescio
3346 420 3450 479 qua

1870 477 2256 563 dispensatoria
2281 483 2622 541 simulatione
2649 486 2883 555 fallebat,
2913 492 3108 548 vidisse
3132 508 3190 551 se
3232 477 3448 555 Petrum

1869 578 1923 625 et
1964 571 2261 628 Barnabam
2311 590 2419 630 non
2470 588 2617 633 recte
2645 578 2710 632 ad
2744 579 3021 650 Evangelii
3056 587 3329 643 veritatem
3360 591 3446 645 in-

1867 662 2189 730 gredientes,
2213 660 2276 721 ac
2296 664 2457 722 Petro
2483 667 2536 723 in
2563 670 2752 725 faciem
2777 674 3061 739 restitisse,
3086 674 3189 732 non
3213 680 3280 734 ob
3301 680 3449 739 aliud

1868 751 1971 806 nisi
2001 754 2139 822 quod
2165 764 2350 825 gentes
2379 768 2595 828 cogeret
2618 760 2910 829 judaizare.
2962 782 2981 816 ι

1938 840 1992 895 5.
2033 844 2104 896 At
2139 845 2280 898 enim
2312 847 2481 901 satius
2519 858 2601 903 est
2629 850 2851 906 credere
2876 854 3190 922 Apostolum
3220 856 3446 917 Paulum

1866 920 2060 999 aliquid
2088 937 2191 987 non
2223 933 2302 1005 (Δ)
2336 951 2462 1011 vere
2489 939 2790 1008 scripsisse,
2815 920 2972 1011 quam
3002 945 3314 1012 Apostolum
3340 946 3445 1006 Pe”-

1868 1027 2004 1072 trum
2034 1020 2139 1075 non
2172 1035 2317 1079 recte
2342 1026 2541 1097 aliquid
2569 1026 2761 1099 egisse.
2785 1030 2895 1086 [loc
2917 1034 2959 1086 si
2985 1033 3053 1087 ita
3077 1046 3179 1102 est,
3205 1037 3449 1097 dicamus

1866 1104 2028 1178 (qttud
2058 1110 2217 1182 absit)
2244 1102 2410 1168 satius
2437 1124 2558 1172 esse
2584 1106 2802 1174 credere
2830 1112 3039 1176 mentiri
3073 1124 3445 1197 Evangelium,

1865 1212 2019 1264 quam
2070 1212 2316 1270 iugatum
2362 1219 2483 1259 esse
2527 1221 2556 1259 a
2603 1207 2760 1262 νου-ο
2788 1209 3058 1265 Clni~tann
3104 1224 3202 1268 :et
3234 1220 3449 1273 mentiri

1864 1284 2164 1371 Regnorttttt
2183 1292 2393 1359 librum,
2416 1310 2572 1363 quam
2594 1298 2796 1352 tantum
2821 1300 3140 1371 Propltetam
3164 1321 3193 1360 a
3220 1308 3448 1364 Domino

1865 1368 1974 1467 Deo
1998 1388 2101 1431 tam
2131 1376 2458 1439 excellenter
2482 1380 2732 1454 electum,
2762 1388 2831 1462 (e)
2860 1368 2990 1446 etin
3016 1399 3444 1466 concupiscenda

1861 1464 2020 1537 atque
2064 1465 2375 1527 abducenda
2428 1472 2599 1531 uiorc
2640 1481 2815 1534 aliena
2856 1464 3204 1543 commisisse
3236 1481 3443 1547 adulte-

1860 1558 2023 1623 rium,
2052 1569 2106 1613 et
2148 1562 2199 1614 in
2250 1564 2443 1618 marito
2495 1567 2613 1635 ejus
2667 1572 2929 1640 necando,
2957 1583 3064 1630 tam
3111 1574 3440 1636 hurrcnduni

1859 1650 2021 1721 764,
2092 1649 2455 1709 liouiieidium.
2503 1648 2614 1713 lmo
2655 1678 2782 1716 vero
2824 1676 3063 1722 sanctam
3108 1660 3438 1741 Scripturani

1858 1739 1911 1790 in
1934 1756 2160 1805 summo,
2189 1752 2243 1796 et
2268 1745 2419 1798 cmle
2440 1742 2478 1799 ti
2504 1742 2837 1806 auctoritatis
2852 1756 3084 1812 culmine
3104 1739 3441 1827 collocatam,

1857 1823 1925 1882 de
1971 1826 2194 1886 veritate
2242 1830 2361 1917 ejus
2411 1840 2591 1892 Certus
2619 1856 2680 1893 ac
2708 1856 2931 1897 securus
2962 1846 3131 1915 legam
3165 1865 3177 1900 :
3211 1860 3266 1904 et
3296 1852 3346 1905 in
3377 1852 3441 1909 ea

1858 1915 2103 1999 homines
2132 1917 2220 1974 vel
2251 1915 2597 1993 approbatos,
2633 1927 2716 1983 vel
2747 1926 3080 1999 emendatus,
3118 1921 3201 1992 vel
3231 1932 3424 1997 damna

1857 2017 1937 2060 tus
1969 1998 2229 2064 veraciter
2258 2012 2483 2081 discam,
2516 2016 2693 2084 potius
2722 2035 2902 2087 quam,
2934 2022 3013 2094 (ι’)
3044 2012 3177 2080 facta
3210 2022 3442 2091 humana

1856 2095 1981 2150 dum
2028 2100 2079 2152 in
2125 2094 2443 2170 quibusdam
2492 2107 2769 2163 laudabilis
2812 2107 3143 2170 excellentia:
3198 2112 3442 2188 personis

1855 2189 2140 2278 aliquando
2168 2190 2391 2249 Credere
2424 2188 2582 2251 timeo
2612 2190 3081 2272 reprehendenda,
3115 2206 3234 2278 ipsa
3261 2209 3439 2266 divina

1852 2276 2061 2348 elnq:tia
2089 2283 2216 2336 mihi
2249 2286 2356 2338 sint
2387 2286 2583 2356 ubique
2611 2301 2880 2357 suspecta.

1924 2373 1977 2422 ti.
2024 2363 2350 2429 illlauichtei
2384 2369 2611 2446 plurima
2660 2368 2961 2439 divinarum
3016 2362 3437 2460 Scripturarum,

1852 2454 2040 2529 qiiibus
2068 2481 2251 2519 eurum
2283 2467 2521 2524 nefarius
2546 2468 2697 2527 error
2722 2470 3016 2534 clarissima
3042 2474 3436 2541 sententiarutii

1852 2550 2231 2629 perspicuitate
2261 2560 2619 2627 convincitur,
2651 2565 2774 2632 quia
2807 2566 2858 2621 in
2893 2570 3056 2625 alium
3090 2588 3305 2629 sensum
3337 2577 3439 2633 de-

1852 2649 2102 2724 torquere
2132 2646 2241 2698 non
2271 2661 2515 2717 possunt,
2550 2651 2678 2706 falsa
2711 2669 2832 2711 esse
2858 2662 3186 2719 contendunt
3215 2680 3231 2720 :
3263 2666 3333 2721 ita
3360 2642 3440 2722 ta-

1852 2746 1974 2785 men
2006 2743 2061 2785 ut
2091 2727 2335 2789 eamdem
2366 2738 2649 2795 falsitatem
2680 2760 2783 2798 non
2814 2748 3181 2808 scribentibus
3204 2754 3439 2824 Apusto;

1848 2819 1912 2889 lis
1932 2822 2184 2889 tribuant,
2209 2826 2301 2879 sed
2322 2827 2504 2881 nescio
2525 2830 2718 2901 quibus
2739 2836 2981 2891 codicum
3004 2819 3434 2912 corrUpto-ribus;

1846 2912 1997 2976 (ῥυυύ
2045 2914 2225 2969 tameii
2269 2918 2541 2999 quianec
2590 2916 2832 2990 pluribus
2874 2928 2990 2984 sive
3038 2934 3436 3003 antiquioribus

1846 3004 2283 3072 exenqilaribus,
2339 3006 2439 3062 nec
2495 3010 2848 3078 pra-cedentis
2876 3016 3069 3088 linguae
3110 3019 3431 3086 auctoritate

1850 3090 2011 3162 (unde
2030 3093 2375 3181 Lttlllli'libl‘l.
2395 3090 2734 3186 interpretati
2748 3105 2906 3186 sunt)
2935 3096 3161 3176 probare
3189 3114 3399 3186 aliquan
3412 3150 3433 3161 ο

1844 3181 1912 3234 do
1955 3184 2258 3250 potuerunt,
2307 3180 2586 3242 netiSSitna
2631 3180 2880 3249 omnibus
2927 3192 3149 3257 veritate
3193 3180 3431 3273 superati

1843 3266 2053 3325 confusi
2077 3289 2162 3340 tue
2208 3275 2513 3330 discedunt.
2560 3279 2706 3334 Itane
2740 3300 2843 3338 nun
2876 3285 3120 3358 intelligit
3152 3266 3432 3363 prudentia

1843 3372 2028 3416 sancta
2062 3373 2171 3430 tua,
2203 3366 2400 3435 quanta
2430 3369 2650 3425 malitia:
2679 3372 2892 3429 illorum
2926 3376 3161 3445 patescat
3192 3388 3431 3450 occasio.

1841 3453 1886 3506 si
1919 3469 2022 3506 non
2065 3456 2133 3509 ab
2161 3452 2281 3510 aliis
2307 3458 2640 3526 Apostolicas
2670 3463 2875 3519 litteras
2902 3482 3023 3522 esse
3053 3469 3294 3541 falsatas,
3328 3478 3425 3532 sed

1842 3545 1989 3616 ipsos
2016 3543 2308 3616 Apostolus
2334 3548 2465 3604 falsa
2492 3549 2771 3622 Scripsisse
2800 3552 3077 3614 dicamus?
3108 3558 3127 3614 ὸ
3198 3577 3217 3601 τ

1913 3638 1964 3692 ’1.
1990 3634 2008 3690 t
2033 3639 2147 3693 Non
2167 3649 2269 3707 est,
2289 3641 2484 3712 inquis,
2502 3643 2779 3713 credibile,
2804 3650 2907 3704 hoc
2927 3650 2978 3705 in
3001 3651 3161 3709 Petro
3182 3630 3428 3725 Paulum.

1840 3728 1980 3798 quod
2009 3730 2122 3798 ipse
2153 3731 2346 3786 Paulus
2366 3731 2591 3796 fecerat,
2620 3738 2883 3806 arguisse.
2909 3739 3026 3794 Non
3052 3759 3194 3800 nunc
3214 3748 3431 3817 inquiro

1840 3818 1967 3886 quid
1995 3817 2199 3901 fecerit,
2228 3821 2322 3874 sed
2353 3823 2479 3891 quid
2510 3822 2787 3893 scripserit
2813 3842 3016 3896 quaero.
3049 3832 3164 3888 Hoc
3189 3836 3255 3890 ad
3282 3856 3432 3905 qua:-

1845 3906 2075 3961 stionem
2106 3913 2264 3976 quam
2307 3912 2519 3979 suscepi
2564 3911 2802 3970 maxime
2843 3919 3116 3987 pertinet;
3151 3932 3209 3978 ut
3234 3929 3430 3985 veritas

1840 3990 2147 4049 divinarum
2176 3997 2571 4066 Scripturarum
2603 4002 2668 4055 ad
2698 3998 2939 4060 nostram
2967 4006 3126 4063 fidem
3155 4012 3430 4070 :editican-

1840 4083 1963 4139 dam
2010 4076 2284 4142 memoriae
2313 4090 2708 4158 commendata,
2738 4090 2846 4151 non
2874 4112 2904 4150 a
2936 4099 3284 4173 quibuslibet,
3331 4110 3426 4165 sed

1840 4174 1908 4229 ab
1949 4176 2077 4244 ipsis
2106 4179 2400 4246 Apostolis,
2433 4196 2495 4235 ac
2542 4198 2638 4252 per
2666 4183 2770 4241 hoc
2800 4187 2853 4242 in
2884 4188 3211 4249 canonicum
3236 4192 3426 4254 aucto.

1842 4262 2013 4321 ritatis
2054 4269 2269 4357 culmen
2312 4277 2549 4342 recepta,
2594 4274 2660 4329 ex‘
2703 4278 2851 4332 omni
2894 4277 3047 4351 parte
3075 4300 3235 4343 verax
3267 4282 3426 4361 atque

1840 4359 2188 4415 indubitanda
2236 4357 2506 4453 persistat.
2537 4365 2668 4420 Nam
2696 4369 2739 4423 si
2770 4369 2876 4427 hoc
2917 4372 3045 4430 fecit
3070 4366 3260 4437 Petrus
3281 4357 3423 4453 quod

1839 4448 2021 4538 facere
2045 4452 2270 4538 debuit,
2303 4446 2557 4511 [tientitus
2587 4455 2669 4513 est
2700 4460 2918 4531 Paulus,
2945 4468 3091 4537 quod
3120 4486 3241 4527 eum
3272 4446 3426 4530 vide.

1839 4533 1906 4595 rit
1946 4533 2051 4597 non
2100 4533 2245 4598 recta
2290 4539 2675 4614 ingredientem
2704 4542 2772 4606 ad
2802 4533 3079 4612 veritatem
3119 4559 3421 4633 Evangelii;

1838 4633 2095 4703 Quisquis
2124 4636 2265 4689 enim
2295 4636 2396 4689 hoc
2424 4636 2550 4692 facit
2575 4641 2716 4710 quod
2746 4644 2921 4698 facere
2942 4645 3123 4711 debet,
3151 4656 3297 4706 recte
3320 4655 3423 4706 uti-

1837 4723 1938 4791 q'ne
1971 4724 2094 4777 facit
2125 4740 2138 4776 :
2167 4734 2221 4779 et
2250 4725 2371 4780 ideo
2400 4726 2591 4782 falsum
2620 4730 2686 4784 de
2710 4746 2775 4784 eo
2801 4728 2951 4797 dicit,
2996 4735 3085 4804 qui
3123 4735 3253 4791 dicit
3297 4735 3418 4798 eum

1839 4814 1943 4867 no'u
1976 4810 2119 4869 recte
2151 4815 2361 4880 fecit-sc;
2394 4818 2535 4885 quod
2563 4834 2684 4889 cum
2728 4819 2877 4874 novit.
2919 4817 3097 4879 facere
3140 4814 3411 4887 debuisse.

1837 4905 1891 4958 Si
1919 4915 2096 4959 autem
2127 4921 2313 4959 vermu
2345 4908 2558 4974 scripsit
2584 4890 2802 4974 Paulus,
2837 4908 3021 4966 verum
3050 4910 3126 4969 est
3156 4920 3295 4986 quod
3322 4922 3421 4977 Pe-

1838 4990 1949 5047 trus
1977 5010 2079 5049 non
2110 5005 2253 5049 recte
2279 5006 2403 5049 tunc
2432 4992 2826 5066 ingrediebatur
2845 5002 2910 5055 ad
2936 4994 3210 5064 veritatem
3239 5013 3417 5070 Evan-

1836 5077 1982 5153 gelii.
2013 5085 2068 5138 ιιι
2100 5086 2228 5153 ergo
2274 5082 2502 5151 faeiebat
2543 5078 2683 5157 quod
2726 5082 2902 5147 facere
2933 5090 3039 5149 neu
3071 5097 3334 5159 debebat:
3362 5122 3419 5161 e-

1836 5172 1883 5228 εἰ
1911 5170 2012 5229 tale
2035 5163 2233 5228 aliuuid
2263 5164 2460 5230 Paulus
2485 5178 2596 5247 ipse
2618 5169 2727 5247 jam
2756 5179 2971 5250 fecerat,
2997 5200 3297 5247 correctum
3324 5214 3417 5266 po-

1900 5344 1973 5467 ἑά]
2013 5344 2230 5397 Martian.
2258 5345 2445 5404 aliquid
2469 5362 2576 5399 rere
2600 5362 2691 5399 non
2715 5352 2983 5406 scripsisse.

1921 5409 1968 5467 e)
2002 5407 2240 5456 Victorius
2262 5416 2306 5457 et
2328 5408 2547 5467 copulam
2582 5414 2849 5467 cangit,
2883 5429 2977 5467 qua

1900 5407 2240 5515 gejn’ictml'ius
2262 5416 2306 5457 et
2328 5408 2547 5469 copulant
2582 5414 2849 5475 upungit,
2883 5429 2977 5478 qua
3012 5431 3209 5472 sensum
3236 5429 3417 5475 ιω-οπε

1892 5490 1898 5509 -,
1922 5481 1977 5513 ua
2002 5482 2058 5515 us
2084 5482 2138 5514 es
2165 5502 2175 5514 .

1890 5490 1898 5509 θ
2002 5482 2055 5513 ιι·
2102 5482 2135 5496 ⁵“
2165 5502 2175 5514 .

1837 5482 2243 5607 ῗιὸῗᾈῗιμδῗλῖξιηι
2274 5528 2585 5607 Benedictiui
2623 5533 2669 5580 in
2704 5531 2889 5607 levari.
2931 5539 3048 5589 edit.
3094 5541 3227 5607 legi,
3267 5547 3419 5607 μοιίηα

1837 5600 1980 5696 (factm
2005 5588 2132 5699 [argi
2156 5590 2363 5640 humana
2387 5603 2444 5640 nc
2468 5589 2604 5652 dum,
2630 5593 2716 5642 sed
2742 5594 2917 5648 melius
2939 5613 2997 5650 nc
3020 5588 3227 5658 ’rcué‘éii
3246 5588 3420 5661 ibat-ii;

1840 5662 1868 5698 e
1904 5661 1916 5695 ι
1943 5662 1981 5697 ts
2003 5664 2057 5698 ac
2123 5664 2188 5700 ss.
