4026 6186
582 286 687 348 939

587 410 694 471 tius
734 405 894 463 etiam
938 403 1112 472 ipsum
1153 398 1391 457 credam,
1439 383 1736 457 coapostoli
1765 375 2166 472 sui‘correctio:

589 468 715 553 nem
746 510 850 551 non
877 463 1114 562 potuisse
1140 483 1427 554 negligere,
1446 491 1603 548 quant
1625 470 1955 529 mendaciter
1968 463 2167 562 aliquid

586 593 643 646 in
670 567 764 645 sua
792 556 1011 654 epistola
1042 577 1302 648 posuisse.
1325 571 1400 642 (a)
1432 570 1499 624 Et
1527 569 1571 623 si
1598 567 1701 621 hoc
1728 578 1833 618 non
1862 562 1915 615 in
1941 556 2165 654 epistola

590 649 843 751 qualibet,
888 677 1087 739 quanto
1130 664 1301 736 magis
1345 662 1398 715 in
1443 658 1555 724 illa,
1608 656 1659 751 in
1708 668 1811 724 qua
1840 649 2167 751 praelocutus

587 736 662 824 ait
691 787 704 823 :
733 736 860 833 Qua:
886 736 1053 815 autem
1082 758 1246 811 scribo
1316 751 1479 826 765
1549 747 1709 814 vobis,
1737 759 1850 799 ecce
1865 755 2035 796 coram
2054 736 2167 792 Deo

590 861 711 931 quia
742 871 843 909 non
872 847 1134 905 mentior?
1170 864 1190 899 ι

652 947 712 1002 8.
760 962 779 997 t
810 943 922 1012 Ego
952 938 1165 1009 quidem
1194 934 1319 990 illud
1349 933 1565 988 Petrum
1591 928 1672 984 sic
1694 924 1867 995 egisse
1892 918 2075 1012 credo,
2106 922 2169 970 ut

586 1044 773 1109 gentes
814 1009 1032 1102 cogeret
1071 1026 1364 1098 judaizare.
1412 1022 1524 1076 Hoc
1552 1019 1693 1074 enim
1736 1016 1862 1109 lego
1890 1009 2170 1109 scripsisse

586 1099 835 1189 Paulum,
856 1099 1014 1194 quem
1036 1117 1316 1175 mentitum
1337 1128 1458 1170 esse
1479 1126 1585 1166 non
1609 1107 1772 1164 credo
1797 1102 1937 1174 (Cal.
1965 1103 2018 1157 1.
2035 1099 2127 1170 20)
2151 1116 2165 1152 :

586 1230 644 1275 et
674 1217 796 1273 ideo
821 1231 928 1270 non
957 1219 1103 1268 recte
1127 1208 1321 1279 agebat
1347 1205 1452 1261 hoc
1480 1203 1694 1258 Petrus.
1720 1199 1852 1254 Erat
1878 1194 2020 1251 enim
2042 1207 2172 1247 cun-

588 1322 672 1366 tra
715 1303 988 1376 Evangelii
1027 1300 1329 1364 veritatem,
1368 1303 1427 1350 ut
1458 1300 1708 1364 putarent
1744 1288 1835 1359 qui
1876 1283 2173 1376 credebant

589 1401 646 1456 in
685 1372 974 1459 Christum,
1003 1392 1120 1448 sine
1158 1388 1264 1445 illis
1305 1384 1577 1441 veteribus
1615 1375 1966 1436 sacramentis
1992 1372 2171 1432 salvos

588 1503 650 1547 se
667 1504 787 1547 esse
807 1501 911 1543 non
934 1496 1113 1557 posse.
1137 1480 1251 1536 Hoc
1268 1479 1410 1535 enim
1433 1471 1829 1532 contendebant
1848 1463 2168 1557 Antiocbizr,

588 1581 680 1651 qui
704 1594 770 1635 ex
797 1554 1221 1632 Circumcisione
1243 1565 1607 1624 crediderant.
1639 1560 1840 1651 Contra
1863 1570 1999 1627 quos
2029 1554 2171 1609 Pau-

591 1648 677 1726 lus
717 1671 1126 1739 perseveranter
1167 1660 1469 1726 acriterque
1515 1648 2173 1739 conﬂigitalpsumvero

591 1736 819 1814 Paulum
844 1770 952 1809 non
994 1752 1064 1806 ad
1109 1749 1213 1804 hoc
1240 1746 1294 1802 id
1321 1746 1517 1816 egisse,
1545 1739 1690 1812 quod
1720 1738 1802 1793 vel
1835 1736 2174 1791 Timotheum

590 1845 925 1905 circumcidit
967 1842 1101 1916 (Act.
1137 1839 1224 1894 l6.
1260 1838 1336 1908 Ι),
1386 1834 1469 1890 vel
1505 1830 1800 1889 Cenchreis
1836 1837 2017 1881 votum
2049 1840 2173 1894 pcr-

591 1939 751 1995 solvit
775 1936 912 2008 (Act.
943 1932 1029 1989 l8.
1062 1929 1174 2003 l8),
1203 1927 1290 1983 vel
1319 1924 1667 1996 lcrosolymis
1707 1936 1738 1976 a
1762 1919 1961 1976 Jaeobo
1990 1916 2176 2008 admo-

592 2030 756 2094 nitus,
787 2007 918 2082 cum
963 2024 1042 2078 cis
1082 2020 1174 2091 qui
1212 2018 1286 2093 (b)
1336 2024 1616 2078 voverant,
1649 2013 1884 2083 legitima
1913 2008 1999 2064 illa
2034 2007 2177 2062 ccle-

592 2119 794 2177 branda
835 2117 1105 2185 suscepit;
1142 2122 1199 2167 ut
1239 2110 1410 2181 putari
1447 2106 1717 2163 videretur
1757 2117 1853 2173 per
1893 2115 1954 2156 ea
1996 2113 2175 2155 sacra-

594 2221 771 2269 menta
798 2211 959 2266 etiam
988 2204 1348 2263 Christianam
1371 2201 1595 2256 salutem
1618 2196 1732 2252 dari
1756 2194 1892 2268 (Art.
1920 2193 2011 2247 ει.
2038 2188 2130 2261 2i)
2155 2205 2171 2241 :

590 2302 687 2359 sed
729 2317 796 2358 ne
821 2300 911 2356 illa
936 2313 1053 2369 qua:
1081 2294 1353 2367 prioribus
1383 2299 1437 2346 ut
1463 2287 1795 2359 congruebat
1820 2284 2171 2354 temporibus,

592 2395 647 2448 in
679 2391 879 2447 umbris
902 2402 1086 2444 rerum
1115 2385 1412 2439 futurarum
1442 2381 1581 2435 Deus
1608 2378 1722 2433 ﬁeri
1743 2376 1999 2448 jusserat,
2054 2383 2172 2426 tan.

591 2498 751 2554 quam
811 2476 1161 2535 idololatriatn
1203 2473 1481 2543 gentilium
1531 2469 1789 2531 damnare
1843 2464 2172 2521 crederetur.

595 2575 711 2635 lloc
753 2581 833 2628 est
861 2571 1003 2626 enim
1031 2565 1173 2637 quod
1201 2565 1276 2619 illi
1305 2562 1536 2618 Jacobus
1565 2559 1639 2614 ait
1667 2576 1681 2613 :
1709 2557 1949 2618 auditum
1988 2554 2057 2609 de
2084 2554 2178 2607 illo

594 2677 736 2729 esse,
784 2658 925 2730 quod
970 2654 1341 2726 discissionem
1385 2650 1578 2706 doceat
1620 2664 1651 2702 a
1695 2648 1879 2717 Moyse
1917 2644 2051 2719 (Act.
2079 2644 2169 2697 21.

594 2754 708 2826 21).
735 2750 889 2818 Quod
916 2748 1098 2818 utique
1126 2743 1278 2801 nefas
1303 2751 1405 2810 est,
1434 2748 1494 2796 ut
1516 2738 1798 2795 credentes
1822 2737 1876 2792 in
1904 2735 2174 2790 Christum
2204 2763 2208 2767 -

596 2824 965 2899 discindantur
1010 2851 1042 2891 a
1089 2831 1160 2909 (ο)
1199 2831 1466 2902 Pr0pheta
1505 2828 1727 2895 Christi,
1769 2834 2017 2896 tanquam
2063 2824 2178 2891 ejus

597 2933 892 2988 doctrinam
917 2928 1247 2984 detestantes
1275 2932 1437 2994 atque
1462 2921 1814 2984 damnantes;
1846 2917 1914 2972 de
1935 2916 2039 2985 quo
2066 2915 2180 2983 ipse

596 3024 841 3078 Christus
865 3020 1013 3086 dicit,
1046 3017 1107 3074 Si
1131 3015 1395 3071 crederetis
1424 3012 1615 3083 Moysi,
1647 3009 1915 3066 crederetis
1942 3016 1989 3062 et
2015 3006 2139 3061 milii
2161 3020 2182 3060 :

599 3119 661 3171 de
687 3132 765 3170 me
789 3115 920 3170 enim
948 3112 1037 3167 ille
1062 3109 1266 3180 scripsit
1291 3105 1468 3179 (Joon.
1505 3104 1555 3159 5.
1589 3101 1701 3174 46).
1755 3120 1775 3154 s

671 3208 724 3264 9.
772 3226 792 3260 ι
820 3202 1049 3261 Attende
1067 3192 1302 3257 'obsecro
1331 3200 1442 3268 ipsa
1459 3192 1618 3250 verba
1644 3192 1825 3249 Jacobi
1858 3211 1871 3246 :
1911 3191 2078 3255 Vides,
2101 3189 2181 3244 in-

599 3301 733 3370 quit,
765 3302 924 3370 frater
942 3303 1061 3366 quot
1089 3293 1250 3346 millia
1278 3298 1396 3344 sunt
1428 3289 1479 3342 in
1507 3285 1719 3351 Iudaea,
1751 3284 1838 3352 qui
1856 3283 2181 3337 crediderunt

601 3390 653 3443 in
686 3388 943 3443 Christum
987 3399 1005 3438 :
1035 3392 1081 3437 et
1110 3383 1163 3435 Ιιὶ
1194 3395 1365 3434 omnes
1389 3377 1707 3432 wmulatores
1730 3382 1847 3429 sunt
1872 3373 2042 3443 Legis.
2071 3371 2182 3425 Au-

602 3480 805 3531 dierant
853 3484 1020 3527 autem
1070 3472 1132 3524 de
1176 3479 1255 3534 te,
1299 3468 1417 3539 quia
1462 3465 1540 3538 (ά)
1582 3463 1923 3518 discissione»:
1967 3462 2114 3515 doces
2151 3478 2183 3515 a

604 3567 806 3636 Moyse,
857 3559 1035 3617 eorum
1078 3559 1164 3630 qui
1201 3574 1291 3629 per
1317 3566 1488 3628 gentes
1516 3562 1631 3609 sunt
1657 3552 1981 3619 .lndworum,
2014 3552 2186 3605 dicens

606 3662 707 3711 n‘on
751 3653 927 3708 debere
970 3648 1327 3705 circumcidere
1368 3661 1452 3700 eos
1494 3645 1629 3714 ﬁlios
1656 3659 1794 3707 suos,
1825 3657 1983 3710 neque
2009 3657 2187 3695 secun-

607 3751 730 3801 dum
769 3742 1181 3800 consuetudinem
1219 3736 1438 3812 ingredi.
1493 3735 1630 3804 Quid
1678 3750 1796 3805 ergo
1838 3733 1952 3787 cst?
2004 3731 2188 3801 Utique

604 3847 799 3909 oportet
845 3834 1108 3891 convenire
1151 3827 1566 3893 multitudinem,-
1615 3827 1886 3881 audiernnt
1946 3825 2081 3880 enim
2141 3834 2189 3879 te

604 3928 944 3999 supervenisse
970 3941 989 3980 :
1015 3927 1108 3980 hoc
1151 3939 1272 3995 ergo
1317 3925 1403 3995 [ac
1443 3920 1581 3992 quod
1623 3919 1713 3974 tibi
1755 3919 1994 3974 dicimus.
2050 3916 2188 3973 Sunt

605 4020 747 4076 nobis
789 4020 882 4074 viri
931 4026 1147 4089 quatuor
1187 4024 1358 4069 votum
1403 4011 1641 4066 habentes
1669 4027 1822 4080 super
1869 4025 1925 4064 se
1952 4024 1971 4063 :
1998 4009 2077 4063 Itis
2105 4025 2188 4063 as-

608 4111 819 4180 sumptis
863 4108 1126 4175 sanctiﬁca
1167 4114 1215 4160 te
1254 4121 1369 4158 cum
1409 4104 1553 4174 ipsis,
1579 4112 1650 4181 .et
1675 4102 1910 4172 impende
1938 4102 1990 4156 in
2021 4117 2105 4156 eos
2133 4110 2188 4154 ut

609 4200 797 4254 radunt
842 4197 1011 4265 capita
1060 4210 1080 4248 :
1126 4202 1173 4248 et
1211 4193 1367 4248 scient
1397 4191 1490 4265 [aL
1519 4190 1706 4263 sciant]
1734 4207 1904 4246 omnes
1929 4191 2049 4262 quia
2077 4205 2190 4261 qua:

610 4292 674 4345 de
696 4300 745 4344 te
772 4288 1043 4342 audierunt
1081 4286 1217 4357 falsa
1242 4294 1392 4349 sunt;
1420 4283 1510 4339 sed
1537 4284 1758 4354 sequeris
1794 4292 1843 4336 et
1884 4283 1993 4352 ipse
2021 4292 2191 4337 custo~

610 4383 754 4436 dicas
797 4378 1001 4449 Lrgetn,
1045 4378 1108 4430 de
1134 4378 1366 4447 gentibus
1403 4384 1571 4428 autem
1609 4374 1697 4444 qui
1721 4374 2065 4436 crediderunt,
2099 4389 2192 4427 nos

612 4471 982 4534 mandavimus,
1026 4469 1319 4540 judicantes
1365 4467 1494 4520 nihil
1535 4466 1785 4536 ejusmodi
1824 4480 2026 4519 servare
2050 4465 2185 4529 illos,

611 4564 712 4618 nisi
739 4570 793 4617 ut
819 4577 873 4616 se
901 4561 1154 4617 observent
1182 4556 1243 4612 ab
1282 4556 1438 4611 idolis
1476 4555 1760 4621 immolato,
1793 4565 1839 4610 et
1865 4573 1897 4609 a
1921 4557 2187 4627 sanguine,

617 4656 689 4727 (e)
737 4664 785 4710 et
827 4670 861 4708 ιι
907 4652 1242 4725 fornicatione
1268 4650 1287 4719 (
1313 4648 1427 4701 Act.
1457 4646 1550 4701 21.
1579 4645 1651 4701 20
1677 4655 1723 4700 et
1764 4647 1910 4716 sqq).
1963 4646 2101 4713 Non,
2134 4656 2194 4702 ut

609 4747 824 4817 opinor,
852 4745 1141 4800 Obscurum
1168 4750 1271 4812 est,
1300 4749 1352 4796 et
1380 4736 1639 4795 Jacobunt
1711 4737 1874 4809 766
1946 4736 2049 4792 hoc
2071 4738 2192 4794 ideo

627 4858 633 4866 ’
674 4878 749 4953 to
775 4874 1091 4953 ademistis
1111 4866 2097 4953 ciiiiltfii'ﬂﬂiibffj-Stl‘ﬂ'ﬂwi’af‘f'

670 4930 745 5001 (lt;
777 4930 1505 5001 BenediCtini,Evigilaveram;
1530 4930 1627 5001 nisi
1643 4930 1684 4978 si
1711 4930 2080 5001 typoplt'et‘arttm
2115 4937 2195 4982 est

608 4989 856 5052 alendum.
886 4999 1053 5048 Actu.
1077 4989 1260 5047 21:25.
1310 4993 1411 5044 Viri
1443 4989 1647 5057 quatuor
1671 4989 1839 5041 voium’
1864 4989 2088 5043 habentes
2109 5006 2193 5043 sue

670 5073 786 5110 rse.
1178 5100 1179 5107 η
1810 5098 1815 5104 .

607 5074 1088 5191 Ρῗξεῖϐὶίπιίδρεμξ
1109 5100 1218 5189 post
1239 5116 1503 5191 Er_asmum_
1523 5113 1735 5191 plurium
1759 5098 1982 5191 nurnero,
2007 5122 2193 5191 unpro-

606 5173 791 5241 rltetis,
831 5183 960 5245 quod
987 5173 1228 5230 Victorius
1249 5178 1365 5227 olim
1389 5173 1761 5239 castigaverat,
1785 5186 1896 5224 cum
1927 5173 1991 5224 de
2027 5174 2194 5239 Moyse

607 5249 793 5292 tantum
815 5255 977 5291 sermo
1000 5245 1060 5291 sit

671 5304 750 5365 (d)
782 5302 999 5352 Brixiaui
1035 5300 1454 5365 alitthictoritun
1494 5298 1608 5365 Mss.
1634 5294 1971 5365 discessionem
2007 5296 2121 5346 heic
2143 5306 2196 5349 et

607 5358 750 5473 Eaqu
767 5365 1010 5434 superius,
1025 5358 1078 5410 ut
1092 5361 1298 5421 Vulgata
1325 5361 1473 5431 editio
1497 5360 1667 5416 habet,
1695 5366 1746 5413 et
1764 5358 1919 5407 Graec.
1943 5369 2192 5412 ἀποστασίαν.

645 5424 706 5473 ed
729 5425 1057 5473 discissionem
1078 5424 1277 5473 probant
1302 5433 1555 5473 superiora
1575 5421 1744 5473 verba,
1765 5418 1907 5473 Nefas
1924 5425 2061 5469 estut
2084 5434 2192 5471 cre-

645 5424 706 5473 ed
729 5418 1057 5484 discissionem
1077 5418 1277 5484 probant
1302 5422 1555 5484 superiora
1575 5421 1744 5484 verba,
1765 5418 1992 5484 Nefasest
2008 5427 2061 5469 ut
2084 5434 2193 5471 cre-

608 5483 773 5544 dentes
789 5484 845 5544 in
862 5478 1108 5544 Christum
1131 5478 1467 5544 discindantur
1489 5496 1520 5530 a
1544 5482 1785 5544 Propheta
1807 5478 2007 5544 (finisti.

677 5540 740 5600 le)
776 5543 1068 5593 Sull‘ncatum
1087 5578 1111 5606 ,γ
1141 5543 1269 5606 quod
1307 5544 1499 5606 videtur
1520 5540 1705 5606 omitti,
1747 5540 1891 5589 facile
1925 5547 2124 5606 notatur
2143 5569 2194 5593 τυ

610 5611 875 5707 marum;
896 5616 1005 5653 nam
1028 5610 1079 5654 et
1100 5601 1359 5665 in'aliquot
1382 5602 1564 5654 Graecis
1585 5602 1720 5653 libris
1739 5627 1803 5652 ιιαι
1824 5614 1965 5653 πνικτὸν
1986 5601 2186 5655 deside-

687 5673 760 5709 ν’.
1573 5678 1579 5691 ¹

1867 262 2106 323 SANCTI
2147 253 2525 316 IIIERONYMI

2274 371 2567 436 monuisse,
2597 375 2655 423 ut
2674 368 2874 424 scirent
2898 366 3029 424 falsa
3054 381 3178 424 esse
3198 381 3316 437 quae
3337 363 3405 420 de
3422 362 3516 418 illo
3538 360 3872 427 audierant,

2272 460 2327 516 hi
2356 461 2446 532 qui
2483 474 2607 515 cum
2650 459 2703 514 in
2731 458 3004 515 Christum
3034 473 3104 514 ex
3129 456 3329 513 Iudaeis
3366 453 3755 519 credidissent,
3783 462 3877 509 ta-

2268 566 2394 607 men
2417 549 2760 605 :emulatores
2785 559 2941 604 erant
2960 548 3139 618 Legis,
3165 562 3233 602 ne
3257 561 3356 617 per
3375 544 3682 600 doctrinam
3701 542 3876 598 Chri-

2269 643 2360 706 sti,
2406 641 2553 696 velut
2597 640 2878 711 sacrilega,
2922 654 3023 695 nec
3062 639 3174 694 Deo
3223 637 3511 693 mandante
3547 635 3872 705 conscripta

2269 731 2508 786 damnari
2529 737 2857 801 putarentur,
2881 745 2999 800 qua:
3021 744 3115 799 per
3134 728 3352 799 Moysen
3371 728 3614 798 patribus
3640 725 3874 782 fuerant

2270 822 2567 877 ministrata
2597 838 2612 875 :
2645 820 2748 875 hoc
2782 820 2927 875 enim
2964 820 3031 875 de
3071 819 3235 874 Paulo
3267 819 3602 888 iactaverunt
3628 831 3740 873 non
3787 816 3871 871 illi

2270 914 2359 983 qui
2382 912 2746 983 intelligebant
2767 926 2874 981 quo
2899 912 3079 966 animo
3100 927 3130 965 a
3160 909 3361 966 Judteis
3394 908 3642 965 ﬁdelibus
3667 908 3869 964 obser-

2269 1003 2383 1057 vari
2412 1010 2535 1057 tunc
2558 1004 2657 1056 ista
2681 1002 2964 1068 deberent,
2998 1013 3216 1071 propter
3233 999 3722 1056 commendandam
3749 999 3868 1053 sci-

2271 1093 2396 1149 licet
2439 1094 2810 1149 auctoritatem
2854 1094 3110 1159 divinam,
3153 1101 3209 1148 et
3248 1101 3713 1149 sacramentorum
3740 1092 3867 1147 illo-

2272 1201 2391 1240 rum
2438 1186 2809 1255 Propheticatn
2859 1187 3216 1253 sanctitatem,
3267 1200 3372 1239 non
3416 1193 3639 1255 propter
3681 1183 3864 1254 adipi-

2272 1277 2526 1333 scendam
2573 1279 2819 1343 salutem,
2866 1293 2985 1348 qure
3025 1277 3136 1348 jam
3168 1279 3223 1332 in
3248 1276 3465 1332 Christo
3491 1276 3859 1342 revelabatur,

2273 1378 2327 1423 et
2353 1385 2448 1440 per
2487 1370 2737 1440 baptismi
2764 1377 3160 1425 sacramentum
3191 1368 3629 1433 ministrabatur;
3658 1367 3757 1423 sed
3784 1366 3863 1421 illi

2274 1460 2377 1515 hoc
2403 1459 2472 1516 de
2498 1460 2664 1515 Paulo
2705 1467 3034 1531 sparserant,
3065 1459 3154 1529 qui
3184 1459 3263 1514 sic
3286 1473 3350 1513 ea
3380 1457 3636 1516 volebant
3659 1456 3859 1512 obser-

2273 1551 2408 1617 vari,
2452 1559 2703 1622 tanquam
2747 1551 2864 1605 sine
2892 1550 2977 1604 his
3003 1550 3056 1609 in
3087 1549 3377 1618 Evangeiio
3416 1547 3563 1603 salus
3587 1545 3865 1603 credendo

2274 1639 2377 1696 bus
2400 1655 2522 1696 esse
2540 1644 2653 1695 non
2666 1650 2865 1711 posset.
2885 1641 3062 1710 Ipsum
3085 1640 3225 1694 enim
3248 1646 3533 1694 senserant
3559 1637 3862 1698 vehemetv

2276 1735 2537 1790 tissitnum
2583 1734 2770 1804 gratia:
2819 1732 3247 1804 praedicatorem,
3275 1741 3332 1786 ct
3359 1730 3643 1786 intentioni
3667 1745 3877 1786 eorum.

2275 1826 2512 1882 maxime
2538 1825 2844 1889 adversum,
2873 1825 3179 1887 docentem.
3210 1839 3318 1879 non
3345 1822 3416 1895 (Γ)
3446 1840 3543 1894 per
3570 1825 3661 1879 illa
3688 1823 3867 1878 homi-

2275 1933 2399 1974 nem
2438 1918 2743 1989 justilicari,
2788 1919 2882 1973 sed
2913 1934 3006 1989 per
3031 1911 3254 1989 gratiam
3283 1917 3427 1973 lesuv
3451 1917 3671 1982 Christi,
3704 1918 3865 1987 cujus

2275 2008 2694 2078 prmnuntiandae
2732 2023 2917 2073 causa,
2949 2008 3053 2062 illa:
3083 2008 3285 2062 umbrae
3330 2007 3385 2062 in
3421 2007 3557 2076 Lege
3586 2006 3869 2062 mandata!

2274 2108 2418 2153 sunt.
2449 2098 2517 2154 Et
2546 2098 2665 2154 ideo
2693 2098 2784 2154 ille
2811 2099 3064 2153 invidiam
3092 2108 3146 2152 et
3178 2098 3596 2168 persecutionem
3624 2097 3866 2152 molien-

2276 2198 2355 2245 tes
2379 2190 2674 2257 concitare,
2721 2198 2970 2259 tanquam
2998 2190 3273 2243 inimicum
3303 2190 3433 2259 legis
3458 2188 3863 2243 mandatorum-

2275 2296 2380 2351 que
2408 2282 2710 2337 divinorum
2738 2282 3161 2339 criminabantur
3191 2299 3204 2336 :
3237 2282 3390 2349 cujus
3426 2281 3575 2336 falsas
3600 2282 3863 2336 criminao

2278 2371 2437 2426 tionis
2482 2371 2731 2426 invidiam
2774 2371 3156 2441 congruentius
3209 2371 3449 2427 devitarc
3493 2387 3600 2425 non
3653 2382 3855 2442 posset,

2276 2477 2434 2531 quam
2465 2469 2523 2516 ut
2563 2476 2625 2517 ea
2657 2464 2769 2531 ipsa
2800 2463 3115 2529 celebraret,
3161 2478 3280 2533 qua:
3304 2463 3562 2518 damnare
3606 2472 3858 2532 tanquam

2277 2551 2537 2622 sacrilega
2587 2553 2905 2620 putabatur;
2951 2561 3109 2621 atque
3148 2552 3219 2607 ita
3262 2553 3592 2617 ostenderet,
3624 2567 3727 2607 nec
3765 2552 3860 2608 Ju-

2276 2641 2423 2695 daeos
2468 2650 2594 2696 tunc
2634 2642 2703 2696 ab
2748 2642 2827 2696 eis
2858 2652 3109 2711 tanquam
3142 2657 3171 2695 a
3202 2641 3422 2697 nefariis
3471 2642 3856 2713 prohibendos,

2278 2747 2376 2786 nec
2403 2734 2630 2802 gentiles
2671 2732 2738 2788 ad
2786 2747 2849 2791 ea
2895 2746 3146 2803 tanquam
3174 2733 3242 2787 ad
3272 2734 3578 2788 necessaria
3620 2734 3860 2804 compel‘

2279 2822 2486 2878 lendas.
2524 2840 2544 2874 ι
3032 2883 3037 2887 ἢ

2352 2912 2442 2968 10.
2472 2931 2490 2964 ι
2516 2913 2648 2968 Nam
2668 2915 2711 2969 si
2740 2929 2923 2971 revera
2951 2916 3028 2972 sic
3055 2930 3115 2972 ea
3146 2915 3482 2986 reprobaret,
3513 2918 3860 2987 quemadmo-

2279 3001 2405 3056 dum
2432 3004 2498 3059 de
2526 3004 2617 3059 illo
2645 3006 2888 3061 auditum
2919 3015 3052 3070 erat,
3087 3017 3143 3062 et
3169 3007 3290 3062 ideo
3331 3009 3652 3064 celebranda
3680 3011 3853 3064 susci-

2282 3104 2454 3165 peret,
2516 3106 2575 3149 ut
2617 3098 2827 3151 actione
2867 3099 3113 3153 simulata
3155 3114 3305 3154 suam
3356 3110 3538 3170 posset
3583 3102 3853 3157 occultare

2280 3188 2624 3253 sententiam,
2658 3202 2763 3242 non
2795 3190 2844 3242 ci
2872 3188 3101 3256 diceret,
3131 3189 3383 3253 Jacobus,
3407 3202 3454 3244 et
3474 3192 3633 3245 scient
3651 3209 3816 3245 omnes
3838 3204 3862 3244 :

2282 3276 2377 3331 sed
2406 3276 2628 3343 diceret,
2656 3286 2702 3331 et
2727 3278 2972 3348 putabant
3000 3296 3191 3341 omnes,
3223 3280 3463 3347 quoniam
3482 3296 3596 3351 quae
3621 3281 3685 3334 de
3704 3292 3748 3335 te
3765 3299 3859 3335 att—

2282 3366 2502 3431 diertmt,
2545 3368 2680 3439 falsa
2719 3379 2838 3423 sunt
2878 3368 3010 3440 (Act.
3044 3369 3135 3423 2i.
3180 3369 3296 3440 ειγ,
3341 3371 3636 3440 ρτωμθτιίιιι
3662 3374 3778 3441 quia
3805 3374 3857 3426 in

2285 3457 2415 3527 ipsis
2439 3457 2792 3530 Jerosolymis
2825 3458 3061 3529 Apostoli
3085 3460 3195 3529 jant
3220 3460 3592 3528 decreverant,
3624 3479 3690 3516 ne
3714 3465 3858 3533 quis-

2284 3563 2443 3617 quam
2466 3558 2654 3619 gentes
2678 3562 2894 3620 Cogeret
2916 3551 3191 3620 judnizare
3223 3566 3237 3604 τ
3271 3569 3375 3606 non
3407 3562 3587 3609 autem
3609 3554 3864 3610 decreve~

2287 3648 2409 3695 rant
2434 3655 2501 3695 ne
2522 3642 2804 3713 quisquam
2832 3651 2957 3698 tunc
2980 3643 3194 3698 Judzcos
3213 3644 3487 3712 judaizare
3512 3646 3853 3716 prohiberet:

2286 3730 2528 3798 quamvis
2553 3731 2714 3785 etiam
2747 3732 2889 3801 ipsos
2912 3732 3022 3802 jam
3050 3732 3290 3788 ducti-ina
3318 3732 3618 3790 Christiana
3651 3752 3754 3790 non
3774 3751 3862 3792 co-

2287 3828 2459 3886 geret.
2509 3819 2741 3875 Proinde
2783 3823 2827 3875 si
2878 3832 2999 3891 post
3027 3821 3129 3877 hoe
3158 3824 3535 3893 Apostolorum
3563 3825 3857 3889 decretum,

2288 3907 2476 3969 Petrus
2519 3909 2702 3966 habuit
2744 3912 2886 3966 illam
2918 3913 2970 3968 in
3000 3914 3283 3969 Antiochia
3312 3916 3730 3984 simulationem,
3760 3933 3861 3988 qua

2288 4009 2475 4066 gentes
2504 4010 2721 4071 cogeret
2746 4001 3043 4071 judaizare,
3076 4004 3218 4074 quod
3240 4004 3352 4073 jam
3379 4020 3481 4060 nec
3504 4007 3623 4076 ipse
3641 4009 3861 4079 cogeba-

2292 4099 2399 4155 tur,
2428 4093 2671 4159 quamvis
2692 4102 2911 4162 propter
2927 4095 3348 4150 commcndanda
3375 4096 3585 4166 eloquia
3610 4098 3726 4163 Dei,
3746 4113 3861 4168 qua:

2290 4176 2489 4233 Iudaeis
2512 4190 2639 4235 sunt
2663 4184 2883 4249 credita,
2917 4199 3019 4238 non
3046 4185 3462 4254 prohibebatur;
3511 4187 3638 4255 quid
3679 4188 3861 4243 mirum

2290 4268 2335 4322 si
2362 4269 2757 4340 constringehat
2781 4289 2900 4326 eum
2921 4274 3116 4329 Paulus
3187 4274 3346 4347 767
3418 4275 3587 4332 libere
3608 4290 3861 4343 asseres,

2291 4357 2433 4426 quod
2463 4374 2586 4413 cum
2628 4369 2842 4417 caeteris
2886 4365 3161 4432 Apostolus
3203 4379 3265 4420 se
3309 4364 3666 4439 Jerosolymis
3684 4365 3864 4425 decre-

2294 4448 2434 4504 visse
2457 4450 2793 4507 meminerat.
2845 4473 2865 4507 ι

2366 4539 2455 4593 ll.
2481 4559 2500 4592 ι
2526 4542 2580 4596 Si
2611 4554 2790 4598 autetn
2810 4544 2931 4611 hoc,
2953 4547 3094 4615 quod
3122 4548 3290 4619 magis
3314 4550 3568 4616 arbitror,
3595 4557 3720 4605 ante
3743 4546 3865 4604 illud

2293 4627 2799 4701 lerosolytnitanum
2849 4638 3133 4693 concilium
3179 4640 3371 4694 Petrus
3413 4639 3540 4694 fecit
3591 4657 3607 4694 :
3651 4653 3751 4693 nec
3792 4639 3866 4693 sic

2295 4732 2490 4786 mirum
2518 4735 2621 4793 est,
2648 4727 2789 4797 quod
2822 4744 2943 4782 eum
2971 4730 3184 4786 volebat
3209 4731 3403 4785 Paulus
3428 4747 3532 4786 non
3559 4733 3741 4788 timide
3762 4735 3862 4788 ob-

2296 4832 2496 4893 tegere,
2525 4821 2618 4876 sed
2649 4821 2876 4876 ﬁdenter
2902 4837 3165 4885 asserere,
3194 4824 3337 4893 quod
3365 4838 3482 4879 eum
3510 4824 3709 4891 pariter
3734 4839 3865 4878 sen-

2298 4914 2399 4967 tire
2422 4911 2534 4980 jam
2564 4919 2806 4977 noverat,
2840 4910 2956 4966 sive
2979 4912 3121 4981 quod
3145 4927 3265 4966 cum
3288 4928 3355 4968 eo
3372 4911 3671 4966 contulerat
3692 4912 3865 4969 Evan-

2296 5004 2519 5074 gelinm,
2553 5005 2668 5057 sive
2693 4995 2838 5072 quod
2869 5002 2922 5056 in
2944 5001 3183 5058 Cornelii
3209 5004 3548 5060 Centurionis
3569 5007 3861 5073 vocatione,

2297 5095 2458 5149 etiam
2483 5093 2743 5149 divinitus
2766 5106 2889 5147 eum
2915 5093 2983 5147 de
3011 5092 3112 5147 lutc
3137 5109 3194 5148 re
3214 5094 3547 5149 admonitum
3573 5106 3859 5166 acceperat,

2298 5185 2411 5240 sive
2459 5184 2601 5255 quod
2641 5195 2926 5253 antequam
2978 5184 3057 5238 illi
3105 5198 3239 5253 quos
3280 5184 3554 5250 timuerat,
3605 5187 3866 5241 venissent

2298 5274 2660 5339 Antiochiam,
2708 5287 2830 5327 cum
2876 5273 3128 5344 gentibus
3184 5288 3305 5328 eum
3349 5276 3599 5329 convcsci
3652 5277 3867 5332 viderat.

2299 5365 2483 5436 Neque
2531 5364 2674 5420 enim
2717 5379 2971 5437 negamus
3020 5364 3075 5419 in
3124 5364 3224 5419 hac
3265 5374 3534 5420 sententia
3582 5366 3752 5423 fuisse
3772 5368 3869 5439 jam

2362 5540 2419 5607 (Π
2436 5541 2705 5607 ΔΕιιειξηιιιιζι
2725 5541 2887 5607 denuo
2916 5547 3115 5592 secutus
3132 5539 3355 5607 Martian.
3376 5553 3466 5607 per
3490 5540 3631 5607 illam
3651 5556 3669 5607 ;
3691 5556 3797 5594 cum
3814 5550 3875 5592 [ες

2295 5602 2416 5653 meit'
2436 5602 2609 5661 legalia
2627 5641 2641 5659 ,
2666 5604 2730 5665 de
2753 5605 2929 5657 quihns
2963 5615 3105 5665 supra
3132 5602 3356 5660 dixerat,
3378 5602 3613 5653 docuerit
3635 5605 3725 5654 diu
3743 5615 3875 5655 antes

2298 5665 2536 5716 Victerius
2556 5664 2829 5725 signiﬁcari.
3024 5664 3034 5665 ’
3786 5684 3791 5689 ,
