4026 6186
415 317 466 360 ρ-

175 356 272 415 9M

178 471 410 534 Petrum,
440 464 490 519 in
516 476 614 533 qua
643 469 698 516 ct
725 458 923 515 Paulus
954 458 1073 513 fuit.
1101 455 1216 513 Non
1245 456 1426 527 itaque
1456 464 1582 511 tunc
1609 471 1735 512 eum

176 561 301 630 quid
333 560 383 612 in
407 569 468 613 ea
498 570 557 610 re
585 568 766 608 verum
796 559 941 608 esset
965 549 1212 614 docebat,
1244 547 1339 603 sed
1370 547 1486 616 ejus
1520 548 1740 602 simula-

177 653 392 714 tionem,
421 663 521 719 qua
547 654 738 716 gentes
763 644 1040 714 judaizare
1084 641 1434 712 cogebantur,
1463 639 1740 709 arguebat,

177 757 280 796 non
312 741 380 796 ob
421 738 584 802 aliud,
636 737 738 792 nisi
768 738 890 806 quia
937 735 1016 791 sic
1063 734 1156 788 illa
1207 733 1386 788 omnia
1416 731 1744 787 simulatoria

174 830 504 903 gerebantur,
559 838 813 897 tanquam
858 841 1043 882 verum
1085 832 1232 880 esset
1274 822 1417 891 quod
1469 821 1545 874 illi
1601 820 1747 874 dice-

175 925 320 986 bant,
370 921 458 990 qui
502 920 621 976 sine
665 918 1079 978 circumcisione
1126 914 1370 986 preeputii
1421 922 1581 980 atque
1625 911 1748 963 aliis

174 1011 654 1076 observationibus,
683 1026 804 1082 qua:
835 1009 1039 1064 umbra:
1065 1016 1218 1063 erant
1245 1006 1568 1070 futurorum,
1597 1011 1750 1072 puta,-

172 1105 299 1159 bant
325 1103 608 1159 credentes
629 1104 804 1156 salvos
833 1116 953 1155 esse
979 1115 1083 1154 non
1111 1113 1288 1167 posse.
1327 1118 1347 1151 ι

242 1191 332 1247 12.
377 1211 398 1243 ι
441 1193 581 1261 Ergo
619 1201 674 1246 et
699 1189 1038 1245 Timotheum
1069 1190 1404 1244 circumcidit
1431 1200 1710 1260 prepterea
1732 1230 1748 1256 ,

171 1298 240 1337 ne
283 1281 506 1345 Judaeis,
552 1290 609 1336 et
654 1282 885 1334 maxime
909 1280 1216 1349 cognationi
1247 1282 1363 1348 ejus
1391 1289 1648 1335 materna:
1673 1282 1752 1335 sic

170 1372 504 1436 viderentur,
533 1371 622 1440 qui
645 1386 709 1425 ex
732 1370 978 1440 gentibus
1001 1371 1054 1422 in
1080 1368 1358 1424 Christum
1388 1370 1749 1438 crediderant,

172 1463 431 1518 detestari
487 1462 955 1516 circumcisiouem
1000 1478 1014 1514 :
1063 1462 1203 1516 sicut
1253 1461 1548 1516 idololatria
1601 1462 1753 1517 dete-

176 1555 363 1610 standa
395 1561 500 1619 est,
545 1569 666 1609 cum
713 1554 857 1608 illam
907 1554 1049 1607 Deus
1082 1553 1196 1607 ﬁeri
1251 1555 1586 1623 przeceperit,
1618 1553 1754 1607 hanc

176 1647 398 1701 Satanas
429 1645 757 1713 persuaserit
804 1661 817 1696 :
865 1643 931 1697 Et
972 1643 1150 1697 Titum
1199 1652 1479 1712 propterea
1513 1644 1754 1696 non'cir-

177 1732 452 1797 cumcidit,
486 1748 554 1787 ne
585 1733 924 1786 occasionem
955 1731 1106 1784 daret
1137 1733 1217 1785 eis
1247 1731 1338 1799 qui
1364 1730 1440 1802 (a)
1487 1732 1602 1786 sine
1649 1732 1754 1784 ulla

176 1823 585 1880 circumcisione
633 1821 885 1875 dicebant
927 1820 1210 1874 credentes
1256 1821 1434 1874 salvos
1486 1836 1608 1875 esse
1649 1837 1754 1874 non

177 1928 354 1984 posse,
379 1923 436 1968 et
464 1911 530 1966 ad
554 1908 926 1981 deceptiouem
949 1911 1188 1977 gentium
1218 1910 1320 1963 hoc
1345 1910 1506 1964 etiam
1533 1909 1754 1963 Paulum

177 2007 379 2060 sentire
402 2005 695 2074 jactarent.
726 2002 878 2068 Quod
910 2003 1022 2069 ipse
1051 2001 1185 2057 satis
1212 2000 1497 2071 significat,
1530 2001 1617 2054 ubi
1660 2000 1754 2054 ait.

177 2096 282 2150 Sed
324 2111 488 2165 neque
536 2093 677 2147 Titus
705 2094 790 2160 qui
835 2109 1027 2153 mecum
1070 2101 1177 2146 erat
1220 2109 1336 2144 cum
1378 2102 1508 2146 esset
1550 2091 1758 2145 Graecus

105 2165 114 2171 ’
175 2187 476 2255 compulsus
504 2193 577 2238 est
616 2183 902 2236 circumcidi
934 2198 952 2235 :
995 2192 1201 2252 propter
1229 2183 1637 2236 subintroductos
1667 2199 1758 2235 (lu-

176 2287 275 2331 tem
301 2274 466 2343 falsos
491 2278 694 2344 fratres,
723 2273 808 2340 qui
835 2273 1230 2326 subintroierant
1266 2273 1569 2342 perscrutari
1609 2272 1761 2326 liber-

177 2375 335 2421 tatem
366 2372 612 2426 nostram,
643 2372 696 2416 ut
725 2380 818 2416 nos
847 2365 898 2416 in
927 2364 1215 2417 servitute»:
1240 2364 1543 2432 redigerent,
1583 2364 1762 2432 quibus

177 2477 268 2514 nec
294 2462 365 2514 ad
392 2463 575 2517 horam
602 2463 838 2516 cessimus
876 2461 1173 2531 subjectioni
1202 2459 1295 2532 [:tl.
1327 2460 1677 2530 subjectione],
1709 2469 1762 2513 ut

177 2553 359 2606 veritas
409 2552 680 2623 Evangelii
709 2562 1022 2622 permaneret
1049 2550 1142 2622 [aL
1171 2549 1484 2622 permaneat]
1511 2551 1650 2621 apud
1677 2566 1762 2604 vos

179 2638 325 2708 (Gal.
375 2641 431 2694 2.
485 2641 539 2696 5.
587 2642 643 2695 4.
691 2640 770 2712 5).
800 2641 932 2695 Hinc
962 2640 1059 2712 [ιιι.
1095 2639 1218 2712 Hic]
1261 2652 1481 2709 apparet
1513 2641 1639 2710 quid
1669 2655 1762 2696 eos

179 2740 395 2800 captare
424 2732 772 2795 intellexerit,
806 2741 862 2786 ut
891 2747 996 2786 non
1026 2731 1384 2802 faceretquod
1405 2731 1762 2786 inTimothco

182 2819 404 2888 iecerat,
436 2829 494 2875 et
520 2821 660 2890 quod
689 2836 751 2875 ea
782 2821 1028 2875 libertate
1074 2820 1250 2875 facere
1277 2829 1508 2890 poterat,
1539 2821 1617 2890 (b)
1661 2836 1764 2890 qua

181 2913 498 2968 ostenderat
520 2910 610 2967 illa
637 2923 996 2977 sacramenta,
1043 2928 1144 2968 nec
1175 2921 1423 2982 tanquam
1461 2913 1764 2965 necessaria

182 3002 378 3058 debere
420 3005 623 3073 appeti,
656 3019 757 3058 nec
806 3013 1056 3073 tanquam
1101 3002 1363 3072 sacrilega
1417 3001 1616 3057 dobere
1670 3001 1766 3054 da-

181 3095 379 3148 mnari.
431 3114 456 3146 ι
1371 3154 1378 3161 ,

255 3185 345 3239 15.
394 3201 413 3234 ι
465 3183 569 3239 Sed
599 3183 889 3238 cavendum
921 3194 1002 3238 cst
1031 3185 1281 3239 videlicet
1311 3185 1364 3239 in
1396 3183 1496 3239 hac
1522 3184 1764 3253 diSputa-

183 3276 356 3339 tione,
389 3286 462 3327 ne
501 3272 640 3326 sicut
669 3272 1002 3340 Phil050phi,
1034 3272 1276 3341 quaedam
1308 3271 1449 3328 facta
1490 3274 1765 3328 hominum

182 3363 360 3421 media
406 3362 668 3428 dicamus,
718 3364 857 3418 inter
906 3374 1053 3418 recte
1100 3364 1294 3418 factum
1341 3373 1395 3419 et
1443 3373 1765 3434 peccatum:

182 3468 304 3522 qua:
355 3468 533 3522 neque
563 3453 614 3507 in
643 3463 792 3508 recte
819 3453 993 3519 factis,
1026 3469 1201 3524 neque
1227 3456 1280 3509 in
1307 3457 1547 3524 peccatis
1575 3471 1765 3510 nume-

183 3552 404 3603 rentur:
486 3544 648 3615 768
719 3554 773 3599 et
823 3560 1106 3614 urgeamur
1151 3560 1238 3610 eo,
1288 3546 1432 3617 quod
1480 3546 1768 3601 observare

183 3632 344 3703 Legis
388 3635 740 3690 caeremonias
785 3649 892 3689 non
941 3643 1115 3703 potest
1160 3649 1280 3690 esse
1309 3635 1644 3704 inditi‘erens,
1672 3636 1768 3696 sed

184 3733 276 3778 aut
305 3723 532 3791 bonum,
561 3734 653 3779 aut
678 3725 898 3779 malmu.
938 3725 1010 3782 Ut
1033 3726 1078 3780 si
1112 3726 1307 3780 bonum
1334 3725 1650 3790 dixerimus,
1677 3741 1770 3781 cas

183 3828 282 3868 nos
327 3828 544 3884 quoque
583 3813 870 3869 observare
913 3829 1202 3884 cogamus;
1249 3817 1294 3869 si
1321 3825 1497 3870 autem
1528 3818 1766 3881 malum,

183 3918 290 3958 non
321 3920 472 3967 vere,
506 3903 601 3958 sed
631 3903 880 3957 simulate
906 3904 974 3956 ab
1005 3905 1279 3970 Apostolis
1308 3904 1621 3958 observatas
1647 3921 1768 3961 esse

182 3996 494 4049 credamus.
541 3993 656 4062 Ego
703 4008 832 4047 vero
859 3995 1150 4060 Apostolis,
1187 4008 1294 4046 non
1323 4001 1430 4046 tam
1459 3994 1766 4061 exemplum

182 4084 643 4154 PhiIOSOphorum
676 4085 859 4144 timeo.
892 4083 1105 4152 quando
1135 4091 1192 4136 et
1217 4082 1291 4136 illi
1323 4083 1375 4136 in
1403 4097 1498 4136 sua
1523 4082 1768 4150 disputa-

182 4176 331 4230 tione
361 4173 480 4229 veri
506 4174 707 4243 aliquid
736 4174 938 4238 dicunt,
966 4189 1123 4243 quam
1150 4172 1452 4227 forensium
1475 4171 1767 4231 advocato.-

179 4280 323 4330 rum,
354 4261 580 4336 quando
609 4264 660 4318 in
693 4263 987 4318 alienarum
1040 4278 1324 4318 causarum
1371 4264 1584 4319 actione
1610 4280 1764 4320 men-

180 4358 408 4412 tiuntur.
459 4354 700 4422 Quorum
744 4356 1060 4420 similitudo,
1108 4356 1155 4410 si
1185 4358 1236 4410 in
1266 4356 1382 4426 ipsa
1427 4356 1763 4426 expositione

184 4448 436 4516 epistolae
481 4446 548 4501 ad
579 4447 796 4503 Galatas
821 4446 888 4502 ad
916 4446 1339 4503 conﬁrmandam
1366 4436 1762 4506 simulationem

181 4536 326 4593 Petri
378 4548 436 4594 et
484 4537 630 4592 Pauli
661 4545 844 4607 putata
872 4546 956 4593 est
984 4537 1237 4593 decenter
1264 4537 1477 4605 induci;
1508 4539 1636 4610 quid
1665 4555 1766 4610 ego

181 4629 324 4698 apud
375 4640 430 4686 te
485 4629 700 4684 timeam
745 4644 941 4684 nomen
985 4628 1478 4698 PliilOSOphorum,
1523 4631 1612 4700 qui
1657 4646 1764 4686 non

181 4731 471 4792 propterea
515 4722 636 4776 vani
685 4729 830 4786 sunt,
873 4721 997 4790 quia
1042 4722 1221 4775 omnia
1271 4721 1402 4777 falsa
1430 4723 1632 4788 dicunt,
1665 4723 1764 4779 sed

180 4813 304 4880 quia
348 4822 404 4868 et
449 4811 599 4866 falsis
627 4811 896 4882 plerisque
922 4811 1218 4877 conliduut,
1251 4821 1305 4867 et
1333 4813 1421 4867 ubi
1452 4828 1575 4868 vera
1606 4815 1762 4870 inve-

181 4900 408 4954 niuntur
435 4900 635 4969 dicere,
663 4915 694 4955 a
718 4899 913 4956 Christi
941 4902 1154 4972 gratia,
1172 4901 1264 4971 qui
1292 4911 1375 4958 est
1400 4904 1512 4972 ipsa
1541 4907 1758 4972 veritas,

179 4989 345 5044 alieni
378 4999 521 5045 sunt.
538 5013 540 5016 ν
558 5011 588 5049 ι,
815 5056 833 5063 _
1594 5053 1599 5057 ,

255 5081 345 5136 id.
396 5100 426 5134 ι
451 5080 557 5135 Cur
575 5091 748 5137 autem
773 5098 879 5138 non
907 5083 1082 5139 dicam
1114 5083 1493 5153 prmeeptailla
1521 5093 1759 5141 veterum

181 5180 640 5227 sacramentorum
665 5188 762 5228 nec
786 5173 921 5228 bona
950 5188 1091 5238 esse,
1118 5174 1243 5244 quia
1271 5189 1375 5226 non
1405 5174 1483 5228 eis
1510 5173 1761 5230 homines

179 5261 572 5331 justiticantur;
607 5264 809 5318 umbras
851 5265 996 5319 enim
1026 5273 1152 5320 sunt
1177 5265 1598 5334 praenuntiantes
1632 5280 1762 5335 gra-

186 5355 332 5420 tiam,
379 5372 478 5426 qua
503 5356 869 5426 justiﬁcamur
898 5375 910 5410 :
941 5373 1041 5412 nec
1068 5367 1247 5412 tamen
1277 5358 1434 5424 mala,
1467 5358 1588 5428 quia
1617 5357 1762 5412 divi-

185 5445 330 5498 nitus
375 5457 636 5516 praecepta
680 5452 826 5513 sunt,
860 5448 1191 5516 temporibus
1232 5448 1586 5517 personisque
1624 5461 1759 5502 eou-

251 5595 314 5648 lal
351 5598 656 5650 Benedictini
680 5601 782 5665 sine
801 5598 888 5651 illa
903 5599 1282 5665 circumcisione,
1311 5608 1408 5665 tum
1427 5602 1523 5650 duo
1545 5601 1759 5665 Vaticani

319 5673 414 5727 non
436 5675 590 5722 posse,
607 5669 653 5712 et
675 5661 729 5727 id
751 5669 1010 5727 [tortorem
1033 5661 1241 5727 gentium
1263 5662 1454 5727 sentire.

233 5718 304 5777 fit)
342 5718 466 5774 uss.
489 5718 584 5775 sex'
605 5724 730 5784 apud
751 5718 1118 5786 Benedictin'os,
1147 5735 1240 5785 qua
1256 5725 1536 5796 ostenderet.

1524 343 1852 400 Ei’lSTOLA
1891 343 2075 400 CXVI.

3319 353 3426 408 9η

1849 457 2096 527 gruentia
2160 472 2174 510 :
2240 469 2468 526 cumque
2512 470 2599 512 me
2643 457 2855 526 adjuvet
2897 461 3058 517 etiam
3111 465 3421 534 prophetica
3474 504 3477 506 -

1849 547 2134 613 sententia,
2164 562 2264 617 qua
2295 547 2424 602 dicit
2456 548 2597 602 Deus
2625 565 2683 604 se
2711 551 2784 603 illi
2815 552 3011 619 populo
3041 553 3254 612 dedisse
3285 576 3426 629 pra:-

1850 648 1994 708 cepta
2023 656 2125 692 non
2147 640 2276 692 bona
2304 639 2516 710 (Ezec/t.
2546 641 2639 696 9-0.
2670 641 2764 710 23)
2792 642 2814 694 ?
2843 643 3004 698 Forte
3038 646 3180 700 enim
3212 660 3427 718 propte-
3490 646 3500 678 ί

1851 745 1939 783 rea
1985 745 2088 784 non
2134 731 2268 785 dixit
2310 733 2488 796 mala;
2531 732 2625 786 sed
2678 741 2887 787 tantum
2917 749 3020 788 non
3054 735 3214 800 bona,
3244 739 3293 790 id
3323 751 3426 805 est,

1851 834 1957 873 non
1987 820 2129 886 talia,
2165 831 2221 874 ut
2265 821 2369 875 illis
2413 821 2657 876 homines
2705 822 2829 876 boni
2863 823 3016 889 ﬁant,
3047 827 3281 880 autsine
3328 829 3432 882 illis

1852 910 1978 965 boui
2007 927 2113 964 nou
2145 913 2290 965 tiant.
2322 912 2522 966 Vellem
2548 928 2631 966 me
2653 913 2868 969 doceret
2897 916 3124 986 benigna
3151 917 3432 972 sinceritas

1856 1010 1964 1066 tua,
2021 1010 2196 1067 utrum
2245 1002 2494 1056 simulate
2537 1005 2816 1073 quisquam
2877 1015 3097 1060 sanctus
3155 1008 3433 1062 orientalis

1853 1106 1974 1143 cum
2022 1092 2243 1145 Romam
2275 1093 2503 1158 venerit,
2530 1094 2740 1162 jejuuet
2785 1096 3028 1162 sabbato,
3070 1109 3295 1166 excepto
3341 1100 3431 1152 illo

1854 1180 1943 1236 die
1967 1181 2240 1236 Paschalis
2260 1183 2473 1252 vigilite.
2499 1184 2652 1249 Quod
2673 1185 2718 1237 si
2746 1186 2943 1239 malum
2971 1201 3090 1241 esse
3113 1187 3430 1252 dixerimus,

1856 1286 1961 1324 non
1992 1272 2164 1324 solum
2195 1273 2493 1326 Romanam
2520 1273 2834 1339 Eeclesiam,
2865 1276 2958 1330 sed
2983 1277 3142 1331 etiam
3168 1275 3245 1349 (ε)
3268 1280 3429 1332 multa

1857 1362 1905 1414 ei
1955 1362 2148 1426 vicina,
2196 1371 2253 1417 et
2301 1363 2574 1432 aliquanto
2605 1366 2892 1419 remotiora
2921 1366 3313 1434 damnabimus,
3345 1370 3430 1422 ubi

1858 1466 1976 1506 mos
2018 1452 2159 1506 idem
2207 1462 2421 1508 tcnctur
2445 1465 2501 1509 et
2529 1466 2728 1510 manet.
2760 1457 2814 1510 Si
2845 1467 3022 1511 autem
3056 1473 3158 1511 nou
3184 1459 3431 1528 jejuuare

1858 1543 2080 1597 sabbato
2124 1545 2320 1599 malum
2352 1549 2738 1615 putaverimus,
2772 1559 2848 1604 tot
2876 1550 3146 1606 Ecclesias
3174 1553 3428 1620 Orientis,

1859 1643 1911 1687 et
1957 1635 2126 1687 multo
2171 1636 2427 1702 majorem
2456 1639 2602 1692 orbis
2642 1637 2927 1695 Christiani
2961 1653 3187 1710 partem,
3221 1661 3322 1711 qua
3357 1655 3436 1697 tc-

1858 1723 2104 1776 meritate
2148 1723 2580 1779 criminabimur?
2627 1729 2876 1784 Placetne
2924 1732 3038 1795 tibi,
3091 1742 3146 1784 ut
3200 1733 3432 1787 medium

1859 1809 2108 1878 quiddam
2140 1825 2260 1865 esse
2302 1811 2563 1879 dicamus,
2594 1817 2734 1884 quod
2779 1827 2956 1871 tamen
2999 1823 3328 1889 acceptaliile
3362 1824 3433 1876 sit

1859 1899 1929 1961 ei,
1974 1900 2062 1966 qui
2112 1899 2214 1953 hoc
2244 1916 2350 1956 non
2397 1904 2669 1967 simulate.
2701 1907 2795 1961 sed
2825 1912 3138 1979 congruenti
3166 1915 3429 1967 societate

1860 1999 2020 2057 atque
2063 1989 2399 2046 observantia
2431 1993 2659 2049 fecerit?
2688 1995 2755 2050 Et
2785 2007 2963 2052 tamen
2995 2000 3126 2054 nihil
3159 2002 3279 2056 inde
3309 2004 3441 2070 legi-

1863 2097 1983 2134 mus
2012 2082 2062 2134 in
2090 2081 2371 2137 Canonicis
2399 2085 2548 2139 libris
2578 2098 2907 2156 praceptum
2931 2105 3053 2145 esse
3079 2091 3398 2148 Christianis
3425 2113 3440 2148 :

1862 2182 2064 2240 quanto
2109 2174 2279 2242 magis
2325 2175 2454 2229 illud
2498 2177 2697 2230 malum
2727 2178 2904 2234 dicere
2933 2196 3036 2234 non
3067 2181 3264 2248 audeo,
3298 2184 3440 2252 quod

1866 2261 2032 2316 Deum
2083 2265 2402 2334 prmcepisse
2449 2267 2565 2336 ipsa
2611 2267 2915 2324 Christiana
2957 2271 3060 2326 ﬁde
3091 2289 3303 2344 .ncgare
3335 2291 3442 2329 non

1865 2367 2086 2421 possum
2116 2371 2129 2405 :
2161 2369 2263 2423 qua
2307 2353 2401 2425 [aL
2437 2357 2557 2425 quia
2601 2356 2763 2412 didici
2797 2375 2899 2413 non
2929 2375 2994 2416 eo
3026 2377 3110 2416 me
3135 2361 3440 2431 justiticari,

1865 2443 1960 2498 sed
2005 2445 2176 2513 gratia
2221 2445 2316 2500 Dei
2358 2461 2454 2516 per
2497 2446 2677 2502 Jesum
2731 2448 3005 2504 Christum
3034 2452 3318 2508 Dominum
3345 2472 3444 2510 no-

1867 2535 2069 2588 strum?
2114 2551 2134 2586 ι

1939 2625 2026 2679 15.
2074 2643 2094 2677 ι
2120 2626 2247 2681 Dico
2271 2641 2399 2698 ergo
2424 2629 2884 2686 circumcisioncm
2935 2636 3200 2704 prreputii,
3285 2638 3448 2709 769

1867 2722 1922 2769 ct
1937 2724 2131 2770 etetcra
2162 2717 2486 2787 hujusmodi,
2507 2722 2668 2789 priori
2691 2725 2887 2793 popqu
2911 2742 3004 2794 per
3021 2727 3443 2788 Testamentum.

1869 2805 2010 2874 quod
2038 2816 2191 2863 vetus
2221 2808 2436 2877 dicitur,
2465 2811 2723 2867 divinitus
2751 2814 2873 2868 data
2905 2816 2970 2869 ad
2999 2818 3445 2886 significationem

1873 2897 2194 2962 futurorum,
2241 2915 2361 2968 quas
2408 2915 2504 2969 per
2551 2901 2824 2957 Christum
2872 2906 3156 2972 oportebat
3185 2907 3441 2975 impleri:

1871 2989 2064 3057 quibus
2091 2988 2500 3045 advenientibus
2527 2996 2852 3049 remansisse
2885 2997 2970 3048 illa
3018 2997 3335 3053 Christianis
3367 3003 3446 3056 le-

1871 3080 2042 3148 genda
2074 3089 2275 3135 tantum
2295 3083 2358 3136 ad
2384 3084 2786 3152 izttelligvnliatu
2810 3088 3097 3155 prietnissm
3119 3089 3446 3160 Prophctim,

1872 3187 1980 3226 non
2009 3183 2187 3228 autem
2213 3177 2512 3230 necessaria
2547 3178 2783 3233 facienda
2821 3199 2832 3234 :
2862 3183 3012 3250 quasi
3055 3183 3231 3240 adhuc
3279 3202 3447 3255 expe-

1873 3265 2124 3318 ctandum
2153 3276 2318 3334 esset,
2340 3277 2396 3322 ut
2415 3269 2622 3322 veniret
2654 3270 2774 3324 ﬁdei
2805 3273 3080 3337 revelatio,
3113 3290 3233 3344 qua:
3263 3276 3344 3330 his
3375 3277 3449 3330 si-

1873 3355 2223 3425 gnificabatur
2290 3373 2412 3414 esse
2460 3369 2704 3415 ventura.
2756 3362 2861 3417 Sed
2911 3365 3151 3432 quamvis
3202 3367 3452 3436 gentibus

1875 3446 2194 3513 imponenda
2241 3464 2344 3504 non
2375 3462 2578 3515 esseut,
2612 3467 2717 3506 non
2751 3463 2928 3508 tamen
2975 3455 3053 3510 sic
3081 3455 3330 3512 debuisse
3357 3475 3452 3512 au-

1875 3536 2001 3591 fcrri
2021 3554 2051 3592 a
2076 3541 2463 3594 consuetudine
2485 3541 2811 3609 .ludacorum,
2842 3555 3092 3616 tanquam
3137 3546 3451 3603 detestanda

1875 3635 2034 3697 atque
2082 3629 2404 3685 damnanda.
2454 3631 2664 3687 Sensim
2714 3635 2937 3702 proinde
2987 3645 3146 3706 atque
3193 3639 3450 3708 paulatim

1871 3718 2114 3775 fervente
2159 3735 2288 3776 sana
2320 3722 2701 3791 prtedicatione
2728 3727 2912 3794 gratia:
2954 3726 3174 3793 Christi,
3207 3745 3308 3797 qua
3338 3732 3450 3784 sola

1875 3820 2096 3865 nossent
2140 3813 2425 3867 credentes
2469 3831 2529 3868 se
2553 3816 2856 3882 justiticari,
2887 3815 3171 3883 salvosque
3196 3817 3311 3872 ﬁeri
3343 3835 3450 3874 non

1876 3899 1980 3951 illis
1997 3899 2200 3954 umbris
2219 3917 2400 3956 rerum
2422 3912 2576 3956 antea
2599 3903 2916 3968 futurarum,
2944 3913 3069 3958 tunc
3090 3905 3204 3972 jam
3226 3908 3453 3962 venien-

1878 3991 2006 4042 tium
2039 3999 2196 4059 atque
2224 3993 2591 4061 praesentium,
2628 4004 2685 4047 ut
2715 3994 2766 4047 in
2796 3994 3005 4048 illorum
3029 3995 3335 4051 Judaeorum
3360 4015 3453 4052 vo-

1875 4080 2109 4145 catione,
2139 4097 2274 4150 quos
2307 4083 2592 4149 prmsentia
2619 4084 2792 4139 carnis
2826 4085 3032 4140 Domini
3061 4095 3114 4141 et
3142 4087 3450 4156 Apostolica

1879 4179 2118 4237 tempora
2167 4171 2243 4224 sic
2291 4171 2626 4239 invenerant,
2657 4175 2830 4228 omnis
2861 4175 2948 4229 illa
2976 4176 3117 4231 actio
3149 4177 3229 4249 (ά)
3255 4191 3453 4233 consu-

1876 4271 2112 4316 meretur
2157 4262 2488 4328 umbrarum,
2525 4263 2627 4320 hoc
2657 4266 2735 4320 cis
2764 4267 3041 4323 suliecisse
3070 4269 3136 4324 ad
3176 4285 3454 4326 commen-

1875 4351 2186 4420 dationem,
2235 4364 2293 4408 ut
2351 4369 2457 4408 non
2507 4364 2758 4426 tanquam
2803 4358 3116 4417 detestanda
3159 4372 3216 4418 et
3261 4364 3453 4421 similis

1875 4442 2193 4498 idololatria:
2237 4446 2517 4512 vitaretur,
2569 4447 2704 4503 ultra
2749 4466 2878 4506 vero
2921 4467 3026 4509 non
3073 4454 3294 4512 haberet
3324 4474 3454 4526 pro-

1873 4548 2149 4602 gressum;
2204 4552 2270 4592 ne
2307 4547 2579 4604 putaretur
2609 4543 2934 4608 necessaria,
2965 4555 3232 4615 tanquam
3271 4550 3354 4602 vel
3384 4551 3454 4603 ab

1874 4625 1960 4678 illa
1999 4626 2144 4679 salus
2188 4637 2349 4692 esset,
2398 4630 2481 4685 vel
2523 4632 2640 4686 sine
2671 4633 2759 4687 illa
2787 4648 2908 4687 esse
2935 4650 3040 4702 non
3069 4645 3266 4702 posset.
3296 4637 3449 4703 Quod

1875 4724 2194 4784 putaverunt
2242 4717 2502 4785 ha‘retici,
2546 4722 2634 4790 qui
2681 4723 2805 4776 dum
2851 4720 2920 4793 (ε)
2976 4723 3162 4777 volunt
3198 4734 3250 4777 et
3278 4724 3450 4781 Judzci

1872 4823 1991 4863 esse
2020 4819 2074 4864 ct
2128 4809 2440 4878 Christiani,
2490 4828 2593 4867 nec
2635 4813 2806 4868 Judaei
2860 4829 2959 4867 nec
2999 4813 3286 4868 Christiani
3331 4833 3452 4873 esse

1872 4911 2186 4970 potuerunt.
2251 4904 2487 4970 Quorum
2561 4907 2881 4958 sententiam
2933 4905 3065 4959 mihi
3115 4907 3450 4973 cavendam,

1870 4993 2117 5060 quamvis
2164 4992 2215 5045 in
2271 5008 2333 5046 ea
2381 5009 2644 5061 nunquam
2676 4993 2888 5061 fuerim,
2924 5005 3098 5050 tamen
3128 4996 3453 5053 benevolen-

1871 5083 2079 5135 tissime
2123 5081 2414 5136 admonere
2455 5084 2702 5152 dignatus
2747 5101 2806 5140 es
2841 5103 2853 5139 :
2905 5087 2956 5138 in
2984 5087 3137 5156 cujus
3163 5091 3448 5145 sententia:

1870 5187 1975 5226 non
2004 5175 2438 5236 consensionem,
2472 5177 2564 5227 sed
2599 5175 2996 5230 sinmlationem
3026 5178 3217 5232 Petrus
3248 5179 3442 5239 timore

1869 5262 2149 5328 inciderat,
2197 5270 2256 5316 ut
2279 5263 2346 5316 de
2377 5263 2470 5317 illo
2499 5264 2694 5318 l'aulus
2737 5265 3019 5322 verissime
3047 5269 3308 5325 scriberet
3337 5287 3352 5325 :
3382 5270 3449 5343 (ι’)

1937 5415 1998 5482 (c)
2037 5416 2284 5484 Victorius
2304 5415 2428 5478 legit
2449 5415 2625 5484 inultus
2646 5415 2694 5466 ei
2723 5416 2930 5484 vicinas,
2957 5425 3002 5468 et
3022 5419 3267 5484 aliquanto
3291 5437 3446 5475 remo-

1868 5477 2013 5548 ιῇορ-έε
2028 5515 2040 5537 ,
2054 5477 2448 5548 _impressamque
2471 5477 2733 5527 lectionem
2756 5477 3115 5544 reprehendit,
3135 5487 3261 5548 quod
3285 5500 3448 5536 sermo

1867 5541 1932 5589 de
1955 5539 2188 5588 Ecclesiis
2205 5540 2285 5588 sit.

1956 5601 2007 5663 ά)
2048 5601 2161 5649 Mss.
2187 5602 2404 5663 quinque
2425 5606 2847 5656 consummaretur.

1956 5662 2002 5722 e)’
2039 5663 2283 5711 Victorius
2303 5662 2547 5711 voluerunt
2569 5676 2653 5722 pro
2677 5663 2834 5713 volunt
2855 5665 3092 5719 immutat.

2001 5737 2006 5740 '
2032 5723 2355 5786 Benedictini,
2381 5724 2506 5786 quod
2530 5737 2639 5787 cum
2672 5724 2882 5778 vt'd‘sset.
