4026 6186
625 324 731 381 947

626 449 730 504 cst,
756 437 857 492 Hic
868 440 978 510 jam
999 435 1237 507 (puri-itur
1257 431 1385 484 inter
1408 429 1796 498 dispensatores,
1819 433 1876 478 ut
1904 423 2070 492 ﬁdelis
2087 423 2198 491 quia

627 529 913 582 inveniatur
942 527 1018 596 (f.
1050 524 1164 578 Cor.
1197 521 1252 576 4.
1283 519 1376 591 2),
1418 527 1669 588 tauquam
1710 530 1957 584 magnum
2001 512 2201 583 aliquid

629 619 730 675 sibi
770 617 1000 671 fideliter
1036 612 1287 668 didicisse
1317 610 1633 673 videantur,
1665 623 1763 678 pro
1800 606 2042 661 veritatis
2088 604 2199 659 dis,-

626 709 940 777 pensatioue
978 703 1214 768 mentiri,
1238 719 1356 758 cum
1383 706 1496 773 ipsa
1518 701 1649 756 fides
1679 702 1732 755 in
1759 699 1924 753 latino
1953 711 2203 752 sermone

624 796 691 849 ab
720 810 785 849 eo
814 793 1023 850 dicatur
1061 792 1362 864 appellata,
1392 793 1514 861 quia
1555 791 1612 845 flt
1653 789 1794 860 quod
1835 788 2052 846 dicitur.
2102 785 2200 841 Ubi

621 895 798 942 autem
848 885 906 938 fit
948 885 1089 954 quod
1137 884 1354 949 dicitur,
1401 882 1692 938 mentiendi
1741 881 1924 949 utique
1966 893 2070 931 non
2119 885 2202 931 est

622 976 792 1031 locus.
839 974 1040 1030 Fidelis
1081 973 1240 1044 igitur
1283 975 1621 1042 dispensator
1665 971 1955 1040 Apostolus
2002 967 2201 1023 Paulus

618 1067 806 1137 procul
834 1066 997 1120 dubio
1025 1066 1178 1120 nobis
1203 1064 1418 1119 exhibet
1449 1064 1500 1118 in
1533 1061 1818 1117 scribendo
1841 1060 2000 1114 fidem
2030 1077 2044 1113 :
2078 1057 2200 1126 quia

618 1159 865 1213 veritatis
894 1157 1235 1226 dispensator
1256 1164 1390 1217 crat,
1425 1169 1530 1208 non
1562 1153 1828 1206 falsitatis.
1875 1152 1951 1205 Ac
1979 1165 2072 1218 per
2100 1150 2200 1201 hoc

618 1265 804 1305 verum
835 1250 1085 1318 scripsit,
1116 1248 1311 1302 vidisse
1341 1260 1401 1301 se
1426 1247 1643 1301 Petrum
1686 1259 1790 1297 non
1835 1251 1982 1298 recte
2021 1241 2200 1309 ingre-

619 1341 860 1397 dientem
886 1342 951 1396 ad
977 1341 1258 1397 veritatem
1288 1339 1585 1408 Evangelii,
1619 1339 1775 1407 eique
1805 1337 1856 1389 in
1887 1335 2071 1388 faciem
2109 1348 2197 1387 re-

617 1433 839 1498 stitisse,
864 1432 1007 1502 quod
1031 1440 1215 1502 gentes
1243 1440 1461 1500 erigeret
1488 1429 1764 1496 judaizare
1794 1428 1812 1497 (
1836 1425 1934 1480 Gal
1980 1425 2036 1478 2.
2067 1425 2133 1478 ll
2156 1423 2196 1493 ).

620 1522 742 1593 ipse
770 1539 899 1586 vero
943 1524 1133 1578 Petrus
1153 1564 1166 1588 ,
1194 1523 1339 1593 quod
1365 1537 1393 1575 a
1427 1522 1594 1576 Paulo
1623 1521 1781 1574 fiebat
1812 1519 2012 1572 utiliter
2039 1516 2199 1570 liber-

618 1623 729 1671 tate
768 1615 1032 1682 caritatis,
1061 1623 1243 1669 sancta
1282 1629 1345 1668 ac
1384 1614 1609 1681 benigna
1652 1611 1848 1678 pietate
1884 1605 2196 1662 humilitatis

617 1705 825 1774 accepit
854 1713 1056 1774 :atque
1079 1705 1148 1759 ita
1180 1704 1353 1768 rarius
1389 1713 1443 1758 et
1484 1702 1720 1756 sanctius
1759 1699 2062 1767 exemplum
2104 1711 2199 1766 po-

617 1794 778 1849 stcris
819 1795 1081 1863 praebuit,
1121 1808 1227 1862 quo
1269 1808 1374 1846 non
1417 1790 1836 1860 dcdignarentur
1865 1787 2031 1843 sicubi
2063 1785 2200 1840 forte

617 1884 750 1940 recti
799 1884 1065 1939 tramitem
1109 1883 1482 1953 reliquissent,
1527 1882 1686 1935 etiam
1737 1894 1766 1932 a
1817 1875 2197 1946 posterioribus

618 1975 848 2046 corrigi;
898 1990 1056 2045 quam
1101 1975 1330 2040 Paulus,
1379 1987 1484 2043 quo
1531 1970 1863 2026 confidenter
1904 1969 2194 2032 auderent,

617 2067 777 2122 etiam
809 2067 1046 2120 minores
1072 2065 1364 2135 majoribus
1390 2079 1485 2133 pro
1515 2060 1846 2117 defendenda
1873 2057 2194 2128 Evangelica

617 2161 865 2222 veritate,
901 2159 1047 2212 salva
1079 2155 1310 2212 fraterna
1351 2155 1573 2210 caritate
1612 2154 1882 2208 resistere.
1915 2150 2047 2204 Nam
2073 2163 2195 2203 cum

615 2252 784 2306 satius
804 2251 892 2314 sit,
919 2265 947 2304 a
978 2248 1208 2305 tenendo
1237 2249 1425 2303 itinere
1453 2247 1505 2301 in
1534 2246 1680 2300 nullo
1703 2287 1717 2308 ,
1746 2259 1905 2314 quam
1935 2243 1988 2296 in
2017 2242 2195 2311 aliquo

616 2341 918 2407 declinare;
963 2355 1143 2396 unum
1184 2354 1279 2393 esr
1322 2348 1495 2393 tamen
1542 2336 1836 2390 mirabilius
1863 2342 1918 2388 et
1947 2331 2192 2387 laudabi-

507 2459 520 2474 ι
615 2433 738 2496 lius,
767 2431 997 2486 libenter
1030 2432 1273 2500 accipere
1308 2430 1664 2498 corrigentem
1685 2469 1700 2494 ,
1741 2440 1901 2496 quam
1942 2423 2196 2478 audacter

623 2523 894 2592 corrigere
921 2522 1242 2575 deviantem.
1286 2521 1382 2574 Est
1411 2521 1526 2573 laus
1551 2520 1726 2588 itaque
1749 2517 1909 2586 justze
1932 2514 2194 2570 libertatis

617 2614 672 2668 in
695 2614 859 2668 Paulo
875 2622 927 2668 ct
944 2621 1140 2667 sancta:
1157 2611 1470 2666 humilitatis
1490 2612 1541 2666 in
1563 2610 1757 2666 Petro:
1781 2624 1920 2679 quae,
1936 2616 2194 2677 quantum

618 2703 750 2758 mihi
781 2718 876 2773 pro
905 2703 1119 2757 modulo
1144 2717 1268 2757 meo
1290 2702 1520 2767 videtur,
1544 2702 1713 2771 magis
1743 2701 1913 2755 fuerat
1937 2699 2197 2753 adversus

615 2793 1023 2854 calumniantem
1048 2792 1396 2864 Porphyrium
1418 2790 1773 2858 defendenda,
1791 2805 1950 2861 quam
1966 2799 2022 2844 ut
2037 2788 2084 2843 ei
2102 2787 2197 2842 da-

615 2889 764 2936 retur
782 2881 1110 2936 obtrectandi
1140 2881 1309 2952 major
1329 2882 1562 2947 occasio,
1580 2895 1682 2950 qua
1702 2880 1870 2934 multo
1894 2877 2195 2932 mordacius

614 2975 988 3030 criminaretur
1011 2973 1342 3030 Christianos
1386 2972 1647 3028 fallaciter
1717 2972 1878 3044 775
1952 2970 2032 3025 vel
2069 2982 2195 3024 suas

615 3068 818 3122 litteras
834 3065 1092 3128 scribere,
1116 3064 1198 3120 vel
1228 3065 1318 3119 Dei
1341 3063 1421 3119 sui
1445 3071 1776 3121 sacramenta
1797 3061 1872 3132 (α)
1894 3067 2143 3115 tractare.
2169 3077 2189 3111 ι

685 3157 776 3212 25.
837 3173 856 3209 ι
891 3156 1120 3226 Flagitas
1157 3170 1187 3209 a
1225 3170 1329 3220 mc,
1387 3163 1448 3208 ut
1499 3153 1729 3222 aliquem
1787 3151 1974 3205 saltem
2031 3163 2195 3203 unum

615 3246 914 3311 ostendam,
947 3245 1098 3314 cujus
1139 3245 1189 3299 iu
1230 3244 1329 3300 hac
1367 3258 1425 3299 re
1461 3242 1777 3298 sententiam
1816 3243 1916 3295 sita
1954 3246 2191 3304 secutus,

614 3353 737 3392 cum
769 3345 821 3390 tu
851 3345 955 3390 tam
988 3336 1164 3405 plures
1193 3335 1500 3389 nominatim
1529 3329 2028 3404 commemoraveris
2053 3369 2069 3396 ,
2104 3328 2194 3397 qui

618 3439 670 3482 te
711 3428 762 3480 in
802 3442 867 3480 eo
891 3467 905 3491 ,
946 3425 1087 3495 quod
1123 3427 1319 3480 astruis
1356 3433 1777 3496 praecesserunt;
1819 3431 2008 3492 petens
2046 3430 2104 3474 ut
2140 3420 2194 3474 in

616 3536 704 3583 eo,
745 3520 891 3589 quod
925 3531 976 3574 te
1014 3517 1349 3588 reprehendo,
1377 3524 1672 3578 errantem,
1716 3516 1885 3584 patiar
1925 3523 1983 3569 te
2012 3527 2195 3568 errare

616 3628 738 3666 cum
767 3612 995 3674 talibus;
1028 3601 1253 3680 quorum
1279 3622 1378 3678 ego
1407 3606 1578 3660 fateor
1612 3606 1880 3660 neminem
1919 3604 2057 3674 legi;
2099 3603 2194 3658 sed

619 3719 738 3756 cum
775 3703 940 3756 ferme
969 3716 1060 3756 sex
1087 3742 1101 3765 ,
1129 3700 1208 3754 vel
1236 3709 1459 3767 septem,
1489 3697 1676 3750 horum
1705 3702 1934 3764 quatuor
1959 3694 2194 3748 auctori-

626 3804 786 3850 tatem
817 3802 868 3847 lu
899 3806 1108 3862 quoque
1149 3789 1415 3859 iufriugis.
1459 3787 1590 3842 Nam
1629 3785 2012 3849 Laodicenum,
2043 3785 2195 3852 cujus

626 3899 819 3939 nomen
862 3891 1043 3948 taces,
1087 3880 1156 3937 de
1201 3879 1438 3935 Ecclesia
1488 3877 1622 3933 dicis
1665 3891 1838 3945 nuper
1882 3889 2191 3944 egressum;

615 3975 982 4031 Alexandrum
1022 3981 1201 4028 autem
1245 3982 1478 4028 veterem
1520 3969 1859 4033 haereticum;
1905 3967 2195 4036 Origenem

616 4082 746 4120 vero
772 4082 834 4121 ac
862 4064 1144 4136 Dydimum
1170 4063 1536 4132 reprehensos
1553 4061 1647 4115 abs
1679 4069 1761 4125 te,
1782 4061 1904 4130 lego
1933 4061 1983 4113 in
2009 4075 2196 4114 recen-

619 4157 845 4212 tioribus
870 4153 1266 4224 quarstionihus,
1295 4153 1536 4223 quamvis
1561 4150 1848 4220 Origenem
1880 4149 2197 4204 mirabiliter

617 4257 746 4300 ante
773 4243 1092 4298 laudaveris.
1121 4241 1254 4298 Cum
1284 4241 1366 4296 his
1386 4257 1512 4312 ergo
1538 4255 1721 4295 errare
1749 4247 1875 4309 puto
1896 4279 1911 4302 ,
1945 4241 2065 4308 quia
2096 4253 2194 4293 nec

618 4348 672 4392 te
696 4333 1092 4406 ipse-patieris;
1119 4333 1360 4403 quamvis
1377 4335 1478 4388 hoc
1499 4331 1718 4402 perinde
1742 4331 1949 4386 dicatur
1973 4349 2036 4387 ac
2066 4334 2108 4386 si
2139 4333 2190 4386 in

621 4428 722 4481 hac
764 4424 1026 4480 sententia
1067 4437 1174 4477 non
1218 4423 1531 4477 erraverint.
1563 4421 1695 4475 Nam
1723 4422 1842 4490 quis
1869 4431 1948 4476 est
1970 4464 1983 4485 ,
2016 4421 2194 4491 quise

617 4519 748 4572 velit
775 4530 896 4571 cum
923 4513 1164 4584 quolibet
1186 4511 1402 4567 errare?
1431 4511 1563 4565 Tres
1592 4511 1998 4579 igiturrestant,
2030 4513 2195 4566 Euse-

620 4609 739 4664 bius
785 4585 1128 4670 Emiscuus',‘
1151 4601 1464 4657 Theodorus
1511 4599 1892 4664 Heracleotes,
1934 4611 1988 4654 et
2034 4616 2192 4670 quem

618 4699 778 4772 paulo
803 4708 924 4767 post
941 4707 1349 4755 commemoras,
1371 4690 1622 4755 Joannes,
1645 4689 1734 4760 qui
1761 4690 1959 4742 dudum
1984 4691 2033 4742 in
2059 4691 2197 4744 Pon-

622 4791 800 4846 tifieali
822 4787 985 4860 gradu
1005 4782 1649 4853 Constantinopolitanam
1679 4781 1815 4836 rexit
1843 4780 2188 4835 Ecclesium.»

691 4879 784 4935 ﬁt.
817 4896 836 4930 ι
861 4877 1027 4932 Porro
1049 4875 1093 4930 si
1124 4886 1354 4944 quaeras,
1386 4870 1475 4926 vel.
1508 4870 1732 4935 recolas,
1764 4869 1889 4938 quid
1918 4868 2045 4924 hinc
2073 4883 2195 4925 sen-

621 4970 754 5026 serit
793 4977 973 5024 noster
996 4964 1069 5040 (ὁ)
1096 4964 1447 5020 Ambrosius:
1479 4961 1606 5033 quid
1644 4969 1828 5017 noster
1870 4959 2053 5015 itidem
2093 4961 2196 5033 Cy-

683 5109 758 5232 ξα)
790 5107 1113 5181 Benedictini,
1131 5109 1440 5179 sacramenta
1461 5110 1671 5165 portare.

711 5170 759 5232 ὁ)
793 5169 1000 5219 Difﬁcile
1022 5183 1079 5232 in,
1097 5169 1174 5218 lus
1194 5181 1307 5232 qua:
1326 5175 1586 5228 supersunt
1607 5168 1671 5232 Ar

649 5234 659 5243 .
793 5169 1000 5219 Difﬁcile
1022 5170 1072 5217 in
1097 5163 1174 5218 his
1194 5181 1308 5240 qua;
1326 5163 1586 5228 supersunt
1607 5163 1846 5238 Ambrosii
1869 5167 2061 5240 scriptis
2078 5169 2195 5230 quid

650 5246 728 5279 um
752 5245 781 5279 e
802 5237 1024 5279 occurrat
1057 5229 1419 5279 Augusttmante
1455 5234 1734 5277 sentcntiae.
1772 5227 1948 5279 Uttuue
1982 5243 2030 5277 tn
2055 5230 2194 5279 Com-

619 5227 781 5282 simile
802 5237 1024 5290 occurrat
1057 5227 1419 5290 Augustinianae
1455 5228 1734 5290 sentcntize.
1772 5227 1948 5290 Utique
1970 5227 2030 5277 in
2055 5227 2194 5279 Com-

621 5287 873 5354 mentariis
897 5293 943 5354 in
967 5287 1198 5354 epistolas
1220 5288 1353 5347 Pauli
1379 5290 1426 5336 in
1448 5287 1726 5354 Apiiettdice
1759 5287 1961 5354 secundi
1983 5292 2095 5338 tomi
2122 5292 2194 5354 in-

622 5341 823 5413 venias,
872 5341 1288 5400 (Interveniente
1326 5344 1468 5413 causa
1492 5341 2192 5413 'I‘iegliguntiae,velterroris’,

620 5408 859 5462 dissidere
892 5414 1023 5472 inter,
1035 5425 1091 5460 se
1108 5413 1332 5460 videntur
1343 5408 1575 5472 Apostoli.
1595 5417 1666 5472 et,
1684 5408 2197 5472 Reprehensibilisuti;

657 5486 722 5522 ue
737 5474 798 5521 ab
813 5471 1105 5536 Evangelica
1123 5474 1330 5521 veritate
1347 5509 1360 5526 ,
1387 5470 1460 5519 cui
1481 5470 1569 5518 hoc
1588 5471 1760 5531 factum
1796 5471 2154 5519 adversabatur.
2166 5487 2189 5517 ι

621 5486 744 5590 δαῖε
766 5532 889 5581 forte
915 5539 978 5582 ex
1001 5533 1228 5590 genuinis
1249 5531 1489 5580 Ambrosii
1512 5532 1818 5579 monimentis
1835 5539 2065 5590 excerpta
2083 5538 2189 5582 sunt

669 5546 744 5580 ua:
766 5531 889 5581 forte
915 5531 978 5582 ei
1001 5533 1228 5593 genuinis
1249 5531 1489 5580 Ambrosii
1512 5532 1818 5593 monimentis
1835 5539 2065 5592 excerpta
2083 5538 2198 5582 sunt

622 5602 652 5639 θ
671 5597 920 5642 neoterice
936 5591 1300 5653 interpolatoris.
1321 5593 1483 5650 Quoad
1501 5591 1718 5653 Cypriani
1738 5593 2080 5653 testimonium,
2099 5602 2194 5652 est,

625 5657 681 5715 ut
706 5659 958 5715 putamus,
987 5652 1118 5715 locus
1142 5654 1236 5700 iste
1257 5667 1403 5714 quem
1428 5652 1585 5700 tonuit
1609 5652 1804 5715 ep_ist._7
1820 5654 1858 5700 ι.
1875 5654 1940 5715 ad
1965 5654 2194 5714 Quintum

625 5708 841 5760 fratrem.
876 5729 898 5759 ι
916 5708 1020 5762 Nec
1041 5708 1311 5761 Petrus...'..
1338 5725 1444 5762 cum
1468 5725 1631 5762 secum
1643 5708 1838 5763 'Paulus
1855 5713 1916 5762 de
1941 5708 2192 5763 cii-cumci-

1907 305 2146 368 SA‘NCTI
2186 306 2567 373 l-IIERONYMI

3807 314 3922 372 948

2314 423 2550 491 prianus,
2581 420 2827 476 invenies
2851 420 3095 487 fortasse,
3125 435 3223 478 nec
3258 422 3412 479 nobis
3446 421 3691 482 defuisse
3713 464 3731 493 ,
3769 443 3917 499 quos

2309 512 2362 566 iu
2389 527 2475 576 eo,
2506 511 2648 582 quod
2677 512 2991 578 asserimus,
3019 528 3384 581 sequeremur,
3415 531 3728 588 quanquam
3765 523 3916 580 sicut

2308 602 2464 671 paulo
2506 610 2632 656 ante
2673 601 2820 668 dixi,
2866 618 3224 659 nuruuooo
3267 605 3562 676 Scripturis
3606 610 3911 670 Canonicis

2310 690 2447 744 hanc
2472 690 2755 759 ingenuam
2785 690 3007 748 debeam
3033 693 3368 759 servitutem,
3399 711 3503 766 qua
3529 713 3625 752 eas
3651 701 3806 758 solas
3835 705 3910 758 ita

2308 794 2521 848 sequar,
2549 788 2604 833 ut
2630 781 3025 850 conscriptores
3062 798 3246 838 carum
3289 785 3422 839 nihil
3464 788 3515 841 in
3551 791 3643 852 cis
3671 795 3906 851 omnino

2308 883 2540 935 errasse,
2570 870 2698 926 nihil
2729 870 2992 929 fallaciter
3020 874 3266 943 posuisse
3304 891 3411 930 non
3451 877 3714 938 dubitem.
3759 885 3906 940 Pro-

2308 958 2430 1014 inde
2459 975 2579 1014 cum
2609 976 2793 1031 qurere
2829 963 3040 1018 tertium
3063 1004 3079 1030 ,
3126 974 3184 1020 ut
3231 974 3338 1021 tres
3381 969 3548 1025 etiam
3583 987 3685 1039 ego
3723 976 3904 1034 tribus

2307 1065 2592 1120 Opponam,
2632 1069 2840 1122 possem
2881 1055 3116 1124 quidem,
3159 1067 3213 1112 ut
3257 1059 3510 1128 arbitror,
3538 1063 3698 1120 facile
3736 1083 3904 1138 repe-

2305 1143 2436 1210 rire,
2463 1145 2508 1198 si
2539 1145 2700 1199 multa
2729 1147 3000 1216 legissem.
3033 1147 3418 1206 Verumtamen
3463 1153 3580 1222 ipse
3621 1158 3751 1212 mihi
3797 1176 3900 1230 pro

2306 1231 2392 1287 his
2416 1234 2682 1302 omnibus,
2714 1237 2821 1290 imo
2846 1252 3010 1307 supra
3035 1237 3134 1292 hos
3159 1254 3348 1295 omnes
3372 1244 3664 1312 Apostolus
3692 1247 3893 1307 Paulus

2305 1327 2538 1381 occurrit
2566 1344 2579 1380 :
2605 1327 2670 1390 ad
2711 1328 2882 1396 ipsum
2919 1330 3198 1400 confugio;
3245 1331 3312 1386 ad
3342 1333 3517 1402 ipsum
3545 1337 3615 1391 ab
3640 1343 3894 1400 omnibus

2305 1416 2392 1484 qui
2429 1417 2573 1470 aliud
2611 1419 2850 1474 sentiunt
2893 1420 3194 1476 litterarum
3227 1429 3606 1483 tractatoribus
3632 1447 3889 1500 provoco,

2305 1504 2475 1573 ipsum
2502 1506 2836 1578 interrogans
2875 1509 3160 1578 interpello
3199 1520 3254 1566 et
3292 1515 3510 1584 requiro
3540 1517 3591 1571 in
3621 1534 3708 1584 eo,
3742 1525 3888 1592 quod

2303 1597 2516 1666 scripsit
2557 1598 2624 1654 ad
2667 1599 2902 1665 Galatas,
2936 1601 3133 1656 vidisse
3160 1618 3219 1658 se
3255 1603 3468 1661 Petrum
3501 1623 3609 1662 non
3636 1621 3786 1667 recte
3811 1614 3892 1669 in-

2301 1686 2631 1754 gredientem
2679 1688 2745 1751 ad
2791 1690 3068 1746 veritatem
3103 1691 3398 1762 Evangelii,
3430 1697 3587 1766 eique
3613 1699 3662 1752 in
3696 1699 3891 1758 faciem

2305 1784 2580 1845 propterea
2608 1778 2902 1845 restitisse,
2935 1780 3075 1848 quod
3107 1781 3192 1838 an
3223 1785 3558 1846 simulatione
3583 1799 3774 1858 gentes
3803 1795 3892 1861 ju—

2301 1862 2511 1932 daizare
2536 1869 2757 1934 cogehat
2784 1867 2976 1935 (Galat.
3002 1870 3056 1939 2.
3091 1870 3204 1937 Mi,
3235 1882 3411 1928 utrum
3438 1891 3620 1930 verum
3648 1884 3889 1950 scripse».

2301 1954 2402 2019 rit,
2430 1970 2496 2007 an
2541 1955 2678 2011 forte
2710 1959 2890 2012 nescio
2918 1975 3022 2028 qua
3052 1960 3419 2030 dispensatira
3462 1965 3692 2023 falsitate
3734 1986 3891 2027 men~

2303 2045 2426 2100 titus
2465 2046 2552 2101 sit.
2599 2046 2665 2102 Et
2704 2049 2862 2103 audio
2890 2066 3010 2105 eum
3044 2053 3200 2118 paulo
3230 2056 3504 2123 superius,
3537 2057 3588 2110 in
3627 2058 3889 2128 ejusdem

2301 2136 2620 2190 narrationis
2660 2140 2879 2193 csordio
2924 2140 3169 2210 religiosa
3198 2158 3327 2198 voce
3371 2145 3495 2199 mihi
3531 2147 3881 2215 clamantem,

2303 2219 2429 2285 Qua:
2451 2231 2617 2274 autem
2689 2223 2850 2304 776
2920 2223 3082 2283 scribo
3113 2226 3268 2294 vobis,
3297 2244 3408 2282 ecce
3427 2246 3595 2284 coram
3627 2229 3738 2286 Deo
3764 2239 3882 2304 quia

2299 2318 2398 2356 non
2425 2304 2638 2356 utentior
2661 2322 2678 2354 ι
2715 2303 2858 2372 (Gal.
2885 2306 2936 2360 ‘l.
2977 2305 3097 2376 90.)

2369 2383 2456 2440 ‘25.
2507 2402 2524 2435 ι
2557 2385 2692 2440 Dent
2723 2387 2928 2447 veniam
2969 2389 3196 2457 quilibet.
3234 2391 3376 2445 aliud
3421 2395 3735 2464 opinantes;
3781 2415 3881 2471 ego

2299 2477 2465 2544 magis
2505 2477 2667 2537 credo
2710 2487 2858 2532 tanto
2892 2480 3144 2557 Apostolo
3187 2483 3237 2535 in
3283 2485 3392 2538 Suis
3438 2486 3629 2542 litteris
3653 2491 3874 2561 juranti,

2297 2579 2454 2644 quam
2498 2567 2689 2636 cuique
2735 2566 3042 2632 doctissimo
3083 2570 3151 2640 de
3194 2571 3383 2638 alienis
3421 2575 3733 2646 disputanti.
3772 2582 3878 2638 Nec

2298 2655 2399 2710 dici
2429 2657 2610 2721 timeo,
2637 2672 2723 2713 mc
2744 2658 2821 2713 sic
2847 2659 3065 2714 Paulum
3093 2661 3399 2733 defendere,
3423 2669 3565 2737 quod
3588 2686 3694 2726 non
3717 2673 3879 2729 simu-

2297 2745 2419 2800 larit
2459 2762 2698 2803 errorem
2737 2748 3077 2817 Judzeorum,
3121 2752 3217 2807 sed
3251 2769 3375 2811 vere
3403 2756 3564 2812 fuerit
3589 2761 3644 2815 in
3670 2777 3872 2825 errore.

2297 2837 2557 2905 Quoniam
2587 2855 2762 2909 neque.
2783 2841 3065 2906 simulabat
3089 2860 3325 2900 errorem
3354 2849 3442 2918 qui
3469 2850 3716 2908 libertate
3735 2854 3878 2925 Apo:

2297 2929 2482 2983 stolica
2507 2968 2530 3002 ,δ
2554 2930 2690 2983 sicut
2717 2930 2787 2983 illi
2820 2932 3042 2998 tempori
3072 2935 3431 3004 congruebat,
3457 2948 3638 3002 vetera
3669 2943 3758 2999 illa
3785 2960 3878 2999 sa-

2297 3027 2565 3073 cramcnta
2592 3059 2607 3084 ,
2639 3019 2728 3072 ubi
2759 3035 2892 3089 opus
2923 3032 3037 3075 erat
3063 3024 3271 3096 agendo
3292 3067 3307 3092 ,
3336 3031 3751 3099 commendabat
3773 3050 3834 3090 ea
3856 3076 3872 3101 ,

2297 3124 2402 3162 null
2445 3109 2614 3173 solum
2657 3107 2868 3174 Salame
2907 3113 3136 3166 versutia
3179 3113 3509 3187 decipiendis
3551 3120 3872 3191 hominibus,

2297 3201 2390 3256 scd
2446 3202 2537 3255 1)εεὶ
2587 3201 2956 3272 providentia,
3002 3207 3421 3274 prmnnntiandis
3471 3211 3634 3266 rebus
3684 3213 3876 3276 futuris

2299 3292 2609 3362 prophetice
2646 3295 2950 3348 constituta.
2982 3294 3094 3362 Nec
3118 3312 3243 3352 vere
3271 3296 3444 3362 fuerat
3484 3301 3534 3367 in
3574 3319 3757 3361 errore
3779 3281 3874 3362 .lu?

2297 3383 2555 3447 damrum,
2587 3384 2676 3453 qui
2706 3399 2810 3438 non
2833 3385 3004 3450 solum
3033 3396 3281 3454 noverat,
3309 3389 3405 3454 sed
3428 3393 3589 3456 etiam
3621 3395 3876 3458 instanter

2297 3484 2350 3530 et
2378 3477 2574 3530 acriter
2604 3476 2924 3549 praedicabat
2948 3493 3040 3532 eos
3067 3495 3271 3545 errare,
3299 3483 3387 3552 qui
3418 3487 3676 3552 putabant
3704 3491 3875 3557 genti,

2296 3564 2392 3618 bus
2421 3565 2736 3634 imponenda
2757 3607 2772 3632 ,
2801 3567 2889 3621 vel
2928 3568 3293 3638 justificationi
3320 3588 3784 3649 quorumcumque
3808 3582 3871 3639 fi-

2298 3656 2492 3711 delium
2521 3659 2840 3713 necessaria.
2855 3679 2874 3712 ι

2366 3739 2456 3793 26.
2516 3758 2534 3791 ι
2572 3741 2724 3808 Quod
2762 3752 2937 3797 autem
2977 3745 3086 3800 dixi
3126 3761 3244 3802 cum
3287 3747 3479 3806 factum
3518 3753 3719 3811 Judaris
3758 3766 3865 3814 tan-

2297 3838 2452 3891 quam
2478 3823 2749 3890 Judacum,
2794 3835 2848 3880 et
2893 3835 3140 3897 tanquam
3181 3834 3431 3900 gentilcm
3471 3840 3740 3906 gentibus,
3767 3816 3875 3899 non

2299 3914 2606 3970 mentientis
2643 3925 2760 3972 astu
2791 3955 2807 3982 ,
2848 3917 2943 3976 sed
2980 3924 3351 3994 Compatientis
3388 3924 3577 3990 afl‘cctu
3618 3933 3873 3999 quemad-

2297 4005 2514 4066 modum
2551 4005 2813 4072 djxerim,
2859 4022 3043 4076 parum
3091 4011 3218 4074 mihi
3259 4013 3402 4078 visus
3446 4031 3505 4077 es
3550 4021 3869 4088 attendisse;

2298 4093 2406 4147 imo
2431 4110 2529 4164 ego
2559 4095 2783 4154 fortasse
2817 4111 2923 4152 non
2962 4098 3089 4167 satis
3127 4101 3228 4154 hoc
3263 4102 3550 4172 explanare
3591 4112 3870 4177 potuerim,

2297 4183 2480 4254 Neque
2507 4186 2650 4246 cttim
2682 4186 2781 4240 hoc
2821 4187 2940 4243 ideo
2970 4187 3109 4256 dixi,
3149 4191 3291 4260 quod
3331 4195 3750 4254 miscrictirditer
3785 4202 3869 4256 illa

2297 4276 2654 4344 simulaverit;
2685 4279 2778 4334 sed
2805 4281 2924 4359 quia
2954 4281 3030 4334 sic
3065 4297 3126 4336 ea
3165 4299 3270 4338 non
3311 4285 3617 4355 simulavit,
3651 4309 3764 4360 qum
3791 4263 3872 4352 fa-L

2297 4365 2469 4433 ciebat
2507 4368 2697 4435 similia
2736 4368 2973 4434 Judrcis;
3005 4372 3451 4440 quemadmodum
3494 4393 3594 4434 nec
3634 4381 3715 4434 illa
3755 4398 3872 4452 qua:

2300 4455 2528 4513 faciebat
2557 4460 2748 4518 similia
2775 4461 3041 4529 gentibus,
3074 4479 3191 4534 qua:
3223 4473 3276 4518 tu
3306 4482 3516 4542 quoque
3545 4485 3871 4528 commemo-

2303 4548 2428 4600 rasti
2463 4566 2474 4599 :
2499 4559 2658 4626 atque
2684 4549 2734 4616 in
2761 4565 2824 4603 eo
2849 4566 2953 4615 me,
2977 4553 3118 4621 quod
3148 4570 3250 4608 non
3282 4557 3486 4627 ingrate
3512 4562 3700 4627 fateor,
3728 4566 3875 4634 adju-

2299 4635 2437 4689 visti.
2483 4634 2614 4696 Cum
2646 4639 2786 4691 enim
2813 4639 2908 4693 abs
2942 4652 2991 4695 Ie
3017 4645 3328 4714 quaesissem
3362 4648 3414 4701 iu
3453 4651 3675 4718 cpistola
3717 4670 3833 4710 mea
3856 4698 3872 4725 ,

2298 4727 2563 4794 quomodo
2585 4737 2796 4806 putetur
2819 4732 2937 4785 ideo
2959 4732 3130 4799 factus
3147 4733 3345 4790 Juda:is
3364 4748 3602 4808 tanquam
3627 4739 3873 4810 Iudaeus,

2300 4818 2419 4887 quia
2459 4816 2716 4875 fallaciter
2750 4822 2985 4892 suscepit
3022 4837 3354 4891 sacramenta
3389 4828 3709 4897 Judmorum,
3747 4849 3874 4889 cum

2301 4916 2355 4962 ct
2398 4909 2640 4984 gentibus
2687 4919 2936 4987 tanquam
2981 4917 3194 4991 gentilis
3236 4917 3404 4974 factus
3431 4921 3516 4985 sit,
3549 4935 3651 4976 nec
3693 4900 3872 4990 tamen

2300 5001 2534 5081 suscepit
2565 5001 2820 5070 fallaciter
2845 5007 3102 5073 sacrificia
3134 5010 3406 5077 gentium;
3453 5019 3508 5072 tu
3548 5015 3870 5088 respondisti

2302 5093 2355 5148 in
2384 5108 2448 5147 co
2478 5092 2670 5150 factum
2698 5097 2942 5163 gentibus
2975 5107 3219 5166 tanquam
3247 5101 3496 5169 gentilem
3520 5143 3535 5168 ,
3565 5105 3708 5172 quod
3739 5121 3871 5175 prm-

2300 5183 2502 5254 putium
2535 5185 2828 5252 receperit;
2856 5185 2996 5254 quod
3023 5187 3389 5245 indifferenter
3409 5193 3714 5259 permiserit
3740 5197 3870 5249 vesci

2299 5297 2438 5368 sione
2460 5295 2760 5368 postmodum
2783 5297 3103 5368 disceptaret,
3143 5300 3402 5368 vindicavit
3421 5304 3511 5356 sibi
3538 5303 3724 5368 aliquid
3750 5308 3867 5355 ium-

2301 5355 2482 5426 lenter,
2509 5365 2592 5426 aut
2612 5365 2898 5426 arroganter
2915 5355 3185 5426 assumpsit
3199 5394 3214 5418 ,
3251 5355 3305 5410 ut
3326 5364 3515 5412 diceret
3539 5378 3597 5414 se
3623 5355 3870 5426 primatum

2301 5425 2502 5490 tenere,
2526 5419 2925 5490 et‘obtentperari
2950 5432 2987 5490 ᾖ
3015 5419 3240 5490 novellis,
3282 5429 3334 5490 et
3349 5427 3567 5490 posteris
3605 5419 3700 5476 sibi
3729 5431 3872 5490 potius

2301 5438 2502 5476 tenete,
2526 5438 2577 5474 ut
2599 5438 2925 5490 tiutuutpcmrt
2950 5438 2978 5466 a
3015 5438 3240 5479 novenis,
3282 5438 3334 5470 et
3376 5438 3567 5472 lOSlCI‘lS
3605 5438 3700 5476 SlDI
3729 5438 3872 5490 pOlttts

2300 5486 2547 5550 oportere;
2573 5478 2682 5550 nec
2699 5478 2927 5550 desperat
2951 5480 3167 5550 Paulum,
3194 5483 3322 5550 quod
3348 5438 3584 5550 kcclesite
3610 5491 3746 5548 prius
3766 5502 3872 5550 per:

2299 5536 2495 5608 secutor
2517 5536 2720 5599 fuisset;
2741 5536 3109 5608 sed-consilium
3124 5536 3353 5608 veritatis
3374 5545 3569 5594 admisit
3588 5536 3683 5605 ,‘et
3699 5536 3871 5597 raiioni

2299 5597 2549 5660 legitimae,
2574 5597 2717 5660 quam
2741 5599 2918 5649 Paulus
2936 5601 3222 5660 vindicabat,
3245 5601 3386 5652 facile
3403 5597 3670 5658 consentit.
3690 5627 3713 5653 ι
3743 5610 3872 5659 Hunc

2300 5657 2440 5728 certe
2464 5657 2618 5707 locum
2645 5661 2749 5728 ipsa
2770 5662 2951 5728 recitat
2966 5657 3263 5728 Augustinus
3285 5665 3342 5710 ad
3368 5679 3504 5728 suam
3529 5657 3656 5717 hanc
3677 5657 3872 5719 senten;

2300 5720 2414 5768 tiam
2439 5720 2750 5769 asserendam
2777 5721 2878 5769 iuit.
2907 5720 2988 5769 lib.
3014 5721 3059 5768 ‘2.
3083 5723 3145 5768 de
3170 5721 3288 5771 [lant
3321 5725 3557 5776 adversus
3584 5728 3859 5780 Donatistas
