4026 6186
148 306 250 363 949

144 421 276 476 cibis
296 459 309 480 .
340 431 474 488 quos
499 414 748 471 damnant
783 411 974 469 Judmi.
1019 410 1116 467 Ubi
1147 423 1244 478 ego
1274 421 1454 476 quer
1488 424 1500 459 :
1527 416 1704 460 utrum

144 521 199 566 et
222 510 322 564 hoc
347 508 589 562 simulate
615 505 827 558 fecerit?
851 501 1000 570 Quod
1025 501 1070 555 si
1091 497 1529 554 absurdissimum
1551 507 1711 565 alque

143 598 480 652 falsissimum
501 604 581 649 est
606 611 621 647 :
645 595 720 647 sic
747 608 875 662 ergo
899 604 952 646 et
977 591 1085 654 illa,
1113 588 1374 658 inquibus
1402 586 1708 640 Iudaeorum

143 686 505 743 consuetudini
536 683 861 753 congruebat
885 683 1131 736 libertate
1161 677 1439 746 prudenti,
1468 691 1572 729 non
1613 690 1709 727 ne-

142 779 388 832 cessitate
408 775 606 835 servili,
622 783 710 827 aut
732 771 872 840 quod
897 781 979 826 est
1001 768 1290 838 indignius,
1313 765 1713 835 dispensatione

142 869 314 922 fallaci
345 867 518 935 potius
542 880 700 934 quam
729 863 892 918 ﬁdeli.
923 881 942 914 ι

210 958 299 1010 27.
336 975 354 1007 ι
376 957 642 1010 Fidelibus
674 955 848 1016 enim,
881 962 934 1005 et
961 951 1042 1004 his
1072 950 1162 1018 qui
1191 954 1553 1017 cognoverunt
1577 943 1716 997 veri-

144 1056 325 1106 tatem,
357 1045 496 1099 sicut
524 1045 636 1112 ipse
663 1050 888 1098 testatur
917 1039 1038 1110 (nisi
1067 1039 1204 1092 forte
1229 1047 1282 1092 et
1312 1036 1396 1090 hic
1427 1033 1579 1101 fallit)
1610 1049 1718 1085 om-

141 1140 216 1193 nis
253 1147 487 1191 creatura
528 1135 620 1188 Dei
693 1133 851 1205 777
926 1134 1055 1186 bona
1101 1138 1194 1196 est,
1235 1137 1281 1182 et
1318 1127 1446 1180 nihil
1474 1124 1717 1195 objicien-

141 1231 281 1293 dum,
305 1227 442 1297 quod
466 1242 580 1279 cum
607 1226 883 1295 gratiarum
909 1223 1103 1276 actione
1130 1219 1378 1289 accipitur
1404 1216 1480 1289 (l.
1508 1215 1639 1268 Tim.
1661 1215 1713 1268 4.

139 1321 213 1390 ι).
261 1319 408 1388 Ergo
442 1328 496 1372 et
534 1317 633 1386 ipsi
674 1316 839 1370 Paulo
883 1329 990 1368 non
1031 1313 1202 1367 solum
1247 1309 1321 1382 (a)
1361 1311 1494 1374 viro,
1531 1319 1718 1360 verum

139 1413 299 1468 etiam
336 1407 695 1479 dispensatori
732 1407 960 1460 maxime
997 1404 1170 1467 ﬁdeli,
1203 1417 1308 1456 non
1345 1401 1516 1455 solum
1543 1398 1718 1467 cogni-

142 1501 265 1562 tori,
291 1514 478 1552 verum
504 1498 664 1552 etiam
699 1495 902 1549 doctori
933 1493 1202 1558 veritatis,
1233 1491 1407 1546 omnis
1448 1489 1629 1558 utique
1668 1487 1719 1540 in

141 1591 273 1646 cibis
295 1597 541 1644 creatura
573 1588 690 1652 Dei,
720 1602 825 1640 non
852 1584 1117 1648 simulate,
1147 1582 1242 1636 sed
1269 1596 1393 1635 vere
1422 1581 1557 1634 bona
1583 1585 1718 1632 erat.

142 1681 245 1735 Cur
271 1679 431 1749 igitur
453 1678 584 1732 nihil
610 1677 854 1730 simulate
874 1671 1216 1742 suscipiendo
1237 1685 1532 1733 sacrorum,
1555 1681 1724 1721 ciere—

140 1773 547 1839 moniarumque
567 1761 865 1838 gentilium,
885 1763 982 1818 sed
1001 1762 1066 1817 de
1091 1761 1223 1816 cibis
1244 1769 1296 1814 et
1319 1757 1574 1828 praeputio
1596 1770 1720 1808 vera

142 1861 448 1923 sentiendo,
481 1868 640 1928 atque
677 1855 955 1920 docendo,
1000 1862 1174 1906 tamen
1218 1860 1468 1919 tanquam
1509 1845 1722 1917 gentilis

141 1951 307 2006 factus
334 1959 416 2005 est
442 1950 711 2020 gentibus,
743 1955 797 2001 et
828 1960 934 1999 non
976 1943 1145 2014 potuit
1187 1941 1304 1996 fieri
1343 1949 1594 2007 tanquam
1625 1935 1720 1990 Ju-

141 2041 284 2096 dmus
318 2041 552 2104 ludatis,
590 2040 690 2093 nisi
737 2031 993 2092 fallaciter
1018 2031 1357 2101 suscipiendo
1385 2036 1723 2083 sacramenta

139 2130 484 2185 Judzeorum?
525 2131 630 2183 Cur
671 2129 903 2181 oleastro
947 2125 1148 2178 inserto
1173 2120 1476 2176 observavit
1503 2117 1722 2185 dispen-

137 2221 360 2275 sationis
385 2233 630 2273 veracem
659 2217 814 2270 fidem
838 2233 850 2268 :
877 2223 931 2270 et
955 2211 1284 2268 naturalibus
1308 2209 1472 2262 ramis
1500 2220 1604 2259 non
1627 2220 1723 2257 ex.-

139 2319 239 2376 tra,
269 2308 366 2364 sed
394 2310 447 2362 in
477 2307 668 2362 arbore
695 2305 997 2360 constitutis
1022 2342 1036 2367 ,
1064 2301 1244 2356 nescio
1269 2297 1410 2368 quod
1439 2297 1721 2365 dispensa-

137 2402 287 2456 toria:
317 2400 564 2454 velamen
589 2396 943 2453 simulationis
967 2391 1245 2448 obtendit?-
1271 2389 1378 2443 Cur
1407 2387 1576 2441 factus
1606 2393 1726 2438 tan—

138 2507 292 2562 quam
318 2491 536 2562 gentilis
562 2488 811 2559 gentibus
833 2528 848 2551 ,
875 2486 1016 2556 quod
1052 2483 1211 2538 sentit
1242 2481 1431 2546 docet,
1471 2476 1611 2548 quod
1645 2475 1723 2546 (ὸ)

136 2587 229 2649 ait,
260 2586 426 2639 sentit
457 2602 472 2637 :
504 2582 676 2636 factus
716 2589 892 2634 autem
932 2586 1182 2645 tanquam
1226 2572 1441 2628 Judaeus
1480 2567 1680 2624 Judzeis
1703 2606 1719 2630 ,

137 2675 277 2730 aliud
318 2674 524 2730 claudit
567 2673 618 2726 in
668 2679 905 2740 pectore,
938 2665 1080 2722 aliud
1121 2661 1314 2733 promit
1351 2663 1404 2715 in
1439 2658 1634 2723 verbis,
1667 2656 1719 2710 in

137 2765 307 2832 factis,
353 2766 406 2820 in
449 2761 697 2832 scriptis?
739 2758 846 2815 Sed
893 2757 1030 2811 absit
1074 2754 1176 2808 hoc
1213 2765 1419 2822 sapere.
1471 2747 1722 2814 Utrisque

138 2859 275 2912 enim
306 2857 540 2912 debebat
562 2854 838 2910 caritatem
861 2849 927 2904 de
952 2847 1116 2903 corde
1143 2859 1296 2914 puro,
1320 2850 1375 2897 et
1394 2836 1720 2894 conscientia

139 2946 293 3013 bona,
323 2959 376 3003 et
423 2947 531 3002 fide
574 2961 678 3000 non
721 2943 862 2998 ficta.
896 2941 974 2994 Ac
1015 2953 1108 3008 per
1138 2935 1239 2990 hoc
1267 2931 1514 2988 omnibus
1542 2927 1721 2983 omnia

139 3037 302 3093 factus
325 3047 430 3102 est,
462 3046 520 3091 ut
542 3050 726 3090 omnes
751 3031 1107 3094 lucrifaceret,
1127 3042 1231 3082 non
1255 3021 1558 3079 mentientis
1578 3027 1718 3084 astu,

138 3126 230 3180 sed
260 3126 639 3196 compatientis
664 3123 876 3185 affectu,
905 3120 955 3174 id
983 3128 1083 3182 est,
1116 3131 1221 3171 non
1248 3113 1426 3168 omnia
1455 3111 1592 3166 mala
1623 3109 1721 3163 ho-

139 3215 340 3269 minum
368 3213 631 3269 fallaciter
656 3209 894 3280 agendo;
931 3206 1024 3261 sed
1051 3207 1276 3260 aliorum
1302 3201 1538 3256 omnium
1567 3197 1722 3252 malis

138 3305 387 3359 omnibus
410 3344 426 3366 ,
463 3312 711 3371 tanquam
737 3300 784 3353 si
810 3313 902 3351 sua
929 3305 1129 3361 essent,
1158 3290 1520 3348 misericordis
1549 3287 1721 3343 medi-

139 3396 274 3449 cina:
301 3393 636 3464 diligentiam
667 3387 1019 3460 procurando.
1053 3405 1072 3438 ›

205 3486 295 3542 28.
334 3503 354 3538 ι
383 3486 519 3540 Cum
569 3485 748 3552 itaque
797 3481 887 3534 illa
935 3475 1257 3532 Testamenti
1303 3472 1498 3528 veteris
1538 3483 1720 3525 sacra-

142 3585 337 3643 menta,
367 3577 530 3631 etiam
576 3573 676 3628 sibi
717 3569 920 3641 agenda
969 3568 1186 3621 minime
1239 3563 1554 3626 recusabat,
1611 3574 1715 3613 non

142 3667 562 3722 misericorditer
591 3664 843 3726 fallebat;
888 3659 983 3715 sed
1010 3658 1234 3712 omnino
1258 3669 1364 3709 non
1394 3652 1581 3706 fallens
1602 3690 1616 3714 ,
1643 3658 1724 3702 at-

143 3771 244 3825 que
266 3757 367 3812 hoc
393 3757 557 3812 modo
582 3770 610 3808 a
638 3753 864 3809 Domino
892 3751 1006 3804 Deo
1033 3748 1118 3802 illa
1148 3760 1316 3815 usque
1337 3743 1401 3797 ad
1429 3741 1559 3797 certi
1590 3748 1724 3793 tem-

144 3848 283 3915 poris
306 3847 757 3918 dispensationem
774 3844 919 3912 jussa
937 3854 1056 3894 esse
1080 3834 1477 3898 commendans,
1499 3847 1526 3884 a
1552 3829 1722 3884 sacri-

145 3935 274 4004 legis
315 3940 485 3994 sacris
509 3936 746 4006 gentium
782 3929 1158 3996 distinguebat.
1196 3927 1346 3980 Tunc
1371 3933 1546 3976 autem
1569 3962 1584 3986 ,
1618 3935 1722 3973 non

145 4028 451 4082 mentientis
491 4034 627 4089 astu,
687 4022 782 4076 sed
827 4017 1199 4086 eompatientis
1251 4013 1474 4076 affectu,
1526 4008 1725 4063 Jud:cis

146 4123 393 4186 tanquam
439 4115 657 4172 Iudaeus
698 4113 880 4176 fiebat,
926 4106 1138 4179 quando
1181 4119 1275 4159 eos
1301 4102 1486 4158 abillo
1513 4113 1718 4182 errore,

145 4180 351 4270 quo‘vel
383 4206 438 4260 iu
481 4204 750 4260 Christum
790 4199 1013 4255 credere
1042 4195 1307 4258 nolebant,
1344 4193 1424 4247 vel
1455 4180 1552 4261 per
1575 4200 1725 4243 vete-

147 4307 200 4345 ra
222 4295 294 4366 (c)
311 4295 611 4352 sacerdotia
640 4308 740 4349 sua
756 4288 1300 4355 caeremoniarumque
1324 4281 1727 4338 observationes

148 4396 205 4437 se
229 4399 259 4438 a
287 4386 523 4456 peccatis
552 4397 709 4454 posse
734 4379 997 4442 mundari,
1019 4376 1238 4445 fierique
1257 4373 1434 4428 salvos
1456 4370 1728 4426 existima-

148 4470 271 4530 bant
297 4492 311 4528 :
343 4477 423 4533 sic
452 4477 685 4532 liberare
713 4470 958 4541 cupiebat
988 4478 1235 4536 tanquam
1278 4465 1392 4534 ipse
1422 4462 1515 4516 illo
1542 4475 1726 4515 errore

152 4569 459 4622 teneretur:
492 4552 720 4634 diligetfs
763 4562 944 4630 utique
982 4557 1292 4628 proximum
1345 4565 1590 4634 tanquam
1633 4566 1724 4606 se-

151 4647 335 4718 iPsum,
359 4663 414 4710 et
441 4655 558 4710 haec
582 4629 700 4707 aliis
721 4629 939 4713 faciens,
969 4663 1090 4716 qua:
1117 4645 1215 4700 sibi
1238 4644 1306 4699 ab
1330 4629 1449 4698 aliis
1480 4641 1593 4695 ﬁeri
1616 4641 1727 4694 vel-

151 4735 242 4805 let,
291 4744 335 4796 si
365 4743 470 4800 hoc
519 4743 593 4798 illi
621 4757 754 4812 opus
778 4746 938 4794 esset.
970 4735 1122 4802 Quod
1165 4750 1283 4790 eum
1327 4733 1581 4787 Dominus
1611 4746 1728 4784 mo-

150 4830 372 4899 nuisset,
416 4835 661 4906 adjunxit
689 4852 702 4889 :
731 4831 858 4886 Haec
902 4837 973 4884 est
1002 4828 1136 4883 enim
1173 4826 1280 4880 Lex
1307 4834 1353 4879 et
1394 4823 1668 4895 PrOpltetw
1697 4841 1718 4876 ι

150 4915 171 4986 (
201 4916 364 4973 Marc.
389 4924 482 4976 2‘2.
509 4923 636 4993 40).
1724 4916 1729 4924 “

217 5009 310 5065 29.
363 5031 382 5065 ι
414 5014 566 5068 Hunc
589 5010 958 5083 compatientis
983 5008 1253 5072 affectum,
1285 5005 1337 5059 in
1377 5004 1561 5060 eadem
1590 5003 1724 5073 Epi-

152 5101 285 5158 stula
313 5102 380 5157 ad
406 5105 634 5161 .Galatas
663 5101 919 5172 przccipit,
975 5098 1160 5153 dicens
1189 5114 1203 5149 :
1237 5095 1298 5150 Si
1347 5105 1725 5165 prazoccupatus

155 5188 302 5255 fuerit
337 5193 486 5251 homo
525 5195 579 5248 in
619 5193 785 5264 aliqua
857 5190 1021 5261 778
1091 5186 1302 5250 delicto,
1338 5201 1424 5238 vos
1453 5183 1538 5253 qui
1567 5183 1724 5252 spiri-

154 5320 496 5440 Βέἧιέἐιῗέιῗ.
523 5324 640 5377 edit.
665 5336 795 5375 vero.
821 5323 885 5372 At
916 5320 1024 5370 alite
1048 5319 1189 5369 editt.
1218 5323 1270 5368 et
1292 5317 1408 5366 Mss.
1447 5316 1727 5366 notantibus

521 5447 836 5498 Benedictinl
871 5445 921 5493 in
951 5441 1068 5492 Mss.
1116 5441 1190 5490 14.
1223 5440 1426 5502 haberi,
1466 5438 1596 5506 quod
1627 5439 1727 5501 agit

217 5567 285 5631 (ς)
319 5565 560 5621 Victorius
597 5568 780 5626 maluit,
806 5563 1051 5627 sacrificia
1075 5576 1092 5622 ;
1127 5566 1418 5624 aecusatque
1441 5563 1726 5622 impressam

157 5613 406 5662 lemtmnm
422 5645 433 5656 ο
453 5641 498 5662 ορ
521 5641 680 5662 Ισιηὶοη
703 5643 798 5662 nnn
813 5628 904 5662 1ιίςί
923 5628 1021 5662 dun
1036 5624 1148 5662 “es,
1169 5624 1291 5662 smul
1310 5623 1654 5662 Rmmrlinlinm
1678 5621 1723 5662 ei

453 5641 503 5684 et
521 5641 682 5684 tamen
702 5623 908 5679 nonnisi
923 5623 1021 5677 duo
1036 5624 1150 5676 Mss.
1169 5624 1292 5687 apud
1310 5623 1654 5674 Benedictinos
1678 5623 1724 5670 ei

1504 285 1830 346 EPISTULA
1869 287 2050 343 CXVI.

3296 307 3404 365 950

1824 407 1982 460 tua!“
2007 407 2144 472 estis,
2173 407 2398 461 instruite
2423 409 2712 478 Imjusntodi
2737 411 2789 465 in
2827 413 3005 483 spiritu
3035 415 3270 481 lenitatis,
3316 421 3402 472 ina

1822 497 2025 550 tendens
2053 499 2282 567 teipsum,
2312 516 2374 552 ne
2394 509 2436 550 et
2467 510 2519 552 tu
2549 504 2748 555 tentoria
2769 502 2787 573 (
2810 502 2927 558 Gul.
2955 505 3004 558 6.
3041 508 3065 558 1
3089 505 3130 568 ).
3167 507 3294 562 Vide
3317 507 3398 579 (ά)

1822 584 1865 636 si
1891 599 1993 638 non
2021 586 2154 640 dixit
2179 605 2190 639 :
2218 589 2343 641 fiere
2393 597 2640 658 tanquam
2672 591 2777 653 ille,
2819 603 2875 645 ut
2906 593 3052 647 illum
3079 595 3397 653 luerifacias.

1821 676 1936 730 Non
1969 679 2166 747 utique,
2201 692 2255 734 ut
2287 681 2458 748 ipsum
2487 683 2736 736 dilectum
2770 683 3029 738 fallaciter
3065 697 3279 753 ageret;
3310 699 3401 743 aut

1822 781 1880 820 se
1925 767 1974 820 id
2023 768 2216 822 habere
2255 771 2528 824 simularet
2563 789 2576 824 :
2609 771 2701 824 scd
2747 783 2802 825 ut
2832 773 2881 824 in
2921 774 3138 827 alterius
3166 775 3401 842 delicto,

1825 857 1950 926 quid
1981 861 2140 912 etiam
2180 861 2278 914 sibi
2305 861 2548 915 accidere
2572 873 2768 930 posset,
2800 861 3120 927 attenderet,
3143 875 3301 934 atque
3331 866 3401 919 ita

1822 949 1996 1011 alteri,
2025 956 2272 1017 tanquam
2321 950 2422 1004 sibi
2466 952 2532 1005 ab
2576 953 2743 1006 altero
2775 953 2950 1018 vellet,
2985 948 3403 1009 misericorditer

1824 1036 2150 1102 subveniret,
2173 1039 2274 1092 hoc
2291 1051 2392 1106 est,
2419 1057 2524 1094 non
2549 1032 2858 1096 mentientis.
2881 1052 3019 1108 astu,
3039 1044 3132 1098 sed
3155 1058 3274 1098 cum
3304 1057 3402 1113 pa-‘

1825 1127 2002 1181 tientis
2025 1127 2237 1183 affectu.
2286 1129 2375 1185 Sic
2397 1130 2603 1197 Iudaeo,
2633 1133 2711 1186 sic
2733 1135 2938 1201 gentili,
2961 1135 3039 1188 sic
3067 1135 3284 1191 cuilibet
3307 1135 3404 1190 ho-

1824 1215 1952 1268 mini
1985 1215 2177 1271 Paulus
2208 1219 2258 1272 in
2281 1234 2485 1278 errore.
2510 1221 2591 1274 vel
2625 1236 2840 1289 peccatu
2868 1225 3046 1293 aliquo
3083 1228 3400 1292 constituto,

1824 1319 1928 1358 non
1953 1306 2273 1373 simulando,
2292 1308 2434 1378 quod
2455 1326 2562 1363 non
2582 1319 2716 1377 erat,
2745 1312 2836 1366 sed
2863 1313 3257 1384 compatiendo,
3278 1316 3406 1384 quia

1824 1408 1944 1449 esse
1983 1397 2278 1463 potuisset,
2324 1408 2572 1468 tanquam
2602 1401 2689 1469 qui
2713 1416 2771 1455 se
2802 1401 3068 1456 hominem
3103 1404 3402 1473 cogitaret,

1824 1485 2071 1539 omnibus
2097 1488 2275 1542 omnia
2299 1487 2466 1543 factus
2483 1500 2586 1555 est,
2606 1498 2664 1544 ut
2692 1507 2879 1546 omnes
2906 1494 3264 1549 lucrifaceret.
3290 1513 3309 1546 ι

1893 1575 1982 1635 50.
2017 1594 2037 1629 ι
2066 1576 2338 1644 Teipsum,
2366 1580 2408 1633 si
2437 1580 2627 1648 placet,
2659 1582 2903 1648 obsecro,
2945 1593 2994 1638 te
3025 1586 3288 1654 paulisper
3320 1587 3403 1639 iu~

1825 1672 1974 1726 tuere
2007 1681 2020 1716 :
2054 1667 2301 1734 teipsum,
2331 1669 2576 1736 inquam,
2607 1686 2730 1738 erga
2760 1673 3055 1740 meipsum;
3087 1686 3142 1728 et
3188 1676 3402 1740 reCole,

1822 1753 1905 1805 vel
1931 1754 1974 1806 si
2002 1755 2165 1807 habes
2193 1757 2510 1823 conscripta,
2549 1758 2728 1826 relege
2764 1761 2930 1827 verba
2957 1772 3042 1814 tua
3071 1763 3121 1816 in
3150 1764 3236 1816 illa
3283 1765 3404 1830 epi-

1822 1843 1984 1909 stola,
2007 1858 2163 1911 quam
2190 1844 2318 1896 mihi
2341 1861 2438 1914 per
2467 1845 2683 1902 fratrem
2711 1859 2971 1919 nostrum,
2999 1852 3107 1918 jam
3145 1853 3403 1922 collegam

1823 1949 1999 1987 meum
2046 1935 2369 2006 Cyprianum
2398 1939 2699 1996 breviorem
2737 1943 2948 2008 misisti,
2982 1961 3140 2013 quam
3187 1949 3402 2012 veraci,

1821 2038 1980 2092 quam
2012 2039 2286 2094 germano,
2346 2044 2501 2096 quam
2533 2030 2689 2097 pleno
2735 2033 2969 2086 caritatis
3007 2035 3199 2088 affectu
3222 2076 3236 2098 ,
3282 2051 3406 2091 cum

1822 2113 2064 2182 quaedam
2106 2131 2188 2174 me
2219 2117 2268 2170 in
2314 2127 2364 2172 te
2390 2121 2719 2174 commisisse
2743 2124 3132 2189 expostulasscs
3150 2126 3403 2192 graviter,

1823 2206 2138 2272 Subjunxisti
2174 2226 2191 2270 ξ
2221 2207 2310 2275 (In
2344 2209 2442 2262 hoc
2479 2210 2686 2264 laeditur
2713 2213 2964 2277 amicitia,
2999 2214 3047 2266 in
3094 2214 3192 2267 hoc
3221 2230 3406 2268 ηεαρδ·

1822 2295 2069 2350 situdinis
2092 2296 2214 2364 jura
2244 2298 2525 2364 violautur,
2559 2314 2626 2353 ne
2656 2300 2932 2354 videamur
2953 2310 3160 2356 certare
3183 2305 3403 2371 puerili-

1825 2393 1980 2441 teret
2026 2387 2317 2441 fautoribus
2348 2388 2595 2456 invicem,
2647 2390 2728 2443 vel
2781 2390 3171 2444 detractoribus
3211 2396 3406 2446 nostris

1825 2478 2056 2537 tribuere
2077 2481 2349 2544 materiam
2383 2481 2808 2550 contendendi.):
2842 2481 2965 2536 ﬂrec
2985 2484 3080 2536 abs
3107 2492 3158 2536 te
3205 2483 3362 2535 verba
3387 2523 3404 2547 ,

1825 2585 1929 2623 non
1952 2571 2122 2624 solum
2153 2587 2217 2627 ex
2256 2573 2434 2625 animo
2461 2573 2623 2639 dicta,
2669 2574 2862 2638 sentio,
2907 2589 3094 2628 verum
3121 2575 3278 2628 etiam
3313 2575 3408 2628 be~

1823 2659 1984 2730 nigno
2011 2661 2190 2726 animo
2209 2661 2274 2719 ad
2303 2663 2687 2717 consulendum
2710 2663 2858 2718 mihi.
2879 2664 3080 2719 Deinde
3106 2663 3208 2735 [aL
3243 2665 3406 2718 Deni-

1822 2751 1947 2823 que]
1977 2753 2150 2820 addis,
2180 2753 2319 2822 quod
2345 2757 2502 2810 etiam
2532 2757 2576 2809 si
2607 2771 2711 2809 non
2734 2755 2976 2819 adderes,
3008 2765 3328 2824 appareret,
3351 2766 3406 2812 et

1781 2895 1786 2899 .
1823 2842 1956 2898 dicis
1995 2843 2160 2916 (ibcc
2181 2845 2379 2912 scribo,
2407 2846 2526 2913 quia
2556 2855 2606 2899 te
2649 2861 2778 2913 pure
2795 2855 2847 2898 et
2866 2846 3166 2900 Christiane
3185 2846 3406 2914 diligere

1823 2934 1999 3002 cupio,
2061 2949 2160 2989 nec
2205 2935 2493 3003 quidquam
2547 2933 2600 2988 in
2628 2949 2744 2987 mea
2784 2944 2962 2988 mente
3005 2936 3236 2988 retinere
3262 2935 3404 3002 quod

1823 3023 1983 3080 distet
2009 3040 2037 3078 a
2070 3024 2247 3094 labiis)
2279 3039 2294 3076 :
2325 3023 2368 3077 0
2399 3023 2478 3076 vir
2498 3033 2680 3077 sancte
2701 3023 2932 3092 mihique
2966 3025 2984 3094 (
3010 3033 3065 3077 ut
3099 3025 3234 3077 Deus
3263 3025 3408 3078 videt

1822 3116 2051 3170 animam
2083 3129 2253 3170 meam
2273 3114 2299 3184 )
2320 3115 2491 3169 veraci
2515 3113 2676 3168 corde
2696 3114 2908 3176 dilecte,
2932 3114 3031 3168 hoc
3053 3115 3243 3183 ipsum,
3263 3116 3405 3184 quod

1825 3206 2048 3276 posuisti
2079 3208 2130 3260 in
2175 3205 2366 3260 litteris
2394 3206 2514 3269 tuis,
2545 3219 2651 3274 quo
2679 3216 2729 3258 te
2775 3205 2902 3257 mihi
2947 3206 3258 3272 extiosuisse
3298 3221 3406 3260 non

1824 3297 2029 3362 dubito,
2060 3296 2161 3357 hoc
2189 3297 2360 3365 ipsum
2387 3295 2605 3354 omnino
2643 3295 2955 3363 Apostolqu
2998 3294 3218 3348 Paulum
3245 3296 3409 3350 credo

1823 3387 2128 3445 exhibuisse
2160 3387 2210 3440 in
2241 3386 2429 3448 litteris
2460 3385 2602 3450 suis,
2657 3399 2761 3437 non
2792 3384 2878 3456 uni
2921 3384 3138 3439 cuilibet
3167 3384 3365 3437 homini
3391 3427 3407 3449 ,

1823 3478 1916 3533 sed
1947 3477 2162 3543 Iudaeis,
2187 3487 2239 3532 et
2267 3477 2486 3539 Grmcis,
2509 3486 2563 3529 et
2586 3475 2832 3531 omnibus
2855 3476 3100 3543 gentibus
3124 3475 3245 3528 [iliis
3273 3475 3406 3538 Suis,

1824 3583 1957 3637 quos
1987 3569 2039 3621 in
2071 3568 2358 3638 Evangelia
2387 3574 2660 3635 genuerat,
2701 3575 2753 3630 et
2780 3579 2911 3633 quos
2942 3563 3194 3633 pariendo
3228 3575 3407 3631 partu-

1823 3658 2037 3713 ricbat:
2077 3668 2128 3714 ct
2158 3658 2352 3712 deinde
2396 3667 2728 3726 posterorum
2779 3662 2856 3708 tot
2893 3654 3124 3708 millibus
3172 3653 3407 3711 fidelium

1823 3749 2261 3808 Christianorum,
2289 3753 2504 3815 prOpter
2530 3759 2664 3813 quos
2691 3743 2776 3795 illa
2811 3743 3086 3798 memoria:
3115 3742 3409 3794 mandaba-

1825 3851 1910 3894 tur
1962 3839 2068 3898 [ιιι.
2097 3833 2574 3904 commendabatur]
2615 3833 2875 3899 epistola,
2932 3840 2988 3883 ut
3038 3830 3173 3883 nihil
3213 3831 3266 3882 in
3311 3845 3408 3886 sua

1825 3939 2003 3985 mente
2027 3931 2299 3989 retineret,
2323 3927 2462 3992 quod
2479 3924 2702 3976 distaret
2727 3937 2754 3970 ει
2774 3919 2943 3972 labiis.
2983 3935 3008 3971 ι

1898 4021 1987 4074 51.
2022 4037 2040 4070 ι
2078 4017 2233 4072 Certe
2266 4016 2435 4068 factus
2460 4028 2517 4067 es
2546 4011 2704 4064 etiam
2737 4017 2811 4073 tu,
2858 4019 3104 4078 tanquam
3149 4022 3270 4076 ego,
3301 4023 3410 4062 nou

1827 4109 2131 4164 mentientis
2157 4115 2295 4168 astu,
2328 4103 2420 4157 sed
2459 4099 2831 4168 compatientis
2875 4098 3084 4173 affectu,
3107 4113 3227 4152 cum
3258 4100 3408 4168 cogi.

1829 4210 1969 4254 lares
1997 4207 2102 4250 tam
2129 4211 2215 4250 me
2241 4209 2345 4247 non
2363 4189 2766 4260 relinquendum
2840 4190 3002 4260 779
3073 4189 3124 4243 in
3147 4205 3208 4244 ea
3226 4189 3406 4259 culpa,

1827 4291 1880 4346 in
1901 4304 2058 4359 quam
2078 4302 2162 4342 me
2181 4286 2481 4356 prolapsum
2504 4283 2834 4346 existimasti,
2853 4298 3010 4350 quam
3031 4298 3127 4337 nec
3151 4290 3200 4338 te
3217 4284 3404 4347 velles,

1827 4382 1871 4435 si
1894 4395 1958 4434 co
1979 4376 2442 4446 modo.prolapsus
2465 4387 2630 4429 esses.
2664 4371 2814 4426 Unde
2838 4387 2999 4442 agens
3023 4375 3218 4443 gratias
3246 4375 3409 4428 bene.

1829 4473 1960 4528 vola:
1990 4470 2154 4535 menti,
2173 4484 2296 4538 erga
2336 4481 2422 4521 me
2449 4477 2576 4531 tute,
2601 4465 2758 4518 simul
2804 4480 2967 4536 posco
3006 4475 3060 4518 ut
3089 4469 3245 4521 etiam
3275 4467 3400 4527 mihi,

1828 4581 1932 4620 non
1959 4577 2295 4624 succenseas,
2323 4559 2462 4630 quod
2486 4574 2603 4613 cum
2633 4559 2684 4612 in
2716 4560 2989 4628 epusculis
3009 4559 3110 4611 tuis
3130 4560 3300 4626 aliqua
3321 4573 3408 4612 me

1826 4665 2120 4719 moverent,
2153 4663 2352 4716 motum
2383 4665 2556 4705 meum
2587 4649 2821 4703 iutimavi
2855 4649 2985 4702 tibi:
3019 4647 3119 4700 hoc
3149 4662 3269 4715 erga
3318 4663 3407 4702 me

1825 4752 1893 4810 ab
1915 4748 2161 4806 omnibus
2186 4745 2390 4804 servari
2424 4742 2532 4816 [al.
2563 4740 2856 4810 observari}
2881 4739 3083 4800 volens,
3111 4737 3249 4806 quod
3279 4753 3402 4805 erga

1829 4852 1878 4901 te
1906 4842 2018 4912 ipse
2038 4840 2260 4902 servari,
2299 4846 2355 4891 ut
2383 4833 2634 4905 quidquid
2681 4828 3084 4899 improbandum
3121 4836 3303 4895 mttunt
3350 4826 3402 4879 in

1824 4934 2035 5003 scriptis
2055 4931 2210 4997 meis,
2237 4943 2334 4982 nec
2361 4927 2435 4993 (ε)
2465 4923 2681 4978 laudent
2705 4919 2928 4974 subdolo
2954 4928 3184 4988 pectore,
3209 4930 3305 4968 nec
3332 4916 3414 4970 ita.

1825 5025 2216 5096 reprehendant
2242 5018 2376 5088 apud
2417 5017 2568 5079 alios,
2615 5021 2672 5066 ut
2725 5019 2932 5065 taceant
2959 5008 3097 5076 apud
3127 5025 3244 5071 me;
3278 5006 3404 5062 hinc
3475 5034 3494 5055 .

1827 5117 2000 5188 potius
2040 5111 2348 5168 existimans
2393 5105 2513 5160 laedi
2557 5102 2862 5170 amicitigm,
2897 5108 2949 5154 et
2991 5097 3415 5153 necessitudinis-

1889 5248 1967 5356 id)
1999 5245 2136 5294 Idem
2170 5239 2409 5300 eXpunxit
2438 5239 2482 5297 si
2516 5233 2750 5291 voculam,
2776 5244 2919 5302 quam
2943 5230 3215 5302 redundare
3239 5231 3323 5300 ait2
3351 5234 3405 5279 et

1889 5336 1893 5356 ι
1914 5310 1974 5356 lis
1996 5309 2045 5355 in
2067 5302 2312 5353 codicibus
2339 5299 2563 5346 inveniri.
2591 5297 2701 5344 Mox
2725 5293 3035 5356 Benedictum
3061 5299 3242 5356 notant,
3265 5300 3405 5340 Fiere

1826 5291 1974 5359 nullis
1996 5291 2049 5355 id
2067 5291 2312 5353 codicibus
2339 5293 2563 5346 inveniri.
2591 5297 2701 5359 Mox
2717 5291 3035 5359 benedictini
3061 5299 3242 5359 notant,
3265 5291 3406 5340 Fiere

1827 5352 2265 5432 imperativomodo
2282 5363 2344 5432 ab
2358 5359 2629 5432 augustino
2645 5357 2695 5403 in
2849 5352 3202 5432 alitibusurpari
3225 5387 3240 5408 ,
3256 5365 3405 5405 unum

1825 5417 1991 5481 autem
2014 5417 2294 5474 vaticanum
2320 5417 2504 5469 habere
2529 5417 2833 5481 Iv‘ias,_editos
2860 5417 2998 5481 Fieri.

2247 5483 2379 5551 apud
2414 5471 2786 5551 anenediet'inos,
2823 5489 2918 5551 nec.
2947 5471 3403 5551 claud‘mttisttltdolo

1827 5536 2064 5617 pectere;
2086 5547 2168 5608 qui
2199 5536 2428 5617 adpetant
2452 5540 2576 5617 forte
2601 5536 3398 5617 alIudereﬁvoluisseuAu‘gustinum

1828 5600 1969 5664 adea
1993 5600 2271 5670 Hieronymi
2297 5605 2462 5664 verba,
2487 5614 2574 5653 nec
2606 5600 2868 5664 qm'dquum
2890 5600 2939 5652 in
2976 5611 3081 5654 mea
3113 5604 3264 5648 mente
3289 5600 3402 5646 νοτία

1829 5686 1961 5734 nere,
1987 5680 2078 5721 etc.
