4026 6186
614 239 717 310 est

617 354 733 424 jura
763 353 966 410 violari.
995 354 1186 410 Nescio
1215 352 1357 410 enim
1382 360 1557 406 utrum
1600 350 1845 406 amicitias
1872 351 2188 408 Christiana:

620 449 866 515 putanda:
893 449 1019 508 sint,
1052 446 1104 499 in
1131 443 1322 513 quibus
1351 444 1515 512 magis
1549 443 1690 497 valet
1728 442 1943 512 vulgare
1971 457 2191 512 prover-

619 534 784 598 bitun,
839 534 1138 602 Obsequium
1177 534 1384 601 amicos,
1415 534 1592 587 veritas
1636 534 1805 587 odium
1837 535 1991 601 parit,
2033 548 2189 604 quam

619 624 1043 693 Ecclesiaticum,
1073 623 1334 678 Fideliora
1360 634 1476 679 sunt
1496 625 1702 678 vulnera
1726 625 1896 692 amici,
1926 641 2075 695 quam
2105 640 2192 690 vo-

617 712 839 771 luntaria
867 714 1039 766 oscula
1070 715 1281 769 inimici.
1321 732 1340 767 ›

687 802 778 879 32.
832 821 852 854 ι
887 803 1116 860 Proinde
1151 808 1456 862 carissimos
1502 817 1734 874 nostros,
1772 808 1860 877 qui
1891 807 2086 861 nostris
2117 807 2194 860 la-

615 894 833 967 boribus
860 896 1218 955 sincerissime
1249 901 1448 968 favent,
1471 901 1570 954 lzoc
1597 902 1770 970 potius
1790 908 1982 970 quanta
2007 914 2192 968 passu-.-

615 1003 736 1042 mus
765 987 1012 1057 instantia
1061 983 1368 1056 doceamus,
1416 1009 1520 1063 quo
1563 993 1734 1047 sciam
1775 992 1886 1058 tieri
1928 1005 2104 1060 posse,
2137 1000 2195 1045 ιιι

615 1077 758 1141 inter
785 1080 1092 1136 carissimos
1133 1081 1332 1150 aliquid
1361 1082 1615 1150 alterutro
1642 1096 1893 1149 sermone
1923 1079 2194 1136 contradi-

617 1178 788 1235 catur,
818 1185 918 1225 nec
944 1179 1119 1229 tamen
1160 1171 1273 1245 ipsa
1305 1173 1502 1230 caritas
1535 1173 1820 1236 minuatur,
1870 1186 1968 1225 nec
1998 1171 2194 1224 veritas

617 1256 796 1318 Odium
825 1261 1014 1330 pariat,
1041 1278 1160 1330 qua:
1179 1263 1404 1330 debetur
1427 1263 1703 1333 amicitizc;
1733 1263 1844 1318 sive
1862 1262 1986 1316 illud
2012 1277 2193 1316 verum

617 1352 707 1415 sit,
739 1352 877 1421 quod
906 1354 1288 1424 contradicitur
1307 1397 1320 1421 ,
1351 1357 1463 1410 sive
1490 1356 1650 1411 corde
1683 1357 1855 1423 veraci
1883 1357 2188 1426 qualecums

617 1456 722 1512 que
743 1443 812 1496 sit
840 1443 1054 1510 dicitur,
1085 1461 1192 1510 non
1221 1445 1500 1515 retinendo
1522 1447 1574 1500 in
1594 1456 1790 1512 mente,
1825 1447 1965 1516 quod
1987 1462 2014 1499 a
2041 1447 2194 1501 labiis

617 1535 798 1598 distet.
828 1535 1059 1590 Credant
1098 1537 1258 1607 igitur
1295 1537 1490 1592 fratres
1535 1540 1724 1605 nostri,
1764 1537 2050 1594 familiares
2081 1539 2192 1605 tui,

618 1606 812 1692 quibus
841 1606 1202 1681 testimonium
1225 1627 1490 1697 perhibes,
1522 1628 1663 1698 quod
1693 1628 1800 1695 sint
1823 1643 1945 1681 vasa
1977 1627 2192 1691 Christi,

618 1730 705 1785 pie
734 1715 899 1770 invito
924 1716 1143 1782 factum,
1175 1731 1273 1783 nec
1304 1716 1623 1786 mediocrem
1649 1717 1717 1776 de
1747 1717 1845 1772 hac
1871 1732 1932 1772 re
1955 1717 2194 1772 dolorem

619 1804 796 1876 inesse
816 1806 965 1860 cordi
991 1823 1128 1870 meo,
1146 1809 1288 1877 quod
1311 1809 1500 1873 littera:
1521 1823 1652 1864 mea:
1675 1810 1818 1878 prius
1840 1810 1890 1862 in
1908 1809 2193 1872 multorum

620 1911 808 1952 manus
831 1909 1091 1962 venerunt
1116 1898 1222 1972 [αι.
1253 1899 1532 1970 uenerint],
1566 1916 1721 1981 quam
1751 1900 1816 1960 ad
1844 1908 1913 1962 te,
1946 1900 2012 1954 ad
2037 1914 2193 1967 quem

620 1986 833 2055 scriptae
861 1996 1004 2053 sunt,
1036 1989 1314 2057 pervenire
1340 1997 1643 2059 potuerunt.
1671 1989 1787 2056 Quo
1825 1998 2002 2053 autem
2037 1989 2196 2055 modo

622 2076 672 2146 id
701 2075 974 2142 acciderit,
1005 2085 1059 2130 et
1079 2077 1293 2151 longum
1314 2088 1394 2138 est
1419 2095 1666 2137 enarrare
1699 2079 1801 2152 [aL
1828 2079 2091 2151 narrare],
2118 2089 2191 2144 et,

622 2165 722 2220 nisi
751 2164 919 2229 fallor,
950 2167 1272 2235 superﬂuum
1312 2185 1326 2221 :
1356 2183 1476 2223 cum
1504 2167 1731 2223 sufficiat
1760 2170 1803 2224 si
1829 2169 1954 2239 quid
1983 2169 2112 2232 mihi
2141 2170 2193 2227 in

621 2254 723 2309 hoc
753 2255 1008 2321 creditur,
1033 2250 1136 2310 non
1164 2272 1230 2312 eo
1264 2258 1458 2312 factum
1483 2260 1680 2323 animo,
1709 2274 1816 2328 quo
1838 2267 2074 2327 putatur;
2100 2273 2198 2316 nec

621 2345 840 2400 omnino
869 2361 1005 2400 mea:
1046 2345 1210 2418 fuisse
1238 2347 1545 2414 voluntatis,
1574 2357 1665 2403 aut
1692 2349 2075 2425 dispositionis,
2105 2357 2197 2410 aut

621 2437 1008 2503 consensionis,
1060 2447 1151 2492 aut
1198 2439 1386 2493 saltem
1432 2439 1508 2510 (α)
1553 2441 1908 2511 cogitationis,
1935 2451 1993 2496 ut
2023 2440 2194 2498 ﬁeret.

623 2525 735 2594 lloc
763 2526 808 2580 si
834 2542 939 2580 non
961 2527 1205 2593 credunt,
1232 2530 1373 2598 quod
1403 2531 1514 2594 Deo
1535 2540 1669 2590 teste
1693 2532 1900 2601 loquor,
1931 2531 2054 2601 quid
2085 2546 2190 2584 am-

623 2615 762 2684 plius
789 2615 976 2680 faciam
1026 2633 1131 2672 non
1173 2617 1363 2679 habeo.
1413 2621 1523 2690 Ego
1568 2630 1742 2686 tamen
1798 2622 1956 2688 absit,
2008 2631 2065 2675 ut
2103 2635 2198 2675 eos

623 2707 858 2771 credam,
882 2707 998 2762 hazc
1023 2717 1123 2763 tua:
1144 2710 1406 2764 sanctitati
1441 2713 1696 2766 malevola
1717 2721 1894 2767 mente
1913 2727 2197 2782 suggerere

623 2795 688 2865 ad
717 2797 1020 2852 excitandas
1045 2799 1182 2853 inter
1211 2815 1306 2853 nos
1329 2801 1660 2867 inimicitias;
1686 2816 1817 2871 quas
1834 2802 2196 2865 misericordia

624 2886 831 2942 Domini
887 2889 985 2943 Dei
1043 2891 1210 2944 nostri
1241 2899 1443 2949 avertat
1471 2907 1501 2946 a
1533 2893 1718 2958 nobis;
1767 2892 1882 2957 sed,
1925 2894 2040 2949 sine
2088 2894 2198 2948 ullo

623 2977 850 3050 nocendi
871 2977 1068 3044 animo,
1101 2977 1257 3049 facile
1282 2979 1348 3035 de
1379 2983 1591 3044 homine
1613 2982 1841 3038 humana
1868 2984 1993 3042 vitia
2019 2983 2196 3053 suSpi-

622 3067 753 3135 cari.
786 3067 896 3122 Hoc
938 3069 1081 3124 enim
1119 3071 1296 3126 mede
1321 3071 1423 3126 illis
1467 3089 1674 3143 acquum
1724 3083 1806 3129 est
1857 3075 2096 3140 credere,
2151 3077 2196 3128 si

621 3173 747 3229 vasa
773 3169 896 3214 sunt
921 3160 1137 3227 Christi,
1168 3178 1271 3217 non
1299 3163 1350 3217 in
1379 3166 1776 3232 contumeliam,
1809 3166 1902 3222 sed
1933 3167 1985 3221 in
2023 3167 2196 3221 hono-

621 3266 734 3308 rem
785 3251 955 3320 facta,
1006 3263 1059 3308 et
1103 3253 1356 3324 disposita
1386 3256 1436 3310 in
1463 3256 1623 3312 domo
1664 3275 1850 3330 magna
1877 3275 1905 3313 a
1935 3262 2042 3314 Deo
2079 3260 2155 3332 (ιι)
2177 3302 2194 3328 ,

622 3343 785 3433 780
853 3341 920 3395 ad
962 3357 1123 3398 omne
1175 3359 1308 3413 opus
1358 3345 1576 3399 bonum.
1616 3346 1766 3411 Quod
1816 3349 1859 3403 si
1897 3358 2016 3417 post
2062 3349 2196 3404 hanc

621 3433 1016 3487 attestationem
1062 3448 1272 3500 meam,
1316 3434 1362 3498 si
1412 3436 1463 3488 in
1520 3437 1759 3502 netitiam
1807 3453 1989 3494 eorum
2031 3456 2197 3496 vene-

621 3520 730 3590 rit;
760 3520 936 3576 facere
964 3522 1257 3589 voluerint;
1293 3539 1450 3594 quam
1487 3540 1592 3580 non
1622 3537 1768 3582 recte
1800 3527 2028 3596 faciant,
2065 3540 2118 3586 et
2142 3541 2198 3590 tu

621 3608 790 3670 vides.
826 3629 846 3668 ι

693 3701 781 3755 33.
819 3717 838 3751 ι
872 3700 1023 3770 Quod
1061 3717 1190 3758 sane
1231 3704 1568 3772 scripseram,
1621 3707 1824 3768 nullum
1875 3725 1960 3764 me
2004 3711 2194 3766 librum

620 3790 876 3860 adversus
903 3800 952 3847 te
981 3793 1202 3863 Romam
1233 3796 1442 3851 misisse
1463 3838 1479 3862 ,
1526 3798 1646 3852 ideo
1689 3801 2005 3869 scripseram
2026 3842 2040 3864 ,
2073 3803 2192 3870 quia

618 3889 674 3938 et
704 3881 822 3935 libri
851 3897 1042 3948 nomen
1091 3883 1156 3939 ab
1201 3885 1310 3954 ipsa
1354 3888 1576 3956 epistola
1625 3889 2014 3945 discernebam.
2047 3891 2196 3947 Unde

618 3973 836 4033 omnino
861 3974 1040 4028 nescio
1065 3974 1190 4042 quid
1215 3975 1354 4029 aliud
1390 3987 1441 4032 te
1478 3979 1690 4040 audisse
1732 3981 2189 4048 existimaveram;

619 4070 676 4122 ct
700 4061 922 4115 Romanu
950 4078 1047 4116 nec
1069 4064 1232 4132 ipsam
1261 4067 1558 4134 epistolam,
1591 4069 1684 4124 sed
1715 4069 1804 4123 tibi
1830 4071 2116 4138 miseram;
2141 4081 2196 4127 et

617 4150 873 4208 adversus
901 4162 952 4207 te
978 4167 1081 4217 non
1104 4170 1222 4210 esse
1241 4157 1554 4223 arbitrabar,
1578 4163 1717 4231 quod
1737 4165 2041 4224 sinceritate
2061 4165 2197 4222 alni-.-

617 4241 778 4308 citim,
811 4244 924 4298 sive
967 4247 1375 4316 admonendum,
1404 4254 1515 4306 sive
1561 4255 1626 4308 ad
1668 4264 1748 4322 te,
1781 4257 1865 4312 vel
1891 4273 1976 4315 me
2018 4258 2113 4312 abs
2142 4266 2194 4322 te

616 4333 986 4402 corrigendum
1035 4335 1225 4393 fecisse
1273 4356 1358 4394 me
1404 4357 1674 4400 noveram.
1721 4347 1972 4417 Exceptis
2011 4356 2191 4414 autem

616 4421 963 4486 familiaribus
1009 4427 1137 4489 tuis,
1169 4430 1392 4498 teipsum
1441 4434 1662 4490 obsecro
1691 4452 1786 4506 per
1807 4440 2051 4508 gratiam,
2085 4455 2188 4510 qua

614 4511 874 4582 redempti
917 4530 1119 4582 sumus,
1152 4525 1208 4572 ut
1248 4534 1590 4591 qumcumque
1617 4533 1701 4577 tua
1746 4525 1905 4592 bona,
1935 4544 2052 4602 qua:
2079 4530 2190 4592 D09

615 4601 746 4667 mini
773 4603 1010 4661 bonitate
1038 4607 1128 4662 tibi
1156 4624 1406 4664 concessa
1441 4623 1583 4680 sunt,
1627 4615 1682 4670 in
1713 4617 1902 4674 litteris
1927 4622 2062 4676 meis
2087 4637 2187 4691 po-

612 4692 714 4753 sui.
741 4707 845 4748 non
871 4711 954 4751 me
974 4697 1248 4754 existimes
1269 4700 1520 4756 insidioso
1543 4703 1904 4776 blandiloquio
1919 4712 2179 4778 posuisse.

611 4779 666 4836 Si
697 4783 822 4851 quid
847 4797 1024 4840 autem
1048 4785 1099 4841 in
1129 4796 1179 4842 te
1208 4791 1440 4858 peccavi,
1459 4793 1692 4848 dimittas
1715 4797 1862 4851 mihi.
1894 4799 2002 4855 Nec
2029 4801 2181 4870 illud,

609 4871 750 4940 quod
787 4872 854 4927 de
885 4877 1065 4930 nescio
1093 4879 1240 4947 cujus
1270 4879 1442 4936 Poeta:
1471 4881 1611 4939 facto
1652 4885 1880 4956 ineptius
1920 4889 2180 4962 fortasse,

609 4975 765 5030 quant
791 4963 1078 5022 litteratius
1103 4983 1134 5023 a
1165 4984 1250 5024 me
1283 4983 1752 5032 commemoratum
1795 4990 1907 5047 est,
1955 4983 2182 5053 amplius

607 5063 764 5118 quam
809 5054 941 5118 dixi,
973 5057 1038 5111 ad
1068 5066 1120 5113 te
1145 5061 1322 5116 trahas
1348 5079 1362 5114 :
1390 5078 1508 5118 cum
1538 5068 1792 5123 continuo
1820 5072 2139 5142 subjecerim
2161 5116 2177 5141 ,

607 5155 713 5196 non
741 5141 845 5198 hoc
891 5146 1011 5201 ideo
1032 5164 1116 5202 me
1151 5150 1367 5217 dixisse,
1400 5163 1455 5208 ut
1475 5157 1658 5212 oculos
1685 5159 1858 5214 cordis
1881 5141 2175 5233 reciperes,

605 5242 739 5296 quos
765 5232 902 5288 absit
947 5251 1176 5305 unquam
1206 5250 1262 5294 ut
1289 5243 1565 5309 amiseris;
1605 5246 1700 5300 sed
1734 5258 1790 5302 ut
1831 5232 2174 5321 advel-teres,

607 5331 742 5385 quos
763 5338 1012 5393 sanos/ac
1033 5328 1214 5399 vigiles
1240 5330 1478 5389 haberes.
1511 5336 1736 5409 Propter
1759 5342 1926 5396 solam
1952 5359 2078 5416 ergo
2102 5344 2175 5418 (c)

685 5473 737 5559 ﬂ
769 5475 1287 5559 yartiaitcumgeditls
1309 5489 1680 5559 antiquioribus,
1703 5494 1995 5559 cognitionis.

671 5532 733 5652 te]
769 5535 1090 5609 Bettedictiui,
1115 5543 1164 5592 in
1187 5532 1514 5604 aperiam:

671 5609 713 5648 ,ι’
770 5593 964 5648 Revera
997 5614 1044 5650 tn
1084 5603 1343 5652 Autmstini
1386 5613 1514 5652 verin

770 5593 964 5648 llevera
997 5602 1044 5650 in
1082 5593 1628 5665 Augustini-veriorem
1663 5618 2173 5682 sententiamconccs-

1901 237 2139 294 SANCTI
2178 233 2554 308 illEilONYHl

3782 253 3900 308 933‘.

2300 360 2584 425 παλινῳδίαν
2604 356 2648 411 si
2674 356 3040 426 scripserimus
3058 359 3272 430 aliquid,
3297 362 3436 430 quod
3463 364 3672 434 scripto
3699 381 3902 436 poste-

2298 443 2440 497 riore
2467 444 2744 500 destruere
2785 445 3092 513 debeamus,
3137 449 3466 520 imitandam,
3509 469 3619 508 non
3666 466 3906 526 propter

2298 529 2585 587 Stesichori
2610 535 2924 600 caecitatem,
2955 551 3112 606 quam
3144 539 3290 593 cordi
3319 547 3408 594 tuo
3436 555 3537 596 nec
3568 544 3758 611 tribui,
3791 561 3903 602 nec

2301 621 2470 687 timui,
2501 625 2878 694 attengendum
2908 627 3034 682 illud
3059 629 3356 692 existimavi
3375 647 3388 684 :
3407 640 3566 702 atque
3585 634 3900 692 identidem

2298 726 2463 782 rego,
2515 723 2568 766 ut
2614 730 2696 769 me
2724 714 2949 772 fidenter
2973 718 3238 788 corrigas,
3271 721 3358 774 ubi
3411 723 3538 776 mihi
3593 724 3703 780 hoc
3753 742 3900 796 opus

2300 816 2418 856 esse
2458 802 2533 870 (d)
2561 805 2913 872 perspexeris.
2942 806 3254 876 Quanquam
3282 810 3423 876 enim
3452 814 3754 868 secundum
3790 815 3896 869 ho-

2299 906 2487 945 norum
2530 895 2799 960 vocabnla,
2840 911 2957 965 qua:
2997 897 3107 965 jam
3153 899 3406 954 Ecclesia:
3446 917 3578 960 usus
3606 904 3842 959 obtinuit
3877 926 3892 961 :

2302 979 2650 1051 Episciipatns
2693 985 3031 1057 Presbyterio
3060 988 3227 1056 major
3265 989 3368 1042 sit:
3401 1000 3582 1044 tamen
3611 994 3664 1046 in
3706 997 3896 1049 multis

2299 1069 2457 1122 rebus
2483 1071 2799 1139 Augustinus
2823 1071 3148 1144 ﬂieronymo
3184 1077 3357 1143 minor
3383 1089 3466 1131 est
3496 1099 3509 1133 :
3543 1096 3702 1135 Ltcs'r
3727 1099 3892 1138 nul

2300 1171 2330 1211 a
2359 1157 2562 1211 minore
2589 1161 2824 1228 quolibet
2847 1177 2950 1216 non
2979 1165 3048 1217 sit
3075 1163 3379 1235 refugienda
3400 1209 3415 1235 ,
3442 1170 3528 1225 vel
3548 1170 3890 1242 dedignanda

2299 1248 2578 1302 correctio.
2614 1267 2633 1314 ρ
2769 1313 2774 1319 ι

2369 1337 2458 1404 54.
2494 1354 2512 1390 t
2550 1339 2624 1392 De
2650 1338 3087 1417 interpretatione
3110 1351 3195 1406 tua
3231 1345 3342 1414 jam
3370 1349 3502 1406 mihi
3535 1355 3887 1430 persuasisti,

2300 1439 2398 1494 qua
2415 1426 2635 1481 utilitate
2648 1427 2944 1498 Scripturas
2965 1432 3196 1487 volueris
3222 1437 3508 1493 transferre
3523 1441 3592 1495 de
3615 1442 3883 1512 llebraris;

2301 1522 2358 1565 ut
2378 1514 2582 1572 scilicet
2597 1531 2680 1582 ea,
2703 1533 2823 1586 qua:
2843 1534 2873 1573 a
2893 1519 3090 1586 Judasis
3110 1527 3491 1596 praetermissa,
3521 1530 3608 1585 vel
3636 1546 3886 1603 corrupta

2299 1613 2442 1670 sunt,
2489 1607 2753 1674 proferres
2781 1608 2835 1661 in
2877 1610 3106 1664 medium
3141 1629 3154 1664 :
3195 1612 3300 1682 Sed
3331 1615 3606 1676 insinuare
3643 1621 3886 1691 digneris

2300 1704 2444 1762 peto,
2475 1709 2504 1748 a
2532 1697 2722 1776 quibus
2757 1698 2990 1773 Judaris,
3023 1713 3195 1758 utrum
3238 1705 3306 1760 ab
3344 1709 3421 1763 eis
3450 1710 3614 1781 ipsis,
3645 1715 3738 1783 qui
3764 1725 3889 1774 ante

2300 1787 2587 1856 adventum
2619 1790 2825 1850 Domini
2856 1792 3187 1865 interpretati
3212 1807 3367 1864 sunt;
3400 1811 3453 1856 et
3479 1804 3522 1856 si
3547 1805 3618 1857 ita
3646 1815 3752 1872 est,
3780 1808 3890 1876 qui-

2300 1877 2418 1942 bus,
2452 1880 2536 1936 vel
2565 1896 2794 1950 quonam
2823 1899 3005 1938 eorum
3033 1901 3048 1951 ;
3098 1901 3166 1942 an
3193 1888 3262 1942 ab
3296 1891 3415 1944 istis
3461 1896 3767 1961 posterius,
3801 1900 3891 1968 qui

2301 1978 2580 2040 propterea
2607 1973 2777 2038 putari
2818 1985 3057 2042 possunt,
3086 1976 3260 2046 aliqua
3280 1977 3347 2034 de
3373 1982 3640 2042 codicibus
3676 1985 3892 2041 Gratcis

2300 2059 2386 2112 vel
2414 2058 2764 2129 subtraxisse,
2789 2065 2870 2118 vel
2898 2065 2952 2129 in
2975 2066 3054 2120 eis
3073 2071 3395 2138 corrupisse,
3423 2087 3488 2127 ne
3508 2075 3612 2129 illis
3637 2078 3890 2133 testimo-_

2300 2147 2404 2215 niis
2432 2148 2500 2202 de
2548 2149 2846 2206 Christiana
2900 2154 3003 2208 [ide
3048 2159 3525 2216 convincerentur?
3573 2165 3656 2218 illi
3709 2179 3896 2240 autem.

2299 2236 2596 2294 anteriores
2621 2254 2717 2307 cur
2744 2242 2843 2296 hoc
2873 2241 3049 2310 facere
3075 2247 3355 2314 voluerint,
3431 2253 3590 2327 781
3668 2271 3774 2311 non
3805 2236 3887 2311 in?

2300 2326 2474 2380 venio.
2507 2327 2711 2390 Deinde
2736 2332 2889 2387 nobis
2908 2334 3108 2403 mittas,
3131 2337 3356 2398 obsecro
3382 2326 3882 2412 interpretationem

2302 2425 2445 2471 tuam
2471 2418 2539 2474 de
2575 2420 2948 2492 Septuaginta;
2999 2442 3159 2496 quam
3206 2439 3257 2484 te
3295 2431 3530 2503 edidisse
3560 2439 3888 2494 nesciebam.

2303 2506 2518 2573 Librum
2565 2527 2776 2582 quoque
2825 2524 2992 2582 tuum,
3038 2519 3189 2589 cujus
3227 2527 3551 2597 mentionem
3595 2528 3788 2595 fecisti,
3826 2532 3890 2586 de

2302 2600 2488 2668 Optimo
2534 2617 2712 2669 genere
2761 2605 3141 2675 interpretandi,
3177 2612 3334 2682 cupio
3360 2614 3571 2684 legere;
3617 2627 3672 2673 et
3715 2619 3890 2682 adhuc

2301 2702 2460 2745 nosse
2501 2692 2768 2762 quomodo
2809 2698 3133 2765 cqmquanda
3179 2701 3252 2754 sit
3294 2701 3347 2756 in
3376 2703 3672 2774 interprete
3697 2711 3892 2776 peritia

2303 2781 2622 2851 linguarum,
2649 2786 2970 2854 conjecturis
2994 2804 3202 2858 corum,
3240 2794 3331 2864 qui
3355 2797 3649 2866 scripturas
3674 2800 3887 2856 edisse-

2301 2875 2466 2927 rendo
2497 2884 2848 2943 pertractant;
2897 2894 3029 2948 quos
3071 2897 3292 2950 necesse
3317 2896 3419 2951 est,
3472 2889 3681 2957 etiamsi
3729 2902 3888 2956 recta:

2302 2970 2460 3030 atque
2491 2963 2646 3018 unius
2677 2964 2796 3020 lidei
2841 2965 3058 3036 fuerint,
3097 2973 3273 3028 varias
3299 2989 3487 3044 parere
3517 2979 3570 3034 in
3599 2981 3887 3040 multorum

2303 3050 2539 3115 locorum
2566 3053 2886 3110 obscuritate
2915 3060 3208 3114 sententias
3241 3079 3254 3115 :
3285 3067 3528 3132 quamvis
3554 3085 3887 3140 nequaquam

2301 3138 2414 3209 ipsa
2438 3142 2663 3206 varietas
2684 3143 2752 3196 ab
2782 3145 3020 3214 ejusdem
3048 3148 3167 3215 tidei
3192 3153 3391 3208 unitate
3411 3154 3716 3223 discordet;
3747 3138 3891 3221 sicut

2301 3229 2461 3283 etiam
2485 3245 2620 3284 unus
2647 3239 2918 3300 tractator,
2937 3237 3228 3292 secundum
3254 3243 3498 3298 eamdem
3523 3245 3703 3310 ﬁdem,
3732 3249 3889 3305 aliter

2299 3329 2460 3390 atque
2479 3323 2634 3377 aliter
2656 3326 2904 3380 eumdem
2928 3327 3101 3383 locum
3130 3340 3306 3400 potest
3326 3348 3617 3405 exponere,
3636 3340 3760 3409 quia
3786 3340 3890 3401 hac

2301 3410 2416 3488 ejus
2435 3411 2731 3478 obscuritas
2760 3417 2974 3486 patitur.
3005 3437 3028 3478 ι

2302 3537 2309 3544 -
2371 3502 2461 3560 55.
2499 3522 2517 3554 ι
2558 3504 2681 3559 ideo
2719 3517 2894 3563 autem
2939 3509 3189 3578 desidero
3219 3513 3712 3585 interpretationem
3746 3532 3892 3586 tuam

2301 3587 2369 3655 de
2389 3589 2751 3662 Septuaginta,
2787 3606 2842 3650 ut
2886 3606 2940 3653 et
2979 3609 3121 3655 tanta
3147 3602 3458 3673 Latinorum
3503 3609 3884 3680 interpretum,

2301 3681 2389 3749 qui
2418 3682 2830 3758 qualescumque
2857 3687 2960 3755 hoc
2992 3693 3108 3746 ausi
3138 3704 3286 3761 sunt,
3311 3707 3566 3765 quantum
3603 3717 3888 3769 possumus

2302 3769 2562 3838 imperitia
2591 3788 2867 3832 careamus
2904 3795 2919 3832 :
2956 3788 3010 3834 et
3059 3781 3112 3836 hi
3135 3822 3155 3854 ,η
3182 3785 3272 3853 qui
3317 3800 3405 3842 me
3434 3788 3672 3852 invidere
3701 3803 3886 3860 putant

2302 3859 2522 3916 utilibus
2563 3862 2836 3922 laberibus
2885 3871 3024 3935 tuis,
3070 3872 3283 3930 tandem
3320 3876 3636 3946 aliquando,
3682 3859 3729 3937 si
3775 3887 3882 3948 licri

2300 3959 2494 4019 potest,
2545 3953 2858 4025 intelligant,
2890 3971 3170 4029 propterea
3200 3980 3285 4020 me
3325 3969 3469 4023 nolle
3505 3979 3648 4025 luant
3683 3989 3748 4028 ex
3780 3975 3882 4029 lle-

2300 4037 2446 4093 δι’ωο
2475 4041 2966 4114 interpretationem
3015 4051 3066 4105 in
3101 4052 3356 4120 Ecclesiis
3396 4058 3548 4128 legis,
3595 4077 3663 4116 ne
3699 4074 3881 4122 contra

2299 4126 2641 4200 Septuaginta
2683 4139 3087 4208 auctoritatem,
3136 4151 3387 4214 tanquam
3435 4126 3629 4204 novum
3675 4154 3883 4222 aliquid

2300 4219 2665 4309 proferentes,
2737 4243 2928 4298 magno
2974 4232 3225 4288 seandalo
3275 4238 3648 4303 perturbemus
3699 4219 3884 4309 plebes

2297 4306 2516 4376 Christi,
2545 4328 2766 4381 quarum
2797 4332 2972 4381 aures,
3015 4330 3070 4374 et
3107 4322 3269 4386 corda
3309 4325 3455 4380 illam
3483 4306 3879 4398 interpretatio-

2297 4411 2422 4460 nem
2461 4402 2646 4462 audire
2690 4419 3096 4477 consueverunt,
3137 4427 3256 4481 qua:
3301 4416 3461 4470 etiam
3501 4419 3571 4472 ab
3614 4421 3881 4489 Apostulis

2297 4491 2586 4580 approbata
2615 4503 2715 4550 est.
2751 4494 2902 4560 [inde
2939 4509 2992 4554 et
3035 4502 3162 4560 illud
3201 4505 3341 4572 apud
3379 4506 3568 4565 Ionam
3595 4509 3886 4580 virgultum,

2297 4576 2489 4647 (Iona.
2514 4581 2566 4635 6.
2600 4583 2692 4653 6),
2738 4586 2780 4642 si
2824 4588 2874 4640 in
2905 4589 3134 4654 [leher
3153 4609 3253 4656 nec
3277 4595 3475 4660 hedera
3518 4609 3615 4663 est,
3650 4576 3753 4656 nec
3781 4619 3880 4666 cu,-

2295 4669 2518 4736 curbita,
2537 4671 2629 4727 sed
2653 4677 2831 4730 nescio
2852 4680 2974 4747 quid
2990 4681 3153 4746 aliud,
3172 4686 3313 4753 quod
3332 4697 3517 4744 trunco
3535 4703 3631 4743 suo
3647 4689 3862 4760 nixum,

2295 4761 2454 4815 nullis
2469 4766 2866 4821 sustentandum
2888 4771 3219 4842 adminiculis
3241 4778 3502 4848 erigatur;
3524 4781 3739 4835 mallem
3762 4783 3881 4854 jam

2292 4849 2352 4911 in,
2373 4851 2618 4906 omnibus
2649 4853 2847 4911 Latinis
2873 4863 3177 4916 cucurbitmn
3205 4864 3328 4937 legi.
3357 4866 3472 4928 Non
3497 4869 3640 4926 enim
3672 4849 3870 4930 frustra

2292 4938 2394 4995 hoc
2420 4951 2545 5009 puto
2579 4943 2919 5018 Septuaginta
2969 4953 3235 5027 posuisse,“
3276 4957 3381 5013 nisi
3419 4958 3542 5029 quia
3569 4969 3622 5017 et
3649 4961 3773 5020 huic
3797 4967 3839 5021 si

2291 5030 2414 5086 mile
2441 5032 2698 5090 sciebant.
2738 5055 2758 5089 ι

2287 5145 2782 5220 sissehliieronvmum
2806 5160 2990 5220 postea,
3014 5145 3263 5220 docti'virt,
3289 5169 3696 5220 argumentantur
3721 5179 3782 5216 ex
3808 5179 3866 5216 eo

2287 5203 2604 5289 iocabialog.
2622 5203 2677 5289 :1.
2702 5203 2867 5260 contra
2890 5203 3183 5286 Pelagianos

2287 5268 2970 5349 “fﬂins‘ltfammweﬁsas
3001 5268 3863 5349 {ireirebensihileajarmenia?

2285 5325 2430 5408 addit,
2454 5327 2858 5408 indignabitn‘rnicft‘
2986 5325 3864 5408 aeneyari.'6&5ii'ﬁs:&'ﬁ§'3p&751

2285 5384 2446 5460 lorum.
2470 5384 2580 5460 ngn'
2596 5390 2758 5460 (tabuit
2778 5392 2802 5442 ?
2825 5393 3062 5460 Cliterum
3098 5384 3241 5458 quam
3261 5384 3343 5448 is;

2283 5447 2583 5523 scriptisilie
2607 5451 2850 5523 hauserat,
2879 5447 3347 5523 (‘tassianusquoque
3364 5447 3648 5517 ῖοῙΙῖιῖίῙῖ.
3667 5447 3866 5523 sicilia;

2283 5508 2400 5594 tiam
2424 5520 2499 5581 est
2521 5508 2854 5583 amplexatus;
2877 5508 3288 5594 DAtktgpst‘inianan'i
3314 5508 3860 5594 ﬁve—ro—

2282 5581 2306 5616 a
2367 5583 2428 5619 ne
2451 5572 2499 5618 in
2525 5572 2690 5633 primis
2711 5572 2848 5635 quos
2877 5572 3192 5627 Scholastieos
3214 5591 3404 5632 vocant.
3431 5572 3436 5573 ⁷
3492 5572 3512 5587 ’⁷
3531 5572 3724 5592 ’m‘"
3763 5572 3866 5599 ”’⁷’>

2312 5575 2418 5691 uid)
2453 5630 2668 5689 Martiali.
2691 5635 2831 5691 iuxta
2864 5644 3058 5688 veteres
3081 5639 3340 5691 editiones.
3369 5650 3697 5691 prospexeris-

2364 5631 2418 5693 d)
2453 5630 2668 5689 Martian.
2691 5630 2831 5695 juxta
2864 5644 3058 5688 veteres
3081 5639 3340 5702 editiones,
3366 5630 3698 5708 prospexeris.
