4026 6186
120 339 220 397 953

188 456 278 508 ‘56.
332 470 351 505 ι
385 449 526 506 Satis
567 461 681 511 me,
730 444 837 498 imo
874 441 1097 497 fortasse
1141 440 1259 512 plus
1312 453 1469 510 quam
1518 438 1682 502 satis,

119 543 285 601 tribus
335 538 573 609 epistolis
626 536 727 588 tuis
774 531 1112 601 respondisse
1159 530 1420 593 arbitror;
1464 542 1688 598 quarum

115 633 245 685 duas
270 645 363 700 per
388 627 711 698 Cyprianum
739 623 941 691 accepi,
975 635 1130 675 unam
1170 635 1266 690 per
1285 619 1546 673 Firmum.
1586 616 1691 670 Re-

114 721 285 789 scribe
311 719 447 787 quod
475 717 643 769 visum
666 714 824 767 fuerit
846 713 910 766 ad
946 726 1040 765 nos
1064 711 1147 765 vel
1169 710 1303 763 alios
1328 708 1684 763 instruendus.

114 812 258 863 Dabo
301 818 473 860 autem
506 819 721 872 operam
750 803 1142 871 diligentiorem
1172 810 1426 864 quantum
1456 813 1541 859 me
1588 796 1686 853 ad-

112 898 254 966 juvat
279 896 548 959 Dominus,
576 904 631 947 ul
655 894 866 956 litterae,
900 906 1032 959 quas
1058 891 1122 943 ad
1152 902 1201 943 te
1231 889 1423 952 scribo,
1448 890 1593 957 prius
1622 886 1687 941 ad

112 999 161 1041 te
190 987 514 1055 perveniant,
544 1000 700 1054 quam
740 984 804 1036 ad
850 998 1194 1053 quemquam,
1219 996 1247 1032 a
1277 994 1383 1049 quo
1432 980 1585 1043 latius
1611 979 1689 1031 di-

112 1084 437 1146 spergantur.
469 1075 662 1129 Fateor
690 1075 852 1136 enim,
882 1088 982 1128 nec
1026 1073 1153 1125 mihi
1189 1071 1291 1124 hoc
1322 1070 1433 1123 lieri
1463 1069 1598 1133 velle
1623 1067 1689 1122 de

112 1170 209 1225 luis
230 1168 293 1221 ad
317 1184 421 1223 tne.
446 1167 587 1237 quod
616 1167 681 1220 de
706 1166 837 1219 meis
858 1164 925 1221 ad
958 1174 1007 1218 te
1036 1162 1227 1217 factum
1253 1161 1545 1230 iustissime
1591 1175 1689 1225 ex-

110 1259 362 1328 postulas.
394 1257 595 1329 Tamen
638 1258 837 1325 placeat
882 1238 1032 1309 nobis
1061 1255 1287 1309 invicem
1338 1266 1441 1307 non
1487 1261 1687 1304 tantum

110 1349 335 1413 caritas,
385 1362 571 1402 verum
615 1348 775 1401 etiam
822 1347 1038 1400 libertas
1085 1344 1361 1405 amicitiae;
1410 1356 1509 1396 nec
1550 1340 1688 1409 apud

110 1456 190 1511 tne
216 1449 415 1501 taceas,
444 1440 527 1493 vel
553 1454 652 1508 cgo
700 1437 839 1507 apud
869 1450 950 1502 te,
978 1437 1119 1506 quod
1155 1436 1209 1490 in
1252 1435 1448 1489 nostris
1499 1434 1690 1488 litteris

110 1530 338 1583 vicissim
366 1543 466 1583 nos
487 1537 696 1591 movet;
724 1542 791 1583 eo
819 1528 1023 1585 scilicet
1043 1525 1221 1583 animo
1244 1525 1331 1597 qui
1360 1524 1525 1577 oculis
1553 1524 1643 1577 Dei
1670 1564 1685 1589 ,

110 1621 158 1689 in
196 1619 424 1673 fraterna
453 1620 774 1684 dilectione,
812 1634 917 1672 non
991 1619 1153 1689 782
1226 1616 1492 1683 displicet.
1535 1614 1687 1680 Quod

110 1697 149 1768 si
176 1714 308 1767 inter
328 1727 429 1767 nos
448 1712 562 1767 ﬁeri
582 1727 735 1781 posse
756 1712 871 1783 sine
892 1711 1056 1777 ipsius
1072 1708 1369 1762 dilectionis
1392 1706 1687 1775 perniciosa

109 1802 399 1857 oll‘vnsione
427 1819 531 1857 non
557 1812 741 1871 putas;
762 1788 864 1854 non
884 1801 992 1853 ﬁat.
1013 1799 1102 1853 llla
1121 1799 1261 1853 enim
1286 1799 1499 1869 caritas,
1529 1811 1685 1865 quam

110 1902 271 1962 tecum
304 1893 507 1957 habere
530 1893 685 1946 velim
706 1933 721 1957 ,
751 1891 986 1960 profecto
1008 1888 1177 1958 major
1194 1896 1275 1956 est
1304 1905 1316 1940 :
1346 1886 1440 1957 sed
1469 1887 1546 1954 (α)
1576 1900 1687 1940 me-

108 1986 201 2039 lius
228 1985 340 2040 hzcc
367 1986 569 2051 minor,
597 2000 752 2053 quam
787 1982 929 2035 nulla
956 1990 1058 2033 est.
1094 1998 1113 2033 ι

570 2091 893 2147 EPISTULA
917 2089 1101 2157 cxvu
1128 2088 1221 2157 (b).

174 2223 240 2261 an
266 2221 487 2261 navas:
518 2220 585 2257 ετ
615 2218 792 2257 rium
820 2200 889 2274 (ci
920 2216 971 2255 ix
998 2216 1181 2256 cum
1214 2211 1612 2259 concussus.

111 2314 261 2390 Docet
280 2314 444 2367 viduis
469 2322 515 2366 et
533 2312 807 2381 virginibus
832 2309 1083 2362 vitandam
1101 2324 1204 2361 esse
1225 2306 1545 2359 domesticam
1566 2322 1688 2356 con-

175 2404 492 2459 suetudinem
517 2418 710 2465 eorum,
739 2400 873 2451 unde
898 2399 959 2451 sit
988 2398 1263 2464 periculum
1292 2395 1366 2447 vel
1411 2394 1681 2461 pudicititc,

176 2495 251 2548 vel
273 2496 444 2563 fama.
470 2492 826 2560 Argumentum
846 2486 1072 2558 cpistola:
1094 2486 1199 2555 ipse
1219 2484 1465 2557 copiosius
1484 2483 1687 2555 exponit

176 2586 225 2638 in
257 2583 583 2652 Praefatione.

705 2690 1092 2755 ΡΒᾸΞΡΑΤΙΟ.
1114 2752 1139 2779 ἓ

178 2808 226 2863 1.
265 2808 469 2863 Retulit
495 2805 623 2859 mihi
658 2804 869 2874 quidam
902 2800 1063 2856 frater
1090 2817 1120 2865 e
1157 2800 1325 2859 Gallia
1349 2841 1361 2863 ,
1391 2812 1449 2863 se
1490 2798 1687 2863 habere

113 2914 343 2971 sororem
366 2898 648 2969 virginem,
676 2906 1005 2963 matremque
1026 2894 1259 2959 viduam,
1283 2908 1398 2962 quin
1421 2894 1471 2946 in
1499 2892 1684 2946 eadem

112 2993 233 3061 urbe
259 2992 444 3047 divisis
474 2991 771 3044 habitarent
798 2988 1001 3043 cellulis
1029 3003 1043 3041 :
1073 2995 1127 3042 ct
1152 2986 1233 3040 vel
1264 2986 1331 3040 ob
1364 2984 1577 3053 hospitii
1606 2981 1684 3055 (tl)

109 3082 468 3143 solitudinem,
498 3081 583 3133 vel
612 3079 680 3130 ob
701 3077 1073 3131 custodiendas
1101 3076 1449 3136 facultatulas,
1481 3089 1685 3141 pr:esn-

108 3171 180 3237 les
210 3172 313 3227 sibi
351 3170 613 3241 quosdam
663 3167 898 3221 Clericos
925 3164 1366 3234 assumpsissent;
1397 3173 1455 3215 ut
1486 3163 1687 3230 majore

107 3264 366 3338 dedecore
392 3262 748 3331 jungerentur
774 3258 984 3322 alienis,
1031 3272 1186 3325 quam
1217 3271 1243 3307 a
1274 3270 1332 3309 se
1372 3254 1576 3307 fuerant
1605 3268 1691 3307 se-

107 3366 322 3441 parata.
367 3356 608 3422 Cumque
639 3366 738 3420 ego
776 3350 1202 3419 ingemiscercm,
1236 3356 1288 3400 et
1334 3345 1499 3398 multo
1540 3345 1687 3413 plura

108 3437 330 3501 tacendo
382 3460 542 3514 quam
595 3441 859 3512 loquendo
922 3437 1297 3509 significarem.
1356 3437 1547 3503 Qtncso
1600 3446 1686 3499 te,

109 3538 292 3605 inquit,
332 3535 595 3603 corripias
622 3548 712 3586 eas
751 3531 942 3586 litteris
969 3530 1091 3593 tuis,
1138 3538 1190 3582 et
1233 3527 1298 3581 ad
1349 3526 1686 3580 concordiam

109 3616 359 3689 revoces;
392 3636 448 3679 ut
492 3634 661 3677 mater
713 3623 895 3686 ﬁliam,
928 3628 981 3674 ct
1022 3620 1125 3673 lilia
1172 3629 1391 3672 matrem
1414 3627 1682 3687 agnoscat.

110 3694 199 3779 Cui
228 3734 325 3789 ego
360 3737 373 3773 :
405 3716 695 3783 Optimam,
750 3716 983 3782 inquam,
1026 3711 1151 3764 mihi
1201 3708 1431 3778 iniungis
1472 3709 1687 3777 provin-

110 3810 237 3881 ciam
264 3828 277 3862 :
303 3820 359 3863 ut
387 3810 599 3882 alienus
640 3806 945 3883 conciliem,
967 3818 1099 3872 quas
1128 3803 1265 3855 lilius
1288 3804 1554 3870 fraterque
1582 3817 1687 3854 non

113 3902 293 3971 potuit.
317 3901 481 3970 Quasi
506 3915 633 3953 vero
653 3897 1019 3965 Episcopalem
1049 3892 1356 3946 cathedram
1384 3901 1614 3953 teneatn,
1637 3898 1692 3944 et.

113 4009 211 4052 non
239 3994 453 4047 clausus
497 3988 710 4049 cellula,
756 4001 816 4039 ac
847 3985 1029 4054 procul
1069 3999 1098 4035 a
1124 3983 1291 4035 turbis
1318 3990 1576 4041 remotus,
1604 3980 1689 4043 vel

112 4056 375 4159 pra‘tcrila
406 4082 652 4151 plangam
708 4078 855 4139 vitia,
904 4074 987 4128 vel
1028 4074 1193 4126 vitare
1222 4073 1357 4125 nitar
1384 4070 1686 4139 prirsentia.

114 4174 209 4229 Sed
238 4185 291 4229 et
312 4174 664 4238 incongruum
689 4174 770 4220 est
799 4166 963 4217 latere
988 4176 1241 4229 corpore,
1283 4171 1335 4215 et
1375 4160 1547 4229 lingua
1596 4174 1692 4227 per

117 4274 270 4323 totum
303 4260 490 4318 orbem
514 4259 710 4328 vagari.
741 4257 805 4311 Et
828 4256 915 4309 ille
941 4273 952 4309 :
976 4253 1227 4317 Nimium,
1252 4253 1344 4317 ait,
1378 4251 1692 4305 formidolo-

116 4369 199 4408 sus
220 4372 298 4411 cs.
328 4355 427 4410 Uhi
451 4354 538 4407 illa
560 4338 824 4421 quondam
849 4345 1169 4412 constantia,
1194 4344 1245 4397 in
1272 4359 1370 4413 qua
1400 4342 1564 4396 multo
1584 4342 1692 4396 sale

116 4445 289 4499 orbem
313 4443 584 4509 defricans
612 4441 704 4509 (e),
738 4438 1084 4517 Lucillianum
1127 4435 1393 4504 quippiam
1432 4432 1697 4490 retulisti't

117 4534 221 4589 lloc
248 4546 348 4602 est,
378 4535 486 4602 aio,
515 4533 654 4604 quod
686 4549 771 4587 me
811 4532 989 4601 fugat,
1022 4539 1076 4584 et
1117 4530 1261 4583 labra
1304 4528 1542 4583 dividere
1586 4542 1695 4595 non

118 4628 254 4680 sinit.
303 4628 588 4697 Postquam
625 4626 764 4679 enim
794 4624 1063 4694 arguendo
1091 4623 1336 4689 crimina,
1371 4622 1542 4676 factus
1569 4635 1688 4677 sum

120 4715 451 4791 criminosus,
494 4725 549 4793 et
581 4716 729 4794 juxta
780 4715 958 4788 tritum
990 4714 1129 4784 vulgi
1176 4728 1421 4769 sermone
1465 4726 1691 4787 prover-

180 4885 252 4955 (ᾳ)
283 4886 501 4955 veteres
518 4888 1049 4955 editietMartianzeus,
1072 4886 1257 4937 melior.

181 4945 253 5005 (lt)
293 4946 418 5003 Alias
441 4945 517 4996 47.
544 4949 730 5005 scripta
748 4962 874 4997 mmo
891 4945 1011 4997 ³403.
1035 4945 1049 4957 “

187 5006 413 5071 chOtini
435 5009 655 5071 absolute
678 5019 800 5069 erat,
830 5018 897 5071 De
920 5009 1113 5063 vitando
1135 5014 1352 5069 suspecto
1372 5009 1691 5071 contubernio.

121 5066 221 5116 Nos
237 5066 353 5118 Mss.
376 5069 732 5135 inscriptionem
749 5066 1245 5135 prieferimus‘additi's
1269 5071 1446 5126 verbis,
1472 5070 1521 5135 in
1542 5072 1696 5135 millia

124 5136 479 5192 gnumorantes.
506 5129 614 5192 Ipse
632 5129 831 5180 Hieron.
858 5141 1024 5180 contra
1048 5130 1279 5191 Vigilant.
1314 5144 1447 5179 num.
1472 5131 1518 5178 5.
1553 5149 1575 5175 σι
1594 5132 1694 5179 Ma-

130 5186 305 5255 liguurs,
328 5207 350 5235 ι
383 5186 554 5255 inquit,
586 5210 608 5255 ᾳ
631 5193 875 5255 interpres
912 5194 1058 5250 dicat,
1096 5186 1300 5255 lictama
1323 5194 1695 5255 meumateriam,

128 5253 215 5315 cui
232 5252 473 5315 rhetorica
484 5252 846 5315 rdeclamatidne
870 5255 1209 5315 respondeam,
1237 5254 1360 5315 sicut
1383 5252 1528 5315 illam,
1554 5266 1696 5314 quam

128 5312 290 5373 scripsi
313 5313 369 5361 ad
390 5312 587 5373 Gallias,
611 5317 781 5362 matris
803 5323 853 5363 et
884 5312 994 5363 nua:
1022 5318 1149 5363 inter
1170 5328 1225 5363 se
1256 5312 1645 5363 discordantium.
1668 5330 1690 5357 ii

131 5369 351 5421 Erasmus
370 5369 926 5437 quoque'declamatorio
948 5390 1082 5424 more
1106 5384 1346 5437 sumptum
1379 5374 1527 5422 fuisse
1548 5382 1699 5437 atque

132 5438 375 5499 tractatum
400 5436 797 5499 abs'liieronymo
816 5445 1159 5499 argumentum
1182 5436 1453 5499 ευενὶωιυε
1477 5444 1573 5486 est.

192 5492 266 5614 id)
301 5495 545 5568 Veronen.
571 5497 629 5546 ob
652 5492 843 5568 hospitii
865 5492 1248 5547 sollicitudinem.

213 5555 253 5614 ε)
292 5555 507 5604 Matium.
533 5556 763 5614 dt’lltltslt,
789 5572 885 5614 quo
920 5561 1069 5607 verbo
1101 5560 1184 5614 qui
1225 5574 1248 5607 ι]

168 5555 253 5621 is)
292 5555 507 5604 Mittian.
530 5555 763 5621 dcttdisti,
789 5572 885 5621 quo
920 5561 1069 5607 verbo
1096 5560 1184 5621 qui
1225 5566 1423 5621 utuntur
1460 5557 1575 5607 Mss.
1612 5565 1699 5606 Lu-

133 5618 317 5689 cterium
352 5618 619 5689 quem-piam
652 5618 897 5689 corrupte"
918 5622 1063 5689 etiam
1076 5618 1284 5689 “legunt.
1325 5619 1512 5689 Dicitur
1535 5625 1699 5689 autem

136 5672 650 5743 Luc-illius'abﬂoratio
676 5680 760 5730 lib.
787 5672 830 5730 1'.
866 5681 1013 5730 Satir.
1046 5682 1119 5740 lO,
1147 5672 1306 5741 idem,
1331 5680 1412 5743 qui
1435 5680 1533 5730 sate
1557 5679 1705 5729 multo

144 5735 303 5787 tabem
326 5738 567 5795 deti-icuit,
601 5748 697 5791 etc.

1482 324 1807 382 El'ISTOLA
1843 324 2044 381 CXVII.

3266 336 3373 411 est

1798 438 1944 494 bium
1999 456 2015 494 :
2060 439 2126 511 (f)
2152 438 2525 510 Jurgautihus,
2574 449 2629 496 et
2674 444 2987 511 negantibus
3023 447 3246 516 cunctis,
3274 466 3374 508 nec

1794 546 1951 586 aures
1978 546 2064 586 me
2092 532 2253 587 credo
2286 532 2504 599 habere,
2538 548 2635 589 nec
2662 544 2891 590 tactum:
2920 536 3123 608 ipsique
3142 541 3374 609 parietes

1793 620 1845 675 in
1886 637 1972 675 me
2011 622 2294 678 maledicto
2323 632 2673 687 resonarunt,
2704 633 2750 678 et
2777 625 2830 678 in
2874 641 2955 679 me
2978 625 3255 696 psallebant
3289 631 3374 697 qui

1793 712 2017 767 bibebant
2056 713 2223 766 vinum
2275 713 2462 782 (Psal.
2490 713 2592 785 68)
2642 723 2902 774 :coactus
2998 717 3159 787 783
3233 718 3374 777 malo

1794 809 1968 855 tacere
1987 802 2169 867 didici,
2199 808 2394 857 rectius
2423 818 2541 858 esse
2570 804 2852 868 arbitrans,
2880 820 3078 873 ponere
3097 808 3377 878 custodiens

1792 894 1867 947 ori
1890 910 2016 957 meo,
2042 904 2089 951 et
2110 897 2291 951 ostium
2317 899 2559 948 munitum
2582 895 2728 967 labiis
2750 898 2870 950 meis
2888 897 3055 965 (Psal.
3080 896 3191 967 58)⁹
3216 914 3375 968 quam

1792 984 2058 1039 declinare
2096 1002 2183 1038 cor
2210 1003 2371 1039 meum
2400 987 2451 1039 in
2480 986 2629 1040 verba
2658 989 2865 1041 malitia:
2893 1003 2912 1041 :
2957 997 3011 1043 et
3049 988 3175 1043 dum
3215 1004 3377 1059 carpo

1791 1075 1935 1134 vitia,
1983 1075 2039 1128 in
2084 1075 2267 1143 vitium
2310 1076 2651 1131 detractionis
2699 1077 2992 1133 incurrere.
3042 1079 3193 1145 Quod
3245 1094 3371 1134 cum

1790 1163 2044 1219 dixissom
2073 1183 2085 1218 :
2119 1166 2231 1219 Non
2253 1177 2355 1229 est,
2382 1169 2570 1235 inquit,
2598 1169 2903 1231 detrahere.
2937 1185 3121 1223 verum
3156 1170 3369 1236 dicere;

1791 1268 1890 1307 nec
1914 1255 2111 1321 privata
2138 1257 2401 1323 Correptio
2422 1256 2722 1324 generalem
2752 1257 2876 1311 facit
2896 1256 3221 1321 doctrinam;
3250 1240 3373 1317 cunt

1790 1352 1882 1395 aut
1928 1359 2101 1411 rarus,
2140 1352 2231 1397 aut
2268 1345 2444 1399 nullus
2488 1346 2576 1411 sit,
2618 1347 2709 1416 qui
2736 1348 2834 1401 sub
2874 1346 3033 1416 hujus
3062 1349 3232 1417 culpa:
3258 1364 3352 1404 rea

1793 1441 1900 1485 tum
1928 1431 2004 1503 (α)
2034 1434 2207 1487 cadat.
2247 1433 2440 1501 Quieso
2476 1450 2603 1504 ergo
2632 1444 2705 1500 te,
2754 1451 2822 1491 ne
2872 1452 2957 1491 me
2998 1446 3146 1492 tanto
3185 1439 3376 1497 itinere

1790 1532 2058 1588 ventum,
2088 1524 2280 1578 frustra
2302 1528 2508 1579 venisse
2533 1527 2770 1597 patiaris.
2797 1526 2908 1582 Scit
2926 1528 3068 1582 enim
3098 1529 3374 1597 Dominus,

1790 1613 1928 1680 quod
1961 1621 2080 1680 post
2125 1615 2385 1685 visionem
2434 1626 2738 1669 sanctorum
2783 1616 3071 1681 Locorum,
3113 1618 3251 1674 hanc
3292 1598 3376 1673 vel

1790 1702 2027 1763 maxime
2071 1716 2283 1756 causam
2341 1704 2521 1769 habui,
2577 1713 2634 1757 ut
2678 1720 2797 1759 cum
2843 1706 2947 1760 tuis
2981 1706 3170 1761 litteris
3199 1706 3373 1773 sorori

1790 1789 2033 1843 mederer
2056 1805 2119 1844 ac
2148 1791 2326 1844 matri.
2367 1792 2435 1845 Et
2474 1806 2573 1860 ego
2602 1808 2616 1845 :
2647 1792 2890 1861 Jamjam,
2941 1795 3176 1863 inquam,
3227 1795 3369 1865 quod

1788 1881 1868 1933 vis
1910 1879 2095 1933 faciam
2124 1897 2137 1933 :
2170 1895 2290 1941 nam
2335 1891 2389 1935 et
2430 1882 2671 1950 epistolae
2718 1886 3088 1939 transmarina:
3134 1892 3376 1957 sunt,et

1787 1970 2086 2037 specialiter
2112 1985 2289 2025 sermo
2315 1971 2561 2035 dictatus,
2592 1987 2714 2037 raro
2757 1982 2932 2041 potest
2970 1974 3208 2029 invenire
3235 1989 3372 2043 quos

1788 2060 2043 2113 mordeat.
2080 2059 2155 2125 Te
2180 2069 2356 2114 autem
2387 2060 2628 2124 obsecro,
2660 2072 2718 2115 ut
2736 2063 2872 2115 clam
2899 2077 3200 2118 sermoiiem
3227 2066 3370 2122 hunc

1789 2150 2006 2207 habeas.
2037 2150 2273 2218 Cumque
2305 2153 2597 2220 portaveris
2618 2168 2737 2206 eum
2772 2167 2865 2220 pro
2888 2153 3079 2207 viatico
3099 2193 3113 2217 ,
3145 2154 3188 2207 si
3218 2153 3372 2208 audi-

1791 2251 1874 2295 tus
1900 2240 2077 2305 fuerit,
2111 2226 2352 2296 Letemur
2380 2242 2595 2309 pariter,
2625 2242 2669 2294 si
2692 2251 2869 2315 autem
2895 2252 3230 2311 contemptus
3260 2243 3377 2299 fue-

1788 2332 1875 2392 rit,
1899 2329 2039 2388 quod
2076 2341 2126 2383 et
2146 2332 2314 2399 magis
2342 2346 2485 2397 reor,
2510 2345 2615 2400 ego
2640 2331 2802 2399 verba
2826 2332 3173 2401 perdiderim,
3206 2338 3262 2386 tu
3291 2332 3377 2397 iti-

1789 2420 1933 2499 neris
1967 2420 2370 2495 longitudinem.
2708 2443 2723 2452 ι

2316 2532 2541 2601 Explicit
2574 2530 2844 2603 Prazfatio.

1857 2647 1911 2701 2.
1941 2647 2175 2702 Primum
2198 2662 2293 2703 vos
2318 2648 2456 2707 scire
2472 2649 2629 2717 cnpio
2658 2646 2738 2719 (It)
2762 2663 2914 2703 soror
2931 2658 2982 2705 et
3007 2649 3131 2714 lilia,
3162 2649 3376 2717 menon

1790 2738 1985 2792 idcirco
2014 2738 2270 2803 scribere,
2304 2740 2422 2808 quia
2453 2739 2650 2807 aliquid
2689 2739 2755 2794 de
2781 2740 2929 2793 vobis
2955 2740 3224 2794 sinistrum
3253 2757 3376 2796 sus-

1789 2827 1935 2895 picer
1954 2843 1967 2891 ;
1989 2826 2081 2879 sed
2106 2845 2172 2881 ne
2206 2828 2387 2895 caeteri
2412 2830 2749 2895 suspicentur
2771 2827 2832 2899 (ἱ)
2854 2838 3081 2882 vestram
3112 2845 3197 2882 me
3221 2844 3382 2889 orare

1788 2917 2149 2971 Concordiam.
2199 2917 2445 2984 Alioquin
2491 2917 2664 2986 (quod
2721 2917 2893 2985 absit)
2940 2916 2985 2970 si
3034 2926 3376 2987 peccatorum

1788 3020 1883 3059 vos
1911 3006 2271 3060 existimarem
2302 3005 2505 3074 glutino
2534 3006 2822 3062 cohaesisse
2842 3048 2855 3071 ,
2881 3022 3146 3074 nunquam
3174 3007 3378 3063 scribe-

1788 3111 1937 3158 rem;
1978 3097 2275 3164 sciremque
2304 3111 2389 3147 me
2428 3095 2603 3148 surdis
2635 3110 2852 3148 narrare
2890 3094 3139 3149 fabulam.
3175 3098 3380 3157 Deinde

1791 3186 1891 3238 hoc
1917 3184 2162 3246 obsecro,
2200 3193 2251 3236 nt
2270 3184 2315 3239 si
2337 3183 2640 3237 mordacius
2663 3183 2931 3253 quippiam
2957 3186 3243 3254 scripsero,
3269 3201 3376 3241 non

1790 3282 1895 3325 tam
1925 3289 2056 3327 mem
2104 3276 2298 3342 putetis
2342 3274 2664 3330 austeritatis
2714 3272 2820 3346 [aL
2850 3275 3196 3349 auctoritatis]
3224 3290 3377 3358 esse,

1789 3382 1945 3435 quam
1967 3367 2156 3419 morbi.
2186 3366 2413 3420 Putridae
2445 3381 2633 3421 carnes
2663 3366 2803 3421 ferro
2830 3378 3085 3420 curantur
3114 3379 3167 3423 et
3191 3378 3374 3423 caute-

1789 3458 1869 3511 rio
1895 3475 1907 3510 :
1933 3473 2133 3511 venena
2158 3458 2465 3527 serpentino
2488 3458 2756 3525 pelluntur
2781 3459 3041 3514 antidoto.
3074 3459 3224 3526 Quod
3247 3461 3383 3529 satis,

1788 3546 1966 3610 dolet,
2000 3548 2187 3616 majori
2220 3548 2407 3603 dolore
2445 3549 2749 3617 expellitur.
2792 3548 2871 3603 Ad
2925 3559 3222 3604 extremum
3277 3550 3378 3605 hoc

1790 3638 1932 3704 dico,
1966 3639 2104 3708 quod
2136 3639 2179 3691 si
2224 3640 2383 3693 etiam
2416 3636 2529 3692 hanc
2573 3641 2894 3694 conscientia
2927 3642 3164 3695 criminis
3192 3640 3379 3692 vulnus

1789 3746 1893 3783 non
1924 3729 2134 3796 habeat,
2168 3730 2326 3785 habet
2353 3742 2525 3784 tamen
2556 3731 2693 3785 fma
2739 3733 3101 3799 ignominiam.
3133 3732 3297 3784 Mater
3326 3743 3380 3785 ct

1790 3820 1917 3884 ﬁlia,
1962 3822 2172 3872 nomina
2204 3821 2414 3888 pietatis
2435 3862 2449 3884 ,
2497 3820 2792 3873 oﬂiciorum
2842 3820 3095 3871 voeabula
3116 3860 3130 3882 ,
3164 3821 3375 3874 vincula

1792 3918 1993 3962 natura!
2015 3949 2028 3971 ,
2054 3909 2284 3962 secunda
2316 3918 2429 3976 post
2457 3910 2619 3961 Deum
2666 3908 2962 3961 foederatio.
2994 3908 3107 3961 Non
3132 3919 3213 3961 est
3241 3910 3377 3973 laus,

1790 3999 1836 4052 si
1862 4012 1955 4051 vos
1999 3997 2257 4065 diligitis:
2288 3998 2461 4050 scelus
2509 4007 2625 4060 est,
2678 3995 2817 4066 quod
2870 3994 3076 4049 odistis.
3120 3996 3381 4063 Dominus

1791 4086 1947 4142 Jesus
1976 4086 2246 4155 subjectus
2273 4096 2387 4141 erat
2413 4086 2719 4156 parentibus
2746 4086 2857 4140 suis
2878 4084 2897 4155 (
2918 4085 3046 4141 Luc.
3073 4086 3147 4158 2)
3177 4103 3382 4157 :veoc-g.

1792 4178 2011 4232 rabatur
2062 4186 2321 4241 matrem,
2366 4176 2518 4246 cujus
2610 4175 2775 4251 784
2861 4184 2977 4230 erat
3034 4177 3147 4246 ipse
3203 4186 3372 4245 pater.

1793 4266 2009 4322 Colehat
2059 4266 2353 4331 nutritium,
2401 4282 2557 4336 quem
2611 4268 2904 4320 nutriverat
2950 4284 2963 4319 :
3006 4278 3383 4338 gestaminque

1793 4372 1853 4418 se
1891 4360 2204 4413 meminerat
2232 4359 2448 4413 alterius
2475 4367 2644 4424 utero,
2699 4360 2917 4413 alterius
2947 4359 3198 4414 brachiis.
3228 4359 3387 4427 Unde

1795 4458 1847 4502 et
1896 4449 1947 4502 in
1999 4464 2156 4503 cruce
2207 4450 2461 4517 pendens,
2512 4449 2855 4506 commendat
2902 4460 3173 4519 parentem
3220 4451 3381 4523 disci-

1796 4540 1919 4609 pulo
1941 4537 2134 4611 (loan.
2168 4539 2291 4610 l9),
2324 4556 2483 4611 quam
2520 4556 2788 4612 nunquam
2827 4551 2949 4595 ante
2984 4556 3195 4596 crucem
3226 4541 3383 4610 dimi,-

1795 4640 1956 4692 serat.

1881 4766 1923 4829 fi
1955 4765 2065 4829 Ilua
2087 4765 2198 4815 Mss.
2211 4764 2512 4829 jurantibus,
2538 4769 2584 4814 et
2605 4761 2903 4829 negantibus.

1881 4821 1933 4892 ᾖ)
1970 4827 2128 4892 Falso,
2151 4821 2506 4892 utivjdcbatur,
2524 4833 2572 4873 ct
2607 4821 2847 4892 contrario
2876 4835 3045 4892 sensu,
3067 4821 3240 4892 legunt
3262 4824 3383 4884 huc:

1795 4881 1955 4947 usqvu'e
1992 4881 2122 4937 editi
2143 4902 2199 4936 ac
2223 4881 2588 4947 M$.'plcri'qne
2612 4884 2700 4933 sub
2718 4881 3042 4947 lmjnsi‘ulpw
3070 4881 3256 4947 reatum
3284 4881 3387 4945 non

1796 4902 1828 4937 u
1890 4902 1955 4937 uc
1992 4902 2108 4937 εαιιι
2143 4902 2199 4936 ac
2223 4902 2336 4935 mg.
2364 4902 2588 4947 υιονιῳιυ
2612 4902 2700 4933 δυο
2718 4902 2861 4944 lllljlls
2884 4902 3042 4943 nupti:
3070 4902 3256 4933 Γεαιιιηι
3284 4902 3375 4935 non

1796 4902 1957 4999 elidat.
1994 4949 2093 4997 Nos
2124 4944 2660 5010 neg:tndi_partlculam
2698 4945 2981 5010 vetustioris
3024 4945 3253 5010 editionis
3292 4960 3375 4996 an.

1798 5011 1935 5059 H96.
1958 5018 2010 5057 et
2027 5010 2325 5057 Veronensis

1797 5071 1922 5119 hanc
1946 5070 2206 5116 lectionem
2230 5068 2337 5115 rati.

1860 5131 1935 5191 (Ii)
1970 5130 2051 5178 Sic
2095 5129 2209 5177 Mss.
2237 5141 2409 5191 omnes
2457 5132 2607 5191 atque
2631 5126 2769 5191 editi,
2788 5125 3271 5191 przpter_Victorium,
3296 5129 3386 5189 qui

1798 5185 2035 5239 cum'sub
2065 5192 2243 5251 sororis
2275 5190 2323 5235 in
2356 5185 2546 5239 Christo
2580 5190 2773 5251 nomine
2790 5185 2984 5248 'allaqui
3030 5185 3383 5251 Hieronymum

1798 5254 2043 5300 seniorem
2066 5249 2323 5297 mulierem
2357 5262 2451 5296 non
2476 5248 2778 5310 attendisset,
2805 5261 2867 5310 ex
2902 5249 3098 5308 ingenio
3129 5248 3388 5310 supposuit

1797 5318 2063 5380 materque
2083 5322 2234 5380 soror,
2256 5322 2349 5380 qua
2371 5310 2435 5357 de
2458 5323 2513 5357 rc
2540 5309 2731 5380 vapulat
2753 5321 2779 5379 a
2805 5308 3103 5380 Mamaeae.

1865 5374 1926 5434 (ί)
1959 5368 2135 5434 Veram
2175 5368 2434 5419 lectionem
2462 5384 2523 5418 ex
2549 5368 2863 5434 _Anibros_i_an.
2888 5369 3040 5417 codie.
3059 5368 3144 5434 66.
3170 5369 3381 5431 Erasmo,

1804 5442 1856 5483 et
1874 5430 2147 5491 vetustiori,
2173 5444 2266 5494 qua
2288 5434 2465 5492 Stepius
2481 5432 2688 5494 utimur,
2714 5430 2927 5494 editione
2950 5431 3267 5481 restituimus.
3305 5430 3388 5482 Vi.

1803 5496 1928 5545 tiose
1954 5502 2005 5543 et
2028 5490 2290 5553 incongrua
2311 5490 2459 5541 sensu
2480 5492 2660 5540 Victor.
2687 5499 2739 5539 et
2758 5490 2975 5539 Martian.
3000 5497 3205 5540 vsstram
3220 5505 3389 5546 errare

1802 5554 2129 5613 concordiam,
2155 5552 2262 5602 eum
2302 5552 2569 5615 liqueatex
2598 5558 2698 5601 toto
2732 5558 2988 5613 contextu,
3014 5565 3181 5615 earum
3212 5554 3388 5606 mulie-

1804 5630 1915 5683 rum
1938 5615 2238 5683 concordiam
2272 5614 2820 5683 orai'e.Hi.ertiit3mum,
2850 5626 2971 5683 quae
3000 5627 3108 5663 cum
3139 5614 3390 5670 discordes

1805 5679 1935 5725 inter
1959 5691 2014 5725 se
2039 5682 2223 5734 essent,
2251 5683 2398 5737 atque
2428 5675 2635 5725 invicem
2671 5681 2907 5739 separata:
2930 5677 3171 5739 viverent,
3198 5682 3390 5730 ueteris

1807 5740 2064 5801 suspicioni
2088 5744 2245 5786 erant.

2395 5020 2435 5054 s.
2458 5008 2749 5055 auctoritate
2770 5006 3110 5067 cxpunximus,
3136 5007 3388 5071 veriorem~
