  <div class='ocr_page' id='page_1' title='image "/cluster/home/n/w/nwhite01/storage/ocr_20150623/22/uva.x000826587/561.png"; bbox 0 0 4026 6186; ppageno 0'>
   <div class='ocr_carea' id='block_1_1' title="bbox 638 227 746 288">
    <p class='ocr_par' dir='ltr' id='par_1_1' title="bbox 638 227 746 288">
     <span class='ocr_line' id='line_1_1' title="bbox 638 227 746 288; baseline -0.019 -1"><span class='ocrx_word' id='word_1_1' title='bbox 638 227 746 288; x_wconf 74' lang='grc'><strong>955</strong></span> 
     </span>
    </p>
   </div>
   <div class='ocr_carea' id='block_1_2' title="bbox 710 322 2212 408">
    <p class='ocr_par' dir='ltr' id='par_1_2' title="bbox 710 322 2212 408">
     <span class='ocr_line' id='line_1_2' title="bbox 710 322 2212 408; baseline -0.007 -10"><span class='ocrx_word' id='word_1_2' title='bbox 710 344 764 399; x_wconf 78' lang='lat'><strong>3.</strong></span> <span class='ocrx_word' id='word_1_3' title='bbox 819 341 900 397; x_wconf 90' lang='lat' dir='ltr'><strong>Tu</strong></span> <span class='ocrx_word' id='word_1_4' title='bbox 935 322 1103 402; x_wconf 74' lang='lat' dir='ltr'><strong>vero,</strong></span> <span class='ocrx_word' id='word_1_5' title='bbox 1144 337 1251 391; x_wconf 99' lang='lat' dir='ltr'><strong>ﬁlia</strong></span> <span class='ocrx_word' id='word_1_6' title='bbox 1289 325 1618 408; x_wconf 30' lang='lat' dir='ltr'><strong>(jam-enim</strong></span> <span class='ocrx_word' id='word_1_7' title='bbox 1659 333 1845 390; x_wconf 86' lang='lat' dir='ltr'><strong>desino</strong></span> <span class='ocrx_word' id='word_1_8' title='bbox 1882 335 1948 390; x_wconf 90' lang='lat' dir='ltr'><strong>ad</strong></span> <span class='ocrx_word' id='word_1_9' title='bbox 1988 345 2212 389; x_wconf 93' lang='lat' dir='ltr'><strong>matrem</strong></span> 
     </span>
    </p>
   </div>
   <div class='ocr_carea' id='block_1_3' title="bbox 641 427 2219 504">
    <p class='ocr_par' dir='ltr' id='par_1_3' title="bbox 641 427 2219 504">
     <span class='ocr_line' id='line_1_3' title="bbox 641 427 2219 504; baseline -0.006 -15"><span class='ocrx_word' id='word_1_10' title='bbox 641 434 806 504; x_wconf 82' lang='lat' dir='ltr'><strong>loqui,</strong></span> <span class='ocrx_word' id='word_1_11' title='bbox 838 446 992 500; x_wconf 92' lang='lat' dir='ltr'><strong>quam</strong></span> <span class='ocrx_word' id='word_1_12' title='bbox 1022 429 1240 483; x_wconf 89' lang='lat' dir='ltr'><strong>forsitan</strong></span> <span class='ocrx_word' id='word_1_13' title='bbox 1269 437 1323 483; x_wconf 89' lang='lat' dir='ltr'><strong>et</strong></span> <span class='ocrx_word' id='word_1_14' title='bbox 1360 437 1489 482; x_wconf 73' lang='lat' dir='ltr'><strong>tetas</strong></span> <span class='ocrx_word' id='word_1_15' title='bbox 1515 435 1568 482; x_wconf 89' lang='lat' dir='ltr'><strong>et</strong></span> <span class='ocrx_word' id='word_1_16' title='bbox 1592 427 1926 483; x_wconf 91' lang='lat' dir='ltr'><strong>imbecillitas</strong></span> <span class='ocrx_word' id='word_1_17' title='bbox 1947 469 1960 494; x_wconf 91' lang='lat'><strong>,</strong></span> <span class='ocrx_word' id='word_1_18' title='bbox 1993 443 2056 482; x_wconf 91' lang='lat' dir='ltr'><strong>ac</strong></span> <span class='ocrx_word' id='word_1_19' title='bbox 2089 428 2219 482; x_wconf 83' lang='lat' dir='ltr'><strong>soli-</strong></span> 
     </span>
    </p>
   </div>
   <div class='ocr_carea' id='block_1_4' title="bbox 642 517 2218 589">
    <p class='ocr_par' dir='ltr' id='par_1_4' title="bbox 642 517 2218 589">
     <span class='ocr_line' id='line_1_4' title="bbox 642 517 2218 589; baseline -0.004 -12"><span class='ocrx_word' id='word_1_20' title='bbox 642 525 766 579; x_wconf 83' lang='lat' dir='ltr'><strong>tudo</strong></span> <span class='ocrx_word' id='word_1_21' title='bbox 805 519 1156 574; x_wconf 84' lang='lat' dir='ltr'><strong>excusabilem</strong></span> <span class='ocrx_word' id='word_1_22' title='bbox 1188 517 1342 589; x_wconf 92' lang='lat' dir='ltr'><strong>facit)</strong></span> <span class='ocrx_word' id='word_1_23' title='bbox 1372 528 1458 584; x_wconf 88' lang='lat' dir='ltr'><strong>ttt,</strong></span> <span class='ocrx_word' id='word_1_24' title='bbox 1508 519 1741 588; x_wconf 89' lang='lat' dir='ltr'><strong>inquam,</strong></span> <span class='ocrx_word' id='word_1_25' title='bbox 1785 519 1926 582; x_wconf 88' lang='lat' dir='ltr'><strong>lilia,</strong></span> <span class='ocrx_word' id='word_1_26' title='bbox 1970 519 2085 587; x_wconf 85' lang='lat' dir='ltr'><strong>ejus</strong></span> <span class='ocrx_word' id='word_1_27' title='bbox 2121 517 2218 572; x_wconf 84' lang='lat' dir='ltr'><strong>do-</strong></span> 
     </span>
    </p>
   </div>
   <div class='ocr_carea' id='block_1_5' title="bbox 638 608 2214 679">
    <p class='ocr_par' dir='ltr' id='par_1_5' title="bbox 638 608 2214 679">
     <span class='ocr_line' id='line_1_5' title="bbox 638 608 2214 679; baseline -0.003 -12"><span class='ocrx_word' id='word_1_28' title='bbox 638 628 781 668; x_wconf 87' lang='lat' dir='ltr'><strong>mum</strong></span> <span class='ocrx_word' id='word_1_29' title='bbox 827 619 1103 679; x_wconf 85' lang='lat' dir='ltr'><strong>angustam</strong></span> <span class='ocrx_word' id='word_1_30' title='bbox 1145 608 1353 678; x_wconf 86' lang='lat' dir='ltr'><strong>judicas</strong></span> <span class='ocrx_word' id='word_1_31' title='bbox 1378 650 1392 673; x_wconf 91' lang='lat'><strong>,</strong></span> <span class='ocrx_word' id='word_1_32' title='bbox 1437 609 1589 678; x_wconf 87' lang='lat' dir='ltr'><strong>cujus</strong></span> <span class='ocrx_word' id='word_1_33' title='bbox 1632 623 1738 664; x_wconf 93' lang='lat' dir='ltr'><strong>non</strong></span> <span class='ocrx_word' id='word_1_34' title='bbox 1769 610 1860 664; x_wconf 85' lang='lat' dir='ltr'><strong>tibi</strong></span> <span class='ocrx_word' id='word_1_35' title='bbox 1906 609 2003 663; x_wconf 87' lang='lat' dir='ltr'><strong>fuit</strong></span> <span class='ocrx_word' id='word_1_36' title='bbox 2031 619 2214 664; x_wconf 81' lang='lat' dir='ltr'><strong>venter</strong></span> 
     </span>
    </p>
   </div>
   <div class='ocr_carea' id='block_1_6' title="bbox 635 701 2215 772">
    <p class='ocr_par' dir='ltr' id='par_1_6' title="bbox 635 701 2215 772">
     <span class='ocr_line' id='line_1_6' title="bbox 635 701 2215 772; baseline -0.003 -13"><span class='ocrx_word' id='word_1_37' title='bbox 635 702 929 772; x_wconf 85' lang='lat' dir='ltr'><strong>angustus?</strong></span> <span class='ocrx_word' id='word_1_38' title='bbox 958 701 1148 756; x_wconf 84' lang='lat' dir='ltr'><strong>Decem</strong></span> <span class='ocrx_word' id='word_1_39' title='bbox 1189 701 1460 756; x_wconf 81' lang='lat' dir='ltr'><strong>mensibus</strong></span> <span class='ocrx_word' id='word_1_40' title='bbox 1506 710 1658 756; x_wconf 88' lang='lat' dir='ltr'><strong>utero</strong></span> <span class='ocrx_word' id='word_1_41' title='bbox 1694 701 1874 756; x_wconf 90' lang='lat' dir='ltr'><strong>clausa</strong></span> <span class='ocrx_word' id='word_1_42' title='bbox 1919 701 2120 765; x_wconf 76' lang='lat' dir='ltr'><strong>vixisti,</strong></span> <span class='ocrx_word' id='word_1_43' title='bbox 2160 709 2215 755; x_wconf 88' lang='lat' dir='ltr'><strong>et</strong></span> 
     </span>
    </p>
   </div>
   <div class='ocr_carea' id='block_1_7' title="bbox 637 789 2213 847">
    <p class='ocr_par' dir='ltr' id='par_1_7' title="bbox 637 789 2213 847">
     <span class='ocr_line' id='line_1_7' title="bbox 637 789 2213 847; baseline -0.002 0"><span class='ocrx_word' id='word_1_44' title='bbox 637 807 744 847; x_wconf 91' lang='lat' dir='ltr'><strong>uno</strong></span> <span class='ocrx_word' id='word_1_45' title='bbox 771 791 857 844; x_wconf 93' lang='lat' dir='ltr'><strong>die</strong></span> <span class='ocrx_word' id='word_1_46' title='bbox 882 791 934 844; x_wconf 88' lang='lat' dir='ltr'><strong>in</strong></span> <span class='ocrx_word' id='word_1_47' title='bbox 974 804 1080 844; x_wconf 91' lang='lat' dir='ltr'><strong>uno</strong></span> <span class='ocrx_word' id='word_1_48' title='bbox 1127 789 1370 845; x_wconf 91' lang='lat' dir='ltr'><strong>cubiculo</strong></span> <span class='ocrx_word' id='word_1_49' title='bbox 1407 804 1528 845; x_wconf 93' lang='lat' dir='ltr'><strong>cum</strong></span> <span class='ocrx_word' id='word_1_50' title='bbox 1558 800 1726 844; x_wconf 86' lang='lat' dir='ltr'><strong>matre</strong></span> <span class='ocrx_word' id='word_1_51' title='bbox 1753 805 1858 844; x_wconf 91' lang='lat' dir='ltr'><strong>non</strong></span> <span class='ocrx_word' id='word_1_52' title='bbox 1905 789 2103 846; x_wconf 85' lang='lat' dir='ltr'><strong>duras?</strong></span> <span class='ocrx_word' id='word_1_53' title='bbox 2130 792 2213 844; x_wconf 85' lang='lat' dir='ltr'><strong>An</strong></span> 
     </span>
    </p>
   </div>
   <div class='ocr_carea' id='block_1_8' title="bbox 635 877 2213 951">
    <p class='ocr_par' dir='ltr' id='par_1_8' title="bbox 635 877 2213 951">
     <span class='ocr_line' id='line_1_8' title="bbox 635 877 2213 951; baseline -0.001 -16"><span class='ocrx_word' id='word_1_54' title='bbox 635 881 820 936; x_wconf 87' lang='lat' dir='ltr'><strong>oculos</strong></span> <span class='ocrx_word' id='word_1_55' title='bbox 848 879 961 949; x_wconf 90' lang='lat' dir='ltr'><strong>ejus</strong></span> <span class='ocrx_word' id='word_1_56' title='bbox 987 879 1126 934; x_wconf 90' lang='lat' dir='ltr'><strong>ferre</strong></span> <span class='ocrx_word' id='word_1_57' title='bbox 1144 894 1247 934; x_wconf 92' lang='lat' dir='ltr'><strong>non</strong></span> <span class='ocrx_word' id='word_1_58' title='bbox 1271 881 1457 948; x_wconf 87' lang='lat' dir='ltr'><strong>potes?</strong></span> <span class='ocrx_word' id='word_1_59' title='bbox 1478 888 1550 945; x_wconf 87' lang='lat' dir='ltr'><strong>et,</strong></span> <span class='ocrx_word' id='word_1_60' title='bbox 1578 895 1694 949; x_wconf 74' lang='lat' dir='ltr'><strong>qua:</strong></span> <span class='ocrx_word' id='word_1_61' title='bbox 1720 878 1820 951; x_wconf 85' lang='lat' dir='ltr'><strong>[aL</strong></span> <span class='ocrx_word' id='word_1_62' title='bbox 1848 877 1994 950; x_wconf 83' lang='lat' dir='ltr'><strong>quia]</strong></span> <span class='ocrx_word' id='word_1_63' title='bbox 2025 894 2213 934; x_wconf 90' lang='lat' dir='ltr'><strong>omnes</strong></span> 
     </span>
    </p>
   </div>
   <div class='ocr_carea' id='block_1_9' title="bbox 633 966 2212 1038">
    <p class='ocr_par' dir='ltr' id='par_1_9' title="bbox 633 966 2212 1038">
     <span class='ocr_line' id='line_1_9' title="bbox 633 966 2212 1038; baseline -0.003 -13"><span class='ocrx_word' id='word_1_64' title='bbox 633 979 812 1025; x_wconf 87' lang='lat' dir='ltr'><strong>motus</strong></span> <span class='ocrx_word' id='word_1_65' title='bbox 838 979 976 1035; x_wconf 91' lang='lat' dir='ltr'><strong>tuos,</strong></span> <span class='ocrx_word' id='word_1_66' title='bbox 998 977 1182 1038; x_wconf 84' lang='lat' dir='ltr'><strong>utpote</strong></span> <span class='ocrx_word' id='word_1_67' title='bbox 1208 969 1313 1034; x_wconf 89' lang='lat' dir='ltr'><strong>illa,</strong></span> <span class='ocrx_word' id='word_1_68' title='bbox 1343 984 1461 1038; x_wconf 77' lang='lat' dir='ltr'><strong>qua:</strong></span> <span class='ocrx_word' id='word_1_69' title='bbox 1483 969 1683 1038; x_wconf 87' lang='lat' dir='ltr'><strong>genuit,</strong></span> <span class='ocrx_word' id='word_1_70' title='bbox 1707 983 1824 1035; x_wconf 65' lang='lat' dir='ltr'><strong>qua:</strong></span> <span class='ocrx_word' id='word_1_71' title='bbox 1864 969 2014 1033; x_wconf 88' lang='lat' dir='ltr'><strong>aluit,</strong></span> <span class='ocrx_word' id='word_1_72' title='bbox 2041 977 2096 1022; x_wconf 89' lang='lat' dir='ltr'><strong>et</strong></span> <span class='ocrx_word' id='word_1_73' title='bbox 2143 966 2212 1020; x_wconf 90' lang='lat' dir='ltr'><strong>ad</strong></span> 
     </span>
    </p>
   </div>
   <div class='ocr_carea' id='block_1_10' title="bbox 635 1058 2212 1130">
    <p class='ocr_par' dir='ltr' id='par_1_10' title="bbox 635 1058 2212 1130">
     <span class='ocr_line' id='line_1_10' title="bbox 635 1058 2212 1130; baseline -0.001 -16"><span class='ocrx_word' id='word_1_74' title='bbox 635 1059 774 1116; x_wconf 89' lang='lat' dir='ltr'><strong>hanc</strong></span> <span class='ocrx_word' id='word_1_75' title='bbox 799 1060 1047 1130; x_wconf 80' lang='lat' dir='ltr'><strong>perduxit</strong></span> <span class='ocrx_word' id='word_1_76' title='bbox 1075 1070 1307 1126; x_wconf 77' lang='lat' dir='ltr'><strong>aetatem,</strong></span> <span class='ocrx_word' id='word_1_77' title='bbox 1359 1059 1561 1115; x_wconf 82' lang='lat' dir='ltr'><strong>facilius</strong></span> <span class='ocrx_word' id='word_1_78' title='bbox 1587 1060 1850 1129; x_wconf 85' lang='lat' dir='ltr'><strong>intelligit,</strong></span> <span class='ocrx_word' id='word_1_79' title='bbox 1901 1068 2088 1114; x_wconf 86' lang='lat' dir='ltr'><strong>testem</strong></span> <span class='ocrx_word' id='word_1_80' title='bbox 2116 1058 2212 1113; x_wconf 90' lang='lat' dir='ltr'><strong>do-</strong></span> 
     </span>
    </p>
   </div>
   <div class='ocr_carea' id='block_1_11' title="bbox 635 1149 2209 1220">
    <p class='ocr_par' dir='ltr' id='par_1_11' title="bbox 635 1149 2209 1220">
     <span class='ocr_line' id='line_1_11' title="bbox 635 1149 2209 1220; baseline 0 -16"><span class='ocrx_word' id='word_1_81' title='bbox 635 1152 910 1206; x_wconf 85' lang='lat' dir='ltr'><strong>mesticam</strong></span> <span class='ocrx_word' id='word_1_82' title='bbox 939 1149 1110 1220; x_wconf 81' lang='lat' dir='ltr'><strong>fugis?</strong></span> <span class='ocrx_word' id='word_1_83' title='bbox 1149 1151 1205 1206; x_wconf 91' lang='lat' dir='ltr'><strong>Si</strong></span> <span class='ocrx_word' id='word_1_84' title='bbox 1253 1151 1402 1219; x_wconf 87' lang='lat' dir='ltr'><strong>virgo</strong></span> <span class='ocrx_word' id='word_1_85' title='bbox 1427 1165 1506 1215; x_wconf 91' lang='lat' dir='ltr'><strong>es,</strong></span> <span class='ocrx_word' id='word_1_86' title='bbox 1538 1149 1662 1218; x_wconf 92' lang='lat' dir='ltr'><strong>quid</strong></span> <span class='ocrx_word' id='word_1_87' title='bbox 1706 1151 1860 1205; x_wconf 89' lang='lat' dir='ltr'><strong>times</strong></span> <span class='ocrx_word' id='word_1_88' title='bbox 1903 1150 2209 1220; x_wconf 83' lang='lat' dir='ltr'><strong>diligentem</strong></span> 
     </span>
    </p>
   </div>
   <div class='ocr_carea' id='block_1_12' title="bbox 635 1242 2209 1310">
    <p class='ocr_par' dir='ltr' id='par_1_12' title="bbox 635 1242 2209 1310">
     <span class='ocr_line' id='line_1_12' title="bbox 635 1242 2209 1310; baseline 0.001 -14"><span class='ocrx_word' id='word_1_89' title='bbox 635 1242 966 1296; x_wconf 80' lang='lat' dir='ltr'><strong>custodiam?</strong></span> <span class='ocrx_word' id='word_1_90' title='bbox 982 1242 1026 1295; x_wconf 92' lang='lat' dir='ltr'><strong>si</strong></span> <span class='ocrx_word' id='word_1_91' title='bbox 1046 1249 1312 1310; x_wconf 82' lang='lat' dir='ltr'><strong>corrupta,</strong></span> <span class='ocrx_word' id='word_1_92' title='bbox 1331 1257 1426 1296; x_wconf 92' lang='lat' dir='ltr'><strong>cur</strong></span> <span class='ocrx_word' id='word_1_93' title='bbox 1443 1257 1544 1296; x_wconf 90' lang='lat' dir='ltr'><strong>non</strong></span> <span class='ocrx_word' id='word_1_94' title='bbox 1565 1242 1736 1310; x_wconf 86' lang='lat' dir='ltr'><strong>palam</strong></span> <span class='ocrx_word' id='word_1_95' title='bbox 1757 1242 1947 1296; x_wconf 88' lang='lat' dir='ltr'><strong>nubis?</strong></span> <span class='ocrx_word' id='word_1_96' title='bbox 1969 1242 2209 1297; x_wconf 86' lang='lat' dir='ltr'><strong>Secunda</strong></span> 
     </span>
    </p>
   </div>
   <div class='ocr_carea' id='block_1_13' title="bbox 636 1329 2207 1400">
    <p class='ocr_par' dir='ltr' id='par_1_13' title="bbox 636 1329 2207 1400">
     <span class='ocr_line' id='line_1_13' title="bbox 636 1329 2207 1400; baseline -0.001 -15"><span class='ocrx_word' id='word_1_97' title='bbox 636 1339 759 1399; x_wconf 90' lang='lat' dir='ltr'><strong>post</strong></span> <span class='ocrx_word' id='word_1_98' title='bbox 785 1329 1117 1399; x_wconf 83' lang='lat' dir='ltr'><strong>naulragium</strong></span> <span class='ocrx_word' id='word_1_99' title='bbox 1145 1329 1322 1392; x_wconf 80' lang='lat' dir='ltr'><strong>tabula</strong></span> <span class='ocrx_word' id='word_1_100' title='bbox 1351 1339 1453 1396; x_wconf 89' lang='lat' dir='ltr'><strong>est,</strong></span> <span class='ocrx_word' id='word_1_101' title='bbox 1480 1330 1621 1400; x_wconf 90' lang='lat' dir='ltr'><strong>quod</strong></span> <span class='ocrx_word' id='word_1_102' title='bbox 1650 1331 1786 1384; x_wconf 91' lang='lat' dir='ltr'><strong>male</strong></span> <span class='ocrx_word' id='word_1_103' title='bbox 1819 1333 2066 1400; x_wconf 72' lang='lat' dir='ltr'><strong>cmperis,</strong></span> <span class='ocrx_word' id='word_1_104' title='bbox 2099 1330 2207 1385; x_wconf 91' lang='lat' dir='ltr'><strong>sal-</strong></span> 
     </span>
    </p>
   </div>
   <div class='ocr_carea' id='block_1_14' title="bbox 634 1421 2206 1491">
    <p class='ocr_par' dir='ltr' id='par_1_14' title="bbox 634 1421 2206 1491">
     <span class='ocr_line' id='line_1_14' title="bbox 634 1421 2206 1491; baseline 0 -15"><span class='ocrx_word' id='word_1_105' title='bbox 634 1431 740 1482; x_wconf 87' lang='lat' dir='ltr'><strong>tem</strong></span> <span class='ocrx_word' id='word_1_106' title='bbox 772 1423 872 1476; x_wconf 91' lang='lat' dir='ltr'><strong>hoc</strong></span> <span class='ocrx_word' id='word_1_107' title='bbox 902 1422 1138 1476; x_wconf 88' lang='lat' dir='ltr'><strong>remedio</strong></span> <span class='ocrx_word' id='word_1_108' title='bbox 1191 1431 1503 1490; x_wconf 89' lang='lat' dir='ltr'><strong>temperare.</strong></span> <span class='ocrx_word' id='word_1_109' title='bbox 1533 1421 1715 1491; x_wconf 86' lang='lat' dir='ltr'><strong>Neque</strong></span> <span class='ocrx_word' id='word_1_110' title='bbox 1756 1438 1884 1477; x_wconf 91' lang='lat' dir='ltr'><strong>vero</strong></span> <span class='ocrx_word' id='word_1_111' title='bbox 1922 1422 2024 1477; x_wconf 90' lang='lat' dir='ltr'><strong>hoc</strong></span> <span class='ocrx_word' id='word_1_112' title='bbox 2047 1423 2167 1478; x_wconf 90' lang='lat' dir='ltr'><strong>dico</strong></span> <span class='ocrx_word' id='word_1_113' title='bbox 2191 1464 2206 1490; x_wconf 95' lang='lat'><strong>,</strong></span> 
     </span>
    </p>
   </div>
   <div class='ocr_carea' id='block_1_15' title="bbox 632 1512 2210 1582">
    <p class='ocr_par' dir='ltr' id='par_1_15' title="bbox 632 1512 2210 1582">
     <span class='ocr_line' id='line_1_15' title="bbox 632 1512 2210 1582; baseline 0.002 -18"><span class='ocrx_word' id='word_1_114' title='bbox 632 1512 772 1579; x_wconf 90' lang='lat' dir='ltr'><strong>quod</strong></span> <span class='ocrx_word' id='word_1_115' title='bbox 794 1519 914 1582; x_wconf 88' lang='lat' dir='ltr'><strong>post</strong></span> <span class='ocrx_word' id='word_1_116' title='bbox 935 1519 1208 1580; x_wconf 87' lang='lat' dir='ltr'><strong>peccatum</strong></span> <span class='ocrx_word' id='word_1_117' title='bbox 1231 1512 1410 1565; x_wconf 82' lang='lat' dir='ltr'><strong>tollam</strong></span> <span class='ocrx_word' id='word_1_118' title='bbox 1430 1513 1815 1580; x_wconf 66' lang='lat' dir='ltr'><strong>paenitentiam,</strong></span> <span class='ocrx_word' id='word_1_119' title='bbox 1834 1522 1889 1566; x_wconf 91' lang='lat' dir='ltr'><strong>ut</strong></span> <span class='ocrx_word' id='word_1_120' title='bbox 1910 1513 2048 1582; x_wconf 90' lang='lat' dir='ltr'><strong>quod</strong></span> <span class='ocrx_word' id='word_1_121' title='bbox 2072 1513 2210 1568; x_wconf 89' lang='lat' dir='ltr'><strong>male</strong></span> 
     </span>
    </p>
   </div>
   <div class='ocr_carea' id='block_1_16' title="bbox 632 1601 2205 1674">
    <p class='ocr_par' dir='ltr' id='par_1_16' title="bbox 632 1601 2205 1674">
     <span class='ocr_line' id='line_1_16' title="bbox 632 1601 2205 1674; baseline 0 -17"><span class='ocrx_word' id='word_1_122' title='bbox 632 1603 815 1670; x_wconf 63' lang='lat' dir='ltr'><strong>capit,</strong></span> <span class='ocrx_word' id='word_1_123' title='bbox 861 1601 998 1655; x_wconf 87' lang='lat' dir='ltr'><strong>male</strong></span> <span class='ocrx_word' id='word_1_124' title='bbox 1042 1611 1345 1669; x_wconf 75' lang='lat' dir='ltr'><strong>perseveret</strong></span> <span class='ocrx_word' id='word_1_125' title='bbox 1369 1601 1471 1672; x_wconf 92' lang='lat' dir='ltr'><strong>[al.</strong></span> <span class='ocrx_word' id='word_1_126' title='bbox 1499 1604 1706 1670; x_wconf 76' lang='lat' dir='ltr'><strong>coeperis</strong></span> <span class='ocrx_word' id='word_1_127' title='bbox 1750 1612 1795 1656; x_wconf 85' lang='lat' dir='ltr'><strong>et</strong></span> <span class='ocrx_word' id='word_1_128' title='bbox 1849 1602 2205 1674; x_wconf 71' lang='lat' dir='ltr'><strong>perseveres]:</strong></span> 
     </span>
    </p>
   </div>
   <div class='ocr_carea' id='block_1_17' title="bbox 631 1690 2205 1761">
    <p class='ocr_par' dir='ltr' id='par_1_17' title="bbox 631 1690 2205 1761">
     <span class='ocr_line' id='line_1_17' title="bbox 631 1690 2205 1761; baseline 0.001 -17"><span class='ocrx_word' id='word_1_129' title='bbox 631 1691 726 1745; x_wconf 86' lang='lat' dir='ltr'><strong>sed</strong></span> <span class='ocrx_word' id='word_1_130' title='bbox 755 1691 894 1759; x_wconf 88' lang='lat' dir='ltr'><strong>quod</strong></span> <span class='ocrx_word' id='word_1_131' title='bbox 915 1691 1192 1758; x_wconf 88' lang='lat' dir='ltr'><strong>desperem</strong></span> <span class='ocrx_word' id='word_1_132' title='bbox 1221 1690 1272 1742; x_wconf 92' lang='lat' dir='ltr'><strong>in</strong></span> <span class='ocrx_word' id='word_1_133' title='bbox 1297 1691 1592 1745; x_wconf 87' lang='lat' dir='ltr'><strong>istiusmodi</strong></span> <span class='ocrx_word' id='word_1_134' title='bbox 1620 1693 1808 1761; x_wconf 90' lang='lat' dir='ltr'><strong>c0pula</strong></span> <span class='ocrx_word' id='word_1_135' title='bbox 1833 1693 2205 1747; x_wconf 83' lang='lat' dir='ltr'><strong>divulsionem.</strong></span> 
     </span>
    </p>
   </div>
   <div class='ocr_carea' id='block_1_18' title="bbox 631 1781 2208 1851">
    <p class='ocr_par' dir='ltr' id='par_1_18' title="bbox 631 1781 2208 1851">
     <span class='ocr_line' id='line_1_18' title="bbox 631 1781 2208 1851; baseline 0.001 -14"><span class='ocrx_word' id='word_1_136' title='bbox 631 1782 845 1850; x_wconf 82' lang='lat' dir='ltr'><strong>Alioqui</strong></span> <span class='ocrx_word' id='word_1_137' title='bbox 870 1781 916 1835; x_wconf 89' lang='lat' dir='ltr'><strong>si</strong></span> <span class='ocrx_word' id='word_1_138' title='bbox 933 1781 998 1834; x_wconf 91' lang='lat' dir='ltr'><strong>ad</strong></span> <span class='ocrx_word' id='word_1_139' title='bbox 1021 1789 1242 1835; x_wconf 84' lang='lat' dir='ltr'><strong>matrem</strong></span> <span class='ocrx_word' id='word_1_140' title='bbox 1263 1781 1575 1850; x_wconf 78' lang='lat' dir='ltr'><strong>migraveris</strong></span> <span class='ocrx_word' id='word_1_141' title='bbox 1603 1791 1721 1851; x_wconf 89' lang='lat' dir='ltr'><strong>post</strong></span> <span class='ocrx_word' id='word_1_142' title='bbox 1747 1787 1974 1848; x_wconf 84' lang='lat' dir='ltr'><strong>ruinam,</strong></span> <span class='ocrx_word' id='word_1_143' title='bbox 2001 1783 2208 1838; x_wconf 83' lang='lat' dir='ltr'><strong>facilius</strong></span> 
     </span>
    </p>
   </div>
   <div class='ocr_carea' id='block_1_19' title="bbox 633 1871 2209 1942">
    <p class='ocr_par' dir='ltr' id='par_1_19' title="bbox 633 1871 2209 1942">
     <span class='ocr_line' id='line_1_19' title="bbox 633 1871 2209 1942; baseline 0.001 -16"><span class='ocrx_word' id='word_1_144' title='bbox 633 1873 836 1942; x_wconf 90' lang='lat' dir='ltr'><strong>poteris</strong></span> <span class='ocrx_word' id='word_1_145' title='bbox 873 1885 992 1924; x_wconf 91' lang='lat' dir='ltr'><strong>cum</strong></span> <span class='ocrx_word' id='word_1_146' title='bbox 1024 1886 1084 1924; x_wconf 89' lang='lat' dir='ltr'><strong>ea</strong></span> <span class='ocrx_word' id='word_1_147' title='bbox 1113 1871 1383 1939; x_wconf 82' lang='lat' dir='ltr'><strong>plangere,</strong></span> <span class='ocrx_word' id='word_1_148' title='bbox 1412 1872 1554 1940; x_wconf 86' lang='lat' dir='ltr'><strong>quod</strong></span> <span class='ocrx_word' id='word_1_149' title='bbox 1606 1887 1699 1940; x_wconf 90' lang='lat' dir='ltr'><strong>per</strong></span> <span class='ocrx_word' id='word_1_150' title='bbox 1732 1873 1871 1926; x_wconf 88' lang='lat' dir='ltr'><strong>illius</strong></span> <span class='ocrx_word' id='word_1_151' title='bbox 1913 1873 2209 1928; x_wconf 87' lang='lat' dir='ltr'><strong>absentiam</strong></span> 
     </span>
    </p>
   </div>
   <div class='ocr_carea' id='block_1_20' title="bbox 630 1959 2208 2034">
    <p class='ocr_par' dir='ltr' id='par_1_20' title="bbox 630 1959 2208 2034">
     <span class='ocr_line' id='line_1_20' title="bbox 630 1959 2208 2034; baseline 0.003 -19"><span class='ocrx_word' id='word_1_152' title='bbox 630 1960 928 2030; x_wconf 86' lang='lat' dir='ltr'><strong>perdidisti.</strong></span> <span class='ocrx_word' id='word_1_153' title='bbox 953 1960 1102 2026; x_wconf 87' lang='lat' dir='ltr'><strong>Quod</strong></span> <span class='ocrx_word' id='word_1_154' title='bbox 1130 1961 1174 2014; x_wconf 92' lang='lat' dir='ltr'><strong>si</strong></span> <span class='ocrx_word' id='word_1_155' title='bbox 1201 1959 1371 2014; x_wconf 91' lang='lat' dir='ltr'><strong>adhuc</strong></span> <span class='ocrx_word' id='word_1_156' title='bbox 1398 1961 1598 2031; x_wconf 85' lang='lat' dir='ltr'><strong>integra</strong></span> <span class='ocrx_word' id='word_1_157' title='bbox 1626 1977 1705 2028; x_wconf 90' lang='lat' dir='ltr'><strong>es,</strong></span> <span class='ocrx_word' id='word_1_158' title='bbox 1743 1971 1799 2017; x_wconf 87' lang='lat' dir='ltr'><strong>et</strong></span> <span class='ocrx_word' id='word_1_159' title='bbox 1844 1979 1946 2018; x_wconf 89' lang='lat' dir='ltr'><strong>non</strong></span> <span class='ocrx_word' id='word_1_160' title='bbox 1981 1965 2208 2034; x_wconf 88' lang='lat' dir='ltr'><strong>perdidi-</strong></span> 
     </span>
    </p>
   </div>
   <div class='ocr_carea' id='block_1_21' title="bbox 628 2049 2203 2118">
    <p class='ocr_par' dir='ltr' id='par_1_21' title="bbox 628 2049 2203 2118">
     <span class='ocr_line' id='line_1_21' title="bbox 628 2049 2203 2118; baseline 0.001 -12"><span class='ocrx_word' id='word_1_161' title='bbox 628 2052 730 2115; x_wconf 92' lang='lat' dir='ltr'><strong>sti,</strong></span> <span class='ocrx_word' id='word_1_162' title='bbox 759 2066 913 2105; x_wconf 88' lang='lat' dir='ltr'><strong>serva</strong></span> <span class='ocrx_word' id='word_1_163' title='bbox 941 2064 1006 2103; x_wconf 91' lang='lat' dir='ltr'><strong>ne</strong></span> <span class='ocrx_word' id='word_1_164' title='bbox 1037 2049 1243 2118; x_wconf 82' lang='lat' dir='ltr'><strong>perdas.</strong></span> <span class='ocrx_word' id='word_1_165' title='bbox 1280 2049 1416 2115; x_wconf 88' lang='lat' dir='ltr'><strong>Quid</strong></span> <span class='ocrx_word' id='word_1_166' title='bbox 1439 2050 1530 2104; x_wconf 89' lang='lat' dir='ltr'><strong>tibi</strong></span> <span class='ocrx_word' id='word_1_167' title='bbox 1553 2066 1774 2106; x_wconf 89' lang='lat' dir='ltr'><strong>necesse</strong></span> <span class='ocrx_word' id='word_1_168' title='bbox 1798 2061 1878 2107; x_wconf 89' lang='lat' dir='ltr'><strong>est</strong></span> <span class='ocrx_word' id='word_1_169' title='bbox 1907 2053 1960 2106; x_wconf 93' lang='lat' dir='ltr'><strong>in</strong></span> <span class='ocrx_word' id='word_1_170' title='bbox 1987 2069 2049 2108; x_wconf 89' lang='lat' dir='ltr'><strong>ea</strong></span> <span class='ocrx_word' id='word_1_171' title='bbox 2078 2070 2203 2109; x_wconf 88' lang='lat' dir='ltr'><strong>ver-</strong></span> 
     </span>
    </p>
   </div>
   <div class='ocr_carea' id='block_1_22' title="bbox 627 2141 2206 2214">
    <p class='ocr_par' dir='ltr' id='par_1_22' title="bbox 627 2141 2206 2214">
     <span class='ocr_line' id='line_1_22' title="bbox 627 2141 2206 2214; baseline 0.003 -18"><span class='ocrx_word' id='word_1_172' title='bbox 627 2143 735 2197; x_wconf 87' lang='lat' dir='ltr'><strong>sari</strong></span> <span class='ocrx_word' id='word_1_173' title='bbox 765 2141 944 2208; x_wconf 92' lang='lat' dir='ltr'><strong>domo,</strong></span> <span class='ocrx_word' id='word_1_174' title='bbox 977 2141 1028 2195; x_wconf 93' lang='lat' dir='ltr'><strong>in</strong></span> <span class='ocrx_word' id='word_1_175' title='bbox 1065 2156 1168 2211; x_wconf 89' lang='lat' dir='ltr'><strong>qua</strong></span> <span class='ocrx_word' id='word_1_176' title='bbox 1195 2156 1414 2196; x_wconf 87' lang='lat' dir='ltr'><strong>necesse</strong></span> <span class='ocrx_word' id='word_1_177' title='bbox 1441 2141 1605 2197; x_wconf 86' lang='lat' dir='ltr'><strong>habes</strong></span> <span class='ocrx_word' id='word_1_178' title='bbox 1631 2143 1866 2211; x_wconf 90' lang='lat' dir='ltr'><strong>quotidie</strong></span> <span class='ocrx_word' id='word_1_179' title='bbox 1889 2153 1982 2198; x_wconf 87' lang='lat' dir='ltr'><strong>aut</strong></span> <span class='ocrx_word' id='word_1_180' title='bbox 2007 2148 2206 2214; x_wconf 88' lang='lat' dir='ltr'><strong>perire,</strong></span> 
     </span>
    </p>
   </div>
   <div class='ocr_carea' id='block_1_23' title="bbox 627 2231 2206 2304">
    <p class='ocr_par' dir='ltr' id='par_1_23' title="bbox 627 2231 2206 2304">
     <span class='ocr_line' id='line_1_23' title="bbox 627 2231 2206 2304; baseline 0.004 -20"><span class='ocrx_word' id='word_1_181' title='bbox 627 2240 720 2286; x_wconf 86' lang='lat' dir='ltr'><strong>aut</strong></span> <span class='ocrx_word' id='word_1_182' title='bbox 758 2231 1013 2286; x_wconf 80' lang='lat' dir='ltr'><strong>vincere?</strong></span> <span class='ocrx_word' id='word_1_183' title='bbox 1060 2231 1418 2301; x_wconf 85' lang='lat' dir='ltr'><strong>Quisquamne</strong></span> <span class='ocrx_word' id='word_1_184' title='bbox 1459 2232 1762 2287; x_wconf 86' lang='lat' dir='ltr'><strong>mortalium</strong></span> <span class='ocrx_word' id='word_1_185' title='bbox 1789 2234 1936 2302; x_wconf 86' lang='lat' dir='ltr'><strong>juxta</strong></span> <span class='ocrx_word' id='word_1_186' title='bbox 1966 2240 2206 2304; x_wconf 84' lang='lat' dir='ltr'><strong>viperam</strong></span> 
     </span>
    </p>
   </div>
   <div class='ocr_carea' id='block_1_24' title="bbox 625 2325 2203 2395">
    <p class='ocr_par' dir='ltr' id='par_1_24' title="bbox 625 2325 2203 2395">
     <span class='ocr_line' id='line_1_24' title="bbox 625 2325 2203 2395; baseline 0.003 -17"><span class='ocrx_word' id='word_1_187' title='bbox 625 2338 844 2379; x_wconf 86' lang='lat' dir='ltr'><strong>securos</strong></span> <span class='ocrx_word' id='word_1_188' title='bbox 873 2337 1089 2378; x_wconf 87' lang='lat' dir='ltr'><strong>somnos</strong></span> <span class='ocrx_word' id='word_1_189' title='bbox 1114 2325 1288 2392; x_wconf 90' lang='lat' dir='ltr'><strong>capit?</strong></span> <span class='ocrx_word' id='word_1_190' title='bbox 1327 2339 1445 2394; x_wconf 74' lang='lat' dir='ltr'><strong>qua:</strong></span> <span class='ocrx_word' id='word_1_191' title='bbox 1471 2325 1571 2379; x_wconf 91' lang='lat' dir='ltr'><strong>etsi</strong></span> <span class='ocrx_word' id='word_1_192' title='bbox 1612 2340 1719 2380; x_wconf 92' lang='lat' dir='ltr'><strong>non</strong></span> <span class='ocrx_word' id='word_1_193' title='bbox 1751 2327 2026 2395; x_wconf 86' lang='lat' dir='ltr'><strong>percutiat,</strong></span> <span class='ocrx_word' id='word_1_194' title='bbox 2057 2337 2203 2383; x_wconf 89' lang='lat' dir='ltr'><strong>certe</strong></span> 
     </span>
    </p>
   </div>
   <div class='ocr_carea' id='block_1_25' title="bbox 626 2415 2198 2487">
    <p class='ocr_par' dir='ltr' id='par_1_25' title="bbox 626 2415 2198 2487">
     <span class='ocr_line' id='line_1_25' title="bbox 626 2415 2198 2487; baseline 0.003 -19"><span class='ocrx_word' id='word_1_195' title='bbox 626 2415 891 2469; x_wconf 83' lang='lat' dir='ltr'><strong>sollicitat.</strong></span> <span class='ocrx_word' id='word_1_196' title='bbox 955 2415 1210 2469; x_wconf 90' lang='lat' dir='ltr'><strong>Securius</strong></span> <span class='ocrx_word' id='word_1_197' title='bbox 1271 2423 1353 2469; x_wconf 88' lang='lat' dir='ltr'><strong>est</strong></span> <span class='ocrx_word' id='word_1_198' title='bbox 1416 2417 1591 2484; x_wconf 90' lang='lat' dir='ltr'><strong>perire</strong></span> <span class='ocrx_word' id='word_1_199' title='bbox 1638 2432 1745 2470; x_wconf 90' lang='lat' dir='ltr'><strong>non</strong></span> <span class='ocrx_word' id='word_1_200' title='bbox 1799 2432 1986 2485; x_wconf 88' lang='lat' dir='ltr'><strong>posse.</strong></span> <span class='ocrx_word' id='word_1_201' title='bbox 2040 2433 2198 2487; x_wconf 92' lang='lat' dir='ltr'><strong>quam</strong></span> 
     </span>
    </p>
   </div>
   <div class='ocr_carea' id='block_1_26' title="bbox 625 2503 2202 2577">
    <p class='ocr_par' dir='ltr' id='par_1_26' title="bbox 625 2503 2202 2577">
     <span class='ocr_line' id='line_1_26' title="bbox 625 2503 2202 2577; baseline 0.005 -21"><span class='ocrx_word' id='word_1_202' title='bbox 625 2504 769 2577; x_wconf 85' lang='lat' dir='ltr'><strong>juxta</strong></span> <span class='ocrx_word' id='word_1_203' title='bbox 807 2503 1096 2574; x_wconf 90' lang='lat' dir='ltr'><strong>periculum</strong></span> <span class='ocrx_word' id='word_1_204' title='bbox 1125 2519 1228 2558; x_wconf 93' lang='lat' dir='ltr'><strong>non</strong></span> <span class='ocrx_word' id='word_1_205' title='bbox 1255 2505 1478 2572; x_wconf 86' lang='lat' dir='ltr'><strong>perisse.</strong></span> <span class='ocrx_word' id='word_1_206' title='bbox 1525 2504 1582 2558; x_wconf 87' lang='lat' dir='ltr'><strong>In</strong></span> <span class='ocrx_word' id='word_1_207' title='bbox 1634 2507 1802 2560; x_wconf 88' lang='lat' dir='ltr'><strong>altero</strong></span> <span class='ocrx_word' id='word_1_208' title='bbox 1848 2510 2202 2577; x_wconf 87' lang='lat' dir='ltr'><strong>tranquillitas</strong></span> 
     </span>
    </p>
   </div>
   <div class='ocr_carea' id='block_1_27' title="bbox 625 2575 2202 2668">
    <p class='ocr_par' dir='ltr' id='par_1_27' title="bbox 625 2575 2202 2668">
     <span class='ocr_line' id='line_1_27' title="bbox 625 2575 2202 2668; baseline 0.006 -20"><span class='ocrx_word' id='word_1_209' title='bbox 625 2575 746 2661; x_wconf 86' lang='lat' dir='ltr'><strong>est,</strong></span> <span class='ocrx_word' id='word_1_210' title='bbox 802 2595 855 2649; x_wconf 93' lang='lat' dir='ltr'><strong>in</strong></span> <span class='ocrx_word' id='word_1_211' title='bbox 901 2596 1070 2650; x_wconf 90' lang='lat' dir='ltr'><strong>altero</strong></span> <span class='ocrx_word' id='word_1_212' title='bbox 1103 2595 1435 2666; x_wconf 78' lang='lat' dir='ltr'><strong>gubernatio.</strong></span> <span class='ocrx_word' id='word_1_213' title='bbox 1485 2596 1555 2652; x_wconf 90' lang='lat' dir='ltr'><strong>lbi</strong></span> <span class='ocrx_word' id='word_1_214' title='bbox 1595 2598 1919 2668; x_wconf 79' lang='lat' dir='ltr'><strong>gaudemus,</strong></span> <span class='ocrx_word' id='word_1_215' title='bbox 1964 2575 2048 2655; x_wconf 87' lang='lat' dir='ltr'><strong>hic</strong></span> <span class='ocrx_word' id='word_1_216' title='bbox 2077 2618 2202 2657; x_wconf 90' lang='lat' dir='ltr'><strong>eva-</strong></span> 
     </span>
    </p>
   </div>
   <div class='ocr_carea' id='block_1_28' title="bbox 625 2686 820 2742">
    <p class='ocr_par' dir='ltr' id='par_1_28' title="bbox 625 2686 820 2742">
     <span class='ocr_line' id='line_1_28' title="bbox 625 2686 820 2742; baseline -0.01 0"><span class='ocrx_word' id='word_1_217' title='bbox 625 2686 820 2742; x_wconf 90' lang='lat' dir='ltr'><strong>dimus.</strong></span> 
     </span>
    </p>
   </div>
   <div class='ocr_carea' id='block_1_29' title="bbox 694 2775 2200 2847">
    <p class='ocr_par' dir='ltr' id='par_1_29' title="bbox 694 2775 2200 2847">
     <span class='ocr_line' id='line_1_29' title="bbox 694 2775 2200 2847; baseline 0.006 -16"><span class='ocrx_word' id='word_1_218' title='bbox 694 2778 748 2831; x_wconf 77' lang='grc'><strong>4.</strong></span> <span class='ocrx_word' id='word_1_219' title='bbox 781 2775 888 2831; x_wconf 90' lang='lat' dir='ltr'><strong>Sed</strong></span> <span class='ocrx_word' id='word_1_220' title='bbox 930 2777 1066 2833; x_wconf 89' lang='lat' dir='ltr'><strong>forte</strong></span> <span class='ocrx_word' id='word_1_221' title='bbox 1086 2778 1410 2847; x_wconf 84' lang='lat' dir='ltr'><strong>respondeas</strong></span> <span class='ocrx_word' id='word_1_222' title='bbox 1438 2797 1452 2834; x_wconf 94' lang='lat'><strong>:</strong></span> <span class='ocrx_word' id='word_1_223' title='bbox 1483 2779 1596 2834; x_wconf 86' lang='lat' dir='ltr'><strong>Non</strong></span> <span class='ocrx_word' id='word_1_224' title='bbox 1624 2781 1759 2836; x_wconf 87' lang='lat' dir='ltr'><strong>bene</strong></span> <span class='ocrx_word' id='word_1_225' title='bbox 1787 2793 1991 2838; x_wconf 91' lang='lat' dir='ltr'><strong>morata</strong></span> <span class='ocrx_word' id='word_1_226' title='bbox 2029 2793 2200 2840; x_wconf 90' lang='lat' dir='ltr'><strong>mater</strong></span> 
     </span>
    </p>
   </div>
   <div class='ocr_carea' id='block_1_30' title="bbox 623 2868 2203 2944">
    <p class='ocr_par' dir='ltr' id='par_1_30' title="bbox 623 2868 2203 2944">
     <span class='ocr_line' id='line_1_30' title="bbox 623 2868 2203 2944; baseline 0.006 -24"><span class='ocrx_word' id='word_1_227' title='bbox 623 2877 726 2935; x_wconf 89' lang='lat' dir='ltr'><strong>est,</strong></span> <span class='ocrx_word' id='word_1_228' title='bbox 753 2882 840 2924; x_wconf 88' lang='lat' dir='ltr'><strong>res</strong></span> <span class='ocrx_word' id='word_1_229' title='bbox 867 2868 1044 2922; x_wconf 67' lang='lat' dir='ltr'><strong>saeculi</strong></span> <span class='ocrx_word' id='word_1_230' title='bbox 1071 2869 1235 2938; x_wconf 88' lang='lat' dir='ltr'><strong>cupit,</strong></span> <span class='ocrx_word' id='word_1_231' title='bbox 1265 2879 1408 2924; x_wconf 89' lang='lat' dir='ltr'><strong>amat</strong></span> <span class='ocrx_word' id='word_1_232' title='bbox 1430 2870 1660 2936; x_wconf 89' lang='lat' dir='ltr'><strong>divitias,</strong></span> <span class='ocrx_word' id='word_1_233' title='bbox 1686 2873 1889 2942; x_wconf 85' lang='lat' dir='ltr'><strong>ignorat</strong></span> <span class='ocrx_word' id='word_1_234' title='bbox 1911 2874 2203 2944; x_wconf 83' lang='lat' dir='ltr'><strong>jejunium,</strong></span> 
     </span>
    </p>
   </div>
   <div class='ocr_carea' id='block_1_31' title="bbox 623 2957 2201 3030">
    <p class='ocr_par' dir='ltr' id='par_1_31' title="bbox 623 2957 2201 3030">
     <span class='ocr_line' id='line_1_31' title="bbox 623 2957 2201 3030; baseline 0.006 -18"><span class='ocrx_word' id='word_1_235' title='bbox 623 2958 806 3012; x_wconf 89' lang='lat' dir='ltr'><strong>oculos</strong></span> <span class='ocrx_word' id='word_1_236' title='bbox 849 2957 1006 3012; x_wconf 86' lang='lat' dir='ltr'><strong>stibio</strong></span> <span class='ocrx_word' id='word_1_237' title='bbox 1036 2959 1181 3026; x_wconf 87' lang='lat' dir='ltr'><strong>linit,</strong></span> <span class='ocrx_word' id='word_1_238' title='bbox 1210 2961 1321 3014; x_wconf 90' lang='lat' dir='ltr'><strong>vult</strong></span> <span class='ocrx_word' id='word_1_239' title='bbox 1347 2969 1556 3030; x_wconf 87' lang='lat' dir='ltr'><strong>compta</strong></span> <span class='ocrx_word' id='word_1_240' title='bbox 1599 2963 1886 3030; x_wconf 91' lang='lat' dir='ltr'><strong>procedere</strong></span> <span class='ocrx_word' id='word_1_241' title='bbox 1905 3005 1920 3030; x_wconf 96' lang='lat'><strong>,</strong></span> <span class='ocrx_word' id='word_1_242' title='bbox 1950 2974 2004 3020; x_wconf 89' lang='lat' dir='ltr'><strong>et</strong></span> <span class='ocrx_word' id='word_1_243' title='bbox 2045 2977 2201 3026; x_wconf 87' lang='lat' dir='ltr'><strong>nocet</strong></span> 
     </span>
    </p>
   </div>
   <div class='ocr_carea' id='block_1_32' title="bbox 623 3047 2195 3127">
    <p class='ocr_par' dir='ltr' id='par_1_32' title="bbox 623 3047 2195 3127">
     <span class='ocr_line' id='line_1_32' title="bbox 623 3047 2195 3127; baseline 0.005 -26"><span class='ocrx_word' id='word_1_244' title='bbox 623 3047 894 3127; x_wconf 83' lang='lat' dir='ltr'><strong>proposito</strong></span> <span class='ocrx_word' id='word_1_245' title='bbox 915 3063 1067 3114; x_wconf 82' lang='lat' dir='ltr'><strong>meo,</strong></span> <span class='ocrx_word' id='word_1_246' title='bbox 1100 3063 1198 3104; x_wconf 91' lang='lat' dir='ltr'><strong>nec</strong></span> <span class='ocrx_word' id='word_1_247' title='bbox 1231 3064 1448 3120; x_wconf 91' lang='lat' dir='ltr'><strong>possum</strong></span> <span class='ocrx_word' id='word_1_248' title='bbox 1481 3065 1599 3105; x_wconf 92' lang='lat' dir='ltr'><strong>cum</strong></span> <span class='ocrx_word' id='word_1_249' title='bbox 1649 3051 1949 3121; x_wconf 89' lang='lat' dir='ltr'><strong>lutjusmodi</strong></span> <span class='ocrx_word' id='word_1_250' title='bbox 1997 3055 2195 3110; x_wconf 88' lang='lat' dir='ltr'><strong>vivere.</strong></span> 
     </span>
    </p>
   </div>
   <div class='ocr_carea' id='block_1_33' title="bbox 624 3136 2198 3213">
    <p class='ocr_par' dir='ltr' id='par_1_33' title="bbox 624 3136 2198 3213">
     <span class='ocr_line' id='line_1_33' title="bbox 624 3136 2198 3213; baseline 0.004 -19"><span class='ocrx_word' id='word_1_251' title='bbox 624 3136 856 3194; x_wconf 83' lang='lat' dir='ltr'><strong>Primum</strong></span> <span class='ocrx_word' id='word_1_252' title='bbox 883 3137 1094 3208; x_wconf 91' lang='lat' dir='ltr'><strong>quidem</strong></span> <span class='ocrx_word' id='word_1_253' title='bbox 1124 3140 1328 3193; x_wconf 90' lang='lat' dir='ltr'><strong>etiamsi</strong></span> <span class='ocrx_word' id='word_1_254' title='bbox 1370 3140 1488 3198; x_wconf 90' lang='lat' dir='ltr'><strong>talis</strong></span> <span class='ocrx_word' id='word_1_255' title='bbox 1517 3150 1618 3208; x_wconf 90' lang='lat' dir='ltr'><strong>est,</strong></span> <span class='ocrx_word' id='word_1_256' title='bbox 1650 3151 1705 3197; x_wconf 89' lang='lat' dir='ltr'><strong>ut</strong></span> <span class='ocrx_word' id='word_1_257' title='bbox 1730 3144 1985 3208; x_wconf 88' lang='lat' dir='ltr'><strong>causaris.</strong></span> <span class='ocrx_word' id='word_1_258' title='bbox 2028 3145 2198 3213; x_wconf 84' lang='lat' dir='ltr'><strong>majus</strong></span> 
     </span>
    </p>
   </div>
   <div class='ocr_carea' id='block_1_34' title="bbox 623 3224 2196 3296">
    <p class='ocr_par' dir='ltr' id='par_1_34' title="bbox 623 3224 2196 3296">
     <span class='ocr_line' id='line_1_34' title="bbox 623 3224 2196 3296; baseline 0.004 -13"><span class='ocrx_word' id='word_1_259' title='bbox 623 3224 841 3283; x_wconf 80' lang='lat' dir='ltr'><strong>habebis</strong></span> <span class='ocrx_word' id='word_1_260' title='bbox 867 3229 1138 3296; x_wconf 71' lang='lat' dir='ltr'><strong>prmmium</strong></span> <span class='ocrx_word' id='word_1_261' title='bbox 1157 3270 1171 3294; x_wconf 92' lang='lat'><strong>,</strong></span> <span class='ocrx_word' id='word_1_262' title='bbox 1215 3230 1261 3284; x_wconf 92' lang='lat' dir='ltr'><strong>si</strong></span> <span class='ocrx_word' id='word_1_263' title='bbox 1289 3231 1446 3284; x_wconf 89' lang='lat' dir='ltr'><strong>talem</strong></span> <span class='ocrx_word' id='word_1_264' title='bbox 1477 3245 1580 3289; x_wconf 90' lang='lat' dir='ltr'><strong>non</strong></span> <span class='ocrx_word' id='word_1_265' title='bbox 1607 3232 1845 3289; x_wconf 76' lang='lat' dir='ltr'><strong>deseras.</strong></span> <span class='ocrx_word' id='word_1_266' title='bbox 1878 3234 1964 3293; x_wconf 87' lang='lat' dir='ltr'><strong>Illa</strong></span> <span class='ocrx_word' id='word_1_267' title='bbox 2015 3243 2066 3288; x_wconf 89' lang='lat' dir='ltr'><strong>te</strong></span> <span class='ocrx_word' id='word_1_268' title='bbox 2106 3237 2196 3290; x_wconf 87' lang='lat' dir='ltr'><strong>ditt</strong></span> 
     </span>
    </p>
   </div>
   <div class='ocr_carea' id='block_1_35' title="bbox 623 3315 2196 3384">
    <p class='ocr_par' dir='ltr' id='par_1_35' title="bbox 623 3315 2196 3384">
     <span class='ocr_line' id='line_1_35' title="bbox 623 3315 2196 3384; baseline 0.012 -22"><span class='ocrx_word' id='word_1_269' title='bbox 623 3315 852 3382; x_wconf 81' lang='lat' dir='ltr'><strong>portavit</strong></span> <span class='ocrx_word' id='word_1_270' title='bbox 873 3316 925 3368; x_wconf 92' lang='lat' dir='ltr'><strong>in</strong></span> <span class='ocrx_word' id='word_1_271' title='bbox 947 3325 1131 3383; x_wconf 90' lang='lat' dir='ltr'><strong>utero,</strong></span> <span class='ocrx_word' id='word_1_272' title='bbox 1163 3317 1250 3372; x_wconf 91' lang='lat' dir='ltr'><strong>diu</strong></span> <span class='ocrx_word' id='word_1_273' title='bbox 1293 3319 1441 3382; x_wconf 90' lang='lat' dir='ltr'><strong>aluit,</strong></span> <span class='ocrx_word' id='word_1_274' title='bbox 1487 3329 1540 3374; x_wconf 88' lang='lat' dir='ltr'><strong>et</strong></span> <span class='ocrx_word' id='word_1_275' title='bbox 1583 3320 1908 3378; x_wconf 86' lang='lat' dir='ltr'><strong>difﬁciliores</strong></span> <span class='ocrx_word' id='word_1_276' title='bbox 1960 3325 2196 3384; x_wconf 72' lang='lat' dir='ltr'><strong>infantia:</strong></span> 
     </span>
    </p>
   </div>
   <div class='ocr_carea' id='block_1_36' title="bbox 623 3405 2198 3482">
    <p class='ocr_par' dir='ltr' id='par_1_36' title="bbox 623 3405 2198 3482">
     <span class='ocr_line' id='line_1_36' title="bbox 623 3405 2198 3482; baseline 0.01 -26"><span class='ocrx_word' id='word_1_277' title='bbox 623 3419 802 3457; x_wconf 86' lang='lat' dir='ltr'><strong>mores</strong></span> <span class='ocrx_word' id='word_1_278' title='bbox 874 3405 1063 3460; x_wconf 88' lang='lat' dir='ltr'><strong>blanda</strong></span> <span class='ocrx_word' id='word_1_279' title='bbox 1112 3408 1306 3474; x_wconf 90' lang='lat' dir='ltr'><strong>pietate</strong></span> <span class='ocrx_word' id='word_1_280' title='bbox 1361 3409 1626 3463; x_wconf 89' lang='lat' dir='ltr'><strong>sustinuit.</strong></span> <span class='ocrx_word' id='word_1_281' title='bbox 1698 3411 1848 3466; x_wconf 84' lang='lat' dir='ltr'><strong>Lavit</strong></span> <span class='ocrx_word' id='word_1_282' title='bbox 1899 3429 2198 3482; x_wconf 85' lang='lat' dir='ltr'><strong>pannortun</strong></span> 
     </span>
    </p>
   </div>
   <div class='ocr_carea' id='block_1_37' title="bbox 623 3493 2197 3572">
    <p class='ocr_par' dir='ltr' id='par_1_37' title="bbox 623 3493 2197 3572">
     <span class='ocr_line' id='line_1_37' title="bbox 623 3493 2197 3572; baseline 0.011 -28"><span class='ocrx_word' id='word_1_283' title='bbox 623 3493 785 3572; x_wconf 75' lang='lat'><strong>785</strong></span> <span class='ocrx_word' id='word_1_284' title='bbox 857 3494 1062 3562; x_wconf 88' lang='lat' dir='ltr'><strong>sordes,</strong></span> <span class='ocrx_word' id='word_1_285' title='bbox 1091 3504 1146 3550; x_wconf 88' lang='lat' dir='ltr'><strong>et</strong></span> <span class='ocrx_word' id='word_1_286' title='bbox 1186 3497 1459 3560; x_wconf 88' lang='lat' dir='ltr'><strong>immundo</strong></span> <span class='ocrx_word' id='word_1_287' title='bbox 1503 3514 1645 3570; x_wconf 70' lang='lat' dir='ltr'><strong>stupe</strong></span> <span class='ocrx_word' id='word_1_288' title='bbox 1683 3500 1876 3556; x_wconf 71' lang='lat' dir='ltr'><strong>fmdata</strong></span> <span class='ocrx_word' id='word_1_289' title='bbox 1927 3514 2009 3558; x_wconf 91' lang='lat' dir='ltr'><strong>est</strong></span> <span class='ocrx_word' id='word_1_290' title='bbox 2062 3514 2197 3560; x_wconf 86' lang='lat' dir='ltr'><strong>ster-</strong></span> 
     </span>
    </p>
   </div>
   <div class='ocr_carea' id='block_1_38' title="bbox 623 3583 2194 3660">
    <p class='ocr_par' dir='ltr' id='par_1_38' title="bbox 623 3583 2194 3660">
     <span class='ocr_line' id='line_1_38' title="bbox 623 3583 2194 3660; baseline 0.011 -24"><span class='ocrx_word' id='word_1_291' title='bbox 623 3597 766 3636; x_wconf 86' lang='lat' dir='ltr'><strong>core.</strong></span> <span class='ocrx_word' id='word_1_292' title='bbox 799 3583 1010 3638; x_wconf 82' lang='lat' dir='ltr'><strong>Assedit</strong></span> <span class='ocrx_word' id='word_1_293' title='bbox 1035 3587 1342 3655; x_wconf 69' lang='lat' dir='ltr'><strong>aagrotanti;</strong></span> <span class='ocrx_word' id='word_1_294' title='bbox 1378 3599 1433 3643; x_wconf 87' lang='lat' dir='ltr'><strong>et</strong></span> <span class='ocrx_word' id='word_1_295' title='bbox 1467 3605 1585 3659; x_wconf 67' lang='lat' dir='ltr'><strong>qua:</strong></span> <span class='ocrx_word' id='word_1_296' title='bbox 1611 3605 1710 3660; x_wconf 92' lang='lat' dir='ltr'><strong>pro</strong></span> <span class='ocrx_word' id='word_1_297' title='bbox 1749 3601 1799 3646; x_wconf 91' lang='lat' dir='ltr'><strong>te</strong></span> <span class='ocrx_word' id='word_1_298' title='bbox 1846 3609 1939 3648; x_wconf 90' lang='lat' dir='ltr'><strong>sua</strong></span> <span class='ocrx_word' id='word_1_299' title='bbox 1988 3595 2194 3654; x_wconf 87' lang='lat' dir='ltr'><strong>fastidia</strong></span> 
     </span>
    </p>
   </div>
   <div class='ocr_carea' id='block_1_39' title="bbox 622 3675 2195 3758">
    <p class='ocr_par' dir='ltr' id='par_1_39' title="bbox 622 3675 2195 3758">
     <span class='ocr_line' id='line_1_39' title="bbox 622 3675 2195 3758; baseline 0.011 -30"><span class='ocrx_word' id='word_1_300' title='bbox 622 3675 889 3741; x_wconf 89' lang='lat' dir='ltr'><strong>sustinuit,</strong></span> <span class='ocrx_word' id='word_1_301' title='bbox 924 3685 1008 3730; x_wconf 89' lang='lat' dir='ltr'><strong>tua</strong></span> <span class='ocrx_word' id='word_1_302' title='bbox 1035 3693 1245 3748; x_wconf 90' lang='lat' dir='ltr'><strong>quoque</strong></span> <span class='ocrx_word' id='word_1_303' title='bbox 1294 3695 1447 3749; x_wconf 90' lang='lat' dir='ltr'><strong>passa</strong></span> <span class='ocrx_word' id='word_1_304' title='bbox 1488 3692 1590 3738; x_wconf 87' lang='lat' dir='ltr'><strong>est.</strong></span> <span class='ocrx_word' id='word_1_305' title='bbox 1641 3684 1723 3742; x_wconf 82' lang='lat' dir='ltr'><strong>Ad</strong></span> <span class='ocrx_word' id='word_1_306' title='bbox 1767 3684 1903 3742; x_wconf 89' lang='lat' dir='ltr'><strong>hanc</strong></span> <span class='ocrx_word' id='word_1_307' title='bbox 1953 3689 2195 3758; x_wconf 86' lang='lat' dir='ltr'><strong>perduxit</strong></span> 
     </span>
    </p>
   </div>
   <div class='ocr_carea' id='block_1_40' title="bbox 621 3763 2196 3849">
    <p class='ocr_par' dir='ltr' id='par_1_40' title="bbox 621 3763 2196 3849">
     <span class='ocr_line' id='line_1_40' title="bbox 621 3763 2196 3849; baseline 0.011 -31"><span class='ocrx_word' id='word_1_308' title='bbox 621 3772 866 3829; x_wconf 64' lang='lat' dir='ltr'><strong>aetatem;</strong></span> <span class='ocrx_word' id='word_1_309' title='bbox 895 3773 952 3818; x_wconf 92' lang='lat' dir='ltr'><strong>ut</strong></span> <span class='ocrx_word' id='word_1_310' title='bbox 976 3763 1250 3826; x_wconf 85' lang='lat' dir='ltr'><strong>Christum</strong></span> <span class='ocrx_word' id='word_1_311' title='bbox 1270 3783 1496 3836; x_wconf 90' lang='lat' dir='ltr'><strong>amares,</strong></span> <span class='ocrx_word' id='word_1_312' title='bbox 1528 3770 1726 3828; x_wconf 89' lang='lat' dir='ltr'><strong>docuit.</strong></span> <span class='ocrx_word' id='word_1_313' title='bbox 1752 3773 1865 3829; x_wconf 85' lang='lat' dir='ltr'><strong>Non</strong></span> <span class='ocrx_word' id='word_1_314' title='bbox 1895 3777 1983 3832; x_wconf 92' lang='lat' dir='ltr'><strong>tibi</strong></span> <span class='ocrx_word' id='word_1_315' title='bbox 2013 3779 2196 3849; x_wconf 87' lang='lat' dir='ltr'><strong>displi-</strong></span> 
     </span>
    </p>
   </div>
   <div class='ocr_carea' id='block_1_41' title="bbox 621 3855 2191 3941">
    <p class='ocr_par' dir='ltr' id='par_1_41' title="bbox 621 3855 2191 3941">
     <span class='ocr_line' id='line_1_41' title="bbox 621 3855 2191 3941; baseline 0.011 -32"><span class='ocrx_word' id='word_1_316' title='bbox 621 3863 742 3909; x_wconf 86' lang='lat' dir='ltr'><strong>ceat</strong></span> <span class='ocrx_word' id='word_1_317' title='bbox 780 3855 896 3925; x_wconf 89' lang='lat' dir='ltr'><strong>ejus</strong></span> <span class='ocrx_word' id='word_1_318' title='bbox 941 3861 1308 3927; x_wconf 89' lang='lat' dir='ltr'><strong>conversatio,</strong></span> <span class='ocrx_word' id='word_1_319' title='bbox 1356 3878 1473 3932; x_wconf 72' lang='lat' dir='ltr'><strong>qua:</strong></span> <span class='ocrx_word' id='word_1_320' title='bbox 1504 3873 1555 3919; x_wconf 93' lang='lat' dir='ltr'><strong>te</strong></span> <span class='ocrx_word' id='word_1_321' title='bbox 1595 3880 1794 3934; x_wconf 91' lang='lat' dir='ltr'><strong>sponso</strong></span> <span class='ocrx_word' id='word_1_322' title='bbox 1819 3879 1906 3922; x_wconf 92' lang='lat' dir='ltr'><strong>tuo</strong></span> <span class='ocrx_word' id='word_1_323' title='bbox 1935 3871 2191 3941; x_wconf 83' lang='lat' dir='ltr'><strong>virginem</strong></span> 
     </span>
    </p>
   </div>
   <div class='ocr_carea' id='block_1_42' title="bbox 620 3946 2199 4031">
    <p class='ocr_par' dir='ltr' id='par_1_42' title="bbox 620 3946 2199 4031">
     <span class='ocr_line' id='line_1_42' title="bbox 620 3946 2199 4031; baseline 0.012 -33"><span class='ocrx_word' id='word_1_324' title='bbox 620 3946 969 3999; x_wconf 85' lang='lat' dir='ltr'><strong>consecravit.</strong></span> <span class='ocrx_word' id='word_1_325' title='bbox 998 3947 1145 4013; x_wconf 89' lang='lat' dir='ltr'><strong>Quod</strong></span> <span class='ocrx_word' id='word_1_326' title='bbox 1171 3949 1214 4002; x_wconf 89' lang='lat' dir='ltr'><strong>si</strong></span> <span class='ocrx_word' id='word_1_327' title='bbox 1245 3949 1382 4005; x_wconf 85' lang='lat' dir='ltr'><strong>ferre</strong></span> <span class='ocrx_word' id='word_1_328' title='bbox 1417 3967 1522 4007; x_wconf 91' lang='lat' dir='ltr'><strong>non</strong></span> <span class='ocrx_word' id='word_1_329' title='bbox 1558 3965 1709 4022; x_wconf 92' lang='lat' dir='ltr'><strong>potes</strong></span> <span class='ocrx_word' id='word_1_330' title='bbox 1737 3966 1791 4010; x_wconf 89' lang='lat' dir='ltr'><strong>et</strong></span> <span class='ocrx_word' id='word_1_331' title='bbox 1835 3957 2051 4018; x_wconf 88' lang='lat' dir='ltr'><strong>delicias</strong></span> <span class='ocrx_word' id='word_1_332' title='bbox 2078 3962 2199 4031; x_wconf 83' lang='lat' dir='ltr'><strong>ejus</strong></span> 
     </span>
    </p>
   </div>
   <div class='ocr_carea' id='block_1_43' title="bbox 620 4031 2193 4117">
    <p class='ocr_par' dir='ltr' id='par_1_43' title="bbox 620 4031 2193 4117">
     <span class='ocr_line' id='line_1_43' title="bbox 620 4031 2193 4117; baseline 0.013 -31"><span class='ocrx_word' id='word_1_333' title='bbox 620 4031 758 4106; x_wconf 88' lang='lat' dir='ltr'><strong>fugis</strong></span> <span class='ocrx_word' id='word_1_334' title='bbox 788 4051 800 4085; x_wconf 91' lang='lat'>:</span> <span class='ocrx_word' id='word_1_335' title='bbox 833 4043 990 4104; x_wconf 89' lang='lat' dir='ltr'><strong>atque</strong></span> <span class='ocrx_word' id='word_1_336' title='bbox 1028 4035 1119 4104; x_wconf 91' lang='lat' dir='ltr'><strong>(ut</strong></span> <span class='ocrx_word' id='word_1_337' title='bbox 1146 4036 1245 4092; x_wconf 93' lang='lat' dir='ltr'><strong>hoc</strong></span> <span class='ocrx_word' id='word_1_338' title='bbox 1271 4039 1424 4109; x_wconf 84' lang='lat' dir='ltr'><strong>vulgo</strong></span> <span class='ocrx_word' id='word_1_339' title='bbox 1467 4042 1604 4096; x_wconf 88' lang='lat' dir='ltr'><strong>solet</strong></span> <span class='ocrx_word' id='word_1_340' title='bbox 1636 4043 1769 4117; x_wconf 91' lang='lat' dir='ltr'><strong>dici)</strong></span> <span class='ocrx_word' id='word_1_341' title='bbox 1814 4049 2084 4110; x_wconf 73' lang='lat' dir='ltr'><strong>smcularis</strong></span> <span class='ocrx_word' id='word_1_342' title='bbox 2110 4061 2193 4111; x_wconf 86' lang='lat' dir='ltr'><strong>est</strong></span> 
     </span>
    </p>
   </div>
   <div class='ocr_carea' id='block_1_44' title="bbox 621 4122 2192 4207">
    <p class='ocr_par' dir='ltr' id='par_1_44' title="bbox 621 4122 2192 4207">
     <span class='ocr_line' id='line_1_44' title="bbox 621 4122 2192 4207; baseline 0.014 -34"><span class='ocrx_word' id='word_1_343' title='bbox 621 4131 811 4188; x_wconf 81' lang='lat' dir='ltr'><strong>mater,</strong></span> <span class='ocrx_word' id='word_1_344' title='bbox 845 4122 1008 4179; x_wconf 87' lang='lat' dir='ltr'><strong>habes</strong></span> <span class='ocrx_word' id='word_1_345' title='bbox 1033 4125 1163 4180; x_wconf 91' lang='lat' dir='ltr'><strong>alias</strong></span> <span class='ocrx_word' id='word_1_346' title='bbox 1197 4127 1445 4199; x_wconf 89' lang='lat' dir='ltr'><strong>virgines,</strong></span> <span class='ocrx_word' id='word_1_347' title='bbox 1477 4130 1639 4186; x_wconf 90' lang='lat' dir='ltr'><strong>habes</strong></span> <span class='ocrx_word' id='word_1_348' title='bbox 1659 4145 1899 4190; x_wconf 89' lang='lat' dir='ltr'><strong>sanctum</strong></span> <span class='ocrx_word' id='word_1_349' title='bbox 1928 4139 2192 4207; x_wconf 79' lang='lat' dir='ltr'><strong>pudicitia:</strong></span> 
     </span>
    </p>
   </div>
   <div class='ocr_carea' id='block_1_45' title="bbox 619 4211 2188 4300">
    <p class='ocr_par' dir='ltr' id='par_1_45' title="bbox 619 4211 2188 4300">
     <span class='ocr_line' id='line_1_45' title="bbox 619 4211 2188 4300; baseline 0.011 -34"><span class='ocrx_word' id='word_1_350' title='bbox 619 4211 865 4266; x_wconf 89' lang='lat' dir='ltr'><strong>chorum.</strong></span> <span class='ocrx_word' id='word_1_351' title='bbox 895 4212 1030 4281; x_wconf 87' lang='lat' dir='ltr'><strong>Quid</strong></span> <span class='ocrx_word' id='word_1_352' title='bbox 1059 4227 1280 4279; x_wconf 87' lang='lat' dir='ltr'><strong>matrem</strong></span> <span class='ocrx_word' id='word_1_353' title='bbox 1305 4221 1578 4288; x_wconf 88' lang='lat' dir='ltr'><strong>deserens,</strong></span> <span class='ocrx_word' id='word_1_354' title='bbox 1605 4240 1726 4278; x_wconf 86' lang='lat' dir='ltr'><strong>eum</strong></span> <span class='ocrx_word' id='word_1_355' title='bbox 1750 4227 1900 4297; x_wconf 87' lang='lat' dir='ltr'><strong>eligis</strong></span> <span class='ocrx_word' id='word_1_356' title='bbox 1929 4227 2034 4300; x_wconf 71' lang='grc' dir='ltr'><strong>[ιιι.</strong></span> <span class='ocrx_word' id='word_1_357' title='bbox 2066 4231 2188 4284; x_wconf 83' lang='lat' dir='ltr'><strong>dili-</strong></span> 
     </span>
    </p>
   </div>
   <div class='ocr_carea' id='block_1_46' title="bbox 621 4300 2188 4383">
    <p class='ocr_par' dir='ltr' id='par_1_46' title="bbox 621 4300 2188 4383">
     <span class='ocr_line' id='line_1_46' title="bbox 621 4300 2188 4383; baseline 0.017 -33"><span class='ocrx_word' id='word_1_358' title='bbox 621 4303 697 4370; x_wconf 71' lang='lat' dir='ltr'><strong>gi;</strong></span> <span class='ocrx_word' id='word_1_359' title='bbox 759 4343 772 4368; x_wconf 95' lang='lat'><strong>,</strong></span> <span class='ocrx_word' id='word_1_360' title='bbox 801 4302 890 4372; x_wconf 91' lang='lat' dir='ltr'><strong>qui</strong></span> <span class='ocrx_word' id='word_1_361' title='bbox 927 4303 1143 4358; x_wconf 86' lang='lat' dir='ltr'><strong>forsitan</strong></span> <span class='ocrx_word' id='word_1_362' title='bbox 1169 4323 1318 4362; x_wconf 88' lang='lat' dir='ltr'><strong>suam</strong></span> <span class='ocrx_word' id='word_1_363' title='bbox 1340 4311 1553 4383; x_wconf 89' lang='lat' dir='ltr'><strong>reliquit</strong></span> <span class='ocrx_word' id='word_1_364' title='bbox 1581 4329 1820 4371; x_wconf 90' lang='lat' dir='ltr'><strong>sororem</strong></span> <span class='ocrx_word' id='word_1_365' title='bbox 1850 4329 1904 4373; x_wconf 90' lang='lat' dir='ltr'><strong>et</strong></span> <span class='ocrx_word' id='word_1_366' title='bbox 1929 4325 2188 4382; x_wconf 84' lang='lat' dir='ltr'><strong>matrem?</strong></span> 
     </span>
    </p>
   </div>
   <div class='ocr_carea' id='block_1_47' title="bbox 619 4391 2190 4481">
    <p class='ocr_par' dir='ltr' id='par_1_47' title="bbox 619 4391 2190 4481">
     <span class='ocr_line' id='line_1_47' title="bbox 619 4391 2190 4481; baseline 0.017 -37"><span class='ocrx_word' id='word_1_367' title='bbox 619 4391 713 4445; x_wconf 82' lang='lat' dir='ltr'><strong>Illa</strong></span> <span class='ocrx_word' id='word_1_368' title='bbox 743 4391 1002 4460; x_wconf 82' lang='lat' dir='ltr'><strong>difficilis;</strong></span> <span class='ocrx_word' id='word_1_369' title='bbox 1032 4396 1124 4450; x_wconf 89' lang='lat' dir='ltr'><strong>sed</strong></span> <span class='ocrx_word' id='word_1_370' title='bbox 1146 4398 1244 4454; x_wconf 91' lang='lat' dir='ltr'><strong>iste</strong></span> <span class='ocrx_word' id='word_1_371' title='bbox 1271 4399 1458 4455; x_wconf 87' lang='lat' dir='ltr'><strong>facilis.</strong></span> <span class='ocrx_word' id='word_1_372' title='bbox 1490 4403 1578 4456; x_wconf 90' lang='lat' dir='ltr'><strong>llla</strong></span> <span class='ocrx_word' id='word_1_373' title='bbox 1604 4406 1860 4476; x_wconf 89' lang='lat' dir='ltr'><strong>jurgatrix</strong></span> <span class='ocrx_word' id='word_1_374' title='bbox 1896 4429 1910 4464; x_wconf 90' lang='lat'><strong>:</strong></span> <span class='ocrx_word' id='word_1_375' title='bbox 1940 4427 2067 4481; x_wconf 90' lang='lat' dir='ltr'><strong>ergo</strong></span> <span class='ocrx_word' id='word_1_376' title='bbox 2091 4417 2190 4471; x_wconf 90' lang='lat' dir='ltr'><strong>iste</strong></span> 
     </span>
    </p>
   </div>
   <div class='ocr_carea' id='block_1_48' title="bbox 620 4481 2190 4572">
    <p class='ocr_par' dir='ltr' id='par_1_48' title="bbox 620 4481 2190 4572">
     <span class='ocr_line' id='line_1_48' title="bbox 620 4481 2190 4572; baseline 0.015 -38"><span class='ocrx_word' id='word_1_377' title='bbox 620 4481 912 4551; x_wconf 69' lang='lat' dir='ltr'><strong>placabilis.</strong></span> <span class='ocrx_word' id='word_1_378' title='bbox 939 4484 1150 4552; x_wconf 66' lang='lat' dir='ltr'><strong>Quaero,</strong></span> <span class='ocrx_word' id='word_1_379' title='bbox 1193 4497 1367 4544; x_wconf 91' lang='lat' dir='ltr'><strong>utrum</strong></span> <span class='ocrx_word' id='word_1_380' title='bbox 1420 4492 1590 4547; x_wconf 91' lang='lat' dir='ltr'><strong>virum</strong></span> <span class='ocrx_word' id='word_1_381' title='bbox 1621 4507 1800 4551; x_wconf 89' lang='lat' dir='ltr'><strong>secuta</strong></span> <span class='ocrx_word' id='word_1_382' title='bbox 1840 4499 1948 4566; x_wconf 90' lang='lat' dir='ltr'><strong>sis,</strong></span> <span class='ocrx_word' id='word_1_383' title='bbox 1997 4517 2063 4555; x_wconf 91' lang='lat' dir='ltr'><strong>an</strong></span> <span class='ocrx_word' id='word_1_384' title='bbox 2094 4519 2190 4572; x_wconf 93' lang='lat' dir='ltr'><strong>po-</strong></span> 
     </span>
    </p>
   </div>
   <div class='ocr_carea' id='block_1_49' title="bbox 618 4574 2188 4648">
    <p class='ocr_par' dir='ltr' id='par_1_49' title="bbox 618 4574 2188 4648">
     <span class='ocr_line' id='line_1_49' title="bbox 618 4574 2188 4648; baseline 0.013 -23"><span class='ocrx_word' id='word_1_385' title='bbox 618 4586 732 4626; x_wconf 84' lang='lat' dir='ltr'><strong>stea</strong></span> <span class='ocrx_word' id='word_1_386' title='bbox 778 4574 1077 4628; x_wconf 86' lang='lat' dir='ltr'><strong>inveneris?</strong></span> <span class='ocrx_word' id='word_1_387' title='bbox 1101 4575 1157 4631; x_wconf 91' lang='lat' dir='ltr'><strong>Si</strong></span> <span class='ocrx_word' id='word_1_388' title='bbox 1197 4592 1316 4631; x_wconf 90' lang='lat' dir='ltr'><strong>eum</strong></span> <span class='ocrx_word' id='word_1_389' title='bbox 1363 4593 1540 4636; x_wconf 90' lang='lat' dir='ltr'><strong>secuta</strong></span> <span class='ocrx_word' id='word_1_390' title='bbox 1586 4598 1672 4648; x_wconf 90' lang='lat' dir='ltr'><strong>es,</strong></span> <span class='ocrx_word' id='word_1_391' title='bbox 1719 4588 2056 4642; x_wconf 85' lang='lat' dir='ltr'><strong>manifestum</strong></span> <span class='ocrx_word' id='word_1_392' title='bbox 2105 4601 2188 4646; x_wconf 90' lang='lat' dir='ltr'><strong>est</strong></span> 
     </span>
    </p>
   </div>
   <div class='ocr_carea' id='block_1_50' title="bbox 616 4664 2205 4749">
    <p class='ocr_par' dir='ltr' id='par_1_50' title="bbox 616 4664 2205 4749">
     <span class='ocr_line' id='line_1_50' title="bbox 616 4664 2205 4749; baseline 0.013 -34"><span class='ocrx_word' id='word_1_393' title='bbox 616 4673 843 4718; x_wconf 88' lang='lat' dir='ltr'><strong>matrem</strong></span> <span class='ocrx_word' id='word_1_394' title='bbox 873 4664 1172 4734; x_wconf 88' lang='lat' dir='ltr'><strong>reliqueris.</strong></span> <span class='ocrx_word' id='word_1_395' title='bbox 1196 4666 1250 4722; x_wconf 92' lang='lat' dir='ltr'><strong>Si</strong></span> <span class='ocrx_word' id='word_1_396' title='bbox 1279 4677 1459 4737; x_wconf 90' lang='lat' dir='ltr'><strong>postea</strong></span> <span class='ocrx_word' id='word_1_397' title='bbox 1487 4673 1729 4741; x_wconf 88' lang='lat' dir='ltr'><strong>reperisti</strong></span> <span class='ocrx_word' id='word_1_398' title='bbox 1750 4715 1765 4738; x_wconf 97' lang='lat'><strong>,</strong></span> <span class='ocrx_word' id='word_1_399' title='bbox 1805 4679 2037 4731; x_wconf 90' lang='lat' dir='ltr'><strong>ostendis</strong></span> <span class='ocrx_word' id='word_1_400' title='bbox 2061 4669 2205 4749; x_wconf 33' lang='lat' dir='ltr'><strong>quid,</strong></span> 
     </span>
    </p>
   </div>
   <div class='ocr_carea' id='block_1_51' title="bbox 617 4752 2186 4828">
    <p class='ocr_par' dir='ltr' id='par_1_51' title="bbox 617 4752 2186 4828">
     <span class='ocr_line' id='line_1_51' title="bbox 617 4752 2186 4828; baseline 0.013 -24"><span class='ocrx_word' id='word_1_401' title='bbox 617 4752 668 4805; x_wconf 91' lang='lat' dir='ltr'><strong>in</strong></span> <span class='ocrx_word' id='word_1_402' title='bbox 700 4753 884 4808; x_wconf 87' lang='lat' dir='ltr'><strong>matris</strong></span> <span class='ocrx_word' id='word_1_403' title='bbox 911 4755 1138 4824; x_wconf 86' lang='lat' dir='ltr'><strong>hospitio</strong></span> <span class='ocrx_word' id='word_1_404' title='bbox 1166 4771 1269 4811; x_wconf 92' lang='lat' dir='ltr'><strong>non</strong></span> <span class='ocrx_word' id='word_1_405' title='bbox 1295 4761 1530 4828; x_wconf 87' lang='lat' dir='ltr'><strong>potueris</strong></span> <span class='ocrx_word' id='word_1_406' title='bbox 1556 4761 1811 4820; x_wconf 87' lang='lat' dir='ltr'><strong>invenire.</strong></span> <span class='ocrx_word' id='word_1_407' title='bbox 1848 4765 2015 4822; x_wconf 89' lang='lat' dir='ltr'><strong>Durus</strong></span> <span class='ocrx_word' id='word_1_408' title='bbox 2033 4769 2186 4825; x_wconf 89' lang='lat' dir='ltr'><strong>dolor</strong></span> 
     </span>
    </p>
   </div>
   <div class='ocr_carea' id='block_1_52' title="bbox 615 4851 2182 4926">
    <p class='ocr_par' dir='ltr' id='par_1_52' title="bbox 615 4851 2182 4926">
     <span class='ocr_line' id='line_1_52' title="bbox 615 4851 2182 4926; baseline 0.01 -28"><span class='ocrx_word' id='word_1_409' title='bbox 615 4853 718 4910; x_wconf 90' lang='lat' dir='ltr'><strong>est,</strong></span> <span class='ocrx_word' id='word_1_410' title='bbox 761 4853 818 4900; x_wconf 87' lang='lat' dir='ltr'><strong>et.</strong></span> <span class='ocrx_word' id='word_1_411' title='bbox 862 4861 982 4900; x_wconf 91' lang='lat' dir='ltr'><strong>meo</strong></span> <span class='ocrx_word' id='word_1_412' title='bbox 1018 4861 1271 4903; x_wconf 87' lang='lat' dir='ltr'><strong>mucrone</strong></span> <span class='ocrx_word' id='word_1_413' title='bbox 1316 4865 1402 4904; x_wconf 93' lang='lat' dir='ltr'><strong>me</strong></span> <span class='ocrx_word' id='word_1_414' title='bbox 1430 4851 1735 4908; x_wconf 90' lang='lat' dir='ltr'><strong>vulnerans.</strong></span> <span class='ocrx_word' id='word_1_415' title='bbox 1788 4856 1887 4921; x_wconf 84' lang='lat' dir='ltr'><strong>Qui</strong></span> <span class='ocrx_word' id='word_1_416' title='bbox 1929 4859 2182 4926; x_wconf 80' lang='lat' dir='ltr'><strong>ambulat,</strong></span> 
     </span>
    </p>
   </div>
   <div class='ocr_carea' id='block_1_53' title="bbox 614 4932 2181 5022">
    <p class='ocr_par' dir='ltr' id='par_1_53' title="bbox 614 4932 2181 5022">
     <span class='ocr_line' id='line_1_53' title="bbox 614 4932 2181 5022; baseline 0.012 -36"><span class='ocrx_word' id='word_1_417' title='bbox 614 4932 819 5002; x_wconf 88' lang='lat' dir='ltr'><strong>inquit,</strong></span> <span class='ocrx_word' id='word_1_418' title='bbox 871 4937 1190 5005; x_wconf 79' lang='lat' dir='ltr'><strong>simpliciter,</strong></span> <span class='ocrx_word' id='word_1_419' title='bbox 1241 4941 1462 4994; x_wconf 78' lang='lat' dir='ltr'><strong>ambulat</strong></span> <span class='ocrx_word' id='word_1_420' title='bbox 1499 4943 1806 5012; x_wconf 80' lang='lat' dir='ltr'><strong>conﬁdenter</strong></span> <span class='ocrx_word' id='word_1_421' title='bbox 1845 4945 2181 5022; x_wconf 62' lang='lat' dir='ltr'><strong>(ProvJO).</strong></span> 
     </span>
    </p>
   </div>
   <div class='ocr_carea' id='block_1_54' title="bbox 616 5022 2182 5105">
    <p class='ocr_par' dir='ltr' id='par_1_54' title="bbox 616 5022 2182 5105">
     <span class='ocr_line' id='line_1_54' title="bbox 616 5022 2182 5105; baseline 0.013 -28"><span class='ocrx_word' id='word_1_422' title='bbox 616 5022 870 5080; x_wconf 83' lang='lat' dir='ltr'><strong>Tacerem</strong></span> <span class='ocrx_word' id='word_1_423' title='bbox 902 5028 979 5098; x_wconf 89' lang='lat' dir='ltr'><strong>(a)</strong></span> <span class='ocrx_word' id='word_1_424' title='bbox 1005 5070 1020 5093; x_wconf 93' lang='lat'><strong>,</strong></span> <span class='ocrx_word' id='word_1_425' title='bbox 1052 5030 1096 5082; x_wconf 91' lang='lat' dir='ltr'><strong>si</strong></span> <span class='ocrx_word' id='word_1_426' title='bbox 1129 5045 1213 5084; x_wconf 93' lang='lat' dir='ltr'><strong>me</strong></span> <span class='ocrx_word' id='word_1_427' title='bbox 1238 5047 1340 5086; x_wconf 92' lang='lat' dir='ltr'><strong>non</strong></span> <span class='ocrx_word' id='word_1_428' title='bbox 1369 5033 1636 5090; x_wconf 88' lang='lat' dir='ltr'><strong>morderet</strong></span> <span class='ocrx_word' id='word_1_429' title='bbox 1663 5038 1984 5093; x_wconf 89' lang='lat' dir='ltr'><strong>conscientia</strong></span> <span class='ocrx_word' id='word_1_430' title='bbox 2003 5081 2018 5105; x_wconf 92' lang='lat'><strong>,</strong></span> <span class='ocrx_word' id='word_1_431' title='bbox 2047 5051 2100 5096; x_wconf 91' lang='lat' dir='ltr'><strong>et</strong></span> <span class='ocrx_word' id='word_1_432' title='bbox 2129 5043 2182 5098; x_wconf 91' lang='lat' dir='ltr'><strong>in</strong></span> 
     </span>
    </p>
   </div>
   <div class='ocr_carea' id='block_1_55' title="bbox 613 5117 2184 5202">
    <p class='ocr_par' dir='ltr' id='par_1_55' title="bbox 613 5117 2184 5202">
     <span class='ocr_line' id='line_1_55' title="bbox 613 5117 2184 5202; baseline 0.01 -29"><span class='ocrx_word' id='word_1_433' title='bbox 613 5117 728 5173; x_wconf 78' lang='lat' dir='ltr'><strong>aliis</strong></span> <span class='ocrx_word' id='word_1_434' title='bbox 756 5133 932 5173; x_wconf 88' lang='lat' dir='ltr'><strong>meum</strong></span> <span class='ocrx_word' id='word_1_435' title='bbox 955 5122 1154 5176; x_wconf 89' lang='lat' dir='ltr'><strong>crimen</strong></span> <span class='ocrx_word' id='word_1_436' title='bbox 1182 5137 1287 5176; x_wconf 86' lang='lat' dir='ltr'><strong>non</strong></span> <span class='ocrx_word' id='word_1_437' title='bbox 1315 5125 1758 5192; x_wconf 84' lang='lat' dir='ltr'><strong>reprehenderem</strong></span> <span class='ocrx_word' id='word_1_438' title='bbox 1786 5146 1799 5183; x_wconf 93' lang='lat'>:</span> <span class='ocrx_word' id='word_1_439' title='bbox 1830 5146 1930 5185; x_wconf 93' lang='lat' dir='ltr'><strong>nec</strong></span> <span class='ocrx_word' id='word_1_440' title='bbox 1951 5147 2049 5202; x_wconf 93' lang='lat' dir='ltr'><strong>per</strong></span> <span class='ocrx_word' id='word_1_441' title='bbox 2077 5142 2184 5188; x_wconf 90' lang='lat' dir='ltr'><strong>tra-</strong></span> 
     </span>
    </p>
   </div>
   <div class='ocr_carea' id='block_1_56' title="bbox 679 5284 2178 5371">
    <p class='ocr_par' dir='ltr' id='par_1_56' title="bbox 679 5284 2178 5371">
     <span class='ocr_line' id='line_1_56' title="bbox 679 5284 2178 5371; baseline 0.015 -36"><span class='ocrx_word' id='word_1_442' title='bbox 679 5284 1246 5371; x_wconf 41' lang='lat' dir='ltr'><strong>[ﬂaALEx-punetatertium</strong></span> <span class='ocrx_word' id='word_1_443' title='bbox 1270 5299 1478 5371; x_wconf 76' lang='lat' dir='ltr'><strong>negandi</strong></span> <span class='ocrx_word' id='word_1_444' title='bbox 1503 5303 1734 5371; x_wconf 75' lang='lat' dir='ltr'><strong>particula</strong></span> <span class='ocrx_word' id='word_1_445' title='bbox 1753 5305 1814 5352; x_wconf 89' lang='lat' dir='ltr'><strong>ad</strong></span> <span class='ocrx_word' id='word_1_446' title='bbox 1830 5306 1965 5371; x_wconf 62' lang='lat' dir='ltr'><strong>hunc</strong></span> <span class='ocrx_word' id='word_1_447' title='bbox 1970 5307 2178 5371; x_wconf 91' lang='lat' dir='ltr'><strong>modum,</strong></span> 
     </span>
    </p>
   </div>
   <div class='ocr_carea' id='block_1_57' title="bbox 611 5353 2180 5430">
    <p class='ocr_par' dir='ltr' id='par_1_57' title="bbox 611 5353 2180 5430">
     <span class='ocr_line' id='line_1_57' title="bbox 611 5353 2180 5430; baseline 0.015 -35"><span class='ocrx_word' id='word_1_448' title='bbox 611 5353 860 5430; x_wconf 42' lang='lat' dir='ltr'><strong>tit-sensus</strong></span> <span class='ocrx_word' id='word_1_449' title='bbox 877 5362 1084 5430; x_wconf 75' lang='lat' dir='ltr'><strong>constet,</strong></span> <span class='ocrx_word' id='word_1_450' title='bbox 1109 5353 1564 5430; x_wconf 34' lang='lat' dir='ltr'><strong>legettdusividetur</strong></span> <span class='ocrx_word' id='word_1_451' title='bbox 1583 5364 1664 5430; x_wconf 77' lang='lat' dir='ltr'><strong>hic</strong></span> <span class='ocrx_word' id='word_1_452' title='bbox 1685 5364 1818 5414; x_wconf 90' lang='lat' dir='ltr'><strong>locus</strong></span> <span class='ocrx_word' id='word_1_453' title='bbox 1843 5379 1856 5412; x_wconf 90' lang='lat'><strong>:</strong></span> <span class='ocrx_word' id='word_1_454' title='bbox 1883 5384 1906 5411; x_wconf 73' lang='grc' dir='ltr'>ι</span> <span class='ocrx_word' id='word_1_455' title='bbox 1929 5353 2180 5430; x_wconf 64' lang='lat' dir='ltr'><strong>Tacerem;</strong></span> 
     </span>
    </p>
   </div>
   <div class='ocr_carea' id='block_1_58' title="bbox 607 5414 2182 5480">
    <p class='ocr_par' dir='ltr' id='par_1_58' title="bbox 607 5414 2182 5480">
     <span class='ocr_line' id='line_1_58' title="bbox 607 5414 2182 5480; baseline 0.019 -29"><span class='ocrx_word' id='word_1_456' title='bbox 607 5414 750 5480; x_wconf 59' lang='lat' dir='ltr'><strong>sitne</strong></span> <span class='ocrx_word' id='word_1_457' title='bbox 776 5414 1073 5480; x_wconf 76' lang='lat' dir='ltr'><strong>remorderet</strong></span> <span class='ocrx_word' id='word_1_458' title='bbox 1099 5414 1406 5478; x_wconf 74' lang='lat' dir='ltr'><strong>conscientia,</strong></span> <span class='ocrx_word' id='word_1_459' title='bbox 1443 5431 1494 5472; x_wconf 88' lang='lat' dir='ltr'><strong>et</strong></span> <span class='ocrx_word' id='word_1_460' title='bbox 1518 5424 1566 5470; x_wconf 90' lang='lat' dir='ltr'><strong>in</strong></span> <span class='ocrx_word' id='word_1_461' title='bbox 1589 5425 1692 5473; x_wconf 79' lang='lat' dir='ltr'><strong>aliis</strong></span> <span class='ocrx_word' id='word_1_462' title='bbox 1711 5440 1874 5474; x_wconf 89' lang='lat' dir='ltr'><strong>meum</strong></span> <span class='ocrx_word' id='word_1_463' title='bbox 1895 5414 2077 5479; x_wconf 62' lang='lat' dir='ltr'><strong>crimen</strong></span> <span class='ocrx_word' id='word_1_464' title='bbox 2089 5414 2182 5480; x_wconf 64' lang='lat' dir='ltr'><strong>&#39;iél</strong></span> 
     </span>
    </p>
   </div>
   <div class='ocr_carea' id='block_1_59' title="bbox 609 5467 2176 5541">
    <p class='ocr_par' dir='ltr' id='par_1_59' title="bbox 609 5467 2176 5541">
     <span class='ocr_line' id='line_1_59' title="bbox 609 5467 2176 5541; baseline 0.019 -30"><span class='ocrx_word' id='word_1_465' title='bbox 609 5467 983 5541; x_wconf 66' lang='lat' dir='ltr'><strong>prehenderem,</strong></span> <span class='ocrx_word' id='word_1_466' title='bbox 1003 5483 1063 5541; x_wconf 87' lang='lat' dir='ltr'><strong>_et</strong></span> <span class='ocrx_word' id='word_1_467' title='bbox 1099 5491 1188 5536; x_wconf 88' lang='lat' dir='ltr'><strong>per</strong></span> <span class='ocrx_word' id='word_1_468' title='bbox 1211 5467 1547 5530; x_wconf 54' lang='lat' dir='ltr'><strong>trabem&#39;oeuli</strong></span> <span class='ocrx_word' id='word_1_469' title='bbox 1579 5488 1676 5534; x_wconf 87' lang='lat' dir='ltr'><strong>mei</strong></span> <span class='ocrx_word' id='word_1_470' title='bbox 1707 5486 1910 5536; x_wconf 86' lang='lat' dir='ltr'><strong>alterius</strong></span> 
     </span>
    </p>
   </div>
   <div class='ocr_carea' id='block_1_60' title="bbox 610 5525 2176 5609">
    <p class='ocr_par' dir='ltr' id='par_1_60' title="bbox 610 5525 2176 5609">
     <span class='ocr_line' id='line_1_60' title="bbox 610 5525 2176 5609; baseline 0.017 -33"><span class='ocrx_word' id='word_1_471' title='bbox 1033 5525 1140 5609; x_wconf 68' lang='lat' dir='ltr'><strong>cuin</strong></span> <span class='ocrx_word' id='word_1_472' title='bbox 1161 5525 1482 5609; x_wconf 78' lang='lat' dir='ltr'><strong>emendationi</strong></span> <span class='ocrx_word' id='word_1_473' title='bbox 1507 5525 1686 5609; x_wconf 72' lang='lat' dir='ltr'><strong>nostrzc</strong></span> 
     </span>
    </p>
   </div>
   <div class='ocr_carea' id='block_1_61' title="bbox 609 5579 2029 5660">
    <p class='ocr_par' dir='ltr' id='par_1_61' title="bbox 609 5579 2029 5660">
     <span class='ocr_line' id='line_1_61' title="bbox 609 5579 2029 5660; baseline 0.022 -32"><span class='ocrx_word' id='word_1_474' title='bbox 609 5579 763 5633; x_wconf 79' lang='lat' dir='ltr'><strong>ferant</strong></span> <span class='ocrx_word' id='word_1_475' title='bbox 788 5579 983 5640; x_wconf 74' lang='lat' dir='ltr'><strong>veteres</strong></span> <span class='ocrx_word' id='word_1_476' title='bbox 995 5579 1433 5657; x_wconf 46' lang='lat' dir='ltr'><strong>ptumi-{Simili</strong></span> <span class='ocrx_word' id='word_1_477' title='bbox 1438 5579 1689 5658; x_wconf 55' lang='lat'><strong>5.2.1235;</strong></span> <span class='ocrx_word' id='word_1_478' title='bbox 1706 5579 2029 5660; x_wconf 60' lang='grc' dir='ltr'><strong>ὶὶῖἓζὶἳηὲἶὶὶἱὶὲἷ</strong></span> 
     </span>
    </p>
   </div>
   <div class='ocr_carea' id='block_1_62' title="bbox 1937 173 2614 280">
    <p class='ocr_par' dir='ltr' id='par_1_62' title="bbox 1937 173 2614 280">
     <span class='ocr_line' id='line_1_62' title="bbox 1937 173 2614 280; baseline -0.001 -1"><span class='ocrx_word' id='word_1_479' title='bbox 1937 221 2174 280; x_wconf 70' lang='grc' dir='ltr'><strong>ΞᾹΝΩΤΙ</strong></span> <span class='ocrx_word' id='word_1_480' title='bbox 2214 221 2460 278; x_wconf 81' lang='lat' dir='ltr'><strong>lllERON</strong></span> <span class='ocrx_word' id='word_1_481' title='bbox 2471 223 2579 278; x_wconf 79' lang='lat' dir='ltr'><strong>YMI</strong></span> <span class='ocrx_word' id='word_1_482' title='bbox 2606 173 2614 188; x_wconf 42' lang='grc'><strong><em>⁸</em></strong></span> 
     </span>
    </p>
   </div>
   <div class='ocr_carea' id='block_1_63' title="bbox 3833 233 3935 290">
    <p class='ocr_par' dir='ltr' id='par_1_63' title="bbox 3833 233 3935 290">
     <span class='ocr_line' id='line_1_63' title="bbox 3833 233 3935 290; baseline 0 0"><span class='ocrx_word' id='word_1_483' title='bbox 3833 233 3935 290; x_wconf 73' lang='lat'><strong>956</strong></span> 
     </span>
    </p>
   </div>
   <div class='ocr_carea' id='block_1_64' title="bbox 2326 330 3926 399">
    <p class='ocr_par' dir='ltr' id='par_1_64' title="bbox 2326 330 3926 399">
     <span class='ocr_line' id='line_1_64' title="bbox 2326 330 3926 399; baseline 0.006 -9"><span class='ocrx_word' id='word_1_484' title='bbox 2326 334 2445 390; x_wconf 88' lang='lat' dir='ltr'><strong>bem</strong></span> <span class='ocrx_word' id='word_1_485' title='bbox 2466 335 2603 388; x_wconf 91' lang='lat' dir='ltr'><strong>oculi</strong></span> <span class='ocrx_word' id='word_1_486' title='bbox 2630 333 2732 389; x_wconf 92' lang='lat' dir='ltr'><strong>mei</strong></span> <span class='ocrx_word' id='word_1_487' title='bbox 2759 334 2979 390; x_wconf 90' lang='lat' dir='ltr'><strong>alterius</strong></span> <span class='ocrx_word' id='word_1_488' title='bbox 3001 336 3252 392; x_wconf 83' lang='lat' dir='ltr'><strong>festucam</strong></span> <span class='ocrx_word' id='word_1_489' title='bbox 3274 337 3532 396; x_wconf 90' lang='lat' dir='ltr'><strong>viderem.</strong></span> <span class='ocrx_word' id='word_1_490' title='bbox 3557 330 3926 399; x_wconf 53' lang='lat' dir='ltr'><strong>Nu&#39;n&#39;c‘autem</strong></span> 
     </span>
    </p>
   </div>
   <div class='ocr_carea' id='block_1_65' title="bbox 2321 427 3925 503">
    <p class='ocr_par' dir='ltr' id='par_1_65' title="bbox 2321 427 3925 503">
     <span class='ocr_line' id='line_1_65' title="bbox 2321 427 3925 503; baseline 0.006 -24"><span class='ocrx_word' id='word_1_491' title='bbox 2321 441 2440 479; x_wconf 88' lang='lat' dir='ltr'><strong>cum</strong></span> <span class='ocrx_word' id='word_1_492' title='bbox 2469 427 2608 480; x_wconf 90' lang='lat' dir='ltr'><strong>inter</strong></span> <span class='ocrx_word' id='word_1_493' title='bbox 2653 427 2844 481; x_wconf 90' lang='lat' dir='ltr'><strong>fratres</strong></span> <span class='ocrx_word' id='word_1_494' title='bbox 2872 429 3054 496; x_wconf 90' lang='lat' dir='ltr'><strong>procul</strong></span> <span class='ocrx_word' id='word_1_495' title='bbox 3091 429 3353 496; x_wconf 88' lang='lat' dir='ltr'><strong>habitans,</strong></span> <span class='ocrx_word' id='word_1_496' title='bbox 3385 447 3688 503; x_wconf 88' lang='lat' dir='ltr'><strong>eorumque</strong></span> <span class='ocrx_word' id='word_1_497' title='bbox 3739 434 3925 489; x_wconf 82' lang='lat' dir='ltr'><strong>fruens</strong></span> 
     </span>
    </p>
   </div>
   <div class='ocr_carea' id='block_1_66' title="bbox 2320 516 3924 589">
    <p class='ocr_par' dir='ltr' id='par_1_66' title="bbox 2320 516 3924 589">
     <span class='ocr_line' id='line_1_66' title="bbox 2320 516 3924 589; baseline 0.007 -22"><span class='ocrx_word' id='word_1_498' title='bbox 2320 516 2666 568; x_wconf 90' lang='lat' dir='ltr'><strong>contubernio</strong></span> <span class='ocrx_word' id='word_1_499' title='bbox 2697 516 2919 571; x_wconf 86' lang='lat' dir='ltr'><strong>honeste</strong></span> <span class='ocrx_word' id='word_1_500' title='bbox 2941 519 3039 573; x_wconf 90' lang='lat' dir='ltr'><strong>sub</strong></span> <span class='ocrx_word' id='word_1_501' title='bbox 3067 519 3282 575; x_wconf 91' lang='lat' dir='ltr'><strong>arbitris</strong></span> <span class='ocrx_word' id='word_1_502' title='bbox 3300 562 3316 586; x_wconf 89' lang='lat'><strong>,</strong></span> <span class='ocrx_word' id='word_1_503' title='bbox 3345 531 3401 576; x_wconf 90' lang='lat' dir='ltr'><strong>et</strong></span> <span class='ocrx_word' id='word_1_504' title='bbox 3429 522 3643 578; x_wconf 89' lang='lat' dir='ltr'><strong>videam</strong></span> <span class='ocrx_word' id='word_1_505' title='bbox 3674 540 3842 589; x_wconf 83' lang='lat' dir='ltr'><strong>raro,</strong></span> <span class='ocrx_word' id='word_1_506' title='bbox 3871 536 3924 580; x_wconf 86' lang='lat' dir='ltr'><strong>et</strong></span> 
     </span>
    </p>
   </div>
   <div class='ocr_carea' id='block_1_67' title="bbox 2321 605 3924 680">
    <p class='ocr_par' dir='ltr' id='par_1_67' title="bbox 2321 605 3924 680">
     <span class='ocr_line' id='line_1_67' title="bbox 2321 605 3924 680; baseline 0.007 -22"><span class='ocrx_word' id='word_1_507' title='bbox 2321 605 2500 659; x_wconf 88' lang='lat' dir='ltr'><strong>videar</strong></span> <span class='ocrx_word' id='word_1_508' title='bbox 2529 623 2541 658; x_wconf 89' lang='lat'><strong>:</strong></span> <span class='ocrx_word' id='word_1_509' title='bbox 2573 606 3086 674; x_wconf 81' lang='lat' dir='ltr'><strong>impudentissimam</strong></span> <span class='ocrx_word' id='word_1_510' title='bbox 3119 619 3201 664; x_wconf 89' lang='lat' dir='ltr'><strong>est</strong></span> <span class='ocrx_word' id='word_1_511' title='bbox 3236 610 3392 680; x_wconf 89' lang='lat' dir='ltr'><strong>hujus</strong></span> <span class='ocrx_word' id='word_1_512' title='bbox 3433 621 3488 666; x_wconf 89' lang='lat' dir='ltr'><strong>te</strong></span> <span class='ocrx_word' id='word_1_513' title='bbox 3525 616 3924 670; x_wconf 80' lang='lat' dir='ltr'><strong>verecundiam</strong></span> 
     </span>
    </p>
   </div>
   <div class='ocr_carea' id='block_1_68' title="bbox 2320 698 3919 774">
    <p class='ocr_par' dir='ltr' id='par_1_68' title="bbox 2320 698 3919 774">
     <span class='ocr_line' id='line_1_68' title="bbox 2320 698 3919 774; baseline 0.006 -24"><span class='ocrx_word' id='word_1_514' title='bbox 2320 711 2426 750; x_wconf 90' lang='lat' dir='ltr'><strong>non</strong></span> <span class='ocrx_word' id='word_1_515' title='bbox 2474 698 2644 766; x_wconf 83' lang='lat' dir='ltr'><strong>sequi,</strong></span> <span class='ocrx_word' id='word_1_516' title='bbox 2677 698 2831 766; x_wconf 87' lang='lat' dir='ltr'><strong>cujus</strong></span> <span class='ocrx_word' id='word_1_517' title='bbox 2859 701 3008 769; x_wconf 92' lang='lat' dir='ltr'><strong>sequi</strong></span> <span class='ocrx_word' id='word_1_518' title='bbox 3049 703 3260 756; x_wconf 89' lang='lat' dir='ltr'><strong>testeris</strong></span> <span class='ocrx_word' id='word_1_519' title='bbox 3302 707 3629 774; x_wconf 82' lang='lat' dir='ltr'><strong>exemplum.</strong></span> <span class='ocrx_word' id='word_1_520' title='bbox 3683 707 3848 774; x_wconf 91' lang='lat' dir='ltr'><strong>Quod</strong></span> <span class='ocrx_word' id='word_1_521' title='bbox 3877 709 3919 763; x_wconf 87' lang='lat' dir='ltr'><strong>si</strong></span> 
     </span>
    </p>
   </div>
   <div class='ocr_carea' id='block_1_69' title="bbox 2319 785 3920 852">
    <p class='ocr_par' dir='ltr' id='par_1_69' title="bbox 2319 785 3920 852">
     <span class='ocr_line' id='line_1_69' title="bbox 2319 785 3920 852; baseline 0.009 -14"><span class='ocrx_word' id='word_1_522' title='bbox 2319 785 2521 840; x_wconf 75' lang='lat' dir='ltr'><strong>dixeris</strong></span> <span class='ocrx_word' id='word_1_523' title='bbox 2569 804 2584 840; x_wconf 90' lang='lat'><strong>:</strong></span> <span class='ocrx_word' id='word_1_524' title='bbox 2634 787 2702 841; x_wconf 88' lang='lat' dir='ltr'><strong>Et</strong></span> <span class='ocrx_word' id='word_1_525' title='bbox 2749 788 2878 842; x_wconf 91' lang='lat' dir='ltr'><strong>mihi</strong></span> <span class='ocrx_word' id='word_1_526' title='bbox 2915 789 3114 845; x_wconf 89' lang='lat' dir='ltr'><strong>sufﬁcit</strong></span> <span class='ocrx_word' id='word_1_527' title='bbox 3154 793 3479 848; x_wconf 88' lang='lat' dir='ltr'><strong>conscientia</strong></span> <span class='ocrx_word' id='word_1_528' title='bbox 3529 810 3653 851; x_wconf 83' lang='lat' dir='ltr'><strong>mea</strong></span> <span class='ocrx_word' id='word_1_529' title='bbox 3694 797 3920 852; x_wconf 76' lang='lat' dir='ltr'><strong>:habeo</strong></span> 
     </span>
    </p>
   </div>
   <div class='ocr_carea' id='block_1_70' title="bbox 2320 876 3916 948">
    <p class='ocr_par' dir='ltr' id='par_1_70' title="bbox 2320 876 3916 948">
     <span class='ocr_line' id='line_1_70' title="bbox 2320 876 3916 948; baseline 0.008 -19"><span class='ocrx_word' id='word_1_530' title='bbox 2320 876 2485 930; x_wconf 88' lang='lat' dir='ltr'><strong>Deum</strong></span> <span class='ocrx_word' id='word_1_531' title='bbox 2527 877 2786 946; x_wconf 76' lang='lat' dir='ltr'><strong>judicem,</strong></span> <span class='ocrx_word' id='word_1_532' title='bbox 2812 879 2900 948; x_wconf 90' lang='lat' dir='ltr'><strong>qui</strong></span> <span class='ocrx_word' id='word_1_533' title='bbox 2945 895 3080 935; x_wconf 77' lang='lat' dir='ltr'><strong>mea:</strong></span> <span class='ocrx_word' id='word_1_534' title='bbox 3109 881 3227 935; x_wconf 85' lang='lat' dir='ltr'><strong>vitae</strong></span> <span class='ocrx_word' id='word_1_535' title='bbox 3255 891 3339 937; x_wconf 89' lang='lat' dir='ltr'><strong>est</strong></span> <span class='ocrx_word' id='word_1_536' title='bbox 3376 884 3564 948; x_wconf 88' lang='lat' dir='ltr'><strong>testis;</strong></span> <span class='ocrx_word' id='word_1_537' title='bbox 3620 900 3734 940; x_wconf 91' lang='lat' dir='ltr'><strong>non</strong></span> <span class='ocrx_word' id='word_1_538' title='bbox 3781 903 3916 941; x_wconf 89' lang='lat' dir='ltr'><strong>curo</strong></span> 
     </span>
    </p>
   </div>
   <div class='ocr_carea' id='block_1_71' title="bbox 2317 965 3914 1042">
    <p class='ocr_par' dir='ltr' id='par_1_71' title="bbox 2317 965 3914 1042">
     <span class='ocr_line' id='line_1_71' title="bbox 2317 965 3914 1042; baseline 0.009 -26"><span class='ocrx_word' id='word_1_539' title='bbox 2317 965 2442 1034; x_wconf 92' lang='lat' dir='ltr'><strong>quid</strong></span> <span class='ocrx_word' id='word_1_540' title='bbox 2490 967 2774 1035; x_wconf 91' lang='lat' dir='ltr'><strong>loquantur</strong></span> <span class='ocrx_word' id='word_1_541' title='bbox 2803 968 3048 1024; x_wconf 91' lang='lat' dir='ltr'><strong>homines</strong></span> <span class='ocrx_word' id='word_1_542' title='bbox 3077 987 3090 1023; x_wconf 93' lang='lat'><strong>:</strong></span> <span class='ocrx_word' id='word_1_543' title='bbox 3124 971 3248 1024; x_wconf 88' lang='lat' dir='ltr'><strong>audi</strong></span> <span class='ocrx_word' id='word_1_544' title='bbox 3294 973 3612 1042; x_wconf 83' lang='lat' dir='ltr'><strong>Apostolum</strong></span> <span class='ocrx_word' id='word_1_545' title='bbox 3661 976 3914 1031; x_wconf 81' lang='lat' dir='ltr'><strong>scriben-</strong></span> 
     </span>
    </p>
   </div>
   <div class='ocr_carea' id='block_1_72' title="bbox 2318 1055 3912 1129">
    <p class='ocr_par' dir='ltr' id='par_1_72' title="bbox 2318 1055 3912 1129">
     <span class='ocr_line' id='line_1_72' title="bbox 2318 1055 3912 1129; baseline 0.007 -19"><span class='ocrx_word' id='word_1_546' title='bbox 2318 1065 2423 1110; x_wconf 89' lang='lat' dir='ltr'><strong>tem</strong></span> <span class='ocrx_word' id='word_1_547' title='bbox 2457 1075 2470 1110; x_wconf 87' lang='lat'><strong>:</strong></span> <span class='ocrx_word' id='word_1_548' title='bbox 2507 1055 2831 1114; x_wconf 74' lang='lat' dir='ltr'><strong>Providentes</strong></span> <span class='ocrx_word' id='word_1_549' title='bbox 2857 1061 3006 1126; x_wconf 88' lang='lat' dir='ltr'><strong>bona,</strong></span> <span class='ocrx_word' id='word_1_550' title='bbox 3050 1079 3151 1114; x_wconf 86' lang='lat' dir='ltr'><strong>non</strong></span> <span class='ocrx_word' id='word_1_551' title='bbox 3201 1063 3364 1116; x_wconf 82' lang='lat' dir='ltr'><strong>solum</strong></span> <span class='ocrx_word' id='word_1_552' title='bbox 3407 1081 3580 1118; x_wconf 85' lang='lat' dir='ltr'><strong>coram</strong></span> <span class='ocrx_word' id='word_1_553' title='bbox 3628 1065 3764 1129; x_wconf 87' lang='lat' dir='ltr'><strong>Deo,</strong></span> <span class='ocrx_word' id='word_1_554' title='bbox 3820 1070 3912 1120; x_wconf 81' lang='lat' dir='ltr'><strong>sed</strong></span> 
     </span>
    </p>
   </div>
   <div class='ocr_carea' id='block_1_73' title="bbox 2317 1147 3906 1227">
    <p class='ocr_par' dir='ltr' id='par_1_73' title="bbox 2317 1147 3906 1227">
     <span class='ocr_line' id='line_1_73' title="bbox 2317 1147 3906 1227; baseline 0.007 -27"><span class='ocrx_word' id='word_1_555' title='bbox 2317 1147 2466 1200; x_wconf 81' lang='lat' dir='ltr'><strong>etiam</strong></span> <span class='ocrx_word' id='word_1_556' title='bbox 2492 1163 2660 1201; x_wconf 88' lang='lat' dir='ltr'><strong>coram</strong></span> <span class='ocrx_word' id='word_1_557' title='bbox 2690 1151 2918 1204; x_wconf 75' lang='lat' dir='ltr'><strong>omnibus</strong></span> <span class='ocrx_word' id='word_1_558' title='bbox 2947 1151 3228 1206; x_wconf 74' lang='lat' dir='ltr'><strong>hominibus</strong></span> <span class='ocrx_word' id='word_1_559' title='bbox 3268 1153 3444 1224; x_wconf 82' lang='lat' dir='ltr'><strong>(Rom.</strong></span> <span class='ocrx_word' id='word_1_560' title='bbox 3471 1153 3577 1225; x_wconf 72' lang='grc'><strong>12).</strong></span> <span class='ocrx_word' id='word_1_561' title='bbox 3605 1155 3662 1211; x_wconf 88' lang='lat' dir='ltr'><strong>Si</strong></span> <span class='ocrx_word' id='word_1_562' title='bbox 3702 1158 3827 1227; x_wconf 89' lang='lat' dir='ltr'><strong>quis</strong></span> <span class='ocrx_word' id='word_1_563' title='bbox 3856 1165 3906 1211; x_wconf 87' lang='lat' dir='ltr'><strong>te</strong></span> 
     </span>
    </p>
   </div>
   <div class='ocr_carea' id='block_1_74' title="bbox 2317 1237 3898 1314">
    <p class='ocr_par' dir='ltr' id='par_1_74' title="bbox 2317 1237 3898 1314">
     <span class='ocr_line' id='line_1_74' title="bbox 2317 1237 3898 1314; baseline 0.008 -24"><span class='ocrx_word' id='word_1_564' title='bbox 2317 1237 2506 1306; x_wconf 84' lang='lat' dir='ltr'><strong>carpit.</strong></span> <span class='ocrx_word' id='word_1_565' title='bbox 2532 1239 2671 1307; x_wconf 86' lang='lat' dir='ltr'><strong>quod</strong></span> <span class='ocrx_word' id='word_1_566' title='bbox 2701 1241 2773 1294; x_wconf 89' lang='lat' dir='ltr'><strong>sis</strong></span> <span class='ocrx_word' id='word_1_567' title='bbox 2802 1240 3118 1306; x_wconf 88' lang='lat' dir='ltr'><strong>Christiana,</strong></span> <span class='ocrx_word' id='word_1_568' title='bbox 3153 1243 3295 1312; x_wconf 90' lang='lat' dir='ltr'><strong>quod</strong></span> <span class='ocrx_word' id='word_1_569' title='bbox 3321 1245 3395 1299; x_wconf 89' lang='lat' dir='ltr'><strong>sis</strong></span> <span class='ocrx_word' id='word_1_570' title='bbox 3423 1245 3593 1314; x_wconf 85' lang='lat' dir='ltr'><strong>virgo,</strong></span> <span class='ocrx_word' id='word_1_571' title='bbox 3621 1261 3692 1301; x_wconf 90' lang='lat' dir='ltr'><strong>ne</strong></span> <span class='ocrx_word' id='word_1_572' title='bbox 3720 1263 3898 1312; x_wconf 90' lang='lat' dir='ltr'><strong>cures,</strong></span> 
     </span>
    </p>
   </div>
   <div class='ocr_carea' id='block_1_75' title="bbox 2315 1327 3902 1397">
    <p class='ocr_par' dir='ltr' id='par_1_75' title="bbox 2315 1327 3902 1397">
     <span class='ocr_line' id='line_1_75' title="bbox 2315 1327 3902 1397; baseline 0.007 -18"><span class='ocrx_word' id='word_1_573' title='bbox 2315 1329 2455 1397; x_wconf 92' lang='lat' dir='ltr'><strong>quod</strong></span> <span class='ocrx_word' id='word_1_574' title='bbox 2483 1327 2600 1383; x_wconf 90' lang='lat' dir='ltr'><strong>ideo</strong></span> <span class='ocrx_word' id='word_1_575' title='bbox 2623 1330 2886 1386; x_wconf 90' lang='lat' dir='ltr'><strong>dimiseris</strong></span> <span class='ocrx_word' id='word_1_576' title='bbox 2921 1341 3164 1397; x_wconf 90' lang='lat' dir='ltr'><strong>matrem,</strong></span> <span class='ocrx_word' id='word_1_577' title='bbox 3196 1341 3254 1386; x_wconf 88' lang='lat' dir='ltr'><strong>ut</strong></span> <span class='ocrx_word' id='word_1_578' title='bbox 3305 1333 3359 1387; x_wconf 92' lang='lat' dir='ltr'><strong>in</strong></span> <span class='ocrx_word' id='word_1_579' title='bbox 3397 1336 3724 1390; x_wconf 88' lang='lat' dir='ltr'><strong>monasterio</strong></span> <span class='ocrx_word' id='word_1_580' title='bbox 3762 1338 3902 1392; x_wconf 88' lang='lat' dir='ltr'><strong>inter</strong></span> 
     </span>
    </p>
   </div>
   <div class='ocr_carea' id='block_1_76' title="bbox 2315 1418 3899 1487">
    <p class='ocr_par' dir='ltr' id='par_1_76' title="bbox 2315 1418 3899 1487">
     <span class='ocr_line' id='line_1_76' title="bbox 2315 1418 3899 1487; baseline 0.007 -16"><span class='ocrx_word' id='word_1_581' title='bbox 2315 1418 2544 1487; x_wconf 75' lang='lat' dir='ltr'><strong>virgines</strong></span> <span class='ocrx_word' id='word_1_582' title='bbox 2569 1420 2772 1475; x_wconf 67' lang='lat' dir='ltr'><strong>viveres</strong></span> <span class='ocrx_word' id='word_1_583' title='bbox 2796 1438 2809 1473; x_wconf 89' lang='lat'><strong>:</strong></span> <span class='ocrx_word' id='word_1_584' title='bbox 2853 1423 2972 1476; x_wconf 89' lang='lat' dir='ltr'><strong>talis</strong></span> <span class='ocrx_word' id='word_1_585' title='bbox 2997 1421 3256 1478; x_wconf 88' lang='lat' dir='ltr'><strong>detractio</strong></span> <span class='ocrx_word' id='word_1_586' title='bbox 3284 1423 3398 1478; x_wconf 87' lang='lat' dir='ltr'><strong>laus</strong></span> <span class='ocrx_word' id='word_1_587' title='bbox 3428 1434 3515 1479; x_wconf 90' lang='lat' dir='ltr'><strong>tua</strong></span> <span class='ocrx_word' id='word_1_588' title='bbox 3539 1435 3640 1480; x_wconf 86' lang='lat' dir='ltr'><strong>est.</strong></span> <span class='ocrx_word' id='word_1_589' title='bbox 3672 1426 3770 1482; x_wconf 72' lang='lat' dir='ltr'><strong>lim</strong></span> <span class='ocrx_word' id='word_1_590' title='bbox 3796 1443 3899 1482; x_wconf 65' lang='lat' dir='ltr'><strong>mox</strong></span> 
     </span>
    </p>
   </div>
   <div class='ocr_carea' id='block_1_77' title="bbox 2316 1510 3904 1583">
    <p class='ocr_par' dir='ltr' id='par_1_77' title="bbox 2316 1510 3904 1583">
     <span class='ocr_line' id='line_1_77' title="bbox 2316 1510 3904 1583; baseline 0.006 -22"><span class='ocrx_word' id='word_1_591' title='bbox 2316 1523 2543 1563; x_wconf 77' lang='lat' dir='ltr'><strong>Luxunut</strong></span> <span class='ocrx_word' id='word_1_592' title='bbox 2574 1510 2630 1564; x_wconf 92' lang='lat' dir='ltr'><strong>in</strong></span> <span class='ocrx_word' id='word_1_593' title='bbox 2659 1512 2828 1579; x_wconf 87' lang='lat' dir='ltr'><strong>puclla</strong></span> <span class='ocrx_word' id='word_1_594' title='bbox 2854 1512 2964 1575; x_wconf 89' lang='lat' dir='ltr'><strong>Dei,</strong></span> <span class='ocrx_word' id='word_1_595' title='bbox 2995 1513 3086 1567; x_wconf 85' lang='lat' dir='ltr'><strong>sed</strong></span> <span class='ocrx_word' id='word_1_596' title='bbox 3109 1512 3302 1567; x_wconf 85' lang='lat' dir='ltr'><strong>duritia</strong></span> <span class='ocrx_word' id='word_1_597' title='bbox 3325 1515 3578 1583; x_wconf 85' lang='lat' dir='ltr'><strong>carpitur,</strong></span> <span class='ocrx_word' id='word_1_598' title='bbox 3605 1517 3904 1573; x_wconf 84' lang='lat' dir='ltr'><strong>crudelitas</strong></span> 
     </span>
    </p>
   </div>
   <div class='ocr_carea' id='block_1_78' title="bbox 2315 1597 3898 1680">
    <p class='ocr_par' dir='ltr' id='par_1_78' title="bbox 2315 1597 3898 1680">
     <span class='ocr_line' id='line_1_78' title="bbox 2315 1597 3898 1680; baseline 0.008 -30"><span class='ocrx_word' id='word_1_599' title='bbox 2315 1597 2414 1651; x_wconf 88' lang='lat' dir='ltr'><strong>ista</strong></span> <span class='ocrx_word' id='word_1_600' title='bbox 2463 1599 2629 1666; x_wconf 85' lang='lat' dir='ltr'><strong>pictas</strong></span> <span class='ocrx_word' id='word_1_601' title='bbox 2675 1610 2777 1654; x_wconf 90' lang='lat' dir='ltr'><strong>est.</strong></span> <span class='ocrx_word' id='word_1_602' title='bbox 2827 1600 2979 1654; x_wconf 87' lang='lat' dir='ltr'><strong>Illum</strong></span> <span class='ocrx_word' id='word_1_603' title='bbox 3030 1603 3173 1656; x_wconf 89' lang='lat' dir='ltr'><strong>enim</strong></span> <span class='ocrx_word' id='word_1_604' title='bbox 3223 1603 3440 1672; x_wconf 69' lang='lat' dir='ltr'><strong>prmfers</strong></span> <span class='ocrx_word' id='word_1_605' title='bbox 3469 1604 3571 1676; x_wconf 75' lang='lat' dir='ltr'><strong>[aL</strong></span> <span class='ocrx_word' id='word_1_606' title='bbox 3609 1608 3898 1680; x_wconf 67' lang='lat' dir='ltr'><strong>preferas]</strong></span> 
     </span>
    </p>
   </div>
   <div class='ocr_carea' id='block_1_79' title="bbox 2314 1687 3896 1762">
    <p class='ocr_par' dir='ltr' id='par_1_79' title="bbox 2314 1687 3896 1762">
     <span class='ocr_line' id='line_1_79' title="bbox 2314 1687 3896 1762; baseline 0.008 -23"><span class='ocrx_word' id='word_1_607' title='bbox 2314 1687 2505 1752; x_wconf 84' lang='lat' dir='ltr'><strong>matri,</strong></span> <span class='ocrx_word' id='word_1_608' title='bbox 2570 1705 2727 1756; x_wconf 87' lang='lat' dir='ltr'><strong>quem</strong></span> <span class='ocrx_word' id='word_1_609' title='bbox 2803 1692 3050 1760; x_wconf 75' lang='lat' dir='ltr'><strong>prmferre</strong></span> <span class='ocrx_word' id='word_1_610' title='bbox 3109 1691 3312 1762; x_wconf 90' lang='lat' dir='ltr'><strong>jubcris</strong></span> <span class='ocrx_word' id='word_1_611' title='bbox 3380 1703 3436 1748; x_wconf 84' lang='lat' dir='ltr'><strong>et.</strong></span> <span class='ocrx_word' id='word_1_612' title='bbox 3499 1695 3694 1749; x_wconf 67' lang='lat' dir='ltr'><strong>anima:</strong></span> <span class='ocrx_word' id='word_1_613' title='bbox 3770 1707 3896 1752; x_wconf 64' lang='lat' dir='ltr'><strong>tuas.</strong></span> 
     </span>
    </p>
   </div>
   <div class='ocr_carea' id='block_1_80' title="bbox 2313 1781 3902 1854">
    <p class='ocr_par' dir='ltr' id='par_1_80' title="bbox 2313 1781 3902 1854">
     <span class='ocr_line' id='line_1_80' title="bbox 2313 1781 3902 1854; baseline 0.007 -20"><span class='ocrx_word' id='word_1_614' title='bbox 2313 1781 2481 1847; x_wconf 92' lang='lat' dir='ltr'><strong>Quem</strong></span> <span class='ocrx_word' id='word_1_615' title='bbox 2531 1783 2576 1835; x_wconf 95' lang='lat' dir='ltr'><strong>si</strong></span> <span class='ocrx_word' id='word_1_616' title='bbox 2621 1791 2675 1838; x_wconf 88' lang='lat' dir='ltr'><strong>et</strong></span> <span class='ocrx_word' id='word_1_617' title='bbox 2721 1784 2836 1853; x_wconf 89' lang='lat' dir='ltr'><strong>ipsa</strong></span> <span class='ocrx_word' id='word_1_618' title='bbox 2882 1784 3206 1854; x_wconf 81' lang='lat' dir='ltr'><strong>praetulerit,</strong></span> <span class='ocrx_word' id='word_1_619' title='bbox 3239 1797 3292 1840; x_wconf 89' lang='lat' dir='ltr'><strong>et</strong></span> <span class='ocrx_word' id='word_1_620' title='bbox 3318 1786 3476 1845; x_wconf 83' lang='lat' dir='ltr'><strong>ﬁliam</strong></span> <span class='ocrx_word' id='word_1_621' title='bbox 3522 1796 3574 1843; x_wconf 91' lang='lat' dir='ltr'><strong>te</strong></span> <span class='ocrx_word' id='word_1_622' title='bbox 3612 1789 3820 1844; x_wconf 89' lang='lat' dir='ltr'><strong>sentiet</strong></span> <span class='ocrx_word' id='word_1_623' title='bbox 3846 1800 3902 1845; x_wconf 86' lang='lat' dir='ltr'><strong>et</strong></span> 
     </span>
    </p>
   </div>
   <div class='ocr_carea' id='block_1_81' title="bbox 2312 1884 2572 1925">
    <p class='ocr_par' dir='ltr' id='par_1_81' title="bbox 2312 1884 2572 1925">
     <span class='ocr_line' id='line_1_81' title="bbox 2312 1884 2572 1925; baseline -0.008 -1"><span class='ocrx_word' id='word_1_624' title='bbox 2312 1884 2435 1924; x_wconf 75' lang='lat' dir='ltr'><strong>SOI‘O</strong></span> <span class='ocrx_word' id='word_1_625' title='bbox 2441 1886 2496 1925; x_wconf 76' lang='lat' dir='ltr'><strong>I‘C</strong></span> <span class='ocrx_word' id='word_1_626' title='bbox 2502 1887 2551 1924; x_wconf 81' lang='grc' dir='ltr'><strong>ιη</strong></span> <span class='ocrx_word' id='word_1_627' title='bbox 2562 1911 2572 1922; x_wconf 88' lang='grc'><strong>.</strong></span> 
     </span>
    </p>
   </div>
   <div class='ocr_carea' id='block_1_82' title="bbox 2384 1956 3895 2031">
    <p class='ocr_par' dir='ltr' id='par_1_82' title="bbox 2384 1956 3895 2031">
     <span class='ocr_line' id='line_1_82' title="bbox 2384 1956 3895 2031; baseline 0.006 -16"><span class='ocrx_word' id='word_1_628' title='bbox 2384 1961 2437 2015; x_wconf 82' lang='lat'><strong>5&#39;.</strong></span> <span class='ocrx_word' id='word_1_629' title='bbox 2461 1962 2596 2027; x_wconf 85' lang='lat' dir='ltr'><strong>Quid</strong></span> <span class='ocrx_word' id='word_1_630' title='bbox 2627 1963 2821 2031; x_wconf 89' lang='lat' dir='ltr'><strong>igitur?</strong></span> <span class='ocrx_word' id='word_1_631' title='bbox 2859 1965 3036 2019; x_wconf 88' lang='lat' dir='ltr'><strong>scelus</strong></span> <span class='ocrx_word' id='word_1_632' title='bbox 3066 1975 3148 2020; x_wconf 92' lang='lat' dir='ltr'><strong>cst</strong></span> <span class='ocrx_word' id='word_1_633' title='bbox 3177 1956 3353 2021; x_wconf 83' lang='lat' dir='ltr'><strong>sancti</strong></span> <span class='ocrx_word' id='word_1_634' title='bbox 3383 1967 3474 2020; x_wconf 91' lang='lat' dir='ltr'><strong>viri</strong></span> <span class='ocrx_word' id='word_1_635' title='bbox 3513 1967 3718 2022; x_wconf 85' lang='lat' dir='ltr'><strong>habere</strong></span> <span class='ocrx_word' id='word_1_636' title='bbox 3759 1984 3895 2023; x_wconf 85' lang='lat' dir='ltr'><strong>con-</strong></span> 
     </span>
    </p>
   </div>
   <div class='ocr_carea' id='block_1_83' title="bbox 2313 2050 3892 2129">
    <p class='ocr_par' dir='ltr' id='par_1_83' title="bbox 2313 2050 3892 2129">
     <span class='ocr_line' id='line_1_83' title="bbox 2313 2050 3892 2129; baseline 0.006 -25"><span class='ocrx_word' id='word_1_637' title='bbox 2313 2050 2650 2105; x_wconf 90' lang='lat' dir='ltr'><strong>tubernium?</strong></span> <span class='ocrx_word' id='word_1_638' title='bbox 2675 2053 2898 2114; x_wconf 81' lang='lat' dir='ltr'><strong>Obtorto</strong></span> <span class='ocrx_word' id='word_1_639' title='bbox 2921 2056 3061 2109; x_wconf 83' lang='lat' dir='ltr'><strong>eullo</strong></span> <span class='ocrx_word' id='word_1_640' title='bbox 3080 2071 3165 2110; x_wconf 90' lang='lat' dir='ltr'><strong>me</strong></span> <span class='ocrx_word' id='word_1_641' title='bbox 3191 2057 3241 2110; x_wconf 93' lang='lat' dir='ltr'><strong>in</strong></span> <span class='ocrx_word' id='word_1_642' title='bbox 3264 2057 3350 2126; x_wconf 92' lang='lat' dir='ltr'><strong>jus</strong></span> <span class='ocrx_word' id='word_1_643' title='bbox 3378 2058 3539 2111; x_wconf 90' lang='lat' dir='ltr'><strong>trahis</strong></span> <span class='ocrx_word' id='word_1_644' title='bbox 3563 2069 3623 2111; x_wconf 93' lang='lat' dir='ltr'><strong>ut</strong></span> <span class='ocrx_word' id='word_1_645' title='bbox 3650 2070 3745 2112; x_wconf 91' lang='lat' dir='ltr'><strong>aut</strong></span> <span class='ocrx_word' id='word_1_646' title='bbox 3769 2076 3892 2129; x_wconf 86' lang='lat' dir='ltr'><strong>pro-</strong></span> 
     </span>
    </p>
   </div>
   <div class='ocr_carea' id='block_1_84' title="bbox 2311 2139 3886 2210">
    <p class='ocr_par' dir='ltr' id='par_1_84' title="bbox 2311 2139 3886 2210">
     <span class='ocr_line' id='line_1_84' title="bbox 2311 2139 3886 2210; baseline 0.006 -16"><span class='ocrx_word' id='word_1_647' title='bbox 2311 2139 2432 2194; x_wconf 89' lang='lat' dir='ltr'><strong>bem</strong></span> <span class='ocrx_word' id='word_1_648' title='bbox 2471 2142 2610 2210; x_wconf 92' lang='lat' dir='ltr'><strong>quod</strong></span> <span class='ocrx_word' id='word_1_649' title='bbox 2667 2144 2808 2208; x_wconf 95' lang='lat' dir='ltr'><strong>uolo,</strong></span> <span class='ocrx_word' id='word_1_650' title='bbox 2861 2154 2953 2198; x_wconf 90' lang='lat' dir='ltr'><strong>aut</strong></span> <span class='ocrx_word' id='word_1_651' title='bbox 2999 2145 3286 2199; x_wconf 90' lang='lat' dir='ltr'><strong>multorum</strong></span> <span class='ocrx_word' id='word_1_652' title='bbox 3344 2147 3596 2201; x_wconf 90' lang='lat' dir='ltr'><strong>invidiam</strong></span> <span class='ocrx_word' id='word_1_653' title='bbox 3640 2149 3886 2204; x_wconf 86' lang='lat' dir='ltr'><strong>subeam.</strong></span> 
     </span>
    </p>
   </div>
   <div class='ocr_carea' id='block_1_85' title="bbox 2310 2217 3890 2308">
    <p class='ocr_par' dir='ltr' id='par_1_85' title="bbox 2310 2217 3890 2308">
     <span class='ocr_line' id='line_1_85' title="bbox 2310 2217 3890 2308; baseline 0.007 -25"><span class='ocrx_word' id='word_1_654' title='bbox 2310 2217 2534 2285; x_wconf 81' lang='lat' dir='ltr'><strong>Sanctus</strong></span> <span class='ocrx_word' id='word_1_655' title='bbox 2553 2231 2632 2285; x_wconf 86' lang='lat' dir='ltr'><strong>vir</strong></span> <span class='ocrx_word' id='word_1_656' title='bbox 2653 2249 2917 2302; x_wconf 86' lang='lat' dir='ltr'><strong>nunquam</strong></span> <span class='ocrx_word' id='word_1_657' title='bbox 2955 2249 2984 2286; x_wconf 88' lang='lat' dir='ltr'><strong>a</strong></span> <span class='ocrx_word' id='word_1_658' title='bbox 3012 2245 3182 2290; x_wconf 85' lang='lat' dir='ltr'><strong>matre</strong></span> <span class='ocrx_word' id='word_1_659' title='bbox 3211 2236 3369 2290; x_wconf 82' lang='lat' dir='ltr'><strong>ﬁliam</strong></span> <span class='ocrx_word' id='word_1_660' title='bbox 3392 2237 3623 2308; x_wconf 88' lang='lat' dir='ltr'><strong>sejungit</strong></span> <span class='ocrx_word' id='word_1_661' title='bbox 3647 2255 3660 2290; x_wconf 91' lang='lat'>:</span> <span class='ocrx_word' id='word_1_662' title='bbox 3688 2252 3890 2294; x_wconf 85' lang='lat' dir='ltr'><strong>utram-</strong></span> 
     </span>
    </p>
   </div>
   <div class='ocr_carea' id='block_1_86' title="bbox 2310 2321 3888 2396">
    <p class='ocr_par' dir='ltr' id='par_1_86' title="bbox 2310 2321 3888 2396">
     <span class='ocr_line' id='line_1_86' title="bbox 2310 2321 3888 2396; baseline 0.009 -26"><span class='ocrx_word' id='word_1_663' title='bbox 2310 2335 2413 2388; x_wconf 86' lang='lat' dir='ltr'><strong>que</strong></span> <span class='ocrx_word' id='word_1_664' title='bbox 2452 2321 2707 2390; x_wconf 89' lang='lat' dir='ltr'><strong>suscipit,</strong></span> <span class='ocrx_word' id='word_1_665' title='bbox 2737 2331 2790 2376; x_wconf 91' lang='lat' dir='ltr'><strong>et</strong></span> <span class='ocrx_word' id='word_1_666' title='bbox 2832 2332 3108 2393; x_wconf 86' lang='lat' dir='ltr'><strong>utramque</strong></span> <span class='ocrx_word' id='word_1_667' title='bbox 3199 2326 3362 2396; x_wconf 75' lang='lat'><strong>786</strong></span> <span class='ocrx_word' id='word_1_668' title='bbox 3449 2337 3762 2382; x_wconf 85' lang='lat' dir='ltr'><strong>veneratur.</strong></span> <span class='ocrx_word' id='word_1_669' title='bbox 3806 2331 3888 2384; x_wconf 89' lang='lat' dir='ltr'><strong>Sit</strong></span> 
     </span>
    </p>
   </div>
   <div class='ocr_carea' id='block_1_87' title="bbox 2309 2395 3884 2476">
    <p class='ocr_par' dir='ltr' id='par_1_87' title="bbox 2309 2395 3884 2476">
     <span class='ocr_line' id='line_1_87' title="bbox 2309 2395 3884 2476; baseline 0.01 -17"><span class='ocrx_word' id='word_1_670' title='bbox 2309 2395 2600 2476; x_wconf 83' lang='lat' dir='ltr'><strong>quamlibet</strong></span> <span class='ocrx_word' id='word_1_671' title='bbox 2613 2419 2792 2463; x_wconf 79' lang='lat' dir='ltr'><strong>Sancta</strong></span> <span class='ocrx_word' id='word_1_672' title='bbox 2818 2413 2946 2476; x_wconf 87' lang='lat' dir='ltr'><strong>ﬁlia,</strong></span> <span class='ocrx_word' id='word_1_673' title='bbox 2973 2425 3144 2467; x_wconf 91' lang='lat' dir='ltr'><strong>mater</strong></span> <span class='ocrx_word' id='word_1_674' title='bbox 3169 2395 3602 2470; x_wconf 13' lang='lat' dir='ltr'><strong>viduaiindicium</strong></span> <span class='ocrx_word' id='word_1_675' title='bbox 3625 2420 3884 2474; x_wconf 77' lang='lat' dir='ltr'><strong>castitatis</strong></span> 
     </span>
    </p>
   </div>
   <div class='ocr_carea' id='block_1_88' title="bbox 2309 2497 3883 2575">
    <p class='ocr_par' dir='ltr' id='par_1_88' title="bbox 2309 2497 3883 2575">
     <span class='ocr_line' id='line_1_88' title="bbox 2309 2497 3883 2575; baseline 0.008 -25"><span class='ocrx_word' id='word_1_676' title='bbox 2309 2506 2410 2550; x_wconf 91' lang='lat' dir='ltr'><strong>cst.</strong></span> <span class='ocrx_word' id='word_1_677' title='bbox 2435 2497 2490 2552; x_wconf 86' lang='lat' dir='ltr'><strong>Si</strong></span> <span class='ocrx_word' id='word_1_678' title='bbox 2524 2514 2736 2553; x_wconf 61' lang='lat' dir='ltr'><strong>coatvus</strong></span> <span class='ocrx_word' id='word_1_679' title='bbox 2768 2511 2886 2555; x_wconf 91' lang='lat' dir='ltr'><strong>tuus</strong></span> <span class='ocrx_word' id='word_1_680' title='bbox 2908 2511 2988 2555; x_wconf 89' lang='lat' dir='ltr'><strong>est</strong></span> <span class='ocrx_word' id='word_1_681' title='bbox 3014 2503 3099 2557; x_wconf 90' lang='lat' dir='ltr'><strong>ille</strong></span> <span class='ocrx_word' id='word_1_682' title='bbox 3131 2505 3308 2558; x_wconf 92' lang='lat' dir='ltr'><strong>nescio</strong></span> <span class='ocrx_word' id='word_1_683' title='bbox 3331 2505 3470 2575; x_wconf 87' lang='lat' dir='ltr'><strong>quis,</strong></span> <span class='ocrx_word' id='word_1_684' title='bbox 3494 2516 3722 2561; x_wconf 88' lang='lat' dir='ltr'><strong>matrem</strong></span> <span class='ocrx_word' id='word_1_685' title='bbox 3745 2520 3883 2563; x_wconf 70' lang='lat' dir='ltr'><strong>tuum</strong></span> 
     </span>
    </p>
   </div>
   <div class='ocr_carea' id='block_1_89' title="bbox 2309 2585 3884 2666">
    <p class='ocr_par' dir='ltr' id='par_1_89' title="bbox 2309 2585 3884 2666">
     <span class='ocr_line' id='line_1_89' title="bbox 2309 2585 3884 2666; baseline 0.009 -27"><span class='ocrx_word' id='word_1_686' title='bbox 2309 2585 2536 2641; x_wconf 89' lang='lat' dir='ltr'><strong>honoret</strong></span> <span class='ocrx_word' id='word_1_687' title='bbox 2560 2597 2615 2641; x_wconf 91' lang='lat' dir='ltr'><strong>ut</strong></span> <span class='ocrx_word' id='word_1_688' title='bbox 2639 2605 2788 2642; x_wconf 88' lang='lat' dir='ltr'><strong>suam</strong></span> <span class='ocrx_word' id='word_1_689' title='bbox 2829 2607 2843 2644; x_wconf 91' lang='lat'><strong>:</strong></span> <span class='ocrx_word' id='word_1_690' title='bbox 2893 2591 2938 2644; x_wconf 89' lang='lat' dir='ltr'><strong>si</strong></span> <span class='ocrx_word' id='word_1_691' title='bbox 2965 2591 3174 2657; x_wconf 87' lang='lat' dir='ltr'><strong>senior,</strong></span> <span class='ocrx_word' id='word_1_692' title='bbox 3217 2603 3267 2648; x_wconf 87' lang='lat' dir='ltr'><strong>te</strong></span> <span class='ocrx_word' id='word_1_693' title='bbox 3297 2605 3352 2647; x_wconf 91' lang='lat' dir='ltr'><strong>ut</strong></span> <span class='ocrx_word' id='word_1_694' title='bbox 3382 2593 3544 2648; x_wconf 76' lang='lat' dir='ltr'><strong>ﬁliam</strong></span> <span class='ocrx_word' id='word_1_695' title='bbox 3572 2597 3792 2666; x_wconf 85' lang='lat' dir='ltr'><strong>diligat,</strong></span> <span class='ocrx_word' id='word_1_696' title='bbox 3830 2608 3884 2653; x_wconf 87' lang='lat' dir='ltr'><strong>et</strong></span> 
     </span>
    </p>
   </div>
   <div class='ocr_carea' id='block_1_90' title="bbox 2308 2678 3879 2754">
    <p class='ocr_par' dir='ltr' id='par_1_90' title="bbox 2308 2678 3879 2754">
     <span class='ocr_line' id='line_1_90' title="bbox 2308 2678 3879 2754; baseline 0.007 -22"><span class='ocrx_word' id='word_1_697' title='bbox 2308 2678 2541 2745; x_wconf 83' lang='lat' dir='ltr'><strong>parentis</strong></span> <span class='ocrx_word' id='word_1_698' title='bbox 2588 2680 2837 2748; x_wconf 90' lang='lat' dir='ltr'><strong>subjiciat</strong></span> <span class='ocrx_word' id='word_1_699' title='bbox 2862 2679 3181 2750; x_wconf 72' lang='lat' dir='ltr'><strong>disciplinm.</strong></span> <span class='ocrx_word' id='word_1_700' title='bbox 3213 2683 3328 2737; x_wconf 83' lang='lat' dir='ltr'><strong>Non</strong></span> <span class='ocrx_word' id='word_1_701' title='bbox 3356 2686 3573 2754; x_wconf 83' lang='lat' dir='ltr'><strong>expedit</strong></span> <span class='ocrx_word' id='word_1_702' title='bbox 3606 2689 3879 2746; x_wconf 85' lang='lat' dir='ltr'><strong>amborum</strong></span> 
     </span>
    </p>
   </div>
   <div class='ocr_carea' id='block_1_91' title="bbox 2305 2767 3878 2844">
    <p class='ocr_par' dir='ltr' id='par_1_91' title="bbox 2305 2767 3878 2844">
     <span class='ocr_line' id='line_1_91' title="bbox 2305 2767 3878 2844; baseline 0.009 -24"><span class='ocrx_word' id='word_1_703' title='bbox 2305 2767 2459 2821; x_wconf 76' lang='lat' dir='ltr'><strong>fama:</strong></span> <span class='ocrx_word' id='word_1_704' title='bbox 2483 2809 2498 2834; x_wconf 95' lang='lat'><strong>,</strong></span> <span class='ocrx_word' id='word_1_705' title='bbox 2533 2770 2653 2838; x_wconf 92' lang='lat' dir='ltr'><strong>plus</strong></span> <span class='ocrx_word' id='word_1_706' title='bbox 2698 2781 2748 2825; x_wconf 89' lang='lat' dir='ltr'><strong>te</strong></span> <span class='ocrx_word' id='word_1_707' title='bbox 2793 2771 2942 2825; x_wconf 93' lang='lat' dir='ltr'><strong>illum</strong></span> <span class='ocrx_word' id='word_1_708' title='bbox 2973 2790 3154 2829; x_wconf 87' lang='lat' dir='ltr'><strong>amare</strong></span> <span class='ocrx_word' id='word_1_709' title='bbox 3185 2792 3342 2844; x_wconf 87' lang='lat' dir='ltr'><strong>quam</strong></span> <span class='ocrx_word' id='word_1_710' title='bbox 3373 2789 3597 2832; x_wconf 86' lang='lat' dir='ltr'><strong>matrem</strong></span> <span class='ocrx_word' id='word_1_711' title='bbox 3629 2796 3642 2831; x_wconf 87' lang='lat'>:</span> <span class='ocrx_word' id='word_1_712' title='bbox 3672 2796 3738 2834; x_wconf 92' lang='lat' dir='ltr'><strong>ne</strong></span> <span class='ocrx_word' id='word_1_713' title='bbox 3775 2797 3878 2834; x_wconf 89' lang='lat' dir='ltr'><strong>non</strong></span> 
     </span>
    </p>
   </div>
   <div class='ocr_carea' id='block_1_92' title="bbox 2306 2858 3877 2935">
    <p class='ocr_par' dir='ltr' id='par_1_92' title="bbox 2306 2858 3877 2935">
     <span class='ocr_line' id='line_1_92' title="bbox 2306 2858 3877 2935; baseline 0.01 -25"><span class='ocrx_word' id='word_1_714' title='bbox 2306 2858 2546 2912; x_wconf 91' lang='lat' dir='ltr'><strong>videatur</strong></span> <span class='ocrx_word' id='word_1_715' title='bbox 2571 2859 2623 2914; x_wconf 92' lang='lat' dir='ltr'><strong>in</strong></span> <span class='ocrx_word' id='word_1_716' title='bbox 2650 2869 2702 2914; x_wconf 90' lang='lat' dir='ltr'><strong>te</strong></span> <span class='ocrx_word' id='word_1_717' title='bbox 2731 2861 2981 2916; x_wconf 68' lang='lat' dir='ltr'><strong>allectum</strong></span> <span class='ocrx_word' id='word_1_718' title='bbox 3011 2865 3240 2935; x_wconf 88' lang='lat' dir='ltr'><strong>eligere,</strong></span> <span class='ocrx_word' id='word_1_719' title='bbox 3267 2867 3364 2921; x_wconf 86' lang='lat' dir='ltr'><strong>sed</strong></span> <span class='ocrx_word' id='word_1_720' title='bbox 3391 2877 3626 2925; x_wconf 72' lang='lat' dir='ltr'><strong>mtatem.</strong></span> <span class='ocrx_word' id='word_1_721' title='bbox 3673 2871 3738 2924; x_wconf 85' lang='lat' dir='ltr'><strong>Et</strong></span> <span class='ocrx_word' id='word_1_722' title='bbox 3768 2871 3877 2925; x_wconf 76' lang='lat' dir='ltr'><strong>ha-c</strong></span> 
     </span>
    </p>
   </div>
   <div class='ocr_carea' id='block_1_93' title="bbox 2305 2949 3876 3028">
    <p class='ocr_par' dir='ltr' id='par_1_93' title="bbox 2305 2949 3876 3028">
     <span class='ocr_line' id='line_1_93' title="bbox 2305 2949 3876 3028; baseline 0.009 -25"><span class='ocrx_word' id='word_1_723' title='bbox 2305 2949 2559 3015; x_wconf 87' lang='lat' dir='ltr'><strong>dicerem,</strong></span> <span class='ocrx_word' id='word_1_724' title='bbox 2592 2953 2635 3006; x_wconf 92' lang='lat' dir='ltr'><strong>si</strong></span> <span class='ocrx_word' id='word_1_725' title='bbox 2667 2952 2883 3007; x_wconf 89' lang='lat' dir='ltr'><strong>fratrem</strong></span> <span class='ocrx_word' id='word_1_726' title='bbox 2917 2955 3230 3010; x_wconf 87' lang='lat' dir='ltr'><strong>Monachum</strong></span> <span class='ocrx_word' id='word_1_727' title='bbox 3257 2974 3360 3012; x_wconf 90' lang='lat' dir='ltr'><strong>non</strong></span> <span class='ocrx_word' id='word_1_728' title='bbox 3393 2959 3624 3015; x_wconf 87' lang='lat' dir='ltr'><strong>haberes</strong></span> <span class='ocrx_word' id='word_1_729' title='bbox 3651 3003 3668 3028; x_wconf 91' lang='lat'><strong>,</strong></span> <span class='ocrx_word' id='word_1_730' title='bbox 3708 2963 3751 3015; x_wconf 90' lang='lat' dir='ltr'><strong>si</strong></span> <span class='ocrx_word' id='word_1_731' title='bbox 3779 2963 3876 3016; x_wconf 85' lang='lat' dir='ltr'><strong>do-</strong></span> 
     </span>
    </p>
   </div>
   <div class='ocr_carea' id='block_1_94' title="bbox 2305 3041 3873 3120">
    <p class='ocr_par' dir='ltr' id='par_1_94' title="bbox 2305 3041 3873 3120">
     <span class='ocr_line' id='line_1_94' title="bbox 2305 3041 3873 3120; baseline 0.008 -24"><span class='ocrx_word' id='word_1_732' title='bbox 2305 3041 2539 3118; x_wconf 86' lang='lat' dir='ltr'><strong>mesticis</strong></span> <span class='ocrx_word' id='word_1_733' title='bbox 2567 3056 2778 3101; x_wconf 87' lang='lat' dir='ltr'><strong>careres</strong></span> <span class='ocrx_word' id='word_1_734' title='bbox 2826 3045 3109 3112; x_wconf 58' lang='lat' dir='ltr'><strong>praesidiis.</strong></span> <span class='ocrx_word' id='word_1_735' title='bbox 3138 3047 3288 3102; x_wconf 88' lang='lat' dir='ltr'><strong>Nunc</strong></span> <span class='ocrx_word' id='word_1_736' title='bbox 3313 3064 3478 3113; x_wconf 86' lang='lat' dir='ltr'><strong>vero,</strong></span> <span class='ocrx_word' id='word_1_737' title='bbox 3513 3050 3649 3120; x_wconf 88' lang='lat' dir='ltr'><strong>proh</strong></span> <span class='ocrx_word' id='word_1_738' title='bbox 3700 3051 3873 3110; x_wconf 90' lang='lat' dir='ltr'><strong>dolor.</strong></span> 
     </span>
    </p>
   </div>
   <div class='ocr_carea' id='block_1_95' title="bbox 2305 3141 3872 3208">
    <p class='ocr_par' dir='ltr' id='par_1_95' title="bbox 2305 3141 3872 3208">
     <span class='ocr_line' id='line_1_95' title="bbox 2305 3141 3872 3208; baseline 0.009 -24"><span class='ocrx_word' id='word_1_739' title='bbox 2305 3141 2444 3186; x_wconf 80' lang='lat' dir='ltr'><strong>inter</strong></span> <span class='ocrx_word' id='word_1_740' title='bbox 2469 3141 2692 3188; x_wconf 88' lang='lat' dir='ltr'><strong>matrem</strong></span> <span class='ocrx_word' id='word_1_741' title='bbox 2722 3143 2882 3205; x_wconf 89' lang='lat' dir='ltr'><strong>atque</strong></span> <span class='ocrx_word' id='word_1_742' title='bbox 2911 3152 3244 3206; x_wconf 89' lang='lat' dir='ltr'><strong>germanum,</strong></span> <span class='ocrx_word' id='word_1_743' title='bbox 3283 3149 3338 3195; x_wconf 91' lang='lat' dir='ltr'><strong>et</strong></span> <span class='ocrx_word' id='word_1_744' title='bbox 3382 3151 3606 3197; x_wconf 87' lang='lat' dir='ltr'><strong>matrem</strong></span> <span class='ocrx_word' id='word_1_745' title='bbox 3641 3144 3872 3208; x_wconf 89' lang='lat' dir='ltr'><strong>viduam,</strong></span> 
     </span>
    </p>
   </div>
   <div class='ocr_carea' id='block_1_96' title="bbox 2303 3218 3878 3294">
    <p class='ocr_par' dir='ltr' id='par_1_96' title="bbox 2303 3218 3878 3294">
     <span class='ocr_line' id='line_1_96' title="bbox 2303 3218 3878 3294; baseline 0.01 -22"><span class='ocrx_word' id='word_1_746' title='bbox 2303 3218 2628 3291; x_wconf 85' lang='lat' dir='ltr'><strong>fratremque</strong></span> <span class='ocrx_word' id='word_1_747' title='bbox 2675 3223 3016 3294; x_wconf 88' lang='lat' dir='ltr'><strong>Monachum,</strong></span> <span class='ocrx_word' id='word_1_748' title='bbox 3049 3242 3144 3282; x_wconf 93' lang='lat' dir='ltr'><strong>cur</strong></span> <span class='ocrx_word' id='word_1_749' title='bbox 3199 3244 3258 3283; x_wconf 91' lang='lat' dir='ltr'><strong>se</strong></span> <span class='ocrx_word' id='word_1_750' title='bbox 3306 3230 3512 3286; x_wconf 88' lang='lat' dir='ltr'><strong>alienus</strong></span> <span class='ocrx_word' id='word_1_751' title='bbox 3559 3233 3878 3288; x_wconf 83' lang='lat' dir='ltr'><strong>interserit?</strong></span> 
     </span>
    </p>
   </div>
   <div class='ocr_carea' id='block_1_97' title="bbox 2304 3311 3872 3381">
    <p class='ocr_par' dir='ltr' id='par_1_97' title="bbox 2304 3311 3872 3381">
     <span class='ocr_line' id='line_1_97' title="bbox 2304 3311 3872 3381; baseline 0.009 -17"><span class='ocrx_word' id='word_1_752' title='bbox 2304 3311 2506 3366; x_wconf 86' lang='lat' dir='ltr'><strong>Bonum</strong></span> <span class='ocrx_word' id='word_1_753' title='bbox 2534 3313 2744 3381; x_wconf 87' lang='lat' dir='ltr'><strong>quidem</strong></span> <span class='ocrx_word' id='word_1_754' title='bbox 2768 3324 2868 3380; x_wconf 92' lang='lat' dir='ltr'><strong>est,</strong></span> <span class='ocrx_word' id='word_1_755' title='bbox 2917 3325 2974 3371; x_wconf 90' lang='lat' dir='ltr'><strong>ut</strong></span> <span class='ocrx_word' id='word_1_756' title='bbox 3017 3327 3068 3372; x_wconf 92' lang='lat' dir='ltr'><strong>te</strong></span> <span class='ocrx_word' id='word_1_757' title='bbox 3110 3327 3164 3373; x_wconf 91' lang='lat' dir='ltr'><strong>et</strong></span> <span class='ocrx_word' id='word_1_758' title='bbox 3195 3320 3356 3374; x_wconf 87' lang='lat' dir='ltr'><strong>ﬁliam</strong></span> <span class='ocrx_word' id='word_1_759' title='bbox 3397 3323 3610 3377; x_wconf 89' lang='lat' dir='ltr'><strong>noveris</strong></span> <span class='ocrx_word' id='word_1_760' title='bbox 3639 3335 3694 3378; x_wconf 87' lang='lat' dir='ltr'><strong>et</strong></span> <span class='ocrx_word' id='word_1_761' title='bbox 3723 3339 3872 3378; x_wconf 82' lang='lat' dir='ltr'><strong>soro-</strong></span> 
     </span>
    </p>
   </div>
   <div class='ocr_carea' id='block_1_98' title="bbox 2301 3402 3873 3483">
    <p class='ocr_par' dir='ltr' id='par_1_98' title="bbox 2301 3402 3873 3483">
     <span class='ocr_line' id='line_1_98' title="bbox 2301 3402 3873 3483; baseline 0.008 -29"><span class='ocrx_word' id='word_1_762' title='bbox 2301 3415 2435 3455; x_wconf 85' lang='lat' dir='ltr'><strong>rem.</strong></span> <span class='ocrx_word' id='word_1_763' title='bbox 2466 3402 2521 3457; x_wconf 93' lang='lat' dir='ltr'><strong>Si</strong></span> <span class='ocrx_word' id='word_1_764' title='bbox 2543 3412 2718 3458; x_wconf 90' lang='lat' dir='ltr'><strong>autem</strong></span> <span class='ocrx_word' id='word_1_765' title='bbox 2749 3415 3030 3476; x_wconf 90' lang='lat' dir='ltr'><strong>utrumque</strong></span> <span class='ocrx_word' id='word_1_766' title='bbox 3059 3422 3162 3462; x_wconf 92' lang='lat' dir='ltr'><strong>non</strong></span> <span class='ocrx_word' id='word_1_767' title='bbox 3193 3421 3342 3477; x_wconf 87' lang='lat' dir='ltr'><strong>potes</strong></span> <span class='ocrx_word' id='word_1_768' title='bbox 3364 3448 3380 3474; x_wconf 82' lang='lat'><strong>,</strong></span> <span class='ocrx_word' id='word_1_769' title='bbox 3427 3421 3481 3464; x_wconf 89' lang='lat' dir='ltr'><strong>et</strong></span> <span class='ocrx_word' id='word_1_770' title='bbox 3517 3422 3691 3467; x_wconf 89' lang='lat' dir='ltr'><strong>mater</strong></span> <span class='ocrx_word' id='word_1_771' title='bbox 3725 3415 3873 3483; x_wconf 89' lang='lat' dir='ltr'><strong>quasi</strong></span> 
     </span>
    </p>
   </div>
   <div class='ocr_carea' id='block_1_99' title="bbox 2301 3490 3870 3572">
    <p class='ocr_par' dir='ltr' id='par_1_99' title="bbox 2301 3490 3870 3572">
     <span class='ocr_line' id='line_1_99' title="bbox 2301 3490 3870 3572; baseline 0.008 -27"><span class='ocrx_word' id='word_1_772' title='bbox 2301 3490 2434 3546; x_wconf 91' lang='lat' dir='ltr'><strong>dura</strong></span> <span class='ocrx_word' id='word_1_773' title='bbox 2462 3493 2749 3562; x_wconf 86' lang='lat' dir='ltr'><strong>respuitur,</strong></span> <span class='ocrx_word' id='word_1_774' title='bbox 2769 3495 2958 3552; x_wconf 83' lang='lat' dir='ltr'><strong>saltem</strong></span> <span class='ocrx_word' id='word_1_775' title='bbox 2987 3495 3152 3552; x_wconf 86' lang='lat' dir='ltr'><strong>frater</strong></span> <span class='ocrx_word' id='word_1_776' title='bbox 3178 3499 3405 3568; x_wconf 86' lang='lat' dir='ltr'><strong>placeat.</strong></span> <span class='ocrx_word' id='word_1_777' title='bbox 3437 3501 3491 3556; x_wconf 94' lang='lat' dir='ltr'><strong>Si</strong></span> <span class='ocrx_word' id='word_1_778' title='bbox 3524 3505 3690 3557; x_wconf 82' lang='lat' dir='ltr'><strong>frater</strong></span> <span class='ocrx_word' id='word_1_779' title='bbox 3716 3519 3870 3572; x_wconf 87' lang='lat' dir='ltr'><strong>aspe-</strong></span> 
     </span>
    </p>
   </div>
   <div class='ocr_carea' id='block_1_100' title="bbox 2299 3579 3874 3662">
    <p class='ocr_par' dir='ltr' id='par_1_100' title="bbox 2299 3579 3874 3662">
     <span class='ocr_line' id='line_1_100' title="bbox 2299 3579 3874 3662; baseline 0.009 -28"><span class='ocrx_word' id='word_1_780' title='bbox 2299 3579 2412 3649; x_wconf 70' lang='lat' dir='ltr'><strong>nior</strong></span> <span class='ocrx_word' id='word_1_781' title='bbox 2440 3589 2521 3636; x_wconf 87' lang='lat' dir='ltr'><strong>est</strong></span> <span class='ocrx_word' id='word_1_782' title='bbox 2549 3623 2563 3646; x_wconf 92' lang='lat'><strong>,</strong></span> <span class='ocrx_word' id='word_1_783' title='bbox 2598 3583 2807 3638; x_wconf 89' lang='lat' dir='ltr'><strong>mollior</strong></span> <span class='ocrx_word' id='word_1_784' title='bbox 2834 3585 2902 3638; x_wconf 88' lang='lat' dir='ltr'><strong>sit</strong></span> <span class='ocrx_word' id='word_1_785' title='bbox 2927 3585 3014 3639; x_wconf 91' lang='lat' dir='ltr'><strong>illa</strong></span> <span class='ocrx_word' id='word_1_786' title='bbox 3061 3602 3179 3658; x_wconf 76' lang='lat' dir='ltr'><strong>qua:</strong></span> <span class='ocrx_word' id='word_1_787' title='bbox 3236 3591 3440 3658; x_wconf 87' lang='lat' dir='ltr'><strong>gettuit.</strong></span> <span class='ocrx_word' id='word_1_788' title='bbox 3490 3591 3630 3656; x_wconf 90' lang='lat' dir='ltr'><strong>Quid</strong></span> <span class='ocrx_word' id='word_1_789' title='bbox 3675 3595 3874 3662; x_wconf 81' lang='lat' dir='ltr'><strong>palles?</strong></span> 
     </span>
    </p>
   </div>
   <div class='ocr_carea' id='block_1_101' title="bbox 2300 3671 3874 3747">
    <p class='ocr_par' dir='ltr' id='par_1_101' title="bbox 2300 3671 3874 3747">
     <span class='ocr_line' id='line_1_101' title="bbox 2300 3671 3874 3747; baseline 0.01 -23"><span class='ocrx_word' id='word_1_790' title='bbox 2300 3671 2429 3742; x_wconf 76' lang='lat' dir='ltr'><strong>quid</strong></span> <span class='ocrx_word' id='word_1_791' title='bbox 2455 3673 2684 3727; x_wconf 85' lang='lat' dir='ltr'><strong>aestuas?</strong></span> <span class='ocrx_word' id='word_1_792' title='bbox 2713 3675 2839 3742; x_wconf 89' lang='lat' dir='ltr'><strong>qttid</strong></span> <span class='ocrx_word' id='word_1_793' title='bbox 2887 3675 3092 3730; x_wconf 90' lang='lat' dir='ltr'><strong>vultum</strong></span> <span class='ocrx_word' id='word_1_794' title='bbox 3114 3678 3308 3733; x_wconf 87' lang='lat' dir='ltr'><strong>rubore</strong></span> <span class='ocrx_word' id='word_1_795' title='bbox 3335 3680 3599 3737; x_wconf 83' lang='lat' dir='ltr'><strong>sulfundis</strong></span> <span class='ocrx_word' id='word_1_796' title='bbox 3623 3723 3639 3747; x_wconf 91' lang='lat'><strong>,</strong></span> <span class='ocrx_word' id='word_1_797' title='bbox 3686 3695 3742 3738; x_wconf 90' lang='lat' dir='ltr'><strong>et</strong></span> <span class='ocrx_word' id='word_1_798' title='bbox 3772 3693 3874 3739; x_wconf 83' lang='lat' dir='ltr'><strong>trc-</strong></span> 
     </span>
    </p>
   </div>
   <div class='ocr_carea' id='block_1_102' title="bbox 2301 3761 3870 3840">
    <p class='ocr_par' dir='ltr' id='par_1_102' title="bbox 2301 3761 3870 3840">
     <span class='ocr_line' id='line_1_102' title="bbox 2301 3761 3870 3840; baseline 0.01 -26"><span class='ocrx_word' id='word_1_799' title='bbox 2301 3761 2570 3816; x_wconf 91' lang='lat' dir='ltr'><strong>mentibus</strong></span> <span class='ocrx_word' id='word_1_800' title='bbox 2616 3763 2769 3818; x_wconf 90' lang='lat' dir='ltr'><strong>labiis</strong></span> <span class='ocrx_word' id='word_1_801' title='bbox 2818 3765 3202 3834; x_wconf 77' lang='lat' dir='ltr'><strong>impatientiam</strong></span> <span class='ocrx_word' id='word_1_802' title='bbox 3239 3773 3469 3840; x_wconf 90' lang='lat' dir='ltr'><strong>pectoris</strong></span> <span class='ocrx_word' id='word_1_803' title='bbox 3515 3775 3870 3829; x_wconf 74' lang='lat' dir='ltr'><strong>contestarisl</strong></span> 
     </span>
    </p>
   </div>
   <div class='ocr_carea' id='block_1_103' title="bbox 2297 3851 3870 3930">
    <p class='ocr_par' dir='ltr' id='par_1_103' title="bbox 2297 3851 3870 3930">
     <span class='ocr_line' id='line_1_103' title="bbox 2297 3851 3870 3930; baseline 0.009 -23"><span class='ocrx_word' id='word_1_804' title='bbox 2297 3851 2414 3912; x_wconf 86' lang='lat' dir='ltr'><strong>Non</strong></span> <span class='ocrx_word' id='word_1_805' title='bbox 2453 3864 2666 3922; x_wconf 91' lang='lat' dir='ltr'><strong>superat</strong></span> <span class='ocrx_word' id='word_1_806' title='bbox 2695 3870 2932 3911; x_wconf 88' lang='lat' dir='ltr'><strong>amorem</strong></span> <span class='ocrx_word' id='word_1_807' title='bbox 2961 3857 3148 3913; x_wconf 82' lang='lat' dir='ltr'><strong>matris</strong></span> <span class='ocrx_word' id='word_1_808' title='bbox 3197 3869 3251 3914; x_wconf 91' lang='lat' dir='ltr'><strong>et</strong></span> <span class='ocrx_word' id='word_1_809' title='bbox 3293 3859 3474 3916; x_wconf 88' lang='lat' dir='ltr'><strong>fratris</strong></span> <span class='ocrx_word' id='word_1_810' title='bbox 3497 3903 3513 3930; x_wconf 95' lang='lat'><strong>,</strong></span> <span class='ocrx_word' id='word_1_811' title='bbox 3567 3864 3672 3918; x_wconf 88' lang='lat' dir='ltr'><strong>nisi</strong></span> <span class='ocrx_word' id='word_1_812' title='bbox 3709 3865 3870 3927; x_wconf 84' lang='lat' dir='ltr'><strong>solius</strong></span> 
     </span>
    </p>
   </div>
   <div class='ocr_carea' id='block_1_104' title="bbox 2300 3943 2754 4008">
    <p class='ocr_par' dir='ltr' id='par_1_104' title="bbox 2300 3943 2754 4008">
     <span class='ocr_line' id='line_1_104' title="bbox 2300 3943 2754 4008; baseline 0.007 -12"><span class='ocrx_word' id='word_1_813' title='bbox 2300 3943 2479 3998; x_wconf 79' lang='lat' dir='ltr'><strong>uxoris</strong></span> <span class='ocrx_word' id='word_1_814' title='bbox 2507 3943 2754 4008; x_wconf 61' lang='lat' dir='ltr'><strong>affectus.</strong></span> 
     </span>
    </p>
   </div>
   <div class='ocr_carea' id='block_1_105' title="bbox 2370 4024 3868 4106">
    <p class='ocr_par' dir='ltr' id='par_1_105' title="bbox 2370 4024 3868 4106">
     <span class='ocr_line' id='line_1_105' title="bbox 2370 4024 3868 4106; baseline 0.009 -20"><span class='ocrx_word' id='word_1_815' title='bbox 2370 4031 2423 4086; x_wconf 87' lang='lat'><strong>6.</strong></span> <span class='ocrx_word' id='word_1_816' title='bbox 2469 4033 2639 4086; x_wconf 81' lang='lat' dir='ltr'><strong>Audio</strong></span> <span class='ocrx_word' id='word_1_817' title='bbox 2667 4042 2924 4102; x_wconf 64' lang='lat' dir='ltr'><strong>praeterea</strong></span> <span class='ocrx_word' id='word_1_818' title='bbox 2970 4044 3021 4091; x_wconf 91' lang='lat' dir='ltr'><strong>te</strong></span> <span class='ocrx_word' id='word_1_819' title='bbox 3063 4037 3367 4094; x_wconf 90' lang='lat' dir='ltr'><strong>suburbana</strong></span> <span class='ocrx_word' id='word_1_820' title='bbox 3415 4056 3538 4094; x_wconf 89' lang='lat' dir='ltr'><strong>rura</strong></span> <span class='ocrx_word' id='word_1_821' title='bbox 3565 4024 3868 4106; x_wconf 50' lang='lat' dir='ltr'><strong>,‘villarum</strong></span> 
     </span>
    </p>
   </div>
   <div class='ocr_carea' id='block_1_106' title="bbox 2297 4122 3866 4200">
    <p class='ocr_par' dir='ltr' id='par_1_106' title="bbox 2297 4122 3866 4200">
     <span class='ocr_line' id='line_1_106' title="bbox 2297 4122 3866 4200; baseline 0.01 -27"><span class='ocrx_word' id='word_1_822' title='bbox 2297 4122 2636 4177; x_wconf 67' lang='lat' dir='ltr'><strong>amatnitates</strong></span> <span class='ocrx_word' id='word_1_823' title='bbox 2663 4138 2782 4177; x_wconf 89' lang='lat' dir='ltr'><strong>cum</strong></span> <span class='ocrx_word' id='word_1_824' title='bbox 2813 4123 3064 4181; x_wconf 89' lang='lat' dir='ltr'><strong>afﬁnibus</strong></span> <span class='ocrx_word' id='word_1_825' title='bbox 3093 4135 3251 4198; x_wconf 91' lang='lat' dir='ltr'><strong>atque</strong></span> <span class='ocrx_word' id='word_1_826' title='bbox 3277 4131 3518 4200; x_wconf 85' lang='lat' dir='ltr'><strong>cognatis</strong></span> <span class='ocrx_word' id='word_1_827' title='bbox 3543 4171 3559 4197; x_wconf 94' lang='lat'><strong>,</strong></span> <span class='ocrx_word' id='word_1_828' title='bbox 3588 4141 3643 4186; x_wconf 87' lang='lat' dir='ltr'><strong>et</strong></span> <span class='ocrx_word' id='word_1_829' title='bbox 3693 4135 3866 4187; x_wconf 87' lang='lat' dir='ltr'><strong>istius-</strong></span> 
     </span>
    </p>
   </div>
   <div class='ocr_carea' id='block_1_107' title="bbox 2297 4211 3867 4292">
    <p class='ocr_par' dir='ltr' id='par_1_107' title="bbox 2297 4211 3867 4292">
     <span class='ocr_line' id='line_1_107' title="bbox 2297 4211 3867 4292; baseline 0.009 -30"><span class='ocrx_word' id='word_1_830' title='bbox 2297 4211 2439 4263; x_wconf 93' lang='lat' dir='ltr'><strong>modi</strong></span> <span class='ocrx_word' id='word_1_831' title='bbox 2470 4212 2682 4280; x_wconf 88' lang='lat' dir='ltr'><strong>generis</strong></span> <span class='ocrx_word' id='word_1_832' title='bbox 2710 4211 3018 4270; x_wconf 90' lang='lat' dir='ltr'><strong>hominibus</strong></span> <span class='ocrx_word' id='word_1_833' title='bbox 3045 4217 3350 4273; x_wconf 90' lang='lat' dir='ltr'><strong>circumire.</strong></span> <span class='ocrx_word' id='word_1_834' title='bbox 3381 4218 3488 4274; x_wconf 88' lang='lat' dir='ltr'><strong>Nec</strong></span> <span class='ocrx_word' id='word_1_835' title='bbox 3518 4221 3700 4280; x_wconf 85' lang='lat' dir='ltr'><strong>dubito</strong></span> <span class='ocrx_word' id='word_1_836' title='bbox 3743 4225 3867 4292; x_wconf 91' lang='lat' dir='ltr'><strong>quin</strong></span> 
     </span>
    </p>
   </div>
   <div class='ocr_carea' id='block_1_108' title="bbox 2298 4300 3868 4377">
    <p class='ocr_par' dir='ltr' id='par_1_108' title="bbox 2298 4300 3868 4377">
     <span class='ocr_line' id='line_1_108' title="bbox 2298 4300 3868 4377; baseline 0.006 -21"><span class='ocrx_word' id='word_1_837' title='bbox 2298 4300 2379 4356; x_wconf 84' lang='lat' dir='ltr'><strong>\&#39;cl</strong></span> <span class='ocrx_word' id='word_1_838' title='bbox 2406 4302 2725 4356; x_wconf 86' lang='lat' dir='ltr'><strong>consobrina</strong></span> <span class='ocrx_word' id='word_1_839' title='bbox 2750 4345 2765 4370; x_wconf 93' lang='lat'><strong>,</strong></span> <span class='ocrx_word' id='word_1_840' title='bbox 2798 4305 2884 4358; x_wconf 87' lang='lat' dir='ltr'><strong>vel</strong></span> <span class='ocrx_word' id='word_1_841' title='bbox 2912 4319 3068 4359; x_wconf 90' lang='lat' dir='ltr'><strong>soror</strong></span> <span class='ocrx_word' id='word_1_842' title='bbox 3107 4307 3210 4373; x_wconf 87' lang='lat' dir='ltr'><strong>sit,</strong></span> <span class='ocrx_word' id='word_1_843' title='bbox 3265 4307 3317 4361; x_wconf 92' lang='lat' dir='ltr'><strong>in</strong></span> <span class='ocrx_word' id='word_1_844' title='bbox 3348 4323 3574 4377; x_wconf 89' lang='lat' dir='ltr'><strong>quarum</strong></span> <span class='ocrx_word' id='word_1_845' title='bbox 3625 4313 3868 4366; x_wconf 89' lang='lat' dir='ltr'><strong>solatium</strong></span> 
     </span>
    </p>
   </div>
   <div class='ocr_carea' id='block_1_109' title="bbox 2299 4391 3868 4472">
    <p class='ocr_par' dir='ltr' id='par_1_109' title="bbox 2299 4391 3868 4472">
     <span class='ocr_line' id='line_1_109' title="bbox 2299 4391 3868 4472; baseline 0.008 -27"><span class='ocrx_word' id='word_1_846' title='bbox 2299 4391 2421 4445; x_wconf 88' lang='lat' dir='ltr'><strong>novi</strong></span> <span class='ocrx_word' id='word_1_847' title='bbox 2451 4393 2665 4461; x_wconf 87' lang='lat' dir='ltr'><strong>generis</strong></span> <span class='ocrx_word' id='word_1_848' title='bbox 2691 4393 2906 4456; x_wconf 83' lang='lat' dir='ltr'><strong>ducaris</strong></span> <span class='ocrx_word' id='word_1_849' title='bbox 2933 4398 3159 4452; x_wconf 88' lang='lat' dir='ltr'><strong>assecla.</strong></span> <span class='ocrx_word' id='word_1_850' title='bbox 3193 4398 3345 4452; x_wconf 84' lang='lat' dir='ltr'><strong>Absit</strong></span> <span class='ocrx_word' id='word_1_851' title='bbox 3372 4400 3588 4470; x_wconf 85' lang='lat' dir='ltr'><strong>quippe,</strong></span> <span class='ocrx_word' id='word_1_852' title='bbox 3611 4412 3868 4472; x_wconf 87' lang='lat' dir='ltr'><strong>utquam-</strong></span> 
     </span>
    </p>
   </div>
   <div class='ocr_carea' id='block_1_110' title="bbox 2299 4481 3871 4560">
    <p class='ocr_par' dir='ltr' id='par_1_110' title="bbox 2299 4481 3871 4560">
     <span class='ocr_line' id='line_1_110' title="bbox 2299 4481 3871 4560; baseline 0.01 -28"><span class='ocrx_word' id='word_1_853' title='bbox 2299 4481 2379 4533; x_wconf 90' lang='lat' dir='ltr'><strong>vis</strong></span> <span class='ocrx_word' id='word_1_854' title='bbox 2404 4482 2637 4556; x_wconf 77' lang='lat' dir='ltr'><strong>proximi</strong></span> <span class='ocrx_word' id='word_1_855' title='bbox 2668 4485 2774 4536; x_wconf 90' lang='lat' dir='ltr'><strong>sint</strong></span> <span class='ocrx_word' id='word_1_856' title='bbox 2803 4492 2856 4538; x_wconf 90' lang='lat' dir='ltr'><strong>et</strong></span> <span class='ocrx_word' id='word_1_857' title='bbox 2879 4487 3111 4555; x_wconf 83' lang='lat' dir='ltr'><strong>Cognati,</strong></span> <span class='ocrx_word' id='word_1_858' title='bbox 3139 4488 3374 4542; x_wconf 90' lang='lat' dir='ltr'><strong>virorum</strong></span> <span class='ocrx_word' id='word_1_859' title='bbox 3427 4500 3478 4544; x_wconf 90' lang='lat' dir='ltr'><strong>te</strong></span> <span class='ocrx_word' id='word_1_860' title='bbox 3515 4493 3756 4560; x_wconf 83' lang='lat' dir='ltr'><strong>suSpicer</strong></span> <span class='ocrx_word' id='word_1_861' title='bbox 3783 4509 3871 4548; x_wconf 81' lang='lat' dir='ltr'><strong>ca-</strong></span> 
     </span>
    </p>
   </div>
   <div class='ocr_carea' id='block_1_111' title="bbox 2296 4573 3872 4650">
    <p class='ocr_par' dir='ltr' id='par_1_111' title="bbox 2296 4573 3872 4650">
     <span class='ocr_line' id='line_1_111' title="bbox 2296 4573 3872 4650; baseline 0.009 -28"><span class='ocrx_word' id='word_1_862' title='bbox 2296 4579 2446 4640; x_wconf 87' lang='lat' dir='ltr'><strong>ptare</strong></span> <span class='ocrx_word' id='word_1_863' title='bbox 2485 4573 2769 4628; x_wconf 90' lang='lat' dir='ltr'><strong>consortia.</strong></span> <span class='ocrx_word' id='word_1_864' title='bbox 2814 4574 3051 4630; x_wconf 88' lang='lat' dir='ltr'><strong>Obsecro</strong></span> <span class='ocrx_word' id='word_1_865' title='bbox 3076 4592 3203 4650; x_wconf 84' lang='lat' dir='ltr'><strong>ergo</strong></span> <span class='ocrx_word' id='word_1_866' title='bbox 3226 4587 3296 4642; x_wconf 90' lang='lat' dir='ltr'><strong>te,</strong></span> <span class='ocrx_word' id='word_1_867' title='bbox 3324 4578 3491 4650; x_wconf 88' lang='lat' dir='ltr'><strong>virgo,</strong></span> <span class='ocrx_word' id='word_1_868' title='bbox 3542 4590 3596 4634; x_wconf 93' lang='lat' dir='ltr'><strong>ut</strong></span> <span class='ocrx_word' id='word_1_869' title='bbox 3623 4583 3754 4637; x_wconf 88' lang='lat' dir='ltr'><strong>mihi</strong></span> <span class='ocrx_word' id='word_1_870' title='bbox 3785 4600 3872 4642; x_wconf 87' lang='lat' dir='ltr'><strong>rc-</strong></span> 
     </span>
    </p>
   </div>
   <div class='ocr_carea' id='block_1_112' title="bbox 2293 4657 3869 4738">
    <p class='ocr_par' dir='ltr' id='par_1_112' title="bbox 2293 4657 3869 4738">
     <span class='ocr_line' id='line_1_112' title="bbox 2293 4657 3869 4738; baseline 0.011 -26"><span class='ocrx_word' id='word_1_871' title='bbox 2293 4657 2559 4727; x_wconf 85' lang='lat' dir='ltr'><strong>spondcas</strong></span> <span class='ocrx_word' id='word_1_872' title='bbox 2590 4678 2603 4714; x_wconf 94' lang='lat'><strong>:</strong></span> <span class='ocrx_word' id='word_1_873' title='bbox 2636 4660 2757 4715; x_wconf 88' lang='lat' dir='ltr'><strong>Sola</strong></span> <span class='ocrx_word' id='word_1_874' title='bbox 2787 4664 2937 4718; x_wconf 87' lang='lat' dir='ltr'><strong>vadis</strong></span> <span class='ocrx_word' id='word_1_875' title='bbox 2969 4667 3021 4719; x_wconf 93' lang='lat' dir='ltr'><strong>in</strong></span> <span class='ocrx_word' id='word_1_876' title='bbox 3049 4669 3299 4722; x_wconf 90' lang='lat' dir='ltr'><strong>comitatu</strong></span> <span class='ocrx_word' id='word_1_877' title='bbox 3331 4671 3776 4738; x_wconf 82' lang='lat' dir='ltr'><strong>propinquorum,</strong></span> <span class='ocrx_word' id='word_1_878' title='bbox 3801 4691 3869 4730; x_wconf 89' lang='lat' dir='ltr'><strong>an</strong></span> 
     </span>
    </p>
   </div>
   <div class='ocr_carea' id='block_1_113' title="bbox 2294 4749 3867 4828">
    <p class='ocr_par' dir='ltr' id='par_1_113' title="bbox 2294 4749 3867 4828">
     <span class='ocr_line' id='line_1_113' title="bbox 2294 4749 3867 4828; baseline 0.013 -31"><span class='ocrx_word' id='word_1_879' title='bbox 2294 4761 2414 4801; x_wconf 90' lang='lat' dir='ltr'><strong>cum</strong></span> <span class='ocrx_word' id='word_1_880' title='bbox 2466 4749 2669 4802; x_wconf 89' lang='lat' dir='ltr'><strong>amasio</strong></span> <span class='ocrx_word' id='word_1_881' title='bbox 2710 4753 2840 4813; x_wconf 83' lang='lat' dir='ltr'><strong>tuo?</strong></span> <span class='ocrx_word' id='word_1_882' title='bbox 2895 4753 3147 4821; x_wconf 86' lang='lat' dir='ltr'><strong>Quamvis</strong></span> <span class='ocrx_word' id='word_1_883' title='bbox 3173 4758 3246 4813; x_wconf 90' lang='lat' dir='ltr'><strong>sis</strong></span> <span class='ocrx_word' id='word_1_884' title='bbox 3289 4759 3583 4828; x_wconf 89' lang='lat' dir='ltr'><strong>impudens,</strong></span> <span class='ocrx_word' id='word_1_885' title='bbox 3633 4765 3867 4822; x_wconf 72' lang='lat' dir='ltr'><strong>smcula-</strong></span> 
     </span>
    </p>
   </div>
   <div class='ocr_carea' id='block_1_114' title="bbox 2293 4839 3866 4916">
    <p class='ocr_par' dir='ltr' id='par_1_114' title="bbox 2293 4839 3866 4916">
     <span class='ocr_line' id='line_1_114' title="bbox 2293 4839 3866 4916; baseline 0.012 -25"><span class='ocrx_word' id='word_1_886' title='bbox 2293 4839 2431 4892; x_wconf 92' lang='lat' dir='ltr'><strong>rium</strong></span> <span class='ocrx_word' id='word_1_887' title='bbox 2461 4842 2630 4896; x_wconf 90' lang='lat' dir='ltr'><strong>oculis</strong></span> <span class='ocrx_word' id='word_1_888' title='bbox 2657 4858 2778 4897; x_wconf 91' lang='lat' dir='ltr'><strong>eum</strong></span> <span class='ocrx_word' id='word_1_889' title='bbox 2816 4845 3059 4916; x_wconf 86' lang='lat' dir='ltr'><strong>ingerere</strong></span> <span class='ocrx_word' id='word_1_890' title='bbox 3085 4865 3189 4904; x_wconf 93' lang='lat' dir='ltr'><strong>nou</strong></span> <span class='ocrx_word' id='word_1_891' title='bbox 3225 4851 3463 4906; x_wconf 84' lang='lat' dir='ltr'><strong>audebis.</strong></span> <span class='ocrx_word' id='word_1_892' title='bbox 3495 4851 3552 4908; x_wconf 90' lang='lat' dir='ltr'><strong>Si</strong></span> <span class='ocrx_word' id='word_1_893' title='bbox 3583 4855 3728 4908; x_wconf 88' lang='lat' dir='ltr'><strong>enim</strong></span> <span class='ocrx_word' id='word_1_894' title='bbox 3769 4855 3866 4910; x_wconf 84' lang='lat' dir='ltr'><strong>hoc</strong></span> 
     </span>
    </p>
   </div>
   <div class='ocr_carea' id='block_1_115' title="bbox 2293 4926 3863 5000">
    <p class='ocr_par' dir='ltr' id='par_1_115' title="bbox 2293 4926 3863 5000">
     <span class='ocr_line' id='line_1_115' title="bbox 2293 4926 3863 5000; baseline 0.011 -19"><span class='ocrx_word' id='word_1_895' title='bbox 2293 4926 2522 4996; x_wconf 82' lang='lat' dir='ltr'><strong>feceris,</strong></span> <span class='ocrx_word' id='word_1_896' title='bbox 2578 4942 2631 4986; x_wconf 91' lang='lat' dir='ltr'><strong>ct</strong></span> <span class='ocrx_word' id='word_1_897' title='bbox 2677 4942 2727 4988; x_wconf 71' lang='lat' dir='ltr'><strong>lie</strong></span> <span class='ocrx_word' id='word_1_898' title='bbox 2767 4944 2820 4991; x_wconf 88' lang='lat' dir='ltr'><strong>ct</strong></span> <span class='ocrx_word' id='word_1_899' title='bbox 2874 4936 3020 4990; x_wconf 90' lang='lat' dir='ltr'><strong>illum</strong></span> <span class='ocrx_word' id='word_1_900' title='bbox 3053 4939 3253 4995; x_wconf 85' lang='lat' dir='ltr'><strong>familia</strong></span> <span class='ocrx_word' id='word_1_901' title='bbox 3294 4944 3542 5000; x_wconf 74' lang='lat' dir='ltr'><strong>universzt</strong></span> <span class='ocrx_word' id='word_1_902' title='bbox 3585 4947 3863 4999; x_wconf 77' lang='lat' dir='ltr'><strong>czuttabit:</strong></span> 
     </span>
    </p>
   </div>
   <div class='ocr_carea' id='block_1_116' title="bbox 2292 5025 3863 5106">
    <p class='ocr_par' dir='ltr' id='par_1_116' title="bbox 2292 5025 3863 5106">
     <span class='ocr_line' id='line_1_116' title="bbox 2292 5025 3863 5106; baseline 0.012 -33"><span class='ocrx_word' id='word_1_903' title='bbox 2292 5033 2388 5073; x_wconf 90' lang='lat' dir='ltr'><strong>vos</strong></span> <span class='ocrx_word' id='word_1_904' title='bbox 2412 5030 2725 5079; x_wconf 85' lang='lat' dir='ltr'><strong>cunctorum</strong></span> <span class='ocrx_word' id='word_1_905' title='bbox 2749 5025 2896 5095; x_wconf 89' lang='lat' dir='ltr'><strong>digiti</strong></span> <span class='ocrx_word' id='word_1_906' title='bbox 2921 5027 3246 5086; x_wconf 85' lang='lat' dir='ltr'><strong>denotabunt</strong></span> <span class='ocrx_word' id='word_1_907' title='bbox 3275 5049 3289 5084; x_wconf 92' lang='lat'>:</span> <span class='ocrx_word' id='word_1_908' title='bbox 3320 5034 3432 5102; x_wconf 87' lang='lat' dir='ltr'><strong>ipsa</strong></span> <span class='ocrx_word' id='word_1_909' title='bbox 3455 5051 3666 5106; x_wconf 87' lang='lat' dir='ltr'><strong>quoque</strong></span> <span class='ocrx_word' id='word_1_910' title='bbox 3694 5054 3863 5105; x_wconf 91' lang='lat' dir='ltr'><strong>soror,</strong></span> 
     </span>
    </p>
   </div>
   <div class='ocr_carea' id='block_1_117' title="bbox 2290 5114 3864 5194">
    <p class='ocr_par' dir='ltr' id='par_1_117' title="bbox 2290 5114 3864 5194">
     <span class='ocr_line' id='line_1_117' title="bbox 2290 5114 3864 5194; baseline 0.013 -30"><span class='ocrx_word' id='word_1_911' title='bbox 2290 5123 2382 5166; x_wconf 90' lang='lat' dir='ltr'><strong>aut</strong></span> <span class='ocrx_word' id='word_1_912' title='bbox 2411 5114 2604 5178; x_wconf 86' lang='lat' dir='ltr'><strong>afﬁnis,</strong></span> <span class='ocrx_word' id='word_1_913' title='bbox 2635 5117 2746 5173; x_wconf 85' lang='lat' dir='ltr'><strong>sive</strong></span> <span class='ocrx_word' id='word_1_914' title='bbox 2771 5129 3154 5191; x_wconf 77' lang='lat' dir='ltr'><strong>cognata,qua:</strong></span> <span class='ocrx_word' id='word_1_915' title='bbox 3176 5126 3226 5176; x_wconf 95' lang='lat' dir='ltr'><strong>in</strong></span> <span class='ocrx_word' id='word_1_916' title='bbox 3242 5124 3602 5182; x_wconf 89' lang='lat' dir='ltr'><strong>adulationent</strong></span> <span class='ocrx_word' id='word_1_917' title='bbox 3633 5131 3864 5194; x_wconf 78' lang='lat' dir='ltr'><strong>tui,san-</strong></span> 
     </span>
    </p>
   </div>
   <div class='ocr_carea' id='block_1_118' title="bbox 2287 5204 3865 5289">
    <p class='ocr_par' dir='ltr' id='par_1_118' title="bbox 2287 5204 3865 5289">
     <span class='ocr_line' id='line_1_118' title="bbox 2287 5204 3865 5289; baseline 0.011 -32"><span class='ocrx_word' id='word_1_918' title='bbox 2287 5213 2428 5257; x_wconf 89' lang='lat' dir='ltr'><strong>ctum</strong></span> <span class='ocrx_word' id='word_1_919' title='bbox 2445 5214 2497 5259; x_wconf 91' lang='lat' dir='ltr'><strong>et</strong></span> <span class='ocrx_word' id='word_1_920' title='bbox 2516 5204 2587 5277; x_wconf 78' lang='grc' dir='ltr'><strong>(ὁ)</strong></span> <span class='ocrx_word' id='word_1_921' title='bbox 2609 5205 2852 5262; x_wconf 81' lang='lat' dir='ltr'><strong>Nonnum</strong></span> <span class='ocrx_word' id='word_1_922' title='bbox 2869 5223 3048 5265; x_wconf 91' lang='lat' dir='ltr'><strong>coram</strong></span> <span class='ocrx_word' id='word_1_923' title='bbox 3067 5222 3118 5267; x_wconf 91' lang='lat' dir='ltr'><strong>te</strong></span> <span class='ocrx_word' id='word_1_924' title='bbox 3145 5224 3352 5279; x_wconf 90' lang='lat' dir='ltr'><strong>vocant,</strong></span> <span class='ocrx_word' id='word_1_925' title='bbox 3370 5230 3492 5270; x_wconf 91' lang='lat' dir='ltr'><strong>cum</strong></span> <span class='ocrx_word' id='word_1_926' title='bbox 3519 5233 3578 5273; x_wconf 84' lang='lat' dir='ltr'><strong>se</strong></span> <span class='ocrx_word' id='word_1_927' title='bbox 3598 5221 3865 5289; x_wconf 81' lang='lat' dir='ltr'><strong>paululum</strong></span> 
     </span>
    </p>
   </div>
   <div class='ocr_carea' id='block_1_119' title="bbox 2352 5374 3864 5453">
    <p class='ocr_par' dir='ltr' id='par_1_119' title="bbox 2352 5374 3864 5453">
     <span class='ocr_line' id='line_1_119' title="bbox 2352 5374 3864 5453; baseline 0.012 -27"><span class='ocrx_word' id='word_1_928' title='bbox 2352 5374 2415 5443; x_wconf 75' lang='grc' dir='ltr'><strong>(ὁ)</strong></span> <span class='ocrx_word' id='word_1_929' title='bbox 2449 5377 2666 5453; x_wconf 62' lang='lat' dir='ltr'><strong>yeteres</strong></span> <span class='ocrx_word' id='word_1_930' title='bbox 2693 5381 3433 5453; x_wconf 53' lang='lat' dir='ltr'><strong>editusunctwnnonuunquam</strong></span> <span class='ocrx_word' id='word_1_931' title='bbox 3473 5403 3640 5442; x_wconf 84' lang='lat' dir='ltr'><strong>coram</strong></span> <span class='ocrx_word' id='word_1_932' title='bbox 3680 5400 3741 5453; x_wconf 71' lang='lat' dir='ltr'><strong>te,</strong></span> <span class='ocrx_word' id='word_1_933' title='bbox 3771 5403 3864 5443; x_wconf 89' lang='lat' dir='ltr'><strong>etc.</strong></span> 
     </span>
    </p>
   </div>
   <div class='ocr_carea' id='block_1_120' title="bbox 2282 5439 3868 5510">
    <p class='ocr_par' dir='ltr' id='par_1_120' title="bbox 2282 5439 3868 5510">
     <span class='ocr_line' id='line_1_120' title="bbox 2282 5439 3868 5510; baseline 0.011 -25"><span class='ocrx_word' id='word_1_934' title='bbox 2282 5439 2426 5510; x_wconf 79' lang='lat' dir='ltr'><strong>quam</strong></span> <span class='ocrx_word' id='word_1_935' title='bbox 2449 5439 2712 5510; x_wconf 76' lang='lat' dir='ltr'><strong>lectionem</strong></span> <span class='ocrx_word' id='word_1_936' title='bbox 2734 5443 2970 5510; x_wconf 56' lang='lat' dir='ltr'><strong>Victorius</strong></span> <span class='ocrx_word' id='word_1_937' title='bbox 2993 5448 3178 5510; x_wconf 55' lang='lat' dir='ltr'><strong>probat,</strong></span> <span class='ocrx_word' id='word_1_938' title='bbox 3214 5439 3327 5510; x_wconf 77' lang='lat' dir='ltr'><strong>vera</strong></span> <span class='ocrx_word' id='word_1_939' title='bbox 3352 5464 3498 5510; x_wconf 87' lang='lat' dir='ltr'><strong>quam</strong></span> <span class='ocrx_word' id='word_1_940' title='bbox 3524 5439 3795 5503; x_wconf 57' lang='lat' dir='ltr'><strong>asserui-its</strong></span> 
     </span>
    </p>
   </div>
   <div class='ocr_carea' id='block_1_121' title="bbox 2283 5502 3870 5576">
    <p class='ocr_par' dir='ltr' id='par_1_121' title="bbox 2283 5502 3870 5576">
     <span class='ocr_line' id='line_1_121' title="bbox 2283 5502 3870 5576; baseline 0.013 -31"><span class='ocrx_word' id='word_1_941' title='bbox 2283 5502 2526 5569; x_wconf 74' lang='lat' dir='ltr'><strong>variantes</strong></span> <span class='ocrx_word' id='word_1_942' title='bbox 2563 5504 2785 5575; x_wconf 20' lang='lat' dir='ltr'><strong>rejeetaz</strong></span> <span class='ocrx_word' id='word_1_943' title='bbox 2810 5505 2959 5575; x_wconf 80' lang='lat' dir='ltr'><strong>Porro</strong></span> <span class='ocrx_word' id='word_1_944' title='bbox 2987 5502 3226 5576; x_wconf 41' lang='lat' dir='ltr'><strong>:Nonnos‘</strong></span> <span class='ocrx_word' id='word_1_945' title='bbox 3239 5502 3558 5576; x_wconf 69' lang='lat' dir='ltr'><strong>olint&#39;fuisse</strong></span> <span class='ocrx_word' id='word_1_946' title='bbox 3604 5502 3870 5576; x_wconf 65' lang='lat' dir='ltr'><strong>appellatos</strong></span> 
     </span>
    </p>
   </div>
   <div class='ocr_carea' id='block_1_122' title="bbox 2283 5561 3867 5635">
    <p class='ocr_par' dir='ltr' id='par_1_122' title="bbox 2283 5561 3867 5635">
     <span class='ocr_line' id='line_1_122' title="bbox 2283 5561 3867 5635; baseline 0.018 -32"><span class='ocrx_word' id='word_1_947' title='bbox 2283 5561 2386 5630; x_wconf 78' lang='lat' dir='ltr'><strong>pios</strong></span> <span class='ocrx_word' id='word_1_948' title='bbox 2421 5561 2577 5621; x_wconf 87' lang='lat' dir='ltr'><strong>viros,</strong></span> <span class='ocrx_word' id='word_1_949' title='bbox 2617 5561 2668 5616; x_wconf 80' lang='lat' dir='ltr'><strong>et</strong></span> <span class='ocrx_word' id='word_1_950' title='bbox 2705 5566 2789 5628; x_wconf 88' lang='lat' dir='ltr'><strong>qui</strong></span> <span class='ocrx_word' id='word_1_951' title='bbox 2827 5565 3150 5626; x_wconf 85' lang='lat' dir='ltr'><strong>virginitatem</strong></span> <span class='ocrx_word' id='word_1_952' title='bbox 3187 5566 3295 5618; x_wconf 85' lang='lat' dir='ltr'><strong>Deo</strong></span> <span class='ocrx_word' id='word_1_953' title='bbox 3330 5572 3606 5635; x_wconf 79' lang='lat' dir='ltr'><strong>vovissent,</strong></span> <span class='ocrx_word' id='word_1_954' title='bbox 3635 5561 3867 5630; x_wconf 29' lang='lat' dir='ltr'><strong>hit—bimi“;</strong></span> 
     </span>
    </p>
   </div>
   <div class='ocr_carea' id='block_1_123' title="bbox 2285 5632 2455 5669">
    <p class='ocr_par' dir='ltr' id='par_1_123' title="bbox 2285 5632 2455 5669">
     <span class='ocr_line' id='line_1_123' title="bbox 2285 5632 2455 5669; baseline 0.006 -1"><span class='ocrx_word' id='word_1_955' title='bbox 2285 5632 2455 5669; x_wconf 74' lang='lat' dir='ltr'><strong>ximus.</strong></span> 
     </span>
    </p>
   </div>
  </div>
