4026 6186
159 215 261 286 osi

159 364 327 421 bilem
365 358 615 435 juvenem
682 362 897 433 punicea
948 358 1186 413 indutum
1244 356 1418 410 tunica
1484 353 1736 407 ualtheus

160 454 461 520 ambiebat,
488 463 541 508 et
573 463 744 506 tamen
771 451 859 503 ille
894 449 1135 517 appOsilO
1162 444 1367 499 notario
1394 442 1617 511 cogebat
1660 441 1740 494 lo-'-

160 546 283 613 qui,
314 559 431 612 qua:
462 542 712 596 velociter
736 540 900 603 edita,
928 538 1077 590 velox
1097 541 1514 601 coiisequeretur
1529 538 1732 591 manus,

158 644 221 687 ct
277 634 468 702 lingua:
512 630 837 685 celeritatem
887 625 1209 695 prenderent
1253 624 1401 689 signa
1432 619 1734 673 verborum.

162 724 352 792 Itaque
374 738 477 777 non
499 721 781 777 scribentis
800 717 1098 785 diligentia.
1130 713 1223 768 sed
1241 711 1487 766 dictantis
1521 706 1735 763 temeri-

161 822 297 875 tate,
327 812 537 879 longum
560 809 627 863 ad
653 819 703 862 te
731 806 1000 861 silentium
1028 818 1233 872 rumpo,
1263 802 1494 856 oflerens
1524 799 1614 852 tibi
1643 813 1738 851 nu-

157 900 288 954 dam
333 899 492 953 oflicii
558 899 908 952 voluntatem.
960 892 1351 962 Extemporalis
1423 892 1582 961 792
1654 896 1739 943 est

157 989 416 1058 epistola,
447 989 647 1057 absque
673 987 861 1040 ordine
890 998 1165 1047 sensuum,
1208 983 1323 1035 sine
1372 978 1635 1034 lenocinio
1683 986 1740 1030 et

156 1078 555 1147 compositione
606 1076 887 1130 verberum
920 1092 933 1127 :
964 1082 1021 1127 ut
1065 1081 1230 1125 totum
1280 1070 1333 1123 in
1362 1069 1450 1122 illa
1481 1067 1734 1130 amicum,

156 1167 299 1221 nihil
340 1166 407 1220 de
457 1176 669 1219 oratore
696 1163 952 1233 reperias.
979 1160 1036 1214 lu
1075 1161 1350 1230 procinctu
1377 1157 1598 1211 effusam
1640 1169 1736 1223 pu-

159 1270 274 1323 tes,
323 1268 377 1313 ct
424 1259 572 1312 abire
626 1256 861 1325 cupienti
913 1256 1176 1323 ingestum
1230 1250 1498 1304 viaticum.
1552 1246 1738 1299 Divina

154 1351 443 1420 Scriptura
476 1347 709 1417 loquitur
737 1364 750 1400 :
779 1345 975 1399 Musica
998 1346 1051 1397 in
1086 1342 1241 1406 luctu,
1261 1338 1600 1407 intempestiva
1621 1352 1740 1389 nor-

151 1442 297 1494 ratio
326 1439 523 1511 (Eccli.
549 1435 749 1504 22.6).
788 1434 941 1490 Unde
966 1441 1022 1487 et
1044 1446 1143 1485 nos
1168 1431 1404 1500 leporem
1433 1427 1565 1481 artis
1609 1424 1736 1479 rhe-

156 1532 350 1585 torica:
376 1535 780 1582 contemnentes
801 1563 818 1589 ,
865 1531 915 1578 et
946 1520 1202 1592 puerilis,
1248 1527 1408 1587 atque
1445 1513 1739 1585 plausibilis

155 1619 360 1691 eloquii
387 1623 743 1678 venustatem,
778 1612 844 1666 ad
873 1619 1175 1665 sanctarum
1204 1606 1599 1675 Scripturarum
1621 1617 1738 1673 gra-

154 1711 383 1764 Vitatem
412 1704 765 1774 confugimus,
797 1701 871 1771 (η)
905 1700 992 1753 ubi
1017 1700 1143 1752 vera
1165 1697 1443 1750 vulnerum
1476 1692 1738 1746 medicina

158 1808 272 1864 est,
312 1797 401 1852 ubi
433 1795 678 1849 dolorum
721 1800 867 1846 certa
915 1787 1150 1843 remedia
1183 1786 1272 1839 :in
1318 1783 1510 1852 quibus
1551 1782 1741 1847 recipit

156 1892 381 1945 unicum
414 1887 574 1941 filium
608 1890 778 1938 mater
809 1883 859 1934 in
890 1879 1087 1933 feretro
1142 1892 1157 1928 :
1207 1874 1294 1928 ubi
1338 1872 1505 1926 turba:
1545 1869 1740 1923 dicitur

156 1976 570 2039 circumstanti,
627 1971 748 2026 Non
799 1978 871 2024 est
917 1976 1113 2020 mortua
1164 1962 1375 2034 puella,
1422 1961 1510 2015 sed
1556 1958 1738 2011 dormit

159 2070 358 2139 (Marc.
387 2070 437 2123 5.
469 2066 562 2134 ’59)
595 2083 608 2117 :
642 2063 729 2117 lilii
752 2070 805 2115 et
829 2057 1211 2129 quatriduanus
1252 2062 1493 2107 mortuus
1536 2049 1600 2103 ad
1645 2061 1739 2102 vo-

157 2138 286 2213 cem
338 2154 671 2211 inclamantis
723 2148 931 2205 Domini
974 2146 1167 2217 ligatus
1212 2141 1481 2213 egreditur
1534 2138 1734 2211 (Joan.

158 2244 281 2315 Η).

233 2341 292 2394 2.
340 2336 512 2393 Audio
543 2344 596 2389 te
628 2334 681 2388 in
700 2330 849 2388 brevi
877 2331 1139 2399 tempore,
1165 2325 1299 2381 duas
1322 2320 1658 2393 virgunculas
1681 2319 1740 2372 fi-
1766 2352 1771 2355 -

162 2433 267 2485 lias
289 2429 490 2499 junctis
521 2441 657 2495 pene
683 2423 939 2479 extulisse
959 2418 1254 2482 funeribus,
1274 2425 1326 2470 et
1345 2413 1738 2484 pudicissimam

161 2536 229 2575 ac
262 2519 572 2574 fidissimum
613 2515 892 2584 conjugem
920 2521 1063 2565 tuam
1105 2507 1441 2569 Faustinam,
1486 2504 1594 2556 imo
1620 2499 1738 2554 fidei

162 2613 346 2667 ealore
372 2620 704 2679 germanam,
735 2605 787 2658 in
834 2618 937 2671 qua
974 2600 1087 2655 sola
1113 2606 1238 2670 post
1279 2595 1505 2649 amissos
1542 2593 1739 2646 liberes

164 2700 588 2773 acquieseebas,
630 2696 803 2750 subita
850 2693 947 2747 tibi
1012 2691 1334 2745 dormitione
1375 2686 1735 2740 subtractam:

162 2792 319 2863 quasi
349 2791 392 2846 si
419 2790 702 2857 naufragus
722 2787 773 2839 in
795 2784 972 2837 littore
992 2782 1228 2834 latrones
1248 2776 1511 2846 reperiat,
1540 2781 1594 2829 et
1613 2776 1738 2841 jux-

166 2894 223 2936 ta
273 2882 482 2950 eloqnia
557 2875 941 2945 Prophetarum
998 2872 1207 2940 fugiens
1264 2882 1490 2930 ursum,
1542 2863 1741 2918 incidat

166 2973 221 3025 in
269 2970 478 3023 leonem
513 2964 955 3032 :extenden’sque
1009 2974 1224 3014 manum
1267 2957 1332 3011 ad
1383 2956 1658 3024 parietem,
1706 2960 1739 3006 a’

164 3060 390 3115 colubro
407 3057 731 3112 mordeatur.
763 3055 1058 3107 Consecuta
1110 3048 1187 3102 rei
1221 3046 1498 3100 familiaris
1522 3044 1735 3107 damna,

162 3153 521 3207 vastationem
555 3148 719 3200 totius
747 3144 973 3198 barbaro
1013 3139 1166 3192 hoste
1219 3135 1540 3206 provinciae,
1584 3142 1638 3186 et
1686 3132 1739 3185 in

162 3241 438 3298 communi
467 3235 879 3306 depopulatione
926 3220 1157 3300 privatas
1188 3224 1581 3296 possessionum
1625 3224 1741 3274 tua-

163 3349 285 3387 rum
311 3332 527 3385 ruinas:
554 3328 768 3381 abactos
781 3332 1144 3377 armentorum
1171 3331 1234 3370 ac
1256 3328 1504 3384 pecorum
1533 3324 1736 3380 greges:

164 3426 381 3479 Vinctos
401 3420 710 3487 occisosque
736 3414 1011 3474 servulos;
1058 3419 1111 3465 et
1146 3408 1198 3462 in
1243 3406 1394 3459 unica
1423 3403 1550 3464 filia,
1581 3415 1738 3471 quam

165 3516 260 3570 tibi
285 3524 391 3568 tam
422 3512 626 3566 crebra:
655 3507 912 3563 orbitates
938 3503 1172 3557 fecerant
1198 3497 1479 3560 cariorem,
1512 3494 1738 3548 eleCtum

167 3605 556 3661 nobilissimum
602 3612 877 3669 generum,
935 3610 998 3647 ex
1034 3606 1139 3662 quo
1181 3598 1237 3643 ut
1282 3586 1458 3641 omnia
1513 3594 1736 3649 taceam,-

166 3699 287 3768 plus
305 3693 571 3754 maeroris,
599 3706 753 3761 quam
781 3687 956 3758 gaudii
980 3682 1278 3751 suscepisti.
1314 3680 1409 3733 llic
1434 3688 1512 3731 est
1536 3676 1739 3732 catalo-

169 3766 265 3859 gus
299 3787 647 3842 tentationum
675 3793 904 3841 tuarum,
934 3778 1048 3830 lucc
1074 3790 1195 3827 cum
1222 3772 1432 3825 Juliano
1460 3766 1741 3839 tyruncuio

168 3858 387 3943 Christi,
420 3880 591 3944 pitgna
615 3872 785 3925 hostis
810 3868 1035 3935 antiqui.
1072 3865 1202 3930 Qua:
1231 3861 1275 3914 si
1306 3859 1372 3914 ad
1395 3869 1446 3913 te
1465 3858 1739 3925 respicias,

169 3969 387 4040 grandia
420 3976 543 4019 sunt
568 3964 647 4027 ;si
675 3962 739 4014 ad
771 3958 1080 4012 bellatorem
1104 3952 1474 4011 fortissimum,
1507 3946 1660 3999 ludus
1690 3952 1745 3999 ct

170 4034 356 4114 umbra
383 4051 710 4109 certaminis.
734 4039 899 4103 Beato
929 4044 1031 4099 Job
1058 4050 1176 4111 post
1199 4040 1456 4093 malorum
1475 4034 1742 4097 examina,

169 4160 307 4202 uxor
339 4144 567 4213 pessima
594 4145 873 4207 reservata
899 4142 1003 4197 est,
1039 4141 1091 4184 ut
1118 4144 1214 4198 per
1237 4141 1355 4181 eam
1377 4125 1608 4178 disceret
1634 4119 1747 4175 bla-

171 4237 475 4307 sphemarc.
505 4218 622 4286 Tibi
667 4227 867 4283 sublata
912 4232 995 4278 est
1030 4221 1226 4287 Optima
1248 4258 1263 4282 ,
1317 4225 1374 4268 ut
1410 4214 1744 4268 miseriarum

170 4306 417 4380 solatium
440 4314 891 4390 perdet-eleiud
963 4310 1123 4383 793
1197 4315 1279 4363 est
1300 4306 1567 4361 sustinere
1589 4308 1747 4373 quam

176 4416 333 4480 nolis,
365 4410 504 4465 aliud
536 4408 843 4463 desiderare
872 4419 1031 4474 quam
1056 4402 1263 4470 diligas.
1290 4399 1386 4453 llle
1419 4398 1472 4451 in
1501 4404 1577 4450 tot
1601 4409 1746 4449 mor-

177 4505 317 4561 tibus
356 4503 580 4555 filiorum
613 4498 803 4552 dom’us
830 4512 940 4549 sua:
980 4493 1190 4548 ruinam
1224 4506 1388 4545 unum
1433 4487 1618 4543 habuit
1659 4499 1749 4541 se-

179 4596 438 4666 pulcrum,
479 4602 530 4647 et
560 4592 742 4645 scissis
771 4587 1005 4642 vestibus
1033 4612 1053 4650 ,-
1078 4595 1131 4639 ut
1161 4582 1397 4653 parentis
1426 4587 1751 4635 monstraret

178 4687 445 4751 affectum,
494 4683 777 4754 procidens
811 4681 861 4733 in
911 4689 1107 4733 terram
1160 4674 1421 4739 adoravit,
1472 4679 1527 4727 et
1572 4670 1747 4725 dixit:

181 4778 370 4832 Nudus
399 4776 525 4829 exivi
548 4774 610 4828 de
636 4784 775 4825 utero
800 4770 974 4823 matris
1021 4780 1164 4832 mete,
1210 4764 1376 4819 nudus
1427 4771 1474 4816 et
1525 4760 1748 4827 redeam,

181 4868 430 4922 Dominus
451 4865 605 4929 dedit,
624 4862 873 4916 Dominus
893 4857 1097 4912 abstulit
1118 4872 1137 4910 :
1154 4856 1280 4909 sicut
1297 4853 1513 4907 Domino
1539 4851 1750 4921 placuit,

179 4962 254 5014 ita
282 4960 472 5027 factum
500 4962 569 5007 est
590 4969 608 5005 :
637 4954 696 5005 sit
726 4966 905 5004 nomen
936 4946 1145 5000 Domini
1183 4944 1493 4997 benedictum
1525 4940 1665 5011 (Job
1698 4941 1750 4994 i.

180 5051 245 5105 3|
268 5049 310 5120 ).
338 5046 438 5108 Tu,
464 5054 521 5099 ut
545 5045 850 5113 parcissime
872 5042 1065 5105 dicam,
1095 5040 1234 5092 inter
1260 5036 1549 5090 multorum
1576 5034 1753 5088 ofticia

187 5140 626 5213 propinquorum,
652 5143 705 5188 et
729 5133 1068 5188 consolantes
1113 5128 1341 5193 amicos,
1378 5134 1591 5179 tuorum
1622 5138 1753 5178 exe—

250 5313 422 5377 meris
444 5309 569 5377 επίιξι
592 5320 816 5377 "tamen
846 5303 1084 5377 ευηιξξεείε
1107 5301 1356 5377 (metuit:

188 5361 492 5432 At—dei'nisso,
517 5373 622 5420 sive
645 5361 841 5432 dimisso
863 5361 1156 5432 {immediate
1176 5361 1301 5432 dixit
1319 5362 1522 5411 Hieron.
1547 5374 1643 5432 pou
1677 5361 1760 5411 dc-

354 5424 585 5497 synttiesi,
608 5440 664 5497 ut
692 5431 810 5497 nihil
844 5424 1079 5497 dicamus,
1114 5437 1258 5486 quam
1291 5424 1591 5473 incommodo
1611 5435 1760 5472 sensu

190 5489 462 5561 Synthqsﬁim
484 5493 602 5561 lieic
617 5491 708 5540 loci
726 5489 1160 5561 conmuniscaptur.

248 5544 333 5621 iiii
357 5556 679 5621 Martiantcus,
699 5551 781 5601 ubi
801 5547 947 5599 ubera
971 5548 1233 5607 vulnerum,
1259 5550 1353 5596 etc.
1376 5544 1519 5596 fuerit
1546 5551 1764 5606 typogra-

189 5615 390 5681 phorum
414 5615 619 5665 incuria.

1508 239 1832 296 EPISTULA
1871 226 2099 293 cxvui.

3304 240 3410 299 9st!

1840 350 1992 419 quias
2017 359 2327 419 prosecutus
2373 366 2456 409 es.
2497 348 2737 409 Perdidit
2758 355 2848 410 ille
2880 355 3037 410 simul
3066 340 3252 411 Omnes
3273 358 3409 413 divi-

1842 438 1941 492 tias
1959 480 1974 505 ,
2018 449 2071 521 et
2112 441 2521 496 succedentibus
2548 443 2651 497 sibi
2681 444 2939 498 malorum
2972 444 3172 501 nuntiis
3196 445 3261 500 ad
3290 447 3410 502 uin-

1838 529 1987 597 gulas
2018 529 2198 598 plagas
2225 532 2296 599 (b)
2338 531 2627 587 feriebatur
2657 534 2973 599 immobilis,
3030 537 3305 604 complens
3354 532 3407 594 in

1838 626 1897 672 se
1924 620 2051 673 illud
2079 620 2144 676 de
2178 621 2427 692 Sapiente
2472 625 2817 692 praeconium.
2853 624 2911 678 Si
2939 630 3129 694 fractus
3172 628 3411 684 illabatur

1840 708 1974 762 orbis
1992 724 2011 760 :
2033 708 2353 777 lmpavidum
2371 714 2548 780 ferient
2565 713 2725 766 ruinae
2742 712 3010 782 (Horatius
3029 716 3116 769 lib.
3138 717 3191 771 5.
3218 716 3409 789 0&2).

1839 796 1956 850 Tibi
1983 798 2155 866 major
2185 812 2306 865 pars
2323 799 2578 854 derelicta
2606 802 2918 866 substantia,
2962 813 3020 857 ut
3062 814 3263 859 tantum
3299 806 3413 863 ten?-

1842 887 1985 949 teris,
2015 898 2267 955 quantum
2292 889 2433 944 ferre
2465 900 2632 959 potes.
2650 878 2885 946 Necdum
2903 895 3043 947 enim
3065 895 3129 947 ad
3150 910 3273 949 eum
3292 898 3415 966 per-~

1841 975 2030 1067 venisti
2053 976 2278 1045 gradum
2303 1016 2318 1043 ,
2346 986 2403 1031 ut
2429 979 2554 1032 totis
2578 980 2865 1035 adversum
2895 991 2946 1036 te
2984 984 3165 1041 cuneis
3193 984 3414 1040 dimice-

1841 1072 1944 1118 tur.

1908 1157 1962 1211 3.
2005 1157 2161 1211 Dives
2179 1154 2446 1227 quondam
2470 1160 2738 1226 dominus,
2770 1170 2824 1218 et
2849 1163 3015 1218 ditior
3037 1173 3201 1232 pater,
3232 1166 3412 1222 subito

1838 1247 2001 1301 orbus
2044 1257 2099 1302 et
2144 1244 2316 1303 nudus
2359 1259 2463 1305 est.
2517 1252 2756 1320 Cumque
2804 1252 2856 1305 in
2904 1254 3149 1308 omnibus
3180 1256 3262 1309 his
3290 1272 3411 1325 qua:

1837 1341 2171 1409 contigerant
2208 1342 2279 1406 ei,
2327 1358 2433 1397 non
2478 1352 2750 1413 peCcasset
2786 1357 2969 1398 coram
3014 1345 3262 1411 Domino,
3309 1363 3408 1402 nec

1838 1432 2123 1502 quidquam
2155 1433 2359 1487 looutu's
2386 1445 2529 1489 esset
2560 1435 2852 1503 insipiens:
2886 1437 3129 1490 exultans
3152 1438 3411 1495 Dominus

1839 1523 1891 1576 in
1924 1524 2144 1577 victoria
2173 1524 2353 1578 famuli
2384 1526 2485 1587 sui,
2518 1534 2571 1579 et
2602 1527 2745 1579 illius
2775 1527 3080 1594 patientiam
3122 1542 3276 1582 suum
3304 1529 3407 1583 dn-

1838 1626 1965 1667 cens
2013 1614 2357 1682 triumphttm,
2390 1614 2523 1669 dixit
2562 1616 2627 1668 ad
2676 1608 3412 1675 diabolum:Animadvertisti

1838 1703 2086 1771 famulum
2114 1720 2279 1758 meum
2306 1704 2406 1757 Job
2429 1721 2448 1757 :
2475 1707 2592 1773 quia
2618 1723 2717 1759 non
2745 1719 2814 1760 est
2839 1710 3104 1776 quisquam
3143 1712 3190 1762 ei
3229 1708 3412 1766 similis

1836 1802 1988 1861 super
2030 1786 2250 1846 terram?
2301 1793 2466 1848 Homo
2511 1796 2770 1861 innocens,
2820 1812 2961 1850 verus
2992 1796 3083 1868 [aL
3114 1799 3289 1868 verax]
3312 1792 3412 1854 Dei

1837 1878 2019 1943 cultor,
2042 1881 2296 1934 abstinens
2316 1898 2368 1935 se
2387 1883 2448 1935 ab
2475 1885 2611 1936 omni
2631 1885 2785 1949 malo,
2825 1894 2871 1937 et
2895 1859 3061 1939 adhuc
3088 1859 3410 1955 perseverans

1838 1970 1890 2023 in
1926 1971 2209 2023 innocentia
2240 1969 2359 2037 (Job
2399 1971 2453 2024 2.
2494 1973 2572 2041 5);
2607 1973 2836 2028 Pulchre
2865 1974 3068 2028 addidit
3105 1993 3118 2029 :
3151 1975 3216 2028 Et
3244 1977 3414 2032 adhuc

1838 2064 2156 2129 perseverans
2199 2061 2251 2114 in
2290 2063 2607 2126 innocentia;
2639 2064 2759 2132 quia
2790 2063 3011 2119 difficile
3039 2074 3125 2119 est
3173 2081 3412 2134 pressam

1839 2150 1995 2203 malis
2021 2149 2404 2214 innocentiam,
2431 2162 2536 2205 non
2557 2152 2779 2207 dolere:
2813 2163 2862 2206 et
2888 2153 2988 2207 hoc
3019 2154 3137 2222 ipso
3168 2154 3270 2209 fide
3300 2170 3407 2209 non

1839 2240 2146 2309 periclitari,
2180 2240 2321 2309 quod
2350 2256 2408 2295 se
2435 2241 2611 2295 videat
2636 2243 2830 2311 injuste
2860 2244 3126 2298 sustinere
3151 2244 3292 2312 quod
3321 2245 3417 2313 pai-

1840 2328 1986 2384 titiir.
2016 2332 2093 2384 Ad
2122 2347 2241 2398 qua:
2263 2331 2596 2401 respondens
2635 2332 2878 2387 diabolus
2911 2333 3158 2400 Domino,
3187 2333 3294 2388 ait:
3319 2333 3417 2388 (Jo-~

1838 2421 1969 2472 rium
1990 2435 2081 2488 pro
2106 2421 2265 2484 corio,
2293 2431 2339 2473 et
2359 2422 2550 2485 omnia,
2574 2434 2685 2490 qua:
2705 2422 2933 2475 habuerit
2955 2424 3125 2486 homo,
3152 2423 3289 2475 dabit
3321 2422 3417 2490 pro

1838 2512 2007 2564 anima
2031 2527 2145 2564 sua.
2178 2511 2284 2565 Sed
2308 2512 2517 2565 extende
2543 2514 2746 2565 manum
2770 2523 2930 2579 tuam,
2970 2523 3019 2566 et
3044 2523 3193 2583 tange
3211 2530 3345 2577 ossa,
3367 2502 3418 2568 εἰ

1839 2618 2014 2655 carnes
2037 2603 2167 2670 ejus,
2193 2603 2292 2655 nisi
2329 2603 2380 2655 in
2414 2603 2593 2672 facient
2624 2604 2929 2657 benedixcrit
2955 2603 3043 2656 tibi
3072 2604 3195 2671 (Job
3234 2604 3287 2658 4.
3332 2602 3413 2676 5).

1840 2690 2227 2745 Callidissimus
2255 2691 2593 2745 adversarius
2623 2701 2677 2746 et
2703 2692 3028 2746 inveteratus
3053 2693 3260 2748 dierum
3287 2710 3424 2749 ma--

1841 2779 2032 2842 lorum,
2060 2781 2206 2833 novit
2235 2780 2335 2833 alia
2366 2794 2483 2834 esse
2513 2796 2630 2850 qua:
2681 2783 3016 2835 extrinsecus
3060 2783 3189 2849 sint,
3239 2792 3295 2836 et
3333 2771 3412 2854 (εγ

1841 2869 2178 2938 Pliilosopli‘is
2204 2878 2415 2939 quoque
2454 2869 2633 2923 mundi
2660 2874 2913 2941 ἀδιάφορα,
2946 2870 3048 2924 hoc
3076 2880 3179 2937 est,
3208 2871 3425 2938 indi/fe-

1840 2962 1999 3013 rentia
2026 2962 2385 3023 nominentur,
2414 2961 2463 3013 in
2487 2962 2779 3028 eurumque
2800 2962 3087 3015 amissione
3104 2972 3262 3031 atque
3287 2972 3411 3019 cort-

1842 3058 2040 3117 temptu
2068 3050 2352 3118 perfectam
2385 3065 2489 3103 non
2518 3058 2637 3103 esse
2665 3050 2948 3104 virtutem:
2972 3052 3071 3105 alia
3091 3068 3209 3120 qua:
3227 3053 3420 3108 iutrin-'

1840 3154 1993 3191 secus
2022 3148 2075 3192 et
2104 3138 2405 3192 desiderata
2432 3149 2623 3207 cogant
2668 3139 2851 3193 dolere
2881 3140 3211 3208 perdentem.
3262 3139 3420 3199 Unde'

1841 3229 2094 3283 audacter
2127 3230 2217 3283 Dei
2245 3230 2418 3283 renuit
2445 3230 2807 3298 prsidicationi
2833 3229 2924 3300 (nl.
2953 3232 3415 3307 pra-dicationem],

1841 3320 2393 3389 etdieitn‘equaquam
2415 3335 2535 3373 eum
2559 3318 2755 3375 debere
2777 3321 3019 3388 laudari,
3328 3328 3421 3395 qui

1842 3409 1971 3464 nihil
1996 3410 2063 3464 de
2083 3419 2159 3474 se,
2189 3409 2282 3464 sed
2316 3419 2482 3464 totum
2502 3411 2653 3465 estra
2680 3424 2742 3464 se
2764 3410 2993 3480 dederit,
3021 3415 3110 3482 qui
3142 3430 3241 3483 pro
3267 3414 3421 3471 corid

1841 3510 1940 3554 Suo
1969 3501 2112 3554 coria
2156 3498 2410 3553 obtulerit
2453 3499 2705 3566 filiorum,
2754 3509 2809 3553 et
2854 3499 3164 3570 deposuerit
3204 3505 3413 3559 marqu

1842 3590 2008 3658 pium,
2056 3598 2115 3643 ut
2150 3588 2357 3644 fruatur
2407 3590 2651 3658 corporis
2696 3591 2946 3644 sanitate.
2979 3589 3133 3646 Unde
3159 3591 3421 3663 intelligat

1843 3681 2124 3750 prudentia
2153 3691 2238 3736 tua
2265 3696 2439 3748 usque
2481 3679 2547 3733 ad
2596 3679 2738 3735 hunc
2784 3682 3067 3736 terminum
3110 3683 3427 3751 pervenisse"

1845 3773 2168 3825 tentationes
2199 3779 2337 3835 tuas,
2362 3779 2418 3824 et
2442 3768 2656 3823 dedisse
2688 3778 2741 3822 te
2764 3771 2967 3822 corium
3000 3784 3096 3837 pro
3117 3772 3285 3837 corio,
3309 3770 3429 3840 pel-

1846 3859 1946 3912 lem
1973 3875 2067 3926 pro
2096 3859 2252 3926 pelle,
2282 3860 2589 3925 omniaque,
2612 3871 2731 3925 qua:
2751 3856 2915 3909 babes
2936 3857 3018 3925 (ά)
3043 3868 3283 3924 paratum
3305 3854 3430 3916 esse'

1846 3949 1973 4003 dare
2018 3959 2117 4017 pro
2153 3949 2327 4001 anima
2359 3957 2483 4001 tua:
2515 3947 2746 4002 necdum
2772 3955 2949 4000 autem
2978 3954 3250 4000 extentam
3281 3946 3336 4001 in
3364 3947 3420 4002 te.l

1848 4055 2063 4094 manum
2096 4040 2209 4104 Dei,
2244 4053 2342 4092 nec
2371 4045 2541 4093 tactas
2580 4051 2791 4105 carnes,
2824 4051 2926 4092 nec
2970 4050 3093 4092 ossa
3131 4037 3424 4104 confracta,

1848 4130 1914 4184 ad
1942 4143 2165 4198 quorum
2190 4127 2429 4182 dolorem
2461 4127 2680 4182 difficile
2706 4136 2788 4182 cst
2823 4142 2931 4181 non
2957 4127 3338 4195 ingemiscere;
3368 4138 3425 4183 et

1849 4219 1903 4275 in
1947 4219 2137 4274 faciem
2173 4220 2280 4273 Deo
2310 4218 2649 4283 benedicere,
2681 4232 2777 4287 pro
2798 4232 2864 4272 eo
2893 4217 3033 4287 quod
3064 4226 3165 4282 est,
3197 4218 3427 4273 maledi-

1850 4326 1998 4366 cere.
2031 4308 2179 4365 Undc
2208 4319 2260 4363 et
2288 4303 2529 4363 Nabutha
2558 4309 2609 4362 in
2634 4308 2838 4377 Regum
2871 4308 3021 4363 libris
3042 4308 3235 4365 dicitur
3261 4310 3430 4365 benc-

1851 4400 2049 4453 dixisse
2066 4400 2252 4463 Deum,
2281 4408 2337 4453 et
2363 4412 2562 4468 regem,
2595 4405 2650 4451 et
2676 4396 2874 4451 idcirco
2892 4396 3159 4466 lapidatur
3179 4413 3207 4451 a
3233 4396 3432 4468 populo

1852 4492 1933 4560 (5.
1964 4489 2092 4561 Reg.
2122 4489 2238 4560 2!).
2262 4488 2447 4544 Sciens
2476 4496 2651 4541 autem
2682 4487 2940 4543 Dominus
2967 4487 3220 4542 athletam
3243 4503 3423 4553 suum,

1854 4582 1962 4636 imo
1989 4582 2158 4635 virum
2186 4579 2534 4634 fortissimum
2566 4578 2727 4632 etiam
2763 4578 2817 4632 in
2856 4578 2957 4631 isto
2985 4586 3225 4630 extremo
3250 4576 3429 4643 perfe—

1853 4683 2045 4744 ctoque
2072 4673 2367 4728 certamine
2389 4686 2494 4725 non
2536 4684 2693 4739 posse
2724 4666 3001 4738 superari:
3031 4664 3186 4727 Ecce,
3235 4665 3431 4732 inquit,

1857 4765 2004 4818 trado
2033 4763 2181 4818 illum
2211 4763 2298 4817 tibi
2322 4777 2341 4815 .'
2372 4770 2567 4815 tantum
2590 4760 2813 4813 animam
2844 4755 2984 4808 illius
3009 4752 3209 4806 custodi
3238 4751 3356 4822 (Job
3372 4753 3428 4806 2.

1857 4856 1936 4925 6).
1967 4855 2116 4909 Cano
2141 4868 2248 4906 vim
2273 4866 2460 4905 SANCTI
2487 4849 2641 4901 datur
2688 4848 2739 4899 in
2784 4842 2978 4898 diaboli
3010 4849 3346 4911 potestatem,
3375 4842 3432 4895 et

1857 4946 2049 4998 anima:
2079 4944 2280 4996 sanitas
2303 4946 2612 4994 reservatur
2635 4952 2646 4987 :
2671 4938 2737 4987 ne
2759 4934 2803 4987 si
2829 4931 2955 4986 illud
2988 4931 3353 5000 percussisset,
3384 4931 3436 4984 in

1858 5052 1964 5105 quo
1986 5048 2175 5088 sensus
2206 5039 2288 5084 est
2319 5028 2619 5094 mentisque
2645 5025 2923 5094 judicium,
2966 5038 3071 5077 non
3115 5030 3256 5077 esset
3280 5023 3436 5092 culpa

1860 5123 2153 5193 peccantis,
2185 5118 2279 5173 sed
2307 5118 2422 5186 ejus
2452 5115 2542 5185 qui
2569 5124 2760 5169 statum
2791 5113 2980 5166 mentis
3006 5120 3290 5166 everterat.

1931 5234 1996 5358 (b)
2036 5235 2284 5284 Erasmum
2307 5238 2507 5279 secutus
2530 5228 2684 5276 editor
2707 5223 3061 5295 Benedictinus
3085 5220 3343 5282 ferebatur.

1931 5301 1974 5358 (ε
2029 5288 2664 5358 uastippleﬁmuge‘
2690 5287 2867 5347 quibus
2886 5286 3073 5358 passim
3116 5283 3343 5358 editi-sul

1927 5282 1996 5359 (c)
2029 5282 2664 5359 ita_stipjile\imu_s_e”Mss.
2690 5286 2867 5359 quibus
2885 5286 3073 5359 passim
3116 5283 3231 5359 edit‘i
3270 5282 3441 5331 suffraA

1866 5343 2055 5421 gantim,
2081 5343 2297 5409 Erasmo,
2336 5360 2385 5399 et
2423 5343 2965 5421 biartianzco'excejtis,
2993 5344 3075 5405 qui
3120 5343 3322 5390 verbum
3358 5357 3443 5392 no-

1866 5405 2125 5473 minentur,
2152 5421 2202 5462 et
2224 5405 2315 5474 que
2331 5409 2723 5474 conjunctionem
2747 5405 2991 5474 omittunt.

1931 5462 2310 5539 (d)'7Eu'iend;int
2329 5462 2645 5539 Veronenses
2665 5466 2975 5539 membrana),
3002 5476 3112 5523 cum
3134 5467 3279 5511 antea
3299 5462 3445 5526 longe

1871 5526 2231 5598 ab‘fiieronymi
2269 5540 2435 5584 mente
2460 5537 2511 5581 et
2543 5531 2802 5578 contextus
2824 5526 2956 5574 serie
2991 5532 3125 5575 esset
3148 5536 3322 5587 parum
3362 5538 3449 5587 pro

1875 5605 2112 5659 paratum.
