4026 6186
618 232 720 302 965

687 355 742 408 4.
784 349 1031 406 Laudent
1053 352 1179 411 ergo
1209 348 1258 393 te
1285 327 1399 398 alii,
1447 338 1502 386 et
1545 334 1664 384 tuas
1705 331 1891 380 cootra
1919 318 2192 376 diabolum

621 443 874 498 victorias
915 409 1243 507 panegyricis
1285 427 1693 494 prosequantur,
1728 413 1869 485 quod
1898 414 2020 467 laeto
2047 409 2195 507 vultu

625 543 821 588 mortes
862 499 1323 579 tuleris—ﬁliarum,
1371 511 1512 582 quod
1564 513 1617 564 in
1667 503 2074 577 quadragesimo
2107 499 2194 553 die

625 615 957 676 dormitionis
987 623 1169 664 earum
1220 603 1502 672 lugubrem
1550 607 1752 652 vestem
1798 591 2112 654 mutaveris,
2145 596 2199 641 et

624 708 884 766 dedicatio
903 703 1103 757 ossium
1126 697 1372 767 Martyris
1391 692 1613 746 candida
1636 690 1729 743 tibi
1747 687 2061 742 vestimenta
2079 680 2200 735 red-

624 798 834 858 diderit,
860 802 916 848 ut
942 805 1048 846 non
1093 789 1322 844 sentires
1351 784 1589 838 dolorem
1621 777 1863 833 orbitatis
1892 784 2014 839 tum,
2038 785 2197 840 quem

623 889 806 943 civitas
827 884 1075 938 universa
1105 878 1347 938 sentiret,
1375 874 1468 928 sed
1506 871 1574 926 ad
1605 870 1930 937 triumphum
1957 861 2199 932 Martyris

624 976 892 1031 exultares
919 990 932 1026 ε
964 969 1105 1041 quod
1146 966 1539 1022 sanctissimam
1580 960 1860 1029 conjugem
1902 967 2044 1011 tuam
2093 968 2199 1008 non

622 1064 776 1134 quasi
806 1070 1091 1124 mortuam,
1128 1057 1221 1112 sed
1249 1055 1398 1125 quasi
1429 1051 1855 1123 proﬁciscentem
1890 1045 2196 1101 deduxeris.

633 1158 748 1225 Ego
780 1166 831 1209 te
857 1159 1189 1222 netjuaquam
1219 1145 1525 1201 adulatione
1556 1141 1841 1211 decipiam,
1873 1152 1974 1192 nec
1999 1135 2199 1189 ltibri‘ca

630 1244 787 1298 laude
808 1238 1182 1312 supplantabo.
1209 1237 1425 1304 Loquar
1453 1231 1583 1286 illud
1614 1231 1807 1300 potius,
1825 1225 1966 1297 quod
1990 1225 2082 1278 tibi
2110 1239 2205 1277 au-

627 1333 742 1388 dire
769 1330 1046 1386 conducit:
1081 1326 1188 1380 Fili
1209 1324 1448 1377 accedens
1470 1322 1536 1375 ad
1555 1321 1839 1375 servitutem
1861 1317 1974 1381 Dei,
2001 1330 2204 1384 pra'pa-

628 1430 738 1475 rato
756 1421 976 1472 animam
998 1427 1135 1470 tuam
1155 1414 1223 1466 ad
1239 1413 1561 1466 mutationem
1583 1409 1769 1479 (Eccli.
1790 1407 1844 1459 2.
1872 1407 1959 1475 1);
1985 1415 2059 1470 et,
2077 1402 2206 1458 Cum

628 1511 799 1564 omnia
828 1508 1023 1577 feceris,
1056 1504 1231 1569 dicito,
1267 1503 1456 1557 Servus
1479 1501 1670 1553 inutilis
1690 1514 1800 1552 sum
1819 1513 1837 1550 :
1858 1496 1953 1568 feci
1973 1496 2107 1564 quod
2128 1497 2210 1564 fa-

629 1619 741 1656 cere
781 1600 928 1655 debui
971 1598 1120 1671 (Luc.
1168 1598 1257 1650 l7.
1292 1594 1405 1661 10).
1453 1590 1643 1647 Tulisli
1672 1590 1890 1654 liberos,
1929 1600 2063 1656 quos
2093 1586 2208 1655 ipse

630 1694 893 1749 dederas:
922 1688 1171 1758 recepisti
1197 1686 1472 1748 ancillam,
1495 1697 1652 1750 quam
1679 1680 1809 1735 mihi
1833 1678 1904 1733 ob
1928 1678 2091 1732 breve
2115 1690 2206 1731 sos

631 1785 815 1837 latium
835 1780 1287 1836 commodaveras.
1314 1775 1430 1829 Non
1449 1773 1757 1837 contristor;
1777 1769 1917 1838 quod
1935 1768 2206 1838 recepisti,

631 1873 726 1930 sed
757 1888 856 1942 ago
885 1870 1104 1940 gratias,
1129 1867 1271 1937 quod
1302 1863 1514 1918 dedisti.
1539 1861 1818 1928 Quondam
1857 1859 2006 1913 dives
2032 1857 2212 1910 adole-

632 1975 790 2019 scens
817 1965 1018 2027 omnia,
1048 1975 1166 2029 qua:
1190 1959 1241 2011 in
1266 1957 1407 2025 Lege
1425 1960 1687 2023 praecepta
1714 1956 1855 2016 sunt,
1873 1964 1932 2004 se
1957 1948 2211 2018 implesse

629 2054 896 2123 jactahat:
929 2050 994 2104 ad
1017 2062 1173 2118 quem
1203 2047 1458 2100 Dominus
1486 2044 1537 2097 in
1570 2041 1878 2109 Evangelio,
1911 2039 2102 2104 Unum,
2130 2039 2212 2092 in-

629 2145 765 2211 quit,
799 2142 887 2194 tibi
915 2142 1092 2193 dcest:
1118 2138 1179 2192 Si
1217 2139 1290 2190 vis
1334 2136 1579 2205 perfectas
1651 2133 1811 2203 795
1883 2146 2008 2194 esse,
2063 2130 2207 2195 vade,

630 2232 785 2284 vende
813 2231 1000 2293 omnia,
1045 2244 1157 2298 quae
1185 2227 1354 2290 habes,
1381 2233 1425 2278 et
1455 2225 1523 2277 da
1553 2222 1893 2294 pauperibus:
1915 2229 1960 2274 et
1980 2220 2111 2286 veni,
2133 2235 2214 2272 se-

631 2332 781 2389 quere
811 2333 886 2374 me
915 2319 1126 2391 (Matth.
1156 2318 1244 2372 19.
1276 2314 1391 2388 2|).
1424 2315 1525 2382 Qui
1554 2313 1733 2368 omnia
1763 2327 1822 2367 se
1850 2311 2044 2366 fecisse
2069 2309 2214 2364 dice-

632 2416 742 2479 bat,
769 2415 822 2468 in
859 2414 1030 2482 primo
1053 2413 1347 2467 certamine
1373 2408 1587 2462 divitias
1616 2405 1834 2460 vincere
1876 2417 1980 2458 non
2010 2409 2209 2472 potest.

634 2504 784 2560 Unde
815 2513 868 2557 ct
897 2503 1115 2557 difﬁcile
1158 2503 1361 2555 intrant
1404 2499 1595 2553 divites
1626 2498 1676 2549 in
1709 2510 1869 2564 regna
1911 2495 2210 2549 caelorum:

635 2608 752 2662 qm:
779 2594 1080 2662 expeditos,
1113 2601 1168 2646 et
1197 2593 1402 2645 alarum
1446 2589 1663 2642 levitate
1690 2587 1968 2650 subnixos,
1999 2584 2211 2638 habita-

635 2694 780 2739 tores
808 2683 1136 2736 tlesidcrant.
1179 2681 1334 2742 Vade,
1367 2679 1559 2748 inquit,
1590 2687 1634 2730 et
1662 2676 1838 2740 vende,
1869 2689 1976 2728 non
2004 2682 2211 2743 partem

634 2775 965 2836 substantiae,
994 2773 1088 2828 sed
1118 2772 1350 2825 universa
1382 2784 1496 2839 qua!
1523 2767 1767 2836 possides,
1801 2774 1844 2818 et
1873 2765 1941 2818 da
1970 2764 2212 2834 pauperi-

635 2867 764 2921 bus:
788 2881 892 2920 non
910 2865 1115 2926 amicis,
1141 2879 1248 2917 nun
1273 2859 1705 2929 consanguineis,
1734 2872 1842 2911 non
1873 2855 2209 2926 propinquis,

637 2973 746 3011 non
801 2957 974 3020 uxori,
1023 2971 1129 3008 non
1175 2954 1386 3016 liberis;
1419 2954 1538 3019 plus
1567 2949 1767 3018 aliquid
1811 2947 2041 3003 addam:
2072 2947 2213 3002 Nihil

635 3047 727 3100 tibi
755 3061 816 3100 ex
839 3045 1088 3100 omnibus
1118 3051 1262 3098 metu
1285 3042 1475 3111 inopiae
1503 3053 1802 3103 reservans,
1831 3053 1898 3092 ne
1918 3052 2039 3092 eum
2067 3039 2214 3091 Ana-

634 3140 721 3193 nia
767 3138 1063 3202 damneris,
1113 3144 1169 3190 et
1210 3134 1470 3204 Sapphira
1503 3133 1636 3202 (Act.
1669 3130 1757 3200 5),
1789 3129 1882 3184 sed
1910 3129 1978 3184 da
2022 3137 2214 3185 cuncta

634 3228 978 3299 pauperibus,
1008 3235 1061 3280 et
1091 3225 1173 3279 fac
1213 3224 1304 3278 tibi
1347 3225 1548 3277 amicos
1574 3220 1642 3275 de
1672 3221 1858 3289 iniquo
1885 3232 2211 3285 mammona,

634 3320 725 3389 qui
759 3328 810 3374 te
839 3318 1100 3386 recipiant
1127 3316 1179 3370 in
1212 3325 1413 3368 aeterna
1442 3312 1782 3367 tabernacula
1807 3309 1957 3382 [Lua
1989 3308 2080 3380 l6]
2113 3307 2212 3381 (a),

635 3419 694 3463 ιιι
722 3425 808 3462 me
837 3407 1100 3476 sequaris,
1134 3413 1188 3458 ut
1221 3403 1502 3457 Dominum
1553 3400 1759 3464 mundi,
1811 3399 2213 3469 possessionem

636 3497 864 3558 habeas;
919 3502 976 3549 nt
1025 3494 1198 3564 possis
1227 3507 1421 3546 canere
1462 3505 1583 3545 eum
1611 3489 1876 3559 Propheta
1902 3505 1917 3543 :
1942 3487 2076 3542 Pars
2104 3504 2216 3542 mea

635 3587 887 3641 Dominus
940 3583 1057 3656 (Ps.
1104 3573 1196 3636 l5.
1241 3582 1294 3636 5.
1327 3589 1375 3634 et
1401 3580 1471 3634 79.
1532 3578 1648 3649 26),
1681 3587 1736 3633 et
1762 3585 1821 3632 ut
1846 3591 2004 3632 verus
2031 3577 2214 3632 Levita

636 3676 768 3730 nihil
787 3675 852 3729 de
877 3683 1093 3728 terrena
1111 3670 1424 3725 haereditate
1451 3667 1750 3738 possideas.
1783 3667 1852 3722 Et
1878 3667 1980 3722 hoc
2004 3666 2212 3722 hortor:

637 3765 692 3822 Si
714 3767 798 3820 vis
821 3781 945 3820 esse
971 3764 1260 3834 perfectus,
1287 3760 1332 3814 si
1359 3760 1680 3830 Apostolicte
1700 3758 1975 3828 dignitatis
1999 3757 2212 3812 culmen

639 3858 811 3928 eupis,
841 3857 885 3911 si
916 3856 1124 3911 sublata
1145 3867 1307 3908 cruce
1323 3851 1592 3907 Christum
1609 3849 1782 3919 sequi,
1813 3847 1857 3903 si
1876 3848 2216 3918 apprehenso

637 3959 838 4012 aratro,
864 3963 969 4002 non
996 3946 1266 4016 respicere
1295 3951 1417 4014 post
1431 3951 1660 4010 tergum,
1682 3942 1727 3996 si
1755 3941 1809 3994 in
1837 3939 2053 3995 sublimi
2077 3947 2217 3994 tecto

638 4039 865 4109 positus,
893 4037 1116 4106 pristina
1146 4035 1462 4089 vestimenta
1493 4031 1827 4093 contemnis;
1857 4038 1913 4084 et
1942 4039 1998 4083 ut
2017 4029 2218 4084 evadas

637 4129 944 4199 {Egyptiam
963 4127 1255 4190 dominam,
1273 4125 1450 4179 surculi
1468 4124 1684 4194 pallium
1702 4122 2040 4190 derelinquas
2057 4119 2212 4190 (Gen.

637 4216 752 4287 ‘59).
781 4215 932 4271 Unde
952 4224 1007 4269 ct
1035 4215 1179 4269 Elias
1203 4213 1271 4269 ad
1299 4216 1560 4269 cartorum
1603 4227 1770 4281 regna
1799 4210 2077 4276 festinans,
2107 4225 2216 4264 non

640 4317 816 4378 potest
842 4309 920 4362 ire
943 4322 1065 4361 cum
1084 4306 1268 4376 pallio,
1288 4305 1381 4360 sed
1399 4305 1580 4360 mundi
1603 4305 1655 4358 in
1678 4303 1879 4358 mundo
1899 4303 2217 4358 vestimenta

637 4396 858 4452 dimittit
884 4397 960 4466 (4.
983 4397 1118 4467 Reg.
1144 4396 1224 4466 2).
1253 4395 1359 4450 Sed
1390 4396 1493 4449 hoc
1523 4395 1622 4460 ais,
1645 4394 1964 4462 Apostolicze
1989 4392 2219 4463 dignita-

639 4491 708 4544 tis
733 4498 834 4552 est,
866 4499 918 4542 ct
939 4487 1056 4557 ejus
1086 4487 1176 4556 qui
1204 4487 1328 4540 velit
1353 4501 1472 4541 esse
1497 4487 1784 4554 perfectus.
1817 4485 1924 4539 Cur
1956 4495 2135 4540 autem
2165 4492 2218 4539 et

638 4593 693 4636 tu
719 4581 856 4635 nolis
881 4595 1000 4636 esse
1029 4577 1336 4650 perfectus?
1356 4577 1467 4632 Cun
1490 4592 1578 4641 QUI
1605 4591 1656 4630 ut
1681 4577 1882 4630 sateulo
1906 4576 2111 4644 primus
2135 4591 2214 4641 es,

637 4687 745 4725 non
774 4670 826 4724 in
856 4669 1053 4724 Christi
1101 4666 1300 4722 familia
1335 4667 1536 4736 primus
1562 4663 1672 4718 sis?
1712 4665 1793 4717 An
1825 4663 1947 4732 quia
1995 4679 2217 4718 uxorem

639 4761 925 4816 habueris?
954 4759 1220 4813 llabuitet
1253 4757 1463 4821 Petrus,
1498 4763 1552 4809 et
1580 4761 1757 4808 tamen
1785 4767 1906 4808 cum
1939 4754 2040 4808 reti
2071 4768 2214 4821 eam,

639 4863 694 4910 et
723 4853 964 4908 navicula
990 4850 1296 4920 dereliquit.
1322 4847 1834 4904 Providentissimus
1865 4844 2142 4920 Dominus],
2165 4855 2220 4900 et

639 4946 878 4999 omnium
895 4943 1119 4997 salutem
1148 4940 1482 5005 desiderans,
1511 4938 1824 5006 malensque
1848 4937 2216 5006 paenitentiam

644 5035 942 5105 peccatoris
965 5046 1122 5104 quam
1155 5042 1406 5094 mortem,
1452 5029 1672 5084 abstulit
1703 5029 1796 5083 tibi
1827 5028 1966 5084 hanc
1996 5043 2220 5083 excusa-

642 5125 864 5188 tionem,
891 5133 948 5176 nt
974 5137 1077 5177 non
1113 5121 1200 5175 illa
1229 5131 1280 5176 te
1309 5119 1546 5176 retrahat
1573 5118 1640 5173 ad
1673 5127 1868 5185 terras,
1894 5119 1988 5173 sed
2016 5128 2070 5173 tu
2099 5134 2218 5173 eam

641 5215 883 5283 sequaris
910 5213 974 5265 ad
999 5212 1225 5280 paradisi
1255 5221 1416 5280 regna
1445 5209 1742 5264 trahentem
1773 5206 1866 5278 [aL
1891 5207 2214 5279 tendentem].

642 5302 790 5360 Bona
819 5304 999 5359 liberis
1030 5317 1205 5373 pares,
1258 5303 1346 5373 qui
1395 5310 1446 5358 tu
1489 5301 1556 5356 al.
1605 5300 1888 5355 hominum
1932 5284 2220 5370 [tl‘tlfCCSSC‘

707 5488 778 5547 (n)
815 5488 1014 5544 Quidam
1039 5489 1151 5537 Mss.
1175 5501 1268 5536 non
1290 5485 1382 5535 alio
1414 5494 1575 5536 tamen
1609 5497 1778 5542 sensu,
1823 5479 2032 5547 negandi
2070 5483 2217 5547 parti;

644 5541 801 5593 cnlain
829 5541 1223 5614 interseruut,_ut_
1257 5560 1330 5596 me
1367 5547 1601 5608 sequaris,
1647 5554 1697 5597 ut
1729 5541 1999 5605 Domininn,
2051 5541 2220 5594 mundi

648 5608 986 5656 wsscseionem
1023 5621 1112 5659 non
1141 5608 1335 5671 habeas,
1371 5622 1438 5667 lis,
1476 5616 1542 5658 atc

1927 204 2164 264 SANCTI
2205 201 2570 261 lllEl’lONYill

3803 190 3926 248 96b

2301 328 2452 385 runt;
2493 330 2549 376 ut
2577 329 2754 392 partes
2783 331 2968 374 eorum
2999 328 3105 371 non
3133 312 3187 367 in
3216 309 3435 366 divitias
3475 305 3691 363 sororis
3728 306 3926 375 proﬁ-

2303 410 2463 475 ciant,
2494 411 2588 466 sed
2635 412 2687 464 in
2729 407 3150 476 redemptionem
3181 403 3373 456 anima:
3414 408 3545 463 tute,
3595 406 3777 466 atque
3819 397 3923 450 ali-

2306 509 2482 553 menta
2513 501 2854 560 miscrorum.
2890 498 3012 551 llaac
3033 494 3252 549 monilia
3287 490 3409 545 ﬁlia:
3438 499 3544 543 tua:
3573 502 3605 541 a
3638 495 3693 541 te
3725 501 3917 555 expe-

2305 596 2453 652 tunt;
2508 589 2591 643 his
2635 588 2861 658 gemmis
2907 584 3088 640 ornari
3130 582 3306 650 capita
3351 595 3448 634 sua
3494 577 3712 632 volunt.
3755 576 3918 644 Quor)

2307 693 2603 733 pustrunuu
2645 687 2762 732 erat
2804 677 2859 730 in
2904 675 3101 738 serico,
3143 670 3338 725 vilibus
3366 681 3670 738 pauperum
3700 666 3918 721 tunicis

2305 780 2570 822 servetur.
2597 769 2864 836 Repetunt
2885 781 2915 820 a
2948 774 2999 819 te
3071 762 3235 834 796
3306 769 3485 828 partes
3508 772 3670 822 suas;
3694 757 3915 826 juncta:

2307 860 2518 929 Sponso
2546 859 2734 912 nolunt
2762 855 2931 911 videri
2961 866 3224 924 pauperes
3264 859 3320 906 et
3357 848 3644 919 ignobiles,
3681 848 3914 918 propria

2307 957 2618 1004 ornamenta
2641 947 2969 1002 desiderant.

2379 1039 2434 1093 5.
2475 1037 2584 1092 Nec
2607 1046 2710 1101 est,
2741 1035 2884 1106 quod
2910 1047 3134 1090 excuses
3153 1031 3484 1085 nobilitatem
3510 1037 3568 1084 et
3585 1028 3910 1084 divitiarum

2309 1127 2566 1199 pondera.
2598 1126 2828 1196 Respice
2871 1133 3116 1179 sanctum
3161 1122 3334 1176 virum
3378 1119 3814 1184 Pammachium,
3851 1128 3910 1174 et

2309 1217 2717 1272 ferventissime
2749 1215 2872 1270 ﬁdei
2899 1214 3181 1268 Paulinum
3223 1211 3631 1281 Presbyterum,
3664 1211 3758 1280 qui
3792 1225 3902 1264 non

2309 1307 2480 1360 solum
2518 1305 2754 1371 divitias,
2798 1303 2892 1360 sed
2920 1303 3129 1373 seipsos
3159 1302 3387 1358 Domino
3429 1301 3769 1356 obtulerunt.
3799 1301 3902 1368 Qui

2310 1404 2496 1450 contra
2527 1393 2725 1448 diaboli
2775 1388 3296 1462 tergiversationem,
3327 1405 3669 1460 nequaquam
3699 1391 3901 1460 pellem

2310 1501 2410 1556 pro
2437 1486 2597 1556 pelle,
2626 1484 2718 1540 sed
2740 1498 2952 1550 carnes,
2972 1491 3028 1538 et
3053 1497 3198 1549 ossa,
3219 1491 3272 1536 et
3288 1482 3496 1536 animas
3515 1496 3641 1536 suas
3668 1482 3902 1538 Domino

2311 1583 2712 1633 consecrarunt.
2745 1573 2850 1640 Qui
2879 1582 2932 1628 te
2973 1582 3028 1628 et
3053 1572 3322 1642 exemplo,
3353 1580 3410 1626 et
3434 1571 3676 1642 eloquio,
3708 1571 3762 1626 id
3792 1582 3898 1638 est,

2311 1677 2366 1724 et
2385 1682 2570 1738 opere,
2597 1675 2652 1722 et
2671 1667 2846 1736 lingua
2876 1673 3101 1736 possunt
3129 1664 3193 1719 ad
3223 1664 3425 1734 majora
3452 1665 3770 1734 perducere.
3792 1647 3906 1720 No-

2311 1757 2434 1811 bilis
2460 1771 2540 1823 es,
2571 1764 2626 1810 et
2654 1754 2752 1820 illi,
2784 1753 2880 1810 sed
2920 1755 2974 1809 in
3020 1753 3237 1810 Christo
3286 1753 3597 1810 nobiliores.
3652 1755 3818 1811 Dives
3847 1763 3905 1811 et

2314 1844 2629 1909 honoratus,
2661 1852 2716 1898 et
2743 1843 2840 1910 illi,
2872 1844 2981 1899 imo
3006 1858 3076 1898 ex
3102 1842 3354 1898 divitibus
3383 1853 3438 1898 et
3462 1844 3740 1900 honoratis
3767 1861 3905 1916 pau-

2313 1950 2470 2006 peres
2494 1943 2548 1989 et
2570 1933 2817 2003 ingloriit
2849 1942 2902 1989 et
2923 1933 3124 1988 idcirco
3147 1933 3394 2000 ditiores,
3412 1942 3464 1988 et
3480 1938 3649 2004 magis
3675 1935 3899 2007 inclyti,

2312 2025 2436 2095 quia
2461 2038 2559 2094 pro
2589 2023 2804 2078 Christo
2832 2037 3096 2093 pauperes
3116 2033 3171 2078 et
3194 2023 3517 2078 inhonorati.
3549 2023 3618 2078 Et
3659 2035 3722 2079 tu
3773 2027 3904 2094 qui-

2313 2115 2438 2172 dem
2469 2115 2763 2182 benelaeis,
2787 2115 2928 2184 quod
2957 2115 3276 2170 Sanctorum
3305 2114 3500 2170 diceris
3522 2115 3714 2170 usibus
3733 2117 3904 2172 mini-

2313 2218 2503 2273 strare,
2537 2208 2717 2262 fovere
2747 2206 3061 2273 Monaehos,
3096 2207 3348 2262 Eeclesiis
3368 2206 3563 2262 oll’erre
3590 2222 3752 2277 quam
3784 2209 3902 2278 ιιιιμ

2315 2299 2471 2354 rima.
2501 2297 2608 2353 Sed
2635 2296 2751 2351 hare
2779 2296 3083 2353 rudimenta
3111 2306 3236 2352 sunt
3280 2297 3486 2352 militia:
3529 2304 3656 2352 tum.
3701 2297 3902 2353 Conte-

2315 2388 2454 2444 mnis
2479 2403 2692 2454 aurum,
2722 2395 3165 2457 contempserunt
3198 2396 3253 2444 et
3277 2387 3458 2442 mundi
3486 2386 3826 2459 Philosophi.
3859 2389 3900 2443 Β

2315 2480 2507 2550 quibus
2549 2479 2620 2550 (ὁ)
2672 2494 2829 2546 unus,
2860 2487 2918 2534 ut
2961 2487 3188 2534 caeteros
3211 2481 3425 2546 sileam,
3455 2480 3743 2535 multarum
3773 2496 3900 2551 pos-

2314 2568 2615 2624 sessionum
2649 2570 2877 2638 pretium
2907 2567 3132 2638 proiecit
3161 2569 3215 2622 in
3247 2568 3503 2638 pelagus:
3531 2569 3692 2625 Abite
3714 2571 3900 2625 dicens

2316 2659 2371 2714 in
2402 2658 2720 2729 profundum
2753 2659 2908 2712 make
2927 2659 3397 2729 cupiditates,,ego
3424 2674 3519 2713 vos
3545 2675 3812 2730 mergam,
3832 2677 3899 2716 ne

2315 2752 2432 2822 ipse
2473 2767 2686 2821 mergar
2710 2766 2740 2805 a
2773 2751 2944 2806 vobis.
2979 2749 3337 2820 Philosophus
3375 2751 3560 2821 gloria:
3588 2753 3815 2821 animal,
3848 2765 3901 2809 ct

2315 2842 2590 2913 popularis
2629 2856 2774 2897 aurae
2799 2841 2904 2897 vile
2931 2841 3282 2911 mancipium,
3314 2849 3479 2896 totam
3508 2845 3667 2897 simul
3703 2843 3795 2916 [ει.
3823 2861 3900 2899 se-

2315 2931 2434 3003 mel]
2466 2933 2730 2987 sarcinam
2780 2931 3057 3001 deposuit;
3101 2941 3156 2986 et
3185 2940 3240 2986 tu
3272 2941 3324 2986 te
3352 2941 3509 3002 putas
3558 2934 3611 2987 in
3643 2936 3896 2989 virtutum

2315 3025 2547 3080 culmine
2573 3024 2946 3088 constitutum,
2977 3024 3022 3078 si
3051 3031 3253 3092 partem
3282 3039 3347 3079 ex
3380 3032 3492 3078 toto
3521 3024 3756 3080 oll‘eras?
3795 3027 3899 3081 Te-

2317 3117 2493 3186 ipsum
2519 3115 2633 3170 vult
2662 3114 2920 3169 Dominus
2950 3113 3178 3168 hostiam
3207 3113 3402 3180 vivam,
3435 3115 3738 3183 placentem
3766 3116 3895 3170 Deo.

2317 3207 2414 3274 Te,
2463 3208 2702 3277 inquam,
2747 3221 2856 3261 non
2893 3214 3004 3261 tua.
3035 3205 3104 3260 Et
3133 3206 3255 3260 ideo
3298 3207 3462 3260 variis
3516 3208 3898 3262 tentationihus

2317 3305 2644 3364 commonet,
2673 3296 2794 3365 quia
2827 3294 3010 3348 multis
3055 3294 3222 3364 plagis
3250 3303 3306 3350 et
3349 3295 3630 3351 doloribus
3653 3297 3897 3351 eruditur

2315 3385 2498 3441 Israel.
2549 3386 2617 3440 Et
2664 3401 2811 3454 quem
2858 3385 3021 3454 diligit
3068 3382 3338 3448 Dominus,
3383 3385 3613 3455 corripit.
3644 3384 3896 3457 Flagellat

2316 3487 2484 3532 autem
2507 3492 2703 3532 onmem
2729 3475 2916 3545 ﬁlium,
2945 3490 3091 3544 quem
3120 3476 3296 3543 recipit
3326 3474 3504 3544 (Prov.
3537 3475 3593 3530 8.
3624 3476 3738 3545 l5).
3765 3476 3898 3530 Pau-

2317 3567 2529 3638 percula
2573 3566 2732 3620 vidua
2761 3565 2868 3620 duo
2897 3579 3004 3620 tera
3034 3565 3235 3619 minuta
3282 3564 3429 3619 misit
3469 3564 3522 3619 in
3569 3565 3894 3636 gazophyla-

2317 3659 2480 3713 cium.
2533 3657 2601 3711 Et
2644 3655 2768 3726 quia
2813 3664 2979 3711 totum
3027 3654 3221 3709 obtulit
3248 3654 3388 3724 quod
3419 3653 3666 3720 habebat,
3713 3669 3896 3710 omnes

2317 3749 2513 3805 dicitur
2543 3749 2596 3803 in
2628 3747 2899 3803 oblatione
2953 3762 3234 3802 munerum
3287 3747 3379 3801 Dei
3420 3762 3706 3816 superasse
3748 3749 3894 3803 locus

2318 3840 2486 3911 pletes
2510 3838 2700 3911 (Marc.
2733 3839 2822 3904 ης
2853 3848 2902 3892 et
2928 3838 3060 3893 Luc.
3090 3839 3216 3909 2|);
3238 3855 3356 3909 qua:
3385 3853 3487 3894 non
3523 3839 3761 3908 pondere
3789 3840 3890 3905 sui,

2318 3928 2412 3985 sed
2435 3928 2778 3984 ollerentium
2803 3928 3080 3984 voluntate
3103 3939 3415 3998 pensantur.
3447 3927 3514 3984 Ut
3548 3929 3734 3984 multis
3772 3945 3893 3984 crn-

2317 4021 2532 4092 gaveris
2561 4035 2782 4076 censum
2816 4029 2986 4085 tuum,
3022 4029 3077 4074 et
3103 4020 3318 4090 quidam
3351 4027 3437 4073 tua
3469 4020 3736 4089 gaudeant
3763 4021 3894 4074 libe-

2323 4111 2555 4178 ralitate,
2585 4119 2763 4165 tamen
2789 4110 2960 4165 multo
2982 4110 3163 4180 plures
3183 4117 3330 4174 sunt,
3360 4110 3554 4180 quibus
3582 4111 3715 4165 nihil
3743 4111 3893 4165 dedis

2319 4202 2408 4257 sti.
2437 4200 2620 4272 Neque
2645 4200 2786 4255 enim
2821 4200 2960 4254 Darii
3009 4214 3160 4269 opes,
3194 4209 3248 4254 et
3277 4200 3446 4255 Οτωεί
3493 4200 3691 4255 divitiae
3721 4201 3895 4254 valent

2321 4292 2540 4360 explere
2570 4305 2831 4361 pauperes
2858 4289 3062 4344 mundi.
3096 4288 3244 4355 Quod
3297 4289 3342 4342 si
3392 4289 3623 4358 teipsum
3670 4289 3894 4345 Domino

2320 4381 2554 4448 dederis,
2577 4391 2629 4436 et
2659 4380 2969 4450 Apostolica
3004 4381 3200 4434 virtute
3226 4379 3512 4449 perfectus,
3545 4381 3695 4452 sequi
3721 4370 3898 4452 (ἕωμεν

2320 4474 2392 4528 ris
2418 4473 2774 4538 Salvatorem,
2805 4481 2930 4527 tunc
3001 4472 3160 4543 797
3236 4471 3504 4541 intelliges
3525 4471 3614 4538 ubi
3645 4473 3828 4538 fueris,
3850 4483 3899 4527 et

2323 4567 2376 4620 in
2397 4567 2635 4621 exercitu
2664 4566 2884 4630 Christi,
2914 4580 3071 4634 quatn
3099 4572 3398 4618 extremum
3431 4565 3670 4618 tenueris
3700 4565 3897 4618 locum.

2320 4660 2437 4715 Non
2471 4661 2717 4730 planxisti
2747 4659 2880 4714 ﬁlias
2904 4669 3164 4726 mortuas,
3201 4669 3254 4715 et
3280 4669 3514 4729 paterna}
3542 4662 3590 4714 in
3624 4663 3776 4730 genis
3820 4663 3899 4716 la-

2321 4767 2521 4823 crymae
2562 4751 2762 4806 Christi
2812 4751 3002 4805 timore
3055 4752 3266 4805 siccaue
3296 4761 3438 4805 sunt.
3477 4751 3683 4818 Quanto
3724 4755 3900 4821 major

2323 4841 2616 4905 Abraham,
2636 4841 2725 4910 qui
2747 4841 2959 4895 unicum
2980 4841 3146 4895 ﬁlium
3171 4842 3442 4897 voluntate
3459 4843 3719 4911 jugulavit
3747 4844 3896 4912 (Gen.

2321 4932 2438 5002 2‘2),
2469 4941 2525 4987 et
2551 4948 2706 5002 quem
2739 4933 3006 4988 haercdem
3036 4933 3218 4987 mundi
3251 4933 3485 4988 futurum
3507 4933 3773 5001 audierat,
3798 4953 3895 4991 non

2323 5023 2576 5092 desperat
2617 5023 2774 5078 etiam
2827 5032 2944 5092 post
2986 5033 3212 5078 mortem
3245 5038 3365 5078 esse
3398 5025 3683 5079 victurum.
3716 5025 3897 5095 Jephto

2323 5114 2518 5169 obtulit
2549 5114 2804 5181 virginem
2837 5111 2997 5165 ﬁliam
3031 5111 3220 5182 (ludit.
3249 5112 3361 5184 ll),
3389 5123 3442 5167 et
3467 5113 3669 5169 idcirco
3699 5117 3750 5169 in
3777 5133 3895 5170 cnu-

2326 5204 2622 5260 moratione
2649 5204 2967 5258 Sanctorum
2995 5204 3063 5256 al)
3090 5204 3345 5273 Apos:olo
3369 5205 3604 5272 ponitur.
3636 5206 3769 5262 Nolo
3795 5217 3894 5261 tan~

2389 5355 2462 5418 (lt)
2487 5354 2637 5418 jiunc
2668 5352 3010 5418 PhilosOpbum
3047 5353 3130 5401 lib.
3166 5352 3213 5400 2.
3247 5359 3416 5402 contra
3454 5353 3703 5405 Jovinian.
3731 5357 3793 5408 de
3822 5371 3895 5406 no.

2323 5415 2454 5482 [nine
2477 5415 3145 5482 Cratem‘jl‘hehantnnhvogit
3173 5427 3321 5482 :__etnn
3359 5423 3530 5464 tamen
3563 5418 3618 5464 S.
3645 5419 3897 5482 Gregorius

2324 5477 2650 5525 Nazianzenus
2665 5477 2805 5537 AOrat.
2835 5474 2960 5537 laud.
2989 5475 3038 5522 S.
3065 5473 3246 5529 llasdii,
3275 5487 3387 5537 eunt
3413 5488 3538 5537 opes
3560 5490 3679 5527 suas
3711 5473 3898 5528 “fume

2326 5539 2605 5600 projiceret,
2633 5535 2727 5584 alia
2745 5537 2835 5602 sibi
2861 5535 3097 5602 plausisse
3117 5535 3362 5602 sententia
3391 5535 3526 5598 dicit,
3555 5539 3646 5591 hac
3669 5540 3899 5601 videlicet,

2326 5593 2491 5650 i‘t'ates
2507 5593 2698 5648 cratem
2721 5593 2986 5646 flabantmt
3007 5594 3220 5646 libertate
3243 5593 3410 5646 donat.
