4026 6186
131 237 232 296 965

140 363 247 406 tum
268 352 544 408 ea.ofl'eras
570 352 813 418 Domino,
845 366 962 422 qum
987 361 1166 425 potest
1193 352 1276 408 fur
1302 368 1512 424 rapere,
1535 355 1714 418 hostis,

140 442 408 509 invadere,
439 447 753 514 proscriptio
786 445 1008 500 tollere:
1039 461 1159 515 qua:
1205 456 1262 502 et
1301 447 1558 502 accedere
1585 463 1710 517 pos-

137 544 279 596 sunt,
312 544 365 589 et
395 535 664 600 recedere,
697 544 751 589 et
791 537 961 591 instar
986 538 1250 592 undarum
1282 553 1345 592 ac
1386 537 1646 592 fluctuum
1676 554 1709 593 a

136 627 540 682 succedentibus
588 625 688 681 sibi
739 627 972 684 dominis
1018 639 1383 698 occupantur:
1413 641 1594 700 atque,
1653 638 1711 684 ut

135 731 239 769 uno
268 729 452 771 cuncta
482 731 729 771 sermone
756 720 1233 788 comprehendam,
1263 737 1381 789 quae
1416 723 1566 787 velis,
1608 735 1708 774 no-

132 807 217 870 lis,
255 808 304 860 in
355 817 522 861 morte
567 809 889 864 dimissurus
920 826 1000 866 es.
1034 811 1168 866 illud
1215 813 1370 877 offer,
1420 813 1562 882 quod
1615 813 1710 867 tibi

129 897 305 949 nullus
337 896 503 951 hostis
532 901 701 968 possit
722 900 954 965 auferre,
984 905 1163 958 nullus
1183 905 1391 973 eripere
1414 914 1667 976 tyrannus
1691 921 1706 959 :

127 985 264 1054 quod
298 997 471 1040 tecum
501 1000 685 1058 pergat
708 991 775 1044 ad
808 991 1035 1053 inferos.
1068 995 1175 1048 imo
1221 995 1288 1048 ad
1338 1011 1499 1064 regna
1542 997 1707 1051 cmlo-

126 1091 260 1138 rum,
291 1088 346 1130 et
365 1077 433 1131 ad
461 1080 695 1146 paradisi
721 1082 960 1136 delicias.
992 1084 1236 1138 Exstruis
1273 1086 1620 1152 monasteria,
1647 1097 1707 1140 et

124 1165 318 1217 multus
349 1183 375 1217 a
407 1177 460 1221 te
489 1184 582 1236 per
623 1170 821 1225 insulas
851 1173 1119 1228 Dalmatiae
1161 1187 1465 1230 sanctorum
1515 1193 1706 1232 nume-

123 1269 210 1308 rus
235 1266 590 1331 sostentatur.
622 1262 727 1316 Sed
761 1266 954 1320 melius
993 1267 1218 1334 faceres,
1267 1269 1311 1322 si
1357 1279 1409 1324 et
1443 1272 1554 1340 ipse
1579 1285 1704 1326 San-

121 1354 236 1399 ctos
269 1348 410 1402 inter
440 1361 661 1405 sanctos
692 1356 922 1409 viveres.
951 1357 1131 1411 Sancti
1159 1370 1333 1422 estote,
1356 1364 1594 1430 quoniam
1616 1380 1705 1434 ego

119 1448 321 1491 sanctus
348 1457 484 1505 sum,
523 1443 646 1496 dicit
684 1444 930 1500 Dominus
969 1448 1152 1517 (Leuit.
1187 1450 1276 1504 19.
1319 1451 1371 1504 2.
1420 1464 1466 1506 et
1489 1454 1580 1508 ‘20.
1625 1456 1700 1524 7).

120 1532 360 1600 Apostoli
385 1533 702 1602 gloriantur,
733 1541 876 1607 quod
903 1542 1080 1594 omnia
1109 1542 1432 1608 dimiserint,
1463 1557 1516 1599 et
1537 1546 1704 1601 secuti

118 1625 221 1677 sint
245 1623 582 1680 Salvatorem
612 1627 824 1697 (Matth.
858 1630 946 1701 l9)
971 1650 982 1686 :
1013 1643 1064 1686 et
1085 1644 1233 1688 certe
1254 1647 1453 1704 praeter
1477 1639 1629 1702 retia,
1651 1648 1703 1692 et

120 1731 302 1771 navem
352 1718 488 1772 nihil
517 1720 745 1789 legimus
789 1737 884 1776 eos
911 1723 1200 1789 dimisisse,
1235 1737 1289 1780 et
1321 1734 1497 1780 tamen
1551 1729 1701 1781 testi-

116 1808 294 1860 monio
323 1809 484 1862 futuri
506 1809 701 1878 judicis
721 1822 1066 1866 coronantur.
1094 1815 1227 1881 Qun
1249 1830 1310 1870 ss
1331 1830 1696 1884 orruasurss,

117 1906 278 1950 totum
311 1897 630 1954 dimiserant
655 1901 796 1971 quod
829 1902 1117 1957 habebant.

183 1988 235 2041 6.
263 1987 374 2042 Hoc
420 1990 610 2060 loquor
645 2008 746 2045 non
796 1991 848 2045 in
876 1993 1304 2062 suggillationem
1331 2011 1552 2064 operum
1583 2006 1700 2050 tuo-

113 2093 225 2132 rum
249 2121 264 2144 ,
302 2083 384 2135 vel
429 2083 569 2150 quod
601 2095 881 2138 exteuucm
919 2085 1288 2140 liberalitatem
1311 2097 1365 2142 et
1397 2089 1698 2159 eleemosy-

113 2186 205 2224 nas
250 2183 407 2236 tuas,
454 2174 550 2228 sed
601 2175 741 2244 quod
776 2188 824 2229 te
862 2177 1024 2230 nolim
1064 2168 1202 2231 inter
1255 2181 1538 2234 saeculares
1580 2195 1699 2235 esse

111 2266 431 2317 monachum
471 2305 488 2329 ,
545 2274 600 2319 et
653 2265 789 2320 inter
842 2266 1132 2321 monachos
1210 2269 1536 2335 saecularem.
1594 2271 1698 2325 To-

109 2360 326 2422 tumque
370 2371 401 2408 a
445 2366 497 2409 te
540 2366 806 2424 expetam,
848 2359 999 2425 cujus
1036 2357 1195 2412 audio
1234 2370 1464 2413 mentem
1513 2360 1697 2415 divino

109 2443 268 2496 cultui
307 2443 566 2497 deditam.
601 2445 656 2500 Si
687 2447 807 2499 huic
834 2447 1058 2500 consilio
1099 2456 1284 2503 nostro
1310 2488 1324 2513 ,
1355 2451 1438 2502 vel
1468 2450 1692 2516 amicus,

110 2532 190 2584 vel
215 2535 442 2598 assecla,
478 2534 558 2588 vel
579 2538 906 2606 propinquus
930 2539 1192 2604 renititur,
1223 2549 1274 2594 et
1305 2550 1354 2594 te
1381 2540 1448 2594 ad
1469 2539 1694 2596 delicias

110 2625 444 2691 Splendentis
492 2643 690 2681 mensa:
722 2637 974 2693 revocat;
1004 2629 1284 2700 intelligito
1325 2647 1446 2686 eum
1495 2647 1597 2686 non
1626 2633 1695 2688 de

115 2723 193 2765 tua
219 2716 392 2768 anima
423 2757 436 2779 ,
470 2717 561 2770 sed
602 2717 669 2771 de
709 2732 810 2771 suo
853 2730 1040 2774 ventre
1082 2723 1355 2790 cogitare;
1409 2731 1460 2777 et
1507 2738 1693 2779 omnes

111 2819 234 2872 opes
264 2808 514 2876 lautaque
542 2810 804 2876 Convivia,
853 2809 1025 2864 subita
1069 2823 1242 2866 morte
1289 2812 1448 2867 finiri.
1479 2813 1610 2868 Octo
1634 2824 1692 2870 et

112 2909 198 2948 sex
219 2911 508 2963 annorum,
548 2900 682 2952 intra
709 2901 889 2969 viginti
921 2900 1071 2969 dies,
1103 2901 1239 2957 duas
1271 2904 1406 2957 ﬁlias
1435 2904 1688 2972 amisisti,

113 2989 461 3045 etarliitraris
491 3007 673 3046 senem
703 2991 794 3045 diu
823 3008 979 3061 posse
1022 2995 1240 3049 vivere?
1271 2996 1433 3063 Cujus
1479 3005 1534 3049 ut
1560 3006 1691 3052 astas

111 3078 258 3150 longa
291 3084 542 3137 tendatur
573 3125 586 3146 ,
615 3083 764 3136 audit
790 3099 819 3136 a
848 3085 1015 3138 David
1050 3104 1064 3139 :
1091 3087 1213 3141 Dies
1236 3089 1352 3141 vita:
1387 3099 1574 3143 nostra:
1611 3107 1689 3144 se-

110 3173 368 3241 ptuaginta
393 3176 537 3226 anni.
615 3175 780 3245 798
853 3175 914 3229 Si
939 3185 1104 3229 autem
1123 3179 1366 3248 amplius,
1394 3182 1649 3250 octoginta
1667 3197 1686 3236 :

110 3269 153 3310 et
180 3264 429 3332 quidquid
458 3275 700 3333 superest,
728 3265 890 3330 labor,
915 3275 959 3318 et
986 3266 1133 3320 dolor
1162 3277 1231 3321 est
1259 3267 1427 3338 (Psal.
1455 3271 1546 3326 89.
1574 3270 1686 3342 10).

109 3349 257 3404 Felix
307 3363 360 3405 et
407 3354 556 3407 omni
601 3354 792 3424 dignus
835 3356 1183 3424 beatitudine,
1235 3375 1391 3428 quem
1441 3371 1690 3418 senectus

109 3440 317 3495 Christo
343 3455 572 3513 occupet
599 3445 944 3511 servientem,
976 3464 1131 3516 quem
1154 3459 1390 3503 extrema
1419 3450 1534 3505 dies
1569 3452 1685 3507 Sal-

109 3537 272 3586 vatori
321 3533 591 3588 invenerit
632 3537 969 3600 militantem,
1013 3537 1103 3607 qui
1155 3555 1260 3593 non
1304 3541 1680 3611 confundetur,

109 3636 220 3675 cum
247 3623 498 3694 loquetur
521 3627 749 3681 inimicis
779 3629 890 3682 suis
915 3628 969 3682 in
1001 3643 1151 3699 porta
1181 3631 1355 3700 (Psal.
1400 3634 1525 3705 126)
1551 3652 1570 3700 ;
1599 3639 1684 3692 cui

110 3710 160 3764 in
207 3713 424 3772 introitu
469 3719 698 3787 paradisi
740 3719 949 3774 dicetur
981 3740 994 3774 :
1026 3723 1275 3794 Recepisti
1324 3728 1458 3780 mala
1485 3731 1536 3783 in
1585 3731 1687 3783 vita

112 3811 193 3856 tua
215 3845 230 3868 ,
261 3823 392 3860 nunc
419 3819 587 3862 autent
628 3811 710 3863 hic
741 3812 911 3866 (tutare
938 3811 1090 3882 (Luc.
1121 3816 1195 3884 1).
1227 3816 1335 3870 Nec
1379 3819 1522 3872 enim
1555 3821 1684 3875 ulci-

110 3903 278 3951 scetur
317 3899 400 3954 bis
433 3901 690 3955 Dominus
721 3903 772 3956 in
803 3904 988 3957 eadem
1023 3920 1102 3959 re.
1155 3906 1378 3961 Divitem
1424 3926 1684 3977 purpura-

112 3993 212 4040 tum
267 3991 532 4059 gehennae
570 3991 783 4045 ﬂamma
827 3995 1092 4062 suscepit;
1134 3995 1367 4050 Lazarus
1405 4013 1605 4067 pauper
1632 4009 1688 4054 et

113 4075 370 4133 ulceribus
420 4081 646 4148 plenus,
677 4081 827 4150 cujus
870 4097 1058 4136 carnes
1105 4084 1340 4152 putridas
1386 4087 1688 4142 lambebant

113 4181 285 4236 canes,
318 4181 373 4225 et
401 4173 494 4225 vix
522 4171 588 4226 de
611 4173 763 4226 micis
789 4188 988 4227 mensae
1016 4175 1295 4244 locupletis
1324 4178 1684 4234 miserabilem

111 4264 699 4331 sustentabatanimam,
719 4263 772 4319 in
790 4266 907 4320 sinu
926 4267 1155 4321 Abrahae
1172 4269 1446 4337 recipitur,
1465 4279 1520 4324 et
1540 4279 1686 4327 tanto

113 4345 403 4410 Patriarcha
437 4365 660 4425 parente
687 4357 914 4413 laetatur.
946 4357 1189 4424 Difficile,
1211 4360 1317 4414 imo
1357 4361 1686 4430 impossibile

111 4447 186 4491 est
247 4453 300 4496 ut
330 4457 384 4500 et
414 4448 769 4517 prmsentibus
795 4448 914 4517 quis
944 4459 998 4504 et
1026 4449 1216 4505 futuris
1242 4449 1448 4506 fruatur
1490 4454 1681 4512 bonis:

112 4540 164 4582 ut
187 4543 237 4587 et
267 4536 350 4592 hic
374 4541 615 4596 vbntrem
637 4583 652 4606 ,
683 4555 734 4596 et
766 4542 837 4596 ibi
868 4552 1104 4598 mentem
1137 4545 1388 4615 impleat;
1421 4557 1476 4602 ut
1499 4549 1567 4604 de
1592 4550 1685 4606 de-

113 4620 238 4678 liciis
270 4637 501 4688 transeat
529 4635 594 4688 ad
622 4635 872 4699 delicias;
906 4645 961 4690 ut
997 4639 1047 4690 in
1079 4647 1305 4709 utroque
1328 4642 1526 4695 saeculo
1572 4644 1683 4713 pri-

113 4734 224 4773 mus
265 4729 368 4794 sit;
411 4741 469 4786 ut
505 4732 639 4788 etin
681 4733 820 4788 coelo
863 4743 917 4789 et
960 4734 1014 4788 in
1070 4744 1208 4790 terra
1259 4749 1516 4820 appareat
1562 4739 1681 4810 glo-

113 4821 297 4866 rtosus.

179 4899 229 4950 7.
262 4903 411 4968 Quod
436 4909 483 4963 si
511 4911 602 4964 tibi
629 4914 782 4967 tacita
800 4914 1050 4983 cogitatio
1071 4918 1380 4984 scrupulum
1412 4923 1642 4977 moverit
1665 4940 1678 4976 :

113 4998 200 5038 cur
232 4997 460 5051 monitor
490 5000 598 5066 ipse
631 5018 733 5056 non
765 5004 882 5056 talis
911 5005 1030 5069 sim,
1073 5007 1283 5074 qualem
1315 5019 1366 5062 te
1395 5025 1516 5064 esse
1542 5011 1683 5066 desi-

115 5075 236 5130 dero
261 5097 274 5145 ;
302 5095 354 5137 et
383 5090 666 5143 nonnullos
687 5094 883 5149 videris
911 5096 961 5148 in
986 5097 1161 5151 medio
1183 5098 1372 5153 itinere
1392 5103 1678 5166 corruisse,

118 5163 239 5222 illud
266 5172 497 5233 breviter
540 5183 876 5250 respondebo
898 5225 912 5248 ,
947 5201 1051 5239 non
1084 5203 1198 5241 mea
1231 5203 1348 5244 esse
1379 5206 1498 5257 quae
1538 5191 1678 5256 dico,

116 5257 204 5352 sed
255 5263 458 5324 Domitii
500 5271 810 5328 Salvatoris.
860 5275 976 5329 Non
1010 5293 1228 5334 mouere
1253 5281 1375 5349 quid
1409 5281 1522 5349 ipse
1553 5298 1679 5352 pos-

114 5343 244 5415 sim;
279 5357 370 5410 sed
397 5362 520 5431 quid
551 5362 742 5418 debeat
777 5365 911 5420 velle
943 5366 1017 5438 (a)
1047 5369 1126 5422 vel
1164 5343 1338 5426 facere
1366 5343 1454 5442 qui
1494 5343 1680 5428 servus

161 5478 241 5563 ές)
259 5485 380 5563 Pup
402 5497 548 5545 verba
559 5497 645 5563 uel
666 5498 844 5563 facere,
875 5515 984 5563 quae
1011 5516 1073 5552 ex
1097 5504 1271 5554 decem
1296 5505 1408 5555 Mss.
1435 5507 1680 5557 codicibus

161 5536 185 5549 ,ν
223 5536 235 5544 ι
341 5536 373 5538 νν
413 5536 548 5545 -ν--ι-ι-
575 5536 643 5547 νν-
666 5536 844 5559 ,ιι-νων,
876 5536 984 5563 qua.
1011 5536 1070 5552 ua
1097 5536 1271 5554 ucbclll
1298 5536 1408 5555 tum.
1435 5536 1679 5557 bwibll’UD

113 5536 536 5630 gljtgnﬁgslituerat
559 5559 823 5619 Victorius,
861 5565 1016 5630 editor
1048 5565 1396 5630 Benedictinus
1419 5570 1679 5630 impressus

137 5597 148 5609 ,
260 5590 270 5592 ~
289 5590 536 5607 ν---ιυνιαι
573 5590 587 5605 v
606 5590 712 5608 ιυιυι
729 5590 823 5619 sua,
861 5590 1015 5613 cuttut’
1048 5590 1396 5616 nattcutcuuus
1419 5590 1678 5630 uuprcssus

115 5590 432 5692 ξξέίξθξςψιξιρδ
454 5630 654 5690 Secutus
678 5626 934 5684 expunxit,
961 5639 1047 5675 nos
1067 5640 1131 5677 ex
1151 5627 1258 5679 aliis
1279 5631 1489 5692 antiquis
1512 5644 1678 5680 exem-

211 5665 219 5674 .
348 5657 432 5666 ην..
455 5657 493 5666 υ.
511 5657 654 5669 ..ιη-..υ
679 5657 934 5684 πηιγυιυιιι,
961 5657 1047 5675 nvo
1067 5657 1131 5677 UA
1151 5657 1258 5679 aut:
1279 5662 1289 5679 ι

113 5657 315 5719 Pluribus
341 5682 660 5738 reposuimus.
1287 5699 1289 5701 ’

458 5763 519 5822 S.
568 5765 937 5826 HIEBONYMI
966 5764 1015 5828 Ι.

1499 239 1827 298 EPISTOLA
1862 241 2060 318 CXIX.

3296 266 3400 328 966

1818 356 2028 414 futurus
2054 367 2139 414 est
2165 358 2382 415 Christi.
2402 362 2480 418 Er
2505 380 2766 426 Ατιιιετι
2794 379 2904 425 suis
2923 365 3001 444 (ὃ)
3030 356 3399 442 incitator-ibus

1818 447 2067 505 fortiores
2097 462 2225 506 sunt
2251 470 2266 516 ;
2298 463 2351 508 et
2383 464 2556 510 tamen
2598 469 2780 514 monet
2823 461 3078 533 debilior,
3109 479 3169 524 ut
3198 484 3397 543 pugnet

1816 537 1908 592 ille
1932 539 2021 609 qui
2047 538 2243 595 fortior
2289 552 2392 608 est.
2424 543 2540 599 Noli
2572 548 2840 617 respicere
2865 550 3055 608 Judam
3092 537 3394 630 negantem,

1816 627 1909 681 sed
1941 628 2165 684 Paulum
2197 634 2404 703 respice
2443 636 2807 694 confitentem.
2838 641 3004 698 Jacob
3025 627 3272 705 ditissimi
3302 627 3396 723 pa;

1816 720 1912 774 tris
1939 719 2100 788 filius,
2134 725 2286 779 solus
2309 736 2362 781 et
2399 728 2574 783 nudus
2604 730 2655 783 in
2689 731 2876 787 baculo
2901 751 2999 790 suo
3027 741 3197 809 pergit
3223 719 3396 798 Meso-

1813 813 2126 880 potamiam,
2169 815 2318 884 jacet
2356 818 2530 874 lassus
2565 821 2615 874 in
2646 823 2853 888 itinere,
2889 836 2941 880 et
2989 829 3078 898 qui
3123 831 3396 889 delicatis-

1812 901 1948 957 sime
1977 918 2008 958 a
2053 903 2292 960 Rebecca
2345 919 2516 964 matre
2567 911 2740 968 fuerat
2779 915 3064 981 educatus.
3109 921 3284 992 lapide
3329 927 3395 982 ad

1811 1004 1968 1062 caput
1995 1010 2094 1064 pro
2119 997 2336 1066 pulvillo
2367 999 2549 1058 utitur.
2573 1003 2714 1059 V’idit
2740 1007 2938 1062 scalam
2963 1008 3030 1064 de
3059 1020 3197 1066 terra
3230 1029 3394 1086 usque

1810 1083 1878 1138 ad
1909 1087 2124 1154 ccelum,
2165 1099 2218 1142 et
2251 1091 2605 1148 ascendentes
2644 1111 2737 1163 per
2782 1112 2898 1152 eam
2931 1101 3164 1171 Angelos
3209 1113 3265 1160 et
3299 1083 3394 1162 de—

1811 1177 2151 1242 scendentes,
2195 1191 2252 1235 et
2280 1181 2517 1252 desuper
2563 1187 2878 1244 innitentem
2922 1192 3203 1250 Dominum
3239 1199 3392 1269 (Gen.

1809 1268 1903 1339 28)
1931 1311 1948 1338 ,
1979 1281 2035 1325 ut
2063 1273 2135 1344 (ε)
2168 1274 2328 1342 lapsis
2357 1293 2570 1333 manum
2603 1284 2919 1353 porrigeret,
2950 1295 3008 1340 ut
3033 1268 3390 1347 ascendentes

1809 1373 1908 1420 suo
1932 1363 1999 1415 ad
2041 1363 2276 1420 laborem
2305 1381 2622 1437 provocaret
2647 1385 2888 1441 aspectu.
2917 1375 3071 1432 Unde
3097 1389 3148 1433 et
3171 1391 3392 1436 vocatur

1810 1447 1959 1504 locus
1985 1452 2100 1520 ipse
2129 1453 2326 1520 Bel/tet,
2366 1457 2467 1512 hoc
2491 1470 2593 1525 est,
2637 1461 2830 1518 Domus
2857 1464 2984 1530 Dei;
3015 1468 3066 1521 in
3095 1485 3196 1538 qua
3217 1452 3391 1541 quoti.

1808 1540 1895 1594 die
1931 1545 2242 1599 ascenditur
2289 1556 2451 1617 atque
2496 1550 2861 1608 descenditur.
2911 1555 2977 1610 Et
3016 1557 3196 1614 Sancti
3239 1540 3388 1619 enim

1806 1642 2080 1698 corruunt,
2118 1635 2161 1687 si
2190 1635 2388 1703 fuerint
2425 1640 2752 1710 negligentes
2778 1662 2794 1709 ;
2820 1655 2875 1698 et
2916 1659 3226 1716 peccatores
3270 1655 3380 1722 pri~

1805 1718 2002 1773 stinum
2047 1724 2308 1790 recipiunt
2354 1728 2597 1793 gradum,
2635 1731 2678 1784 si
2729 1734 2918 1788 sordes
2967 1735 3182 1793 ﬂetibus
3237 1718 3388 1812 lave-

1803 1809 1929 1864 rint.
1965 1811 2075 1865 lloc
2115 1809 2238 1867 ideo
2285 1816 2418 1883 dixi,
2447 1829 2502 1871 ut
2531 1836 2634 1873 non
2680 1833 2730 1876 te
2783 1831 3017 1881 terreant
3048 1809 3388 1888 descenden~

1803 1908 1902 1966 tes,
1977 1903 2141 1973 799
2212 1905 2305 1959 sed
2363 1920 2653 1974 provocent
2691 1915 3064 1971 ascendentes.
3107 1919 3388 1991 Nunquam

1801 1993 2113 2060 exemplum
2155 2008 2184 2048 a
2235 1996 2389 2052 malis
2417 2000 2676 2059 sumitur:
2705 2005 2865 2058 etiam
2898 2005 2950 2061 in
2995 2013 3175 2066 saeculi
3226 2015 3387 2071 rebus

1801 2095 2014 2150 semper
2053 2098 2082 2134 a
2132 2099 2218 2139 me
2265 2087 2468 2141 meliori
2522 2100 2674 2158 parte
2720 2083 3090 2174 incitamenta
3131 2101 3386 2158 virtutum

1800 2183 1943 2228 sunt.
2024 2173 2232 2231 Oblitus
2287 2183 2546 2248 propositi
2598 2193 2652 2237 et
2707 2186 3011 2254 epistolaris
3067 2191 3385 2261 brevitatis,

1799 2264 1952 2334 plura
1976 2265 2179 2321 dictare
2208 2270 2483 2337 cupiebam
2509 2288 2524 2337 ;
2557 2273 2623 2327 ad
2645 2277 2884 2332 materiae
2909 2281 3104 2350 quippe
3151 2283 3382 2354 dignita¢

1802 2365 1929 2421 tem,
1963 2366 2017 2410 et
2041 2357 2106 2411 ad
2139 2361 2390 2414 meritum
2419 2377 2661 2431 personae
2690 2376 2790 2421 tua:
2819 2409 2835 2436 ,
2877 2384 3063 2439 parum
3088 2382 3173 2428 est
3200 2390 3380 2444 omne,

1797 2445 1938 2513 quod
1977 2446 2172 2503 dicitur
2217 2461 2317 2504 :et
2360 2467 2485 2507 ecce
2535 2453 2625 2509 tibi
2678 2466 2863 2513 noster
2907 2461 3174 2519 Ausonius
3219 2469 3386 2538 coepit

1797 2535 2082 2590 schedulas
2119 2537 2359 2608 flagitare
2386 2582 2402 2607 ,
2440 2558 2634 2612 urgere
2664 2548 2921 2613 notarios,
2952 2561 3006 2604 et
3035 2551 3242 2610 hinnitu
3271 2535 3380 2612 fer-

1797 2628 1971 2681 ventis
1987 2629 2131 2698 equi,
2157 2631 2407 2700 ingenioli
2430 2635 2532 2689 mei
2552 2635 2773 2693 festinus
2795 2655 3020 2710 arguere
3043 2645 3374 2708 tarditatem.

1795 2716 2064 2774 Memento
2097 2720 2255 2790 igitur
2287 2725 2474 2789 nostri,
2505 2734 2560 2780 et
2585 2742 2733 2794 cura,
2767 2740 2820 2784 ut
2847 2731 2900 2785 in
2923 2732 3140 2790 Christo
3173 2740 3376 2805 valeas,

1795 2811 1970 2880 Atque
1993 2822 2048 2866 ut
2076 2825 2269 2869 caetera
2295 2826 2496 2871 taceam
2519 2858 2533 2882 ,
2573 2819 2862 2876 domestica
2892 2837 3092 2880 sanctae
3127 2828 3278 2884 \‘erae
3301 2831 3381 2902 (Ι)

1795 2903 2038 2972 exempla
2085 2914 2294 2960 sectare
2318 2947 2334 2973 ,
2365 2923 2484 2976 quae.
2517 2924 2640 2964 vere
2671 2920 2851 2966 secuta
2879 2914 3149 2971 Christum
3178 2960 3192 2983 ,
3221 2935 3379 2990 pere-

1794 2993 2110 3063 grinationis
2153 2998 2430 3053 molestias
2469 3002 2736 3068 sustinet,
2778 3013 2831 3059 et
2859 3005 2930 3060 sit
2961 3006 3055 3062 tibi
3096 3012 3222 3064 tanti
3270 3014 3378 3069 dua:

1789 3087 1983 3154 femina
2008 3088 2130 3156 [acti
2164 3087 2404 3154 (1Eneid.
2439 3092 2475 3144 ι.
2513 3093 2586 3160 l).

2218 3180 2549 3236 EPISTOLA
2613 3184 2774 3240 CXIX
2846 3187 2944 3259 (tl).

1897 3283 1966 3322 sn
2003 3284 2298 3324 utuuaku
2345 3288 2415 3325 ur
2455 3289 2807 3331 ALEXANDRUH
2860 3279 2932 3350 (ε)
2971 3295 3267 3339 uouscuos.

1792 3355 2064 3426 Minervio,
2095 3369 2140 3413 et
2163 3361 2478 3431 Alexandro,
2509 3371 2599 3435 qui
2619 3385 2710 3436 per
2735 3369 3018 3425 Sisinnium
3045 3378 3367 3442 monac/tum,

1861 3449 2028 3517 [ilium
2068 3449 2248 3504 Sancti
2280 3451 2526 3522 Exuperii
2570 3456 2815 3530 Episcopi
2844 3460 3086 3518 Tolosam’
3111 3466 3175 3520 de
3215 3469 3379 3525 verbis

1861 3538 2114 3608 Apostoli,
2141 3540 2340 3597 Omnes
2366 3544 2582 3614 quidem
2621 3547 2969 3619 dormiemus,
3003 3565 3132 3621 etc.,
3157 3557 3375 3613 interro-

1858 3641 2120 3699 gaverunt,
2149 3635 2416 3704 respondet
2444 3651 2464 3690 :
2484 3638 2614 3691 alias
2635 3639 2689 3691 id
2712 3657 2871 3710 genus
2900 3647 3199 3711 quastiones
3217 3691 3230 3713 ,
3258 3667 3374 3720 quae

1857 3721 2010 3776 simul
2045 3727 2475 3794 proponebantur,
2504 3729 2555 3782 in
2579 3731 2723 3783 aliud
2745 3732 2984 3796 di/I'erens
3009 3745 3226 3806 tempus.

1861 3810 1912 3863 1.
1943 3812 2000 3866 ln
2046 3813 2164 3882 ipso
2191 3816 2300 3884 jam
2333 3818 2681 3884 profectionis
2719 3823 2946 3875 articulo
2992 3829 3161 3880 sancti
3194 3827 3375 3888 fratris

1789 3901 1959 3953 nostri
2005 3901 2244 3969 Sisinnii,
2285 3906 2375 3973 qui
2435 3915 2610 3960 vestra
2658 3907 2787 3961 mihi
2833 3909 3028 3980 scripta
3080 3914 3372 3986 detulerat,

1790 3989 1928 4056 haec,
1975 3992 2385 4062 qualiacumque
2429 4007 2577 4063 sunt,
2632 3997 2836 4055 dictare
2893 4005 3208 4072 compellor,
3272 4025 3373 4066 nec

1789 4095 2005 4147 possum
2036 4095 2267 4138 vestram
2306 4089 2483 4142 celare
2530 4089 2884 4160 prudentiam,
2924 4096 3018 4152 sed
3046 4099 3272 4155 obsecro
3299 4121 3400 4159 ne-

1791 4173 1891 4226 lioc
1919 4173 2119 4228 dictum
2157 4177 2399 4232 referatis
2425 4180 2490 4234 ad
2517 4182 2743 4250 gloriam
2766 4225 2780 4248 ,
2813 4187 2942 4255 quin
2965 4191 3140 4258 potius
3166 4194 3230 4246 ad
3256 4196 3370 4264 ple-

1788 4276 1912 4316 nam
1959 4266 2408 4334 necessitudinem
2440 4311 2454 4337 ,
2483 4272 2609 4326 dum
2637 4274 2704 4326 ita
2736 4276 2920 4342 vobis,
2951 4281 3101 4348 quasi
3131 4283 3259 4338 mihi
3292 4285 3373 4341 lo-

1789 4367 1945 4419 quor.
1978 4348 2171 4410 Multas
2201 4369 2506 4415 sanctorum
2535 4361 2776 4430 fratrum,
2809 4381 2872 4433 ac
2901 4384 3149 4426 sororum
3173 4373 3240 4429 de
3272 4392 3369 4432 ve-

1789 4453 1898 4498 stra
1944 4448 2220 4516 provincia
2265 4450 2330 4505 ad
2377 4469 2464 4508 me
2502 4453 2693 4510 detulit
2739 4461 3084 4530 qumstiones,
3137 4466 3202 4520 ad
3235 4483 3402 4542 quas,

1787 4548 1957 4604 usque
1981 4537 2048 4592 ad
2079 4539 2220 4594 diem
2251 4542 2671 4612 Epiphaniorum
2698 4587 2714 4615 ,
2747 4548 3050 4619 largissimo
3079 4537 3263 4623 spatio,
3279 4575 3371 4616 me

1787 4641 2172 4698 responsurum
2215 4636 2488 4704 putabam.
2518 4639 2761 4710 Cumque
2789 4641 2999 4697 furtivis
3027 4648 3259 4701 noctium
3287 4650 3366 4704 lu-

1786 4723 2208 4780 cubratiunculis
2258 4726 2324 4780 ad
2369 4728 2655 4798 plerasque
2706 4730 3000 4799 dictarem;
3031 4743 3086 4787 et
3139 4737 3369 4806 expletis

1847 4836 1923 4907 (b).
1952 4838 2126 4907 Verior
2151 4840 2305 4889 videri
2343 4845 2494 4903 possit
2526 4843 2800 4907 Veronens.
2839 4845 2930 4894 Ms.
2969 4845 3115 4897 lectio
3146 4850 3244 4902 suis
3284 4868 3371 4904 tm-

1784 4899 2030 4972 ctoribus;
2070 4899 2356 4975 impressam
2395 4912 2558 4952 tamen
2596 4905 2900 4968 reliquimus,
2940 4911 3068 4970 quod
3095 4899 3262 4975 neque
3286 4899 3372 4965 iii.

1783 4974 1996 5010 congrua
2019 4964 2120 5010 ipsa
2141 4963 2221 5010 sit.

1847 4974 2280 5093 ιξδίίξξιὶξδὲἶίυό
2305 5021 2631 5093 Μεινιιθῃρυηι
2661 5032 2764 5093 erg
2787 5025 2944 5093 ιαδδίδ,
2972 5044 3118 5093 quem
3145 5046 3368 5090 errorem

1785 5081 1982 5130 Erasmo
1999 5083 2096 5152 diu
2137 5081 2280 5131 antea
2305 5088 2698 5152 _etrproliraverat
2726 5081 3004 5151 Episcopus
3025 5081 3272 5146 Reatinus

1783 5143 2412 5226 sequenti.Hieronymiano
2435 5154 2686 5207 contextu,
2711 5156 2757 5198 et
2768 5143 2930 5201 ’διηπεΙὶ
2952 5153 3079 5203 enim
3116 5143 3366 5226 corruunt:

1783 5201 1826 5251 si
1847 5201 2024 5266 fuerint
2047 5201 2351 5266 negligentes.

1870 5265 1924 5332 d)
1955 5265 2156 5332 Luat-5‘2.
2183 5265 2369 5332 sci-{pta
2391 5265 2524 5332 circa
2545 5268 2630 5332 ﬁn.
2657 5283 2736 5320 an.
2761 5273 2870 5322 406.

1870 5266 1902 5312 d
1962 5266 2030 5312 .41.
2051 5266 2156 5314 135'2.
2183 5266 2369 5326 sci-{pta
2391 5266 2524 5316 circa
2545 5268 2630 5332 ﬁn.
2657 5283 2736 5320 an.
2761 5273 2870 5322 406.

1870 5266 2007 5400 ςῖηξςι
2031 5325 2278 5400 νθιζοηεξῑιο
2306 5327 2393 5376 Ms.
2414 5331 2500 5400 ad
2537 5329 2830 5400 itineriitth
2857 5341 2904 5385 et
2950 5336 3283 5400 alexandrum
3305 5349 3368 5400 da

1785 5385 2069 5460 τιίπξςίιξξρια
2109 5386 2284 5460 pardi“
2307 5389 2492 5460 lposloli
2529 5385 3369 5460 quajstioneinscribitur.v—V'eler‘e;

1787 5447 1924 5496 editt.
1952 5447 2205 5527 {litigium
2240 5447 2419 5527 dicluut.
2451 5447 2600 5527 Porro
2617 5455 2758 5526 hisee
2783 5457 2955 5527 iisdem
2982 5447 3366 5527 fratribus:

1784 5510 2031 5581 monachis
2053 5509 2686 5581 Tolosze,“Commentarios
2731 5521 2775 5564 in
2808 5518 3100 5580 Zachariam,
3126 5509 3368 5581 aliud;

1785 5571 2568 5653 genituris,
2589 5589 2773 5640 eosque
2791 5584 3030 5643 sanguine
3049 5571 3102 5636 ei
3125 5571 3367 5653 religioiiu

1783 5632 2048 5679 concordes
2071 5633 2120 5680 in
2145 5635 2386 5683 Protemio
2407 5632 2561 5687 vomit.

1851 5692 1924 5755 (Ι)
1956 5692 2101 5742 Soror
2124 5695 2338 5746 creditur
2369 5696 2590 5749 Julianus.

2623 5785 2875 5857 (Tremo
2908 5795 2963 5851 et
2992 5793 3162 5863 une.)
