4026 6186
647 273 751 330 967

647 393 788 456 aliis,
819 405 905 446 me
931 388 995 444 ad
1025 393 1250 439 vestram
1281 380 1430 450 quasi
1458 378 1524 431 ad
1565 375 1934 431 difficillimam
1977 385 2225 427 reserva-

652 499 785 548 rem,
814 483 992 537 subito
1017 473 1326 543 supervenit
1353 512 1367 535 ,
1401 484 1650 523 asserens
1677 479 1737 521 se
1781 465 1924 520 illico
1954 462 2228 535 profectu-

653 589 789 630 rum.
819 571 1056 634 Cumque
1080 578 1202 619 eum
1244 576 1486 631 rogarem
1516 568 1573 613 ut
1600 557 1839 612 dill'erret
1866 557 1966 610 iter
1987 597 2003 622 ,
2036 557 2113 625 (ιι)
2135 553 2228 607 Li-

653 668 767 735 bya:
805 659 934 715 milii
976 655 1140 726 empit
1178 653 1370 708 famem
1417 651 1734 716 obtendere,
1781 648 2227 704 monasteriorum

652 751 868 824 Ευριί
897 747 1245 805 necessitates
1269 785 1286 812 ,
1317 744 1422 800 Nili
1464 759 1566 798 non
1593 743 1780 814 plenas
1811 755 1999 810 aquas,
2030 738 2228 792 multo-

656 859 772 898 rum
804 839 1062 904 inediam,
1134 837 1300 908 800
1373 843 1431 889 ut
1463 848 1626 904 prope
1652 831 1850 886 offensa
1878 837 2021 884 esset
2047 828 2099 882 in
2129 827 2232 881 Do-

653 934 878 995 minum,
899 930 1050 984 illum
1073 927 1209 983 ultra
1234 927 1373 981 velle
1394 926 1648 980 retinere.
1680 922 1861 992 Itaque
1888 921 1987 975 sub
2011 927 2229 987 tegmen

651 1035 707 1080 et
735 1029 962 1080 stamina
983 1064 996 1086 ,
1028 1022 1252 1090 liciaque
1273 1060 1286 1086 ,
1316 1028 1370 1072 et
1405 1017 1563 1082 telas,
1591 1031 1708 1085 qua:
1739 1013 1866 1066 mihi
1905 1011 1969 1064 ad
2003 1019 2233 1064 vestram

655 1119 884 1172 tunicam
936 1128 1248 1184 paraveram
1272 1153 1287 1178 ,
1319 1110 1470 1164 vobis
1503 1106 1803 1162 inconfeeta
1847 1102 2148 1168 transmisi,
2176 1108 2233 1154 tit

654 1207 907 1282 quidquid
939 1206 1066 1260 milii
1090 1205 1258 1267 deest,
1290 1210 1470 1255 vestro
1498 1208 1708 1254 texatur
1729 1195 1962 1265 eloquio.
1989 1191 2232 1247 Pruden-

657 1316 737 1356 tes
756 1301 907 1366 estis,
940 1307 994 1352 et
1018 1296 1233 1359 eruditi,
1267 1303 1321 1348 ct
1354 1293 1420 1347 de
1462 1293 1538 1361 (b)
1565 1289 1754 1346 canina
1775 1329 1790 1354 ,
1823 1295 1880 1340 tit
1909 1285 1983 1339 ait
2010 1284 2231 1353 Appius,

656 1392 922 1457 facundia,
951 1389 1015 1443 ad
1032 1388 1228 1443 Christi
1251 1384 1678 1441 disertitudinem
1702 1377 2106 1448 trasmigrastis.
2127 1373 2236 1429 Nec

656 1498 849 1554 magno
873 1481 1000 1536 milii
1039 1478 1179 1550 apud
1211 1492 1304 1532 vos
1329 1477 1509 1548 labore
1539 1488 1675 1544 Opus
1713 1480 1829 1535 est;
1863 1468 2007 1538 quod
2042 1467 2230 1522 Philo-

657 1576 888 1646 sopbum
935 1571 1216 1644 quemdam
1263 1571 1314 1623 in
1345 1565 1619 1622 suadendo
1649 1562 1848 1617 rustico
1875 1575 1993 1616 esse
2020 1572 2239 1629 perpes-

656 1682 774 1721 sum
820 1672 1038 1720 narrant
1084 1661 1295 1716 fabulae.
1346 1657 1444 1711 Via:
1495 1655 1618 1709 dum
1665 1652 1974 1716 dimidium,
2028 1649 2234 1717 inquit,

659 1758 910 1820 dixeram,
961 1755 1076 1822 jam
1127 1749 1460 1804 intellexerat.
1515 1746 1696 1814 Itaque
1744 1751 1799 1798 et
1846 1756 1944 1810 ego
2000 1751 2240 1808 tempore

660 1855 980 1904 coarctatus,
1021 1843 1350 1910 singulorum
1379 1837 1551 1899 vobis,
1583 1836 1749 1905 quiin
1781 1847 1983 1887 sacram
2003 1831 2241 1898 Scriptu-

662 1951 773 1989 tam
802 1930 1266 1988 eounuentariolos
1293 1929 1628 1998 reliquerunt
1656 1965 1672 1992 ,
1703 1924 1995 1979 sententias
2025 1921 2236 1990 protuli,

661 2036 716 2078 et
753 2024 819 2078 ad
865 2023 1082 2077 verbum
1115 2021 1366 2089 pleraque
1405 2017 1784 2085 interpretatus
1812 2027 1965 2075 sum;
1997 2021 2048 2064 ut
2073 2019 2128 2064 et
2153 2025 2240 2064 me

663 2118 882 2170 liberem
932 2111 1248 2182 qumstione,
1300 2119 1354 2162 et
1407 2106 1556 2160 vobis
1606 2113 1842 2160 veterum
1894 2108 2236 2156 tractatorum

665 2206 902 2259 mittatur
929 2200 1240 2264 auctoritas,
1273 2198 1361 2267 qui
1391 2197 1441 2250 in
1475 2195 1716 2265 legendis
1743 2191 1986 2262 singulis,
2029 2207 2088 2244 ac
2113 2205 2238 2258 pro-

664 2294 880 2361 bandis,
907 2308 1009 2346 nou
1041 2306 1172 2346 mea:
1219 2288 1476 2343 voluntati
1503 2328 1518 2354 ,
1562 2285 1654 2340 sed
1683 2295 1860 2339 vestro
1891 2284 2240 2352 acquiescatis

663 2384 904 2440 arbitrio.

732 2477 789 2530 2.
818 2473 1063 2542 Qiucritis
1103 2487 1207 2541 quo
1235 2485 1396 2526 sensu
1436 2467 1635 2522 dictum
1677 2467 1765 2528 sit,
1793 2473 1846 2518 et
1875 2462 2142 2533 quomodo
2188 2461 2238 2515 in

667 2567 835 2634 prima
865 2563 931 2616 ad
972 2561 1283 2617 Corinthios
1329 2558 1553 2628 epistola
1594 2556 1741 2611 Pauli
1773 2555 2014 2624 Apostoli
2055 2553 2126 2607 sit
2167 2553 2242 2606 le-

665 2655 896 2726 gendum
925 2672 938 2708 :
966 2651 1151 2706 Omnes
1171 2650 1372 2722 quidem
1397 2648 1733 2711 dorntiemus,
1757 2662 1856 2699 non
1873 2655 2040 2698 autem
2069 2661 2240 2697 omnes

665 2745 1040 2799 immutabimur
1077 2741 1167 2814 (1.
1209 2739 1328 2794 Cor.
1376 2740 1462 2794 15.
1515 2737 1610 2810 5).
1662 2737 1744 2791 An
1794 2735 1942 2805 juxta
1997 2733 2238 2804 quaedam

667 2825 1011 2906 exemplaria.
1046 2832 1166 2887 Non
1198 2848 1369 2887 omnes
1395 2831 1721 2892 dormiemus,
1753 2843 1924 2881 omnes
1949 2838 2114 2880 autem
2143 2826 2240 2878 im-

669 2926 974 2979 mutabimur
998 2939 1015 2977 :
1040 2921 1110 2995 (c)
1136 2932 1418 2991 utrumque
1447 2921 1589 2975 enim
1639 2919 1692 2972 in
1739 2917 1943 2974 Graecis
1974 2916 2244 2970 codicibus

671 3017 958 3071 invenitur.
988 3015 1161 3083 Super
1189 3027 1298 3083 quo
1340 3011 1658 3066 Theodorus
1701 3008 2077 3070 Heracleotes,
2125 3021 2243 3075 quze

671 3109 796 3164 urbs
824 3107 952 3162 olim
997 3104 1279 3160 Perinthus
1332 3103 1616 3156 vocabatur
1647 3141 1660 3163 ,
1705 3100 1756 3153 itt
1796 3098 2245 3154 commentariolis

671 3199 908 3269 Apostuli
948 3197 1024 3250 sic
1075 3196 1282 3250 locutus
1324 3200 1450 3248 est:
1504 3191 1690 3244 Omnes
1740 3189 1939 3256 quidem
1979 3205 2076 3239 non
2123 3186 2243 3238 dor-

671 3291 903 3354 miemus,
936 3304 1104 3340 omnes
1133 3296 1299 3338 autent
1327 3284 1723 3336 intmutabimur.
1758 3300 1776 3332 ι
1819 3281 2000 3333 Enocn
2022 3279 2163 3331 enim
2192 3287 2245 3332 et

677 3381 856 3440 illius,
891 3377 1078 3430 mortis
1127 3374 1444 3428 necessitate
1490 3379 1735 3440 superata
1758 3411 1772 3436 ,
1807 3371 1874 3423 ita
1914 3377 1972 3423 ut
1998 3378 2151 3424 erant
2193 3368 2246 3424 iu

669 3469 1020 3538 corporibus,
1079 3467 1146 3520 de
1204 3476 1414 3518 terrena
1452 3463 1857 3518 conversatione
1904 3461 1972 3516 ad
2010 3464 2246 3517 cmlestia

672 3574 833 3629 regna
857 3556 1094 3612 translati
1117 3565 1239 3608 sunt
1263 3553 1465 3626 (Cenes.
1497 3555 1552 3609 5.
1582 3555 1616 3608 ι
1644 3570 1658 3619 ;
1687 3563 1734 3608 et
1764 3553 1887 3624 Reg.
1913 3553 1989 3625 2).
2019 3553 2172 3609 Unde
2195 3562 2249 3609 et

672 3651 848 3707 Sancti
881 3649 970 3719 qui
1009 3648 1097 3703 die
1124 3647 1600 3705 consummationis
1626 3656 1784 3715 atque
1823 3646 2009 3715 judicii
2039 3647 2090 3700 in
2121 3661 2242 3701 cor-

675 3745 890 3814 poribus
923 3739 1226 3811 reperiendi
1261 3745 1404 3806 sunt,
1447 3753 1566 3793 cum
1612 3739 1728 3791 aliis
1773 3737 2004 3803 Sanctis,
2047 3739 2138 3807 qui
2181 3755 2246 3794 ex

674 3834 898 3890 mortuis
926 3831 1273 3888 resurrecturi
1297 3840 1422 3886 sunt
1445 3872 1459 3896 ,
1493 3831 1605 3901 rapi
1619 3838 1776 3885 entnr
1815 3829 1866 3885 in
1895 3831 2124 3886 nubibus
2153 3833 2246 3887 ob-

673 3929 812 3982 viam
856 3926 1064 3981 Christi)
1098 3925 1150 3979 in
1190 3938 1335 3988 aera,
1383 3932 1437 3978 et
1478 3939 1582 3977 non
1619 3924 1907 3993 gustabunt
1953 3937 2178 3978 mortem
2234 3943 2246 3976 :

674 4025 936 4088 eruntque
981 4030 1194 4085 semper
1240 4029 1359 4069 eum
1403 4014 1665 4079 Domino,
1704 4014 2015 4085 gravissima
2063 4017 2248 4069 mortis

675 4111 992 4164 neces~itate
1013 4107 1234 4160 calcata.
1271 4106 1420 4160 Unde
1448 4107 1520 4159 ait
1549 4107 1834 4174 Apostolus
1867 4125 1879 4160 :
1914 4106 2099 4161 Omnes
2125 4109 2243 4177 qui-

674 4201 787 4253 dem
821 4215 922 4251 non
961 4198 1286 4259 darmiemus,
1313 4214 1485 4251 omnes
1521 4207 1688 4251 autem
1717 4199 2111 4254 immutabimur.
2151 4200 2248 4268 Qui

672 4292 816 4348 enim
833 4306 906 4346 ex
937 4289 1160 4344 mortuis
1187 4290 1601 4357 resurrcxerint,
1624 4299 1678 4345 et
1707 4291 1757 4345 in
1793 4291 2026 4348 nubibus
2059 4294 2247 4349 viven-

673 4395 756 4441 tes
777 4383 914 4454 rapti
938 4381 1155 4445 fuerint,
1185 4383 1483 4436 transibunt
1503 4383 1567 4436 ad
1597 4384 2072 4454 incorruptionem,
2097 4396 2151 4441 et
2170 4387 2245 4458 (Α)

734 4516 808 4580 (a)
827 4515 937 4580 Pro
973 4514 1128 4580 Libth
1158 4515 1354 4580 nomine
1388 4522 1495 4580 erat
1515 4517 1584 4580 in
1620 4516 1854 4580 hactenus
1877 4521 2072 4570 excusis
2104 4519 2252 4573 libere

673 4573 976 4644 adverbium,
1003 4573 1138 4644 quod
1159 4575 1274 4644 beic
1307 4573 1399 4644 loci
1426 4575 1544 4644 nihil
1572 4583 1666 4644 est,
1690 4579 1931 4640 siquidem
1956 4579 2143 4644 Libycas
2169 4598 2250 4631 rc-

673 4640 833 4700 gionis
873 4636 1050 4686 famem
1096 4637 1395 4700 obtendebat
1440 4636 1704 4700 Sisinnius,
1751 4636 1802 4688 et
1834 4636 2250 4700 monasteriorum

673 4696 862 4771 ,Egypl!
887 4699 1223 4771 necessitates,
1237 4698 1428 4771 quibus
1449 4710 1592 4759 Opem
1615 4696 1774 4771 ferre,
1797 4699 2124 4771 ele_emosy_nis
2149 4718 2252 4754 sus

670 4756 948 4810 tess'tinabat.
973 4756 1280 4807 Veronensis
1301 4756 1425 4806 liber
1451 4756 1806 4816 emendationis
1827 4756 2090 4811 admontiit.

734 4820 805 4883 (b)
838 4820 960 4870 Puta
1004 4817 1265 4869 forensem.
1306 4819 1600 4869 Prudentius
1632 4820 1682 4868 in
1713 4820 2076 4882 Hamartigenia
2115 4839 2246 4876 vers.

860 4941 975 4994 Inde
997 4941 1172 5005 cimina
1193 4942 1297 5005 foro
1323 4939 1467 5005 latrat
1500 4942 1745 5004 facundia,
1773 4953 1868 4996 etc.

669 5004 852 5054 Passim
887 5005 1004 5053 alibi
1038 5003 1376 5066 Hieronymus.
1404 5003 1607 5053 ExStant
1630 5019 1748 5056 vero
1777 5007 1873 5056 duo
1910 5006 2123 5060 Sallustii
2151 5011 2248 5062 fra-

669 5073 888 5128 gmenta,
912 5067 959 5128 in
983 5066 1161 5128 quibus
1185 5065 1278 5113 huc
1301 5065 1440 5128 Appii
1463 5066 1644 5128 dictum
1668 5070 1918 5120 recitatur.

733 5127 804 5189 (c)
836 5127 892 5176 In
916 5125 1096 5188 aliquot
1133 5139 1311 5188 nempe
1337 5125 1581 5176 codicibus
1604 5127 1785 5179 Graecis
1809 5140 1912 5195 est,
1936 5145 2071 5190 ηάντις
2095 5148 2155 5195 μιν
2187 5154 2248 5187 οὖν

668 5200 1074 5259 ῃςιηηιηῳμιιαηᾳλγ
1099 5199 1139 5259 es
1161 5200 1290 5259 τεςγτις
1312 5200 1596 5259 «nul-quoqua:
1616 5203 1626 5237 :
1646 5203 1789 5259 quam
1809 5193 2066 5259 lectionem
2090 5193 2142 5259 et
2163 5198 2249 5245 La-

669 5247 1139 5313 tjtiii'etiamaliquot
1153 5247 1306 5313 _libri,
1328 5247 1602 5313 _rel‘erente
1645 5247 1919 5313 Augustino
1952 5254 2035 5305 lib.
2079 5257 2157 5306 20.
2183 5261 2247 5308 de

667 5308 810 5360 Civit.
851 5310 947 5378 Dei
985 5308 1090 5378 cap.
1110 5309 1192 5378 βο.
1219 5308 1567 5378 praeferebant,
1595 5308 1787 5378 tameisi
1815 5319 2009 5378 proprie
2048 5317 2243 5369 Graeco-

667 5381 774 5418 rum
799 5370 1030 5441 codich
1045 5368 1351 5441 'fuisse'ipse
1389 5368 1849 5441 idemjotet'episi.
1873 5368 1984 5427 2'05.
2012 5378 2072 5428 At
2097 5368 2245 5441 pleri-

665 5442 763 5536 ipse
784 5443 958 5502 omnes
997 5430 1171 5490 Graeci,
1209 5430 1378 5504 aliine.
1397 5434 1505 5495 ejus
1528 5432 1708 5497 lingua!
1731 5430 2039 5488 'I‘ractatores
2061 5430 2247 5503 impen-

701 5503 745 5536 ιο
765 5491 904 5536 multi
927 5491 1153 5536 legeram
1171 5502 1414 5536 contrario
1434 5507 1602 5536 sensu-
1627 5510 1760 5536 ns...“
1783 5511 1845 5536 ..ιη
1868 5511 1909 5536 ...ι
1940 5513 2228 5536 .-...-Δ.ι..,.-α-

700 5491 745 5538 io
765 5491 904 5564 multi
927 5491 1153 5553 legerant
1171 5491 1414 5543 contrario
1425 5491 1760 5556 'sensufnsm,
1782 5511 1845 5560 μιν
1868 5511 1910 5549 οὖ
1939 5491 2245 5564 ιοιμηθτεσὲμςιέ,

673 5562 795 5612 Ibyci
827 5560 869 5612 ξι
900 5565 1196 5612 ἀλλατησόηιοι.

666 5607 1226 5718 ιαἸιυιηιιιῐνιέιιοιι.
1253 5614 1287 5662 1.
1323 5622 1370 5665 et
1411 5616 1746 5670 mortalitatem
1765 5619 2117 5674 imnwrtalitate
2137 5639 2241 5681 mu-

1933 256 2171 315 SANCTI
2213 254 2582 313 lllERONYMl

3841 275 3950 329 963

2333 385 2361 423 a
2410 373 2728 428 mortalitate
2799 376 2960 449 θοι
3037 378 3086 431 in
3130 378 3581 438 immortalitatem
3627 387 3943 444 mutabun-

2335 468 2454 526 tur;
2483 478 2585 517 uon
2615 465 2663 517 in
2698 467 2956 534 tempore,
2984 484 3088 522 non
3117 470 3304 524 saltem
3331 473 3381 526 in
3407 473 3554 528 brevi
3589 477 3780 546 spatio
3807 497 3822 546 ;
3846 484 3941 536 Sed

2335 553 2385 605 in
2413 565 2591 607 atomo
2619 565 2672 609 et
2703 557 2752 608 in
2788 567 2978 626 puncto
3000 561 3273 629 temporis,
3300 571 3456 632 atque
3481 579 3800 635 momento,
3833 591 3940 639 quo

2336 643 2584 711 palpebra
2631 646 2771 699 oculi
2830 649 3030 703 moveri
3085 660 3260 719 pmest
3311 653 3361 706 in
3421 656 3718 711 novissima
3778 663 3934 717 tuba.

2335 733 2500 788 Tanta
2518 736 2658 789 enim
2687 736 2779 792 fiet
2805 740 3077 795 celeritate
3103 744 3426 798 resurrectio
3453 757 3837 817 mortuorum,
3875 764 3929 807 ut

2336 825 2438 878 vivi
2460 866 2473 890 ,
2501 841 2634 896 quos
2663 827 2712 881 in
2744 831 3054 899 corporibus
3096 833 3238 898 suis,
3266 841 3748 894 consummatiOnis
3799 852 3938 896 tem-

2336 931 2434 985 pus
2462 918 2741 985 invenerit,
2775 931 3013 976 mortuos
3039 922 3105 977 de
3135 925 3318 979 inferis
3362 942 3709 999 resurgentes
3734 975 3749 998 ,
3792 949 3936 1003 pra:-

2337 1010 2517 1062 venire
2547 1025 2651 1064 non
2682 1011 2911 1068 valeant.
2960 1013 3111 1080 Quod
3144 1015 3424 1071 manifeste
3469 1019 3667 1074 Paulus
3716 1023 3934 1079 edisse-

2340 1115 2483 1166 rens,
2540 1101 2612 1154 ait
2662 1119 2675 1155 :
2726 1101 2882 1155 Canet
2933 1105 3066 1156 enim
3107 1105 3264 1173 tuba,
3322 1116 3368 1160 et
3413 1111 3601 1163 mortui
3659 1126 3937 1184 resurgent

2337 1190 2636 1260 incorrupti,
2666 1201 2712 1244 et
2740 1209 2831 1247 nos
2857 1193 3257 1250 immutabimur.
3285 1197 3495 1268 Oportet
3511 1202 3647 1256 enim
3677 1207 3915 1275 corrupti
3923 1240 3933 1246 -
3981 1274 3994 1286 ‘

2339 1279 2437 1334 bile
2476 1281 2609 1334 istud
2647 1282 2856 1336 induere
2896 1284 3345 1356 incorruptionem,
3375 1299 3422 1342 et
3467 1295 3684 1347 mortale
3711 1296 3812 1348 hoc
3854 1297 3924 1348 inv

2340 1373 2494 1426 duere
2518 1375 2946 1432 immortalitatem
2993 1376 3068 1449 (Ι.
3113 1378 3231 1434 Cor.
3261 1381 3349 1434 15.
3384 1382 3475 1452 5'2.)
3501 1424 3516 1449 ,
3567 1395 3625 1438 ut
3660 1392 3835 1454 possit
3879 1391 3926 1441 in

2341 1474 2621 1538 utramque
2642 1478 2866 1538 partem,
2908 1471 2992 1525 vel
3033 1470 3085 1526 in
3118 1472 3310 1541 pmuis,
3345 1476 3428 1529 Vel
3455 1475 3508 1529 in
3537 1478 3809 1533 cmlorum
3841 1495 3926 1534 re-

2341 1571 2446 1627 gno
2475 1573 2692 1615 manere
2719 1569 2994 1631 perpetuo.
3037 1580 3056 1614 ι

2419 1666 2438 1699 ι
2478 1649 2532 1704 5.
2570 1649 2841 1705 Diodorus
2863 1650 3140 1707 Tarsensis
3163 1652 3458 1724 Episcopus
3479 1697 3492 1719 ,
3515 1660 3792 1726 pra-terito
3830 1661 3928 1714 hoc

2342 1740 2594 1809 capitulo,
2654 1741 2705 1794 in
2755 1743 3204 1812 consequentibus
3253 1745 3486 1800 breviter
3521 1754 3844 1805 annotavit:
3882 1755 3929 1806 in

2343 1845 2429 1896 eo,
2462 1831 2600 1900 quod
2631 1833 2886 1900 scriptum
2907 1843 2989 1888 est
3019 1845 3101 1889 :et
3118 1838 3305 1889 mortui
3330 1850 3590 1909 resurgent
3609 1841 3926 1910 incorrupti.

2343 1930 2390 1974 et
2418 1935 2506 1974 nos
2547 1922 2942 1976 immutabimur.
2975 1924 3052 1988 Si,
3101 1925 3290 1995 inquit,
3319 1928 3608 1996 incorrupti
3642 1944 3930 2002 resnrgeut

2343 2013 2558 2076 mortui,
2584 2012 2720 2066 haud
2752 2015 2968 2068 dubium
2995 2015 3122 2086 quin
3149 2027 3204 2072 et
3228 2017 3332 2087 ipsi
3361 2019 3424 2072 ad
3451 2021 3667 2074 meliora
3692 2027 3928 2078 mutati:

2345 2103 2469 2172 quid
2494 2120 2712 2160 necesse
2741 2105 2837 2160 fuit
2865 2107 3065 2173 dicere,
3089 2119 3137 2162 et
3163 2125 3256 2164 nos
3272 2111 3644 2165 immutabimnr
3664 2113 3690 2166 ?
3710 2115 3797 2168 An
3828 2115 3930 2169 hoc

2346 2198 2513 2252 voluit
2545 2199 2764 2268 intelligi
2815 2200 2954 2270 quod
2986 2201 3317 2270 incorruptio
3345 2205 3644 2260 communis
3687 2207 3759 2260 sit
3800 2223 3923 2261 om-

2344 2288 2510 2353 nium,
2540 2290 2836 2346 immutatio
2875 2303 3050 2347 autem
3081 2295 3295 2364 proprie
3318 2296 3620 2364 iustorum?
3663 2299 3791 2352 dum
3824 2316 3926 2354 non

2251 2431 2254 2434 .
2344 2380 2516 2433 solum
2575 2381 3028 2450 incorruptionem
3076 2393 3132 2440 et
3191 2384 3683 2453 immortalitatem,
3729 2389 3828 2444 sed
3875 2402 3928 2445 et

2345 2470 2565 2540 gloriam
2593 2481 2909 2542 sequuntur.
2941 2491 2961 2526 ι

2416 2564 2466 2616 4.
2489 2563 2847 2632 Apollinarius
2868 2564 2990 2620 licet
3009 2565 3126 2620 aliis
3151 2567 3345 2621 verbis.
3388 2568 3575 2623 eadem
3608 2585 3730 2638 qua:
3752 2571 3924 2626 Theo-

2345 2651 2507 2705 dorus
2537 2654 2764 2707 asseruit
2810 2671 2825 2706 :
2855 2655 3114 2724 quosdam
3149 2672 3251 2710 non
3281 2673 3399 2712 esse
3429 2659 3739 2723 morituros,
3778 2671 3834 2714 et
3861 2662 3928 2716 de

2349 2745 2594 2812 pneseuti
2627 2745 2731 2799 vita
2760 2745 3047 2816 rapiendos
3072 2747 3126 2801 in
3157 2746 3385 2801 futuram
3414 2789 3430 2808 .
3478 2759 3531 2802 ut
3565 2752 3784 2804 mutatis
3813 2753 3925 2820 glo-

2348 2835 2669 2904 rilicatisque
2692 2836 3024 2906 corporibus,
3051 2838 3158 2892 sint
3191 2853 3312 2893 cum
3343 2839 3576 2894 Christo.
3607 2842 3758 2909 Quod
3788 2859 3925 2898 nunc

2347 2926 2414 2978 de
2442 2925 2620 2979 Enocli
2638 2966 2652 2990 ,
2682 2937 2735 2980 et
2766 2927 2877 2980 Elia
2905 2927 3191 2982 credimus.

2419 3015 2471 3069 5.
2520 3015 2770 3086 Didymus
2821 3033 2922 3070 non
2960 3019 3184 3086 pedibus
3207 3061 3222 3085 ,
3269 3019 3360 3074 sed
3393 3020 3567 3076 verbis
3601 3021 3652 3076 in
3679 3023 3924 3092 Origcnis

2352 3105 2614 3158 transiens
2659 3107 3011 3170 sententiam,
3053 3109 3316 3162 contraria
3372 3109 3454 3164 via
3491 3111 3750 3179 graditur.
3795 3113 3926 3166 Ecce

2350 3198 2641 3268 mysterium
2665 3199 2798 3252 vobis
2816 3200 2991 3268 loquor
3016 3215 3034 3253 :
3055 3200 3238 3254 Omnes
3253 3202 3451 3271 quidem
3474 3204 3804 3266 dormiemus,
3829 3223 3924 3258 non

2352 3303 2523 3339 omnes
2541 3297 2706 3340 autent
2735 3287 3122 3341 immutabintur.
3146 3288 3294 3354 Quod
3313 3291 3380 3344 ita
3400 3291 3677 3347 disseruit:
3699 3311 3719 3344 ι
3745 3292 3796 3347 Si
3823 3311 3921 3348 non

2354 3376 2612 3447 indigeret
2661 3378 2982 3431 resurrecuo
3040 3378 3347 3448 interprete,
3400 3397 3498 3437 nec
3549 3381 3922 3439 obscuritatem

2353 3467 2576 3522 baberet
2621 3468 2672 3521 in
2721 3469 2966 3523 sensibus
2990 3511 3004 3531 ,
3039 3485 3309 3538 nunquam
3341 3471 3536 3528 Paulus
3585 3483 3707 3543 post
3737 3476 3916 3538 multa,

2353 3574 2471 3627 quae
2508 3558 2574 3614 de
2607 3561 2999 3616 resurrectione
3049 3562 3254 3616 locutus
3293 3573 3411 3627 est,
3444 3565 3710 3621 intulisset
3752 3585 3765 3619 :
3799 3567 3924 3621 Ecce

2355 3649 2644 3719 mysterium
2672 3651 2808 3704 vobis
2832 3652 2944 3705 dico
2990 3668 3008 3706 :
3054 3651 3239 3708 Omnes
3266 3656 3467 3724 quidem
3495 3658 3804 3713 dormiemus
3827 3701 3842 3723 ,
3876 3661 3923 3714 id

2354 3749 2457 3807 est,
2489 3741 2760 3794 moriemur
2787 3759 2886 3796 non
2912 3759 3080 3799 omnes
3125 3756 3314 3814 autem,
3344 3748 3437 3802 sed
3485 3749 3584 3804 soli
3623 3753 3792 3806 sancti
3836 3754 3926 3805 int-

2355 3830 2682 3885 mutabimur.
2727 3831 2854 3887 Seio
2906 3834 3044 3903 quod
3083 3834 3135 3888 in
3186 3838 3456 3891 nonnullis
3487 3838 3759 3894 codicibus
3800 3842 3925 3896 scri-

2355 3928 2504 3988 ptum
2531 3921 2598 3975 sit
2632 3938 2645 3974 :
2679 3922 2798 3976 Non
2827 3925 3026 3993 quidem
3061 3941 3232 3979 omnes
3260 3927 3566 3982 dormiemus
3589 3969 3604 3995 ,
3633 3946 3805 3986 omnes
3833 3949 3924 3984 au-

2357 4021 2455 4066 tem
2480 4015 2870 4069 immutabintur.
2906 4018 3009 4072 Sed
3053 4018 3542 4083 considerandum,
3589 4036 3656 4075 an
3696 4024 3745 4076 ei
3789 4024 3923 4090 quod

2359 4103 2687 4172 praemissum
2710 4114 2811 4171 est,
2841 4123 3010 4160 omnes
3033 4109 3425 4171 immutabimur,
3459 4110 3627 4178 possit
3646 4114 3926 4166 convenire

2356 4193 2495 4260 quod
2523 4195 2763 4264 sequitur
2791 4213 2802 4248 :
2879 4198 3041 4269 802
3118 4197 3310 4251 Μοντιιὶ
3344 4211 3602 4270 resurgent
3631 4201 3922 4268 incorrupti,

2357 4293 2402 4338 et
2428 4300 2517 4337 nos
2535 4285 2928 4344 intmutabimur.
2958 4290 3010 4342 Si
3034 4288 3175 4342 enim
3196 4304 3383 4343 omnes
3410 4290 3850 4355 immutabuntur,
3877 4301 3927 4345 et

2359 4377 2460 4433 lioc
2484 4394 2766 4436 commune
2791 4396 2913 4435 eum
2942 4383 3153 4437 caeteris
3181 4393 3264 4436 est
3285 4423 3300 4448 ,
3343 4383 3673 4452 superﬂuum
3711 4385 3805 4439 fuit
3847 4387 3924 4438 dio

2357 4487 2499 4530 cere.
2529 4483 2575 4525 et
2617 4489 2706 4526 nos
2732 4474 3125 4528 immutabimur.
3153 4475 3514 4543 Quamobrem
3554 4477 3623 4529 ita
3652 4477 3925 4546 legendum

2356 4572 2455 4616 est.
2488 4562 2673 4617 Omnes
2705 4566 2904 4633 quidem
2936 4567 3243 4621 dormiamus
3266 4609 3280 4632 ,
3311 4585 3411 4621 non
3441 4584 3611 4621 omnes
3635 4578 3804 4621 autem
3836 4570 3926 4620 im-

2358 4654 2676 4707 mutabimur.
2701 4656 2753 4708 Si
2785 4657 2928 4710 enim
2961 4657 3011 4710 in
3038 4657 3205 4712 Adam
3233 4672 3420 4714 omnes
3449 4663 3778 4725 moriuntur,
3805 4677 3860 4719 et
3883 4668 3926 4719 in

2358 4753 2530 4798 morte
2581 4746 2830 4799 dormitio
2873 4757 2992 4809 est;
3037 4765 3226 4804 omnes
3274 4767 3406 4821 ergo
3454 4753 3772 4808 dormiemus
3819 4759 3928 4811 site

2361 4837 2667 4891 moriemur.
2693 4837 2892 4891 Dormit
2922 4850 3098 4894 autem
3121 4841 3270 4910 juxta
3302 4842 3494 4896 idioma
3511 4842 3925 4910 Scripturarntu.

2357 4928 2443 4994 qui
2473 4938 2715 4982 mortuus
2743 4940 2824 4983 est
2850 4945 2946 5000 spe
2974 4934 3378 4987 resurrectionis
3397 4934 3604 4988 futurte.
3633 4933 3927 5006 Omnisque

2355 5022 2443 5091 qui
2491 5021 2708 5088 dormit,
2757 5023 2938 5092 utique
2963 5024 3384 5094 expergiscitur:
3422 5027 3464 5080 si
3495 5037 3671 5082 tamen
3702 5044 3804 5083 non
3845 5045 3926 5081 su-

2357 5111 2463 5167 bita
2491 5117 2568 5167 vis
2594 5114 2777 5168 mortis
2803 5130 2923 5168 eum
2943 5117 3288 5184 oppresserit,
3314 5125 3369 5171 et
3391 5133 3537 5172 mors
3566 5133 3757 5173 somno
3780 5121 3923 5174 fuerit

2356 5205 2617 5274 copulata.
2647 5203 2884 5274 Cumque
2913 5203 3004 5276 [a|.
3035 5204 3268 5277 namque]
3297 5222 3488 5262 omnes
3514 5209 3586 5262 ita
3615 5209 3918 5266 dormierint

2358 5295 2471 5361 lege
2499 5305 2699 5348 natura:
2725 5335 2742 5361 ,
2767 5294 2867 5348 soli
2897 5296 3064 5348 sancti
3110 5301 3166 5349 et
3206 5309 3431 5364 corpore
3457 5308 3512 5352 et
3541 5301 3721 5354 anima
3747 5302 3796 5354 in
3821 5318 3921 5355 me-

2355 5385 2456 5438 lius
2499 5387 2879 5439 inutalnintur:
2915 5387 2982 5438 ita
3017 5397 3072 5439 ut
3110 5385 3446 5457 incorruptio
3485 5391 3729 5445 omnium
3757 5409 3922 5448 res-ur-

2352 5477 2587 5547 gentium
2634 5480 2741 5542 sit;
2799 5479 2966 5548 gloria
3017 5488 3193 5533 autem
3241 5488 3405 5549 atque
3451 5485 3680 5538 mutatio
3731 5487 3925 5556 proprie

2353 5568 2686 5624 Sanctorum.
2745 5587 2762 5620 ι
2815 5569 3070 5639 Quodque
3123 5570 3363 5637 sequitur
3397 5571 3553 5640 juxta
3611 5574 3844 5640 Grzrcos,
3886 5581 3928 5630 ιθ

2350 5662 2532 5729 ἀτόμῳ,
2560 5665 2604 5714 ἐν
2629 5667 2745 5730 ῥιπῇ
2773 5701 2786 5727 ,
2819 5662 2928 5715 sive
2959 5666 3138 5730 ἐιροπῇ
3163 5663 3402 5728 δῖθαὶμοῦ
3435 5661 3750 5736 (utrumque
3793 5682 3922 5721 entm
