4026 6186
155 300 256 356 969

153 407 362 486 legitur)
391 416 445 464 et
470 407 636 463 nostri
664 405 994 476 interpretati
1023 414 1166 469 sunt,
1207 397 1258 458 in
1290 415 1546 458 momento
1575 414 1621 457 et
1668 403 1721 457 in

151 507 275 569 ictu,
317 501 450 565 sive,
493 499 547 551 in
597 506 733 550 motu
754 496 888 550 oculi
939 513 958 549 :
1011 494 1090 568 (α)
1140 494 1284 551 idem
1342 494 1602 564 Didymus
1653 494 1723 547 ita

152 589 449 663 explanavit
489 605 502 642 :
537 604 558 638 ι
594 586 780 640 Juneta
828 587 988 640 simul
1025 586 1262 640 omnium
1307 583 1720 648 resurrectione,

153 684 420 754 rapientur
440 679 646 733 obviam
675 675 894 732 Christo
920 695 932 730 :
972 676 1067 732 sed
1104 678 1155 731 hi
1181 692 1314 748 quos
1343 692 1490 731 mors
1521 675 1725 732 dissol-

153 773 318 835 verit,
349 785 465 839 qua:
492 784 728 838 praesens
771 782 950 822 sermo
994 767 1273 838 signiﬁcat.
1308 767 1531 835 Quando
1581 766 1722 821 enim

151 865 312 928 dicit,
341 864 392 916 in
423 870 618 932 puncto
644 859 921 931 temporis,
970 869 1024 915 et
1071 859 1126 913 in
1170 869 1317 914 motu
1350 859 1490 913 oculi
1513 901 1527 923 ,
1566 868 1726 927 atque

149 961 433 1019 momento,
454 951 690 1007 futuram
714 952 953 1006 omnium
978 950 1452 1013 resurrectionem,
1476 960 1723 1004 cunctam

151 1045 327 1114 primae
350 1051 406 1097 et
449 1041 696 1097 secundae
723 1041 1133 1097 resurrectionis
1163 1039 1399 1095 excludit
1453 1039 1680 1094 fabulam
1707 1054 1722 1103 ;

146 1144 202 1189 ut
225 1132 313 1188 alii
337 1135 517 1203 primi,
539 1133 629 1188 alii
659 1133 933 1188 novissimi
963 1132 1320 1188 resurrecturi
1344 1147 1468 1187 esse
1492 1130 1723 1187 credan-

147 1237 245 1281 tur.
275 1227 499 1280 Atomus
531 1234 709 1280 autem
756 1232 1007 1294 punctum
1040 1223 1295 1294 temporis
1326 1234 1427 1290 est,
1453 1223 1593 1293 quod
1634 1237 1723 1277 se-

143 1319 272 1382 cari,
297 1327 351 1372 et
388 1317 555 1372 dividi
579 1333 684 1372 non
713 1327 907 1388 potest.
938 1316 1091 1372 Unde
1118 1327 1173 1372 et
1215 1316 1479 1385 Epicurus
1509 1331 1576 1371 ex
1614 1315 1726 1371 suis

141 1407 333 1463 atomis
364 1407 620 1462 mundum
649 1408 824 1473 struit,
856 1415 911 1462 et
934 1406 1184 1462 universa
1207 1407 1528 1460 conformat.
1558 1405 1728 1461 lctus-

140 1513 240 1568 que
267 1497 412 1552 oculi
437 1499 551 1554 sive
579 1507 776 1566 motus,
821 1499 910 1569 qui
948 1498 1135 1554 Graece
1177 1498 1372 1552 dicitur
1396 1506 1542 1570 ῥοπὴ,
1577 1508 1721 1553 tanta

143 1588 429 1643 velocitate
459 1589 794 1653 transcurrit,
823 1599 881 1644 ut
910 1605 1047 1659 pene
1085 1604 1306 1645 sensum
1331 1589 1562 1654 videntis
1591 1589 1724 1645 effu-

138 1681 260 1749 giat.
285 1678 488 1733 Verum
517 1680 639 1749 quia
669 1681 722 1733 in
755 1681 1019 1750 plerisque
1047 1680 1321 1736 codicibus
1349 1696 1446 1750 pro
1493 1689 1638 1752 ῥοπὴ.
1673 1683 1723 1736 id

137 1773 364 1838 est,.ictu
391 1813 406 1837 ,
427 1773 514 1826 vel
532 1782 690 1836 motu,
712 1780 830 1842 ῥιπὴ
860 1773 1067 1841 legitur,
1095 1771 1196 1826 hoc
1211 1773 1410 1828 sentire
1441 1762 1718 1840 debemus,

135 1862 272 1932 quod
314 1862 593 1933 quomodo
634 1862 768 1917 levis
809 1861 1010 1930 pluma,
1056 1862 1138 1916 vel
1165 1862 1381 1932 stipula,
1427 1870 1519 1916 aut
1562 1870 1723 1917 tenue

139 1955 448 2024 siccumque
476 1952 658 2008 lolium
686 1962 846 2007 vento
876 1951 1110 2021 ﬂatuque
1133 1961 1396 2022 raptatur,
1416 1961 1468 2006 et
1488 1951 1554 2006 de
1583 1961 1722 2007 terra

137 2048 202 2100 ad
226 2046 465 2100 sublime
488 2044 834 2110 transfertur;
869 2046 947 2099 sic
995 2044 1062 2099 ad
1088 2046 1248 2100 ictum
1269 2045 1434 2112 oculi,
1473 2045 1545 2115 (b)
1576 2053 1630 2100 et
1656 2045 1721 2098 ad

131 2146 308 2190 nutum
338 2136 443 2191 Dei
472 2176 488 2202 ,
521 2136 758 2190 omnium
788 2146 1121 2189 mortuorum
1156 2149 1380 2203 corpora
1423 2135 1721 2190 movebun-

133 2235 215 2279 tur
240 2237 426 2296 parata
458 2226 524 2280 ad
569 2225 856 2280 adventum
899 2224 1117 2294 judicis.
1149 2224 1412 2295 Quodque
1455 2223 1630 2295 jungit
1669 2236 1724 2280 et

135 2313 259 2369 dicit
285 2332 298 2368 :
331 2313 400 2368 In
432 2314 702 2368 novissima
727 2315 844 2366 tuba
877 2331 895 2367 :
923 2322 1070 2367 canet
1111 2315 1246 2367 enim
1287 2313 1427 2380 tuba,
1459 2324 1506 2368 et
1538 2317 1725 2369 mortui

133 2412 387 2475 rc’surgent
413 2405 713 2474 incorrupti,
736 2413 783 2457 et
809 2420 902 2457 nos
921 2404 1323 2458 immutabimur.
1351 2403 1562 2474 Oportet
1590 2407 1725 2460 enim

134 2495 456 2566 corruptibile
479 2495 575 2548 hoc
601 2495 810 2548 induere
833 2495 1304 2564 incorruptionem;
1325 2505 1371 2551 et
1391 2497 1606 2551 mortale
1631 2497 1726 2551 hoc

132 2587 336 2640 induere
359 2584 815 2651 immortalitatem,
879 2587 1040 2658 803
1109 2586 1378 2658 duplicem
1395 2588 1553 2644 habet
1570 2589 1726 2644 intel-

134 2679 420 2748 ligentiam,
458 2689 516 2734 ut
557 2679 776 2749 clangor
810 2679 970 2746 lubu',
999 2688 1092 2734 aut
1123 2680 1268 2734 vocis
1293 2680 1492 2736 indicet
1515 2685 1722 2751 magni-

134 2768 396 2835 tudinem,
422 2769 572 2838 juxta
601 2768 734 2822 illud
771 2768 912 2838 quod
945 2769 1201 2838 scriptum
1230 2810 1246 2836 ,
1277 2779 1360 2825 est
1392 2788 1406 2824 ε
1434 2771 1578 2825 Sicut
1605 2772 1723 2824 tuba

133 2861 292 2915 exulta
337 2876 509 2914 vocem
564 2870 703 2914 tuam
753 2859 902 2930 (Isai.
936 2862 1026 2932 58)
1051 2877 1066 2926 ;
1092 2871 1182 2915 aut
1214 2872 1452 2932 apertam
1485 2865 1722 2918 omnium

131 2953 600 3018 resurrecﬁonem,
637 2953 789 3023 juxta
820 2954 944 3007 illud
976 2954 1117 3024 quod
1166 2953 1216 3008 in
1250 2955 1545 3026 Evangelio
1591 2958 1726 3027 legi-

131 3056 244 3096 mus
276 3043 394 3097 :Tu
430 3053 602 3097 autem
627 3044 832 3113 quando
869 3047 999 3112 facis
1031 3045 1403 3117 eleentosynam
1427 3090 1442 3114 ,
1471 3050 1577 3103 noli
1608 3053 1728 3104 tuba

127 3151 301 3190 canere
321 3148 442 3191 ante
469 3146 516 3189 te
545 3135 764 3203 (Matth.
799 3137 854 3190 6.
883 3136 940 3207 2)
966 3179 981 3202 ,
1015 3136 1117 3192 hoc
1143 3147 1247 3202 est,
1273 3140 1590 3195 abscondite
1640 3141 1722 3196 fac

128 3227 570 3290 misericordiam,
608 3235 662 3282 et
690 3228 741 3281 in
774 3239 1003 3291 secreto,
1050 3246 1116 3284 ne
1147 3230 1379 3285 videaris
1409 3232 1475 3287 de
1501 3234 1723 3288 alterius

127 3316 342 3370 miseria
369 3316 947 3386 gloriari.,Qu:erimus
971 3327 1149 3372 autem
1175 3334 1271 3374 cur
1291 3320 1358 3374 ad
1376 3323 1719 3378 novissimam

129 3405 310 3460 tubam
370 3415 612 3461 mortuos
677 3407 954 3476 scripserit
1026 3420 1440 3466 resurrecturos.
1495 3413 1721 3481 Quando

126 3495 262 3549 enim
289 3497 583 3551 novissima
611 3496 827 3562 dicitur,
853 3499 1036 3568 utique
1067 3499 1191 3554 alia:
1214 3513 1624 3570 praecesserunt.
1659 3505 1712 3559 lu

127 3587 438 3660 Apocalypsi
471 3588 710 3655 Joannis,
735 3601 939 3660 septem
980 3591 1353 3650 describuntur
1381 3597 1566 3666 Angeli
1596 3613 1718 3654 cum

129 3677 280 3744 tubis,
307 3688 361 3733 et
397 3696 720 3750 unoquoque
747 3682 1030 3750 clangente
1059 3724 1075 3747 ,
1131 3684 1308 3754 primo
1334 3685 1604 3753 videlicet,
1633 3703 1721 3743 se-

132 3769 300 3823 cundo
325 3781 379 3825 et
408 3773 602 3837 tertio,
630 3782 820 3842 quarto
845 3782 900 3828 et
925 3773 1110 3842 quinto
1158 3786 1212 3830 et
1240 3785 1424 3842 sexto,
1467 3779 1592 3847 quid
1621 3795 1717 3847 per

128 3861 360 3931 singulos
381 3873 561 3918 actum
587 3865 675 3926 sit,
697 3864 959 3919 indicatur
986 3865 1202 3935 (Apocal
1222 3906 1234 3920 .
1267 3868 1320 3922 8.
1353 3877 1398 3920 et
1426 3869 1504 3935 9).
1529 3868 1718 3922 Novis-

127 3951 256 4004 simo
280 3963 485 4018 autem,
537 3953 587 4007 id
637 3961 738 4016 est,
784 3955 1033 4022 septimo,
1085 3955 1231 4008 claro
1286 3956 1426 4010 tubae
1478 3959 1706 4024 strepitu

128 4053 466 4108 personante,
496 4043 690 4096 mortui
744 4044 1066 4097 suscitantur
1101 4061 1113 4098 :
1142 4059 1367 4113 corpora
1406 4062 1524 4114 qua:
1568 4049 1714 4116 prius

131 4129 421 4186 habuerant
446 4133 832 4202 corruptibilia,
861 4134 1161 4202 incorrupta
1189 4137 1531 4204 recipientes.
1561 4137 1713 4192 Unde

132 4231 241 4285 post
271 4223 616 4278 novissimam
649 4223 825 4277 tubam
874 4225 1096 4293 expoiiit
1141 4225 1432 4294 Apo~tolus
1472 4227 1596 4294 quid
1625 4243 1713 4282 se-

131 4321 313 4376 quatur
339 4329 354 4367 :
385 4312 544 4367 Canet
571 4313 705 4366 enim
733 4315 872 4375 tuba,
896 4323 941 4366 et
972 4316 1157 4366 mortui
1186 4327 1450 4383 resurgant
1473 4317 1704 4371 incorru—

135 4403 236 4467 pti,
281 4422 374 4460 nos
419 4416 589 4459 autem
645 4406 1044 4459 imnmtabimur.
1093 4407 1318 4474 Quando
1367 4408 1536 4475 dicit,
1594 4427 1705 4477 nos,

133 4493 285 4550 alium
313 4511 373 4553 se
402 4539 418 4564 ,
459 4507 512 4553 et
553 4513 667 4561 eos,
699 4499 788 4567 qui
833 4512 1014 4552 secum
1043 4507 1196 4565 sunt,
1226 4509 1423 4568 przrter
1471 4512 1711 4557 mortuos

135 4597 247 4638 esse
286 4588 570 4656 signitiCat.
606 4588 682 4641 Ad
713 4588 854 4658 quod
877 4589 1320 4659 intelligendum,
1345 4601 1471 4646 sunt
1499 4595 1587 4663 qui
1622 4595 1708 4649 di-

135 4682 250 4726 cant
275 4687 534 4741 mortuos,
562 4679 651 4747 qui
680 4689 958 4748 resurgant
979 4678 1296 4749 incorrupti,
1323 4695 1444 4736 esse
1477 4698 1707 4753 corpora

137 4773 458 4822 mortuorum
486 4785 501 4832 ;
543 4783 637 4822 eos
677 4777 854 4822 autem
885 4771 973 4838 qui
1007 4769 1258 4825 dicantur
1289 4787 1412 4827 esse
1442 4778 1704 4842 mutandi,

135 4851 332 4909 animas
363 4858 559 4913 debere
603 4860 802 4930 accipi,
834 4861 1048 4930 quando
1083 4861 1135 4914 in
1181 4863 1437 4932 majorem
1479 4866 1704 4935 gloriam

137 4939 328 4998 fuerint
353 4959 726 5015 commutatrc;
757 4960 812 5006 et
855 4953 1196 5021 pervenerint
1235 4954 1287 5008 in
1321 4957 1496 5010 virum
1532 4961 1702 5026 perl'e-

199 5097 260 5178 (ᾳ)
361 5101 580 5178 melioris
600 5112 724 5176 nota
745 5107 879 5178 codd.
899 5107 1012 5178 Mss.
1029 5108 1371 5178 desiderantur
1393 5111 1524 5162 idem
1547 5115 1702 5178 Didy-

136 5171 256 5221 mus,
279 5170 378 5211 tum
399 5167 618 5228 sequitur
645 5167 865 5228 junctam
897 5169 1039 5220 sintut
1061 5173 1270 5222 omnium
1306 5167 1704 5226 resurrectionem

139 5234 342 5298 grtesens
365 5238 521 5298 sermo
551 5226 808 5298 signiﬁcat,
831 5233 1020 5281 omissis
1043 5231 1232 5283 scilicet
1256 5236 1561 5284 intermediis
1581 5273 1594 5298 ,
1622 5252 1703 5286 ra-

139 5285 324 5347 piantur
340 5285 523 5337 obviam
547 5285 753 5347 Christo,
779 5285 875 5340 etc.

200 5343 266 5405 (ὁ)
301 5345 408 5395 Duo
448 5349 561 5400 Mss.
594 5350 668 5400 vel
707 5343 772 5400 ad
812 5360 991 5402 motum
1020 5353 1103 5404 Dei
1132 5367 1150 5404 :
1175 5357 1400 5406 nimirum
1448 5365 1503 5407 ut
1546 5359 1701 5410 Grmc.

141 5415 311 5482 fecerit
328 5419 441 5482 ῥοπήν-
468 5412 578 5461 heic
600 5427 797 5475 quoque
828 5415 1110 5466 redderent.
1149 5416 1348 5466 Interim
1382 5433 1544 5482 neque
1586 5421 1704 5470 illud

145 5471 523 5544 [Ίῖῆξξίῗτῗθῖὲδμηι
542 5510 556 5533 ν
583 5471 836 5544 “hiulci”
860 5490 1026 5544 V003!“
1060 5490 1161 5544 ῥξτιὶν
1181 5514 1194 5538 ›
1238 5488 1288 5544 (ξιτ
1319 5493 1428 5542 ῥοπὴν
1447 5471 1478 5540 ,’
1501 5497 1703 5544 quarum

143 5523 288 5598 altera
310 5529 370 5598 ab
394 5531 491 5598 ictu
512 5523 719 5598 sagitgtw,
745 5523 1232 5589 interii‘é't‘ihéig‘séu
1244 5523 1705 5592 'titiié‘itioi'uT'riiil

271 5595 373 5663 gest,
393 5583 719 5663 jamdiuvolim'
751 5583 812 5663 ab
824 5583 1342 5663 ‘Hégyeiﬁé'eéﬁﬁihiii
1354 5583 1394 5662 Γ
1407 5583 1702 5654 mimo

147 5656 347 5728 gestasse
359 5656 616 5728 sitjeorum
639 5661 778 5720 sequi
800 5656 1144 5723 conjecturam,
1169 5665 1253 5724 qui
1282 5662 1332 5713 in
1355 5656 1485 5716 nictu
1502 5703 1515 5727 ,
1544 5680 1630 5728 pro
1653 5666 1703 5716 in

147 5708 254 5768 ictu,
267 5708 526 5771 legendum
548 5708 864 5771 censuerunt.

1475 291 1810 349 EPISTOLA
1850 290 2036 347 CXIX.

3315 312 3418 368 970

1833 411 2020 468 ctum,
2091 404 2142 457 in
2195 416 2501 464 mensuram
2554 408 2724 461 mtatis
2788 409 3132 478 plenitudinis
3202 415 3402 476 Christi

1830 490 2054 562 (Epiros.
2085 493 2139 548 4.
2194 494 2308 564 l5).
2340 496 2443 550 Alii
2486 511 2613 552 vero
2639 509 2886 555 asserunt
2913 543 2928 568 ,
2962 515 3204 561 mortuos
3230 511 3416 568 deberi

1830 584 2054 656 intelligi
2111 597 2456 656 peccatores,
2511 589 2602 660 qui
2653 604 2937 662 resurgent
2991 597 3307 672 incorrupti,
3357 616 3415 660 ut

1830 677 2039 746 possint
2075 687 2272 732 mterna
2315 681 2584 736 sustinere
2633 685 2892 752 supplicia
2925 703 2938 740 :
2968 703 3061 744 eos
3106 702 3282 747 autem
3327 702 3416 767 qui

1828 777 2246 832 commutantur,
2291 785 2414 826 esse
2451 783 2685 840 sanctos,
2715 776 2803 845 qui
2846 776 2912 832 de
2938 779 3135 836 virtute
3168 784 3217 838 in
3251 788 3416 842 virtu-

1830 865 1960 920 tem,
1991 867 2047 914 et
2075 858 2143 913 de
2167 859 2334 929 gloria
2373 861 2769 920 transferuntur
2796 867 2848 920 in
2895 869 3143 937 gloriam.
3182 873 3335 933 Unde
3364 889 3419 935 ct

1829 947 1898 1000 ad
1936 949 2393 1019 incorruptionem
2421 965 2754 1012 mortuorum
2783 960 2964 1015 intulit
2996 981 3008 1017 :
3043 964 3253 1034 Oportet
3278 973 3411 1026 enim

1829 1044 2177 1110 corruptivum
2205 1044 2299 1098 hoc
2318 1046 2528 1101 induere
2548 1049 2998 1120 incorruptionem.
3032 1059 3112 1113 Ad
3150 1061 3201 1116 id
3237 1075 3414 1120 autem

1829 1133 1974 1202 quod
2019 1133 2232 1190 dixerat
2263 1153 2276 1188 :
2308 1154 2397 1191 nos
2426 1139 2828 1208 immutabimur,
2863 1145 2990 1201 illud
3020 1149 3263 1219 adjunxit
3317 1174 3330 1209 :
3367 1167 3415 1211 et

1828 1223 2044 1276 mortale
2092 1225 2186 1278 hoc
2224 1226 2401 1280 induet
2448 1229 2898 1289 immortalitatem.
2946 1239 3103 1294 Aliud
3145 1253 3229 1297 cst
3271 1248 3413 1301 enim

1827 1311 2223 1380 immortalitas,
2255 1317 2398 1372 aliud
2429 1318 2788 1390 incorruptio;
2815 1326 2952 1381 sicut
2984 1329 3129 1386 aliud
3158 1339 3410 1403 mortale,

1827 1411 1884 1456 et
1923 1403 2066 1458 aliud
2103 1409 2490 1476 corruptivum.
2548 1411 2816 1483 Quidquid
2845 1425 3022 1472 autem
3053 1425 3276 1480 mortale
3304 1439 3412 1496 est,

1827 1501 1884 1547 et
1908 1496 2274 1564 corruptivum
2300 1508 2412 1564 e~t;
2447 1499 2540 1554 sed
2570 1516 2673 1556 non
2705 1505 2847 1573 quod
2872 1513 3237 1580 corruptivum
3267 1553 3283 1582 ,
3309 1526 3410 1572 sta-

1831 1581 1924 1634 tim
1950 1591 2002 1638 et
2024 1587 2268 1640 mortale.
2300 1587 2618 1658 Corruptiva
2641 1593 2838 1663 quippe
2857 1608 2978 1652 sunt
3005 1615 3253 1672 corpora,
3285 1624 3406 1678 qu.e

1826 1682 2014 1725 carent
2056 1675 2232 1728 anima
2259 1718 2274 1741 ,
2314 1688 2370 1730 et
2415 1689 2591 1734 tamen
2629 1698 2734 1736 non
2777 1697 2902 1740 sunt
2955 1693 3238 1759 mortalia;
3286 1675 3412 1766 quia

1828 1778 2098 1832 nunquam
2131 1765 2367 1824 habuere
2395 1770 2554 1825 vitam
2578 1815 2592 1838 ,
2617 1790 2738 1842 qtue
2778 1780 2993 1846 proprie
3063 1785 3228 1857 εθά,
3300 1765 3416 1844 ani-

1827 1854 2086 1910 tnautium
2117 1866 2218 1912 est.
2250 1858 2405 1915 Unde
2433 1863 2704 1932 signauter
2737 1871 3050 1938 Apostolus,
3080 1854 3411 1949 corr—uplioni

1828 1944 2304 2015 incorruptionem,
2337 1954 2648 2010 mortalitati
2680 1957 3136 2021 immortalitatem
3171 1944 3416 2031 resurre-

1826 2036 2020 2090 ctionis
2044 2038 2273 2094 futuram
2296 2051 2535 2112 tempore
2556 2047 2846 2116 capulavit.
2895 2069 2914 2102 ι

1900 2129 1953 2184 6.
2004 2131 2229 2189 Aeacius
2274 2134 2534 2193 Cmsarea:
2559 2181 2573 2205 ,
2603 2158 2723 2211 quae
2764 2147 2908 2213 prius
2940 2152 3102 2208 turris
3145 2154 3416 2215 Stratonis

1825 2223 2138 2291 vocabatur,
2183 2239 2301 2296 post
2342 2231 2633 2290 Eusebium
2684 2237 2946 2309 Pamphili
2999 2245 3318 2318 Episcopus,
3357 2255 3412 2307 in

1827 2323 2020 2407 quarto
2065 2324 2431 2392 συμμίκτων
2462 2333 2753 2394 ζητημάτων
2783 2331 2919 2388 libro
2961 2350 3266 2407 proponens
3306 2345 3391 2396 83b

1829 2403 1969 2460 hanc
2025 2410 2266 2465 eamdem
2331 2416 2718 2485 quazstionem,
2761 2421 2922 2478 latius
2964 2403 3302 2498 disputavit,
3360 2445 3414 2489 ct

1829 2505 2114 2568 utrumque
2131 2502 2454 2571 suscipiens,
2480 2508 2617 2577 quod
2647 2510 2784 2566 inter
2807 2527 2866 2567 se
2894 2516 3103 2572 videtur
3136 2536 3256 2577 esse
3285 2539 3417 2578 con-
3468 2503 3472 2514 ’

1829 2589 2072 2656 trarium,
2098 2605 2215 2662 post
2247 2597 2561 2667 principium
2584 2605 2725 2671 quod
2745 2608 3043 2672 omisimus,
3086 2613 3164 2668 sic
3199 2615 3412 2672 locutus

1827 2692 1912 2736 est
1957 2700 1970 2737 :
2017 2701 2036 2735 ι
2074 2685 2324 2742 Dicamus
2352 2692 2580 2760 primum
2623 2695 2690 2752 de
2715 2713 2780 2752 eo
2823 2701 2960 2767 quod
3004 2706 3169 2774 magis
3212 2707 3267 2761 in
3301 2709 3417 2776 pln-

1828 2774 1978 2829 rimis
2016 2775 2290 2833 codicibus
2321 2781 2590 2837 invenitur
2639 2802 2652 2838 :
2682 2785 2814 2843 Ecce
2843 2794 3136 2860 mysterium
3179 2774 3409 2851 dico‘vo-

1827 2865 1903 2918 bis
1933 2880 1954 2919 :
1979 2883 2151 2922 omnes
2179 2871 2382 2941 quidem
2404 2874 2712 2930 dormiamus
2729 2894 2748 2942 ,°
2775 2897 2874 2934 non
2903 2899 3074 2937 omnes
3103 2897 3272 2941 autem
3301 2891 3408 2944 im-

1829 2957 2158 3010 mutabimur.
2211 2959 2524 3031 Mysterium
2573 2964 2740 3032 dixit,
2801 2977 2858 3023 ut
2902 2980 3137 3028 attentos
3201 2975 3404 3036 faceret

1827 3045 2122 3113 auditores,
2146 3047 2214 3104 de
2240 3053 2636 3109 resurrectione
2658 3055 2868 3125 plenius
2888 3060 3236 3121 disserturus.
3271 3068 3407 3124 Dor-

1828 3137 1979 3192 initio
2007 3149 2184 3193 autem
2210 3149 2434 3197 mortem
2473 3143 2652 3211 istam,
2684 3162 2802 3215 qua:
2829 3153 3129 3207 communis
3168 3167 3251 3211 est
3289 3174 3407 3215 om.

1824 3231 1995 3294 nium,
2042 3231 2308 3301 signiﬁcat
2338 3251 2350 3287 :
2382 3235 2522 3290 unde
2550 3237 2846 3295 rectissime
2874 3246 3069 3312 posuit,
3099 3249 3242 3317 quod
3289 3265 3403 3305 oni-

1825 3336 1922 3376 ncs
1942 3321 2292 3388 dormiamus,
2325 3325 2373 3381 id
2403 3339 2505 3394 est,
2538 3331 2850 3400 moriamur,
2879 3336 3017 3393 sicut
3045 3353 3204 3410 supra
3222 3343 3362 3398 dixit
3388 3364 3404 3401 :

1829 3411 2095 3477 Quomodo
2124 3415 2176 3469 in
2206 3417 2371 3470 Adam
2399 3435 2576 3474 omnes
2622 3425 2906 3480 moriuntur
2931 3429 3004 3482 sic
3047 3441 3094 3485 et
3128 3433 3180 3487 in
3207 3435 3408 3492 Christo

1821 3519 1992 3557 omnes
2014 3504 2414 3574 viviﬁcabuntur.
2438 3510 2568 3565 Cum
2598 3528 2726 3584 ergo
2767 3533 2956 3574 mitnes
2995 3523 3240 3581 morituri
3271 3528 3401 3594 sint,

1820 3592 2000 3648 audite
2029 3605 2359 3666 sacramenta
2401 3615 2520 3670 qua:
2563 3602 2684 3658 dico
2717 3622 2729 3657 :
2768 3607 2954 3663 Unities
2983 3613 3186 3679 quidem
3213 3592 3403 3674 morie;

1821 3700 1935 3738 mur
1979 3683 2073 3757 [aL
2122 3687 2493 3764 dormiamus];
2534 3695 2623 3746 sed
2652 3712 2752 3750 non
2793 3715 2964 3753 omnes
3004 3701 3403 3763 immutabimur.

1821 3774 1976 3829 Canet
2017 3778 2149 3831 enim
2171 3780 2310 3845 tuba,
2359 3783 2498 3836 haud
2530 3783 2749 3838 dubium
2781 3791 2907 3855 quin
2963 3793 3198 3859 Angelus
3242 3801 3406 3866 septi.

1821 3882 1974 3932 mus;
2002 3878 2048 3921 et
2077 3873 2263 3923 mortui
2290 3884 2550 3942 resurgant
2576 3874 2879 3944 incorrupti.
2923 3878 2980 3932 Si
3008 3891 3187 3937 autem
3228 3885 3405 3941 incor-

1818 3957 1959 4024 rupti
2006 3969 2166 4011 erunt
2218 3962 2434 4026 mortui,
2476 3963 2743 4030 quomodo
2789 3981 2894 4020 non
2955 3967 3401 4044 immutabuntur,

1819 4061 1942 4099 cum
1984 4047 2314 4116 incorruptio
2358 4049 2469 4119 ipsa
2502 4053 2725 4106 mutatio
2768 4056 2879 4109 sit?
2903 4057 3006 4113 Sed
3047 4060 3132 4116 hic
3159 4078 3401 4120 commu-

1820 4136 1966 4198 tatio,
1995 4151 2096 4204 qua
2127 4137 2320 4192 Paulus
2352 4142 2633 4196 mutandus
2663 4154 2715 4198 et
2759 4149 2925 4202 sancti
2964 4162 3105 4218 sunt,
3132 4156 3401 4224 gloriﬁca-

1820 4229 1893 4279 tio
1915 4226 2245 4296 intelligitur.
2275 4229 2611 4302 lncorruptio
2638 4247 2815 4293 autem
2858 4240 3059 4298 idcirco
3087 4250 3390 4304 communis

1817 4326 1900 4372 est
1937 4318 2197 4387 omnium,
2245 4321 2368 4390 quia
2396 4323 2446 4376 in
2477 4339 2542 4377 eo
2573 4325 2991 4387 miserabiliores
3021 4346 3177 4391 erunt
3208 4354 3392 4407 pecca-

1817 4417 1984 4472 tores,
2019 4418 2076 4462 ut
2111 4409 2176 4464 ad
2210 4420 2468 4468 tormenta
2499 4420 2743 4486 perpetui
2775 4421 2904 4489 sint,
2945 4433 2999 4480 et
3029 4443 3133 4482 non
3183 4433 3397 4488 mortali

1814 4509 1868 4553 et
1897 4500 2231 4570 corruptibili
2262 4517 2486 4574 corpore
2516 4505 2897 4569 dissolvantur.
2933 4514 3183 4587 Legimus
3221 4521 3272 4574 in
3302 4537 3396 4576 ea-

1813 4589 1935 4645 dem
1973 4593 2218 4661 cpistola,
2252 4596 2508 4664 Apostolo
2535 4597 2850 4667 disserente,
2889 4603 2966 4675 (ά)
3000 4618 3267 4662 sacratam
3305 4609 3392 4664 di-

1814 4683 2120 4738 versitatem
2153 4688 2568 4742 resurrectionis
2594 4731 2610 4756 ,
2641 4707 2746 4745 non
2774 4694 2827 4746 in
2858 4705 3043 4749 natura
3082 4711 3388 4768 corporum,

1811 4773 1903 4827 sed
1929 4774 1978 4828 in
2018 4777 2271 4831 varietate
2293 4777 2478 4846 gloria:
2505 4795 2518 4832 :
2541 4779 2668 4834 dum
2696 4781 2783 4834 alii
2810 4793 3092 4853 resurgunt
3113 4787 3178 4841 ad
3210 4803 3396 4856 pmnas

1811 4875 2116 4932 perpetuas,
2157 4868 2246 4921 alii
2285 4869 2350 4921 ad
2399 4869 2622 4937 gloriam
2666 4873 3070 4939 sempiternam.
3102 4877 3220 4932 Alia
3245 4857 3389 4941 enim

1810 4970 1934 5008 caro
1975 4957 2295 5021 volatilimn,
2344 4958 2444 5010 alia
2495 4959 2753 5026 piscium,
2785 4961 2886 5015 alia
2913 4962 3301 5033 jumentorum,
3333 4984 3387 5026 et

1809 5060 2032 5113 Ctlt‘ptlra
2055 5046 2317 5110 coelestia,
2347 5056 2401 5100 et
2439 5062 2665 5117 corpora
2698 5056 2994 5107 terrestria.
3023 5055 3111 5110 Sic
3131 5098 3146 5123 ,
3177 5060 3343 5129 inquit
3371 5101 3391 5131 ,

1871 5181 1940 5256 (ς)
1973 5179 2187 5256 tritulum
2213 5181 2435 5252 Acaciani
2460 5180 2572 5256 lihri
2597 5192 2785 5256 mutam
2809 5187 3064 5256 hucusque
3090 5191 3270 5255 vulgati
3295 5230 3310 5256 ’
3337 5207 3390 5246 et

1809 5253 2016 5312 συλλικτων,
2031 5251 2241 5311 (man
2261 5276 2274 5299 ,
2308 5243 2415 5292 sive
2452 5243 2762 5320 cpllectarum
2795 5243 3141 5320 quaestionum,
3171 5243 3270 5316 Ῑιτο
3293 5243 3390 5320 At;

1809 5316 1955 5362 μὶιτων,
1980 5304 2085 5379 sive
2109 5304 2354 5379 variarum
2375 5341 2388 5360 ,
2405 5313 2491 5379 aut
2515 5306 2778 5379 mimarum
2804 5304 3006 5379 legunt,
3033 5304 3391 5379 facile'quideiu

1808 5373 1913 5412 orta
1938 5376 2002 5411 ex
2026 5363 2138 5442 Mrss.
2159 5363 2556 5442 hallucuiatione,
2582 5368 2629 5414 in
2668 5363 3114 5442 quibusvgeini'num
3138 5363 3308 5436 ni’éi

1808 5436 1941 5486 saepe
1965 5424 2338 5492 confunduntur,
2373 5433 2510 5492 certo
2535 5424 2700 5477 tamen
2739 5424 2906 5492 lapsu“.
2932 5433 3032 5483 Nos
3072 5424 3386 5492 νυέὸὶιῗλῖὲ

1808 5485 2106 5564 auctoritate.
2133 5487 2451 5564 restitui‘mus,
2484 5490 2532 5536 in
2569 5485 2940 5564 quoexp'ressis
2977 5485 3163 5549 litteris
3184 5485 3272 5550 est
3297 5485 3387 5564 .2;

1808 5560 1954 5604 nam.
1967 5545 2234 5621 _Conli‘rmat
2256 5545 2847 5621 auteml‘e‘mendationem‘
2860 5545 3080 5621 nostram
3093 5545 3213 5621 ipse
3222 5545 3392 5614 iiaéiBl

1810 5621 1938 5686 nym.
1954 5607 2013 5686 in
2037 5607 2270 5686 catalogo
2520 5611 2584 5686 de
2622 5613 2798 5662 eodem
2820 5607 2996 5668 Acacio
3017 5658 3031 5682 ,
3059 5607 3387 5686 ubiveju‘s—QI.

1808 5682 1936 5727 μιιιωι
1954 5678 2162 5729 ζητημάτων
2184 5683 2274 5718 sex
2299 5670 2539 5721 volumina
2559 5685 2832 5727 enumerat.

1872 5729 1948 5791 (ά)
1983 5729 2036 5778 [ιι
2062 5731 2256 5792 antiqua
2280 5733 2380 5782 edit
2413 5732 2679 5786 disserente
2700 5747 2902 5801 secreta,
2924 5742 3265 5806 diversitatem,
3291 5755 3390 5797 etc.
