4026 6186
660 237 754 292 971

658 351 752 402 erit
774 359 823 404 et
843 347 1139 404 resurrectio
1161 354 1467 399 mortuorum
1494 344 1569 410 (1.
1599 341 1717 396 Cor.
1752 343 1838 396 15.
1873 341 1961 396 59.
1989 341 2077 396 40.
2110 342 2224 411 42).

657 441 757 496 Cui
797 441 1071 497 sententia:
1112 439 1279 506 magis
1323 435 1612 506 acquiescit
1661 435 1930 499 Ecclesia,
1960 446 2016 489 ut
2043 449 2230 490 omnes

656 533 927 588 communi
971 536 1141 583 morte
1168 527 1481 593 moriamur,
1522 535 1576 580 et
1606 541 1710 580 non
1747 541 1933 580 omnes
1962 536 2229 580 mutemur

658 625 707 678 in
738 621 960 690 gloriam
981 659 996 682 ,
1041 619 1188 686 juxta
1216 617 1344 671 illud
1373 659 1387 682 ,
1421 618 1558 687 quod
1591 617 1773 672 Daniel
1805 617 1991 671 scribit
2029 634 2042 671 :
2076 615 2229 670 Multi

655 710 956 764 dormientes
982 708 1033 760 in
1063 716 1209 761 teme
1238 708 1461 777 pulvere,
1494 717 1754 777 resurgent
1777 724 1795 770 ,°
1822 707 1912 760 alii
1933 710 1986 760 in
2011 707 2227 777 gloriam

651 812 890 855 cternam
915 838 930 863 ,
959 797 1050 849 alii
1085 797 1136 850 in
1165 785 1552 864 confusionem,
1597 807 1642 849 et
1669 797 1993 866 approbrium
2042 796 2227 864 sempi-

653 899 852 942 ternum
886 885 1047 957 (Dan.
1083 886 1168 940 12.
1195 885 1273 956 2).
1293 886 1390 954 Qtti
1463 888 1626 958 805
1700 887 1840 940 enim
1867 895 2142 955 resurgent
2173 887 2224 940 in

650 978 994 1048 opprobrium
1021 986 1077 1032 et
1105 976 1472 1030 confusionem
1493 977 1893 1044 sempiternam,
1919 991 2023 1029 non
2045 990 2224 1028 resur-

648 1075 776 1138 gent
801 1067 854 1120 in
889 1077 1144 1122 mternam
1186 1065 1432 1136 gloriam,
1483 1065 1535 1118 in
1578 1080 1738 1133 quam
1782 1063 1994 1126 Paulus,
2043 1072 2096 1116 et
2133 1063 2222 1132 qui

648 1176 768 1214 cum
797 1175 862 1213 eo
887 1169 1033 1224 sunt,
1066 1158 1430 1211 mtttabuntur.
1463 1154 1592 1222 ρυςυ
1617 1169 1742 1208 cum
1771 1155 1839 1206 ita
1865 1168 1925 1208 se
1966 1152 2218 1220 habeant,

646 1261 700 1306 et
725 1250 804 1304 sic
831 1248 1094 1303 intellecta
1123 1248 1227 1300 sint
1255 1261 1285 1299 a
1316 1245 1490 1305 nobis.
1521 1260 1705 1297 eorum
1734 1252 1938 1298 tantum
1969 1256 2218 1295 commu-

647 1341 898 1394 tationem
929 1339 1237 1405 suscipere,
1268 1337 1358 1404 qui
1401 1343 1680 1403 resnrgent
1715 1334 1764 1386 in
1793 1332 2014 1401 gloriam
2050 1350 2062 1384 :
2093 1347 2218 1400 psc-

639 1440 882 1484 catorum
901 1438 1079 1482 autem
1101 1435 1154 1480 et
1178 1425 1493 1488 inﬁdelium,
1524 1424 1612 1494 qui
1640 1421 1835 1476 mortui
1862 1421 2214 1490 appellantur,

643 1530 697 1575 et
722 1527 1003 1588 resurgent
1028 1516 1344 1587 incorrupti,
1370 1529 1700 1584 nequaquam
1719 1512 2212 1577 commutationem,

641 1609 735 1666 sed
769 1625 952 1680 ptenas
980 1618 1263 1678 perpetuas
1289 1620 1408 1660 esse
1444 1603 1718 1658 dicendas.
1767 1621 1787 1655 s

711 1697 764 1753 7.
804 1697 1159 1752 Transeamus
1201 1693 1266 1748 ad
1309 1693 1592 1747 secundant
1640 1691 1921 1748 lectionem
1945 1731 1961 1756 ,
1989 1705 2106 1760 qua:
2145 1691 2214 1744 ita

641 1788 806 1844 fertur
834 1789 887 1841 in
919 1786 1181 1857 plerisque
1207 1785 1497 1839 codicibus.
1528 1781 1650 1836 Non
1675 1782 1874 1852 quidem
1900 1799 2068 1836 omnes
2091 1782 2214 1835 dor-

644 1881 875 1943 miemus,
907 1893 1077 1932 omnes
1105 1871 1268 1929 autem
1298 1875 1688 1928 immutabimur.
1737 1873 1812 1926 Ex
1844 1887 1944 1942 qua
1975 1872 2211 1926 nonnulli

636 1978 881 2023 asserunt
911 1968 1106 2022 multos
1135 1966 1280 2019 vivos
1310 1965 1362 2018 in
1392 1963 1702 2032 Corporibus
1740 1962 2113 2032 reperit-odos;
2157 1970 2212 2016 et

636 2061 678 2112 si
711 2074 816 2112 non
846 2057 1108 2111 dormiant
1132 2069 1318 2108 omnes
1343 2094 1357 2118 ,
1390 2069 1494 2106 non
1524 2067 1711 2107 omnes
1739 2065 1857 2106 esse
1885 2053 2206 2116 morituros;

635 2149 678 2201 si
709 2157 882 2201 autem
914 2159 1018 2199 non
1048 2144 1342 2198 moriantur
1365 2157 1550 2197 omnes
1572 2182 1587 2204 ,
1621 2157 1726 2195 non
1754 2155 1940 2196 omnes
1963 2155 2207 2196 resurre-

632 2251 830 2294 CIuros.
879 2237 1177 2302 Resurgere
1213 2233 1356 2288 enim
1400 2233 1612 2304 proprie
1658 2231 1888 2298 dicitur,
1928 2231 2016 2299 qui
2063 2231 2207 2300 prius

631 2328 906 2384 moriendo
935 2325 1145 2381 cecidit.
1175 2324 1329 2380 Unde
1355 2333 1410 2378 et
1438 2323 1657 2378 Paulum
1684 2324 1870 2376 volunt
1896 2321 2127 2376 scribere
2154 2322 2206 2376 in

631 2422 798 2488 prima
823 2418 887 2472 ad
913 2416 1414 2472 Tltessalonicenses
1441 2413 1708 2484 Epistola:
1737 2411 1846 2466 Nos
1869 2413 1953 2481 qui
1974 2413 2202 2477 vivimus,

629 2511 713 2578 qui
742 2507 930 2562 residui
958 2507 1140 2560 erimus
1161 2504 1256 2576 [ιιι.
1283 2504 1476 2576 sumus]
1506 2506 1558 2557 in
1583 2505 1798 2558 aduentu
1831 2503 2034 2557 Domini
2058 2545 2072 2568 ,
2104 2520 2204 2557 non

630 2598 992 2669 pt‘wvenientus
1018 2613 1101 2650 eos
1125 2593 1306 2668 qui-(a)
1331 2595 1637 2648 dormierunt
1665 2611 1683 2648 :
1701 2596 1937 2665 quoniant
1963 2595 2070 2664 ipse
2096 2593 2204 2646 Do-

629 2691 795 2742 minus
822 2689 876 2741 in
893 2687 1046 2757 jussu
1068 2726 1082 2750 ,
1109 2696 1155 2740 et
1176 2701 1300 2742 uoce
1325 2685 1629 2756 Arcltangeli
1649 2727 1664 2751 ,
1691 2695 1739 2738 et
1770 2687 1822 2738 in
1848 2684 1963 2738 tuba
1988 2685 2084 2738 Dei
2111 2687 2200 2738 de-

627 2781 827 2835 scendet
854 2786 918 2834 de
940 2777 1064 2834 caelo
1086 2795 1104 2833 :
1124 2789 1170 2832 et
1195 2779 1379 2832 mortui
1403 2779 1454 2831 in
1482 2777 1680 2831 Christo
1704 2787 1961 2847 resurgent
1985 2778 2201 2846 primunt

628 2871 718 2942 [ιιι.
750 2869 921 2941 primi]
950 2885 968 2923 :
994 2870 1174 2923 deinde
1201 2884 1290 2921 nos
1305 2867 1400 2937 qui
1428 2867 1657 2934 uiuimus,
1685 2869 1770 2936 qui
1797 2869 1982 2920 residui
2007 2884 2198 2931 sumus,

626 2961 777 3015 simul
815 2977 930 3015 eum
965 2960 1068 3014 illis
1094 2959 1348 3028 rapientur
1376 2961 1429 3012 in
1459 2958 1668 3012 nubibus
1699 2959 1895 3012 obviam
1923 2958 2120 3012 Christo
2149 2959 2201 3011 in

627 3072 747 3110 aera
772 3070 788 3108 :
815 3065 860 3109 et
887 3055 957 3108 sic
985 3067 1179 3122 semper
1211 3068 1326 3106 cunt
1360 3051 1576 3105 Domino
1605 3053 1788 3106 erimus
1814 3050 1831 3123 (
1856 3052 1906 3105 1.
1939 3051 2113 3105 Thess.
2144 3052 2197 3106 4.

629 3147 716 3200 14.
745 3155 791 3200 et
820 3144 997 3216 seqq.).
1030 3144 1097 3198 Et
1121 3157 1186 3198 ex
1217 3142 1299 3196 his
1320 3141 1475 3196 dictis
1506 3143 1728 3211 probare
1751 3152 2028 3208 conantur,
2059 3143 2200 3211 Apo-

626 3239 820 3293 stolum
852 3238 1092 3301 Paulum,
1115 3245 1168 3289 et
1195 3237 1283 3305 qui
1313 3250 1434 3289 cum
1463 3250 1529 3290 eo
1557 3234 1860 3290 scribebant
1886 3235 2193 3303 Epistulam,

628 3342 840 3401 putasse
863 3345 922 3384 se
949 3345 1054 3383 non
1079 3341 1198 3382 esse
1219 3327 1530 3391 morituros,
1555 3326 1649 3382 sed
1677 3326 2016 3396 reperiendos
2041 3326 2200 3381 indie

626 3418 1096 3476 consummationis
1122 3418 1172 3470 in
1199 3430 1441 3485 corpore.
1459 3416 1608 3483 Quod
1639 3417 1682 3471 si
1711 3433 1892 3471 verum
1921 3428 2021 3482 est,
2050 3434 2198 3473 erra-

626 3508 702 3562 vit
730 3506 922 3561 Paulus
946 3547 962 3572 ,
991 3516 1044 3560 et
1077 3505 1304 3558 humana
1341 3505 1690 3560 mstimatione
1719 3505 1970 3575 deceptus
1997 3516 2115 3572 est,
2143 3517 2200 3561 ut

626 3597 972 3670 arbitraretqr
996 3609 1055 3649 se
1079 3593 1452 3648 inveniendum
1479 3594 1532 3647 in
1555 3607 1782 3662 corpore
1805 3613 1818 3648 :
1842 3596 1981 3663 quod
2011 3596 2197 3651 falsum

625 3703 745 3744 esse
767 3727 784 3752 ,
811 3699 989 3741 rerum
1019 3685 1193 3740 exitus
1231 3683 1561 3755 approbavit.
1601 3683 1716 3738 Hoc
1754 3684 2117 3741 intellexerant
2147 3699 2232 3744 et,

627 3780 725 3849 ipsi
764 3777 1263 3834 Thessalonicenses
1285 3816 1301 3840 ,
1343 3786 1671 3831 sacramenta
1701 3779 1963 3834 sermonis
1991 3782 2197 3851 mystici

626 3871 947 3936 nescientes,
969 3875 1023 3924 et
1042 3867 1360 3938 coniecturis
1378 3868 1536 3922 variis
1561 3866 1907 3936 ﬂuctuabant,
1930 3871 2200 3926 dicebant-

628 3976 769 4033 que:
795 3960 853 4019 Si
883 3961 1078 4016 Paulus
1107 3957 1452 4013 inveniendus
1475 3959 1526 4012 in
1554 3973 1777 4028 corpore
1803 3971 1901 4022 est,
1921 3964 2200 4030 proximus

627 4067 709 4111 est
725 4053 1056 4124 diesjudieii.
1074 4049 1221 4107 Unde
1234 4051 1450 4121 corrigit
1471 4065 1584 4116 eos,
1605 4052 1888 4106 secundam
1912 4053 2198 4122 Epistolant

634 4146 873 4200 scribens
902 4159 915 4195 :
944 4142 1202 4210 Rogamus
1245 4155 1331 4193 vos
1373 4141 1554 4208 fratres
1585 4157 1674 4210 per
1699 4141 1966 4194 adventant
1996 4142 2200 4196 Domini

633 4233 790 4288 nostri
819 4230 942 4284 Iesu
970 4227 1175 4293 Christi,
1207 4237 1254 4282 et
1285 4228 1442 4282 nostri
1466 4232 1897 4300 congregationem
1926 4232 1977 4283 in
2003 4232 2196 4301 ipsum,

628 4336 683 4378 ut
719 4339 820 4377 non
861 4322 958 4374 cito
998 4320 1294 4373 moveamini
1334 4329 1530 4385 mente,
1558 4335 1648 4372 nec
1693 4321 1975 4374 terreamini
1997 4362 2011 4385 ,
2045 4338 2201 4390 neque

629 4429 716 4484 per
739 4410 973 4480 spiritum
991 4449 1008 4476 ,
1033 4423 1190 4474 neque
1227 4423 1316 4478 per
1345 4407 1544 4460 verbum
1570 4448 1584 4472 ,
1609 4424 1767 4478 neque
1790 4426 1877 4479 per
1897 4411 2156 4477 epistolam
2179 4454 2194 4478 ,

625 4517 864 4574 tanquant
893 4517 982 4572 per
1008 4515 1101 4554 nos
1124 4500 1327 4554 missam
1351 4539 1366 4563 ,
1395 4500 1539 4569 quasi
1564 4500 1711 4554 instet
1738 4503 1844 4556 dies
1868 4501 2075 4558 Domini
2098 4521 2116 4559 :
2139 4523 2201 4560 ne

623 4599 736 4668 quis
762 4612 847 4650 vos
867 4595 1069 4649 seducat
1091 4590 1198 4646 ullo
1217 4590 1398 4652 modo;
1417 4591 1657 4658 quoniam
1677 4593 1772 4645 nisi
1793 4593 2028 4648 discessio
2048 4612 2196 4651 vene-

624 4690 687 4742 rit
715 4689 953 4759 primum,
979 4695 1025 4738 et
1046 4683 1290 4738 revelatus
1314 4681 1463 4752 fuerit
1515 4680 1664 4734 homo
1733 4684 1898 4753 806
1970 4688 2192 4754 peccati,

625 4779 765 4848 ﬁlius
811 4774 1106 4846 perditionis
1129 4813 1145 4840 ,
1185 4772 1272 4840 qui
1314 4772 1641 4836 adversatur,
1672 4780 1718 4824 et
1757 4774 2012 4827 extollitur
2049 4792 2200 4846 super

625 4884 773 4923 omne
795 4907 812 4934 ,
837 4863 972 4938 quod
999 4863 1185 4916 dicitur
1219 4861 1356 4915 Deus
1375 4902 1392 4926 ,
1429 4869 1515 4914 aut
1540 4861 1676 4930 quod
1701 4863 1883 4916 colitur
1911 4879 1930 4916 :
1955 4865 2026 4917 ita
2060 4877 2112 4919 ut
2148 4869 2200 4921 in

625 4959 809 5031 templo
835 4956 932 5012 Dei
955 4955 1122 5010 sedeat
1147 4994 1162 5020 ,
1183 4951 1449 5008 ostendens
1472 4968 1526 5006 se
1549 4962 1785 5024 tanquam
1808 4956 1871 5008 sit
1897 4956 2053 5011 Deus.
2079 4958 2200 5014 Non

627 5050 920 5106 meministis
947 5047 1081 5117 quod
1105 5061 1219 5100 cum
1248 5045 1386 5116 apud
1412 5061 1496 5100 vos
1523 5062 1678 5100 essent
1695 5048 1872 5102 .adlmc
1892 5091 1904 5112 ,
1935 5050 2042 5103 hinc
2069 5052 2201 5105 dice-

626 5143 741 5197 bant
769 5139 937 5195 vobis?
963 5138 1040 5210 (2.
1071 5137 1250 5192 Thess.
1273 5135 1330 5191 2.
1361 5137 1412 5190 1.
1442 5145 1486 5190 et
1511 5137 1668 5206 sqq.).
1690 5138 1890 5205 Quibus
1918 5139 2072 5195 dictis
2102 5142 2202 5197 hoc

626 5234 835 5303 agit,ut
862 5247 954 5288 eos
975 5239 1187 5284 revocet
1214 5228 1281 5283 ab
1309 5242 1512 5294 errore,
1538 5245 1604 5282 ne
1633 5239 1814 5298 putent
1839 5231 1979 5286 diem
2004 5248 2200 5302 appro-

631 5326 886 5395 pinquare
911 5322 1115 5393 iudicii,
1146 5330 1199 5374 et
1226 5319 1278 5374 id
1309 5319 1446 5389 quod
1477 5321 1759 5390 scripserat
1789 5340 1803 5376 :
1833 5321 1943 5376 Nos
1969 5325 2055 5394 qui
2083 5325 2204 5378 vivi-

624 5432 760 5481 mus,
788 5417 872 5485 qui
896 5414 1084 5469 residui
1111 5428 1306 5476 sumus,
1333 5412 1385 5465 in
1408 5413 1626 5466 adventu
1654 5411 1858 5467 Domini
1885 5431 1984 5468 non
2013 5432 2201 5486 prtere-

695 5542 758 5608 (α)
797 5546 879 5594 Sic
909 5544 1134 5608 plerique
1157 5543 1271 5592 Mss.
1299 5551 1400 5592 tum
1423 5543 1659 5605 Vulgatus
1681 5544 1810 5592 inter
1845 5559 1926 5595 res
1948 5583 1962 5607 ,
1989 5555 2040 5596 et
2065 5546 2201 5597 Gre:-

695 5617 714 5650 s
735 5613 900 5654 textus
921 5615 1004 5656 tot;
1026 5617 1278 5656 ιοιμιιιιντις.
1306 5604 1446 5655 Mart.
1471 5613 1632 5655 tamen
1663 5617 1773 5656 cum
1808 5560 1942 5656 Erus.
1967 5611 2051 5656 aui
2089 5611 2201 5656 dor-

625 5616 714 5709 :ps
735 5604 900 5712 toi-xtus
915 5604 1004 5662 ὶοις
1026 5604 1278 5665 Aquom“.
1306 5604 1446 5655 Mart.
1471 5604 1632 5655 tamen
1663 5617 1773 5656 cum
1808 5604 2051 5671 Erasiqui
2089 5611 2203 5660 dor-

679 5675 758 5712 um
784 5699 794 5710 .

679 5675 776 5712 ιιηιι
784 5699 794 5710 .

1967 227 2202 285 ὃᾹΝΟἸῚ
2243 227 2618 284 ΙΙΙΕΠΟΝῩΜΙ

3842 232 3942 292 972

2337 343 2534 398 niemus
2574 359 2658 398 eos
2700 344 2786 409 qui
2828 343 3175 408 dormierunt,
3203 344 3357 399 aliter
3397 345 3699 417 intelligant
3727 390 3748 415 ,
3778 365 3937 419 quam

2337 433 2557 504 intelligi
2602 434 2769 488 voluit
2815 435 2925 502 ipse
2970 436 3058 504 qui
3104 435 3334 503 scripsit.
3382 435 3567 506 Neque
3610 442 3763 492 enim
3822 443 3935 496 ﬁeri

2338 535 2549 594 potest,
2581 534 2635 578 ut
2672 526 2756 594 qui
2795 527 2861 577 ad
2905 525 3238 579 Timotheum
3283 527 3610 594 scripserat:
3642 527 3760 597 Ego
3801 532 3935 585 enim

2325 615 2442 685 jam
2469 614 2680 680 delibor,
2711 623 2755 667 et
2781 625 2974 684 tempus
3004 613 3325 667 resolutionis
3351 631 3473 668 mea:
3496 617 3654 670 instat
3684 617 3765 690 (2.
3797 618 3927 673 Tim.

2332 707 2388 764 4.
2422 704 2528 775 6),
2560 713 2766 773 putaret
2804 719 2863 758 se
2907 705 2958 758 in
2987 720 3147 759 carne
3184 713 3490 774 perpetuum
3516 749 3532 771 ,
3563 716 3619 762 et
3651 725 3927 778 nunquam

2331 811 2455 850 esse
2497 797 2844 862 moriturum;
2876 806 2928 850 et
2956 797 3024 850 de
3053 797 3157 850 vita
3182 795 3255 870 (ὁ)
3287 806 3492 851 terrena
3523 799 3706 853 statim
3738 801 3810 854 ad
3839 818 3924 855 re-

2326 903 2432 956 gna
2470 888 2703 942 cmlestia
2736 887 3078 941 transiturum
3109 905 3120 938 :
3153 890 3445 955 praisertim
3473 903 3594 941 eum
3622 890 3689 941 ad
3721 890 3921 943 lioma-

2329 991 2430 1030 nos
2472 977 2749 1041 scribens,
2781 976 2969 1031 eadem
3013 977 3245 1040 dixerit,
3285 976 3413 1042 Quis
3457 993 3535 1030 me
3579 978 3816 1032 liberabit
3859 984 3923 1035 de

2330 1082 2546 1135 corpore
2571 1068 2744 1119 mortis
2765 1066 2955 1135 hujus?
2978 1065 3150 1138 (Rom.
3176 1066 3228 1118 7.
3255 1065 3367 1136 21).
3394 1067 3458 1121 Et
3483 1068 3548 1121 ad
3575 1066 3880 1125 Corinthios
3898 1114 3913 1135 ,

2330 1156 2632 1210 llahitantes
2675 1159 2726 1209 in
2766 1172 2976 1226 corpore
3000 1197 3016 1224 ,
3063 1158 3445 1226 peregrinantur
3487 1175 3518 1210 a
3559 1157 3633 1229 (c)
3665 1159 3909 1216 Domina.

2329 1247 2499 1317 Magis
2540 1257 2706 1299 autent
2749 1249 2976 1300 volumus
3021 1248 3159 1300 exire
3200 1248 3262 1300 de
3305 1264 3548 1316 corpore,
3583 1260 3771 1304 etesse
3799 1269 3908 1304 cum

2322 1335 2546 1390 Domino
2576 1335 2652 1407 (2.
2680 1335 2796 1390 Cor.
2825 1337 2879 1390 5.
2909 1335 2985 1404 8).
3016 1335 3114 1402 Qui
3146 1335 3261 1390 haec
3285 1337 3513 1403 dicebat,
3545 1348 3774 1393 noverat
3811 1341 3908 1393 uti-

2321 1443 2428 1495 que
2455 1441 2514 1480 se
2542 1442 2660 1481 esse
2691 1426 3027 1479 moriturum.
3056 1425 3242 1480 Melius
3267 1440 3346 1479 εει
3376 1427 3534 1496 igitur
3559 1431 3908 1498 spiritualiter

2321 1519 2524 1572 sentire
2550 1517 2688 1586 quod
2719 1517 2974 1587 scriptum
3005 1526 3087 1570 est
3109 1559 3123 1581 ,
3153 1517 3526 1572 dormitionem
3567 1521 3617 1573 in
3659 1524 3904 1590 presenti

2321 1611 2440 1664 loco
2462 1652 2476 1676 ,
2512 1624 2615 1662 non
2649 1619 2872 1663 mortem
2905 1609 3144 1677 accipere
3167 1649 3182 1673 ,
3212 1624 3306 1676 per
3331 1623 3487 1676 quam
3513 1611 3692 1664 anima
3721 1627 3750 1664 a
3783 1628 3901 1666 eor-

2326 1717 2450 1768 pore
2475 1711 2782 1769 separatur;
2815 1701 2906 1754 sed
2939 1710 3208 1770 peccatum
3238 1709 3354 1768 post
3380 1699 3536 1754 ﬁdem
3564 1711 3617 1755 et
3643 1701 3901 1756 offensam

2316 1791 2413 1847 Dei
2437 1835 2451 1858 ,
2485 1793 2964 1860 dormitionrmque
2995 1803 3112 1861 post
3140 1793 3454 1862 baptismum
3482 1835 3498 1860 ,
3525 1795 3592 1848 de
3620 1810 3722 1864 qua
3750 1806 3806 1850 et
3836 1797 3900 1849 ad

2314 1882 2622 1936 Corinthios
2652 1883 2960 1952 loquebatur
2987 1899 3001 1938 :
3027 1881 3092 1935 Et
3121 1883 3232 1935 ideo
3259 1884 3387 1935 inter
3414 1899 3499 1936 vos
3527 1885 3674 1937 multi
3701 1886 3901 1952 inﬁrmi

2314 1981 2454 2038 sunt,
2483 1982 2528 2025 et
2553 1973 2808 2025 dormiunt
2841 1971 3046 2041 plurimi
3067 1971 3083 2040 (
3104 1973 3154 2025 1.
3184 1970 3303 2025 Cor.
3336 1973 3392 2026 11
3413 2011 3426 2024 .
3456 1971 3524 2026 30
3544 1973 3582 2042 ).
3612 1974 3679 2026 Et
3712 1975 3764 2027 in
3796 1975 3900 2028 alio

2316 2063 2434 2116 loco
2464 2079 2476 2114 :
2508 2060 2646 2132 Ergo
2691 2071 2734 2115 et
2777 2062 2860 2128 qui
2907 2062 3217 2115 dormierunt
3259 2063 3313 2114 in
3357 2060 3589 2127 Christo,
3634 2065 3900 2131 perierunt

2318 2153 2477 2223 (Ibid.
2507 2154 2591 2207 15.
2621 2153 2672 2224 1)
2693 2170 2703 2206 :
2723 2155 2811 2222 qui
2839 2167 2959 2207 cum
2988 2153 3179 2206 mortui
3207 2155 3334 2215 sint,
3359 2169 3461 2206 non
3491 2165 3610 2206 sunt
3632 2166 3893 2224 perpetua

2314 2253 2483 2296 morte
2505 2243 2723 2311 perituri
2749 2261 2760 2296 :
2785 2243 2905 2311 quia
2933 2257 3035 2296 non
3064 2242 3115 2295 in
3143 2242 3351 2296 mortali
3372 2244 3593 2298 crimine
3613 2247 3893 2300 continen-

2317 2342 2401 2386 tur
2423 2373 2437 2396 ,
2466 2333 2555 2386 sed
2590 2333 2689 2386 levi
2721 2332 3034 2402 modicoque
3065 2341 3302 2401 peccato.
3330 2333 3480 2400 Quod
3510 2343 3564 2388 et
3601 2336 3738 2389 alius
3765 2351 3887 2390 san-

2311 2431 2428 2474 ctus
2457 2423 2621 2476 vitare
2651 2421 2891 2491 cupiens,
2923 2422 3236 2491 loquebatur
3263 2441 3277 2478 :
3309 2423 3391 2477 Ne
3418 2429 3550 2496 forte
3577 2427 3887 2480 obdormiam

2311 2511 2362 2564 in
2393 2521 2550 2564 morte
2574 2510 2592 2580 (
2619 2509 2708 2586 Ps.
2744 2509 2828 2564 12.
2857 2512 2890 2564 4
2911 2508 2951 2582 ).
2985 2511 3081 2565 Est
3109 2513 3250 2566 enim
3281 2527 3498 2567 somnus
3527 2517 3729 2583 peccati
3754 2556 3770 2583 ,
3798 2519 3884 2586 qui

2311 2601 2451 2655 ducit
2493 2601 2559 2655 ad
2604 2609 2829 2655 mortem
2855 2641 2870 2665 ,
2897 2610 2945 2654 et
2987 2611 3070 2656 est
3107 2602 3208 2656 alia
3246 2602 3423 2657 delicti
3460 2603 3741 2669 dormitio,
3771 2623 3885 2675 quae

2313 2700 2480 2745 morte
2525 2707 2628 2744 non
2673 2692 2966 2759 stringitur.
2997 2691 3094 2758 Qui
3130 2708 3256 2761 ergo
3283 2694 3472 2747 vixerit
3497 2710 3558 2748 ea
3594 2696 3699 2748 vita
3725 2738 3739 2760 ,
3767 2711 3883 2765 qua:

2309 2781 2454 2844 dicit,
2485 2781 2594 2852 Ego
2623 2799 2732 2835 sum
2760 2782 2858 2836 vita
2885 2780 3082 2851 (Joan.
3113 2783 3202 2837 14.
3228 2781 3301 2854 6)
3332 2784 3559 2853 (etenim
3589 2786 3689 2838 vita
3716 2799 3882 2840 nostra

2305 2870 2600 2925 abscondita
2642 2881 2714 2924 est
2751 2887 2864 2924 cum
2899 2871 3096 2924 Christo
3125 2874 3178 2925 in
3217 2872 3320 2926 Deo
3349 2872 3576 2944 [Coloss.
3611 2877 3662 2930 5.
3695 2874 3881 2948 3])ct

2309 2979 2570 3032 nunquam
2619 2963 2686 3017 ab
2734 2979 2793 3017 ea
2847 2963 3002 3018 luetit
3045 2975 3358 3033 separatus,
3403 2982 3501 3021 nec
3543 2968 3610 3022 ad
3657 2980 3876 3023 mortem

2308 3070 2471 3124 usque
2507 3056 2838 3124 peccaverit,
2871 3055 2970 3109 iste
3009 3055 3074 3108 de
3117 3057 3409 3111 viventibus
3434 3099 3448 3122 ,
3480 3069 3534 3112 et
3567 3074 3780 3130 semper
3805 3063 3878 3113 vi-

2304 3147 2547 3202 ventibus
2570 3161 2688 3201 esse
2717 3147 2940 3212 dicitur;
2972 3149 3039 3201 de
3065 3147 3255 3216 quibus
3280 3159 3333 3203 et
3360 3150 3600 3204 Salvator
3627 3152 3677 3204 in
3706 3151 3878 3204 Evan-

2302 3239 2442 3307 gelio
2465 3237 2685 3292 Joannis
2716 3239 2936 3308 mystico
2965 3253 3210 3294 sermone
3237 3249 3490 3294 testatur:
3514 3241 3613 3308 Qui
3641 3243 3797 3296 credit
3829 3244 3878 3295 in

2306 3344 2411 3392 me,
2441 3344 2539 3381 non
2569 3329 2825 3382 morietur.
2863 3325 2924 3380 Et
2952 3330 3113 3382 omnis
3135 3331 3221 3396 qui
3251 3330 3365 3382 vivit
3384 3369 3399 3390 ,
3430 3340 3476 3382 et
3505 3332 3662 3384 credit
3689 3333 3739 3384 in
3765 3349 3843 3384 me
3861 3374 3875 3393 ,

2306 3432 2404 3470 non
2435 3417 2674 3470 morietur
2698 3417 2749 3470 in
2779 3428 3019 3470 teternum
3043 3416 3231 3489 (Joan.
3262 3420 3346 3472 11.
3375 3419 3464 3474 25.
3495 3419 3621 3490 26).
3654 3421 3804 3476 Unde
3829 3433 3879 3476 et

2303 3506 2587 3575 Apostolus
2613 3547 2626 3569 ,
2660 3507 2864 3560 Domini
2897 3507 2982 3560 sui
3012 3507 3224 3562 calcans
3295 3510 3454 3580 807
3530 3512 3748 3580 vestigia
3772 3552 3787 3574 ,
3818 3527 3877 3564 ea

2303 3595 2479 3648 docuit
2509 3595 2816 3664 discipulos,
2848 3612 2966 3666 qure
2995 3597 3177 3651 didicit
3199 3613 3229 3652 a
3258 3600 3526 3667 magistro.
3558 3599 3759 3655 Omnes
3784 3603 3878 3655 ita-

2303 3701 2406 3752 que
2445 3701 2548 3740 non
2579 3687 2923 3742 dormiemus.
2965 3689 3065 3755 Qui
3099 3689 3238 3744 enim
3266 3692 3408 3742 omni
3437 3692 3676 3746 custodia
3705 3703 3882 3747 servat

2302 3791 2397 3830 cor
2421 3792 2594 3841 suum,
2627 3786 2680 3832 et
2707 3779 2771 3832 ad
2801 3778 2996 3833 Christi
3030 3791 3289 3849 praecepta
3315 3781 3508 3850 vigilat,
3543 3783 3878 3853 mandatique

2303 3868 2418 3936 ejus
2446 3885 2650 3923 memor
2671 3880 2760 3924 est
2781 3910 2796 3932 .
2825 3870 3048 3925 dicentis
3078 3889 3090 3924 ε
3132 3870 3344 3943 Vigilate
3365 3913 3380 3935 ,
3412 3875 3529 3940 quia
3558 3877 3759 3930 nescitis
3783 3894 3880 3943 qua

2305 3966 2431 4011 hora
2457 3960 2540 4027 [ur
2565 3961 2727 4012 veniat
2750 3963 2768 4030 (
2795 3959 2982 4014 Matth.
3009 3961 3099 4015 24.
3128 3961 3236 4033 42)
3259 4003 3272 4027 ,
3303 3963 3366 4016 Et
3397 3964 3448 4016 in
3477 3964 3581 4017 alio
3611 3965 3728 4018 loco
3759 3984 3772 4020 :
3802 3966 3881 4020 Ne

2303 4049 2501 4102 dederis
2529 4066 2758 4103 somnum
2798 4051 2955 4105 oculis
2992 4053 3088 4105 tuis
3109 4093 3125 4118 ,
3152 4061 3195 4105 et
3234 4053 3486 4123 palpebris
3517 4055 3616 4108 tuis
3641 4057 3881 4109 dormita-

2304 4140 2488 4192 tionent
2514 4141 2530 4210 (
2558 4139 2710 4194 Prov.
2739 4139 2791 4196 6.
2824 4143 2856 4195 4
2883 4146 2899 4210 )
2925 4183 2938 4204 ,
2966 4152 3021 4196 ιιι
3048 4144 3224 4197 salvus
3254 4144 3350 4198 tias
3381 4163 3394 4198 :
3420 4147 3569 4214 quasi
3601 4162 3785 4214 caprea
3815 4149 3881 4202 de

2306 4230 2531 4284 vinculis
2557 4270 2570 4294 ,
2603 4240 2657 4285 et
2681 4233 2829 4300 quasi
2857 4232 2972 4285 avis
3001 4232 3068 4287 de
3097 4234 3294 4302 laqueis
3317 4275 3332 4299 ,
3365 4235 3462 4289 iste
3493 4252 3598 4290 non
3630 4237 3878 4292 dormiet.

2306 4320 2437 4374 Cum
2489 4321 2644 4391 igitur
2673 4321 2893 4392 quidam
2941 4339 3046 4377 non
3090 4323 3396 4390 dormiant,
3435 4326 3526 4396 qui
3577 4342 3786 4398 semper
3827 4331 3878 4383 in

2304 4415 2517 4469 Christo
2555 4417 2774 4482 vivunt,
2806 4425 2857 4471 et
2893 4416 3146 4486 vigilant,
3179 4417 3417 4487 sequitur
3449 4427 3509 4472 ut
3547 4435 3878 4490 nequaquam

2304 4519 2490 4558 omnes
2521 4504 2826 4571 dormiant,
2857 4517 2908 4560 et
2934 4523 2964 4561 e
2991 4508 3257 4562 contrario
3285 4523 3472 4563 omnes
3503 4511 3879 4576 immuteutur;

2305 4611 2409 4650 non
2431 4596 2796 4651 immutatione
2815 4599 3016 4667 gloriae,
3041 4614 3158 4668 qua:
3184 4601 3392 4668 proprie
3409 4601 3630 4655 debetur
3650 4603 3881 4666 Sanctis,

2304 4685 2398 4740 sed
2436 4702 2494 4740 ea
2531 4688 2895 4743 innnutalione
2919 4728 2933 4754 ,
2972 4705 3074 4758 qua
3110 4693 3466 4759 corrUptivum
3507 4691 3605 4745 hoc
3633 4694 3882 4746 incorru-

2307 4778 2503 4846 ptivum
2543 4778 2798 4844 efficitur;
2842 4792 2896 4834 ut
2935 4781 3015 4834 vel
3062 4795 3244 4849 pmnas
3285 4783 3366 4836 vel
3409 4782 3612 4850 praemia
3652 4783 3884 4850 recipiat

2305 4868 2642 4934 sempiterna.
2685 4868 2841 4936 Quod
2870 4881 2923 4923 et
2957 4870 3000 4923 si
3029 4869 3307 4926 dormierit
3334 4872 3515 4940 aliquis
3544 4871 3594 4922 in
3623 4869 3845 4926 Christo
3865 4914 3879 4935 ,

2305 4971 2356 5014 et
2385 4960 2716 5028 negligentia:
2735 4977 2924 5015 somno
2950 4962 3322 5028 obdormierit,
3347 4965 3503 5018 debet
3529 4962 3715 5018 audire
3740 4965 3882 5035 quod

2305 5050 2558 5120 scriptum
2589 5061 2689 5105 est.
2720 5050 2982 5123 Numquid
3008 5055 3093 5120 qui
3123 5053 3327 5116 dormit,
3353 5071 3454 5107 non
3479 5056 3740 5125 resurget?
3765 5055 3878 5126 (Ps.

2386 5179 2454 5242 (ὁ)
2487 5179 2644 5246 Falso,
2670 5188 2911 5246 etucontra
2945 5187 3170 5231 veterum
3205 5186 3416 5232 omnium
3450 5185 3800 5246 exemplarium
3835 5186 3886 5234 ti-

2319 5243 2451 5298 dem,
2477 5245 2704 5290 continuo
2725 5242 2971 5291 Erasinum
3009 5252 3207 5292 secutus
3231 5247 3389 5294 editor
3412 5242 3764 5296 Benedictinus
3788 5287 3799 5300 .
3825 5247 3884 5296 de

2319 5306 2414 5352 vita
2436 5311 2613 5353 a-‘ternu
2639 5304 2756 5363 legit
2783 5317 2865 5364 pro
2886 5312 3092 5362 terrena,
3119 5308 3246 5365 quod
3270 5306 3450 5354 tamdiu
3473 5316 3620 5356 antea
3650 5308 3887 5358 Victorius

2309 5367 2414 5428 ipse
2437 5373 2630 5428 euecto
2651 5366 2893 5428 codicibus
2915 5366 3214 5413 restituerat.

2370 5428 2441 5486 (Cl
2465 5426 2631 5494 _V’etu_s
2655 5426 2804 5494 editio
2825 5433 2870 5474 ct
2907 5433 3300 5494 prwsfntesesse
3323 5439 3436 5494 cum
3466 5428 3670 5479 nomine
3689 5469 3700 5490 ,
3727 5444 3887 5494 quem-

2305 5485 2559 5535 admodum
2583 5485 2690 5534 fere
2717 5485 2917 5548 Vulgat.’
2937 5496 2986 5535 et
3019 5485 3226 5548 'l‘ertull.
3265 5489 3330 5535 de
3366 5485 3758 5542 Resurrectitmé
3787 5507 3888 5539 car-

2305 5552 2407 5605 nis,
2450 5556 2502 5596 et
2543 5547 2664 5596 libro
2697 5547 2863 5611 contra
2909 5547 3203 5611 Marciouem
3239 5549 3435 5608 quinto,
3479 5551 3769 5611 imimrari,
3803 5567 3889 5601 seu

2305 5616 2564 5671 prementes
2603 5621 2704 5659 esse
2744 5610 2810 5660 ad
2848 5609 3125 5668 Dominum,
3170 5607 3330 5657 Grece.
3371 5607 3437 5661 ιιι
3470 5620 3678 5673 nam...
3713 5607 3798 5679 πρὲις
3834 5629 3892 5665 τι.

2312 5683 2441 5730 [ὕειον
2449 5707 2459 5718 .
