4026 6186
145 258 248 313 975

145 369 235 425 ιο.
267 370 301 425 9
331 371 349 439 )
385 368 484 438 Qui
513 382 638 424 vero
665 382 768 420 non
793 365 1024 431 dormit,
1060 364 1153 420 sed
1186 364 1397 435 vigilat,
1428 373 1484 418 et
1512 379 1724 434 semper

149 461 277 514 vivit
302 461 353 514 in
382 461 611 522 Christo,
638 457 703 512 de
731 456 834 511 vita
864 456 930 510 ad
957 457 1114 509 vitam
1147 455 1386 515 transiet,
1415 454 1528 508 sive
1555 455 1726 522 rapie-

151 562 236 605 tur
262 553 312 604 in
342 550 588 613 nubibus,
614 557 670 601 ttt
691 562 904 616 semper
930 561 1050 601 cum
1079 546 1303 600 Domino
1329 545 1418 598 sit.
1448 544 1522 598 De
1548 543 1726 596 istius-

148 643 294 698 modi
321 641 700 697 dormientibus
723 639 954 694 Lazarus
979 646 1113 699 erat,
1136 637 1201 691 de
1223 653 1327 706 quo
1350 635 1604 690 Dominus
1630 635 1724 698 ait,

149 734 380 787 Lazarus
421 732 610 784 amicus
653 739 820 784 noster
856 729 1062 781 dormit.
1105 727 1173 781 Et
1207 727 1275 781 tle
1309 726 1411 779 hoc
1435 725 1760 803 dormiente,

146 826 359 879 dicebat
377 823 440 876 ad
466 822 744 885 Martham,
773 821 871 887 Qui
897 819 1053 872 credit
1077 819 1130 872 in
1158 833 1255 880 me,
1283 816 1478 869 etiamsi
1503 826 1729 868 mortuus

145 915 300 985 fuerit
324 955 338 978 ,
359 913 494 976 vivet
521 927 542 966 :
568 921 614 964 et
641 911 801 964 omnis
827 910 912 978 qui
953 908 1070 962 vivit
1094 947 1109 972 ,
1140 915 1189 961 et
1216 907 1373 960 credit
1403 905 1455 958 in
1483 920 1560 957 me
1582 945 1598 970 ,
1629 919 1730 956 non

145 1006 389 1058 morietur
412 1005 464 1057 in
493 1014 733 1057 internum
760 1000 935 1071 (Joan.
965 1000 1054 1054 ii.
1085 1000 1168 1054 Η.
1199 999 1292 1054 25.
1318 997 1429 1068 26).
1457 997 1554 1064 Qui
1587 997 1730 1050 enim

149 1107 260 1150 tota
292 1105 467 1150 mente
497 1097 546 1148 in
574 1094 787 1148 Christo
811 1091 1068 1155 conﬁdit,
1101 1091 1308 1145 etiamsi
1334 1130 1349 1153 ,
1384 1097 1440 1142 ut
1465 1089 1625 1141 homo
1650 1087 1731 1140 la-

149 1202 277 1255 psus
301 1229 316 1252 ,
345 1199 589 1240 mortuus
620 1184 772 1237 luerit
797 1182 871 1254 (a)
908 1185 957 1236 in
987 1191 1202 1250 peccato
1222 1222 1238 1246 ,
1272 1180 1374 1233 ﬁde
1399 1193 1493 1233 sua
1520 1176 1649 1231 vivit
1677 1177 1731 1231 iit

148 1289 487 1346 perpetuum.
517 1277 725 1343 AliOqui
759 1289 902 1328 mors
932 1273 1030 1326 ista
1057 1272 1354 1327 communis
1375 1312 1390 1335 ,
1423 1279 1478 1324 et
1505 1268 1732 1323 credcn.

149 1369 293 1421 tibus
319 1378 373 1421 et
398 1384 500 1420 non
521 1367 862 1420 credentibus
887 1363 1114 1418 debetur
1136 1363 1444 1432 arquatuer;
1473 1370 1526 1415 et
1547 1375 1733 1414 omnes

149 1459 354 1526 pariter
391 1455 741 1510 resurrecturi
781 1464 941 1515 sunt,
969 1454 1056 1507 alii
1097 1453 1147 1506 in
1182 1451 1544 1506 confusionem
1573 1460 1732 1504 teter-

150 1563 297 1611 nam,
329 1548 415 1600 alii
445 1563 512 1600 ex
539 1563 602 1601 eo
627 1545 766 1614 quod
793 1546 1031 1608 credunt,
1063 1544 1112 1597 itt
1140 1543 1518 1611 sempiternam
1548 1543 1731 1594 vitam.

152 1638 222 1691 Et
247 1637 326 1692 sic
353 1650 494 1691 Stare
523 1647 717 1705 potest,
753 1645 809 1689 ut
837 1637 924 1704 qui
955 1634 1122 1688 credit
1152 1634 1203 1687 in
1231 1633 1460 1694 Christo,
1488 1646 1592 1685 non
1621 1647 1737 1684 mo-

153 1733 356 1789 riatur;
386 1738 439 1782 et
461 1728 667 1782 etiamsi
697 1736 935 1781 mortuus
962 1726 1136 1790 fuerit,
1161 1725 1300 1778 vivat
1324 1725 1374 1776 in
1399 1732 1731 1792 perpetuum.

152 1823 306 1890 Quod
323 1823 469 1891 juxta
489 1821 816 1889 corporalem
838 1828 1080 1881 mortem,
1097 1824 1320 1885 excepto
1333 1814 1536 1878 Euoch,
1551 1824 1604 1868 et
1621 1813 1735 1867 Elia

153 1913 359 1986 (Cenes.
391 1914 458 1973 5;
489 1924 533 1966 et
559 1905 772 1981 LReg.
799 1911 855 1983 2)
878 1952 894 1976 ,
925 1910 1051 1963 nulli
1085 1909 1370 1978 contigisse
1401 1907 1733 1976 perspicuum

150 2016 257 2060 est.
276 2007 370 2072 Qui
392 2015 564 2057 autem
587 2004 704 2057 ﬁdei
727 2000 1082 2070 magnitudine
1098 2014 1310 2069 semper
1323 1998 1502 2052 vivunt
1522 1997 1572 2050 in
1589 1996 1736 2051 Citri-

153 2107 240 2150 sto
262 2137 278 2163 ,
309 2111 412 2148 non
443 2094 708 2148 durtnieut
731 2134 745 2156 ,
771 2108 940 2159 neque
973 2092 1265 2146 morientur
1289 2107 1304 2145 :
1327 2089 1419 2144 sed
1446 2088 1738 2142 imitatores

151 2199 311 2242 erunt
328 2193 446 2240 vita:
463 2185 800 2256 Apostoliczr,
818 2185 904 2254 qui
924 2185 1121 2252 absque
1137 2183 1240 2236 ulla
1255 2183 1406 2252 culpa
1422 2181 1666 2235 vixerunt
1684 2181 1736 2234 itt

155 2280 274 2347 lege
310 2280 561 2346 juszitize;
591 2285 646 2330 et
674 2276 736 2328 ad
771 2275 924 2328 ﬁdem
967 2272 1173 2327 Domini
1214 2282 1550 2326 transeuntes
1574 2311 1588 2333 ,
1617 2285 1738 2324 cre-

152 2369 451 2440 dentesque
480 2369 531 2423 in
558 2383 700 2434 eum,
719 2367 810 2437 qui
843 2368 1008 2437 808
1043 2367 1148 2419 vita
1171 2375 1408 2426 vocatur,
1432 2373 1486 2418 et
1505 2379 1744 2418 resurre-

154 2463 285 2527 ctio,
311 2475 578 2529 nunquam
597 2458 882 2523 durmiere,
900 2471 1164 2526 nunquam
1188 2455 1380 2509 mortui
1398 2464 1539 2508 sunt.
1560 2454 1742 2506 Anima

157 2553 294 2606 enim
315 2593 330 2618 ,
360 2567 472 2622 qua:
499 2550 808 2620 peccaverit,
840 2547 953 2618 ipsa
982 2548 1224 2599 morietur
1250 2546 1268 2614 (
1291 2544 1458 2598 Επειή
1510 2545 1597 2610 18,
1625 2543 1660 2598 4
1680 2544 1699 2613 )
1723 2582 1739 2608 ,

159 2643 309 2696 Sicut
340 2642 496 2710 igitur
523 2642 718 2703 anima,
743 2655 860 2708 qua:
891 2647 1093 2707 peccat,
1120 2637 1330 2690 vivente
1352 2649 1575 2702 corpore
1600 2649 1742 2687 mor-

161 2744 250 2787 tua
272 2743 352 2786 est
373 2742 453 2786 :et
469 2732 654 2786 eadem
676 2731 759 2784 die
780 2745 880 2800 qua
904 2728 1219 2798 peccaverit,
1241 2726 1439 2781 dormit
1462 2727 1512 2780 in
1538 2735 1739 2790 morte;

160 2825 374 2879 dicente
405 2823 720 2878 Ecclesiaste
743 2839 756 2875 :
788 2821 863 2890 (ὁ)
888 2819 987 2887 Qui
1012 2819 1309 2890 peccaverit,
1336 2827 1563 2872 mortuus
1584 2825 1658 2871 est
1682 2831 1745 2870 ea:

163 2930 321 2982 tunc;
366 2918 442 2970 sic
479 2916 655 2970 anima
695 2931 814 2984 qua:
859 2913 1053 2968 Christi
1104 2918 1365 2981 prmcepta
1412 2909 1741 2974 servaverit,

163 3009 372 3064 etiamsi
419 3023 609 3078 corpus
653 3017 918 3060 mortuum
965 3004 1160 3069 fuerit,
1189 3005 1330 3058 vivet
1371 3004 1421 3057 itt
1460 3011 1739 3057 mteruum.

166 3098 277 3153 Hoc
307 3107 481 3152 autem
501 3097 806 3162 sciendum,
837 3095 974 3166 quod
1002 3096 1168 3165 magis
1193 3094 1474 3149 conveniat
1500 3093 1702 3147 veritati
1725 3134 1740 3160 ,

163 3189 238 3244 ita
266 3189 442 3258 legere
471 3205 484 3240 :
521 3186 705 3240 Omnes
734 3187 931 3256 quidem
961 3185 1286 3250 dormiemus,
1321 3200 1421 3236 non
1447 3199 1617 3236 omnes
1645 3199 1743 3236 au-

162 3289 265 3333 tem
290 3277 665 3332 immutabimur
691 3291 709 3330 :
735 3276 963 3330 maxime
991 3275 1111 3344 quia
1143 3275 1380 3343 sequitur
1400 3314 1416 3337 ,
1450 3272 1636 3325 Mortui
1660 3289 1742 3327 re-

160 3380 372 3440 snrgent
398 3367 693 3437 incorrupti,
722 3378 767 3421 et
791 3384 882 3420 nos
901 3367 1294 3419 immutabimur.
1319 3365 1372 3419 Si
1395 3365 1535 3419 enim
1557 3379 1744 3418 omnes

163 3471 293 3516 sunt
324 3460 632 3515 inunutandi
653 3501 667 3519 .
695 3461 850 3530 juxta
879 3461 1098 3512 alteram
1131 3457 1407 3512 lectionem
1431 3498 1446 3523 ,
1477 3456 1744 3526 quomodo

163 3564 348 3623 postea
378 3553 602 3616 dicitur,
633 3553 779 3622 quasi
812 3549 1133 3621 praecipuum
1160 3559 1318 3618 atque
1355 3548 1617 3618 privatum
1642 3589 1658 3614 ,
1690 3558 1741 3602 et

165 3641 380 3710 proprie
419 3642 790 3709 Apostolorum
817 3682 828 3704 ,
861 3650 908 3694 et
945 3657 1035 3694 nos
1072 3639 1493 3693 immutabimur?
1521 3638 1744 3706 Qunndo

163 3743 342 3786 autem
371 3731 497 3786 dicit
525 3747 640 3796 nos,
673 3743 885 3786 sanctos
913 3748 1152 3801 quosque
1179 3731 1460 3801 signiﬁcat.

237 3825 292 3878 8.
333 3823 578 3891 Qumritis
602 3825 864 3892 quomodo
892 3823 1289 3891 intelligeuduttt
1320 3822 1389 3876 sit
1418 3823 1570 3887 illud,
1601 3821 1743 3890 quod

164 3915 217 3970 in
249 3918 411 3984 prima
437 3915 503 3967 ad
532 3913 1033 3967 Thessaloniceuscs
1062 3913 1296 3981 Epistula
1323 3912 1569 3965 scribitur
1592 3930 1605 3966 :
1631 3911 1744 3965 Iloc

161 4007 297 4059 enim
324 4005 460 4058 vobis
489 4004 701 4055 dicimus
729 4003 781 4055 in
812 4000 956 4055 verbo
984 4001 1185 4054 Domini
1211 4002 1365 4069 :quiu
1393 4017 1484 4054 nos
1512 4002 1597 4070 qui
1624 4003 1746 4054 vivi-

160 4114 294 4161 mus,
323 4096 406 4164 qui
434 4093 621 4147 residui
645 4109 837 4153 sumus,
867 4095 919 4145 in
945 4092 1160 4145 adventu
1193 4091 1398 4145 Domini
1427 4109 1527 4145 non
1557 4109 1747 4162 praeve-

159 4189 364 4240 niemus
391 4201 474 4237 eos
497 4224 511 4248 ,
540 4184 623 4251 qui
649 4183 959 4236 dormierunt
987 4197 1005 4234 :
1026 4183 1261 4248 quoniam
1288 4188 1396 4250 ipse
1423 4181 1669 4237 Doutinus
1695 4184 1746 4237 in

154 4281 309 4349 jussu
333 4317 348 4339 ,
381 4285 428 4328 et
458 4278 509 4327 in
545 4290 660 4327 voce
687 4273 991 4343 Archaugcli
1011 4314 1024 4334 ,
1057 4282 1102 4325 et
1131 4275 1182 4326 in
1209 4275 1326 4326 tuba
1357 4273 1454 4326 Dei
1486 4274 1746 4329 descendet

163 4371 228 4422 de
248 4370 370 4422 caelo
386 4385 405 4433 ;
436 4377 480 4420 et
507 4367 691 4420 mortui
717 4368 803 4435 qui
825 4367 874 4419 in
903 4365 1099 4418 Christo
1121 4376 1253 4430 sunt,
1277 4378 1535 4438 resurgeut
1559 4369 1746 4436 primi:

163 4460 345 4512 deinde
373 4475 463 4510 nos
486 4458 572 4526 qui
605 4457 813 4510 vivimus
837 4496 853 4522 ,
881 4456 967 4525 qui
1004 4456 1192 4508 residui
1219 4473 1391 4510 sumus
1415 4499 1430 4522 ,
1456 4459 1608 4512 simul
1634 4476 1747 4513 cum

160 4551 269 4604 illis
297 4549 552 4618 rapientur
575 4548 627 4600 in
656 4547 868 4600 nubibus
892 4547 1086 4599 obviam
1113 4546 1312 4599 Christo
1339 4547 1391 4600 in
1420 4564 1571 4612 aera;
1600 4560 1645 4602 et
1673 4552 1747 4605 sic

159 4655 361 4705 semper
392 4654 506 4690 cum
536 4635 748 4689 Domino
778 4637 961 4689 erimus
988 4636 1063 4709 (l.
1093 4633 1268 4692 Thess.
1297 4637 1350 4690 4.
1385 4637 1533 4693 15.ει
1559 4641 1743 4712 seqq.).

161 4731 340 4800 Super
363 4744 468 4799 quo
490 4728 731 4799 quamvis
757 4730 997 4798 superior
1021 4730 1195 4784 Acacii
1223 4730 1508 4798 disputatio
1531 4734 1742 4803 plenius

158 4821 430 4878 ventilarit
454 4863 470 4887 ,
507 4831 680 4875 tamen
720 4820 1002 4874 dicendum
1043 4830 1125 4874 est
1161 4820 1285 4890 quid
1321 4822 1561 4877 videatur
1586 4825 1740 4893 aliis,

229 4951 296 5018 (rt)
336 4949 500 4998 Facile
525 4949 799 5018 intelligas,
823 4951 863 4999 si
896 4947 993 4999 levi
1029 4956 1229 5011 peccato
1253 4949 1402 5018 fuerit
1443 4951 1707 5018 obstrictus
1727 4990 1741 5012 ,

155 5012 367 5064 minime
407 5023 544 5075 vero
565 5012 790 5075 tnortali,_
814 5019 887 5075 ut!
914 5019 1087 5061 vocant
1110 5025 1122 5060 :
1149 5012 1553 5074 quemadmodum
1599 5015 1744 5075 paulo

155 5075 392 5144 superius
415 5070 742 5144 e3t|~licavcrat
762 5072 826 5122 de
860 5073 939 5144 iis,‘
958 5075 1039 5144 qui
1063 5070 1303 5144 uon'sunt
1341 5079 1570 5144 perpetua
1593 5070 1746 5144 {parte

157 5133 401 5184 morituri.
425 5133 528 5181 Nec
551 5134 714 5194 majori
739 5147 887 5194 Opera
909 5133 1108 5183 defendi
1142 5133 1586 5194 oporterevidctur
1611 5133 1746 5184 locus

156 5199 276 5254 iste,
318 5208 466 5258 quem
500 5194 677 5258 inscite
701 5193 900 5244 nimium
922 5228 938 5254 ,
965 5202 1017 5244 et.
1059 5196 1241 5245 misere
1281 5193 1473 5257 quidam
1500 5208 1562 5244 ex
1602 5196 1746 5246 hete-

150 5274 207 5310 ru
219 5254 362 5306 doris
393 5254 762 5304 calumniantur.

224 5317 297 5378 (ὁ)
332 5318 510 5382 Locum
551 5314 1006 5382 liAunc_l-‘.cc_lesiastis_
1041 5329 1146 5378 cap.
1169 5317 1298 5382 8_._v.
1325 5317 1412 5382 12.7
1436 5331 1498 5367 cx
1537 5319 1747 5382 antiquis

157 5377 544 5441 interpretibus,
562 5377 744 5440 Aquila
777 5377 1076 5440 Symmacho,
1104 5377 1154 5426 et
1179 5378 1513 5441 Theodotioue
1537 5377 1708 5429 recitat
1728 5415 1742 5439 ,

156 5442 242 5502 qui
267 5439 442 5490 ἀὲιοανιν
461 5477 474 5498 ,
504 5440 550 5502 id
575 5439 652 5488 est
673 5439 888 5502 mortuus
911 5447 999 5498 est,
1033 5439 1387 5502 transtulerunt
1414 5442 1617 5490 verbum
1641 5441 1747 5490 He-

158 5499 374 5549 liminum
400 5501 578 5556 Muuth,
602 5501 730 5562 quod
754 5499 893 5547 LXX.
918 5512 989 5549 ags
1008 5513 1093 5552 «an
1132 5501 1238 5550 sive
1261 5512 1326 5550 ex
1362 5507 1474 5550 tunc
1510 5504 1747 5563 interpre-

159 5566 241 5624 tati
277 5572 409 5612 sunt.
446 5563 598 5610 Porro
618 5567 878 5624 utramque
911 5563 1053 5610 simul
1095 5563 1548 5624 interpretationem
1596 5563 1748 5611 nectit

161 5623 301 5735 Hier...
328 5631 379 5674 ut
419 5637 590 5675 novam
614 5622 729 5673 inde
764 5622 816 5675 et
837 5636 1026 5675 rursum
1058 5622 1431 5688 perelegantcm
1452 5631 1746 5674 sententiam

161 5699 278 5735 ctua
310 5723 320 5735 .

161 5699 320 5735 eruat.

1532 250 1857 308 EPISTOLA
1896 252 2084 310 CXIX.

3313 260 3416 318 9η

1834 365 2118 420 Theodoro
2139 364 2406 430 videlicet,
2425 363 2775 434 Apollinario.
2794 374 2846 419 ct
2870 366 3123 436 Diodoro,
3141 370 3232 440 qui
3257 387 3414 428 unam

1831 468 2128 526 sequuntur
2168 456 2486 511 sententiam
2515 472 2529 508 :
2556 471 2776 525 quorum
2822 456 3083 513 Diodorus
3125 460 3240 515 haec
3275 465 3413 516 scri-

1833 551 1957 616 psit.
1985 567 2005 603 (
2037 549 2287 604 Residuos
2315 559 2471 617 atque
2499 548 2712 601 viventes
2735 588 2750 608 .
2779 547 2970 601 Paulus
2995 550 3280 618 Apostolus
3311 569 3412 606 vo-

1833 653 1917 696 cat
1938 657 1954 705 ;
1982 657 2087 697 non
2115 658 2219 712 quo
2243 641 2369 695 velit
2395 641 2610 709 intelligi
2632 649 2688 694 ct
2705 655 2763 694 se
2784 648 2838 694 ct
2856 640 2989 694 alios
3009 645 3413 700 resurrectionis

1835 741 2077 801 tempore
2104 733 2154 786 iu
2180 746 2405 801 corpore
2429 731 2772 800 reperiendos
2795 748 2808 784 :
2832 730 2924 784 sed
2948 747 3038 786 nos
3056 731 3209 798 dixit,
3233 749 3328 801 pro
3348 751 3414 789 eo

1833 823 1975 892 quod
2002 831 2101 888 est,
2129 823 2324 887 iustos;
2349 821 2416 876 de
2444 836 2668 891 quorum
2691 831 2746 875 et
2770 837 2868 892 ego
2892 837 3008 875 sum
3039 838 3281 878 numero.
3311 826 3415 895 Ipsi

1834 912 1976 967 enim
2020 911 2293 983 rapientur
2331 911 2542 966 obviam
2577 910 2792 966 Christo
2815 952 2830 974 ,
2861 921 2916 966 et
2953 928 3058 967 non
3089 924 3414 982 peccatores.
3472 946 3474 948 τ

1845 1001 2075 1057 Viventes
2104 1012 2303 1066 autem,
2331 1017 2437 1056 non
2461 1002 2610 1072 juxta
2641 1003 3010 1073 tropologiam,
3039 1013 3256 1059 sanctos
3279 1008 3419 1060 acci-

1837 1092 2010 1161 pimus
2028 1133 2044 1158 ,
2073 1093 2160 1161 qui
2192 1103 2410 1161 peccato
2429 1090 2505 1163 (ε)
2527 1107 2631 1146 non
2660 1093 2852 1145 mortui
2888 1105 3043 1157 sunt,
3070 1094 3164 1148 sed
3190 1109 3375 1149 omnes
3399 1136 3415 1161 ,

1836 1199 1970 1254 quos
2004 1181 2057 1237 in
2087 1197 2312 1252 corpore
2338 1183 2624 1236 adveniens
2649 1180 2894 1236 Christus
2923 1183 3205 1238 invenerit.
3234 1183 3418 1251 Quod-

1836 1291 1940 1344 que
1967 1275 2203 1343 sequitur
2230 1292 2244 1327 :
2276 1273 2326 1328 Ν
2332 1291 2396 1328 οη
2428 1275 2782 1345 praeveniamus
2811 1291 2894 1329 eos
2913 1315 2928 1339 ,
2954 1277 3040 1344 qui
3064 1275 3377 1330 dormierunt
3400 1317 3416 1341 ,

1839 1379 2168 1435 nequaquam
2209 1364 2274 1418 ad
2314 1368 2620 1434 peccatores
2651 1365 2846 1421 referre
2884 1365 3138 1421 debemus
3171 1385 3185 1422 :
3254 1367 3420 1438 809

1839 1472 2011 1525 neque
2049 1457 2188 1510 enim
2251 1465 2556 1524 peccatores
2612 1472 2732 1511 cum
2770 1458 2932 1527 justis
2994 1460 3269 1528 rapientur
3323 1461 3419 1513 ob-

1839 1551 1975 1604 viam
2000 1549 2213 1604 Christo
2239 1547 2317 1621 (d)
2339 1550 2432 1604 sed
2460 1549 2515 1612 ii,
2543 1565 2676 1620 quos
2707 1565 2850 1606 mors
2875 1551 3195 1607 dissolverit.
3225 1551 3419 1607 Verum

1837 1640 1965 1709 quid
2007 1640 2106 1694 ista
2147 1641 2398 1710 perquiro
2424 1681 2438 1706 ,
2471 1648 2526 1694 et.
2555 1640 2873 1710 Apostolicis
2912 1640 3069 1697 dictis
3097 1641 3419 1697 calumniam

1841 1730 1997 1794 facio,
2037 1744 2157 1783 cum
2206 1729 2320 1797 ipse
2362 1717 2792 1784 manifestissime
2834 1729 3072 1785 scribat:
3101 1731 3187 1800 qui
3229 1731 3422 1785 residui

1838 1834 2012 1870 sumus
2057 1818 2110 1870 in
2150 1819 2367 1870 adventu
2412 1817 2659 1872 Domini?
2693 1819 2792 1886 Qui
2831 1819 2938 1874 sint
2972 1830 3148 1874 autem
3177 1819 3419 1888 residui,

1842 1907 2017 1963 verbis
2041 1907 2294 1962 discimus
2321 1907 2613 1963 Salvatoris
2639 1927 2654 1963 :
2681 1908 2827 1964 Sicut
2854 1910 2908 1963 in
2932 1909 3104 1965 diebus
3127 1909 3243 1966 Noe
3265 1911 3422 1966 duce-

1839 2000 1956 2053 bant
1983 2016 2196 2064 uxores,
2225 2010 2272 2053 et
2301 2001 2581 2064 nubebaut;
2606 2010 2652 2054 et
2683 2011 2886 2071 repente
2918 2003 3048 2056 venit
3073 2002 3345 2070 diluvium,
3373 2013 3424 2058 et

1843 2093 1956 2144 tulit
1981 2108 2150 2145 omnes
2172 2109 2190 2144 :
2210 2093 2282 2146 sic
2310 2093 2400 2146 erit
2427 2092 2671 2146 adventus
2692 2091 2818 2146 Filii
2842 2093 3058 2146 hominis
3079 2092 3292 2166 (Matth.
3313 2093 3420 2158 24;

1843 2192 1888 2236 et
1915 2182 2041 2235 Luc.
2071 2181 2191 2254 17).
2220 2182 2420 2249 Quibus
2449 2183 2784 2237 sermonibus
2821 2183 3145 2252 approbatur
3165 2224 3182 2252 ,
3225 2183 3278 2238 in
3317 2181 3422 2240 line

1846 2273 2027 2326 mtmdi
2055 2273 2248 2326 multos
2269 2275 2439 2337 vivos,
2466 2284 2518 2328 et
2541 2273 2714 2327 adhuc
2739 2274 2793 2328 in
2817 2273 3128 2342 corporibus
3155 2273 3427 2344 reperien-

1844 2362 1962 2416 dus.
1991 2361 2270 2432 Sequitur:
2293 2360 2358 2415 In
2378 2363 2551 2434 jussu,
2580 2371 2627 2416 et
2654 2363 2708 2415 in
2732 2377 2851 2416 voce
2873 2361 3196 2433 Archungeli,
3217 2371 3266 2416 et
3289 2379 3424 2416 mor-

1845 2455 1917 2506 tui
1960 2463 2221 2523 resurgent
2247 2454 2416 2523 primi.
2453 2453 2520 2507 Et
2558 2453 2659 2508 hoc
2684 2469 2895 2508 rursum
2923 2453 3165 2508 Salvator
3192 2454 3424 2524 loquitur

1846 2545 1898 2598 in
1928 2545 2213 2615 Evangelio
2239 2564 2250 2599 :
2276 2545 2448 2599 Media
2472 2555 2640 2600 autem
2660 2555 2804 2600 nocte
2821 2562 3035 2616 sponsus
3054 2547 3184 2600 venit
3203 2545 3419 2617 (Matth.

1843 2637 1932 2692 25.
1962 2636 2066 2706 6);
2097 2639 2184 2706 qui
2216 2639 2394 2708 utique
2419 2639 2658 2694 viventes
2683 2638 2737 2693 in
2767 2653 2993 2709 corpore
3019 2639 3383 2710 deprehendet
3408 2681 3423 2706 ,

1846 2726 2056 2794 quando
2081 2727 2181 2780 duo
2210 2737 2357 2780 erunt
2385 2729 2438 2782 in
2467 2729 2648 2782 lectulo
2683 2745 2783 2782 uno
2813 2743 2833 2784 :
2866 2745 2996 2782 unus
3042 2739 3346 2796 assumetur,
3377 2741 3425 2783 et

1845 2816 1977 2870 alius
2005 2817 2312 2887 relinquetur
2338 2837 2356 2872 .'
2381 2827 2427 2872 et
2457 2817 2572 2872 dum
2599 2818 2837 2872 molentes
2857 2859 2873 2885 ,
2901 2835 3003 2871 una
3026 2829 3313 2873 assumetur
3330 2859 3346 2886 ,
3379 2829 3428 2874 et

1847 2907 1950 2961 alia
1994 2909 2300 2978 relinquetur
2321 2909 2340 2982 (
2361 2909 2487 2964 Luc.
2519 2911 2586 2965 17
2607 2908 2648 2981 ).
2680 2909 2881 2976 Quibus
2909 2909 3065 2964 dictis
3092 2909 3388 2966 ostenditur
3407 2953 3425 2978 ,

1847 3001 2024 3055 medio
2069 3002 2277 3068 noctis,
2327 3002 2530 3058 securis
2577 3002 2825 3057 omnibus
2853 3043 2868 3068 ,
2915 3001 3426 3060 consummationem

1847 3092 2029 3148 tuundi
2057 3108 2147 3149 ese
2174 3104 2470 3148 venturam.
2508 3110 2532 3147 ι

1917 3184 1971 3240 9.
2011 3184 2266 3254 Origenes
2307 3185 2358 3238 in
2392 3185 2547 3240 tertio
2571 3184 2838 3240 volumine
2880 3184 2953 3256 (e)
2981 3186 3265 3253 ign-mtuam
3297 3185 3430 3256 Epi-

1847 3277 1998 3332 stula:
2028 3277 2177 3332 Pauli
2205 3277 2271 3332 ad
2296 3277 2801 3334 Tltessalonicenses
2828 3279 3012 3348 prima;
3037 3318 3052 3341 ,
3081 3287 3199 3348 post
3222 3277 3382 3333 multa
3412 3319 3430 3345 ,

1847 3385 1966 3439 quae
1985 3371 2133 3424 vario
2153 3371 2500 3440 prudentique
2522 3385 2770 3426 sermone
2790 3371 3060 3437 disseruit,
3085 3370 3199 3426 huc
3220 3371 3428 3428 intulit:

1847 3459 1916 3512 de
1956 3459 2148 3528 quibus
2176 3459 2311 3514 nulli
2351 3459 2568 3514 dubium
2598 3468 2682 3515 est
2709 3469 2763 3514 et
2790 3461 3041 3515 Acacium
3081 3460 3332 3531 pleraque
3362 3462 3430 3516 li-

1849 3550 2024 3606 basse.
2058 3569 2078 3603 t
2105 3551 2241 3620 Quid
2275 3560 2360 3607 est
2389 3567 2516 3623 ergo
2545 3552 2686 3623 quod
2717 3553 2958 3608 scribunt
2986 3552 3430 3608 Thessalonicen-

1847 3645 1994 3699 sibns
2021 3644 2072 3700 in
2101 3646 2264 3701 verbo
2292 3646 2383 3700 Dei
2416 3646 2608 3700 Paulus
2632 3654 2687 3700 et
2708 3646 2970 3719 Sylvanus
2995 3654 3049 3700 et
3075 3646 3387 3701 Timotheus
3415 3665 3430 3703 :

1850 3734 1962 3790 Nos
1991 3736 2078 3805 qui
2108 3737 2335 3800 vivimus,
2363 3737 2449 3806 qui
2473 3738 2662 3791 residui
2683 3753 2874 3799 sumus,
2903 3738 2954 3788 in
2981 3737 3195 3789 adventu
3220 3737 3430 3792 Domini

1849 3840 1948 3876 non
1982 3826 2336 3892 prwvenicutus
2372 3841 2492 3892 eos,
2530 3826 2615 3895 qui
2651 3824 3000 3877 dormierunt?
3036 3825 3136 3889 Qui
3175 3832 3300 3878 sunt
3340 3826 3428 3880 isti

1848 3914 2089 3968 viventes
2127 3913 2218 3981 qui
2257 3915 2544 3982 loquuntur
2583 3913 2733 3966 talia!
2769 3911 2958 3981 Utique
2997 3912 3190 3966 Paulus
3229 3928 3336 3966 non
3363 3916 3433 3968 ah

1851 4001 2152 4056 hominibus
2171 4041 2186 4065 ,
2219 4017 2316 4055 nec
2343 4017 2434 4070 per
2463 4001 2706 4055 homines
2736 4001 3019 4070 Apostolus
3043 4000 3062 4074 (
3085 3999 3202 4056 Gal.
3236 4003 3261 4058 1
3289 4003 3434 4073 ),_et

1849 4090 2158 4146 carissimus
2184 4091 2300 4160 ejus
2326 4091 2467 4144 ﬁlius
2495 4090 2546 4144 in
2576 4090 2677 4144 lide
2704 4089 3035 4155 Timotheus,
3062 4099 3114 4145 et
3139 4089 3430 4162 Sylvanus,

1851 4182 1938 4251 qui
1981 4180 2086 4234 illis
2111 4194 2220 4235 erat
2251 4189 2305 4234 et
2332 4180 2612 4236 aﬂ'ectiuue
2641 4191 2695 4236 et
2719 4180 3000 4236 virtutibus
3024 4182 3323 4251 cupuIatus.
3358 4181 3432 4238 Et

1852 4272 1952 4326 hoc
1979 4287 2082 4326 non
2111 4272 2283 4327 solum
2310 4271 2380 4325 illi
2403 4313 2417 4335 ,
2445 4271 2538 4325 sed
2566 4271 2882 4342 quicumque
2911 4269 3060 4327 Pauli
3088 4281 3143 4328 et
3169 4273 3390 4328 scientia
3413 4314 3432 4338 ,

1850 4372 1906 4418 et
1941 4365 2342 4418 conversatione
2377 4363 2566 4418 similis
2593 4372 2712 4428 est,
2747 4363 2925 4419 dicere
2952 4374 3129 4435 potest
3156 4381 3176 4423 ι
3201 4363 3314 4420 Nos
3345 4366 3435 4420 cui

1851 4457 2094 4522 vivimus;
2121 4471 2348 4526 quorum
2376 4470 2569 4526 corpus
2597 4465 2867 4511 mortuum
2892 4465 2975 4511 est
3000 4467 3216 4528 propter
3240 4471 3432 4527 pecca-

1854 4554 1994 4610 tum;
2025 4546 2241 4614 spiritus
2269 4557 2444 4602 autem
2472 4547 2600 4601 vivit
2629 4557 2843 4618 propter
2875 4547 3133 4615 justitiam
3166 4565 3180 4601 :
3211 4557 3265 4603 et
3291 4563 3432 4617 quo-

1848 4654 1966 4692 rum
2014 4638 2328 4695 mortiﬁcata
2370 4649 2495 4694 sunt
2531 4642 2768 4695 membra
2811 4654 2973 4708 super
3011 4648 3242 4702 terram;
3274 4638 3342 4692 ita
3376 4649 3436 4692 ttt

1849 4746 2181 4800 nequaquam
2203 4733 2542 4800 concupiscat
2561 4746 2686 4786 caro
2706 4738 2892 4785 contra
2916 4728 3180 4797 spiritum.
3209 4727 3263 4782 Si
3289 4728 3431 4783 enim

1847 4823 2021 4878 adhuc
2053 4824 2321 4880 desiderat
2347 4838 2493 4889 caro,
2521 4823 2678 4887 vivit;
2709 4830 2764 4876 et
2792 4820 2911 4891 quia
2936 4819 3099 4885 vivit,
3127 4817 3432 4883 desiderat;

1848 4923 1903 4968 et
1941 4930 2045 4968 non
2076 4927 2198 4970 sunt
2230 4914 2546 4969 mortiﬁcata
2589 4912 2828 4966 membra
2858 4909 2998 4964 illius
3022 4924 3184 4980 super
3211 4915 3428 4962 terram.

1847 4995 1999 5074 Quod
2027 5007 2072 5060 si
2098 5006 2411 5060 mortiﬁcata
2431 5010 2579 5070 sunt,
2652 5003 2817 5073 810
2889 5013 3220 5070 nequaquam
3245 5006 3432 5053 contra

1916 5192 1976 5260 (ε)
2016 5195 2214 5265 {absque
2238 5192 2448 5255 negandi
2473 5189 2702 5254 particula
2720 5189 3024 5240 Veronensis
3057 5187 3182 5239 liber
3203 5227 3216 5248 ,
3242 5201 3339 5238 non
3362 5195 3435 5238 ta-

1849 5255 2080 5306 men'alio
2103 5268 2270 5302 sensu.

1917 5318 1986 5383 (d)
2024 5316 2231 5383 Rursum
2274 5319 2380 5375 post
2402 5309 2739 5383 Basileensem
2779 5311 2935 5383 editor
2971 5310 3319 5383 Benedictinus

1849 5371 1930 5430 eos
1950 5371 2083 5448 ,'nec
2106 5371 2312 5434 Latine',
2356 5387 2449 5423 nec
2472 5385 2610 5421 vere.
2646 5372 2975 5422 Emendantur
2997 5373 3244 5435 ascriptis
3269 5378 3322 5421 et
3345 5371 3430 5420 Vi-

1850 5449 2206 5561 cuirel)0.Sa2pius
2245 5496 2360 5545 alibi
2405 5506 2614 5557 ιξητηττισν
2655 5493 2886 5561 Origenis
2921 5495 3127 5561 Hieron.
3169 5496 3391 5561 metnin‘t
3415 5529 3431 5552 .

1849 5558 2110 5632 nunquam
2138 5573 2256 5632 vero
2307 5569 2570 5632 gqmj'mttxfn
2593 5591 2608 5614 ,
2635 5558 3056 5632 .quetnqdmodum
3095 5559 3144 5607 in
3163 5558 3432 5632 .hucusque

1851 5616 2001 5682 editis
2027 5621 2284 5682 legebatur
2307 5616 2399 5668 hoc
2421 5620 2540 5675 loco,
2567 5616 2916 5682 nulloquidem
2941 5631 3121 5682 sensus
3144 5616 3432 5682 dispendio,

1851 5681 1968 5732 falsa
1991 5680 2154 5733 tamen
2173 5680 2408 5744 lectione,
2432 5691 2576 5743 quam
2598 5680 2940 5744 castigavitnus
2960 5693 3055 5745 ope
3081 5680 3193 5732 Mss.
