4026 6186
680 283 786 339 975
1529 337 1544 352 .

681 396 929 467 spiritum
956 390 1349 459 concupiscunt,
1376 400 1493 456 qua:
1519 382 1925 440 mortiﬁcatione
1948 383 2050 449 sui,
2072 380 2256 451 hujus-

682 488 888 545 cemodi
919 482 1240 540 desiderium
1279 476 1638 547 perdiderunt.
1671 474 1819 530 Sicut
1849 474 2004 545 igitur
2033 473 2123 543 qui
2152 473 2254 527 vita

680 594 897 635 caruere
926 573 1190 644 prazseuti,
1223 580 1279 625 et
1307 569 1373 623 ad
1400 568 1618 623 meliora
1650 565 1889 621 translati
1915 573 2057 630 sunt,
2089 564 2255 634 magis

683 668 880 729 vivunt,
909 661 1151 733 deposito
1176 658 1363 714 mortis
1388 671 1629 727 corpore,
1662 665 1717 711 et
1745 655 1988 709 vitiorum
2014 655 2251 707 omnium

683 753 956 810 incentivis
985 770 998 807 :
1023 752 1103 808 sic
1144 752 1232 822 qui
1276 748 1731 804 mortiﬁcationem
1777 746 1899 800 Jesu
1939 745 1991 799 in
2029 758 2255 814 corpore

675 862 773 902 suo
791 842 1523 911 circumferunt,nequaquam
1540 837 1881 907 vivuutjuxta
1902 849 2140 900 carnem,
2159 832 2252 889 sed

564 943 572 951 '
669 937 816 1005 juxta
844 935 1087 1005 spiritum
1114 950 1126 987 :
1151 933 1335 987 vivunt
1361 932 1411 985 in
1432 945 1497 985 eo
1515 928 1608 999 qui
1628 928 1731 982 vita
1750 936 1830 981 est
1850 969 1864 992 ,
1882 926 2077 981 etvivit
2100 924 2150 978 in
2174 924 2253 980 eis

671 1027 934 1091 Christus,
957 1025 1022 1082 de
1051 1041 1157 1095 quo
1186 1024 1442 1093 scriptum
1468 1031 1581 1077 est:
1611 1019 1789 1075 Vivens
1813 1027 1883 1072 cst
1911 1033 2072 1072 sermo
2092 1015 2189 1069 Dei
2206 1024 2254 1069 et

673 1118 865 1187 (πέρατι,
880 1117 963 1185 qui
981 1125 1054 1170 est
1073 1114 1166 1169 Dei
1186 1115 1361 1178 virtus,
1382 1113 1570 1183 Deique
1590 1110 1835 1181 sapientia
1852 1108 2037 1180 (Hebr.
2056 1109 2110 1163 4.
2137 1106 2248 1178 12).

676 1209 870 1263 Vivunt
897 1209 1040 1263 enim
1068 1208 1121 1262 iu
1152 1207 1342 1277 quibus
1366 1204 1494 1259 vivit
1520 1204 1686 1259 virtus
1710 1203 1825 1268 Dei,
1851 1201 1993 1256 omni
2022 1200 2251 1254 humana

674 1299 959 1370 fragilitate
987 1298 1226 1368 deposita
1250 1314 1265 1361 ;
1297 1304 1349 1351 et
1385 1297 1437 1351 in
1466 1294 1658 1366 quibus
1681 1293 1809 1347 vivit
1832 1291 2109 1362 sapientia,
2133 1303 2252 1359 qua:

674 1391 982 1446 abscondita
1011 1400 1091 1445 est
1122 1390 1173 1446 in
1206 1389 1349 1456 Deo;
1389 1397 1443 1442 et
1468 1388 1520 1443 in
1551 1386 1741 1458 quibus
1764 1384 1891 1438 vivit
1920 1393 1973 1439 et
2000 1391 2252 1453 operatur

669 1480 895 1549 iustitia.
928 1479 1172 1536 Christus
1211 1481 1353 1535 enim
1395 1478 1564 1535 factus
1600 1489 1681 1532 cSt
1717 1476 1901 1541 nobis,
1937 1488 2042 1528 non
2074 1472 2249 1528 solum

665 1571 867 1639 justitia
897 1585 964 1626 es
991 1571 1123 1635 Deo,
1151 1571 1243 1626 sed
1271 1579 1326 1625 et
1351 1568 1629 1640 sapientia,
1658 1577 1711 1621 et
1726 1570 1895 1621 omne
1918 1563 2057 1635 quod
2084 1563 2251 1618 virtus

669 1671 752 1718 est
776 1663 795 1735 (
819 1663 869 1718 1.
899 1662 1018 1718 Cor.
1051 1663 1146 1733 1).
1174 1662 1242 1717 Et
1281 1660 1540 1733 siquidem
1584 1660 1635 1714 in
1677 1658 1923 1727 prrcsenti
1961 1659 2080 1712 loco
2117 1670 2178 1713 se
2216 1669 2248 1711 α

670 1752 1056 1807 dormientibus
1075 1760 1129 1806 et
1155 1753 1205 1806 in
1231 1751 1445 1807 Christo
1467 1750 1708 1813 mortuis,
1737 1750 1823 1818 qui
1852 1749 1985 1802 hanc
2011 1747 2249 1802 scribunt

672 1840 981 1910 Epistolam,
1009 1850 1357 1912 separarent,
1388 1840 1662 1895 videbatur
1684 1839 1777 1912 [aL
1810 1838 2027 1912 videtur]
2054 1854 2245 1910 super-

668 1931 772 1987 ﬂua
792 1932 1084 1997 adnotatio,
1110 1944 1164 1988 et
1183 1948 1249 1989 ex
1270 1948 1375 1989 uno
1398 1932 1518 1988 loco
1537 1941 1860 2001 assumptum
1887 1932 2243 1986 testimonium

670 2038 776 2076 non
811 2023 1029 2077 valeret.
1061 2022 1210 2078 Nunc
1240 2037 1369 2078 vero
1395 2021 1581 2077 eodem
1613 2035 1803 2084 sensu,
1835 2021 1954 2089 quia
1981 2029 2034 2074 et
2058 2019 2244 2074 eodem

667 2115 856 2183 spiritu
875 2156 890 2179 ,
920 2114 973 2169 in
1004 2114 1171 2185 prima
1199 2114 1263 2168 ad
1293 2112 1594 2169 Corinthios
1624 2113 1854 2183 loquitur
1874 2152 1890 2177 ,
1924 2110 2109 2165 Omnes
2142 2128 2246 2165 non

669 2204 977 2259 dormiemus
996 2247 1011 2272 ,
1041 2220 1210 2259 omnes
1236 2213 1402 2258 autem
1427 2204 1806 2257 immutabimur
1827 2244 1840 2266 ,
1868 2202 1923 2255 in
1949 2210 2198 2256 momento
2223 2242 2240 2268 ,

664 2296 718 2348 in
757 2303 897 2349 motu
932 2296 1068 2349 oculi
1088 2335 1103 2358 ,
1131 2295 1185 2349 in
1211 2295 1480 2349 novissima
1516 2295 1652 2348 tuba.
1682 2292 1834 2347 Canet
1861 2292 1994 2347 enim
2016 2291 2134 2346 tuba
2153 2334 2167 2358 ,
2196 2302 2243 2347 et

667 2386 853 2440 mortui
893 2395 1152 2457 resurgant
1196 2386 1515 2455 incorrupti,
1551 2395 1597 2439 et
1639 2401 1729 2438 nos
1768 2383 2141 2437 immutabimur
2165 2383 2241 2454 (1.

666 2477 784 2533 Cor.
816 2478 904 2533 15.
929 2478 1016 2532 51.
1049 2478 1159 2545 55).
1190 2477 1303 2533 [loc
1327 2477 1465 2548 quod
1494 2478 1545 2531 in
1578 2477 1821 2545 prtesenti
1850 2477 1967 2531 loco
1990 2477 2242 2546 scriptum

665 2577 749 2623 est
778 2585 791 2622 :
820 2567 887 2622 In
914 2570 1030 2622 tuba
1061 2567 1154 2622 Dei
1183 2568 1442 2623 descendet
1466 2568 1529 2621 de
1550 2567 1705 2631 mlo;
1731 2582 1977 2637 compara
2008 2567 2082 2622 illi
2102 2567 2243 2638 quod

663 2657 730 2712 ad
775 2656 1081 2712 Corinthios
1109 2657 1301 2712 dicitur
1327 2676 1336 2709 :
1366 2656 1435 2711 In
1465 2657 1732 2711 novissima
1760 2657 1913 2721 tuba;
1941 2668 2085 2711 canet
2111 2659 2243 2712 enim

663 2740 782 2795 tuba
806 2740 880 2810 (1.
909 2740 1027 2798 Cor.
1055 2742 1144 2798 15.
1172 2742 1283 2813 δε),
1305 2741 1381 2814 (a)
1410 2742 1481 2796 illi
1512 2750 1718 2805 autem,
1752 2743 1891 2810 quod
1918 2742 1984 2798 ad
2011 2742 2242 2798 Thessa-

664 2832 962 2887 lonicenses
989 2831 1181 2902 legitur
1204 2849 1217 2886 :
1248 2831 1316 2885 Et
1340 2832 1525 2886 mortui
1549 2832 1600 2885 in
1628 2830 1827 2885 Christo
1853 2843 2110 2904 resurgent
2136 2835 2243 2901 pri-

666 2923 736 2976 mi
756 2922 830 2995 (1.
856 2921 1036 2978 Thess.
1059 2923 1111 2977 4.
1137 2922 1248 2993 15),
1278 2922 1381 2977 hoc
1408 2921 1548 2991 quod
1575 2922 1640 2976 ad
1665 2922 1966 2978 Corinthios
1987 2925 2241 2995 scriptum

661 3023 764 3078 est,
794 3010 862 3067 Et
885 3013 1071 3067 mortui
1096 3022 1352 3083 resurgent
1380 3014 1680 3086 incorrupti.
1715 3015 1876 3069 Porro
1903 3014 2042 3086 quod
2065 3016 2243 3085 sequi-

664 3111 770 3167 tur,
801 3100 997 3157 Deinde
1022 3119 1113 3156 nos
1137 3105 1222 3173 qui
1250 3104 1478 3167 vivimus,
1508 3105 1591 3174 qui
1620 3104 1807 3158 residui
1832 3121 2024 3170 sumus,
2053 3105 2123 3159 illi
2151 3121 2240 3160 re-

618 3218 625 3223 -
659 3189 887 3263 spondet
916 3209 930 3248 :
958 3193 1025 3248 Et
1055 3210 1144 3248 nos
1172 3194 1572 3261 immutabimur,
1600 3210 1825 3265 quorum
1858 3206 2137 3265 utrumque
2162 3195 2240 3250 sic

661 3285 882 3356 intelligi
925 3295 1119 3355 potest.
1158 3286 1267 3341 Nos
1296 3287 1384 3356 qui
1414 3287 1638 3341 vivimus
1658 3327 1675 3353 ,
1703 3287 1791 3358 qui
1828 3288 2022 3343 residui
2054 3302 2238 3344 sumus

661 3380 713 3431 in
740 3375 967 3431 adventu
1002 3377 1227 3442 Domini,
1260 3386 1314 3430 ct
1341 3391 1438 3431 nos
1466 3377 1554 3446 qui
1585 3377 2008 3444 immutabimur,
2043 3387 2097 3433 et
2131 3393 2235 3433 non

624 3453 636 3462 ’
659 3479 844 3519 sumus
871 3480 934 3519 ex
967 3465 1048 3519 his
1071 3506 1084 3529 ,
1113 3466 1198 3534 qui
1229 3465 1561 3535 appellantur
1594 3468 1820 3532 mortui,
1850 3468 1943 3523 sed
1973 3469 2195 3523 vivimus
2220 3487 2233 3522 ε

661 3555 862 3610 idcirco
891 3556 1223 3623 prtesentiam
1257 3556 1461 3609 liomiui
1492 3572 1597 3610 non
1628 3556 1678 3610 in
1710 3568 1900 3623 morte,
1930 3558 2023 3613 sed
2051 3558 2103 3613 in
2130 3559 2235 3613 vita

660 3645 1032 3716 prmstolamur
1054 3688 1068 3711 ,
1099 3645 1220 3715 quia
1260 3646 1328 3701 de
1372 3646 1661 3701 Israelitico
1697 3662 1894 3716 genere
1931 3663 2115 3704 sumus
2139 3692 2154 3719 ,
2183 3662 2239 3706 et

659 3739 841 3792 electa:
879 3746 1003 3793 sunt
1041 3737 1109 3792 de
1148 3737 1301 3792 nobis
1336 3737 1572 3808 reliquim
1596 3779 1612 3803 ,
1648 3737 1714 3793 de
1753 3739 1944 3807 quibus
1985 3740 2238 3796 Dominus

657 3830 787 3883 olim
806 3827 1137 3899 loquebatur.
1159 3828 1413 3899 Dereliqui
1435 3830 1559 3884 mihi
1573 3840 1759 3900 septem
1780 3830 1941 3885 millia
2010 3833 2171 3906 811

657 3924 877 3976 uirorum
901 3963 915 3988 ,
947 3924 1031 3992 qui
1059 3938 1158 3977 non
1190 3918 1517 3977 cu'rvaverunt
1543 3939 1675 3995 genu
1703 3922 1833 3979 Baal
1860 3926 1949 3995 (3.
1986 3925 2112 3997 Reg.
2146 3925 2233 3981 19.

660 4016 787 4085 18).
834 4014 890 4069 In
919 4013 1138 4070 Joannis
1179 4029 1390 4085 quoque
1432 4014 1716 4085 Evangelia
1739 4016 1980 4071 vivorum
2005 4057 2021 4084 ,
2050 4026 2103 4071 et
2131 4031 2235 4073 non

656 4107 920 4171 vivorum,
946 4105 1141 4174 duplex
1166 4105 1299 4159 ordo
1324 4104 1658 4161 describitur.
1690 4106 1869 4162 Omnis
1894 4109 1979 4177 qui
2003 4108 2159 4163 credit
2182 4110 2236 4163 in

659 4212 757 4260 me,
788 4194 984 4248 etiamsi
1010 4205 1236 4248 mortuus
1265 4196 1434 4266 fuerit,
1454 4196 1577 4251 viret
1605 4215 1619 4251 :
1646 4206 1695 4252 et
1724 4198 1888 4252 omnis
1911 4199 1997 4271 qui
2026 4199 2161 4263 uiuit,
2187 4208 2235 4253 et

655 4284 811 4338 credit
838 4285 890 4337 in
919 4299 1029 4349 me,
1057 4300 1158 4338 non
1187 4286 1427 4341 morietur
1451 4287 1503 4341 in
1532 4297 1774 4342 eternum
1801 4287 1995 4360 (Joan.
2028 4290 2112 4343 11.
2140 4288 2231 4344 25.

655 4375 726 4429 a6
746 4373 791 4445 ).
820 4374 877 4429 Si
903 4374 1049 4429 vivos
1076 4374 1146 4429 ita
1176 4375 1511 4446 intelligimus
1534 4417 1549 4441 ,
1580 4389 1638 4431 ut
1658 4379 1767 4448 jam
1793 4393 1823 4433 a
1853 4379 2007 4433 nobis
2032 4379 2233 4435 dictum

657 4479 761 4535 est,
788 4466 1135 4533 dormientes,
1167 4475 1221 4522 et
1245 4468 1296 4522 in
1326 4469 1538 4523 Christo
1563 4482 1801 4525 mortuos
1831 4471 1949 4527 illos
1975 4487 2093 4527 esse
2118 4486 2235 4526 cre-

657 4562 846 4616 damus
866 4602 882 4627 ,
913 4560 1000 4630 qui
1031 4575 1150 4615 cum
1177 4560 1339 4615 velint
1367 4561 1417 4616 iu
1445 4562 1657 4618 Christo
1681 4565 1879 4633 vivere,
1908 4576 2081 4620 tamen
2109 4580 2234 4635 pec-

655 4663 775 4707 cato
804 4652 995 4708 mortui
1024 4662 1168 4707 sunt.
1214 4652 1308 4709 Sin
1336 4661 1511 4729 autem
1542 4653 1776 4723 reliquiae
1798 4696 1813 4721 ,
1840 4665 1897 4710 et
1925 4656 2114 4711 electio
2142 4670 2232 4711 se-

654 4743 883 4800 cundum
927 4744 1147 4815 gratiam
1173 4784 1187 4808 ,
1220 4744 1553 4814 appellantur
1590 4745 1859 4810 viventes,
1898 4747 1983 4815 qui
2023 4760 2125 4800 non
2163 4747 2231 4800 ita

652 4835 877 4892 credunt
899 4879 914 4903 ,
943 4850 1041 4890 nec
1075 4835 1141 4890 de
1178 4834 1463 4892 Israelitica
1500 4835 1774 4892 nobilitate
1802 4837 2038 4907 generati
2067 4848 2190 4892 sunt
2214 4879 2229 4900 .

652 4928 973 4984 dormientes
999 4937 1053 4984 et
1076 4928 1270 4983 mortui
1300 4929 1702 5001 appellabuntur
1727 4927 1835 5001 [al.
1866 4928 2227 5004 appelluntur]

652 5024 704 5079 iu
733 5020 964 5077 Christo.
992 5040 1011 5073 ι

722 5114 810 5168 id.
850 5110 985 5168 Sunt
1005 5113 1092 5182 qui
1120 5112 1260 5168 hunc
1279 5112 1451 5169 locum
1474 5113 1543 5168 ita
1563 5111 1883 5171 edisseram.
1905 5112 2020 5169 Vivi
2048 5112 2232 5183 appel-

711 5247 784 5356 (α)
817 5248 991 5299 Contra
1042 5247 1327 5310 Hieronymi
1370 5248 1475 5297 sive
1520 5244 1750 5309 Origenis
1787 5250 2006 5295 mentem
2048 5243 2231 5295 addunt

730 5310 829 5356 uati
854 5321 1028 5356 omnes
1060 5317 1108 5356 et
1130 5316 1308 5356 cratera
1329 5343 1344 5356 .
1384 5310 1521 5356 quasi
1553 5320 1661 5356 ante
1697 5309 2062 5356 subseuuuntut‘
2084 5305 2229 5356 huius

648 5305 829 5372 vulgati
850 5321 1028 5372 omnes
1060 5317 1108 5359 et
1130 5305 1308 5372 ctetéra
1329 5343 1344 5367 ,
1384 5310 1521 5372 quasi
1553 5305 1661 5370 quin
1697 5309 2062 5372 subsequuntur
2084 5305 2229 5369 hujus

646 5368 881 5419 versiculi
913 5379 958 5421 et
980 5370 1157 5422 mortui
1181 5368 1425 5431 resurgen't
1460 5368 1758 5430 incorrupti,
1782 5368 1878 5431 una
1908 5368 2050 5419 simul
2075 5379 2227 5429 supe-

644 5432 763 5494 rtori
788 5433 1051 5482 sententiae
1072 5430 1387 5494 comparanda
1399 5431 1511 5494 sint
1530 5467 1543 5490 ,
1570 5444 1679 5494 cum
1704 5434 1797 5494 im_o
1819 5430 1879 5478 ad
1901 5437 2194 5494 sequentem
2208 5464 2224 5494 ,

646 5500 700 5541 ut
710 5491 997 5556 planissime
1022 5507 1085 5543 ex
1109 5490 1343 5556 contextu
1378 5492 1551 5556 liquet,
1574 5493 1673 5543 sint
1692 5490 1968 5556 referenda.
1978 5490 2224 5556 ’Expungi

642 5552 834 5615 debere
857 5553 1159 5605 Veronensis
1179 5554 1301 5605 ﬁber
1323 5552 1570 5604 admonuit
1587 5591 1601 5615 ,
1629 5567 1691 5604 es
1731 5566 1828 5615 quo
1852 5555 1970 5615 item
2007 5552 2225 5615 animad-

642 5614 884 5677 vertimus
905 5623 1181 5677 constanter
1206 5628 1377 5667 vocem
1413 5618 1526 5667 tuba
1550 5613 1656 5677 past
1693 5613 1830 5665 canet
1865 5613 1994 5677 enim
2032 5613 2187 5677 o_mit_ti
2206 5648 2221 5672 ,

642 5672 855 5785 393,3“?
871 5686 977 5784 alii:
1002 5676 1169 5727 Graeco
1192 5679 1343 5728 verbo
1375 5672 1646 5731 κωπίω
1674 5677 1881 5730 fortasse
1902 5675 2017 5729 olim
2048 5673 2223 5727 Latine

690 5746 725 5780 ξ’
749 5760 765 5782 ι
968 5769 980 5781 ,

661 5742 848 5782 "ﬁlium
871 5742 980 5782 ιωι.

1972 268 2213 325 SANCTI
2253 265 2631 324 IIIERONYMI

3876 280 3977 336 976

2365 379 2567 446 lantur,
2595 379 2685 451 qui
2711 393 2977 450 nunquam
3003 390 3217 451 peccato
3241 383 3435 439 mortui
3461 394 3590 441 sunt
3608 428 3627 453 ,
3658 388 3763 459 qui
3791 400 3973 449 autem

2366 481 2733 541 peccaverunt,
2758 480 2812 527 et
2836 472 2888 526 in
2909 486 2975 527 eo
2996 471 3136 544 quod
3162 485 3536 544 peccaverunt,
3560 480 3782 535 mortui
3807 495 3967 539 sunt:

2362 570 2415 615 et
2454 570 2636 635 postea
2661 563 2904 617 conversi
2933 562 2999 618 ad
3034 564 3400 634 pmnitentiam
3427 606 3442 631 ,
3474 579 3714 638 purgant
3742 573 3966 643 antiqua

2362 651 2576 715 delicta,
2598 654 2792 707 mortui
2809 654 3158 724 appellantur,
3177 656 3299 725 quia
3319 670 3679 726 peccaverunt
3699 679 3716 715 :
3740 664 3800 716 in
3819 664 3966 721 Chri-

2359 753 2444 799 sto
2464 755 2637 800 autem
2665 746 2879 813 mortui,
2899 746 3018 814 quia
3041 747 3196 818 plena
3220 747 3287 802 ad
3310 749 3478 804 Deum
3498 764 3685 808 mente
3704 760 3962 814 conversi

2359 846 2499 892 sunt.
2535 837 2700 892 Porro
2727 840 2815 909 qui
2840 838 3027 893 vivunt
3048 881 3064 906 ,
3092 846 3146 895 et
3172 838 3367 896 habent
3395 843 3769 901 testimonium
3800 848 3957 915 ﬁdei,

2360 936 2412 983 et
2454 928 2680 984 necdum
2719 938 3036 1000 receperunt
3077 931 3479 999 promissionem
3508 933 3604 990 Dei
3629 978 3647 1003 ,
3677 938 3777 1007 qui
3805 950 3863 994 et
3891 941 3957 997 de

2357 1019 2473 1073 aliis
2503 1020 2690 1075 melius
2712 1020 2958 1090 quiddam
2988 1020 3065 1090 (b)
3091 1022 3362 1092 cogitavit,
3389 1031 3447 1078 ut
3473 1039 3578 1080 non
3604 1028 3823 1098 absque
3848 1030 3951 1099 his,

2356 1112 2445 1182 qui
2471 1112 2599 1181 justi
2623 1120 2747 1168 sunt
2771 1121 3116 1177 coronentur,
3141 1113 3193 1168 in
3219 1128 3284 1169 eo
3310 1114 3507 1171 habent
3532 1116 3952 1190 beatitudinem,

2356 1203 2496 1273 quod
2526 1203 2769 1258 fruuntur
2798 1205 2937 1259 bono
2966 1205 3337 1273 conscientias,
3368 1215 3422 1261 et
3450 1208 3655 1277 vivunt,
3689 1221 3746 1267 et
3776 1214 3949 1270 relicti

2355 1304 2479 1349 sunt
2508 1294 2560 1349 in
2595 1296 2821 1351 adventu
2854 1296 3061 1351 Domini
3086 1295 3395 1355 Salvatoris.
3424 1299 3528 1355 Sed
3555 1302 3680 1372 quia
3705 1304 3948 1361 clemens

2354 1393 2436 1439 est
2468 1386 2605 1440 Deus
2629 1425 2645 1452 ,
2675 1396 2731 1442 et
2758 1386 2869 1441 vult
2896 1386 3104 1443 salvere
3134 1385 3292 1441 etiam
3322 1402 3415 1445 eos
3446 1391 3534 1458 qui
3564 1391 3907 1451 dormierunt
3927 1438 3943 1462 ,

2353 1485 2406 1532 et
2433 1477 2483 1532 in
2502 1474 2715 1532 Christo
2736 1478 2927 1532 mortui
2950 1487 3088 1543 sunt,
3113 1491 3221 1533 non
3243 1480 3573 1549 prevenient
3598 1481 3744 1550 illos,
3772 1500 3944 1556 neque

2352 1567 2454 1622 soli
2480 1567 2749 1636 rapientur
2774 1568 2827 1622 in
2852 1567 3079 1622 nubibus
3102 1584 3117 1620 :
3141 1566 3236 1623 sed
3258 1566 3410 1638 juxta
3431 1571 3739 1640 exemplum
3765 1572 3944 1629 Evan-

2350 1660 2533 1731 gelicze
2559 1659 2823 1729 parabolae
2847 1658 3060 1728 (Matth.
3087 1658 3202 1731 20),
3231 1674 3394 1714 unum
3421 1659 3724 1731 denarium,
3753 1680 3941 1720 unam-

2350 1768 2455 1823 que
2474 1751 2794 1818 mercedem,
2816 1761 2869 1807 et
2888 1750 3178 1807 undecima:
3207 1751 3351 1806 horta
3371 1752 3625 1822 operarii,
3652 1765 3708 1810 et
3730 1757 3939 1825 prima,

2350 1842 2438 1911 qui
2471 1843 2524 1896 in
2552 1843 2760 1898 vineam
2796 1842 2942 1897 missi
2982 1851 3105 1897 sunt
3128 1883 3143 1907 ,
3173 1841 3356 1897 salutis
3398 1843 3621 1912 pretium
3648 1846 3938 1916 accipient.

2350 1933 2457 1989 Nec
2516 1933 2618 1989 hoc
2653 1934 2806 1989 alicui
2860 1933 3100 1988 videatur
3136 1934 3387 2003 injustum
3412 1973 3428 1999 ,
3470 1943 3528 1989 ut
3563 1934 3753 2005 dispar
3792 1938 3941 1993 labor

2348 2040 2509 2080 unum
2551 2025 2823 2095 prtemium
2855 2034 3231 2096 consequatur.
3271 2024 3452 2096 Magna
3479 2027 3672 2097 quippe
3699 2028 3934 2087 diversi.

2349 2123 2429 2170 tas
2448 2124 2756 2180 esteorum,
2779 2115 2867 2186 qui
2891 2124 3007 2185 post
3027 2114 3248 2170 vulnera
3272 2123 3399 2170 sunt
3419 2117 3603 2182 sanati,
3630 2126 3689 2173 et
3711 2132 3927 2188 eorum,

2346 2208 2435 2277 qui
2488 2222 2754 2277 nunquam
2801 2206 3047 2261 viderunt
3074 2204 3147 2279 (c)
3169 2205 3360 2261 mortis
3406 2214 3684 2261 terrorem.
3727 2208 3810 2264 De
3851 2209 3931 2265 his

2346 2308 2473 2368 puto
2500 2297 2697 2354 dictum
2730 2314 2744 2350 :
2780 2296 2903 2363 Quis
2936 2306 3009 2351 est
3038 2296 3219 2362 homo,
3249 2296 3335 2365 qui
3367 2296 3497 2349 vivat
3515 2337 3530 2360 ,
3560 2306 3609 2351 et
3637 2314 3743 2351 non
3768 2300 3934 2353 videat

2346 2390 2597 2443 mortem?
2623 2389 2831 2444 redimet
2858 2389 2921 2443 de
2948 2398 3108 2443 morte
3133 2389 3355 2453 animam
3383 2405 3527 2443 suam
3548 2390 3567 2450 l
3576 2388 3667 2443 Ps.
3696 2389 3788 2446 88.
3815 2391 3925 2461 45).

2344 2481 2525 2550 Neque
2547 2481 2709 2545 enim,
2737 2490 2795 2534 ut
2815 2479 3028 2550 quidam
3056 2489 3260 2550 putant,
3287 2481 3407 2549 quis
3452 2496 3552 2551 pro
3620 2483 3790 2556 812
3861 2499 3927 2540 eo

2343 2571 2484 2643 quod
2522 2579 2604 2625 est
2641 2571 2852 2635 nullus,
2893 2570 3187 2640 accipitur:
3215 2570 3308 2625 sed
3352 2572 3502 2640 quasi
3540 2571 3777 2638 dixerit,
3808 2576 3925 2644 quis

2345 2672 2529 2734 putas,
2555 2663 2703 2730 juxta
2733 2660 2861 2716 illud
2882 2704 2896 2724 ,
2924 2660 3062 2732 quod
3092 2661 3347 2731 scriptum
3372 2671 3455 2717 est
3486 2679 3501 2715 :
3532 2662 3660 2729 Quis
3689 2667 3921 2735 sapiens,

2343 2764 2389 2806 cl
2414 2752 2655 2823 intelliget
2680 2751 2819 2806 haec?
2844 2749 2996 2823 (Osee
3022 2750 3106 2805 14.
3138 2749 3246 2822 10).
3267 2751 3334 2805 Et
3357 2750 3411 2805 in
3436 2751 3540 2806 alio
3567 2752 3687 2807 loco
3710 2772 3724 2808 :
3747 2753 3920 2809 Domi-

2343 2863 2405 2899 ne
2426 2886 2440 2910 ,
2467 2848 2577 2915 quis
2607 2843 2845 2897 habitabit
2870 2843 2923 2897 in
2953 2842 3275 2898 tabernaculo
3299 2843 3425 2897 tuo?
3446 2844 3465 2915 (
3486 2843 3581 2898 Ps.
3616 2845 3703 2900 14.
3734 2847 3757 2901 1
3782 2844 3824 2916 ).
3856 2848 3917 2902 Et

2343 2936 2533 2989 iterum
2556 2951 2569 2988 :
2596 2932 2721 3000 Quis
2743 2934 2970 3004 cognovit
2988 2950 3191 2988 sensum
3209 2931 3461 2989 Domini?
3484 2933 3658 3007 (Rom.
3688 2938 3777 2991 11.
3805 2938 3913 3007 55).

2343 3024 2557 3079 Residui
2584 3039 2713 3095 ergo
2741 3032 2897 3079 erunt
2921 3023 2989 3079 de
3017 3024 3356 3081 credentibus
3386 3027 3536 3094 pauci
3560 3066 3574 3089 ,
3603 3027 3693 3097 qui
3720 3028 3916 3083 adven-

2342 3126 2451 3169 tum
2482 3114 2687 3169 Domiui
2716 3114 2946 3180 videant,
2973 3114 3261 3170 secundum
3289 3114 3342 3169 id
3366 3114 3506 3185 quod
3535 3117 3672 3171 Deus
3694 3118 3774 3189 (Δ)
3794 3119 3919 3173 Ver-

2342 3206 2466 3260 bum
2492 3216 2575 3259 est
2600 3246 2616 3272 ,
2646 3220 2974 3275 nequaquam
3009 3206 3058 3259 iu
3085 3206 3286 3261 vilitate
3310 3207 3486 3261 carnis
3509 3249 3524 3275 ,
3551 3209 3644 3263 sed
3676 3210 3727 3262 iu
3753 3209 3915 3279 gloria

2340 3295 2733 3366 triumphantis.
2786 3296 2853 3350 Et
2893 3297 3336 3352 considerandum
3381 3300 3648 3368 quomodo
3693 3300 3914 3370 primum

2340 3389 2663 3444 dormientes
2689 3389 3032 3459 appellaverit
3065 3407 3078 3443 :
3107 3389 3301 3445 deinde
3330 3390 3381 3444 iu
3410 3390 3623 3445 Christo
3646 3400 3911 3454 mortuos,

2338 3493 2473 3547 quos
2496 3480 2735 3535 viventes
2761 3480 3055 3550 prtevenire
3083 3496 3187 3534 non
3215 3490 3483 3549 poterunt.
3516 3480 3615 3546 Qui
3642 3483 3781 3536 enim
3814 3500 3911 3537 nuu

2338 3570 2646 3626 custodierit
2680 3572 2781 3625 hoc
2803 3612 2818 3638 ,
2847 3571 2986 3642 quod
3016 3572 3270 3641 scriptum
3294 3580 3376 3626 est
3402 3588 3417 3625 :
3450 3571 3532 3627 Ne
3585 3574 3780 3627 dederis
3832 3592 3913 3629 so-

2339 3678 2512 3715 mnum
2551 3660 2711 3716 oculis
2741 3661 3034 3732 tuis,neque
3070 3661 3320 3731 palpebris
3346 3662 3444 3716 tuis
3470 3662 3913 3729 dormitationem;

2338 3763 2393 3807 ut
2420 3753 2587 3807 salvus
2610 3752 2708 3825 ﬁas
2726 3793 2742 3819 ,
2768 3753 2896 3808 sicut
2921 3768 3104 3820 caprea
3133 3752 3196 3807 de
3220 3751 3432 3806 vinculis
3451 3793 3467 3818 ,
3497 3761 3543 3805 et
3572 3753 3704 3807 sicut
3729 3755 3835 3808 avis
3857 3756 3914 3808 de

2339 3843 2531 3914 laqueis
2561 3842 2740 3913 (Prov.
2765 3842 2818 3898 6.
2851 3844 2927 3915 4),
2957 3843 3205 3909 dormiet,
3232 3854 3285 3897 et
3313 3842 3557 3913 culpabili
3584 3858 3777 3913 sopore
3804 3855 3910 3898 tor-

2339 3943 2511 4004 pescet
2542 3950 2554 3986 :
2578 3948 2805 4004 cumque
2824 3933 3118 4001 dormierit,
3144 3932 3388 3988 transibit
3415 3934 3467 3987 in
3495 3944 3740 3990 mortem.
3769 3934 3911 3989 Sicut

2336 4031 2477 4085 enim
2509 4040 2749 4085 movetur
2772 4030 2860 4100 qui
2891 4028 3092 4099 vigilat,
3120 4029 3198 4083 sic
3220 4029 3307 4098 qui
3336 4027 3531 4083 dormit
3554 4028 3696 4097 jacet
3726 4028 3911 4083 immo-

2339 4131 2422 4176 tus
2445 4163 2459 4187 ,
2489 4130 2544 4176 et
2571 4121 2756 4177 mortis
2787 4130 2958 4190 torpet
2998 4120 3364 4176 similitudine.
3405 4118 3560 4188 Quod
3585 4129 3758 4175 autem
3786 4122 3910 4175 dor-

2401 4319 2473 4382 (b)
2508 4318 2579 4382 Ex
2604 4319 2696 4382 hoc
2728 4317 2871 4382 Pauli
2908 4317 3014 4382 loco
3048 4316 3106 4365 ad
3144 4315 3382 4365 Hebraeos
3417 4314 3481 4364 Il.
3514 4334 3537 4361 ε
3559 4315 3622 4364 Et
3654 4314 3911 4382 _hi_omnes

2336 4376 2616 4431 testimonio
2635 4379 2748 4442 ﬁdei
2774 4379 2980 4442 probati,
3008 4391 3115 4442 no_n_
3134 4384 3431 4438 acceperunt
3454 4376 3904 4442 repromissionem,

2335 4442 2445 4493 Deo
2466 4456 2555 4506 pro
2577 4441 2719 4512 nobis
2752 4438 2930 4512 melius
2952 4439 3239 4512 providente
3260 4475 3274 4497 ,
3298 4445 3360 4512 ut_
3374 4440 3602 4512 non_sine
3633 4438 3774 4512 nobis
3794 4452 3907 4512 conf

2334 4499 2721 4562 summarentur,
2743 4519 2766 4546 ι
2796 4502 2926 4551 unde
2950 4499 3121 4549 istiuec
3150 4512 3280 4562 pene
3304 4499 3361 4548 ad
3385 4501 3587 4548 verbum
3608 4505 3797 4561 sumpta
3835 4508 3908 4549 est

2336 4567 2601 4623 sententia,
2627 4564 2757 4627 quod
2783 4564 2929 4627 etiam
2951 4562 3217 4627 a_Vict_orio
3238 4564 3549 4627 observatum
3573 4569 3651 4611 est
3675 4597 3689 4621 ,
3726 4570 3907 4627 constat

2336 4621 2600 4689 legendum
2617 4621 2854 4688 cogitavit,
2872 4624 2998 4689 quod
3020 4623 3080 4672 ad
3103 4621 3548 4689 Deumreferatur;
3570 4636 3662 4689 non
3684 4621 3905 4689 cogitauit,

2334 4684 2600 4737 ut'vitiose
2635 4684 2743 4736 cum
2782 4699 2872 4735 suo
2890 4684 3112 4736 'Erasmo
3136 4684 3444 4747 Martianazus
3474 4686 3682 4747 praeiert.
3726 4684 3906 4733 Locum

2335 4764 2396 4799 ex
2424 4751 2579 4798 tribus
2600 4749 2714 4798 Mss.
2741 4748 2828 4797 sed
2853 4750 3096 4810 praecipue
3119 4745 3396 4795 Veroneusi
3419 4743 3797 4810 emendavimus.

2396 4812 2465 4873 (ο)
2501 4811 2702 4873 Quidam
2728 4805 3039 4859 Mssfmentis
3059 4814 3294 4873 terrorem
3322 4818 3340 4856 .'
3356 4816 3611 4873 perperam
3635 4816 3757 4853 vero
3782 4805 3907 4857 hiar-

2316 4868 2538 4922 -tianazus
2559 4869 2725 4921 mortis
2747 4883 2980 4927 errorem,
3004 4868 3136 4918 nullo
3159 4883 3329 4927 sensu,
3356 4868 3558 4928 legerat.

2395 4935 2482 5007 (α),
2507 4934 2811 5007 Μαι-ιίξψῳυε
2832 4946 2940 5007 eum
2971 4924 3180 5007 'Erasnrno
3199 4964 3215 4988 ,
3232 4924 3458 5007 filiisque
3480 4924 3733 5007 nonnullis
3764 4937 3904 5007 vetu-

2332 4987 2563 5045 stioribus
2602 4994 2751 5055 editis
2769 5027 2785 5053 ,
2827 5001 2979 5044 Deum
3010 4987 3207 5042 verbum
3226 4987 3407 5055 factum
3427 4996 3493 5055 est
3523 5027 3536 5048 ,
3562 5001 3665 5055 _qua
3688 4987 3903 5055 lectione

2332 5057 2557 5107 haeresim
2581 5050 2804 5113 obtrudi,
2836 5055 3175 5115 Arianumque
3207 5050 3407 5102 sensum
3447 5050 3734 5115 immisceri,
3758 5050 3902 5099 multa

2330 5132 2480 5180 Opera
2518 5118 2763 5168 Victorius
2794 5109 2988 5180 probat.
3029 5109 3285 5180 Eiistimat
3327 5121 3491 5180 autem
3513 5113 3576 5161 ab
3613 5109 3902 5180 Hieronymo

2328 5172 2559 5244 scriptum
2598 5172 3074 5244 fuisse_,'secundugn
3118 5174 3171 5225 id
3209 5173 3339 5244 quod
3380 5183 3509 5244 Deus
3555 5172 3756 5244 Verbum
3793 5172 3901 5244 egro

2328 5231 2506 5304 factum
2529 5249 2618 5302 est,
2636 5231 2969 5304 quod'nempe
2995 5238 3121 5304 idem
3146 5231 3265 5286 velit
3288 5248 3381 5284 non
3397 5233 3584 5304 Filium
3605 5241 3791 5283 tantum

2328 5298 2525 5367 respici,
2550 5298 2637 5353 sed
2656 5298 2842 5353 Filium
2866 5298 3071 5367 humana
3088 5298 3186 5367 jam
3207 5309 3366 5367 carne
3396 5298 3646 5367 indutum,
3671 5301 3901 5367 cumhsta-

2329 5355 2425 5414 tim'
2451 5355 2611 5422 addat,
2636 5373 2940 5426 Nequaquam
2978 5362 3029 5412 in
3067 5355 3245 5426 vilitate
3285 5356 3449 5426 carnis
3468 5396 3482 5417 ,
3527 5355 3635 5426 sed,
3660 5364 3761 5406 etc.
3788 5355 3900 5426 Qua.-

3804 5419 3815 5427 ο

2326 5419 2607 5487 conjectura
2640 5419 2750 5476 cum
2787 5419 2883 5474 non
2919 5434 3076 5526 usque
3108 5420 3231 5469 adeo
3265 5420 3408 5468 nobis
3443 5419 3682 5483 probetur
3718 5431 3779 5467 ex

2326 5497 2557 5526 ηηηηηιη
2606 5501 2772 5526 νηρρηι
2798 5494 2957 5526 tamen
3003 5489 3194 5526 artum.
3220 5495 3365 5526 uuam
3386 5480 3452 5526 de
3489 5479 3585 5526 Dei
3623 5479 3790 5526 Verbo
3843 5491 3899 5526 lCt

2326 5438 2606 5487 conjectura
2640 5440 2750 5476 cum
2787 5438 2883 5474 non
2968 5438 2975 5445 '
3013 5438 3076 5471 ue
3108 5438 3231 5469 aueo
3266 5438 3408 5468 num:
3443 5438 3682 5483 prouetur
3718 5438 3778 5467 ex

2326 5497 2577 5547 contextu,
2606 5501 2774 5539 vocem
2798 5438 3161 5547 tameﬁaclum
3180 5517 3194 5540 ,
3220 5495 3365 5543 quam
3386 5480 3452 5547 de
3488 5479 3586 5530 Dei
3623 5479 3794 5547 Verbo
3843 5491 3899 5526 lCt

2326 5541 2611 5600 Christiania
2633 5562 2779 5598 aures
2804 5541 3053 5608 refugiunt
3077 5582 3092 5608 ,_
3128 5541 3305 5608 decem
3335 5544 3660 5608 antiquorum
3689 5541 3899 5592 codicum

2326 5623 2439 5674 0pc,
2479 5612 2761 5674 amovimus,
2783 5608 2892 5674 hinc
2916 5602 2979 5656 Et
3014 5604 3311 5674 delevimus,
3332 5602 3622 5674 .iiict'orium
3649 5605 3816 5674 ipsum
3838 5611 3898 5651 ex

2324 5664 2464 5745 parte
2487 5676 2660 5745 secuti,
2683 5673 2764 5734 qui
2790 5669 3035 5745 locutive:
3058 5665 3239 5727 aliquot
3260 5664 3509 5714 Brixianis
3532 5664 3649 5715 Mss.
3672 5664 3898 5714 eumdem

2323 5730 2373 5785 in
2395 5733 2587 5785 modum
2604 5730 2717 5795 jam'
2727 5730 3021 5782 restituerat.
