4026 6186
156 241 264 296 977

159 354 438 407 tuitionem
482 362 730 421 sequatur
776 365 959 416 mors,
1003 360 1054 406 et
1103 350 1269 418 prima
1318 347 1385 402 ad
1429 346 1743 402 Corinthios

160 442 403 513 Epistola
432 445 623 498 docere
649 458 744 497 nos
772 442 997 511 poterit;
1030 441 1080 494 in
1110 453 1213 509 qua
1239 439 1309 492 ita
1337 438 1588 505 scriptum
1619 445 1737 491 est:

164 532 325 588 Nunc
365 544 532 587 autem
572 533 795 587 Christus
837 531 1054 584 surrexit
1098 545 1160 583 ea:
1207 527 1417 580 mortuis
1442 567 1457 592 ,
1504 524 1742 596 primitiae

160 625 519 678 dormientium
542 623 695 692 :quia
720 637 810 692 per
839 621 1088 674 hominem
1114 635 1267 683 mors,
1296 627 1344 671 et
1374 633 1462 686 per
1491 616 1742 668 hominem

159 717 462 769 resurrectio
487 722 797 766 mortuorum
826 712 844 781 (
872 712 922 766 l.
956 709 1074 764 Cor.
1107 709 1196 764 15.
1222 707 1311 762 20.
1348 707 1414 761 21
1442 706 1460 776 )
1490 723 1504 758 :
1534 705 1598 759 Et
1623 714 1742 773 post

161 805 431 872 paululum
463 821 477 856 :
511 801 632 855 Non
661 817 830 855 omnes
859 800 1162 854 dormiemus
1188 839 1202 864 ,
1236 796 1324 851 sed
1354 811 1524 849 omnes
1552 794 1740 848 immu-

158 895 378 948 tabimur
413 895 465 946 in
499 902 744 948 momento
765 934 780 959 ,
808 893 860 945 in
890 892 989 944 ictu
1020 891 1155 944 oculi
1175 931 1188 953 ,
1217 889 1270 942 in
1299 888 1569 941 novissima
1597 884 1736 938 tuba.

157 986 318 1041 Canet
345 986 475 1038 enim
506 984 652 1048 tuba,
681 994 728 1038 et
754 983 938 1037 mortui
965 990 1222 1052 resurgent
1248 978 1547 1048 incorrupti,
1578 986 1623 1030 et
1648 992 1740 1030 nos

157 1075 539 1128 immutabimur
562 1073 722 1145 (Ibid.
753 1073 842 1128 51.
875 1073 990 1144 52).
1015 1071 1144 1128 Cum
1170 1085 1297 1141 ergo
1322 1069 1435 1124 haec
1455 1068 1522 1123 de
1543 1067 1741 1122 dormi-

159 1167 306 1220 tione
327 1165 590 1229 dicantur,
613 1173 668 1218 et
691 1172 880 1228 morte,
901 1173 955 1218 et
974 1162 1102 1217 illud
1130 1163 1364 1232 legamus
1386 1160 1436 1213 in
1459 1157 1736 1236 Apostolo,

157 1255 332 1325 Surge
359 1259 441 1324 qui
471 1255 662 1307 dormis
680 1296 696 1320 ,
719 1263 763 1308 et
793 1269 976 1324 exurge
1000 1253 1064 1306 de
1091 1251 1331 1316 mortuis,
1359 1258 1404 1303 et
1435 1247 1738 1302 illuminabit

154 1358 205 1399 te
233 1345 462 1400 Christus
491 1347 509 1416 (
533 1345 668 1415 Eph.
701 1345 754 1400 5.
782 1346 848 1400 14
866 1346 908 1415 ),
935 1347 1178 1414 juremus
1205 1343 1448 1405 Domino,
1477 1351 1531 1395 et
1560 1349 1738 1393 votum

154 1435 417 1488 faciamus
466 1435 574 1489 Deo
619 1435 822 1502 Jacob,
864 1435 1222 1504 unusquisque
1266 1431 1448 1487 dicens
1488 1431 1538 1484 in
1578 1428 1740 1484 corde

155 1538 260 1578 suo
285 1541 298 1577 :
323 1523 382 1578 Si
405 1524 673 1577 ascendam
701 1541 854 1594 super
877 1533 1090 1577 stratum
1137 1538 1320 1584 meum,
1344 1521 1388 1575 si
1431 1521 1615 1573 dedero
1656 1532 1738 1572 so-

156 1631 333 1668 mnum
349 1615 505 1668 oculis
517 1615 658 1677 meis,
673 1624 718 1668 et
733 1614 990 1684 palpebris
1006 1614 1127 1666 meis
1143 1611 1566 1676 dormitationem,
1583 1611 1740 1662 donec

156 1703 408 1758 inveniam
435 1703 600 1756 locum
625 1702 845 1756 Domino
873 1719 890 1756 :
913 1701 1058 1756 haud
1085 1701 1301 1754 dubium
1329 1701 1454 1769 quin
1483 1702 1533 1753 in
1560 1702 1736 1756 anima

155 1809 276 1856 sua,
298 1792 670 1846 tabernaculum
692 1790 800 1846 Deo
822 1791 984 1845 Jacob
1000 1789 1116 1862 (Ps.
1148 1789 1298 1858 liii);
1329 1797 1385 1842 ut
1414 1790 1550 1843 Deus
1571 1791 1621 1842 in
1645 1791 1736 1844 illo

156 1895 358 1940 interna
389 1885 514 1940 sede
541 1885 855 1955 requiescat.
883 1883 1166 1952 Sequitur:
1191 1882 1324 1947 Quia
1351 1881 1456 1952 ipse
1489 1881 1738 1936 Dominus

157 1977 210 2028 in
223 1977 396 2044 jussu;
411 1985 463 2030 et
477 1977 693 2045 reliqua.
715 1974 1007 2031 Descendet
1020 1975 1160 2028 enim
1178 1972 1372 2028 missus
1387 1988 1416 2026 a
1433 1973 1607 2037 Patre,
1631 1990 1735 2027 non

155 2065 466 2119 diversitate
494 2066 700 2120 virtutis
719 2105 735 2130 ,
767 2066 857 2120 sed
885 2065 1275 2135 dispensatione
1303 2064 1528 2134 judicis;
1560 2072 1614 2118 et
1637 2063 1735 2118 de-

155 2156 377 2211 scendet
400 2155 465 2210 ad
489 2171 581 2211 eos
601 2197 616 2220 ,
639 2158 725 2226 qui
747 2155 992 2210 deorsum
1014 2165 1135 2211 sunt
1154 2197 1170 2221 ,
1191 2155 1428 2210 Verbum
1451 2155 1547 2210 Dei
1567 2163 1618 2209 et
1645 2169 1736 2208 sa-

159 2249 378 2316 pientia,
442 2249 604 2320 813
667 2257 722 2303 et
761 2249 975 2312 veritas,
1004 2258 1162 2319 atque
1203 2247 1430 2318 iustitia.
1472 2247 1537 2300 Et
1558 2262 1728 2316 quan-

155 2355 320 2410 quam
343 2341 538 2392 mortui
561 2341 667 2392 sint
683 2381 698 2406 ,
721 2339 788 2393 ad
807 2354 939 2408 quos
963 2339 1212 2409 dignatur
1236 2337 1599 2393 descendere:
1627 2352 1733 2389 non

158 2442 338 2483 tamen
361 2430 565 2483 suntab
581 2444 646 2484 eo
662 2429 840 2484 alieni.
863 2429 1052 2483 Mortui
1070 2431 1212 2484 enim
1235 2437 1495 2483 vocantur
1513 2431 1564 2481 in
1585 2428 1737 2482 Chri-

157 2535 263 2577 sto.
291 2523 390 2590 Qui
421 2531 598 2577 autem
622 2523 824 2587 vivunt,
853 2523 953 2576 hoe
979 2523 1174 2576 habent
1201 2521 1565 2591 privilegium,
1594 2519 1735 2589 quod

158 2617 428 2685 eliguntur
453 2630 483 2669 e
513 2615 772 2684 pluribus.
818 2617 1069 2669 Attamen
1115 2624 1398 2683 utrumque
1426 2629 1618 2684 agmen
1642 2654 1656 2679 ,
1683 2621 1738 2667 et

135 2755 143 2759 .
161 2717 492 2759 mortuorum
513 2707 566 2759 in
578 2704 814 2770 Christo,
834 2715 888 2759 et
907 2705 1222 2770 viventium,
1241 2706 1514 2773 rapientur
1539 2704 1739 2772 pariter

163 2799 212 2850 in
237 2797 462 2852 nubibus
488 2797 701 2852 obviam
722 2796 937 2851 Christo
956 2837 970 2862 ,
999 2807 1054 2851 ut
1085 2812 1192 2850 non
1235 2813 1356 2849 eum
1387 2803 1733 2864 exspectent,

161 2889 331 2945 donec
377 2894 444 2944 ad
495 2898 704 2945 terrena
745 2889 1068 2954 descendat,
1121 2888 1214 2943 sed
1245 2888 1529 2956 pnesentia
1554 2887 1730 2952 illius,

160 2990 216 3036 et
244 2981 594 3036 contubernio
622 2981 674 3034 in
724 2980 1045 3035 sublimibus
1098 2979 1455 3048 perfruantur.
1491 2977 1731 3044 Quanta-

160 3087 266 3141 que
290 3071 572 3127 clementia
597 3070 999 3139 Christi,utpro
1030 3069 1203 3122 salute
1231 3077 1408 3122 nostra
1435 3081 1540 3120 non
1560 3065 1734 3120 solum

157 3178 287 3218 caro
318 3163 488 3216 lactus
513 3164 615 3225 sit,
668 3161 762 3216 sed
786 3160 852 3215 ad
879 3170 1128 3217 mortuos
1155 3174 1321 3228 usque
1365 3155 1735 3217 descenderit.

159 3253 287 3308 etin
317 3253 428 3320 ipsa
460 3261 629 3306 morte
656 3251 850 3306 habeat
874 3252 1024 3320 signa
1071 3250 1380 3303 viventium.
1416 3249 1563 3315 Aqua
1595 3248 1734 3300 enim

157 3357 213 3402 et
257 3346 471 3416 sanguis
517 3345 584 3400 de
618 3347 783 3399 latere
834 3343 949 3413 ejus
995 3357 1208 3412 egressa
1254 3350 1378 3396 sunt
1407 3339 1584 3408 (Joau.
1617 3339 1729 3408 l9).

164 3438 449 3493 Descendit
480 3439 636 3507 igitur
655 3451 835 3492 sermo
862 3436 1074 3491 divinus
1096 3449 1226 3489 voce
1257 3432 1574 3503 Arcbangeli
1603 3447 1737 3501 pra:-

159 3531 413 3592 eelente,
473 3539 526 3584 et
567 3537 902 3600 praeparante
943 3526 1043 3581 sibi
1087 3526 1224 3580 viain
1260 3525 1313 3578 in
1347 3524 1428 3579 his
1452 3565 1467 3588 ,
1495 3524 1581 3594 qui
1609 3523 1730 3590 ejus

167 3631 392 3691 possunt
417 3621 559 3676 lerre
587 3622 946 3690 praesentiam.
974 3617 1126 3685 Quod
1158 3626 1212 3672 ut
1241 3632 1503 3687 queamus
1536 3616 1736 3671 intelli-

162 3728 320 3782 gere,
349 3713 502 3781 primi
533 3712 793 3766 adventus
852 3711 1104 3780 mysteria
1149 3723 1557 3778 cognoscamus.
1591 3706 1738 3760 Scri-

165 3815 312 3872 ptum
358 3813 437 3856 est
467 3803 532 3856 de
557 3801 790 3865 Joanne,
824 3802 912 3871 qui
964 3815 1264 3869 priecursor
1293 3798 1409 3866 ejus
1432 3798 1528 3850 fuit.
1549 3838 1563 3862 ,
1595 3796 1736 3866 quod

166 3897 218 3947 in
266 3908 448 3947 eremo
493 3892 687 3946 dixerit
719 3909 732 3944 :
769 3891 878 3960 Ego
924 3905 1018 3942 vos:
1045 3889 1314 3941 clamantis
1339 3889 1391 3939 in
1418 3888 1616 3939 deserto
1639 3925 1653 3949 ,
1683 3893 1738 3937 et

167 3983 390 4049 reliqua.
440 3981 575 4047 Quid
606 3981 854 4034 clamavit
881 3993 983 4031 vox
1015 3978 1066 4031 in
1096 3979 1344 4030 deserto?
1370 3975 1560 4027 Parute
1600 3975 1737 4026 viam

163 4071 402 4136 Domini,
429 4079 592 4123 rectas
621 4069 774 4136 facite
827 4067 1028 4121 semitas
1069 4067 1178 4136 ejus
1205 4064 1418 4134 (Matth.
1443 4064 1495 4116 3.
1526 4065 1582 4122 '5:
1606 4061 1735 4117 Luc.

163 4164 218 4216 .
325 4157 493 4210 Marc.
524 4158 575 4210 1.
603 4158 657 4221 5;
688 4155 844 4209 loau.
877 4155 930 4210 1.
978 4153 1095 4224 25).
1142 4151 1222 4208 Ob
1269 4151 1407 4221 quod
1457 4152 1736 4222 praemium

161 4264 390 4321 quamve
419 4246 759 4302 mercedem?
789 4244 966 4299 Omnis
988 4245 1133 4297 vallis
1162 4243 1471 4310 implebitur,
1503 4251 1548 4296 et
1573 4245 1737 4296 onmis

163 4361 307 4397 mons
333 4351 378 4397 et
421 4341 566 4394 collis
594 4338 939 4393 humiliabitur
962 4353 981 4390 :
1004 4346 1050 4390 et
1079 4345 1224 4390 erunt
1253 4351 1409 4402 prava
1437 4336 1488 4388 in
1507 4335 1697 4388 directa
1713 4349 1735 4396 ;

169 4445 214 4488 et
241 4449 421 4501 aspera
447 4432 500 4484 in
526 4432 632 4484 vias
674 4429 888 4500 planas:
913 4437 959 4482 et
986 4427 1167 4480 videbit
1191 4426 1352 4479 omnis
1374 4442 1491 4478 caro
1517 4425 1738 4478 salutare

169 4527 260 4579 Dei
285 4523 436 4593 (lsai.
469 4523 559 4577 40.
586 4523 640 4576 5.
666 4523 742 4589 4).
766 4518 877 4574 [loc
901 4527 1075 4572 autem
1097 4516 1218 4571 ideo
1237 4516 1355 4585 quia
1384 4514 1600 4568 Verbum
1620 4532 1737 4570 caro

166 4619 386 4687 pictum,
415 4626 458 4669 et
489 4614 729 4667 habitavit
749 4613 801 4666 in
830 4611 970 4664 nobis
1003 4608 1186 4678 (JOan.
1219 4610 1269 4662 l.
1301 4607 1414 4677 14).
1442 4606 1593 4661 Nune
1639 4623 1736 4660 au-

168 4723 271 4762 lem
319 4722 648 4778 nequaquam
695 4721 794 4758 vox
834 4703 1112 4771 Propheta:
1155 4700 1207 4754 in
1235 4699 1450 4754 deserto
1478 4702 1578 4754 erit
1607 4719 1618 4754 ;
1644 4699 1737 4754 sed

166 4819 267 4856 vox
297 4799 612 4870 Archangeli
643 4796 876 4867 parantis
910 4796 1024 4850 vias
1044 4836 1059 4858 ,
1093 4809 1197 4848 non
1231 4795 1282 4846 in
1311 4793 1488 4846 carnis
1520 4792 1734 4846 humili-

166 4902 274 4948 tate
301 4891 568 4954 venienti,
593 4888 686 4943 sed
714 4888 795 4950 ei,
827 4885 916 4956 qui
967 4894 1052 4939 est
1080 4881 1218 4951 apud
1247 4883 1460 4936 Patrem
1494 4879 1730 4935 Verbum

167 4985 326 5038 Deus.
357 4979 424 5034 Et
451 4989 574 5033 tunc
606 4977 818 5047 quidem
862 4973 1275 5044 egrediebantur
1326 4971 1378 5024 in
1423 4971 1732 5038 desertum,

165 5090 219 5130 nt
248 5073 496 5129 audirent
519 5070 772 5139 assumpti
805 5068 1035 5124 hominis
1079 5077 1470 5136 praecurSorem
1493 5105 1508 5129 ,
1558 5072 1612 5117 et
1660 5064 1738 5117 vi-

162 5171 353 5222 derent
399 5165 712 5220 arundinem
752 5172 912 5216 vento
958 5162 1207 5232 agitatam
1252 5156 1400 5230 (Luc.
1430 5155 1508 5226 7),
1541 5155 1605 5208 de
1633 5169 1736 5222 qua

162 5265 323 5316 {neue
337 5268 458 5313 sunt
492 5257 632 5312 tibize
652 5298 666 5320 ,
691 5265 746 5310 et
772 5254 970 5310 vocalis
987 5253 1223 5308 calamus
1241 5290 1256 5314 ,
1276 5249 1366 5319 qui
1399 5249 1450 5302 in
1477 5261 1570 5301 ore
1605 5261 1740 5316 pue~

161 5366 346 5406 rorum
376 5348 521 5403 dulei
546 5355 702 5402 sonat
733 5345 1123 5405 modulamine,
1169 5341 1474 5397 canentium
1506 5337 1559 5392 in
1613 5337 1732 5406 pla-

161 5442 264 5499 teis
320 5449 483 5510 atque
537 5439 829 5494 dicentium
868 5453 896 5494 .:
949 5436 1269 5490 Cantavimns
1321 5432 1493 5495 vobis,
1547 5439 1592 5484 et
1637 5443 1734 5482 non

162 5534 386 5588 saltastis
411 5531 621 5601 (Matth.
648 5529 847 5584 11.17.
883 5537 930 5579 et
956 5525 1082 5578 an.
1125 5526 1178 5578 7.
1211 5523 1326 5590 52).
1361 5521 1511 5576 Nunc
1556 5528 1732 5571 autem

159 5633 211 5686 in
240 5643 372 5683 voce
402 5620 723 5691 Arctangeli
770 5617 1118 5688 prtecedemis
1168 5615 1450 5670 Dominum
1500 5609 1726 5666 descen-

1492 233 1821 292 EPISTOLA
1851 235 2038 290 CXIX.

3317 250 3420 306 978

1847 346 2062 400 dentem
2103 346 2170 401 de
2197 348 2383 414 cmlis,
2415 360 2466 403 et
2497 351 2549 403 in
2578 351 2871 407 clarissima
2909 356 3031 409 tuba
3053 399 3066 422 ,
3123 366 3412 429 unusquis-

1847 450 1950 503 que
1977 436 2308 491 credentium
2329 479 2343 502 ,
2379 439 2460 492 vel
2489 438 2554 494 ad
2588 442 2829 510 prtelium
2854 485 2865 508 ,
2894 446 2978 498 vel
3009 447 3072 501 ad
3115 452 3419 506 sacerdota-

1849 527 1915 580 lia
1963 527 2262 583 ministeria
2307 540 2647 600 provocatur.
2682 533 2936 604 Legimus
2983 539 3034 591 in
3063 539 3415 600 Numerorum

1847 617 1984 672 libro
2033 617 2184 690 (Cap.
2240 621 2326 676 10.
2355 637 2402 674 .
2456 623 2536 692 5),
2566 634 2804 679 sacratas
2836 627 2947 682 Deo
2992 630 3418 707 tubas,qu.'e(a)

1844 717 1969 763 ante
2009 710 2204 764 ostium
2233 722 2544 781 personent.
2575 714 2670 769 Sin
2720 726 2897 772 autent
2943 735 3134 790 magna
3187 735 3268 778 est
3312 741 3412 782 vox

1843 797 2062 868 Angeli,
2118 809 2172 854 et
2225 802 2363 856 tubte
2415 803 2783 875 Archangeli,
2841 819 3044 878 quanto
3098 815 3270 884 major
3317 818 3420 872 erit

1846 889 1983 944 tuba:
2042 891 2208 963 814
2256 894 2382 960 Dei,
2415 911 2534 966 quae
2566 908 2714 967 parat
2741 899 2854 954 vias
2881 904 3112 972 primum
3142 906 3415 964 dormien-

1845 981 1976 1036 tium
1997 1021 2011 1044 ,
2034 991 2089 1037 et
2117 995 2452 1041 mortuorum
2486 988 2538 1042 in
2566 989 2819 1055 Christo;
2847 993 3041 1049 deinde
3068 1011 3254 1052 eorum
3278 1039 3293 1061 .
3328 1001 3418 1069 qui

1845 1072 2062 1136 vivunt,
2091 1083 2144 1128 et
2170 1076 2368 1130 residui
2401 1086 2526 1132 sunt
2549 1121 2563 1145 ,
2596 1089 2650 1134 et
2675 1083 2944 1137 sermonis
2971 1084 3064 1140 Dei
3099 1088 3418 1154 praestolan-

1846 1171 1931 1214 tnr
1953 1162 2280 1219 adventum?
2304 1165 2553 1245 Forsitan
2582 1170 2842 1240 simplicis
2865 1173 3008 1228 tuba:
3045 1175 3264 1246 clangor
3291 1177 3419 1232 dor-

1843 1257 2131 1314 mientibus
2157 1270 2206 1314 et
2240 1264 2468 1316 mortuis
2496 1264 2548 1318 in
2573 1262 2794 1320 Christo
2816 1268 3154 1323 necessarius
3179 1281 3295 1325 est:
3315 1287 3418 1326 vox

1842 1348 2368 1420 autemArehangeli
2407 1351 2480 1422 (b)
2503 1363 2556 1407 et
2589 1355 2730 1408 tuba:
2761 1355 2886 1421 Dei,
2919 1356 3001 1410 liis
3048 1359 3138 1428 qui
3198 1361 3416 1422 vivunt,

1842 1446 1897 1490 et
1949 1437 2000 1492 in
2056 1440 2342 1508 prmsentia
2399 1443 2492 1497 Dei
2545 1455 2907 1501 reservantur.
2951 1447 3246 1504 Videamus
3292 1450 3418 1520 quid

1844 1529 2011 1596 possit
2037 1530 2296 1602 intelligi,
2325 1543 2379 1587 et
2399 1532 2454 1588 id
2486 1534 2628 1604 quod
2652 1538 2933 1606 sequitur:
2966 1538 3136 1592 Simul
3155 1556 3270 1593 cum
3310 1541 3414 1594 illis

1841 1623 2114 1690 rapientur.
2146 1624 2262 1692 Quo
2294 1627 2456 1680 verbo
2486 1629 2697 1682 ostendi
2730 1639 2856 1699 pnto
2881 1671 2896 1698 ,
2923 1631 3159 1686 subitum
3187 1632 3252 1688 ad
3303 1649 3419 1688 me-

1843 1713 1972 1767 liora
2029 1724 2401 1771 transcensum
2448 1734 2462 1769 :
2510 1727 2564 1772 et
2612 1719 2813 1774 idcirco
2857 1731 3069 1790 raptum
3098 1739 3157 1778 se
3181 1724 3418 1778 voluisse

1839 1801 2054 1866 dicere,
2081 1813 2140 1859 ut
2166 1805 2424 1860 velocitas
2451 1809 2778 1862 transeuntis
2802 1850 2817 1875 ,
2865 1826 3086 1864 sensum
3135 1813 3418 1882 cogitantis

1839 1893 2142 1949 eveederet.
2197 1895 2350 1962 Quod
2400 1907 2454 1952 et
2501 1898 2554 1952 in
2584 1899 2693 1953 alio
2715 1899 2834 1954 loco
2863 1901 3075 1971 ejudcm
3109 1903 3259 1958 verbi
3289 1919 3416 1972 pro-

1843 1983 2068 2053 prietate
2097 1985 2324 2056 signavit
2354 2010 2366 2044 :
2396 2007 2414 2040 t
2453 1988 2574 2045 Scio
2617 1988 2890 2047 hominem
2937 1993 2989 2047 in
3037 1993 3249 2048 Christo
3296 2005 3421 2049 ante

1840 2089 2010 2129 annos
2034 2077 2436 2146 quatuordeeim
2457 2120 2474 2146 ,
2511 2080 2622 2134 sive
2651 2081 2702 2134 in
2733 2096 2994 2150 corpore.
3048 2085 3231 2138 nescio
3253 2127 3266 2144 .
3308 2085 3420 2140 sive

1840 2175 1989 2219 extra
2006 2181 2199 2236 corpus
2216 2169 2568 2236 nescio,Deus
2579 2172 2698 2235 scit,
2718 2181 2924 2241 raptum
2938 2171 3234 2228 istiusmodi
3252 2189 3420 2243 usque

1841 2259 1906 2314 ad
1932 2261 2140 2317 tertium
2159 2262 2376 2316 calum.
2398 2262 2464 2315 Et
2481 2261 2904 2332 sciohnjusmodi
2923 2264 3214 2328 hominem,
3235 2265 3346 2318 sive
3365 2265 3418 2318 in

1841 2369 2084 2426 corpore,
2112 2353 2224 2408 sive
2251 2365 2401 2408 extra
2423 2367 2616 2422 corpus
2645 2355 2846 2419 nescio,
2874 2355 3013 2408 Deus
3036 2355 3156 2420 scit,
3184 2357 3304 2421 quia
3329 2371 3418 2408 ra-

1843 2455 2055 2518 ptusest
2075 2447 2126 2499 in
2145 2443 2470 2514 paradisum,
2491 2453 2542 2496 et
2566 2443 2771 2497 audivit
2795 2445 2952 2498 verba
2976 2444 3284 2509 inell'abilia,
3300 2460 3419 2513 quae

1842 2555 1944 2594 neu
1965 2540 2085 2592 licet
2100 2536 2298 2590 homini
2317 2535 2595 2605 loqui.t(2.
2613 2534 2728 2589 Cor.
2751 2535 2837 2589 l2.
2853 2535 2910 2598 2,
2933 2534 3258 2606 etseqq.)Alii
3273 2537 3418 2590 enim

1841 2629 2177 2700 procientes
2201 2638 2249 2681 et
2284 2627 2364 2698 (ut
2409 2627 2477 2680 ita
2527 2625 2724 2695 dicam)
2773 2627 3078 2696 gradientes
3115 2627 3184 2681 ad
3213 2629 3416 2696 majora

1840 2718 2190 2783 crescebant,
2215 2717 2385 2772 donec
2413 2716 2588 2770 erint
2608 2715 2756 2786 juxta
2802 2716 2851 2769 id
2885 2717 3024 2786 quod
3049 2718 3304 2785 scriptum
3333 2726 3417 2770 est

1843 2808 2020 2878 Magni
2048 2808 2195 2862 ualde
2217 2807 2367 2860 nimis
2391 2821 2410 2859 :
2435 2815 2488 2860 et
2513 2805 2772 2874 quosdam
2803 2805 2854 2858 in
2885 2806 3076 2859 caelum
3110 2815 3420 2872 assumptus

1845 2899 2086 2970 legimus.
2105 2898 2302 2952 Paulus
2323 2907 2498 2951 autem
2520 2911 2609 2950 vas
2628 2897 2904 2952 electionis
2926 2898 2977 2950 in
2997 2896 3204 2949 tertium
3224 2896 3420 2950 ctelum

1841 2999 2027 3059 raptus
2055 2989 2296 3043 ascendit
2324 3001 2338 3041 :
2370 2995 2426 3042 et
2461 2986 2660 3041 idcirco
2686 2985 2888 3041 audivit
2917 2985 3078 3039 verba
3105 2984 3418 3039 ineffabilia.

1839 3067 2118 3148 Quomodo
2138 3086 2316 3132 autem
2347 3077 2399 3130 hi
2421 3117 2434 3139 ,
2476 3076 2564 3146 qui
2596 3077 2877 3144 rapiuntur
2926 3075 2978 3128 in
3025 3073 3257 3128 nubibus
3278 3115 3293 3137 ,
3324 3090 3416 3129 ra-

1842 3172 2049 3240 piantur
2076 3168 2287 3223 obviam
2313 3165 2553 3230 Christo,
2586 3164 2898 3236 diligentius
2935 3163 3414 3232 contemplandum

1840 3270 1942 3314 est.
1967 3259 2177 3314 Scimus
2200 3256 2370 3312 nubes
2401 3255 2697 3325 Pr0pbetas
2715 3297 2729 3322 ,
2758 3255 2953 3324 quibus
2978 3254 3237 3323 praecepit
3281 3254 3422 3308 Deus

1841 3361 1908 3401 ne
1949 3348 2196 3417 pluerent
2225 3361 2386 3416 super
2436 3344 2599 3400 Israel
2631 3343 2856 3397 imbrem
2879 3384 2894 3408 ,
2924 3342 3137 3413 quando
3165 3343 3421 3411 impleve-

1841 3447 1967 3493 runt
1993 3453 2297 3492 mensuram
2330 3445 2540 3506 patrum
2573 3450 2831 3499 suorum,
2871 3443 2925 3488 et
2950 3434 3089 3488 facta
3117 3443 3201 3489 est
3225 3434 3336 3488 Lex
3367 3444 3422 3487 et

1840 3532 2120 3601 Propheta:
2151 3545 2318 3601 usque
2346 3529 2411 3584 ad
2442 3529 2700 3584 Joannem
2731 3528 3022 3598 Baptistam
3055 3525 3277 3597 (Matth.
3330 3528 3418 3581 ll.

1844 3625 1950 3688 l5).
1985 3624 2048 3677 Et
2076 3623 2199 3693 quia
2230 3622 2372 3677 Deus
2417 3621 2595 3691 posuit
2635 3621 2687 3674 in
2738 3620 2976 3675 Ecclesia
3020 3621 3246 3689 primum
3276 3619 3423 3686 Apo-

1841 3717 2028 3780 stolos,
2062 3714 2296 3771 secundo
2313 3715 2606 3783 Prophetas
2637 3711 2852 3782 (Ephes.
2883 3713 2939 3766 4.
2961 3710 3085 3780 11)
3116 3726 3221 3764 non
3250 3710 3420 3763 solum

1840 3806 2142 3873 Prophetze,
2174 3804 2267 3857 sed
2287 3814 2340 3857 et
2367 3802 2613 3871 Apostoli
2643 3802 2811 3854 nubes
2841 3799 3169 3866 intelligendi
3193 3808 3336 3852 sunt.
3365 3798 3420 3853 Si

1842 3898 1960 3964 quis
1984 3895 2143 3964 igitur
2164 3893 2366 3960 rapitur
2385 3893 2450 3944 ad
2477 3891 2768 3950 Christum,
2788 3886 3026 3942 ascendit
3055 3901 3214 3952 super
3252 3885 3423 3940 nubes

1841 3983 2084 4052 chis,et
2101 3980 2394 4049 Evangelii,
2418 3994 2580 4048 super
2599 3975 2984 4045 Prophetas,et
3012 3973 3326 4044 Apostolus:
3367 3985 3424 4028 et

1841 4073 2132 4143 assumptis
2145 4072 2242 4126 alis
2258 4071 2539 4134 columbas,
2556 4083 2848 4138 eorumque
2868 4066 3105 4122 doctrina
3127 4065 3193 4121 ad
3211 4065 3421 4121 excelsa

1841 4165 2101 4226 sublatus,
2117 4162 2368 4227 occurrit,
2388 4177 2495 4216 non
2510 4160 2762 4215 deorsum
2791 4157 2886 4213 sed
2919 4158 2968 4211 in
2999 4171 3158 4222 aere,
3187 4166 3242 4212 et
3265 4157 3424 4226 spiri-

1844 4257 1970 4311 tuali
1997 4255 2341 4326 intelligentia
2373 4254 2788 4322 Scripturarum.
2818 4251 3118 4305 Occurrens
3157 4258 3334 4304 autem
3367 4251 3420 4304 in

1842 4347 2224 4416 spiritualibus,
2239 4355 2448 4401 terrena
2471 4344 2763 4408 dimittens,
2789 4341 2900 4396 sive
2927 4341 3014 4395 ille
3036 4341 3104 4396 sit
3126 4340 3418 4407 dormiens,

1843 4442 1955 4496 sive
1993 4441 2046 4494 in
2067 4438 2280 4494 Christo
2300 4446 2564 4503 mortuus,
2597 4435 2712 4489 sive
2738 4434 2941 4498 vivens,
2965 4432 3088 4486 etin
3112 4432 3254 4486 illius
3283 4448 3422 4502 pra:-

1842 4531 2066 4588 scntiam
2091 4537 2393 4585 reservatus
2411 4542 2627 4596 semper
2652 4542 2772 4582 cum
2805 4525 2898 4580 illo
2928 4523 3098 4578 eritet
3123 4523 3423 4592 perfruetur

1840 4625 2023 4679 Verbo
2067 4623 2230 4694 815
2264 4621 2378 4684 Dei,
2407 4629 2464 4674 et
2486 4618 2766 4689 sapientia,
2785 4619 3006 4672 veritate
3026 4614 3410 4684 alquejustitia.

1913 4716 2002 4768 ll.
2026 4713 2153 4768 Haec
2174 4711 2338 4766 celeri
2363 4724 2618 4766 sermone
2645 4707 2876 4770 dictavi,
2913 4703 3039 4773 quid
3085 4702 3276 4757 eruditi
3320 4703 3418 4756 viri

1842 4805 1908 4858 de
1938 4816 2162 4872 utroque
2185 4803 2447 4856 sentirent
2474 4799 2594 4853 loco
2613 4839 2627 4862 ,
2654 4796 2917 4864 etquibus
2943 4792 3273 4862 argumentis
3293 4806 3419 4845 suas

1842 4895 2040 4949 vellent
2063 4893 2290 4962 probare
2308 4890 2603 4945 sententias
2626 4928 2642 4952 ,
2670 4897 2864 4940 vestrae
2905 4882 3199 4952 prudentiae
3247 4898 3415 4950 expo-

1843 5001 1995 5039 nens.
2015 4985 2200 5053 Neque
2234 4982 2374 5034 enim
2403 4990 2543 5032 tanta
2571 4987 2652 5030 est
2681 4992 2814 5030 mea:
2843 4974 3146 5044 pusillitatis
3185 4975 3418 5026 auctori-

1844 5074 2069 5142 tas,qui
2095 5071 2225 5125 nihil
2251 5085 2406 5132 sum,
2453 5077 2506 5124 et
2556 5065 2857 5120 invidorum
2901 5074 3102 5118 tantum
3147 5063 3416 5118 morsibus

1829 5258 1832 5259 '
1908 5250 1979 5310 (a)
2011 5247 2192 5305 Tuhas,
2217 5245 2392 5310 quibus
2421 5246 2596 5310 mortui
2620 5242 2677 5291 ad
2713 5239 3379 5310 judiciumconOvocaliu'ntur
3401 5275 3415 5295 ,

1842 5314 1899 5362 iis
1912 5296 2191 5369 comparat;
2207 5296 2387 5369 q'nibus
2406 5305 2523 5369 oliui
2549 5296 2888 5369 clangentibus
2911 5301 2975 5350 ad
2991 5298 3168 5369 ostiarii
3199 5296 3419 5369 tabernas

1843 5359 1940 5422 culi
1985 5359 2182 5433 [litteris
2202 5359 2444 5433 ,'populus
2475 5364 2626 5413 Israel
2652 5359 2959 5433 x_eiebatnr.
2985 5359 3420 5433 Conferenduscst

1842 5419 2007 5494 itaque
2043 5419 2318 5494 adnotatus'
2346 5427 2670 5475 Numerorum
2695 5423 2843 5494 locus
2868 5459 2882 5481 ,
2925 5419 3418 5494 undeapertissitne

1842 5482 2079 5544 constabit
2100 5489 2362 5550 legendum
2382 5523 2395 5546 ,
2420 5494 2473 5550 ut
2510 5486 2847 5550 reposuimus,
2875 5492 2995 5550 ant_e_
3012 5482 3183 5550 ostium
3205 5493 3340 5550 ;uon_
3365 5489 3420 5530 ut

1847 5539 2019 5602 vitiose
2045 5539 2350 5601 Mariianaens
2369 5539 2671 5610 [aliiquiex
2715 5545 2862 5594 editis
2877 5553 2928 5610 et
2951 5545 3064 5610 Mss.
3089 5549 3198 5610 ante
3221 5539 3414 5592 hostias.

1912 5616 1969 5678 (b)
2009 5614 2231 5668 Voccsct
2255 5609 2379 5661 tttbte
2411 5605 2568 5660 Dei'in
2591 5608 2858 5657 Verona-nsi
2881 5607 2970 5657 bis.
2996 5605 3353 5656 desiderantur.
