4026 6186
144 252 270 310 981

232 364 448 421 vatoris
464 405 482 431 ,
508 361 783 418 secundum
814 357 1067 414 Joannem
1095 371 1245 409 mane
1269 370 1371 409 una
1398 352 1596 408 sabbati
1619 356 1765 408 audit

229 473 272 509 α
302 456 533 510 Domino
555 470 575 507 :
595 452 713 507 Noli
736 466 821 506 me
849 460 1100 518 tangere;
1128 445 1354 501 necdum
1379 444 1526 500 enim
1550 443 1768 499 ascendi

240 547 320 600 ad
361 546 593 599 Patrem.

150 635 257 693 γι.
310 635 584 701 Quomodo
630 630 942 686 custodiente
987 629 1206 682 militum
1255 626 1404 681 turba
1430 667 1447 692 ,
1503 624 1685 679 Petrus
1724 631 1772 678 et

232 726 482 780 Joannes
511 723 663 778 libere
684 721 898 793 ingressi
926 727 1045 774 sunt
1078 717 1391 787 sepulcrum,
1423 716 1567 769 nullo
1593 714 1772 784 prohi-

231 820 402 871 bente
433 814 718 869 custodum.

151 908 284 963 \‘ll.
338 905 611 974 Quomodo
642 901 920 956 Mattheus
941 898 1113 954 scribit
1140 906 1190 952 ct
1213 895 1445 959 Marcus,
1471 893 1610 962 quod
1628 909 1772 947 man-

231 1000 434 1052 datum
462 996 527 1050 sit
558 993 818 1059 Apostolis
845 1007 936 1061 per
972 988 1209 1042 mulieres
1234 996 1288 1041 ut
1319 985 1657 1055 prwcederent
1682 982 1773 1036 Je-

230 1106 367 1144 sum
395 1090 448 1141 in
477 1085 745 1141 Galilaeam
764 1122 782 1149 ,
813 1093 859 1136 et
886 1080 957 1135 ibi
981 1097 1094 1135 eum
1118 1080 1343 1133 viderent
1373 1092 1392 1130 :
1418 1074 1586 1128 Lucas
1605 1083 1771 1127 autem

232 1192 292 1236 et
341 1180 577 1233 Joannes
618 1176 673 1229 in
710 1174 1000 1229 Jerusalem
1047 1188 1161 1226 eum
1202 1169 1266 1223 ab
1313 1167 1571 1239 Apostolis
1612 1166 1774 1221 visum

231 1277 676 1327 commemorant.

151 1364 315 1418 \‘Ill.
359 1362 503 1428 Quid
523 1359 770 1431 significet
788 1355 925 1429 quod
947 1355 1002 1408 in
1030 1353 1357 1424 Ecangelista
1384 1349 1627 1405 Μαιώττο
1647 1348 1776 1403 scri-

234 1467 405 1525 ptum
448 1462 521 1507 est
555 1467 576 1505 :
611 1450 769 1506 Jesus
811 1458 990 1501 autem
1034 1446 1273 1518 clamans
1301 1442 1378 1515 (a)
1412 1457 1546 1496 Voce
1584 1454 1773 1509 magna

234 1546 439 1600 emisit
475 1542 721 1611 spiritum
750 1556 764 1591 :
797 1548 852 1594 et
885 1539 1061 1593 velum
1087 1536 1291 1603 Templi
1325 1534 1553 1589 scissum
1594 1540 1679 1586 est
1722 1533 1775 1584 in

235 1640 396 1694 duas
432 1646 631 1704 partes,
658 1648 690 1687 a
720 1645 931 1686 summo
956 1643 1123 1697 usque
1151 1628 1422 1686 deorsum,
1450 1634 1497 1677 et
1524 1624 1737 1692 reliqua.

159 1730 265 1786 IX.
317 1724 597 1795 Quomodo
640 1722 898 1783 Saluator,
937 1720 1221 1772 secundum
1261 1715 1515 1768 Joannem
1556 1714 1775 1783 insit/flat

238 1817 517 1889 Spiritum
558 1812 806 1868 Sanctum
844 1807 1100 1877 Apostolis
1123 1847 1139 1871 ,
1175 1815 1221 1859 et
1263 1805 1539 1858 secundum
1582 1801 1775 1855 Lucam

239 1918 365 1980 post
400 1908 477 1977 (ὁ)
512 1903 854 1961 ascensionem
884 1902 1156 1954 missurum
1179 1913 1234 1951 se
1258 1913 1365 1950 csse
1392 1896 1536 1949 dicit.

162 2004 237 2058 Χ.
286 2001 438 2068 Quid
467 1997 719 2068 signiﬁcet
743 1994 872 2047 illud
900 1991 1034 2062 quod
1068 1987 1339 2059 Apostolus
1370 1986 1566 2041 Paulus
1591 1984 1772 2053 dispu-

242 2101 322 2147 tat
344 2090 420 2143 ad
446 2088 705 2143 Romanos
724 2084 944 2136 scribens
969 2097 987 2134 :
1006 2079 1142 2146 Quid
1164 2094 1293 2148 ergo
1312 2078 1551 2131 dicemus
1574 2093 1589 2130 :
1613 2074 1775 2129 Num-

240 2181 381 2251 quid
430 2177 687 2245 iniquitas
725 2173 864 2242 apud
911 2170 1117 2225 Deum?
1160 2168 1347 2233 Absit,
1377 2183 1533 2231 usque
1560 2168 1627 2219 ad
1662 2181 1777 2218 eum

243 2274 428 2327 locum
467 2269 551 2322 ubi
589 2267 710 2319 ait:
739 2264 850 2318 Nisi
895 2262 1155 2316 Dominus
1194 2257 1430 2314 Sabaoth
1474 2257 1779 2326 reliquisset

243 2363 417 2417 nobis
440 2374 650 2423 semen,
681 2367 728 2410 et
755 2354 968 2424 reliqua.

165 2457 266 2513 XI.
314 2454 468 2521 Quid
505 2453 571 2507 sit
613 2448 747 2520 quod
789 2447 1064 2516 Apostolus
1102 2444 1274 2499 scribit
1304 2441 1372 2496 ad
1408 2439 1697 2496 Corinthios
1724 2438 1777 2492 in

244 2546 487 2602 secunda
527 2540 762 2609 Epistula
790 2538 965 2592 :Aliis
1004 2536 1137 2592 odor
1184 2533 1371 2589 mortis
1416 2532 1470 2586 in
1513 2541 1774 2596 mortem,

244 2649 304 2692 et
329 2637 461 2691 aliis
490 2633 625 2688 odor
657 2633 780 2685 vita:
806 2631 859 2684 in
888 2633 1071 2683 vitam.

172 2729 293 2786 XII.
341 2726 490 2791 Ouid
513 2727 576 2779 sit
599 2722 733 2792 quod
758 2724 1001 2786 scriptum
1027 2728 1099 2773 est
1128 2718 1182 2772 in
1208 2716 1443 2786 Epistola
1467 2713 1536 2767 ad
1565 2712 1781 2767 Thessa-

247 2822 543 2876 tonicenses
570 2819 736 2889 prima
754 2833 774 2871 :
805 2815 921 2885 Ipse
947 2824 1126 2868 autem
1154 2812 1295 2866 Deus
1318 2809 1465 2880 pacis
1484 2806 1780 2862 sanctilicet

248 2928 353 2969 vos
382 2927 484 2981 per
504 2910 704 2972 omnia,
735 2918 789 2961 et
815 2908 1017 2976 integer
1050 2904 1269 2972 spiritus
1295 2909 1492 2963 vester,
1519 2908 1570 2953 et
1597 2897 1778 2951 anima

248 3013 309 3058 et
347 3015 553 3069 corpus
592 3001 710 3054 sine
742 2998 991 3067 querela,
1018 2995 1072 3049 in
1101 2994 1332 3049 adventu
1360 2990 1570 3045 Domini
1609 2987 1778 3043 nostri

251 3095 392 3150 Jesu
424 3091 628 3147 Christi
655 3097 917 3143 servetur.

512 3200 811 3270 Expliciuut
836 3197 1070 3267 Capitula
1098 3195 1468 3263 Quaestionum.

509 3310 955 3369 IIIERONYMUS
992 3310 1083 3364 AD
1123 3306 1473 3364 IIEDIBIAM.

682 3441 749 3481 DE
785 3437 1176 3490 QUES‘I'IONIDUS
1213 3438 1309 3479 XII.

255 3566 438 3639 818
510 3559 900 3619 I’IIAEFATIO.
939 3589 1012 3600 —
1049 3554 1241 3629 Ignota
1270 3554 1451 3620 vultu,
1485 3551 1610 3608 ﬁdei
1650 3551 1781 3607 mihi

186 3662 391 3712 ardore
423 3655 699 3710 notissima
727 3668 807 3709 es.
840 3653 903 3706 Et
925 3651 993 3705 de
1016 3648 1278 3705 extremis
1306 3646 1492 3703 Gallia:
1517 3644 1709 3699 ﬁnibus
1730 3643 1785 3696 in

190 3745 608 3803 Bethleemitico
629 3758 751 3797 rure
773 3742 1092 3804 latitantem,
1115 3739 1181 3793 ad
1205 3736 1635 3807 respondendum
1659 3747 1787 3802 pro-

192 3856 385 3905 vocas,
406 3838 479 3892 de
497 3846 800 3890 sanctarum
822 3832 1221 3903 qumstiuncnlis
1243 3830 1664 3898 Scripturarum,
1690 3838 1787 3893 per

191 3930 477 3986 hominem
515 3928 644 3991 Dei,
688 3925 852 3977 ﬁlium
896 3938 1073 3976 meum
1113 3921 1489 3989 Apodemium,
1522 3917 1596 3985 (c)
1625 3918 1787 3970 Com-

191 4017 606 4076 monitoriolum
627 4014 892 4081 dirigens;
913 4012 1069 4081 quasi
1095 4025 1225 4064 vero
1251 4024 1354 4062 non
1383 4008 1601 4070 habeas,
1624 4005 1677 4057 in
1701 4012 1788 4057 tua

186 4102 741 4183 provincia‘disertos
773 4103 917 4156 viros
938 4142 954 4167 ,
983 4111 1041 4175 et
1072 4101 1125 4154 in
1164 4098 1306 4168 Lege
1344 4097 1436 4151 Dei
1480 4093 1743 4165 perfectos
1772 4109 1791 4147 :

188 4203 299 4258 nisi
336 4200 483 4254 forte
510 4196 932 4265 experimentum
970 4192 1138 4260 magis
1168 4189 1373 4255 nostri,
1402 4201 1563 4255 quam
1592 4185 1790 4239 doctri—

196 4310 321 4349 nam
356 4290 605 4360 ﬁagitas,
636 4297 688 4341 et
713 4286 794 4338 vis
819 4285 989 4347 scire,
1016 4280 1140 4352 quid
1181 4280 1250 4335 de
1288 4278 1369 4332 his
1407 4293 1527 4348 quae
1564 4277 1632 4331 ab
1672 4274 1793 4331 aliis

198 4386 439 4450 audisti,
470 4397 571 4438 nos
607 4392 820 4450 quoque
859 4374 1169 4430 sentiamus.
1205 4371 1430 4441 Majores
1457 4369 1531 4424 tui
1558 4368 1639 4440 (ά)
1680 4368 1784 4423 Pa-

201 4485 339 4545 tera,
377 4483 545 4546 atque
574 4467 907 4541 Delphidius,
939 4481 1165 4538 quorum
1203 4463 1341 4520 alter
1379 4472 1665 4533 antequam
1693 4475 1794 4532 ego

270 4647 335 4715 la)
373 4648 518 4715 Idem
541 4645 632 4696 Ms.
657 4645 747 4715 hoc
768 4636 964 4715 omisso.
988 4639 1241 4715 substituit
1255 4634 1792 4715 sequentemhl‘at‘tbfei

200 4698 382 4768 loc‘tu'n,
417 4729 441 4756 ι
461 4710 776 4759 Monumenta
791 4713 959 4766 aperta
974 4710 1105 4759 sunt,
1132 4708 1184 4750 et
1205 4698 1353 4768 multa
1374 4710 1575 4768 corpora
1597 4698 1796 4747 Sancto-

204 4784 309 4819 rum
332 4759 417 4844 (ᾖιὶ
443 4770 779 4826 dormieraut,
797 4759 1163 4839 surrexerunt,
1191 4767 1244 4809 et
1266 4759 1512 4831 exeuntes
1531 4759 1597 4844 de
1620 4772 1795 4833 monu-

207 4822 392 4882 mentis
416 4839 527 4895 post
545 4822 961 4895 resurrectionem
980 4826 1355 4895 ejus'venerunt
1374 4822 1424 4870 in
1445 4827 1659 4895 sanetam
1680 4822 1799 4870 civi-

210 4901 359 4941 tatem
386 4883 808 5000 cirapparuerunt
829 4883 1035 4937 multis)
1064 4883 1389 4946 Hieronymus
1409 4892 1573 4933 autem
1608 4888 1795 4931 utrum-

210 4966 307 5000 uue
336 4966 432 5000 exn
457 4968 533 5000 lca
560 4986 573 4998 .

243 4966 307 5000 ue
336 4956 573 5002 explicat.

207 4966 307 5014 que
336 4966 398 5002 ex
424 4966 573 5002 illcal.

277 5009 339 5077 [0)
381 4968 607 5063 Ibat-tina.
633 5016 737 5073 post
759 5007 1082 5077 ascensionem
1106 5004 1315 5076 Domini,
1336 5017 1480 5067 quam
1503 5011 1796 5068 postremam

210 5072 383 5125 Nucem
408 5072 685 5125 nostrorum
706 5072 922 5122 codicum
945 5083 1040 5132 Ope
1064 5072 1410 5132 expunximus.

299 5135 343 5246 t2
382 5134 603 5186 Veteres
622 5133 741 5182 editi
765 5130 1227 5182 Commen'tariolum.

351 5197 364 5246 l
393 5196 478 5246 Sic
498 5198 651 5245 habet
672 5194 1037 5242 Ambrosianum
1062 5204 1227 5246 exemp

211 5254 220 5264 ,
282 5184 364 5264 )
390 5184 478 5264 _S_ie
498 5184 651 5264 habet
672 5194 1037 5264 Ambrosianum
1062 5188 1328 5264 exemplar,
1353 5184 1799 5264 sicqueernendari

218 5248 370 5307 'volui't
390 5258 612 5308 Martian.
638 5269 700 5305 ex
725 5253 1030 5304 Cluniacensi
1067 5248 1264 5310 Patere,
1291 5264 1399 5298 cum
1424 5248 1599 5309 reliqui
1632 5260 1803 5310 omnes

224 5316 411 5386 φώρ-αθ
428 5332 574 5386 manu
593 5317 778 5386 exarati
794 5311 1221 5386 l_egaut_tj_ateri_us‘.
1236 5308 1397 5384 iiujus
1413 5308 1634 5380 meminit.
1656 5308 1803 5386 etiam

228 5376 277 5424 in
300 5378 531 5430 Chronico
564 5380 624 5429 ad
648 5378 822 5429 Christi
851 5371 917 5425 an
936 5375 1047 5424 558.
1071 5375 1159 5422 sed
1184 5374 1249 5422 ibi
1283 5385 1460 5420 nomen
1484 5371 1698 5431 aspirarit
1721 5382 1804 5417 ve-

224 5443 365 5489 teres
381 5444 677 5491 membranae
707 5436 879 5487 t’utlter
905 5436 1074 5486 Ithetor
1099 5443 1257 5485 Roma!
1279 5429 1623 5495 gloriosissime
1636 5429 1802 5495 docet,

230 5510 428 5567 econtra
445 5490 687 5567 Ausonius
700 5514 751 5567 tn
765 5502 1127 5567 commemorat.
1148 5490 1474 5567 Professorum
1494 5490 1807 5567 Bugdigatqtf

232 5558 353 5610 tium
375 5577 519 5613 carm.
544 5565 593 5613 4.
619 5569 671 5612 Et
694 5560 809 5612 inde
826 5559 955 5609 vobis
972 5556 1183 5613 nomina,
1335 5562 1536 5604 Pateraz.
1562 5552 1808 5606 Βεῐιυιώἰ

234 5630 581 5688 ξιξιιθηικίιιιφιῃ
603 5621 894 5688 acerrimum
913 5625 1163 5688 Oratorem
1177 5617 1311 5688 dicit,
1330 5617 1548 5667 meminit
1562 5613 1805 5666 Ammian.

236 5678 500 5737 Marcellin.
523 5686 609 5737 lib.
632 5681 805 5737 XVlli.
828 5696 935 5746 cap.
965 5682 1007 5732 1.
1042 5692 1192 5743 quem
1215 5678 1344 5731 vide.

1527 232 1861 288 LPISTOLA
1897 231 2060 289 CXX.

1877 370 2147 422 nascerer,
2175 354 2519 413 Rhetoncam
2560 357 2747 414 Romae
2819 361 2986 433 319
3056 361 3284 417 docuit:
3318 362 3461 420 alter

1873 463 1962 503 me
1982 448 2093 518 jam
2117 447 2519 504 adolescentulo
2541 464 2734 505 omnes
2753 449 2957 505 Gallias
2987 467 3141 520 prosa
3168 468 3461 524 versuque,

1872 554 1973 594 suo
2010 539 2298 595 illustravit
2335 541 2550 611 ingenio
2570 582 2587 607 ,
2614 540 2725 610 jam
2756 540 3170 597 dormientes'ct
3198 546 3341 599 taciti
3373 562 3465 600 me

1870 630 1991 699 jure
2018 630 2441 700 reprehendunt.
2471 631 2613 700 quod
2645 630 2870 686 audeam
2896 631 2962 685 ad
2990 634 3211 703 stirpem
3248 639 3465 701 generis

1874 723 1956 776 sui
1982 723 2257 793 quippiam
2283 725 2565 805 mussitare
2589 741 2603 778 :
2627 725 2753 779 licet
2778 727 3082 780 concedens
3105 726 3186 779 eis
3207 725 3465 794 eloqueno

1877 814 1963 868 tia:
1991 814 2440 885 magnitudinem,
2473 826 2527 870 et
2556 815 2856 869 doctrinam
2887 816 3222 870 saecularium
3253 816 3461 871 littera-

1874 919 1993 958 rum
2013 946 2029 968 ,
2063 905 2257 959 merito
2285 906 2597 960 subtraham
2629 908 2907 962 scientiam
2954 906 3111 977 Legis
3144 907 3272 973 Dei,
3301 922 3460 978 quam

1875 1010 2036 1051 nemo
2057 996 2302 1066 accipere
2328 1007 2537 1067 potest,
2578 998 2681 1052 nisi
2711 999 2759 1052 ei
2786 998 2907 1052 data
2938 999 3091 1052 luerit
3118 1014 3146 1051 a
3179 999 3337 1053 Patre
3376 978 3487 1053 Iu-i

1877 1085 2079 1140 minum
2115 1086 2317 1159 (Jacob.
2361 1086 2434 1159 Ι),
2466 1088 2555 1157 qui
2592 1086 2848 1141 illuminat
2876 1105 3072 1141 omnem
3099 1088 3352 1142 hominem
3380 1105 3465 1142 oe-

1876 1178 2093 1231 nientem
2134 1179 2188 1231 in
2231 1178 2367 1232 hunc
2404 1178 2648 1232 mundum
2691 1178 2880 1251 (Joan.
2912 1179 2986 1247 1).
3028 1189 3082 1233 et
3123 1188 3227 1232 stat
3256 1178 3463 1233 modius

1877 1269 2246 1336 credentium,
2287 1270 2379 1337 qui
2423 1270 2474 1323 in
2515 1273 2732 1325 nomine
2778 1270 2894 1339 ejus
2934 1270 3127 1324 iuerint
3153 1269 3462 1339 Congregati

1882 1352 2093 1429 (Matth.
2132 1359 2245 1427 I8).
2275 1359 2429 1415 Unde
2458 1360 2624 1415 libere
2659 1362 2910 1430 proliteor
2948 1362 3087 1427 (nec
3128 1360 3328 1414 dictum
3373 1377 3452 1416 su~

1880 1450 2043 1520 perbe
2071 1451 2415 1520 pertimesco)
2442 1466 2529 1505 me
2556 1452 2794 1505 scribere
2829 1451 2923 1504 tibi
2953 1467 3056 1504 non
3088 1450 3137 1503 in
3164 1451 3337 1505 dnctis
3366 1452 3466 1506 hu-
3521 1480 3533 1488 ι

1879 1556 2051 1593 manm
2078 1540 2355 1607 sapientiae
2380 1539 2577 1604 verbie,
2603 1555 2760 1609 quam
2796 1541 2934 1594 Deus
2954 1540 3325 1596 destructurus
3345 1551 3459 1607 est;

1879 1630 1970 1685 sed
2013 1630 2065 1683 in
2107 1630 2287 1684 verbis
2327 1629 2451 1683 ﬁdei
2477 1670 2492 1695 ,
2519 1630 2888 1698 spiritualilms
2922 1631 3216 1701 spiritualia
3244 1646 3462 1699 compa-

1877 1728 2083 1774 rantem
2122 1718 2197 1788 (Ι.
2240 1717 2360 1772 Cor.
2389 1718 2444 1771 2.
2490 1719 2584 1787 25)
2614 1736 2627 1771 :
2659 1730 2715 1772 ut
2759 1720 2987 1790 abyssus
3029 1720 3226 1774 veteris
3270 1721 3462 1774 Testa-

1878 1810 2042 1862 meuti
2066 1810 2277 1861 invocet
2299 1807 2551 1879 abyssum
2576 1808 2953 1877 Evangelicam
2981 1808 3098 1881 (Ps.
3121 1809 3232 1882 bl),
3257 1812 3307 1863 in
3331 1826 3462 1866 voce

1876 1908 2303 1963 Cataractarum,
2339 1899 2390 1953 id
2419 1909 2502 1954 est
2522 1939 2539 1965 ,
2570 1899 2955 1969 Prophetarum
2987 1910 3042 1955 et
3080 1903 3461 1969 Apostolorum

1877 2003 2119 2053 suorum,
2143 1997 2199 2042 et
2216 1989 2415 2043 veritas
2445 1989 2651 2043 Domini
2685 1990 2955 2059 perveniat
2983 2007 3150 2061 usque
3174 1991 3240 2046 ad
3271 1993 3461 2061 nubes,

1878 2080 2073 2149 quibus
2116 2079 2426 2133 mandatum
2467 2093 2585 2143 est,
2621 2095 2690 2135 ne
2720 2097 2884 2147 super
2928 2082 3258 2136 incredulum
3301 2081 3463 2138 Israel

1880 2170 2106 2225 imbrem
2138 2172 2417 2239 pluerent;
2446 2168 2541 2224 sed
2570 2180 2627 2223 ut
2655 2170 2891 2240 rigarent
2916 2186 3040 2225 arva
3067 2173 3345 2241 gentilium
3366 2213 3381 2237 ,
3411 2182 3467 2227 et

1883 2270 2175 2314 torrentem
2203 2261 2499 2328 spinarum,
2528 2273 2593 2314 ac
2623 2275 2771 2316 mare
2803 2271 3070 2315 mortuum
3099 2263 3461 2317 dulcorarent.

1881 2351 1984 2406 Ora
2006 2350 2184 2418 igitur,
2208 2359 2265 2405 ut
2288 2366 2447 2405 verus
2469 2351 2699 2406 Elismus
2721 2352 2934 2408 steriles
2961 2354 3012 2408 in
3040 2370 3125 2408 me
3146 2366 3202 2408 et
3227 2367 3466 2410 mortuas

1881 2455 2048 2510 aquas
2073 2440 2322 2507 viviﬁcet,
2352 2453 2406 2498 et
2429 2442 2810 2512 Apostolorum
2841 2445 2973 2509 sale,
3003 2445 3197 2513 quibus
3221 2445 3432 2501 dixerat

1892 2530 1994 2586 Vos
2030 2532 2150 2586 estis
2187 2533 2267 2586 sal
2294 2542 2442 2587 teme
2468 2532 2682 2605 (Matth.
2714 2534 2768 2589 5.
2801 2534 2917 2602 15),
2948 2550 3123 2589 meum
3153 2534 3222 2606 (c)
3248 2534 3467 2591 oluscu-

1884 2622 1992 2676 lum
2018 2622 2249 2689 condiat,
2280 2622 2404 2693 quia
2433 2638 2595 2679 omne
2619 2624 2940 2678 sacriﬁcium
2962 2624 3100 2694 quod
3129 2626 3332 2695 absque
3356 2626 3468 2681 sale

1882 2726 1997 2782 est,
2040 2716 2266 2771 Domino
2299 2734 2405 2771 non
2437 2716 2661 2772 oli'ertur
2687 2714 2874 2786 (Leuit.
2902 2717 2958 2773 2.
2989 2720 3100 2787 15).
3132 2718 3239 2773 Nec
3265 2718 3468 2787 fulgore

1883 2808 2158 2862 saecularis
2205 2808 2527 2876 eloquentia:
2570 2807 2890 2873 delecteris,
2935 2823 3093 2876 quam
3137 2807 3267 2860 vidit
3313 2807 3469 2863 lesus

1882 2900 2033 2968 quasi
2066 2899 2240 2968 fulgur
2263 2899 2545 2954 cadentem
2570 2898 2638 2953 de
2663 2899 2802 2953 caelo
2833 2897 2982 2967 (Luc.
3017 2898 3108 2965 10)
3134 2898 3263 2952 :sed
3294 2900 3470 2967 potius

1883 3007 2007 3046 eum
2039 2992 2247 3061 respice
2271 3031 2287 3055 ,
2320 2991 2409 3060 qui
2442 3006 2546 3043 non
2589 2989 2750 3044 habet
2774 2989 3024 3043 decorem
3055 3004 3155 3043 nec
3190 2989 3424 3056 Speciem
3454 3008 3468 3043 :

1885 3086 2047 3138 homo
2075 3084 2126 3137 in
2160 3083 2327 3152 plagis
2376 3082 2581 3150 positus
2613 3092 2669 3136 et
2708 3083 2884 3137 sciens
2924 3080 3066 3137 ferre
3105 3082 3469 3136 inlirmitatem

1886 3172 2039 3243 (Isai.
2063 3171 2155 3245 55)
2179 3190 2193 3237 ;
2217 3183 2272 3227 et
2294 3171 2547 3243 quidquid
2568 3171 2633 3225 ad
2662 3173 2930 3241 proposita
2957 3171 3306 3240 respondero,
3334 3172 3474 3226 scias

1886 3281 1974 3320 me
2005 3280 2109 3319 non
2140 3263 2465 3319 conﬁdentia
2507 3262 2851 3332 respondisse
2894 3264 3194 3327 sermonis;
3223 3263 3316 3316 sed
3357 3263 3475 3330 ejus

1886 3354 2012 3419 ﬁde,
2039 3356 2129 3425 qui
2172 3354 2436 3422 pollicitus
2470 3362 2554 3410 est
2581 3352 2773 3423 :Aperi
2794 3368 2854 3407 os
2880 3361 3042 3419 tuutn,
3070 3362 3117 3406 ot
3142 3368 3233 3424 ego
3257 3353 3475 3423 implebo

1886 3446 2019 3502 illud
2044 3445 2162 3516 (Ps.
2194 3445 2282 3501 80.
2315 3446 2430 3513 II).

1956 3538 2186 3595 CAPUT
2213 3536 2899 3608 l’RlMUM.—Interrogas,
2923 3534 3191 3607 quomodo
3210 3536 3479 3606 perfectus

1886 3645 2009 3687 esse
2046 3628 2167 3700 quis
2216 3630 2382 3698 possit
2408 3669 2422 3690 ,
2449 3637 2505 3683 et
2531 3627 2801 3697 quomodo
2838 3628 3021 3682 vivere
3046 3625 3243 3681 debeat
3277 3625 3434 3679 vidua
3459 3664 3476 3691 ,

1888 3736 2005 3791 qua:
2033 3720 2147 3778 sine
2169 3721 2355 3774 liberis
2375 3719 2632 3775 derelicta
2662 3728 2764 3772 est.
2800 3717 2911 3771 Hoc
2942 3717 3081 3770 idem
3109 3716 3160 3768 in
3192 3715 3481 3783 Evangelia

1888 3810 2048 3879 Legis
2072 3811 2268 3864 Doctor
2295 3810 2589 3877 interrogat
2619 3825 2632 3861 :
2667 3807 2933 3872 Magister,
2961 3804 3086 3872 quid
3108 3805 3301 3873 faciens
3327 3806 3479 3857 vitam

1890 3911 2129 3954 aucrnam
2149 3898 2412 3967 possidebo
2431 3899 2456 3949 ?
2476 3897 2572 3950 Cui
2601 3894 2878 3962 respondit
2905 3892 3161 3944 Dominus
3186 3907 3204 3943 :
3234 3891 3483 3944 Mandata

1892 3990 2065 4044 nosti?
2090 3988 2227 4042 Dicit
2252 3988 2362 4053 ille,
2388 3986 2554 4052 Ωιιιεῖ
2578 3984 2734 4039 Jesus
2756 3992 2937 4037 autem
2967 3981 3104 4036 dixit
3128 3998 3143 4036 :
3172 3980 3293 4035 Non
3321 3982 3487 4035 homi-

1893 4082 2081 4136 cidium
2104 4080 2281 4152 facies,
2312 4094 2414 4133 non
2440 4076 2767 4141 adulterium,
2801 4091 2903 4129 non
2926 4075 3141 4145 furtum,
3164 4088 3267 4128 non
3294 4074 3484 4145 falsum

1894 4175 2033 4227 dices
2054 4171 2392 4225 testimonium
2418 4186 2437 4224 :
2463 4168 2659 4222 honora
2683 4176 2881 4237 patrem
2905 4175 2953 4220 et
2973 4176 3205 4231 matrem,
3233 4175 3282 4218 et
3303 4162 3485 4234 diliges

1897 4265 2187 4337 proximum
2257 4263 2423 4335 820
2496 4271 2639 4315 tuum
2656 4262 2781 4314 sicut
2803 4258 3118 4331 teipsum.Et
3138 4257 3481 4314 illodieente:

1901 4357 2028 4411 Hoc
2052 4356 2221 4409 omnia
2246 4356 2366 4427 feci,
2390 4352 2649 4408 Dominus
2677 4352 2854 4407 intulit
2881 4370 2895 4407 :
2925 4350 3095 4407 Unum
3124 4350 3210 4405 tibi
3240 4350 3398 4404 deest.
3423 4347 3487 4405 Si

1889 4449 1971 4503 vis
1995 4464 2102 4502 esse
2140 4446 2389 4517 perfectus
2407 4485 2423 4511 ,
2450 4444 2577 4500 uade
2594 4484 2610 4507 ,
2637 4452 2684 4497 et
2710 4444 2865 4498 vende
2893 4444 3063 4497 omnia
3088 4456 3202 4513 quia
3225 4439 3407 4505 habes,
3439 4448 3488 4494 et

1899 4540 1966 4593 da
2005 4539 2308 4610 pauperibus
2333 4555 2352 4591 :
2377 4547 2424 4591 et
2449 4536 2561 4591 veni
2593 4551 2799 4607 sequere
2825 4533 3133 4606 me(blatth.
3164 4531 3252 4586 i9.
3285 4548 3335 4585 υ.
3369 4530 3489 4585 16.-

1898 4629 2010 4704 21).
2041 4630 2223 4701 Itaque
2246 4639 2300 4685 et
2320 4643 2422 4700 ego
2449 4628 2541 4683 tibi
2575 4626 2784 4682 Domini
2816 4623 2984 4679 nostri
3012 4620 3349 4690 respondebo
3374 4634 3491 4675 ser-

1902 4721 2148 4778 monibus
2188 4739 2203 4775 :
2248 4720 2305 4776 Si
2342 4720 2423 4775 vis
2468 4733 2589 4774 esse
2632 4716 2900 4788 perfecta,
2942 4721 2997 4767 et
3039 4711 3232 4766 tollere
3274 4725 3488 4765 crucem

1903 4824 2079 4882 tuam,
2112 4821 2168 4867 ct
2196 4813 2347 4882 sequi
2378 4811 2660 4866 Dominum
2700 4807 3065 4869 Salvatorem,
3092 4811 3149 4855 et
3172 4803 3365 4855 imitari
3396 4802 3491 4855 Pc«

1903 4917 2041 4963 trum
2071 4907 2336 4961 dicentem
2367 4902 2544 4957 :‘Ecce
2575 4916 2667 4953 nos
2706 4898 2990 4951 dimisimus
3027 4894 3198 4948 omnia
3219 4933 3234 4957 ,
3265 4902 3311 4948 et
3338 4895 3493 4947 διαιιὶ

1903 5015 2078 5054 sumus
2104 5007 2151 5050 te
2182 4994 2371 5064 (Marc.
2405 4992 2493 5046 lO.
2524 4990 2615 5057 28)
2639 5005 2655 5054 ;
2683 4988 2817 5042 vade
2861 4997 2915 5041 et
2955 4984 3128 5039 vende
3163 4984 3342 5036 omnia
3371 4998 3493 5051 qua:

1906 5089 2091 5152 habes,
2113 5094 2168 5141 et
2195 5084 2262 5138 da
2293 5081 2632 5152 pauperibus,
2662 5088 2715 5132 ct
2740 5092 2966 5146 sequere
2992 5075 3348 5131 Salvatorem.
3374 5073 3490 5128 Non

1907 5178 2074 5240 dixit,
2106 5176 2173 5229 da
2225 5174 2384 5237 ﬁliis,
2424 5172 2490 5225 da
2537 5170 2821 5231 fratribus,
2863 5167 2930 5221 da
2973 5166 3324 5237 propinquis,
3359 5179 3494 5234 quos

1909 5268 2116 5321 etiamsi
2145 5262 2389 5323 haberes,
2420 5260 2542 5329 jure
2569 5259 2654 5313 his
2680 5256 2938 5311 Dominus
2966 5254 3310 5325 prailerretur
3337 5270 3351 5306 :
3378 5253 3493 5319 sed,

1911 5365 1978 5417 da
2027 5361 2334 5432 pauperibus
2362 5373 2381 5412 :
2413 5358 2521 5411 imo
2560 5357 2627 5410 da
2671 5354 2917 5418 Christo,
2946 5353 3036 5423 qui
3081 5352 3134 5405 in
3177 5349 3497 5420 pauperibus

1917 5455 2149 5528 pascitur
2185 5470 2199 5506 :
2229 5451 2320 5521 qui
2345 5464 2468 5505 cum
2498 5448 2648 5504 dives
2676 5455 2851 5512 esset,
2886 5460 2981 5515 pro
3012 5444 3167 5501 nobis
3191 5458 3392 5517 pauper
3417 5440 3495 5497 la-

1986 5669 2047 5735 (cl
2088 5668 2427 5723 V’etustissima
2451 5667 2616 5730 editio,
2642 5679 2798 5719 meum
2821 5663 3174 5721 numusculum.
