4026 6186
158 251 270 309 985

160 363 262 419 sed
290 377 363 420 ex
393 360 696 432 aequalitate
720 370 814 413 eos
835 362 997 423 amet,
1026 363 1077 410 et
1106 351 1181 426 (α)
1210 360 1270 406 ιιι
1305 349 1610 405 meminerit
1638 350 1750 419 pri-

162 471 321 509 tnnm
368 455 563 509 animae
601 465 747 515 suae,
783 458 837 503 et
866 448 1032 517 ipsam
1079 454 1229 515 putet
1263 456 1385 498 esse
1412 441 1481 495 de
1507 439 1632 494 filiis
1655 478 1671 503 ,
1698 447 1754 493 et

163 547 441 614 partiatur
464 543 638 614 potius
664 555 783 595 cum
816 537 1025 603 liberis,
1053 549 1215 606 quam
1240 532 1420 587 omnia
1449 529 1755 584 liliisdere-

167 638 428 705 linquat;
461 636 566 688 imo
590 622 863 686 Christum
896 628 1189 683 liberorum
1229 638 1447 680 suorum
1479 621 1636 675 faciat
1662 634 1757 674 cc-

164 727 472 782 lncredem.
499 720 869 793 Respondebis
888 761 904 784 ,
932 717 1153 772 diflicile
1181 723 1298 780 est,
1330 713 1523 768 durum
1555 718 1672 773 est,
1702 717 1758 762 et

162 827 359 873 contra
407 825 670 871 naturam.
714 813 822 869 Sed
856 811 1137 866 Dominum
1168 806 1355 862 audies
1393 804 1486 858 tibi
1529 817 1756 872 respon-

162 909 392 964 dentem
425 927 440 962 :
471 907 571 973 Qui
611 914 770 977 potest
799 918 979 973 capere
1001 942 1017 965 ,
1059 900 1227 969 capiat
1256 897 1466 969 (Matth.
1510 892 1597 949 19.
1639 892 1754 961 12).

166 1001 235 1054 Et
261 1001 310 1054 si
344 1000 428 1054 vis
456 1013 578 1052 esse
608 995 844 1064 perfecta
870 1037 883 1057 ,
916 1008 1024 1048 non
1055 991 1150 1046 tibi
1186 990 1373 1058 jugum
1419 982 1757 1041 necessitatis

163 1092 443 1161 imponit,
484 1089 577 1145 sed
619 1087 868 1160 potestati
910 1093 1014 1139 tua:
1054 1083 1281 1136 libermn
1321 1075 1569 1131 concedit
1609 1072 1757 1128 arbi-

162 1182 358 1236 trium.
411 1181 502 1235 Vis
540 1194 662 1235 esse
692 1177 926 1248 perlecta
947 1216 962 1240 ,
994 1182 1047 1228 et
1085 1173 1136 1225 in
1177 1171 1349 1240 primo
1378 1176 1520 1221 stare
1549 1162 1759 1233 fastigio

158 1272 479 1343 dignitatis,
512 1272 595 1324 lac
621 1268 764 1338 quod
793 1266 1037 1322 iecerunt
1066 1261 1329 1332 Apostoli,
1361 1258 1531 1311 vende
1556 1254 1756 1319 omnia,

156 1377 288 1432 quae
319 1361 516 1424 babes,
537 1369 593 1415 et
613 1359 677 1414 da
712 1355 1054 1428 pauperibus,
1076 1363 1130 1407 et
1153 1364 1378 1421 sequere
1401 1347 1757 1411 Salvatorem,

159 1455 237 1524 (b)
272 1453 507 1517 nudam,
538 1451 817 1518 solamque
846 1460 1083 1511 crucem,
1112 1442 1251 1497 nuda
1279 1442 1523 1509 sequaris
1546 1448 1600 1492 et
1623 1434 1757 1490 sola.

162 1543 285 1599 Non
322 1542 409 1597 vis
441 1556 563 1597 esse
596 1538 853 1609 perfecta,
877 1535 974 1591 sed
998 1532 1293 1590 secundum
1325 1532 1407 1585 vis
1436 1541 1617 1603 tenere
1643 1540 1762 1597 gra-

163 1634 296 1687 dum
326 1632 553 1685 virtutis
572 1671 588 1695 ,
618 1629 830 1684 dimitte
863 1627 1041 1680 omnia
1071 1636 1421 1694 quaecumque
1461 1619 1625 1672 habes
1650 1658 1664 1679 ,
1695 1615 1761 1669 da

167 1727 330 1791 filiis,
362 1724 437 1778 da
468 1721 801 1792 prepinquis.
874 1718 1037 1790 823
1110 1715 1280 1770 Nemo
1311 1723 1363 1767 te
1395 1707 1757 1779 reprehendit,

159 1821 205 1874 si
252 1817 522 1874 inferiora
568 1815 791 1870 secteris
813 1853 829 1877 ,
858 1810 1154 1866 dummodo
1182 1809 1326 1862 illam
1354 1807 1494 1861 scias
1519 1802 1612 1857 tibi
1637 1801 1758 1869 jure

164 1910 478 1980 prmlatam,
506 1921 624 1977 qua:
647 1903 870 1974 elegerit
911 1902 1104 1970 prima.
1134 1899 1309 1961 Dices,
1341 1897 1443 1951 hoc
1472 1891 1760 1964 Apostolo-

160 2016 283 2056 rum
312 2008 402 2055 est
419 2039 444 2062 ,
472 2006 529 2053 et
553 1997 789 2050 virorum
821 2010 836 2046 :
865 1992 1143 2047 mulierem
1171 1996 1354 2043 autem
1390 1983 1627 2040 nobilem
1654 1996 1761 2035 non

163 2106 329 2164 posse
356 2089 550 2146 omnia
576 2084 844 2149 vendere,
874 2097 994 2153 quae
1028 2079 1211 2135 multis
1239 2074 1570 2147 adiumentis
1600 2071 1762 2140 hujus

163 2185 292 2238 vita:
316 2180 587 2247 indigeat.
612 2175 750 2230 Audi
775 2173 934 2244 igitur
952 2170 1266 2240 Apostolnm
1291 2171 1720 2222 commonentem
1746 2178 1760 2213 :

166 2274 295 2329 Non
316 2281 376 2327 ut
397 2271 524 2325 aliis
549 2267 890 2338 refrigerium,
914 2264 1053 2318 vobis
1076 2270 1245 2315 autem
1271 2257 1527 2313 tribulatio
1554 2271 1574 2310 :
1595 2255 1683 2309 sed
1703 2268 1767 2307 ea:

162 2364 493 2434 (equalitate,
507 2370 670 2415 ucstra
689 2352 1238 2417 abundantia,illorum
1257 2357 1496 2404 sustentet
1517 2344 1767 2415 inapiam;

165 2467 223 2510 ut
250 2463 296 2508 et
326 2454 548 2508 illorum
575 2446 887 2502 abundantia
926 2453 1104 2498 oestrte
1130 2442 1318 2510 inopia:
1349 2440 1412 2494 sit
1447 2438 1769 2508 supplemen-

169 2560 278 2600 tum
309 2544 389 2615 (2.
422 2542 554 2596 Cor.
577 2541 633 2596 8.
660 2536 768 2611 14).
799 2536 952 2593 Unde
981 2534 1152 2603 inquit
1176 2532 1467 2586 Dominus:
1496 2529 1594 2593 Qui
1620 2528 1767 2580 habet

168 2644 299 2695 duas
339 2638 589 2700 tunicas,
630 2633 714 2687 det
752 2632 967 2686 alteram
1004 2644 1106 2681 non
1146 2624 1348 2679 [tabenti
1376 2620 1538 2692 (Luc.
1569 2622 1624 2675 5.
1658 2620 1763 2689 ll).

168 2732 306 2801 Quid
349 2732 396 2786 si
448 2726 683 2798 Scythia:
710 2723 909 2794 frigora
945 2720 1085 2781 sint,
1114 2727 1172 2772 et
1198 2716 1402 2785 Alpinae
1433 2714 1582 2768 nives
1606 2752 1621 2774 ,
1650 2725 1769 2780 qua:

171 2841 278 2879 non
310 2821 554 2882 duabus,
581 2826 640 2873 et
670 2815 843 2870 tribus
868 2811 1090 2878 tunicis,
1120 2807 1215 2864 sed
1242 2808 1331 2862 vix
1364 2803 1624 2876 pecudum
1657 2801 1768 2871 pel-

174 2919 318 2970 libus
347 2908 736 2982 repclluntur?
761 2902 1028 2974 Quidquid
1051 2915 1180 2971 ergo
1204 2898 1418 2968 corpori
1444 2904 1630 2951 nostro
1653 2892 1766 2947 suf-

179 3008 343 3062 lieere
393 3011 613 3074 potest,
640 3009 695 3055 et
724 2998 973 3053 humanae
1017 3005 1336 3047 succurrere
1379 2987 1767 3053 imbecillitati,

180 3115 318 3170 quos
346 3096 529 3153 nudos
558 3100 747 3147 natura
788 3086 1053 3158 profudit,
1085 3084 1187 3138 hoc
1212 3097 1314 3136 una
1344 3078 1661 3150 appellanda
1688 3084 1773 3131 est

183 3193 368 3246 tunica
394 3204 412 3254 ;
442 3195 500 3240 et
525 3180 785 3253 quidquid
819 3181 873 3233 in
906 3175 1256 3247 praesentibus
1282 3172 1551 3226 alimentis
1583 3183 1770 3223 neces-

179 3284 392 3338 sarium
424 3286 549 3341 est,
581 3275 684 3327 hoc
712 3271 872 3326 unius
908 3268 1013 3322 dici
1056 3266 1229 3319 victus
1271 3262 1587 3331 appellatur.
1617 3258 1772 3315 Unde

184 3380 521 3444 prmceptum
553 3377 636 3421 est
668 3382 681 3418 :
717 3362 837 3417 Non
876 3361 1102 3432 cogitetis
1126 3358 1191 3411 de
1223 3357 1443 3411 crastino
1474 3353 1684 3424 (Matth.
1715 3350 1771 3406 ϐ.

184 3442 305 3529 Si),
341 3461 446 3516 hoc
473 3465 558 3513 est
585 3456 653 3511 de
695 3454 872 3509 futuro
901 3461 1162 3521 tempore.
1201 3448 1269 3502 Et
1299 3446 1587 3516 Apostolus
1607 3485 1622 3509 ,
1659 3442 1772 3497 Ha-

186 3556 357 3610 bentes
377 3594 393 3617 ,
424 3549 636 3619 inquit,
663 3546 843 3601 victum
860 3585 875 3610 ,
907 3551 954 3598 et
979 3541 1241 3604 vestitum,
1270 3538 1349 3592 his
1377 3536 1594 3591 contenti
1620 3535 1776 3588 simus

193 3650 270 3716 (l.
310 3616 452 3700 Tim.
569 3638 644 3711 8).
683 3638 739 3695 Si
779 3636 902 3708 plus
932 3633 1136 3698 babes,
1164 3645 1325 3701 quam
1357 3628 1449 3683 tibi
1477 3616 1543 3681 ad
1577 3627 1774 3680 victum

192 3739 558 3806 vestitumque
601 3729 963 3787 necessarium
1006 3734 1108 3792 est,
1145 3723 1275 3778 illud
1305 3736 1487 3791 eroga,
1519 3729 1572 3775 et
1601 3721 1652 3773 in
1684 3719 1777 3773 illo

191 3830 512 3884 debitricem
535 3839 654 3879 esse
676 3831 725 3877 te
748 3821 980 3875 noveris.
1011 3817 1245 3872 Ananias
1269 3825 1322 3870 et
1344 3812 1607 3881 Sappltira
1636 3812 1778 3878 Apo-

192 3921 318 3975 stnli
349 3930 603 3974 meruere
641 3912 962 3969 sententiam
983 3949 999 3973 ,
1032 3908 1152 3976 quia
1183 3921 1278 3960 sua
1311 3904 1494 3956 timide
1534 3915 1777 3955 reserva-

195 4020 320 4068 runt
343 4009 484 4083 (Act.
518 4003 596 4075 5).
641 4004 884 4072 Ergone,
933 4000 1173 4066 inquies,
1217 3991 1515 4063 puniendus
1543 3999 1659 4052 est,
1688 3988 1780 4056 qui

193 4117 294 4157 sua
338 4078 449 4154 non
498 4094 747 4149 dederit?
791 4088 1029 4144 Minime.
1075 4085 1218 4139 Ideo.
1250 4083 1419 4152 puniti
1466 4088 1619 4142 sunt,
1659 4078 1782 4147 quia

196 4189 418 4246 mentiri
447 4186 735 4242 voluerunt
761 4178 981 4251 Spiritui
1005 4176 1224 4241 Sancto,
1249 4182 1303 4229 et
1328 4180 1664 4227 reservantes
1689 4184 1785 4222 ne-

197 4282 435 4338 cessaria
462 4276 626 4332 victui
658 4289 776 4337 suo,
805 4271 955 4342 quasi
985 4266 1220 4339 perfecte
1245 4263 1442 4320 saeculo
1478 4261 1786 4316 renuntian-

202 4382 303 4434 tes,
335 4383 532 4424 vanam
561 4364 787 4435 gloriam
818 4359 1179 4414 sectabantur.
1222 4353 1434 4422 Alioqui
1466 4351 1592 4405 licet
1620 4349 1788 4404 libere

203 4464 285 4516 vel
310 4461 465 4523 dare,
490 4457 576 4512 vel
605 4471 710 4509 non
735 4453 884 4507 dare.
910 4451 1225 4518 Quanquam
1252 4448 1319 4510 ei,
1351 4444 1439 4513 qui
1467 4442 1643 4511 cupiat
1669 4455 1789 4494 esse

207 4552 501 4621 perfectus,
534 4558 770 4617 prtesens
796 4549 1079 4612 paupertas
1108 4537 1298 4591 futuris
1318 4534 1517 4589 divitiis
1537 4546 1792 4600 compen-

210 4641 372 4697 sanda
394 4642 486 4696 sit.
510 4634 792 4706 Quomodo
816 4642 995 4687 autem
1024 4629 1177 4684 vidua
1204 4629 1383 4681 vivere
1406 4624 1616 4686 debeat,
1644 4622 1790 4676 brevi

211 4748 460 4789 sermone
504 4725 913 4799 comprehendit
954 4722 1274 4793 Apostolus,
1315 4719 1542 4773 dicens:
1586 4715 1785 4780 Vidua,

212 4840 324 4895 qua:
350 4826 404 4878 in
431 4822 626 4877 deliciis
649 4828 742 4884 est,
765 4819 931 4872 vivens
958 4825 1155 4868 mortua
1182 4822 1253 4866 est
1279 4811 1353 4879 (l.
1380 4809 1515 4863 Tim.
1542 4808 1595 4864 5.
1620 4807 1672 4877 6)
1698 4821 1713 4871 ;
1739 4814 1795 4861 et

217 4929 315 4966 nos
344 4914 397 4966 in
422 4913 631 4967 duobus
654 4909 847 4965 libellis
877 4905 978 4980 (1),
1005 4918 1141 4975 quos
1169 4903 1235 4957 ad
1267 4902 1480 4956 Furiam
1498 4941 1514 4966 ,
1541 4909 1595 4953 et
1620 4898 1795 4954 Salvi-

222 5020 345 5058 nam
373 5004 704 5073 scripsimus,
734 5001 946 5073 plenius
972 4998 1175 5053 dictum
1208 5004 1473 5065 putamus.

292 5093 447 5150 CAP.
480 5093 541 5148 ll.
568 5122 640 5134 -—
665 5090 944 5160 Quomodo
969 5086 1337 5157 accipiendum
1365 5085 1433 5138 sit
1460 5081 1587 5137 illud
1613 5082 1798 5136 Salva-

227 5183 357 5237 toris
383 5184 521 5253 apud
551 5183 850 5237 Mattltteum
882 5200 896 5236 :
926 5180 1056 5234 Dico
1091 5188 1257 5232 autent
1281 5174 1416 5230 vobis
1440 5190 1459 5229 :
1486 5172 1608 5226 Non
1636 5171 1799 5226 bibam

228 5277 406 5330 amodo
432 5278 496 5330 de
520 5278 615 5331 hoc
651 5276 900 5348 genintine
920 5274 1052 5339 uilis,
1082 5287 1239 5341 usque
1257 5271 1309 5324 in
1337 5269 1470 5322 diem
1497 5264 1677 5330 illum,
1704 5279 1802 5334 quo

233 5464 264 5512 ἀ
298 5400 362 5470 la)
397 5406 641 5458 Victorius
661 5406 792 5478 addit
814 5418 881 5454 ex
894 5404 1141 5454 Brixianis
1164 5402 1412 5475 codicibus
1432 5411 1511 5450 eos
1533 5401 1676 5456 amet,
1694 5405 1805 5457 qua:

266 5478 327 5513 uo
348 5468 495 5517 verba
518 5482 615 5517 nec
630 5477 785 5517 nostri
809 5467 908 5517 Mss
951 5467 1149 5517 habent.
1172 5477 1265 5513 nec
1284 5463 1367 5512 aln
1390 5461 1528 5511 editi.
1745 5515 1753 5517 ᾗ

300 5461 327 5513 ὸ
348 5461 495 5517 verba
518 5482 615 5519 nec
630 5469 785 5517 nostri
809 5467 908 5517 Mss
951 5467 1149 5521 habent,
1172 5477 1265 5513 nec
1284 5463 1367 5512 alii
1390 5461 1528 5511 editi.

300 5523 363 5591 (bl
401 5530 556 5591 Antea
579 5535 688 5580 erat
705 5562 721 5586 ν
757 5534 802 5578 et
824 5527 1039 5577 nudam;
1065 5533 1169 5577 tum
1192 5525 1539 5577 Ambrosianus
1561 5518 1688 5569 liber
1709 5515 1806 5568 vir-

236 5590 378 5635 tutem
400 5590 548 5641 habet
571 5604 659 5641 ιιι-ο
680 5601 889 5639 crucem.

300 5647 362 5710 ιιι
400 5647 627 5713 Epistulae
652 5651 751 5701 LIV
779 5659 830 5701 ct
854 5647 1058 5699 LXXIX.

1547 236 1870 295 EPISTOLA
1911 234 2073 293 CXX.

3324 239 3431 298 980

1857 346 2020 401 bibant
2043 344 2173 400 illud
2191 361 2373 400 nouum
2394 346 2711 401 uobiscumin
2729 361 2883 417 regno
2908 346 3079 402 Patris
3103 350 3199 401 mei
3217 349 3428 423 (Matth.

1855 438 1946 492 26.
1966 436 2078 508 29).
2108 437 2184 493 Ex
2215 436 2317 492 hoc
2344 436 2465 492 loco
2491 436 2708 507 quidam
2736 438 2881 493 mille
2907 453 3167 494 annorum
3197 439 3427 496 fabulam

1858 538 2091 594 Struunt,
2121 528 2176 582 in
2202 529 2395 598 quibus
2418 527 2687 584 Christum
2717 537 3058 599 regnaturum
3083 533 3432 601 corporaliter

1858 634 1981 673 esse
2021 617 2380 685 contendunt,
2411 628 2465 673 et
2500 618 2790 673 bibitnrum
2817 619 2997 673 vinum
3022 660 3038 685 ,
3069 620 3209 689 quod
3245 636 3311 676 ex
3340 622 3431 678 illo

1862 717 2100 776 tempore
2169 706 2337 779 824
2407 723 2576 776 usque
2603 707 2669 762 ad
2699 710 3212 764 consummationem
3249 713 3432 770 mundi

1860 811 1966 850 non
1997 796 2207 850 biberit.
2241 796 2350 851 Nos
2374 806 2553 851 autem
2582 796 2860 852 audiamus
2900 814 3110 866 panem,
3138 815 3293 868 quem
3322 799 3431 855 fre-

1858 887 1936 955 git
1967 886 2250 950 Dominus,
2284 886 2536 957 deditque
2574 887 2849 955 discipulis
2881 890 3026 955 suis,
3068 905 3188 944 esse
3229 890 3434 959 Corpus

1861 976 2069 1030 Domini
2111 976 2402 1031 Salvatoris
2420 1016 2435 1040 ,
2465 979 2583 1045 ipso
2607 978 2820 1032 dicente
2845 979 2911 1032 ad
2938 995 3031 1035 eos
3050 1020 3067 1045 ,
3097 980 3323 1049 Accipite
3344 1021 3359 1045 ,
3389 992 3433 1036 et

1859 1068 2119 1135 comedite,
2144 1068 2237 1122 hoc
2256 1078 2328 1122 est
2348 1066 2543 1139 Corpus
2562 1085 2728 1125 meum
2755 1085 2773 1123 :
2796 1080 2851 1125 et
2873 1071 3093 1127 calicem
3119 1072 3267 1126 illum
3291 1087 3432 1138 esse,

1861 1158 1931 1214 de
1959 1174 2067 1226 quo
2106 1160 2298 1214 itermn
2338 1159 2545 1215 locutus
2568 1170 2652 1215 est
2678 1179 2693 1216 :
2721 1159 2885 1215 Bibitc
2912 1178 2977 1216 ea:
2999 1163 3094 1216 hoc
3121 1179 3290 1216 omnes
3311 1180 3330 1216 :
3356 1164 3435 1216 hic

1861 1260 1935 1306 est
1962 1251 2095 1305 enim
2131 1250 2355 1321 Sanguis
2382 1267 2520 1305 meus
2547 1254 2662 1306 novi
2690 1250 3009 1314 Tcstamenti,
3031 1254 3116 1318 qui
3151 1270 3244 1322 pro
3269 1255 3437 1307 multis

1862 1342 2148 1409 elfundetur
2179 1343 2388 1415 (Matth.
2434 1344 2524 1398 26.
2574 1343 2665 1399 26.
2713 1344 2804 1399 27.
2848 1344 2953 1410 Ωὸς
3001 1343 3165 1400 Marc.
3217 1347 3301 1401 14.
3341 1344 3434 1401 22.

1862 1434 1979 1504 24),
2008 1445 2111 1490 etc.
2145 1436 2247 1490 Iste
2275 1446 2356 1490 est
2385 1436 2523 1490 calix
2551 1436 2617 1490 de
2652 1452 2758 1503 qtto
2798 1438 2848 1489 in
2880 1436 3138 1504 Pr0plteta
3167 1436 3388 1503 legimus
3420 1454 3434 1489 :

1866 1524 2083 1580 Culicem
2111 1527 2350 1581 salutaris
2373 1528 2616 1593 accipiam
2641 1526 2758 1597 (Ps.
2793 1528 2916 1582 115.
2948 1528 3023 1596 ι).
3056 1527 3117 1582 Et
3148 1526 3271 1581 alibi
3300 1545 3313 1581 :
3342 1526 3429 1579 Ca-
3462 1524 3469 1529 ’
3512 1564 3531 1572 ς

1867 1620 1940 1673 lia:
1967 1617 2038 1690 (c)
2066 1630 2182 1672 tuus
2217 1619 2469 1672 inebrians
2502 1635 2651 1687 quant
2691 1619 2969 1686 praclarus
2993 1630 3063 1672 est
3093 1617 3209 1688 (Ps.
3238 1617 3329 1672 29..
3358 1616 3433 1687 5).

1865 1710 1919 1764 Si
1946 1725 2074 1778 ergo
2100 1711 2267 1778 panis,
2297 1711 2384 1778 qui
2410 1710 2481 1763 dc
2503 1711 2641 1765 caelo
2666 1709 2966 1773 descendit,
2997 1714 3202 1779 Corpus
3227 1720 3308 1765 est
3337 1710 3432 1763 D'o~

1868 1802 2032 1867 mini;
2062 1809 2116 1856 et
2144 1802 2325 1855 vinum
2352 1801 2493 1869 quod
2527 1802 2976 1867 discipulisaiedit
3000 1843 3016 1865 ,
3046 1801 3271 1871 Sanguis
3301 1802 3440 1853 illius

1866 1901 1949 1947 est
1971 1892 2090 1945 novi
2110 1890 2439 1946 Testamenti
2467 1891 2556 1960 qui
2594 1905 2692 1960 pro
2728 1892 2907 1945 multis
2938 1892 3138 1945 clTusus
3162 1902 3241 1945 est
3270 1891 3321 1943 itt
3352 1906 3439 1945 re-

1868 1983 2176 2037 missionem
2206 1992 2564 2050 peccatorum,
2590 1980 2839 2036 Judaicas
2863 1982 3066 2036 rabulas
3095 1981 3438 2051 repellamus,

1864 2084 1921 2129 et
1954 2074 2304 2129 ascenda’mus
2344 2087 2463 2126 cum
2509 2072 2734 2126 Domino
2776 2074 3107 2127 cmuacuhnm
3153 2088 3439 2142 magnum,

1867 2175 2115 2229 stratum,
2145 2174 2303 2233 atque
2335 2163 2666 2226 mandatum,
2695 2172 2744 2217 et
2776 2164 3096 2232 accipiamus
3121 2164 3187 2217 ah
3214 2177 3279 2217 eo
3316 2177 3441 2219 sur-

1869 2273 1985 2312 sum
2015 2257 2236 2311 calicem
2264 2255 2387 2309 novi
2416 2254 2743 2309 Testamenti
2767 2270 2782 2318 ;
2806 2253 2985 2323 ibique
3005 2269 3122 2309 eum
3150 2270 3214 2309 eo
3238 2255 3442 2309 Pascha

1868 2348 2231 2411 celebrantes,
2261 2345 2591 2400 inebriemur
2619 2346 2687 2400 ab
2715 2360 2781 2400 eo
2811 2347 2933 2400 vino
2963 2346 3286 2401 sobrietatis.
3324 2345 3444 2401 Non

1870 2440 2001 2495 enim
2029 2447 2101 2492 est
2139 2453 2347 2508 regnum
2377 2436 2471 2492 Dei
2509 2436 2647 2488 cibus
2667 2476 2680 2498 ,
2707 2446 2758 2488 et
2797 2446 2944 2505 potus
2962 2477 2977 2501 ,
3006 2436 3095 2489 sed
3129 2438 3331 2507 justitia
3354 2479 3368 2501 ,
3399 2446 3445 2490 et

1870 2532 2133 2604 gaudium,
2156 2539 2202 2583 et
2226 2542 2328 2597 paa:
2349 2530 2403 2580 in
2430 2527 2632 2594 Spiritu
2660 2526 2850 2581 Sancto
2875 2525 3048 2597 (Rom.
3077 2528 3162 2580 14.
3197 2525 3306 2598 17).
3334 2527 3444 2583 Nec

1870 2625 2079 2695 Moyses
2107 2622 2253 2676 dedit
2282 2620 2437 2674 nobis
2475 2633 2668 2688 panem
2694 2633 2917 2681 verum;
2948 2617 3041 2672 sed
3076 2618 3329 2672 Dominus
3354 2619 3442 2672 Je-

1871 2732 1964 2773 sus
1993 2735 2007 2770 :
2036 2718 2148 2782 ipse
2190 2714 2411 2767 conviva
2439 2722 2492 2766 et
2521 2712 2823 2766 convivium
2846 2751 2859 2771 ,
2893 2711 3005 2780 ipse
3035 2711 3324 2765 comedens
3347 2751 3361 2769 ,
3389 2718 3444 2762 et

1872 2808 1961 2878 qni
2004 2804 2320 2862 cometlitur.
2366 2802 2514 2857 Illius
2557 2802 2788 2854 bibimus
2829 2800 3149 2868 Sanguinem
3175 2841 3190 2864 ,
3235 2808 3291 2854 et
3328 2800 3445 2856 sine

1874 2901 1990 2970 ipso
2018 2907 2202 2969 potare
2235 2911 2342 2950 non
2371 2908 2652 2964 possumus
2677 2933 2691 2957 ,
2719 2903 2773 2946 et
2798 2892 3038 2961 quotidie
3078 2892 3130 2945 in
3171 2892 3448 2946 sacriliciis

1875 2994 1991 3061 ejus
2015 2991 2083 3044 de
2107 2988 2378 3060 genitnine
2400 2986 2524 3040 vitis
2550 2999 2711 3047 verae,
2740 2994 2792 3038 et
2820 2984 2991 3037 vincte
3015 2983 3193 3049 Sorec,
3221 2998 3338 3052 qum
3367 2983 3450 3036 in-

1875 3090 2219 3153 terpretatur,
2251 3080 2429 3141 electa,
2470 3075 2714 3130 rubentia
2743 3084 2917 3127 mnsta
2947 3075 3235 3140 calcamus,
3267 3081 3321 3127 et
3350 3088 3450 3126 no-

1876 3189 1999 3229 vum
2023 3188 2087 3227 ex
2117 3170 2201 3225 his
2231 3170 2413 3223 vinum
2455 3165 2687 3220 bibimus
2712 3164 2778 3218 de
2808 3179 2975 3233 regno
3004 3164 3213 3229 Patris,
3246 3178 3451 3233 nequa-

1877 3281 2035 3336 quam
2064 3266 2116 3318 in
2145 3268 2414 3317 vetustate
2443 3258 2635 3311 littera:
2655 3296 2669 3319 ,
2697 3255 2791 3310 sed
2832 3255 2882 3308 in
2927 3255 3160 3307 novitate
3188 3254 3407 3322 spiritus
3434 3270 3449 3306 :

1877 3365 2156 3411 cantantes
2180 3352 2444 3407 canticum
2477 3362 2703 3413 novum,
2730 3345 2871 3416 quod
2915 3359 3073 3399 nemo
3111 3353 3285 3413 potest
3321 3358 3452 3398 can-

1878 3459 2026 3510 tare,
2059 3446 2160 3512 nisi
2206 3447 2261 3499 in
2302 3457 2468 3513 regno
2512 3439 2766 3495 Ecclesia:
2807 3437 3000 3510 (Apoc.
3044 3438 3132 3492 14.
3180 3436 3271 3507 '5),
3313 3436 3454 3507 quod

1879 3554 2103 3610 regnum
2129 3536 2302 3590 Patris
2327 3542 2430 3588 est.
2460 3530 2611 3586 Hunc
2642 3544 2832 3598 panem
2859 3536 2913 3582 et
2952 3527 3133 3603 Jacob
3152 3525 3456 3580 Patriareha

1879 3631 2164 3688 comedere
2205 3626 2484 3697 cupiebat,
2513 3623 2700 3680 dicens
2733 3639 2746 3676 :
2777 3621 2839 3677 Si
2867 3622 3022 3692 fuerit
3051 3620 3295 3674 Dominus
3319 3617 3460 3672 Deus

1880 3739 2095 3788 mecum,
2119 3731 2166 3775 et
2193 3719 2388 3774 dederit
2417 3717 2541 3770 mihi
2571 3730 2752 3783 panem
2776 3713 2842 3764 ad
2870 3712 3165 3765 vescendum
3184 3752 3199 3776 ,
3226 3721 3272 3764 ct
3309 3711 3459 3763 vesti-

1881 3824 2103 3867 mentum
2131 3812 2197 3863 ad
2224 3809 2545 3873 aperiendum
2570 3802 2718 3875 (Gen.
2747 3802 2838 3855 28.
2865 3799 2979 3865 20).
3019 3799 3287 3866 Quotquot
3317 3801 3460 3852 enim

1884 3906 1936 3959 in
1966 3902 2180 3956 Christo
2220 3900 2572 3966 baptizamur,
2605 3892 2874 3944 Christum
2916 3888 3184 3941 induimus
3226 3886 3366 3957 (Gal.
3400 3889 3457 3944 3.

1883 3992 2008 4061 27),
2040 3998 2095 4043 et
2132 4002 2322 4056 panem
2359 3983 2691 4039 comedimus
2728 3978 3049 4048 Angelorum
3075 4017 3091 4042 ,
3127 3986 3182 4031 et
3220 3975 3466 4030 audimus

1890 4082 2170 4137 Dominum
2219 4077 2593 4147 prasdicantem
2626 4088 2642 4126 :
2674 4070 2821 4126 Meus
2859 4068 2999 4123 cibus
3036 4076 3141 4135 est,
3183 4076 3239 4122 ut
3279 4068 3466 4139 faciant

1887 4173 2191 4226 voluntatem
2220 4170 2349 4238 ejus,
2376 4168 2462 4229 qui
2490 4180 2570 4218 nte
2596 4164 2729 4217 misit
2757 4161 2953 4227 Patris,
2986 4169 3042 4214 ut
3068 4160 3305 4231 impleant
3340 4174 3468 4229 opus

1888 4266 1997 4336 ejus
2021 4262 2198 4336 (Joan.
2227 4261 2281 4314 4.
2309 4259 2423 4330 54).
2456 4256 2736 4311 Faciamus
2771 4253 2929 4323 igitur
2949 4252 3276 4308 voluntatem
3315 4250 3464 4321 ejus,

1890 4354 1981 4424 qui
2022 4351 2170 4406 misit
2211 4364 2312 4405 nos
2334 4390 2349 4416 ,
2378 4347 2585 4412 Patris,
2614 4354 2671 4400 et
2710 4344 3029 4414 impleamus
3068 4357 3202 4413 opus
3233 4342 3350 4411 ejus
3372 4355 3389 4405 ;
3415 4349 3468 4395 et

1891 4445 2136 4499 Christus
2180 4443 2456 4497 nobiscum
2498 4438 2643 4493 bibet
2670 4438 2722 4491 in
2751 4450 2918 4507 regno
2961 4435 3216 4491 Ecclesiae
3258 4432 3472 4505 sangui-

1894 4554 2015 4594 nem
2041 4551 2219 4591 suum.

1965 4626 2117 4683 CAP.
2152 4624 2239 4681 Ill.
2271 4652 2343 4666 -—
2366 4621 2497 4689 Quae
2525 4635 2685 4676 causa
2725 4620 2828 4686 sit,
2875 4628 2931 4672 ut
2962 4617 3030 4671 de
3072 4614 3466 4670 resurrectione

1895 4720 2104 4777 Domini
2135 4728 2189 4772 ct
2216 4717 2546 4788 apparitione
2588 4712 2941 4782 Evangelista:
2964 4708 3173 4762 diversa
3204 4721 3461 4761 narrave-

1897 4816 2026 4869 rint.
2052 4814 2111 4868 ln
2139 4811 2331 4882 quibus
2362 4808 2589 4879 primum
2626 4802 2820 4874 qua:ris
2839 4842 2855 4867 ,
2885 4815 2981 4856 cur
3015 4799 3296 4853 Mattltazus
3320 4797 3467 4855 dixe«

1967 4966 2041 5031 (cl.
2067 4960 2316 5031 IuemMs-
2337 4955 2497 5031 satis
2522 4950 3055 5031 ususﬂmﬁ‘et
3082 4948 3479 5031 ξΗῗηὲἒΧῗῖἒὲυ

1898 5009 2289 5090 quiille-reside
2310 5018 2491 5090 silibet
2512 5009 3215 5090 epistolatnjdSunftﬁret.
3236 5009 3482 5090 Caeterum

1898 5070 2288 5146 ﬁléronvmianze
2318 5070 2704 5146 interpretationi
2731 5074 2875 5146 huius
2897 5086 2959 5121 ex
2987 5071 3213 5146 Mattbteo
3237 5070 3328 5146 loci
3346 5085 3483 5142 ,qua

1902 5130 2211 5199 n-t-tllahsacro
2246 5139 2408 5207 textui
2446 5130 2737 5207 commodior
2766 5130 2903 5207 .ést,
2926 5130 3482 5207 concinnuntnklerique

1902 5191 2227 5266 lira-etatem;
2239 5196 2678 5266 praecipueGrmi,
2695 5191 2960 5255 Origenes,
2974 5191 3481 5266 Chrysostzfl‘rbeopln.

1905 5252 2405 5335 Ιξιέἶιιέζῐιιιιιὶωἱιιθῖ
2425 5258 2618 5331 litinam
2641 5252 2809 5317 ipsum
2822 5252 3020 5365 Ἑιιξέυθ
3033 5252 3098 5325 de
3118 5253 3239 5302 reali
3260 5252 3488 5314 Corporis

1908 5344 1962 5365 an
1986 5329 2250 5365 angnlnls
2269 5321 2447 5365 Christi
2472 5318 2734 5365 praesentia
2759 5321 2806 5365 in
2871 5328 2902 5363 ιι
2964 5317 3127 5363 arisba
3152 5313 3483 5363 luculentissn

1906 5313 2250 5388 Esaiam;
2269 5320 2447 5374 Christi
2472 5313 2734 5388 praesentia
2759 5321 2806 5388 in
2827 5313 3127 5388 Eucharistia
3144 5313 3483 5388 iuculegtissn.

1909 5374 2038 5440 nium
2056 5374 2117 5436 ei?
2136 5384 2432 5447 Hieronymo
2443 5374 3100 5447 testimoniumhcterodoxis
3113 5374 3368 5447 aliquando
3379 5387 3488 5447 pera

1909 5433 2146 5507 suadeat,
2158 5446 2243 5507 qui
2260 5433 2645 5507 ejusveritatem
2663 5440 2980 5507 pertinaciter
2997 5433 3486 5507 calumniantur.Ilio2

1910 5495 1996 5562 bis
2005 5495 2129 5559 haec
2150 5495 2387 5568 persequi,
2404 5500 2529 5568 haud
2555 5495 2680 5568 libe(
2690 5536 2705 5559 ,
2744 5497 3131 5568 quandoquidem
3169 5496 3353 5568 nullum
3375 5495 3486 5568 ﬁdei

2122 5557 2206 5634 ait,
2245 5557 2481 5625 ίαίειυίοτθ
2517 5557 2718 5634 issent?
2752 5557 3365 5634 ἐξηριθερειξιῖυιμιὲιετθιίεδν
3406 5565 3490 5608 ³⁸³⁸

1920 5619 2271 5686 ἓὸῖἶίοείοτὶιιιιθ
2288 5619 2593 5689 argumentis
2609 5619 2838 5674 Catholici
2862 5619 3007 5672 tutati
3028 5627 3161 5672 sunt.
