4026 6186
648 229 749 288 987

638 348 752 411 'rit,
823 345 988 418 825
1063 334 1294 409 Vespere
1319 344 1493 390 autem
1534 330 1737 386 sabbati
1777 330 2118 418 illucescente
2163 325 2217 378 in

649 452 752 492 una
796 416 999 491 sabbati
1045 431 1323 484 Dominum
1370 426 1669 478 surrexisse
1708 420 1922 493 (Matth.
1965 416 2122 488 utt.),
2162 424 2218 471 et

648 525 855 580 Marcus
890 535 1045 575 mane
1072 516 1520 572 resurrectionem
1545 512 1661 582 ejus
1688 512 1877 566 iactam
1916 524 2038 564 esse
2064 523 2213 563 com-

647 618 922 674 memoret,
957 608 1028 661 ita
1057 607 1298 660 scribens
1330 622 1345 659 :
1375 603 1499 657 Cum
1522 612 1689 656 autem
1711 599 2082 663 resurrexisset,
2113 612 2216 649 uua

642 698 855 763 sabbati,
884 712 1029 749 mane
1055 696 1296 764 apparuit
1321 691 1504 747 Maria:
1531 691 1879 789 Maqdalenar,
1897 688 1959 789 de
1984 704 2086 789 qua
2110 690 2216 789 eje:

643 798 775 843 (erat
801 797 987 856 septem
1013 786 1263 840 dtemonia
1291 800 1312 840 :
1342 794 1389 838 et
1414 783 1507 838 illa
1533 783 1704 836 abiens
1733 781 1980 878 nuntiavit
2006 779 2214 878 hisiqui

642 894 756 931 cum
781 892 837 931 eo
867 880 1066 946 fuerant
1095 874 1398 944 lugentibus,
1427 882 1474 926 et
1501 868 1974 967 ﬂentibusaltlique
2000 869 2213 967 audien-

642 976 713 1020 tes
735 966 869 1032 quod
892 965 1089 1029 viveret,
1119 973 1168 1017 et
1193 962 1329 1036 quod
1356 962 1557 1027 uidisset
1593 958 1836 1031 eum,'(a)
1861 975 1962 1013 non
1988 957 2213 1012 credide-

638 1064 758 1110 runt
793 1055 838 1108 ei
876 1054 1065 1125 (Marc.
1102 1052 1199 1106 ult.
1239 1053 1293 1107 9.
1330 1061 1378 1105 et
1418 1050 1526 1122 10).
1576 1051 1741 1121 Hujus
1780 1048 2089 1150 quiestionis
2114 1048 2213 1150 du-

640 1144 763 1214 plex
794 1144 987 1198 solutio
1010 1153 1091 1196 est
1116 1159 1131 1207 ;
1161 1152 1251 1196 aut
1272 1142 1413 1195 enim
1444 1157 1547 1194 non
1571 1142 1857 1210 recipimus
1877 1140 2034 1193 Marci
2063 1140 2211 1192 testi-

641 1239 898 1300 ntonium,
921 1233 1060 1304 quod
1082 1234 1133 1287 iu
1157 1234 1291 1287 raris
1314 1231 1479 1286 l'crtur
1507 1232 1836 1301 Evangeliis,
1864 1231 1938 1301 (b)
1963 1230 2209 1283 omnibus

638 1327 859 1382 Graeciae
885 1326 1032 1381 libris
1059 1341 1191 1393 pene
1216 1324 1315 1379 hoc
1338 1325 1622 1393 capitulum
1657 1324 1710 1377 in
1743 1324 1847 1376 line
1873 1338 1978 1375 non
2010 1321 2211 1374 haben-

639 1419 794 1479 tibus,
832 1416 1125 1486 prmsertim
1155 1432 1274 1471 cum
1302 1415 1510 1470 diversa
1543 1425 1701 1484 alque
1729 1414 1994 1468 contraria
2030 1412 2206 1465 Evan-

633 1509 834 1577 gelistis
856 1510 1065 1563 caeteris
1092 1524 1310 1563 narrare
1336 1508 1620 1571 videatur;
1647 1516 1739 1561 aut
1765 1506 1866 1560 hoc
1888 1504 2207 1575 responden-

620 1599 781 1662 dum,
805 1600 944 1668 quod
969 1609 1189 1668 uterque
1210 1615 1392 1654 verum
1416 1598 1652 1652 dixerit:
1677 1597 1974 1660 Mattlueus,
1997 1595 2208 1665 quando

635 1687 888 1743 Dominus
933 1691 1227 1745 surrexerit
1266 1703 1489 1757 vespere
1517 1687 1745 1751 sabbati,
1774 1687 1979 1741 Marcus
2005 1695 2203 1750 autem,

629 1782 840 1851 quando
876 1799 997 1837 eum
1038 1785 1232 1838 viderit
1272 1786 1429 1838 Maria
1459 1782 1799 1851 Magdalene,
1829 1781 1879 1834 id
1904 1790 2019 1845 est,
2049 1796 2206 1835 mane

631 1872 797 1940 prima
827 1873 1053 1926 sabbati.
1085 1874 1158 1928 lla
1185 1874 1326 1928 enim
1353 1871 1786 1942 distinguendum
1810 1880 1891 1924 est
1920 1888 1932 1924 :
1959 1869 2084 1925 Cum
2111 1887 2207 1923 au-

627 1972 726 2014 tem
750 1964 1117 2026 resurrexisset,
1140 1975 1194 2019 et
1218 1979 1503 2033 parumper
1531 1965 1720 2031 spiritu
1745 1969 2035 2025 coarctato,
2066 1961 2201 2015 inl'e-

627 2053 869 2110 reudum.
903 2055 1064 2122 prima
1091 2055 1302 2115 sabbati,
1332 2072 1477 2108 mane
1497 2055 1738 2122 apparuit
1775 2054 1955 2106 Maria:
1982 2052 2200 2123 Magda-

626 2146 771 2203 lenat.
807 2148 977 2213 utqui
1008 2161 1231 2212 vespere
1272 2147 1477 2201 sabbati
1516 2147 1683 2217 (juxta
1724 2147 2051 2217 Matthzemn)
2077 2162 2197 2200 sur-

625 2244 857 2299 rexerat,
905 2237 1017 2305 ipse
1059 2252 1216 2291 mane
1255 2238 1428 2307 primo
1471 2237 1673 2291 sabbati
1707 2237 1887 2307 (juxta
1932 2238 2198 2307 Marcum)

624 2327 927 2392 apparuerit
960 2327 1134 2381 Maria:
1165 2328 1502 2397 Magdalenae.
1537 2328 1688 2396 Quod
1716 2329 1925 2399 quidem
1953 2338 2007 2383 et
2030 2328 2196 2383 Joan-

624 2422 721 2459 nes
767 2409 1098 2479 Evangelista
1130 2410 1279 2483 (Cap.
1307 2411 1398 2482 20)
1426 2413 1718 2481 signiﬁcat,
1760 2429 1917 2468 mane
1958 2430 2080 2469 eum
2119 2414 2200 2467 al.

624 2498 789 2551 terius
809 2499 909 2553 diei
940 2502 1108 2554 visum
1132 2517 1250 2556 esse
1275 2503 1668 2559 demonstrans.

690 2588 841 2641 CAP.
892 2589 977 2643 IV.
1010 2620 1081 2630 —
1107 2592 1383 2659 Quomodo
1428 2596 1570 2662 iuxta
1601 2596 1904 2651 Matthaeum
1926 2639 1941 2661 ,
1971 2612 2195 2667 vespere

619 2675 823 2730 sabbati
848 2677 1008 2733 Maria
1031 2680 1334 2750 Magdalene
1351 2684 1481 2738 vidit
1505 2686 1783 2740 Dominum
1804 2698 2191 2757 resurgentem,

619 2777 673 2821 et
695 2769 931 2825 Joannes
961 2772 1300 2844 Evangelista
1327 2777 1492 2831 refert
1519 2792 1635 2832 eam
1665 2796 1822 2835 mane
1848 2797 1948 2835 una
1988 2782 2190 2837 sabbati

613 2863 760 2930 juxta
789 2865 1089 2932 sepulcrum
1116 2867 1244 2921 ﬂere
1266 2867 1442 2939 (Joun.
1488 2869 1625 2939 20)?
1657 2871 1768 2927 Una
1813 2874 2043 2940 sabbati,
2074 2874 2190 2930 dies

623 2952 891 3008 Dominica
922 2956 1262 3028 intelligenda
1290 2970 1393 3026 est,
1425 2963 1546 3031 quia
1577 2965 1749 3017 omnis
1778 2964 2110 3020 hebdomada
2137 2968 2187 3020 in

615 3043 914 3111 sabbatum,
945 3056 998 3101 et
1025 3048 1074 3100 in
1104 3050 1351 3116 primam,
1384 3059 1437 3105 et
1464 3055 1775 3119 secundam,
1804 3064 1858 3108 et
1880 3057 2111 3120 tertiam,
2135 3068 2191 3112 et

612 3144 876 3203 quartam,
907 3148 962 3191 et
996 3139 1258 3207 quintam,
1306 3152 1361 3197 et
1403 3156 1608 3198 sextam
1655 3146 1860 3201 sabbati
1890 3148 2145 3203 dividitur
2170 3191 2185 3215 ,

612 3240 769 3293 quam
812 3227 1043 3291 Ethnici,
1074 3230 1358 3298 idolorum,
1391 3242 1447 3287 et
1476 3234 1546 3306 (c)
1575 3237 1964 3293 elementorum
2010 3241 2186 3294 nomi-

615 3315 770 3369 nibus
814 3318 1104 3385 appellant.
1136 3321 1370 3392 Denique
1399 3326 1686 3391 Apostolus
1712 3328 1987 3382 collectam
2021 3343 2184 3397 pecu-

612 3405 731 3467 nim,
766 3420 886 3472 quae
916 3408 1274 3476 indigentibus
1305 3415 1728 3481 praeparabatur,
1763 3418 1813 3471 in
1847 3434 1947 3471 una
1977 3419 2184 3475 sabbati

610 3497 860 3562 praecepit
886 3499 1309 3567 congregandam
1341 3502 1416 3570 (1.
1447 3502 1564 3558 Cor.
1614 3506 1701 3561 16.
1733 3505 1814 3577 2).
1843 3507 1951 3563 Nec
1991 3521 2182 3578 putan-

590 3582 734 3636 dum
766 3594 868 3649 est,
896 3585 1217 3652 Mattbacum,
1253 3598 1308 3644 et
1349 3590 1613 3647 Joannem
1657 3596 1870 3651 diversa
1902 3602 2136 3658 sensisse
2164 3644 2179 3667 ,

611 3673 706 3727 sed
744 3690 903 3728 unum
933 3687 1092 3746 atque
1121 3678 1258 3734 idem
1282 3690 1512 3751 tempus,
1540 3684 1731 3740 mediae
1759 3689 1931 3744 noctis
1951 3691 2178 3761 scilicet,

592 3775 664 3819 et
704 3766 965 3835 gallorum
996 3780 1204 3836 cantus,
1235 3772 1463 3829 diversis
1509 3777 1809 3845 appellasse
1851 3782 2176 3839 nominibus.

608 3858 888 3915 Mattbarus
916 3863 1056 3917 enim
1100 3865 1307 3931 scribit,
1354 3865 1572 3938 Vespere
1598 3870 1828 3935 sabbati,
1859 3872 1913 3928 id
1956 3883 2058 3937 est,
2087 3889 2177 3931 se-

604 3964 686 4015 ro,
758 3952 923 4023 826
993 3969 1098 4009 non
1142 3955 1427 4026 incipiente
1450 3971 1630 4027 nocte,
1662 3961 1755 4016 sed
1778 3962 1888 4031 jam
1913 3965 2173 4034 profunda

600 4048 656 4092 et
694 4055 878 4109 magna
922 4057 984 4096 ex
1014 4052 1163 4110 parte
1207 4057 1491 4114 transacta,
1536 4052 1847 4120 apparuisse
1891 4054 2175 4112 Dominum

602 4127 781 4183 Maria:
799 4130 1143 4200 Magdalente,
1168 4144 1222 4190 et
1245 4141 1555 4207 apparuisse
1577 4157 1800 4212 vespere
1824 4146 2030 4202 sabbati
2056 4149 2176 4204 illu-

600 4223 869 4274 cescentis
893 4221 944 4274 in
974 4238 1131 4278 uuam
1153 4227 1380 4295 sabbati,
1407 4231 1639 4302 seipsum
1667 4235 2025 4305 interpretans
2047 4239 2173 4308 quid

597 4308 837 4375 dixisset,
870 4328 1067 4383 vespere
1106 4317 1320 4386 sabbati,
1374 4320 1427 4375 id
1472 4332 1554 4377 est
1593 4326 2024 4397 appopinquante
2059 4329 2171 4399 jam

599 4399 718 4454 luce
742 4403 1014 4468 sequentis
1037 4403 1164 4459 diei.
1188 4407 1251 4460 Et
1277 4407 1534 4463 Joannem
1554 4428 1658 4467 non
1678 4416 1925 4473 absolute
1945 4419 2167 4485 dixisse,

598 4487 715 4544 Una
756 4501 923 4547 autem
960 4493 1154 4548 sabbati
1195 4498 1325 4552 venit
1367 4498 1537 4554 Maria
1576 4502 1889 4575 Magdalene
1920 4527 2068 4566 mane
2102 4513 2172 4566 ad

591 4584 878 4655 sepulcrum
900 4601 919 4639 :
940 4586 1033 4642 sed
1062 4587 1349 4659 addidisse,
1381 4608 1496 4647 cum
1524 4595 1693 4649 adhuc
1723 4609 1883 4654 essent
1926 4602 2161 4658 tenebrat.

658 4735 721 4821 (ιε)
736 4736 1270 4821 Ῑςιυξιςᾷξιίρθξςιιιρ
1542 4748 1796 4813 exemplar
1817 4756 2029 4817 negandi
2052 4771 2164 4821 par-

587 4798 782 4866 ticulam
797 4802 1050 4866 omittunt,
1075 4798 1272 4866 vitio's'e,
1296 4815 1352 4856 ut
1369 4798 1574 4859 videtur.

654 4859 893 4936 (blld‘de
930 4859 1043 4912 suis
1065 4859 1273 4936 quoun
1300 4873 1533 4936 temporis
1566 4872 1930 4936 exemplaribus
1954 4884 2163 4930 testatur

584 4919 792 5004 Gregor.
816 4921 1063 5004 Nissenus
1082 4919 1216 5004 'Gra't.
1244 4919 2160 5004 2.(1βὶὶθευντὸοιίῖντξὶςῖιῖσιξᾷιξᾍ

579 4994 686 5059 me
702 4996 847 5054 κάρυον
876 4997 1203 5059 ammonet,”
1222 5004 1312 5059 soli,
1335 5003 1528 5059 ξφσοῡντο
1551 5007 1633 5059 γὰρ,
1663 5007 1735 5059 {lsi
1753 4994 1923 5059 τδίτοὲς
1966 4994 2105 5052 Nune
2128 4994 2159 5053 ὁ

578 5046 819 5125 eoqtrario
841 5046 1036 5125 radices
1056 5046 1277 5114 mssL'qui
1296 5046 1460 5125 ad'pos
1481 5046 1638 5119 usque
1654 5046 2156 5125 daveh'eiaEu'o'tSe'ci',

578 5110 632 5175 _et
654 5102 819 5175 halitu,
835 5106 1059 5171 plerique
1081 5102 1269 5175 omnes,
1295 5115 1384 5163 sed
1407 5102 1460 5165 et.
1483 5102 1683 5167 {referes
1694 5102 2155 5175 'uias'uiiiinéé'ifii

576 5162 698 5236 bent
741 5162 916 5218 Patres
944 5162 1140 5236 quoque
1175 5162 1430 5236 impendio—
1444 5162 1681 5229 rarissimi
1708 5162 2154 5236 EJiZTiEiB’FXHé

574 5224 940 5308 ξε.
962 5224 1886 5308 Eutinymus"l:olosanus—infamiam

574 5288 657 5366 qui
679 5290 943 5366 paululum
966 5288 1121 5353 istud;
1136 5295 1245 5346 sive
1264 5296 1525 5349 duodecim
1541 5314 1570 5349 a
1591 5288 2148 5366 nJue'ﬁasii-eEBs'iéi.‘

570 5355 656 5394 nus
679 5355 920 5400 ignorent.

637 5363 1127 5486 ῖεῖἳίἒξιιῖἕῃρωρθι
1147 5423 1200 5467 et
1220 5418 1481 5486 Mercurii,
1506 5422 1532 5472 J
1539 5424 1671 5486 ovis,
1696 5424 1936 5486 Veneris,
1962 5434 2015 5478 ct
2040 5430 2144 5480 ele-

568 5471 1010 5549 Efitlglltiut‘Solis,
1032 5471 1085 5525 et
1105 5471 1281 5535 Lunat;
1305 5483 1376 5531 sic
1392 5471 1525 5549 enim
1548 5471 1907 5549 eiéiﬁehiar'ma
1923 5471 2142 5549 'nomiue,

565 5537 690 5616 δεῖ,
701 5527 1913 5616 Εῇξεεοειέερειςμρξιὶίῑιιῖίὲόἰεῖὶιῖίἰῖιῖἑῆἱᾷἔὸ
1930 5527 2141 5616 ἰιῖίέίἰὶξὲ

563 5586 691 5637 apud
713 5587 937 5642 antiquos
957 5586 1221 5649 ἐπίωσι-88
1238 5586 1846 5670 tiiéi‘ééééﬁi’éiéiﬁiﬁ

1944 211 2183 268 SANCTI
2224 210 2599 269 lllERONYMI

2335 327 2583 396 Ejusdem
2615 331 2774 400 igitur
2809 342 2967 404 atque
2992 336 3149 393 unius
3196 341 3472 411 temporis,
3523 343 3577 399 id
3606 352 3696 401 est.
3728 350 3934 405 mediae

2327 419 2518 479 noctis.
2546 430 2711 489 atque
2747 424 3009 491 gallorum
3055 437 3270 496 cautus,
3298 432 3529 488 alterum
3558 436 3758 504 linem,
3788 441 3932 497 alte-

2327 523 2444 561 rum
2475 510 2678 566 dixisse
2701 516 3039 583 principium.
3071 519 3307 590 Mihique
3323 524 3539 580 videtur
3565 527 3926 600 Evangelista

2324 598 2645 667 Mattliauts,
2694 606 2785 673 qui
2837 607 3179 677 Evangelium
3223 613 3303 684 (ά)
3348 615 3618 674 llebraico
3661 598 3925 680 sermone

2321 691 2672 760 conscripsit,
2701 709 2807 748 non
2839 705 2943 751 tam
2971 715 3171 770 uespere
3209 703 3445 773 dixisse,
3484 725 3650 776 quam
3678 729 3819 779 sero,
3867 728 3923 771 et

2320 793 2443 833 cum
2470 781 2563 850 qui
2606 783 2988 854 interpretatus
3029 800 3146 856 est,
3175 794 3325 849 verbi
3355 799 3707 869 ambiguitate
3752 804 3918 861 dece-

2320 880 2490 939 ptum,
2507 890 2611 927 non
2629 892 2741 930 sero
2760 878 3163 949 interpretatum
3188 900 3330 953 esse,
3348 890 3440 945 sed
3467 908 3693 963 vespere.
3727 896 3917 963 Quan-

2316 976 2476 1029 quam
2504 969 2835 1023 consuetudo
2864 970 3083 1027 humani
3113 981 3381 1034 sermonis
3412 990 3614 1051 teneat,
3644 1002 3774 1043 sero
3796 1008 3906 1045 non

2318 1066 2599 1121 vesperum
2629 1057 2968 1127 signiﬁcare,
2996 1064 3091 1118 sed
3138 1067 3311 1123 tarde.
3360 1070 3609 1131 Solemus
3653 1080 3799 1132 enim
3823 1081 3911 1135 di-

2315 1156 2473 1209 cere,
2501 1160 2622 1199 sero
2650 1151 2876 1217 venisti,
2907 1153 2957 1207 id
2987 1166 3068 1209 est
3101 1158 3285 1223 tarde,
3318 1171 3372 1216 et
3402 1180 3521 1233 quae
3563 1167 3746 1227 facere
3781 1185 3906 1230 ante

2316 1233 2599 1303 debueras,
2631 1237 2716 1294 {ac
2760 1243 2947 1299 saltem
2977 1260 3131 1313 sero,
3166 1250 3217 1304 id
3243 1264 3328 1308 est
3370 1256 3542 1312 tarde.
3583 1261 3678 1315 Sin
3721 1277 3901 1322 autem

2316 1324 2445 1380 illud
2473 1329 2741 1398 objicitur,
2769 1337 3037 1403 quomodo
3062 1340 3247 1396 eadem
3278 1345 3441 1400 Maria
3486 1364 3610 1418 quae
3641 1356 3791 1423 prius
3817 1359 3898 1412 vi-

2313 1417 2467 1473 derat
2508 1421 2785 1478 Dominmn
2815 1440 3204 1498 resurgentem,
3251 1446 3433 1502 postea
3478 1417 3547 1494 ad
3591 1417 3897 1514 sepulcrum

2313 1508 2428 1578 ejus
2457 1508 2586 1567 ﬂere
2615 1515 2898 1582 referatur,
2931 1518 3033 1573 hoc
3056 1519 3340 1578 dicendum
3371 1537 3475 1595 est,
3500 1508 3733 1600 quodvet
3760 1538 3892 1604 sola,

2312 1608 2367 1653 et
2394 1616 2514 1655 cum
2536 1604 2724 1670 altera,
2752 1608 2866 1661 sive
2887 1624 3005 1661 cum
3028 1611 3148 1665 aliis
3164 1614 3476 1673 mulieribus
3502 1637 3712 1680 memor
3727 1626 3895 1683 bene-

2313 1692 2553 1747 ﬁciorum
2576 1736 2590 1760 ,
2620 1711 2740 1765 qua:
2786 1698 2837 1752 in
2869 1714 2927 1754 se
2961 1702 3214 1759 Dominus
3242 1710 3580 1779 contulerat,
3611 1716 3679 1770 ad
3711 1719 3892 1789 sepul-

2309 1797 2460 1836 crum
2492 1785 2610 1853 ejus
2642 1787 2950 1857 frequenter
2969 1798 3286 1862 cucurrerit,
3314 1808 3369 1853 et
3395 1818 3536 1857 nunc
3562 1785 3889 1876 adoraverit,

2309 1889 2466 1942 quem
2496 1876 2729 1940 videbat,
2764 1896 2903 1934 nunc
2933 1882 3157 1949 ﬂeverit,
3189 1903 3346 1957 quem
3376 1896 3647 1960 quaerebat
3691 1900 3889 1955 absen-

2312 1972 2417 2017 tem
2442 1984 2455 2019 :
2480 1965 2626 2021 Licet
2652 1969 2868 2038 quidam
2892 1972 3024 2027 duas
3040 1974 3230 2029 Marias
3245 1978 3577 2049 Magdalenas
3598 1985 3671 2041 de
3690 1989 3886 2046 eodem

2307 2055 2425 2109 vico
2453 2056 2689 2127 Magdalo
2716 2060 2880 2117 fuisse
2904 2068 3251 2131 contendant,
3275 2081 3330 2126 et
3354 2076 3569 2132 alteram
3598 2095 3748 2148 esse,
3768 2101 3887 2154 qua:

2308 2145 2360 2198 in
2387 2145 2637 2203 Matthmo
2681 2166 2805 2207 eum
2834 2155 3024 2211 viderit
3054 2174 3420 2230 resurgentem
3441 2209 3456 2231 ,
3485 2145 3743 2241 alteram,

2305 2237 2356 2289 in
2384 2237 2589 2294 Joanne
2630 2258 2751 2297 eum
2779 2250 3055 2313 qumrebat
3082 2251 3381 2311 absentem.
3426 2259 3669 2325 Quatuor
3705 2278 3879 2325 autem

2289 2325 2467 2383 fuisse
2495 2330 2720 2399 Marias,
2752 2336 2802 2390 in
2843 2336 3149 2411 Evangeliis
3193 2345 3439 2416 legimus,
3468 2367 3629 2408 unam
3658 2369 3879 2415 matrem

2304 2420 2510 2476 Domini
2554 2425 2847 2484 Salvatoris
2870 2472 2883 2491 ,
2913 2433 3137 2488 alteram
3168 2448 3512 2497 materteram
3559 2447 3715 2516 ejus,
3760 2469 3877 2521 quae

2298 2514 2559 2579 appellata
2588 2527 2669 2570 est
2694 2518 2853 2575 Maria
2880 2522 3140 2595 Cleophe,
3168 2531 3374 2587 tertiam
3405 2514 3623 2594 Mariam

2293 2602 2479 2658 Jacobi
2526 2618 2579 2662 et
2602 2608 2749 2677 Jose,
2785 2629 3026 2683 quartam
3066 2619 3284 2677 Mariam
3314 2625 3705 2697 Magdalenam.
3733 2636 3877 2694 Licet

2297 2694 2384 2747 alii
2400 2709 2620 2751 matrem
2642 2700 2824 2756 Jacobi
2839 2716 2887 2758 et
2912 2694 3545 2787 Juse,matertcramvejus
3568 2722 3735 2780 fuisse
3749 2743 3877 2783 eon-

2298 2788 2540 2843 teudant.
2569 2791 2822 2850 Nonnulli
2846 2799 2927 2867 (ut
2954 2813 3013 2853 se
3037 2801 3262 2859 liberant
3283 2811 3609 2884 quaestione)
3624 2816 3678 2870 in
3698 2816 3877 2875 Marco

2297 2879 2477 2932 volunt
2507 2897 2661 2934 unam
2686 2899 2805 2939 esse
2832 2885 2899 2941 de
2921 2888 3116 2955 Mariis,
3149 2893 3243 2948 sed
3264 2910 3370 2951 non
3409 2879 3648 2958 additum
3674 2921 3876 2978 erigat)-

2294 2983 2415 3021 men
2444 2970 2772 3040 Magdalene,
2795 2986 2850 3031 et
2866 2994 2931 3033 ex
2952 2983 3222 3051 superﬂuo
3241 2990 3560 3058 scriptorum
3587 2970 3875 3056 inolev'isse

2292 3060 2447 3120 vitio,
2503 3062 2645 3130 quod
2710 3066 2938 3134 primum
2994 3073 3327 3144 Evangelista
3394 3096 3501 3136 non
3569 3087 3870 3157 scripserit.

2288 3149 2450 3220 827
2499 3151 2664 3205 Nobis
2685 3165 2861 3211 autem
2883 3159 3104 3230 simplex
3130 3164 3339 3221 videtur
3358 3178 3412 3223 et
3431 3182 3616 3240 aperta
3646 3149 3875 3246 respon-

2284 3242 2389 3302 sio,
2422 3253 2633 3298 sanctas
2657 3246 2905 3316 feminas,
2931 3252 3132 3310 Christi
3162 3258 3457 3317 absentiam
3481 3281 3586 3320 non
3609 3265 3869 3337 ferentes,

2290 3343 2387 3398 per
2431 3341 2596 3388 totam
2644 3347 2876 3405 noctem,
2908 3357 3014 3397 non
3045 3348 3247 3414 semel,
3281 3366 3378 3406 nec
3409 3352 3512 3420 bis,
3552 3359 3648 3412 sed
3676 3360 3872 3417 crebro

2286 3420 2355 3473 ad
2405 3423 2707 3491 sepulcrum
2763 3429 2974 3487 Domini
3018 3439 3356 3507 cucurrisse,
3398 3448 3696 3513 pursertim
3744 3466 3869 3507 cum

2290 3520 2645 3579 terrm-motus,
2668 3527 2722 3572 et
2748 3534 2875 3576 saxa
2898 3522 3154 3597 disrupta,
3177 3539 3233 3585 et
3257 3532 3335 3586 sol
3359 3532 3583 3604 fugiens,
3610 3546 3668 3594 et
3687 3556 3867 3598 rerum

2289 3611 2477 3657 natura
2526 3607 2767 3675 turbata,
2799 3623 2855 3666 et
2890 3615 3057 3685 (quod
3088 3618 3170 3673 bis
3197 3622 3369 3693 majus
3401 3626 3505 3697 est)
3532 3628 3865 3690 desiderium

2283 3690 2575 3750 Salvatoris
2599 3712 2846 3758 somnum
2879 3708 3081 3775 ruperit
3106 3708 3444 3772 feminarum.

2352 3783 2504 3839 CAP.
2540 3786 2604 3842 V.
2632 3819 2707 3832 ——
2730 3794 3007 3861 Quomodo
3026 3798 3183 3868 juxta
3214 3802 3518 3862 Matthzeum
3546 3809 3709 3867 Maria
3749 3815 3863 3871 Ha-

2279 4072 2439 4113 manc
2484 4061 2689 4119 sabbati
2741 4067 2970 4123 audierit
2998 4086 3027 4125 a
3059 4072 3281 4130 Domino
3313 4095 3326 4130 :
3360 4077 3486 4134 Noli
3514 4099 3593 4137 me
3632 4061 3852 4158 tangere,

2278 4152 2490 4206 necdum
2515 4156 2648 4209 enim
2670 4160 2876 4213 escendi
2899 4162 2969 4214 ad
2993 4161 3203 4219 Patrem
3230 4185 3393 4224 meum
3421 4171 3600 4243 (Joan.
3617 4152 3852 4250 20:17).

2276 4242 2406 4308 Qum
2435 4246 2579 4323 prius
2608 4248 2813 4305 viderat
2842 4254 3121 4312 Dominum
3151 4274 3516 4333 resurgentem
3538 4284 3660 4325 cum
3687 4242 3849 4329 altera

2274 4331 2460 4401 Maria,
2504 4347 2558 4392 et
2599 4340 2715 4409 ejus
2757 4343 2982 4413 pedibus
3027 4348 3199 4404 fuerat
3249 4331 3519 4421 advoluta,
3553 4358 3620 4429 (Γ)
3670 4372 3850 4431 postea

2273 4439 2486 4480 reversa
2516 4443 2610 4497 per
2633 4442 2841 4487 noctem
2868 4432 3045 4506 (domi
3091 4439 3233 4494 enim
3261 4442 3331 4498 ob
3357 4443 3683 4504 desiderium
3731 4451 3849 4521 ejus

2274 4528 2491 4574 manere
2519 4536 2624 4576 non
2671 4525 2913 4599 poterat)
2942 4530 3087 4583 venit
3125 4533 3191 4586 ad
3240 4536 3564 4605 sepulcrum.
3606 4541 3847 4614 Cumque

2270 4605 2525 4677 lapidem,
2555 4627 2663 4681 quo
2692 4629 3092 4675 monumentum
3120 4621 3294 4680 fuerat
3330 4628 3590 4695 clausum,
3624 4605 3847 4691 vidisset

2331 4761 2409 4824 (ιι)
2441 4761 2560 4836 Haec
2584 4772 2721 4836 certe
2743 4772 3071 4836 antiquissima
3102 4778 3351 4827 sententia
3383 4785 3482 4836 est.
3505 4782 3715 4831 omnium
3743 4783 3844 4833 Pa-

2266 4828 2394 4872 trum
2416 4833 2564 4906 atque
2586 4825 2917 4906 Ecclesiaruin
2929 4825 3214 4906 testimonio
3236 4825 3843 4906 comprobata,—

2261 4900 2317 4959 ῃ
2332 4893 2474 4959 tegat
2495 4893 2701 4959 διᾳμιςιν.
2739 4903 2769 4939 a
2808 4892 3035 4959 Mattbaeo
3056 4892 3403 4959 Evangelium,
3429 4902 3502 4951 cui
3526 4892 3843 4958 nonduin“:

2260 4945 3164 5031 έεξείειιιςξίιείεέςξείιεερρρευρεφεξιυί

2260 5008 2578 5084 couteudunt.
2604 5011 2714 5062 Via.
2739 5008 2850 5076 quae
2872 5017 2921 5064 iu
2952 5008 3167 5084 Catalog.
3193 5008 3839 5079 ad’hﬁéﬁ'u'aﬁgﬁi

2258 5076 2502 5119 notantur.

2322 5129 2709 5211 ςρλρυρχεςῂᾳ
2724 5137 3098 5211 mattefabbati.
3123 5154 3234 5204 quae
3272 5144 3420 5211 etiam
3446 5146 3495 5196 in
3520 5148 3837 5211 capitulorum

2256 5190 2467 5267 i-udigc’ulo
2496 5194 2776 5267 hab-eatur,
2802 5198 2916 5248 heic
2946 5190 3156 5264 quoque'
3177 5190 3836 5267 suppieiiiniu‘éi'iisé'."36

2255 5252 2404 5302 editis
2427 5256 2556 5303 enim
2577 5252 2799 5307 deerant.

2316 5313 2388 5390 ll
2418 5313 2476 5390 in
2495 5314 2864 5390 Conmentariis
2888 5322 2937 5370 lu
2962 5321 3088 5390 hunc
3111 5324 3321 5390 Ma_tth_:ei
3346 5325 3526 5390 locum,
3558 5348 3583 5376 ι
3602 5331 3745 5390 Quod
3765 5333 3836 5382 di-

2253 5385 2392 5449 verse
2417 5380 2636 5449 tempora
2660 5380 2856 5449 istarum
2889 5382 3147 5433 mulierum
3172 5387 3218 5449 lu
3242 5380 3528 5449 Evangeliis
3547 5380 3833 5444 describun-

2252 5440 2347 5511 tlur,
2374 5439 2729 5511 nonmeudacii
2742 5442 2944 5511 signum
2968 5452 3076 5511 est,
3102 5453 3157 5494 ut
3179 5447 3314 5511 impii
3337 5439 3603 5511 objiciunt,
3618 5439 3833 5505 ‘séd‘sé-

2247 5495 2375 5572 aulae
2399 5495 2940 5572 visitationisoﬂléium,
2965 5495 3080 5572 dum
3111 5495 3832 5572 cretio‘aiiéa‘if'aEI-Bcii-

2248 5563 2386 5665 tl‘unt,
2414 5565 2466 5607 et
2488 5573 2583 5609 non
2606 5562 2849 5624 patiuntur
2870 5577 2899 5614 a
2928 5562 3156 5629 Sepulcro
3190 5566 3388 5622 Domini
3411 5571 3499 5624 diu
3516 5562 3831 5640 ibésss','§u

2270 5630 2460 5665 OMNIS.
2477 5636 2500 5665 Ὠ

2270 5630 2460 5674 01181113.
2477 5636 2500 5666 υ
