4026 6186
158 219 286 278 089

158 335 468 405 ablatum,
500 334 737 392 cucurrit
758 333 823 389 ad
841 333 1110 391 Simonem
1128 331 1370 395 Petrum,
1391 337 1447 386 et
1473 328 1540 384 ad
1561 330 1786 385 alterum

157 426 559 498 discipulum,
590 442 746 497 quem
782 425 938 480 Jesus
977 423 1191 479 amabat
1226 423 1514 494 plurimum
1536 462 1551 485 ,
1584 428 1639 475 et
1662 421 1792 475 dicit

161 518 257 571 eis
284 536 300 570 :
328 517 603 572 Tulerttnt
630 515 906 569 Dominum
932 514 996 568 de
1032 522 1357 567 monumento
1383 527 1403 565 :
1430 520 1476 564 et
1502 510 1667 564 nescio
1703 509 1791 562 ubi

164 619 489 677 posuerunt
514 623 624 662 eum
648 605 697 677 (Î™
705 606 809 660 bid.
833 607 950 675 15).
976 605 1144 659 Error
1173 604 1410 658 mulieris
1438 619 1559 657 cum
1589 602 1789 672 pietate

171 698 451 752 sociatus
482 704 565 753 est
609 696 787 751 Pietas
806 696 859 749 in
879 710 948 750 eo
968 703 1104 759 erat,
1126 693 1267 763 quod
1281 692 1622 747 desiderabat
1642 707 1787 756 eum,

161 788 343 856 cujus
395 798 626 842 noverat
653 788 1010 855 maiestatem.
1042 785 1210 840 Error
1252 784 1305 838 in
1332 798 1401 838 eo
1421 824 1437 849 ,
1463 783 1608 853 quod
1636 781 1786 837 dice-

165 878 269 932 bat
305 896 322 933 :
358 877 622 933 Tulerunt
664 877 942 932 Dominum
977 878 1042 931 de
1080 886 1441 939 monumento,
1472 884 1525 930 et
1566 884 1781 929 caetera.

167 969 449 1039 Denique
495 985 617 1024 cum
662 969 854 1024 Petrus
872 1011 887 1033 ,
916 979 967 1024 et
996 968 1228 1023 Joannes
1255 967 1586 1021 introeuntes
1609 965 1788 1032 sepul-

159 1075 337 1116 crum
361 1062 642 1117 vidissent
660 1060 965 1115 linteamina
987 1069 1233 1127 separata
1260 1074 1276 1123 ;
1298 1067 1354 1111 et
1379 1057 1651 1111 sudarium
1677 1073 1783 1125 quo

153 1162 343 1223 caput
376 1154 602 1208 Domini
631 1150 808 1207 fuerat
848 1151 1182 1214 involutum,
1214 1162 1457 1204 seorsum
1512 1148 1781 1216 positum;

154 1254 218 1299 et
247 1246 650 1300 resurrexisse
677 1244 979 1308 crederent,
1001 1242 1154 1310 cujus
1198 1253 1394 1311 corpus
1424 1255 1531 1293 non
1563 1238 1782 1291 invene-

150 1344 296 1389 rant
325 1336 387 1389 in
420 1335 680 1404 sepulcro
709 1352 723 1387 :
751 1332 915 1388 Maria
936 1338 1107 1386 stabat
1130 1330 1196 1384 ad
1222 1336 1625 1384 monumentum
1653 1326 1781 1379 forts

150 1425 431 1496 plorans.
477 1426 719 1495 Cumque
763 1438 823 1478 se
853 1424 1191 1485 inclinasset,
1223 1420 1353 1474 vidit
1381 1419 1519 1473 duos
1548 1418 1780 1487 Angelos

157 1517 217 1571 in
246 1516 409 1571 albis
441 1517 703 1572 sedentes
734 1516 785 1570 in
815 1516 935 1569 loco
962 1515 1292 1568 monumenti
1320 1513 1387 1566 ad
1417 1522 1577 1581 caput
1603 1520 1658 1566 et
1688 1525 1779 1579 pe-

153 1606 284 1669 des,
323 1605 426 1660 ubi
465 1607 696 1674 positum
736 1604 907 1659 fuerat
951 1618 1148 1672 corpus
1194 1602 1320 1656 Jesu
1344 1641 1360 1666 ,
1408 1610 1466 1655 ut
1494 1602 1594 1654 sub
1635 1609 1777 1653 tanta

154 1697 447 1755 custodia:
499 1698 759 1767 dignitate
802 1711 909 1749 non
957 1696 1204 1749 crederet
1245 1694 1314 1747 ab
1343 1693 1644 1746 hominibus
1677 1706 1774 1758 po-

159 1787 346 1843 tuisse
368 1787 570 1851 furari,
590 1786 684 1856 qui
703 1785 966 1839 ministris
983 1784 1199 1849 Angelis
1220 1783 1554 1839 servabatur.
1582 1780 1773 1833 Dicunt

150 1881 209 1935 ei
242 1879 484 1949 Angeli,
528 1892 663 1946 quos
687 1876 942 1931 cernebat
971 1894 984 1927 :
1019 1874 1230 1939 Mulier,
1272 1874 1394 1944 quid
1439 1874 1611 1941 ploras
1633 1871 1659 1923 .9
1686 1885 1772 1924 se-

149 1970 412 2025 cundum
446 1968 580 2023 illud
604 1968 747 2038 quod
775 1968 1031 2021 Dominus
1056 1966 1373 2037 loquebatur
1400 1964 1465 2016 ad
1498 1971 1723 2016 matrem
1751 1979 1766 2016 :

153 2059 311 2126 Quid
339 2059 504 2124 mihi,
533 2068 579 2110 et
618 2058 708 2110 tibi
733 2065 805 2109 est
833 2056 1015 2108 mulier
1033 2055 1058 2107 ?
1088 2053 1312 2106 nandum
1338 2054 1468 2107 venit
1493 2053 1619 2105 liora
1657 2070 1768 2106 mea

147 2147 353 2220 (Joan.
403 2148 470 2201 2.
504 2147 597 2213 4),
641 2155 697 2200 ut
726 2160 792 2200 eo
834 2144 977 2214 quod
1024 2144 1422 2211 appellaverunt
1449 2145 1722 2197 mulierem
1750 2186 1764 2209 ,

150 2249 475 2310 arguerent
500 2236 698 2291 frustra
716 2236 1014 2306 plorantem
1041 2244 1093 2287 et
1113 2232 1373 2298 dicerent,
1402 2234 1537 2299 Quid
1558 2235 1766 2301 ploras?

153 2331 218 2383 lu
255 2339 488 2383 tantum
517 2334 695 2380 autem
725 2325 885 2381 Maria
928 2324 1235 2394 Magdalene
1260 2323 1624 2390 obstupefacta
1657 2335 1765 2378 tor-

152 2428 387 2489 puerat,
418 2426 481 2473 et
508 2417 690 2481 fidem,
719 2414 991 2469 miraculis
1062 2414 1228 2484 828
1301 2414 1502 2476 territa,
1533 2414 1682 2482 quasi
1711 2414 1762 2467 in

148 2510 427 2579 caligine,
460 2507 775 2577 possidebat
802 2522 816 2558 :
849 2514 904 2559 ut
930 2519 998 2559 ne
1029 2504 1351 2572 Angelorum
1378 2504 1588 2572 quidem
1629 2516 1765 2572 prte-

152 2600 407 2655 sentium
440 2597 672 2652 sentiret
700 2605 997 2664 aspectum,
1030 2594 1123 2647 sed
1171 2593 1506 2648 muliebriter
1533 2609 1760 2663 reSpon-

149 2690 350 2755 deret,
378 2699 440 2744 et
461 2688 698 2743 diceret:
722 2686 847 2741 Ideo
872 2686 1042 2755 ploro,
1068 2684 1190 2753 quia
1221 2682 1454 2737 tulerunt
1481 2684 1759 2738 Dominum

150 2797 370 2848 meum,
396 2790 462 2837 et
486 2782 672 2836 nescio
698 2779 788 2833 ubi
814 2786 1106 2848 posuerunt
1125 2791 1269 2830 eum.
1298 2776 1342 2829 0
1367 2775 1553 2840 Maria,
1580 2776 1626 2829 si
1654 2776 1761 2830 Do-

163 2876 381 2929 minum
405 2873 609 2936 credis,
628 2881 685 2928 et
703 2872 983 2927 Dominum
1008 2879 1176 2931 tuum,
1195 2868 1462 2937 quomodo
1482 2869 1761 2923 arbitraris

154 2966 227 3020 ab
244 2966 572 3021 hominibus
592 2962 901 3018 sublatum?
925 2961 1131 3027 Nescio,
1159 2962 1352 3031 inquit,
1375 2961 1459 3014 ubi
1488 2971 1759 3029 posuerunt

151 3074 301 3113 eum.
335 3056 633 3124 Quomodo
664 3055 865 3120 nescis,
909 3069 1067 3123 quem
1112 3054 1268 3122 paulo
1310 3062 1434 3107 ante
1474 3053 1760 3106 adorasti?

155 3150 417 3220 Cumque
449 3146 662 3202 videret
686 3146 958 3216 Angelos;
991 3155 1044 3199 et
1073 3158 1208 3213 quos
1245 3144 1517 3206 cernebat,
1550 3144 1760 3212 ignora-

154 3250 268 3306 ret,
319 3247 554 3306 stupore
584 3236 889 3304 perterrita,
919 3232 1024 3288 huc
1063 3242 1222 3302 atque
1268 3231 1395 3286 illuc
1441 3232 1628 3286 faciem
1656 3233 1761 3286 cir-

155 3327 536 3391 cumferebat,
565 3323 696 3379 nihil
721 3322 865 3378 aliud
894 3325 994 3377 nisi
1028 3323 1307 3376 Dominum
1338 3321 1520 3376 videre
1550 3320 1759 3376 deside-

158 3434 315 3485 rans,
367 3431 745 3486 conversaque
789 3423 973 3480 retro,
1023 3414 1154 3467 vidit
1199 3413 1381 3468 Jesum
1426 3421 1676 3477 stantem,
1706 3421 1760 3466 et

159 3509 471 3573 nesciebat,
518 3507 640 3578 quia
684 3505 842 3562 Jesns
870 3515 1005 3560 erat.
1051 3504 1164 3558 Non
1213 3502 1351 3573 quod
1390 3502 1539 3571 juxta
1586 3502 1756 3556 Mani-

155 3603 400 3664 chteum,
433 3608 491 3654 et
517 3598 654 3651 alios
679 3596 961 3651 haereticos
992 3594 1217 3648 formam
1249 3594 1502 3647 Dominus
1529 3593 1758 3646 vultum-

159 3708 269 3761 que
311 3698 624 3748 mutasset:
657 3699 716 3743 ut
748 3703 845 3756 pro
885 3686 1157 3740 voluntate
1199 3683 1443 3739 diversus
1486 3699 1552 3739 ac
1581 3685 1757 3737 varius

161 3784 469 3848 videretur,
505 3780 599 3835 sed
629 3779 772 3850 quod
802 3776 966 3832 Maria
994 3775 1290 3845 stupefacta
1321 3774 1602 3838 miraculo,
1628 3773 1757 3826 lior-

163 3875 412 3930 tulanum
438 3880 673 3943 putaret,
693 3885 850 3939 quem
871 3876 1019 3921 tanto
1035 3866 1212 3922 studio
1233 3865 1556 3935 requirebat.
1576 3864 1759 3932 Itaque

162 3976 220 4023 et
247 3967 522 4021 Dominus
547 3961 737 4017 iisdem
764 3959 958 4022 verbis,
984 3957 1177 4026 quibus
1203 3964 1257 4010 et
1285 3954 1496 4022 Angeli,
1521 3954 1759 4022 loquitur

163 4058 229 4114 ad
276 4072 405 4113 eam
437 4072 452 4107 :
488 4052 681 4107 Mulier
725 4049 847 4120 quid
891 4045 1111 4118 ploras?
1157 4044 1478 4113 Addiditque
1518 4043 1588 4097 de
1617 4058 1716 4097 suo
1739 4082 1757 4108 ,

164 4164 312 4218 quem
337 4144 534 4217 gnaris
555 4143 580 4195 ?
607 4143 679 4197 At
703 4141 794 4194 illa
824 4136 1103 4207 respondit
1131 4152 1145 4189 :
1177 4134 1410 4197 Domine,
1441 4134 1485 4186 si
1512 4142 1564 4184 tu
1589 4143 1759 4186 sustu-

164 4240 267 4292 listi
298 4255 441 4304 eum,
492 4234 647 4288 dicito
675 4231 829 4296 mihi,
875 4229 961 4284 ubi
991 4226 1205 4299 posuisti
1246 4239 1402 4287 eum;
1433 4234 1480 4277 et
1525 4240 1615 4294 ego
1645 4241 1759 4278 eunt

169 4332 368 4385 tollant.
403 4330 508 4385 Hic
539 4326 823 4382 Dominum
856 4336 961 4377 non
1002 4319 1070 4374 de
1095 4316 1432 4374 confessione
1461 4333 1602 4371 vera:
1633 4315 1758 4371 fidei

169 4422 513 4477 Salvatorem
535 4427 693 4474 vocat
720 4432 738 4472 :
766 4415 861 4470 sed
893 4412 1191 4468 humilitate
1214 4450 1230 4475 ,
1261 4417 1316 4464 et
1345 4408 1534 4464 timore
1568 4408 1754 4463 hortu-

170 4514 292 4571 lano
331 4515 513 4572 defert
550 4513 889 4582 obsequium.
934 4506 1002 4562 Et
1043 4505 1165 4561 vide
1193 4511 1388 4575 quanta
1432 4502 1752 4573 ignorantia.

175 4607 341 4676 Quem
380 4606 721 4663 custodiebat
762 4602 956 4658 cohors
1004 4599 1262 4661 militum,
1311 4594 1465 4665 cujus
1511 4594 1757 4663 sepulcro

174 4701 360 4769 Angeli
407 4697 802 4770 praesidebant.
857 4694 926 4748 ab
972 4708 1079 4747 uno
1134 4690 1418 4745 hortulano
1468 4688 1758 4743 arbitratur

176 4790 412 4843 ablatum
444 4807 458 4844 :
489 4798 545 4843 et
573 4790 824 4858 ignorans
851 4783 1268 4839 imbecillitatem
1300 4779 1608 4843 femineam,
1639 4786 1759 4831 tan-

182 4889 356 4932 tarum
380 4894 439 4932 se
458 4878 652 4931 virium
681 4873 1026 4946 rupromittit,
1055 4880 1111 4926 et
1127 4870 1317 4935 credit,
1337 4878 1390 4923 ut
1413 4883 1608 4938 corpus
1631 4868 1753 4934 viri,

183 4979 235 5022 et
267 4969 520 5038 perfecta:
547 4970 716 5022 astatis
747 4984 762 5020 :
795 4965 934 5038 quod
964 4964 1042 5035 (ut
1070 4972 1263 5017 cartera
1294 4958 1518 5032 taceam)
1542 4969 1755 5014 centum

183 5060 335 5115 libris
360 5059 593 5132 myrrha:
620 5059 978 5113 circumlitum
1011 5064 1150 5120 erat,
1177 5053 1509 5106 existimaret
1535 5051 1602 5105 ab
1632 5066 1755 5115 una,

186 5158 238 5203 et
269 5150 454 5218 pavida
488 5149 711 5204 muliere
752 5161 910 5217 posse
956 5142 1176 5214 portari.
1221 5138 1460 5210 Cumque
1481 5139 1638 5194 Jesus
1665 5154 1760 5208 ap-

188 5240 440 5308 pellasset
462 5257 603 5305 eam,
637 5248 796 5309 atque
822 5238 1087 5293 dixisset:
1122 5233 1314 5301 Maria,
1356 5244 1413 5289 ut
1438 5245 1596 5304 quem
1628 5231 1760 5286 facie
1810 5278 1819 5283 .

191 5345 293 5385 non
319 5334 658 5402 agnoscebat,
690 5346 823 5385 voce
852 5330 1212 5398 intelligeret,
1241 5328 1328 5381 illa
1352 5328 1403 5381 in
1434 5340 1620 5380 errore
1643 5340 1761 5394 per-

189 5422 413 5488 sistens,
459 5438 790 5495 noquaquam
836 5421 1149 5484 Dominum,
1197 5418 1289 5473 sed
1319 5417 1392 5490 (a)
1421 5416 1673 5482 Rabboni,
1706 5413 1757 5469 id

341 5554 654 5667 gzaâ€™bgeteres
686 5555 833 5610 mcm'
856 5564 987 5605 ranae
1015 5552 1157 5616 juxta
1192 5548 1386 5615 Vulgat.
1427 5557 1480 5601 et
1516 5547 1755 5602 Graecum.

1598 214 1924 273 EPISTOLA
1961 212 2128 269 CXX.

3379 219 3525 278 990,

1902 337 2007 393 est,
2031 326 2328 398 magistrum
2351 336 2528 384 vocat.
2557 325 2628 383 Et
2653 326 2776 386 vide
2801 334 3003 399 quanta
3029 330 3285 399 turbatio,
3316 350 3477 408 quem

1902 419 2244 474 hortulanum
2291 428 2520 490 putans,
2566 421 2850 476 Dominum
2898 436 3332 494 nuncupaverat,
3384 429 3476 485 Dei

1900 512 2093 568 Filium
2141 522 2549 581 resurgentem,
2599 514 2915 582 magistrum
2962 527 3137 570 vocat.
3186 516 3366 588 Itaque
3408 519 3474 575 ad

1899 616 2039 665 eam,
2071 617 2191 671 quae
2218 603 2497 671 quaerebat
2524 603 2787 656 viventem
2818 618 2938 657 cum
2969 606 3231 671 mortuis;
3258 624 3374 677 quae
3390 625 3466 664 er-

1898 708 2022 747 rore
2051 694 2280 748 femineo
2309 704 2362 749 et
2394 694 2761 749 imbecillitate
2803 694 3046 750 muliebri
3090 695 3213 759 huc,
3243 697 3471 768 illucque

1894 783 2166 848 currebat,
2181 791 2238 838 et
2266 798 2463 853 corpus
2487 786 2763 854 quaerebat
2792 786 2953 839 occisi
2979 803 2995 850 ;
3026 788 3179 854 cujus
3207 790 3371 857 pedes
3396 793 3458 845 vi

1893 876 2070 929 ventis
2098 887 2362 942 tenuerat,
2386 877 2622 946 loquitur
2689 878 2856 949 829
2936 878 3193 934 Dominus
3223 882 3469 938 etdicit:

1894 963 2022 1019 Noli
2042 982 2121 1019 me
2149 976 2374 1038 tangere,
2397 968 2473 1039 (b)
2498 969 2591 1023 tibi
2622 971 2764 1022 enim
2794 969 3026 1022 nondum
3043 971 3258 1025 ascendi
3288 972 3354 1026 ad
3373 974 3470 1028 Pa-

1895 1064 2029 1111 trem
2062 1072 2263 1111 meum.
2298 1059 2363 1112 Et
2391 1068 2474 1113 est
2499 1074 2693 1114 sensus
2720 1077 2733 1112 :
2762 1059 2929 1125 Quem
2959 1070 3225 1115 mortuum
3252 1064 3468 1132 qutrris,

1892 1148 2157 1201 viventem
2188 1156 2407 1218 tangere
2438 1165 2545 1203 non
2577 1151 2823 1204 mereris.
2853 1150 2909 1203 Si
2940 1166 3026 1205 me
3059 1150 3282 1206 necdum
3321 1163 3468 1221 putas

1889 1237 2200 1292 ascendisse
2240 1237 2307 1291 ad
2340 1238 2573 1305 Patrem,
2617 1241 2710 1295 sed
2744 1242 3015 1295 hominum
3062 1242 3247 1297 fraude
3287 1246 3466 1299 subla-

1890 1333 2025 1391 tum,
2052 1342 2174 1381 meo
2206 1339 2347 1383 tactu
2378 1329 2591 1397 indigna
2618 1346 2697 1385 es.
2732 1332 2844 1387 lloc
2870 1341 3045 1386 autem
3090 1322 3336 1387 dicebat:
3362 1350 3466 1388 non

1888 1427 1947 1471 ut
1986 1418 2220 1473 studium
2266 1423 2560 1489 quierentis
2590 1423 2947 1489 olituuderet;
2980 1426 3074 1479 sed
3105 1434 3160 1478 ut
3189 1425 3466 1495 dispensa-

1889 1508 2088 1563 tionem
2117 1510 2296 1564 carnis
2325 1524 2635 1583 assuntpltc,
2666 1516 2717 1568 in
2745 1516 3038 1569 divinitatis
3064 1517 3286 1585 gloriam
3309 1519 3466 1573 sciret

1884 1612 2005 1650 esse
2032 1609 2286 1652 mutatam
2313 1616 2327 1653 :
2354 1609 2410 1654 et
2431 1617 2765 1671 nequaquam
2788 1606 3140 1672 corporaliter
3162 1607 3322 1660 vellet
3345 1621 3473 1661 esse

1884 1702 2005 1741 cum
2041 1689 2289 1755 Domino,
2318 1708 2476 1761 quem
2506 1695 2857 1760 Spiritualiter
2885 1698 3107 1752 Credere
3135 1698 3354 1756 deberet
3375 1716 3463 1753 re-

1878 1791 2044 1846 gnare
2090 1793 2211 1831 cum
2264 1780 2442 1834 Patre.
2488 1782 2642 1837 Unde
2685 1792 2741 1839 et
2787 1788 3026 1853 Apostoli
3075 1788 3295 1855 majoris
3340 1789 3462 1844 fidei

1878 1876 2020 1927 sunt,
2047 1869 2136 1937 qui
2165 1873 2368 1939 absque
2395 1872 2719 1941 Angelorum
2745 1878 2881 1936 visu,
2911 1875 3112 1943 absque
3143 1877 3311 1945 ipsius
3338 1879 3460 1933 Sal-

1878 1958 2078 2011 vatoris
2099 1971 2337 2027 aspectu,
2370 1972 2649 2031 pOstquam
2673 1979 2869 2034 corpus
2891 1966 3006 2034 ejus
3035 1967 3086 2020 in
3114 1978 3459 2022 tuonumento

1877 2064 1983 2103 non
2033 2063 2364 2118 repererunt,
2394 2054 2732 2108 crediderunt
2778 2058 2999 2117 enmab
3048 2058 3167 2112 infe:
3184 2059 3229 2111 is
3274 2074 3457 2111 surre-

1875 2142 2039 2194 xisse.
2071 2144 2173 2195 Alii
2205 2155 2392 2211 putant
2419 2148 2646 2212 primum
2674 2162 2795 2199 esse
2825 2148 2963 2214 quad
2992 2163 3020 2200 a
3046 2147 3250 2201 Joanne
3276 2164 3458 2201 narra-

1878 2241 1986 2285 tum
2015 2243 2119 2298 est,
2155 2236 2363 2287 venisse
2391 2236 2608 2289 Mariam
2633 2236 3000 2304 Magtlalenam
3027 2238 3092 2290 ad
3126 2242 3452 2307 sepulcrum,

1873 2332 1927 2376 et
1944 2323 2141 2378 ridisse
2165 2326 2461 2379 revolutum
2489 2328 2718 2394 lapidem
2746 2342 2776 2380 a
2806 2337 3170 2394 tnonumento,
3193 2339 3249 2383 et
3271 2340 3452 2397 postea

1873 2428 2170 2482 regressum
2200 2430 2322 2470 cum
2366 2419 2639 2486 Apostolis
2668 2418 2824 2472 Petro
2850 2429 2903 2471 et
2930 2418 3151 2483 Joanne,
3186 2421 3353 2473 solam
3383 2420 3452 2474 ad

1872 2518 2273 2560 monumentum
2303 2511 2628 2564 remansisse
2658 2529 2672 2564 :
2701 2519 2755 2563 et
2783 2511 2980 2564 ideirco
3008 2511 3181 2564 adlmc
3207 2512 3452 2565 incredu-

1870 2595 1997 2659 lam,
2025 2611 2056 2650 a
2087 2597 2309 2651 Domino
2344 2600 2506 2653 fuisse
2535 2610 2835 2667 correptam
2876 2617 2889 2651 :
2931 2615 3307 2668 reversumque
3346 2601 3448 2654 do-

1871 2704 2012 2741 mum
2031 2728 2047 2754 ,
2078 2704 2291 2743 rursum
2321 2690 2387 2743 ad
2415 2692 2715 2759 sepulcrum
2759 2695 2971 2746 venisse
3001 2708 3120 2744 cum
3163 2690 3323 2745 Maria
3349 2708 3363 2755 ;
3394 2703 3447 2745 et

1867 2778 1936 2834 ab
1962 2781 2171 2847 Angelo
2197 2783 2474 2846 munitam,
2508 2790 2790 2836 exeuntem
2819 2782 2887 2837 de
2919 2793 3285 2846 monumento,
3313 2783 3445 2836 ado-

1868 2884 2014 2923 rasse
2060 2870 2365 2936 Dominum,
2396 2879 2452 2925 et
2478 2872 2712 2926 tenuisse
2756 2871 2918 2940 pedes
2948 2871 3084 2939 ejus,
3128 2871 3339 2939 quando
3377 2872 3446 2925 ab

1867 2974 1932 3014 eo
1978 2962 2180 3029 pariter
2218 2961 2499 3016 audierunt
2531 2979 2545 3014 :
2577 2962 2744 3014 Aucte.
2779 2960 2846 3013 Et
2887 2960 2992 3015 illa:
3031 2971 3366 3029 accesserunt,
3397 2973 3446 3017 et

1867 3060 2132 3105 tenuerunt
2160 3051 2313 3118 pedes
2337 3054 2465 3124 ejus,
2494 3062 2542 3108 et
2566 3053 2900 3106 adoraverunt
2925 3070 3060 3107 eum.
3088 3053 3216 3121 Qua:
3249 3055 3299 3107 in
3331 3063 3447 3108 tan-

1868 3152 1978 3197 tum
2000 3145 2360 3213 profecerunt,
2381 3153 2439 3199 ut
2457 3145 2733 3199 mittantur
2749 3146 2814 3198 ad
2834 3145 3141 3213 Apostolos,
3162 3144 3448 3201 etaudiant

1868 3235 2114 3303 primum,
2144 3233 2319 3290 Nolite
2341 3236 2514 3289 timere
2534 3251 2554 3290 :
2579 3236 2839 3300 secundo,
2860 3234 2885 3288 f
2893 3245 2940 3290 te
2954 3236 3181 3290 nuntiate
3206 3235 3447 3307 fratribus

1866 3328 2008 3389 meis,
2036 3337 2091 3379 ut
2117 3336 2234 3381 eant
2257 3327 2311 3381 in
2341 3327 2628 3394 Galilaeam,
2659 3327 2728 3381 ibi
2752 3344 2833 3382 nte
2857 3327 3108 3381 videbunt.

1935 3416 2088 3471 CAP.
2122 3416 2210 3471 Vl.
2241 3447 2312 3459 --
2340 3414 2621 3486 Quomodo
2643 3419 2981 3473 custodiente
3002 3417 3226 3473 militum
3252 3419 3403 3475 turba
3425 3461 3442 3487 ,
3500 3464 3505 3470 .

1867 3508 2056 3563 Petrus
2101 3517 2156 3565 et
2184 3509 2420 3566 Joannes
2457 3511 2627 3567 libere
2672 3510 2898 3580 ingressi
2929 3520 3053 3565 sunt
3094 3512 3395 3580 sepulcrum
3426 3553 3444 3579 ,

1869 3600 2017 3654 nullo
2050 3600 2367 3669 prohibente
2397 3601 2683 3655 cuSIodum
2714 3600 2925 3670 (Matth.
2952 3600 3041 3655 ÎžÎ©.
3073 3612 3120 3655 et
3147 3601 3304 3656 Joan.
3330 3603 3444 3675 20).

1866 3691 1976 3747 llac
2002 3691 2249 3746 videlicet
2277 3708 2457 3755 causa,
2482 3693 2602 3761 quia
2621 3708 2823 3759 vespere
2842 3692 3054 3755 sabbati,
3083 3708 3198 3760 qua:
3223 3693 3444 3745 lucesceâ€”

1867 3785 1948 3837 bat
1975 3785 2026 3835 in
2057 3788 2219 3851 prima
2243 3784 2459 3849 sabbati,
2491 3785 2622 3838 venit
2651 3784 2818 3835 Maria
2849 3782 3175 3850 Magdalene,
3203 3791 3248 3834 et
3286 3783 3449 3836 altera

1867 3871 1920 3924 bl
1929 3873 2039 3923 aria
2069 3874 2234 3923 videre
2263 3873 2571 3936 sepulcrum.
2601 3870 2668 3923 Et
2703 3885 2814 3922 ecce
2844 3878 3157 3921 terrtcntotus
3187 3871 3349 3937 [actus
3376 3881 3449 3923 est

1866 3977 2097 4030 magnus.
2132 3962 2354 4044 Angelus
2378 3975 2575 4030 quoque
2613 3958 2819 4012 Domini
2850 3957 3108 4011 descendit
3141 3958 3204 4011 de
3231 3959 3375 4025 ctelo,
3400 3970 3448 4012 et

1864 4051 2106 4105 accedens
2134 4052 2337 4105 revolvit
2366 4051 2611 4121 lapidem,
2640 4059 2687 4105 et
2730 4049 2930 4105 sedebat
2960 4066 3112 4120 super
3137 4066 3252 4107 eum
3273 4065 3293 4105 :
3314 4060 3450 4104 erat-

1864 4160 1960 4213 que
2004 4153 2236 4212 aspectus
2272 4144 2384 4209 eius
2412 4144 2540 4198 sicut
2569 4144 2764 4216 fulgur,
2800 4152 2849 4198 et
2887 4143 3234 4199 vestimentum
3260 4144 3400 4199 illius
3426 4185 3444 4212 ,

1865 4234 1995 4288 sicut
2021 4235 2129 4290 nix.
2167 4234 2487 4288 Prwtintore
2508 4243 2676 4303 autem
2701 4235 2812 4305 ejus
2852 4235 3105 4305 perterriti
3130 4244 3247 4289 sunt
3272 4244 3443 4289 custo-

1865 4327 1972 4391 des,
2000 4336 2047 4382 et
2075 4327 2201 4397 facti
2241 4335 2356 4380 sunt
2384 4325 2516 4380 velut
2544 4327 2748 4380 mortui.
2777 4326 2942 4397 Igitur
2978 4327 3067 4397 qui
3097 4327 3306 4383 fuerant
3332 4338 3448 4382 tan-

1866 4427 1921 4474 to
1992 4420 2158 4491 830
2235 4420 2424 4474 timore
2453 4419 2743 4489 perterriti,
2775 4429 2831 4474 ut
2860 4428 3180 4489 putarentur
3208 4419 3444 4486 mortui;

1864 4518 1956 4565 aut
1996 4511 2263 4565 dimisisse
2306 4511 2629 4580 sepulcrum,
2661 4520 2713 4564 et
2742 4510 2940 4580 fugisse
2981 4509 3234 4564 credendi
3280 4521 3444 4578 sunt;

1863 4611 1954 4655 aut
1981 4603 2051 4656 ita
2080 4617 2329 4671 corpore,
2358 4611 2412 4656 et
2438 4602 2618 4655 animo
2647 4601 3009 4669 obtorpuisse,
3038 4606 3095 4651 ut
3137 4613 3240 4653 non
3268 4598 3443 4654 dicam

1863 4695 2007 4750 viros
2028 4738 2043 4762 ,
2075 4695 2169 4750 sed
2197 4711 2263 4750 ne
2290 4694 2633 4750 mulierculas
2658 4693 2892 4763 quidem,
2916 4690 3216 4757 sepulcrum
3248 4692 3447 4745 intrare

1863 4789 2139 4858 cupientes
2160 4829 2174 4850 ,
2207 4787 2468 4841 auderent
2512 4785 2819 4855 prohibere.
2853 4781 3071 4851 Magnus
3112 4779 3253 4835 enim
3287 4783 3447 4834 timor

1864 4895 1959 4936 eos
1978 4886 2334 4943 exterruerat,
2361 4877 2607 4932 videntes
2635 4872 2865 4943 lapidem
2893 4871 3220 4936 revolutum,
3246 4880 3300 4924 et
3341 4880 3447 4925 ter-

1933 5050 1995 5162 (1â€˜))
2033 5052 2140 5101 Non
2159 5088 2173 5110 ,
2214 5057 2269 5099 ut
2291 5048 2538 5098 contendit
2559 5045 2834 5117 Victorius,
2859 5043 2979 5094 falso
3001 5042 3186 5105 legitur
3210 5040 3296 5091 tibi
3317 5040 3444 5091 enim

1933 5128 1955 5162 rt
1996 5127 2075 5161 um
2097 5109 2312 5162 ascmdi.
2341 5119 2434 5158 etc.
2462 5110 2542 5157 Sic
2580 5121 2711 5157 enim
2749 5109 3058 5162 subsequens
3079 5112 3341 5152 contextus
3363 5116 3444 5162 Î¼)-

1864 5108 2075 5163 nondum
2097 5108 2312 5164 ascmdi.
2341 5119 2434 5158 etc.
2462 5110 2542 5157 Sic
2580 5108 2711 5157 enim
2749 5109 3058 5169 subsequens
3079 5112 3341 5152 contextus
3363 5116 3445 5169 po-

1864 5174 2038 5231 stulat,
2065 5180 2116 5221 et
2140 5172 2253 5220 Mss.
2278 5172 2517 5228 omnium,
2543 5175 2693 5231 atque
2720 5165 2959 5217 editorum
2983 5178 3249 5231 consensus
3272 5165 3444 5231 contir-

1866 5245 1992 5293 mat,
2017 5226 2110 5282 una
2146 5240 2354 5293 excepta
2376 5226 2527 5295 ipsius
2549 5226 2783 5295 Vit:torii_,
2809 5237 2957 5291 atque
2981 5227 3133 5295 altera
3160 5226 3317 5295 veteri
3344 5226 3446 5295 edi-

1866 5289 2016 5353 tione,
2042 5306 2151 5357 qute
2178 5289 2446 5357 tibiï¬tocula
2466 5298 2734 5357 â€˜expuncla,
2762 5289 3160 5357 leguntâ€˜ttondum
3182 5289 3325 5357 enim,
3347 5293 3444 5338 etc.

1867 5348 2074 5407 Accedit
2091 5353 2315 5404 lectionis
2336 5365 2439 5413 sua:
2466 5348 2577 5413 ipse
2593 5348 2836 5413 assertor,
2847 5365 2901 5399 ac
2926 5351 3178 5399 titleiussor
3201 5348 3442 5413 Hierony-

1867 5432 1975 5467 mus
1997 5420 2046 5467 in
2071 5414 2273 5478 epistola
2298 5414 2362 5478 ad
2386 5409 2657 5461 Marcellam
2692 5411 2758 5478 de
2781 5409 3067 5478 quibusdam
3092 5409 3447 5478 quaestionibus

1868 5481 1928 5531 ÎÎ¹
1967 5480 2026 5529 Î¤.
2066 5471 2239 5541 quiest.
2281 5477 2328 5541 4.
2375 5486 2514 5522 Â«non
2551 5471 2857 5541 mortaria...
2900 5475 3005 5541 ejus
3045 5471 3221 5541 tenere
3260 5471 3446 5541 pedes,

1868 5555 2015 5607 quem
2040 5534 2135 5588 non
2160 5540 2411 5589 existimas
2432 5535 2727 5587 smÂ°rexisse.
2746 5534 2856 5585 Tibi
2881 5534 3011 5586 enim
3028 5534 3234 5585 necdum
3249 5534 3448 5583 ascendi

1871 5603 1930 5655 ad
1954 5603 2149 5655 Patrem
2167 5612 2347 5650 meum.
2365 5614 2388 5645 Î¹
