4026 6186
587 263 685 322 991

588 385 869 434 rtemotum
911 375 1102 430 factum
1128 411 1142 434 ,
1170 381 1275 422 non
1304 377 1370 419 ex
1411 375 1560 415 more
1589 357 1776 421 solito,
1802 353 1897 408 sed
1925 359 2033 405 tam
2062 362 2168 402 ma-

589 485 772 540 gnum,
820 466 906 537 qui
935 469 1120 518 cuncta
1166 461 1512 517 concuteret,
1539 458 1594 505 et
1623 446 1957 503 eversionem
2003 449 2162 540 terrze

591 531 1162 618 funditus-minaretur
1207 563 1222 603 :
1269 544 1530 616 Angelum
1579 553 1790 610 quoque
1826 531 2170 590 descendisse

595 655 660 707 de
687 650 844 711 caelo,
877 656 981 698 tam
1011 643 1156 696 claro
1184 639 1334 693 vultu
1356 675 1371 703 ,
1404 644 1462 689 ut
1488 648 1593 688 non
1634 628 1953 698 lampadem,
1987 633 2041 679 et
2067 623 2169 676 hu-

593 755 749 797 mana
791 738 970 791 lumen
1010 739 1124 786 arte
1159 741 1498 791 succensum,
1532 723 1626 778 sed
1659 722 1831 790 fulgur
1873 717 2170 772 imitaretur

593 830 740 893 cceli,
773 843 878 898 quo
926 825 1262 879 illustrantur
1290 817 1491 876 omnia.
1539 813 1693 870 Unde
1735 821 1789 866 et
1835 809 1886 864 in
1935 805 2172 862 tenebris

591 895 1123 986 videre—potuerunt.
1184 911 1369 978 Itaque
1414 905 1580 960 libere
1623 904 1913 957 introeunt.
1959 895 2175 986 Viderat

590 1011 732 1064 enim
767 984 930 1062 Maria
958 1001 1289 1072 Magdalene,
1322 1012 1440 1068 qua:
1466 995 1543 1050 eis
1583 994 1918 1049 nuntiaverat
1942 984 2171 1055 lapidem

592 1103 928 1163 revolutum,
964 1105 1019 1152 et
1055 1106 1251 1163 corpus
1298 1089 1511 1144 Domini
1558 1087 1626 1141 de
1670 1090 2014 1137 monumento
2055 1089 2175 1131 esse

594 1194 882 1248 sublatum.
935 1186 1196 1256 Angclnm
1229 1191 1406 1236 autem
1435 1195 1539 1232 non
1570 1184 1817 1246 putemus
1861 1169 2060 1224 idcirco
2086 1182 2178 1219 ve-

595 1284 776 1346 nisse,
808 1292 865 1334 ut
906 1279 1137 1348 aperiret
1175 1273 1476 1341 sepulcrum
1509 1268 1734 1321 Domino
1775 1259 2093 1330 resurgenti,
2123 1264 2176 1310 et

595 1373 893 1428 revolveret
923 1367 1150 1437 lapidem
1179 1383 1192 1418 :
1221 1361 1316 1418 sed
1357 1367 1637 1430 postquam
1699 1355 1954 1408 Dominus
1993 1362 2176 1403 resur-

595 1464 753 1526 rexit,
799 1460 927 1514 hora
959 1474 1062 1528 qua
1109 1457 1222 1525 ipse
1252 1454 1438 1516 voluit,
1466 1459 1520 1503 et
1559 1463 1677 1518 quae
1707 1444 1838 1499 nulli
1869 1439 2178 1496 mortalium

593 1534 934 1623 cognitaest,
960 1551 1224 1604 indicasse
1253 1544 1395 1615 quod
1417 1543 1612 1596 factum
1635 1547 1718 1594 est
1742 1555 1754 1590 :
1781 1535 1850 1590 Et
1870 1533 2177 1623 sepulcrum

596 1619 824 1699 vacuum
868 1641 1201 1696 revolutione
1248 1635 1457 1704 lapidis,
1489 1641 1543 1686 et
1571 1630 1651 1684 sui
1696 1619 2001 1681 ostendisse
2044 1637 2181 1691 prae-

596 1736 767 1790 sentia
807 1751 820 1786 :
863 1747 982 1801 qua:
1043 1729 1222 1784 omnia
1283 1725 1637 1784 videbantur,
1691 1716 1979 1787 splendore
2025 1711 2177 1766 faciei

597 1825 766 1895 ipsius
792 1833 844 1879 et
871 1823 1150 1877 horrorem
1178 1817 1520 1871 tenebrarum
1545 1812 1768 1882 fulgoris
1796 1809 2037 1863 claritate
2068 1805 2181 1858 vin-

596 1927 771 1972 cente.

668 2007 824 2062 CAP.
856 2005 968 2060 VII.
1003 2031 1072 2046 --
1100 1999 1379 2068 Quomodo
1406 1996 1708 2060 Matthazus,
1734 2003 1787 2048 et
1812 1991 2021 2046 Marcus
2043 1987 2180 2044 scri-

497 2079 504 2084 ’
602 2099 730 2152 bant
775 2094 1044 2164 Apostolis
1074 2091 1377 2145 mandatum
1411 2102 1504 2156 per
1534 2085 1786 2138 mulieres
1807 2123 1822 2149 ,
1852 2079 1930 2152 (ο)
1960 2089 2017 2134 ut
2044 2079 2184 2132 irent

601 2189 652 2242 in
685 2185 958 2242 Galilaeam
1006 2181 1286 2236 Dominum
1331 2176 1560 2232 rcvisuri
1608 2173 1819 2246 (Matth.
1867 2171 1959 2237 26,
2003 2177 2048 2222 et
2087 2166 2180 2234 28;

603 2279 770 2333 Marc.
805 2278 896 2347 lli)
932 2292 945 2330 :
973 2289 1134 2344 quam
1163 2271 1334 2326 Lucas
1366 2268 1522 2339 (Cap.
1544 2265 1656 2338 24),
1684 2274 1738 2320 et
1761 2263 1996 2320 Joannes
2022 2259 2175 2330 (Cap.

600 2372 692 2428 20.
720 2383 766 2426 et
786 2370 898 2441 21),
923 2365 1272 2436 Jerosolymis
1289 2363 1354 2416 ab
1378 2362 1480 2415 illis
1505 2361 1676 2414 visum
1699 2371 1822 2412 esse
1846 2352 2178 2424 perhibeant.

604 2462 763 2518 Aliud
790 2468 874 2515 est
917 2458 1162 2512 undecim
1194 2470 1253 2509 se
1282 2453 1478 2507 offerre
1517 2448 1812 2516 discipulis,
1844 2445 1934 2515 qni
1969 2450 2187 2514 propter

607 2564 808 2608 metmn
838 2549 1147 2604 Jndzrorum
1188 2542 1485 2598 absconditi
1526 2549 1676 2594 erant
1701 2580 1715 2604 ,
1745 2537 1958 2607 quando
1987 2533 2052 2588 ad
2093 2547 2186 2587 eos

605 2644 802 2699 clausis
833 2643 1106 2710 ingressus
1131 2646 1215 2691 est
1237 2634 1435 2704 januis,
1459 2641 1510 2685 et
1538 2630 1844 2698 putantibus
1873 2625 2012 2697 quod
2041 2625 2187 2679 vide-

606 2737 757 2782 retur
782 2727 837 2780 in
866 2709 1078 2793 spiritu,
1124 2733 1334 2782 manus,
1381 2727 1436 2771 et
1477 2716 1618 2770 latus
1660 2713 1873 2776 obtulit,
1916 2709 2101 2773 clavis,
2132 2716 2188 2761 et

605 2819 791 2874 lancea
817 2817 1152 2870 vulneratum
1189 2829 1202 2866 :
1234 2810 1378 2864 aliud
1405 2807 1618 2878 quando
1648 2805 1939 2860 secundum
1963 2803 2184 2867 Lucam,

609 2911 835 2981 praebuit
881 2925 940 2964 se
969 2909 1047 2962 eis
1076 2907 1128 2960 in
1161 2905 1335 2959 multis
1364 2901 1673 2972 argumentis
1703 2915 1792 2969 per
1819 2899 1925 2951 dies
1963 2896 2186 2962 quadra-

606 3004 767 3074 ginta,
797 3016 1050 3071 apparens
1073 2998 1144 3051 eis
1169 3006 1214 3050 et
1242 2997 1446 3066 loquens
1469 2994 1531 3046 de
1550 3008 1703 3062 regno
1733 2989 1823 3043 Dei
1854 3005 1871 3042 :
1895 2999 1940 3042 et
1970 2984 2042 3059 (b)
2069 3002 2188 3040 con-

605 3110 804 3149 uescens
851 3090 1087 3163 praecepit
1133 3089 1236 3154 eis,
1285 3087 1347 3140 ab
1391 3084 1726 3154 Jerosolymis
1775 3097 1837 3134 ne
1881 3079 2190 3133 discederent

608 3186 806 3257 (Actor.
835 3185 886 3237 l.
917 3182 993 3254 4).
1021 3179 1076 3234 1η
1107 3179 1283 3234 altero
1309 3178 1449 3232 enim
1481 3192 1576 3246 pro
1602 3173 1967 3230 consolatione
1997 3171 2189 3225 timen-

611 3282 744 3334 tium
771 3276 1072 3340 videbatur,
1105 3284 1160 3328 et
1188 3272 1471 3326 videbatur
1499 3269 1754 3333 breviter,
1780 3279 2100 3334 rursumque
2126 3279 2188 3317 ex

614 3371 788 3427 oculis
817 3367 1102 3422 tollebatur
1130 3382 1145 3420 :
1177 3365 1228 3418 in
1260 3365 1429 3417 altero
1467 3371 1643 3415 autem
1687 3369 1830 3414 tanta
1861 3358 2192 3412 familiaritas

611 3471 748 3522 erat,
774 3470 829 3516 et
865 3458 1286 3528 perseverantia,
1313 3463 1369 3508 ut
1390 3471 1509 3508 cum
1535 3454 1615 3508 eis
1642 3455 1842 3522 pariter
1862 3460 2190 3507 vesceretur.

612 3552 767 3608 Unde
796 3562 846 3606 et
879 3550 1076 3604 Paulus
1101 3547 1390 3617 Apostolus
1463 3547 1623 3618 831
1701 3545 1865 3600 refert
1896 3561 2017 3599 eum
2040 3546 2194 3613 quin-

615 3645 793 3716 gentis
821 3643 976 3697 simul
997 3643 1307 3712 apparuisse
1332 3641 1630 3708 discipulis.
1664 3639 1727 3692 Et
1756 3638 1807 3691 in
1834 3637 2041 3693 Joanne
2065 3638 2194 3707 legi-

617 3752 758 3802 mus,
788 3735 927 3806 quod
958 3734 1285 3804 piscantibus
1315 3733 1608 3802 Apostolis,
1643 3731 1694 3784 in
1725 3731 1906 3784 littore
1943 3731 2192 3794 steterit,

611 3837 668 3883 et.
697 3839 899 3898 partem
927 3826 1035 3881 assi
1064 3826 1244 3896 piscis,
1276 3823 1560 3894 favumque
1589 3823 1885 3879 comederit
1910 3839 2027 3894 qua:
2057 3838 2196 3878 verae

616 3919 1026 3976 resurrectionis
1056 3917 1250 3972 indicia
1283 3927 1426 3972 sunt.
1459 3917 1516 3971 In
1537 3915 1836 3972 Jerusalem
1858 3923 2036 3969 autem
2063 3911 2194 3968 nihil

614 4018 802 4067 borum
836 4010 1028 4064 fecisse
1068 4020 1335 4062 narratur.

685 4100 840 4156 CAP.
883 4099 1012 4154 \lIII.
1046 4130 1117 4140 ——
1141 4098 1278 4165 Quid
1309 4098 1575 4168 signiﬁcet
1604 4097 1746 4169 quod
1776 4099 1828 4152 in
1858 4096 2196 4167 Evangelista

618 4192 869 4247 Matthazo
896 4192 1155 4260 scriptum
1186 4199 1287 4256 est,
1314 4189 1467 4244 Jesus
1491 4199 1659 4244 autem
1687 4190 1916 4244 clamans
1944 4205 2060 4244 voce
2085 4206 2196 4243 ma-

614 4299 736 4355 gna,
767 4282 931 4337 emisit
967 4281 1199 4352 spiritum
1228 4297 1247 4336 :
1268 4292 1313 4335 et
1353 4283 1516 4336 velum
1563 4281 1763 4352 Templi
1801 4283 2013 4336 scissum
2044 4291 2116 4337 est
2146 4283 2197 4334 in

615 4376 746 4429 duas
788 4382 976 4445 partes,
1006 4389 1037 4425 ιι
1077 4389 1270 4426 summa
1297 4390 1455 4443 usque
1499 4373 1734 4440 deorsum
1759 4415 1773 4440 ,
1805 4383 1853 4429 et
1892 4383 2025 4428 terra
2065 4384 2199 4427 mota

617 4477 710 4535 est,
754 4477 802 4522 et
829 4477 982 4538 petrae
1007 4467 1176 4520 scisste
1213 4476 1364 4530 sunt,
1398 4476 1445 4520 et
1472 4478 1795 4522 monumenta
1818 4479 1996 4538 aperta
2032 4478 2150 4522 sunt
2180 4484 2200 4521 :

621 4567 668 4613 et
697 4557 856 4611 multa
887 4572 1103 4626 corpora
1135 4555 1465 4620 Sanctorum,
1495 4557 1581 4626 qui
1614 4557 1939 4619 dormierunt,
1968 4573 2202 4610 surrexe-

618 4659 758 4705 runt.
789 4649 858 4703 Et
893 4660 1132 4703 exeuntes
1162 4647 1224 4700 de
1266 4648 1623 4709 monumentis,
1651 4658 1762 4714 post
1789 4648 2200 4700 resurrectionem

616 4742 747 4813 ejus,
789 4750 1033 4794 uenerunt
1079 4741 1132 4794 in
1169 4748 1398 4793 sanctam
1441 4739 1714 4804 civitatem,
1762 4747 1807 4791 et
1855 4746 2202 4807 apparuerunt

619 4834 792 4888 multis
823 4833 1036 4908 (Matth.
1060 4833 1150 4886 27.
1181 4833 1270 4888 50.
1291 4843 1336 4886 et
1356 4830 1534 4904 seqq.).
1568 4832 1642 4887 De
1665 4831 1765 4886 hoc
1787 4834 1904 4886 loco
1931 4832 1980 4885 in
2011 4832 2198 4886 iisdem

618 4925 850 4980 Matthxi
894 4924 1303 4981 Commentariis
1347 4923 1716 4979 disseruimus.
1750 4923 2092 4994 Primumque
2122 4924 2202 4978 di-

617 5016 869 5084 cendum,
891 5015 1033 5087 quod
1060 5013 1336 5088 (c)divinae
1362 5015 1432 5070 sit
1456 5016 1730 5086 potentiae,
1755 5029 1955 5085 ponere
1970 5016 2198 5070 animam

687 5172 757 5246 (al
790 5172 1114 5246 N_on_diverso
1136 5183 1284 5246 sensu
1304 5204 1319 5227 ,
1358 5170 1446 5221 sed
1487 5171 1690 5246 iisdem,
1721 5172 1932 5246 iqug‘in
1961 5169 2197 5246 indieulo,

621 5233 788 5285 verbis
812 5237 1114 5284 Ambrosian.
1158 5234 1312 5295 legit,
1348 5251 1370 5278 ι
1389 5234 1516 5294 quod
1541 5233 1879 5295 pracederent
1903 5233 2201 5295 Salvatprem

620 5298 671 5346 in
697 5296 923 5357 Galilaea,
965 5304 1018 5346 et
1056 5297 1123 5344 ibi
1161 5292 1273 5344 eum
1298 5292 1555 5353 viderent,
1587 5292 1742 5342 Lucas
1779 5301 1944 5343 autem
1982 5293 2202 5343 etJoan-

621 5371 728 5412 nes.
745 5375 769 5404 ι
802 5367 897 5408 etc.

690 5420 996 5484 (b)__Quidam
1018 5419 1155 5484 codd.
1181 5425 1226 5468 et
1249 5424 1554 5484 conversatus
1585 5429 1694 5467 cum
1716 5416 2066 5484 eis_pr_tecepit,
2102 5424 2198 5484 etc.

623 5476 999 5530 hlo'x'Vibtorius
1021 5481 1172 5537 addit,
1197 5481 1287 5530 sed
1311 5486 1621 5542 expectarent
1640 5476 1999 5542 prontz'Ssionem
2024 5478 2199 5540 Patris,

622 5549 917 5610 quartanam)
944 5545 1171 5610 ignorant
1195 5540 1565 5610 Hieronymiana
1590 5540 1907 5610 enempla‘ria‘.

622 5601 759 5710 mg?
775 5601 915 5710 e(iris.
955 5601 1051 5650 duo
1090 5603 1219 5665 quod
1258 5601 1433 5653 divina:
1477 5603 1696 5665 potentiae
1736 5601 1972 5654 indicium
2014 5603 2076 5654 sit
2116 5617 2199 5668 p0-

739 5694 755 5721 .
775 5692 872 5710 νυιυο

1885 226 2131 294 ΒΑΝΟΤΙ
2172 226 2546 288 IIIERONYMI

3760 224 3896 279 99?.

2271 347 2484 416 quando
2527 346 2778 410 voluerit,
2823 354 2878 400 et
2917 357 3128 400 rursum
3159 342 3403 414 accipere
3443 355 3590 398 eam.
3621 341 3894 414 Denique

2271 437 2527 492 Centurio
2555 437 2781 491 audiens
2806 451 2929 490 eum
2961 435 3163 490 dixisse
3190 435 3255 489 ad
3289 435 3503 490 Patrem
3538 453 3553 486 :
3588 434 3658 489 In
3688 452 3890 491 ntanua

2273 537 2386 583 tuas
2430 530 2724 582 commendo
2752 528 2985 599 spiritum
3011 543 3177 581 meum
3217 527 3369 597 (Luc.
3397 528 3491 582 25.
3519 527 3642 596 ιθ),
3673 536 3730 582 et
3757 539 3887 583 sta-

2276 620 2370 674 tim
2415 621 2660 688 spiritum
2693 630 2884 689 sponte
2913 618 3180 673 dimisisse
3201 659 3217 682 ,
3248 628 3548 672 commotus
3579 619 3720 687 signi
3751 634 3844 674 ma
3865 650 3885 659 ο

2274 710 2571 781 gnitudine,
2604 710 2678 764 ait
2708 726 2721 762 :
2762 709 2888 762 Vere
2915 709 3012 764 Dei
3042 709 3214 764 Filius
3243 719 3348 763 erat
3372 709 3484 762 iste.
3512 709 3706 764 Velum
3735 726 3884 781 quo-

2277 816 2381 870 que
2426 799 2632 869 Templi
2685 800 2912 854 scissum
2958 811 3041 854 est
3070 801 3122 854 in
3175 799 3309 854 duas
3350 807 3578 868 partes;
3624 809 3686 854 ut
3713 816 3878 854 eom-

2281 895 2527 964 pleretur
2554 893 2706 957 illud,
2730 892 2870 963 quod
2890 891 3055 947 refert
3070 890 3355 962 Josephus,
3376 892 3633 960 praesides
3657 893 3874 963 Templi

2276 984 2477 1039 dixisse
2522 985 2748 1038 virtutes
2793 982 2914 1054 :(d)
2945 981 3287 1036 Transeamus
3326 998 3390 1036 ea:
3433 982 3514 1035 Itis
3554 985 3779 1037 sedibus.
3811 983 3878 1039 In

2280 1075 2573 1146 Evanger
2612 1084 2791 1129 autem
2839 1073 2981 1144 quod
3030 1073 3310 1130 Hebraicis
3359 1073 3551 1129 litteris
3607 1075 3874 1146 scriptum

2279 1178 2362 1223 est
2402 1167 2502 1239 (l),
2545 1168 2791 1238 legimus,
2840 1184 2945 1222 non
2992 1167 3167 1222 velum
3210 1165 3418 1237 Templi
3469 1168 3742 1233 scissum;
3772 1171 3871 1224 sed

2280 1261 2691 1330 snperliminare
2726 1259 2931 1326 Ternpli
2973 1259 3124 1312 miras
3164 1258 3548 1326 magnitudinis
3574 1261 3866 1314 corruisse.

2280 1347 2462 1417 Terra,
2510 1350 2703 1420 inquit,
2749 1359 2885 1402 mota
2923 1359 3017 1415 est,
3050 1349 3368 1418 pendentem
3401 1350 3684 1404 Dominum
3711 1363 3869 1405 suum

2283 1440 2428 1496 ferre
2455 1457 2561 1495 non
2607 1442 2881 1495 sustinens
2906 1455 2921 1504 ;
2952 1449 3001 1494 et
3025 1451 3184 1508 petra!
3209 1441 3384 1494 scisse
3405 1451 3544 1506 sunt,
3578 1450 3637 1495 ut
3661 1441 3868 1496 indica-

2281 1545 2401 1589 rent
2427 1535 2675 1590 duritiam
2705 1533 3036 1600 Judmorum,
3069 1533 3156 1603 qui
3187 1543 3506 1602 pra'sentem
3553 1534 3645 1588 Dei
3673 1533 3866 1590 Filium

2285 1627 2582 1696 intelligere
2623 1626 2951 1690 noluerunt;
2994 1634 3040 1679 et
3069 1633 3391 1678 monumenta
3419 1634 3597 1693 aperta
3644 1635 3784 1689 sunt,
3815 1626 3869 1680 in

2282 1721 2494 1790 signum
2541 1720 2732 1773 futura.-
2776 1718 3220 1782 resurrectionis;
3252 1715 3512 1784 multaque
3559 1716 3870 1771 Sanctorum

2283 1826 2500 1880 corpora
2532 1810 2767 1862 exeuntia
2809 1809 2873 1861 de
2898 1807 3163 1877 sepulcris,
3192 1817 3430 1859 venerunt
3461 1807 3517 1859 in
3545 1817 3782 1859 sanctam
3809 1807 3874 1858 ci-

2285 1903 2510 1966 vitatem,
2535 1909 2580 1954 et
2605 1909 2952 1971 apparuerunt
2977 1897 3170 1952 multis.
3193 1898 3442 1954 Sanctam
3471 1897 3772 1962 civitatem,
3803 1898 3870 1964 (e)

2284 1991 2672 2063 Jerosolymam
2719 1990 2978 2046 debemus
3023 1991 3307 2059 accipere.
3353 1989 3416 2043 ad
3463 1989 3870 2043 distinctionem

2287 2085 2525 2138 omnium
2569 2083 2866 2148 civitatum,
2900 2098 3018 2152 qua:
3069 2093 3192 2137 tunc
3241 2082 3395 2140 idolis
3436 2080 3771 2135 serviebant.
3818 2081 3868 2136 In

2289 2177 2390 2231 hac
2415 2176 2558 2230 enim
2590 2175 2704 2230 sola
2733 2174 2829 2228 fuit
2857 2173 3160 2243 Templum,
3190 2181 3245 2228 et
3283 2172 3439 2226 unius
3465 2171 3559 2226 Dei
3588 2171 3794 2234 cultus,
3820 2181 3872 2225 et

2289 2286 2411 2326 vera
2431 2270 2618 2340 religio
2643 2287 2657 2322 ς
2681 2278 2734 2323 et
2757 2285 2862 2322 non
2886 2267 3134 2321 omnibus
3154 2273 3539 2335 apparuerunt,
3559 2262 3656 2318 sed
3679 2263 3867 2326 multis,

2287 2363 2375 2432 qui
2405 2368 2772 2430 resurgentem
2807 2358 3086 2412 Dominum
3119 2364 3494 2424 susceperunt.

2358 2454 2413 2508 2.
2448 2452 2649 2507 Deinde
2674 2451 2824 2522 juxta
2854 2463 3128 2520 anagogen
3169 2447 3453 2502 dicendum
3483 2454 3587 2512 est,
3619 2446 3763 2516 quod
3794 2445 3871 2500 in-

2289 2545 2555 2599 clamante
2581 2543 2732 2610 Jesu,
2777 2551 2830 2597 et
2857 2542 3138 2596 emittente
3167 2541 3434 2610 spiritum,
3460 2540 3638 2594 velum
3667 2539 3870 2608 Templi

2291 2641 2517 2694 scissum
2550 2640 2620 2693 sit
2652 2639 2704 2692 in
2730 2637 2864 2692 duas
2891 2647 3068 2706 partes
3094 2651 3124 2689 a
3151 2649 3362 2690 summo
3389 2649 3558 2704 usque
3585 2633 3871 2688 deorsum:

2290 2733 2452 2805 832
2527 2741 2582 2786 et
2639 2730 2816 2786 omnia
2862 2727 3019 2799 Legis
3062 2728 3170 2783 sint
3215 2727 3447 2782 revelata
3492 2726 3791 2795 mysteria;
3821 2734 3877 2778 ut

2292 2842 2410 2896 quae
2442 2823 2586 2894 prius
2615 2822 2889 2877 recondita
2939 2819 3289 2883 tenebantur,
3319 2816 3587 2872 universis
3629 2816 3880 2886 gentibus

2294 2915 2666 2985 proderentur.
2712 2913 2767 2967 In
2798 2913 2932 2966 duas
2960 2920 3137 2966 autem
3171 2919 3349 2979 partes
3371 2950 3385 2972 ,
3417 2909 3468 2962 in
3512 2917 3670 2962 vetus
3698 2917 3754 2962 et
3781 2919 3880 2959 no-

2293 3022 2416 3059 vum
2446 3003 2848 3059 Testamentum
2875 3018 2890 3065 ;
2921 3010 2974 3055 et
3002 3017 3030 3053 a
3060 3015 3272 3054 summo
3314 3011 3480 3068 usque
3504 2996 3780 3059 deorsum,
3812 2995 3884 3050 ab

2294 3096 2446 3151 initio
2480 3093 2686 3158 mundi,
2733 3091 2947 3162 quando
2986 3089 3148 3146 homo
3173 3088 3421 3146 conditus
3447 3098 3560 3149 est.
3592 3098 3647 3141 et
3677 3087 3884 3156 reliqua

2295 3204 2414 3258 qua:
2444 3188 2579 3242 facta
2607 3195 2732 3240 sunt
2759 3187 2809 3238 in
2839 3183 3038 3249 medio,
3067 3197 3218 3238 saera
3242 3189 3422 3236 narrat
3442 3178 3685 3245 historia,
3711 3192 3885 3248 usque

2296 3279 2361 3333 ad
2409 3277 2927 3332 consummationem
2960 3275 3166 3329 mundi.
3211 3273 3279 3327 Et
3313 3271 3696 3343 quaerendum,
3737 3272 3887 3342 quod

2295 3370 2472 3425 velum
2500 3368 2709 3438 Templi
2737 3369 2961 3422 scissum
2991 3366 3080 3431 sit,
3109 3365 3344 3421 exterius
3363 3406 3379 3431 ,
3408 3364 3476 3436 (Γ)
3512 3379 3578 3418 an
3611 3363 3839 3418 interius
3861 3367 3888 3415 ’ξ

2296 3464 2420 3518 Mihi
2444 3463 2656 3516 videtur
2674 3463 2725 3516 in
2748 3461 2994 3530 paSsione
3021 3457 3229 3512 Domini
3248 3455 3375 3510 illud
3398 3456 3574 3509 velum
3599 3470 3724 3510 esse
3750 3470 3887 3510 con-

2299 3554 2550 3617 scissum.
2575 3553 2716 3624 quod
2748 3554 2803 3607 in
2835 3551 3198 3611 tabernaculo.
3229 3558 3282 3604 et
3306 3549 3358 3604 in
3380 3548 3603 3617 Temple
3633 3547 3767 3602 foris
3791 3562 3889 3617 po-

2298 3649 2458 3701 situm
2491 3645 2662 3700 fuerat
2689 3662 2704 3710 ;
2732 3655 2786 3699 et
2809 3643 3180 3714 appellabatur
3200 3643 3432 3698 exterius
3463 3659 3477 3694 :
3512 3639 3648 3707 Quia
3668 3657 3806 3695 nunc
3825 3657 3892 3694 ex

2301 3749 2445 3808 parte
2485 3739 2743 3804 videmus,
2785 3749 2830 3792 et
2865 3755 2928 3792 ex
2969 3747 3112 3806 parte
3146 3735 3510 3807 cognoscimus.
3545 3733 3676 3790 Cum
3716 3746 3886 3788 autem

2301 3834 2487 3885 uenerit
2513 3830 2648 3900 quod
2686 3829 2965 3899 perfectum
2993 3839 3065 3883 est
3093 3829 3167 3898 (l.
3199 3828 3316 3882 Cor.
3347 3827 3434 3882 l3.
3463 3827 3515 3882 9.
3541 3837 3590 3879 et
3617 3824 3732 3896 10),
3761 3835 3886 3879 tunc

2301 3932 2354 3978 et
2387 3923 2562 3977 velum
2591 3923 2813 3978 interius
2835 3920 3244 3991 dirumpendum
3277 3929 3360 3975 est
3389 3936 3402 3972 ε
3437 3930 3492 3974 ut
3518 3920 3698 3974 omnia
3723 3935 3842 3990 quae
3863 3961 3880 3984 ,

2303 4031 2444 4070 nunc
2473 4015 2628 4069 nobis
2671 4013 2981 4069 abscondita
3011 4023 3156 4075 sunt.
3188 4013 3378 4066 domus
3406 4011 3498 4065 Dei
3527 4021 3881 4074 sacramenta,

2302 4106 2598 4161 videamus.
2636 4105 2921 4160 Videamus
2951 4103 3074 4173 quid
3097 4103 3399 4174 signiﬁcent
3437 4101 3544 4156 duo
3567 4100 3880 4164 Cherubim,

2302 4197 2426 4266 quid
2453 4195 2761 4261 Oraculum,
2794 4195 2918 4266 quid
2949 4211 3040 4251 vas
3065 4210 3308 4258 aureum,
3352 4195 3404 4248 in
3435 4209 3542 4263 quo
3575 4208 3767 4248 manna
3797 4208 3883 4247 re-

2301 4291 2594 4346 conditum‘
2617 4288 2735 4344 fuit.
2768 4287 2923 4343 Nunc
2961 4289 3092 4343 enim
3133 4304 3222 4359 per
3264 4288 3523 4359 speculum
3566 4287 3790 4341 uidemus
3834 4287 3886 4339 in

2303 4385 2570 4454 (enigmate
2612 4381 2789 4454 (Ibid.
2835 4382 2936 4452 12)
2970 4401 2982 4436 :
3015 4391 3069 4435 et
3097 4397 3216 4436 cum
3264 4381 3497 4434 historia:
3526 4381 3681 4435 nobis
3711 4379 3884 4433 velum

2305 4477 2528 4530 scissum
2552 4475 2640 4540 sit,
2665 4483 2723 4528 ut
2744 4475 3104 4542 ingrediamur
3119 4473 3308 4528 atrium
3333 4472 3446 4535 Dei,
3479 4481 3652 4526 tamen
3675 4480 3882 4526 secreta

2303 4566 2418 4635 ejus
2443 4575 2499 4622 et
2525 4566 2770 4621 universa
2799 4566 3051 4637 mysteria
3072 4607 3086 4629 ,
3114 4581 3232 4635 qua:
3261 4566 3312 4619 in
3344 4565 3546 4620 caelesti
3576 4564 3876 4618 Jerusalem

2306 4663 2482 4714 clausa
2515 4660 2834 4727 retinentur,
2861 4659 3001 4713 scire
3023 4673 3128 4712 non
3161 4671 3460 4727 possumus.
3493 4656 3650 4724 Igitur
3673 4655 3723 4705 in
3746 4669 3883 4721 pas-

2305 4755 2454 4806 sione
2506 4751 2713 4805 Domini
2757 4762 2894 4804 terra
2935 4760 3203 4805 commota
3245 4758 3346 4813 est,
3387 4747 3530 4815 juxta
3575 4743 3699 4798 illud
3734 4745 3884 4812 quod

2306 4847 2560 4914 scriptum
2587 4852 2670 4898 est
2696 4844 2747 4897 in
2781 4847 2974 4913 Aggzeo
3003 4858 3018 4908 ;
3051 4843 3230 4896 Adhuc
3256 4839 3434 4903 semel,
3461 4847 3506 4891 et
3543 4851 3636 4905 ego
3676 4835 3886 4889 movebo

2368 4982 2447 5044 (ά)
2479 4980 2590 5030 Vid.
2630 4981 2679 5030 in
2720 4981 2861 5042 epist.
2895 4977 3070 5044 XVIII.
3110 4978 3168 5027 ad
3193 4977 3451 5027 Damasum
3473 4986 3608 5022 num.
3641 4971 3690 5021 9.
3725 4984 3836 5033 quae
3863 4985 3888 5019 ε

2307 5041 2446 5093 nobis
2467 5044 2529 5092 de
2556 5044 2644 5093 bac
2665 5041 2909 5091 sententia
2931 5041 3233 5089 adnotantur.

2372 5108 2440 5167 (ρ)
2476 5105 2782 5167 Confergute
2805 5104 3018 5167 diximus
3040 5104 3088 5150 in
3106 5104 3252 5163 epist.
3271 5097 3371 5147 LX.
3397 5097 3456 5147 ad
3477 5096 3670 5147 Heliod.
3690 5109 3820 5144 num.
3839 5095 3884 5141 5.

2308 5178 2356 5219 et
2383 5163 2431 5216 in
2459 5170 2599 5230 epist.
2626 5163 2946 5230 XLVI_._nuI_n.
2971 5163 3020 5211 7.

2371 5231 2444 5293 (Γ)
2479 5219 2746 5293 Perperam
2769 5225 2988 5275 Martian.
3015 5219 3563 5293 nisi_forte_typ9gr3|ibi
3589 5221 3762 5293 mendo
3785 5228 3885 5293 est,

2306 5281 2619 5343 an‘aitterius.
2647 5289 2822 5349 Notum
2847 5300 2991 5349 porro
3023 5299 3085 5334 ex
3109 5281 3413 5349 Josepho‘dé
3435 5281 3580 5349 Be_llo
3605 5281 3638 5330 Ι.
3670 5283 3726 5349 6._
3743 5295 3784 5331 c.
3813 5282 3885 5331 14.

2305 5357 2404 5405 duo
2429 5355 2473 5402 in
2499 5351 2680 5415 templo
2705 5348 2828 5415 vela“
2847 5343 3330 5415 extitisse,_alterum
3352 5352 3477 5415 ante
3488 5343 3673 5415 §aneta
3697 5345 3890 5415 Sancto-

2307 5432 2411 5466 rum
2427 5451 2442 5475 ,
2467 5405 2674 5466 alterum
2697 5413 2766 5475 (ad
2789 5408 3111 5475 'l‘abernaculi
3137 5407 3429 5475 ingressum.
3460 5405 3668 5475 Hieron.
3703 5407 3781 5468 qui
3806 5420 3891 5454 e1-

2308 5467 2465 5529 teriu's
2509 5477 2636 5527 istud
2684 5474 2832 5522 fuisse
2875 5467 3450 5529 conscissumopinatur,
3499 5467 3769 5527 Origenein
3798 5482 3892 5529 νεμτ

2308 5526 2449 5590 cutus
2473 5526 2582 5588 est.
2621 5535 2846 5599 plerique
2885 5533 3014 5580 enirn
3053 5529 3135 5578 alii
3176 5528 3482 5589 interpretes
3523 5526 3730 5578 imm-iu,-
3766 5526 3893 5580 aliud

2307 5605 2561 5652 accipiunt.

2373 5617 2795 5725 (ltlluT‘lilrangelium
2818 5656 3189 5706 Nasarenorum.
