4026 6186
170 269 274 324 993

169 385 352 439 cretum
376 387 422 434 et
448 376 630 433 territat
664 390 682 429 :
705 383 753 429 et
779 372 936 427 veniet
972 368 1283 425 desideratus
1302 366 1493 420 cunctis
1517 365 1746 436 gentibus

171 474 327 546 (A99.
355 471 412 526 2.
443 470 495 524 7.
522 470 577 537 8)
603 486 618 533 ;
652 475 709 520 ut
732 465 800 518 ab
827 463 1046 518 Oriente
1070 469 1123 513 et
1145 457 1432 514 Occidente
1454 456 1673 546 veniant
1692 463 1747 510 et

173 543 488 620 recumbam
516 573 636 613 cum
663 554 952 614 Abraham,
983 551 1150 616 Isaac,
1173 558 1229 604 et
1252 548 1418 603 Jacob
1447 543 1658 618 (Matth.
1690 552 1744 599 8.

173 656 198 708 1
215 654 287 722 l).
317 651 382 705 Et
405 658 555 718 petra
573 647 740 700 scissa:
759 651 894 707 sunt,
919 642 969 695 id
995 650 1078 696 est
1097 640 1230 694 dura
1251 638 1409 694 corda
1433 636 1706 706 gentilium
1729 647 1744 698 ;

170 747 284 799 sive
315 752 512 814 petrae,
546 739 792 792 universa
825 734 1074 789 vaticinia
1118 731 1508 802 Prophetarum
1532 770 1547 794 ,
1578 727 1668 798 qui
1693 735 1748 782 et

173 837 269 904 ipsi
300 834 375 905 (a)
401 847 427 884 a
457 839 627 900 petra,
662 828 766 884 hoc
794 836 896 891 est,
925 841 956 880 a
980 825 1194 880 Christo
1213 839 1335 878 cum
1364 820 1634 891 Apostolis
1659 835 1750 889 pc-

171 937 268 979 Ira:
309 922 624 976 vocabulum
664 925 1111 988 acceperuntzut
1139 913 1393 984 quidquid
1421 912 1473 966 in
1505 910 1584 965 eis
1611 909 1749 965 duro

170 1015 325 1085 Legis
369 1013 635 1067 velamine
680 1009 1046 1072 claudebatur,
1079 1006 1305 1061 scissum
1347 1011 1552 1074 pateret
1579 1001 1750 1071 genti-

170 1107 288 1160 bus.
336 1104 678 1159 Monumeuta
709 1115 942 1171 quoque,
974 1098 1041 1154 de
1080 1097 1276 1167 quibus
1317 1095 1577 1164 scriptum
1616 1103 1699 1146 est
1730 1106 1745 1145 :

181 1197 277 1252 Vos
306 1198 426 1252 estis
450 1195 684 1266 sepulcra
703 1195 1013 1248 extrinsecus
1038 1190 1290 1256 dea/beta,
1311 1204 1424 1258 qua:
1444 1188 1579 1242 intus
1599 1187 1750 1256 plena

165 1298 287 1342 sunt
317 1288 514 1342 ossibus
558 1295 873 1339 mortuorum
902 1283 1116 1357 (Matth.
1165 1283 1256 1337 23.
1301 1280 1416 1352 27),
1464 1280 1584 1334 ideo
1627 1285 1751 1331 sunt

164 1387 374 1446 aperta,
407 1387 467 1431 ut
490 1375 876 1446 egrederentur
901 1374 970 1429 de
1000 1373 1104 1436 his,
1137 1372 1226 1442 qui
1258 1372 1402 1441 prius
1426 1371 1479 1424 in
1525 1367 1750 1423 intideli-

168 1477 275 1521 tate
302 1467 503 1520 mortui
543 1474 720 1529 erant,
753 1472 806 1517 et
835 1478 958 1518 cum
986 1471 1300 1531 resurgente
1325 1458 1562 1524 Christo,
1591 1466 1750 1526 atque

167 1560 404 1625 vivente,
433 1559 681 1612 viverent
707 1555 922 1627 (Epltes.
952 1553 1031 1625 2),
1064 1562 1119 1608 et
1144 1551 1554 1623 ingrederentur
1580 1550 1746 1604 caele-

165 1662 298 1705 stem
339 1648 642 1704 Jerusalem
667 1663 687 1711 ;
715 1654 771 1701 et
801 1645 1060 1698 haberent
1099 1641 1480 1710 municipatum
1503 1679 1517 1702 ,
1544 1653 1746 1708 nequa-

164 1755 323 1810 quam
352 1738 405 1792 in
441 1748 604 1802 terra,
633 1738 728 1791 sed
769 1735 820 1789 in
851 1734 988 1790 ctelo
1013 1749 1028 1799 ;
1059 1733 1457 1800 morientesque
1494 1743 1614 1783 cum
1644 1737 1748 1782 ter-

163 1844 295 1884 reno
333 1827 534 1890 Adam,
579 1833 924 1894 resurgerent
971 1837 1091 1876 cum
1139 1820 1306 1874 Adam
1355 1817 1742 1886 supercmlesd.

165 1924 332 1976 Porro
359 1917 659 1974 secundum
700 1917 929 1971 litteram
953 1956 966 1975 .
996 1913 1124 1968 nulli
1151 1912 1441 1966 violentmn
1515 1909 1676 1981 833

163 2029 283 2068 esse
313 2012 583 2074 videatur,
616 2019 828 2064 mortuo
859 2008 1135 2063 Salvatore
1165 2003 1422 2074 appellari
1451 2002 1745 2058 Jerusalem

163 2112 404 2158 sanctam
461 2101 770 2164 civitatem;
825 2115 946 2152 cum
999 2112 1169 2167 usque
1212 2095 1278 2149 ad
1327 2094 1745 2149 destructionem

160 2193 277 2262 ejus
305 2206 526 2261 semper
552 2191 791 2258 Apostoli
819 2188 1096 2255 Templum
1140 2185 1367 2255 ingressi
1416 2185 1555 2246 sint;
1599 2191 1652 2234 et
1680 2183 1750 2234 ob

161 2282 480 2336 scandalum
509 2296 696 2335 eorum
717 2322 732 2342 ,
764 2281 852 2348 qui
881 2278 949 2332 de
971 2277 1175 2332 Judmis
1203 2274 1564 2338 crediderant,
1595 2272 1750 2340 chis

159 2373 508 2428 exercuerint
535 2370 904 2426 cmremonias.
938 2368 990 2422 In
1021 2376 1224 2420 tantum
1253 2374 1429 2418 autem
1455 2362 1748 2417 Jerusalem

161 2463 361 2516 amavit
386 2462 670 2527 Dominus,
695 2471 751 2515 ut
773 2461 925 2514 lleret
949 2473 1090 2523 eam,
1111 2466 1167 2512 et
1191 2456 1462 2525 plangeret
1482 2453 1627 2525 (Luc,
1663 2452 1748 2507 l9.

162 2555 277 2622 41),
307 2562 364 2606 et
391 2551 640 2622 pendens
672 2553 722 2605 in
752 2566 912 2605 cruce
941 2550 1253 2618 loqueretur
1286 2565 1299 2600 :
1334 2544 1511 2609 Pater,
1551 2546 1752 2614 ignosce

162 2645 263 2698 illis
292 2659 312 2696 :
341 2645 487 2715 quod
512 2645 643 2697 enim
683 2642 895 2713 faciunt,
932 2643 1161 2694 nesciunt
1190 2637 1351 2709 (Ibid.
1379 2636 1468 2692 ‘25.
1502 2638 1612 2701 34).
1644 2635 1749 2688 lla-

167 2753 269 2805 que
313 2735 659 2805 impetravit,
700 2734 842 2805 quod
871 2734 1096 2802 petierat
1128 2748 1141 2786 :
1173 2731 1442 2800 multaque
1483 2730 1657 2782 statim
1683 2728 1751 2782 de

166 2827 365 2882 Judzeis
396 2827 564 2880 millia
595 2825 962 2887 crediderunt,
995 2832 1049 2876 ct
1092 2837 1263 2890 usque
1291 2820 1357 2874 ad
1403 2819 1748 2890 quadragesi-

172 2933 312 2971 mum
343 2916 640 2972 secundum
673 2931 870 2970 annum
899 2915 1081 2968 datum
1115 2921 1199 2968 cst
1227 2912 1299 2983 (b)
1324 2912 1371 2966 ei
1405 2923 1610 2980 tempus
1640 2925 1750 2978 prie-

171 3009 431 3062 nitentiae.
460 3007 589 3060 Post
614 3021 767 3075 quos,
801 3004 1268 3074 perseverantibus
1299 3003 1403 3056 illis
1433 3002 1484 3056 in
1525 3001 1745 3065 malitia,

171 3097 371 3165 egressi
401 3106 522 3150 sunt
554 3096 660 3149 duo
690 3095 798 3147 ursi
829 3095 896 3148 de
920 3094 1069 3148 silvis
1105 3094 1340 3163 gentium
1366 3088 1747 3156 Rornarmrurn,

174 3188 572 3258 Vespasianus,
621 3195 676 3241 et
717 3187 908 3240 Titus:
937 3194 992 3240 et
1035 3184 1466 3254 blaspbernantes
1511 3199 1703 3252 pueros
1731 3223 1748 3250 ,

169 3275 497 3331 ascendente
521 3289 650 3329 vero
683 3273 878 3328 Elisreo
908 3273 961 3327 in
992 3273 1197 3326 domum
1222 3272 1320 3326 Dei
1349 3272 1474 3344 (hoc
1503 3274 1643 3326 enim
1672 3274 1752 3327 in-

173 3376 502 3436 terpretatur
528 3365 725 3434 Bethel)
766 3379 899 3419 voce
936 3379 1170 3419 consona
1204 3364 1488 3418 illudentes
1531 3365 1751 3419 interl‘e-

172 3465 383 3520 cerunt,
435 3465 597 3526 atque
643 3456 1012 3510 laceraveruut
1061 3455 1139 3521 (4.
1186 3454 1311 3524 Reg.
1352 3455 1409 3525 2)
1454 3465 1550 3510 :et
1581 3471 1646 3510 ex
1687 3471 1752 3510 eo

175 3555 414 3617 tempore
439 3545 735 3601 Jerusalem
759 3560 864 3599 non
890 3545 1188 3614 appellatur
1207 3543 1395 3597 civitas
1414 3555 1594 3598 sancta
1620 3563 1634 3598 :
1658 3545 1752 3599 sed

174 3639 511 3692 sanctitatem
539 3647 594 3691 et
625 3636 905 3707 pristinum
935 3651 1130 3690 nomen
1161 3637 1434 3698 amittens,
1463 3637 1754 3706 spirituali-

177 3738 254 3784 ter
279 3739 500 3784 vocatur
529 3729 784 3794 Sodoma,
830 3738 884 3784 et
912 3727 1176 3799 Az‘gyptus
1207 3745 1220 3783 :
1255 3737 1311 3782 ut
1338 3729 1630 3784 :cdilicetur
1658 3745 1753 3797 pro

175 3837 237 3875 ea
260 3823 450 3877 civitas
483 3837 641 3887 n0va,
672 3837 831 3891 quam
858 3821 1091 3875 fluminis
1118 3822 1344 3890 impetus
1373 3821 1607 3876 lretiﬁcat
1635 3819 1750 3892 (Ps.

174 3910 263 3966 45.
291 3913 345 3981 5)
371 3929 386 3976 ;
409 3921 465 3968 et
486 3912 556 3966 de
577 3911 728 3977 cujus
745 3911 922 3966 medio
943 3912 1212 3981 egreditur
1228 3911 1367 3976 fons,
1385 3912 1472 3980 qui
1499 3912 1660 3966 totius
1677 3913 1752 3980 (ε)

175 4002 318 4058 orbis
362 4001 775 4057 amaritudinem
822 4001 1087 4070 mitigavit
1117 4019 1130 4054 :
1157 4012 1214 4055 ut
1245 4002 1561 4055 miserabilis
1593 4001 1754 4056 Israel

176 4094 353 4148 ruinas
382 4093 620 4162 Templi,
645 4093 854 4147 nudatis
879 4092 1090 4162 plangat
1112 4093 1325 4146 lacertis
1348 4109 1362 4149 :
1385 4104 1438 4147 et
1467 4095 1517 4147 in
1539 4093 1756 4149 Christo

179 4184 326 4238 turba
358 4184 715 4250 credentium,
749 4198 884 4238 nova
925 4184 1163 4253 quotidie
1191 4185 1367 4239 videat
1394 4186 1645 4242 Ecclesia:
1675 4197 1756 4242 te«

177 4284 256 4328 cta
284 4290 637 4346 consurgere,
667 4283 721 4330 et
747 4275 888 4329 dicat
909 4274 1060 4340 Sion,
1085 4275 1344 4344 Angustus
1369 4276 1492 4328 mihi
1521 4276 1660 4330 locus
1685 4287 1758 4330 est

181 4365 326 4433 (Isai.
353 4369 443 4424 49.
465 4368 564 4438 20)
591 4385 603 4420 :
629 4366 1022 4437 implenturque
1046 4366 1199 4434 illud,
1224 4367 1364 4436 quod
1393 4369 1443 4421 in
1469 4367 1602 4421 Isaia
1626 4369 1758 4422 scri-

183 4467 322 4525 ptum
373 4472 458 4517 est
503 4461 618 4516 :Et
665 4461 757 4514 erit
801 4460 1092 4530 sepulcrum
1140 4461 1250 4527 ejus
1294 4461 1540 4531 inclytum
1593 4460 1754 4527 (Ibid.

183 4551 406 4624 “.10).

248 4642 400 4700 CAP.
422 4646 516 4702 1X.
530 4676 599 4687 —
613 4644 893 4714 Quomodo
922 4644 1165 4701 Salvator
1185 4645 1476 4701 secundum
1499 4645 1757 4701 Joannem

184 4731 500 4809 (Joait.20),
547 4737 831 4793 insufﬂavil
874 4737 1129 4808 Spiritum
1173 4737 1422 4793 Sanctum
1460 4739 1510 4792 in
1546 4748 1758 4794 sanctos

186 4825 224 4874 Α
234 4827 470 4890 postolos
490 4867 506 4892 ,
529 4838 584 4882 et
609 4826 905 4883 secundum
926 4826 1148 4891 Lucam,
1177 4835 1296 4896 post
1315 4830 1678 4883 ascensionem
1699 4844 1759 4884 se

187 4901 468 4972 missurum
489 4919 846 4988 repromittit?
868 4917 1036 4989 Hujus
1053 4919 1364 4989 quaestionis
1381 4921 1645 4990 perfacilis
1671 4937 1759 4977 so-

253 5085 324 5151 (a)
358 5091 590 5142 victorius
612 5106 642 5142 a
659 5102 800 5146 Petra
821 5096 1010 5147 Christo

355 5171 428 5221 Ex
438 5175 662 5245 _Victorio
679 5179 947 5245 addidimus
968 5181 1030 5230 ei.
1058 5180 1170 5245 Mox
1194 5181 1332 5231 codd.
1359 5182 1472 5232 Mss.
1495 5183 1693 5245 habent,
1713 5186 1764 5236 in

194 5224 476 5308 magna
497 5224 584 5308 βέσ
605 5224 1472 5308 materianda;agrarias};
1495 5224 1762 5308 ῖῖῑξεέίιῑις

195 5286 358 5369 {affici
365 5286 570 5369 historia
591 5338 603 5357 ,
628 5286 1384 5369 qa¢"sgcé‘.{i;.;;éﬁ’ihagiagi:
1414 5286 1610 5369 Τρῦὶειῖῖ
1619 5286 1762 5369 Siti-ii

197 5361 378 5424 [egressi
401 5367 513 5410 sunt
533 5361 598 5424 de
622 5361 848 5424 civitate,
889 5364 1159 5414 illudebant
1184 5367 1230 5414 ei
1268 5361 1517 5424 dicentes,
1551 5361 1763 5420 ascende

196 5409 363 5489 9}}‘9,_
382 5409 589 5489 ascende
610 5409 1535 5489 ..κε-άυίίέῑιωῖεξβέέεεξέῑῑξῑιῑι
1551 5409 1766 5488 “satis

198 5469 440 5554 {intentavit
473 5469 581 5554 eos
607 5469 663 5554 iii
680 5469 898 5554 έιόὡίῖιὲ
927 5469 1168 5545 Βὸἷηίπῖἷῖ
1178 5469 1763 5554 ἒὲοὲἑίέιιᾷἔὲυἷιῗᾶιῖὁ

199 5537 391 5638 ξιηῗξηιὲε
409 5542 542 5638 1ξιιιιιι
560 5579 574 5604 ,
614 5553 668 5595 et
703 5544 1040 5597 laceraverunt
1079 5537 1149 5597 ex'
1184 5537 1257 5598 eis
1293 5537 1767 5613 quadraginta—duos

203 5608 384 5653 pulcros.
409 5616 431 5645 ι

262 5654 329 5715 (cl
361 5661 660 5716 Ambrosiam
691 5667 942 5718 exemnlar
965 5667 1106 5719 totius
1128 5668 1276 5721 urbis.

1517 247 1843 308 EPISTOLA
1881 246 2048 304 CXX.

3325 248 3430 306 θυι

1855 362 1985 416 lutio
2004 369 2104 426 est,
2127 362 2171 416 si
2192 360 2418 418 docente
2438 361 2692 434 Apostolo
2713 362 3129 433 Paulo,Spiritus
3148 363 3329 420 Sancti
3353 365 3434 420 di—

1855 469 2038 508 versas
2062 455 2256 524 gratias
2275 456 2598 509 noverimus.
2615 453 2809 510 Scribit
2825 456 2965 510 enim
2987 457 3038 510 in
3063 456 3231 525 prima
3248 457 3312 511 ad
3327 457 3432 512 Co-

1855 544 2080 597 rinthios
2102 544 2333 612 Epistola
2365 561 2377 597 :
2415 563 2433 594 r
2469 545 2762 600 Divisiones
2787 545 3048 599 donorum
3088 557 3240 607 sunt,
3284 548 3423 602 idem

1855 647 1982 688 vero
2005 633 2270 703 Spiritus:
2296 644 2350 690 et
2375 635 2661 691 divisiones
2683 637 3091 692 ministeriorum
3118 648 3258 702 sunt,
3283 640 3423 695 idem

1853 734 2026 778 autem
2054 726 2335 780 Dominus:
2361 736 2414 781 et
2428 727 2717 782 divisiones
2737 730 3104 797 Operationum
3125 741 3266 797 sunt,
3288 733 3425 788 idem

1853 825 2028 869 autem
2053 816 2213 883 Deus,
2243 819 2331 886 qui
2360 827 2612 888 operatur
2638 821 2816 874 omnia
2840 821 2890 874 in
2921 823 3189 876 omnibus.
3217 823 3430 878 Unicui-

1853 921 1956 975 que
1973 916 2149 961 autem
2180 908 2335 962 datur
2367 909 2724 964 manifestatio
2752 912 2990 980 spiritus.
3024 914 3103 981 (τι)
3121 913 3186 968 ad
3209 914 3260 967 id
3285 915 3424 984 quod

1852 997 2091 1066 expedit.
2116 999 2218 1052 Alii
2239 1001 2450 1069 quidem
2472 1000 2627 1056 datur
2649 1016 2742 1070 per
2760 1001 3012 1071 Spiritum
3028 1018 3208 1058 sermo
3221 1006 3436 1074 sapien-

1855 1097 1962 1156 tne,
1986 1089 2070 1142 alii
2093 1105 2271 1145 sermo
2295 1093 2533 1147 scientia:
2557 1093 2852 1148 secnndum
2878 1095 3122 1149 eumdem
3150 1097 3427 1166 Spiritum,

1852 1179 1940 1232 alii
1968 1180 2135 1247 gratia
2162 1182 2446 1236 sanitatum
2476 1183 2532 1236 in
2561 1199 2668 1238 uno
2687 1184 2908 1253 Spiritu,
2927 1187 3014 1238 alii
3059 1186 3188 1241 ﬁdes
3268 1188 3434 1260 834

1856 1267 1906 1320 in
1940 1267 2129 1322 eodem
2161 1269 2488 1338 Spiritu,alii
2520 1276 2760 1342 operatio
2777 1277 3049 1341 virtutum,
3071 1279 3159 1332 alii
3191 1279 3430 1348 Prophe-

1856 1360 1946 1424 tia,
1990 1361 2077 1413 alii
2118 1361 2369 1417 discretio
2409 1365 2715 1432 spirituum,
2751 1369 2839 1421 alii
2872 1383 3067 1438 genera
3104 1370 3424 1440 linguarum,

1852 1449 1942 1502 alii
1971 1459 2148 1504 autem
2183 1453 2552 1523 interpretatio
2578 1471 2911 1512 sermonum.
2945 1460 3066 1514 lla:c
3105 1472 3280 1516 autem
3312 1479 3428 1516 om-

1853 1541 1938 1594 nia
1967 1553 2222 1612 Operatur
2249 1561 2386 1600 unus
2412 1557 2575 1617 atque
2605 1549 2744 1604 idem
2773 1551 3022 1620 Spiritus,
3055 1553 3296 1610 dividens
3320 1557 3432 1609 sin-

1851 1632 1990 1700 gulis
2007 1642 2163 1701 prout
2185 1635 2295 1687 vult
2323 1638 2428 1703 i(i.
2450 1637 2567 1692 Cor.
2595 1639 2747 1693 ιω.
2767 1642 2962 1709 etsqq).
2985 1643 3126 1711 Ergo
3152 1645 3426 1711 Dominus,

1852 1721 1940 1787 qui
1968 1731 2088 1788 post
2125 1727 2573 1782 resurrectionem
2605 1745 2753 1782 suam
2796 1731 2944 1798 juxta
2990 1731 3148 1787 Lucae
3185 1736 3428 1804 Evange-

1854 1812 1980 1865 lium
2008 1813 2222 1868 dixerat
2252 1832 2266 1868 :
2302 1834 2322 1867 r
2351 1817 2486 1872 Ecce
2515 1834 2614 1888 ego
2645 1821 2848 1875 mittam
2890 1824 3297 1892 promissionem
3329 1827 3430 1881 Pa-

1853 1905 1950 1958 tris
1981 1905 2085 1958 mei
2118 1906 2169 1960 in
2200 1921 2296 1961 vos
2321 1922 2336 1961 :
2370 1907 2475 1962 Vos
2501 1919 2675 1965 autem
2698 1912 2880 1968 sedete
2908 1915 2960 1967 iu
2990 1916 3204 1972 civitate
3225 1919 3429 1988 quoad-

1853 2009 2022 2064 usque
2064 1996 2354 2052 induamini
2383 2001 2578 2056 virtute
2617 2019 2681 2057 ex
2717 2004 2826 2058 alto
2855 2024 2874 2057 ι
2908 2005 3055 2076 (Luc.
3088 2009 3181 2062 ult.
3209 2011 3342 2081 d9):
3374 2023 3430 2067 et

1847 2085 1995 2154 juxta
2027 2089 2272 2142 eumdem
2310 2091 2359 2142 in
2388 2093 2768 2159 Apostolorum
2799 2097 3019 2152 Actibus
3060 2109 3145 2154 est
3184 2102 3426 2157 locutus:

1859 2195 1877 2226 r
1909 2178 2164 2247 Przecepit
2203 2183 2281 2234 eis
2317 2183 2384 2236 ab
2413 2183 2761 2255 Jerosolymis
2805 2204 2873 2242 ne
2915 2189 3287 2260 discederent;
3333 2197 3429 2251 sed

1853 2281 2227 2336 exspectarent
2250 2275 2656 2340 promissionem
2681 2277 2872 2340 Patris,
2897 2294 3055 2348 quam
3077 2283 3320 2350 audistis,
3347 2287 3430 2339 iu-

1853 2361 1985 2426 quit,
2015 2375 2111 2428 per
2138 2377 2200 2416 os
2228 2379 2404 2417 meum
2435 2381 2448 2416 :
2481 2368 2603 2434 quia
2631 2366 2864 2422 Joannes
2903 2370 3118 2439 quidem
3148 2373 3434 2443 baptizavit

1853 2465 2010 2517 aqua,
2044 2465 2140 2504 vos
2163 2464 2338 2507 autem
2371 2455 2766 2523 baptizabimini
2804 2458 3004 2528 Spiritu
3045 2461 3242 2519 Sancto
3265 2506 3278 2528 ,
3323 2483 3428 2522 non

1857 2549 1978 2607 post
2005 2542 2199 2595 multos
2229 2543 2326 2598 hos
2371 2545 2487 2599 dies
2520 2565 2539 2596 ›
2599 2549 2735 2617 (Act.
2765 2551 2820 2604 4.
2854 2551 2908 2618 5)
2937 2569 2952 2618 ;
3001 2569 3210 2609 rursum
3240 2559 3291 2611 in
3326 2561 3430 2614 line

1856 2633 2126 2702 Evangelii
2155 2635 2446 2690 secundum
2473 2637 2755 2703 Joannem,
2783 2657 2849 2696 eo
2875 2643 2963 2698 die
2988 2661 3094 2714 quo
3125 2663 3432 2705 resurrexe-

1856 2732 1958 2788 rat,
1989 2724 2039 2776 id
2068 2733 2150 2778 est
2186 2725 2274 2780 die
2306 2727 2599 2795 Dominica,
2631 2731 2825 2786 clausis
2863 2733 3046 2802 jauuis
3093 2737 3158 2790 ad
3203 2743 3431 2807 Aposto-

1859 2815 1935 2866 |0s
1963 2815 2212 2871 introisse
2239 2830 2509 2887 narratur,
2537 2831 2591 2876 et
2620 2823 2818 2877 dixisse
2859 2827 2939 2881 eis
2967 2829 3225 2895 secundo,
3272 2849 3291 2882 ‹
3321 2832 3428 2888 Pax

1856 2906 2045 2972 vobis;
2084 2927 2102 2959 ι
2126 2917 2181 2964 et
2225 2911 2464 2966 intulisse
2488 2929 2504 2968 :
2539 2929 2559 2964 ι
2587 2913 2733 2967 Sicut
2760 2915 2906 2970 misit
2933 2931 3021 2971 me
3046 2918 3220 2984 Pater,
3249 2933 3300 2975 et
3327 2939 3428 2989 ego

1853 2997 2007 3051 mitto
2037 3013 2172 3052 vos:
2203 2999 2307 3054 hoc
2352 3016 2475 3056 cum
2522 3002 2778 3067 dixisset,
2823 3005 3143 3074 insufﬂavit,
3189 3021 3244 3064 et
3284 3012 3416 3066 dixit

1853 3089 1934 3142 eis
1962 3106 1975 3142 :
2007 3091 2244 3159 Accipite
2267 3091 2522 3162 Spiritum
2542 3095 2793 3150 Sanctum
2821 3115 2833 3151 :
2862 3114 3089 3168 quorum
3113 3104 3428 3158 remiseritis

1859 3189 2098 3246 peccata,
2127 3181 2476 3236 remittuntur
2504 3185 2602 3250 eis,
2632 3196 2685 3240 et
2713 3201 2940 3252 quorum
2968 3193 3316 3258 retinueritis,
3349 3211 3435 3252 re-

1859 3277 2002 3324 tenta
2031 3279 2188 3325 erttnt
2216 3271 2398 3340 (Joan.
2426 3276 2516 3330 20.
2544 3277 2634 3331 21.
2661 3288 2713 3331 et
2741 3281 2902 3350 seqq).
2951 3281 3125 3336 Prima
3157 3283 3318 3354 igitur
3345 3285 3434 3340 die

1858 3363 2304 3431 resurrectionis,
2344 3379 2670 3438 acceperunt
2706 3369 2936 3440 Spiritus
2971 3374 3428 3445 Sancti-gratiam,

1855 3469 1958 3521 qua
1988 3465 2197 3523 peccata
2227 3457 2587 3526 dimitterent,
2616 3471 2670 3527 et
2700 3463 3062 3531 baptizarent.
3091 3479 3143 3522 et
3173 3469 3309 3523 filios
3334 3472 3429 3527 Dei

1857 3543 2129 3609 facerent,
2179 3555 2232 3600 et
2277 3548 2522 3616 spiritqu
2564 3551 2866 3621 adoptionis
2896 3556 3239 3613 credentibus
3270 3561 3434 3629 largi-

1860 3642 2080 3688 rcntur:
2113 3637 2229 3705 ipso
2253 3638 2528 3696 Salvatore
2556 3642 2806 3699 dicente:
2861 3664 2880 3698 r
2926 3648 3162 3714 Quorum
3207 3657 3437 3710 remise-

1857 3724 1974 3779 ritis
2003 3737 2238 3794 peccata,
2273 3733 2615 3788 remittuntur
2643 3737 2756 3800 eis;
2798 3747 2852 3790 et
2881 3755 3106 3806 quorum
3148 3747 3471 3800 retinueri-‘

1861 3817 1948 3880 tis,
1979 3828 2187 3872 retenta
2214 3833 2370 3874 erunt
2402 3842 2420 3874 ›
2466 3825 2560 3878 Die
2587 3836 2763 3878 autem
2793 3827 3139 3885 Pcntecostes
3187 3834 3285 3888 eis.
3311 3845 3430 3891 am-

1861 3905 1998 3974 plius
2029 3909 2406 3977 repromissum
2421 3921 2534 3975 est,
2575 3923 2632 3968 ut
2662 3916 3059 3983 baptizarentur
3083 3921 3279 3988 Spiritu
3312 3927 3441 3980 Sau-

1860 4005 1966 4057 c10,
1985 4006 2039 4050 et
2065 3998 2408 4054 induerentur
2436 4004 2628 4058 virtute
2653 4020 2718 4058 ex
2744 4005 2873 4070 alto,
2905 4023 3006 4076 qua
3033 4010 3229 4067 Christi
3258 4014 3438 4068 Evan-

1858 4089 2054 4158 gelium
2100 4093 2304 4145 cunctis
2340 4094 2584 4162 gentibus
2634 4097 3021 4166 przedicarent,
3059 4102 3215 4170 justa
3267 4107 3394 4160 illud
3422 4149 3438 4172 ,

1861 4179 2000 4248 quod
2029 4181 2078 4234 in
2105 4180 2176 4251 (e)
2203 4183 2539 4252 sexagesimo
2559 4187 2788 4255 septimo
2810 4188 3022 4246 Psalmo
3047 4192 3270 4264 legimus
3294 4215 3304 4247 :
3330 4197 3439 4252 Do-

1861 4285 1957 4322 nus
2005 4270 2141 4323 dabit
2188 4273 2388 4326 verbum
2427 4278 2882 4346 euangelizantibus
2922 4283 3102 4337 virtute
3144 4288 3342 4352 multa;
3381 4301 3439 4343 ut

1862 4358 2120 4414 haberent
2157 4364 2522 4430 operationem
2573 4369 2850 4435 virtutum,
2889 4383 2942 4426 et
2971 4375 3194 4443 gratiam
3231 4380 3431 4433 sanita-

1865 4460 2009 4516 tum;
2039 4461 2091 4507 et
2117 4454 2452 4523 praedicaturi
2478 4459 2659 4513 multis
2688 4463 2937 4530 gentibus
2957 4507 2972 4530 ,
3004 4469 3308 4537 accipereut
3339 4487 3436 4540 ge-

1864 4559 1990 4597 nera
2019 4545 2355 4614 linguarum:
2393 4558 2446 4601 ut
2471 4549 2581 4619 jaru
2626 4561 2749 4608 tunc
2790 4568 3133 4621 nosceretur,
3161 4561 3248 4629 qui
3295 4567 3439 4630 Apo-

1865 4636 2146 4703 stolorum,
2178 4639 2372 4709 quibus
2401 4641 2658 4698 deberent
2687 4648 2930 4715 gentibus
2980 4650 3244 4704 nuntiare.
3280 4652 3442 4706 Deni-

1864 4743 1965 4797 quc
1995 4731 2283 4800 Apostolus
2327 4732 2543 4800 Paulus,
2585 4737 2672 4804 qui
2714 4738 2782 4790 de
2826 4737 3119 4793 Jerusalem
3169 4757 3333 4809 usque
3371 4746 3436 4797 ad

1865 4821 2131 4894 Illyricum
2164 4826 2494 4894 prmdicavit,
2523 4837 2576 4882 et
2597 4829 2717 4882 inde
2741 4844 2834 4896 per
2855 4830 3077 4884 Romam
3103 4833 3168 4885 ad
3198 4833 3438 4903 HiSpani-

1865 4927 1952 4968 am
1991 4916 2064 4969 ire
2095 4915 2306 4970 festinat
2360 4915 2536 4986 (Rom.
2566 4918 2690 4986 15),
2732 4921 2931 4988 gratias
2974 4922 3075 4989 agit
3128 4923 3270 4981 Deo,
3303 4928 3442 4992 quod

1867 5007 2072 5059 cunctis
2095 5007 2364 5073 Apostolis
2379 5007 2446 5076 (ί)
2460 5009 2625 5076 magis
2644 5009 2836 5076 linguis
2857 5010 3100 5080 loquatur
3118 5013 3166 5080 (1
3184 5051 3196 5064 .
3215 5012 3312 5066 Cor
3331 5015 3441 5085 Η).

1869 5095 1968 5161 Qui
2000 5096 2141 5148 enim
2172 5097 2351 5149 multis
2377 5099 2626 5165 gentibus
2653 5101 3074 5154 annuntiaturus
3093 5115 3226 5168 erat,
3250 5105 3444 5158 multa-

1872 5200 1988 5239 rum
2019 5185 2317 5254 linguarum
2345 5198 2626 5255 acceperat
2649 5192 2899 5258 gratiam.
2942 5192 3072 5259 Quae
3102 5195 3446 5263 repromissio

1872 5277 2101 5347 Spiritus
2171 5277 2333 5350 835
2405 5278 2587 5334 Sancti
2609 5280 2695 5336 die
2714 5281 2774 5336 dc
2797 5283 2919 5337 :ima
2943 5293 3061 5354 post
3075 5288 3442 5343 ascensionem

1935 5428 2012 5498 (ά)
2038 5428 2352 5498 _M_artian_aaus
2372 5430 2437 5479 ad
2461 5429 2729 5498 utilitatem,
2752 5433 2890 5498 juxta
2915 5434 3210 5498 Vulgatam.

1935 5491 2002 5554 (e)
2037 5490 2181 5554 I_dem_
2196 5491 2316 5540 falso
2339 5491 2530 5554 legerat
2553 5492 2602 5541 in
2626 5490 2923 5554 sexagesimo
2946 5490 3148 5548 Ρδᾶιηιο.

1939 5551 2122 5628 ([ῃω,
2152 5551 2348 5628 Griecus
2385 5551 2584 5628 textus,
2632 5551 2885 5628 Graecique
2906 5559 3132 5628 _Patres,
3165 5569 3232 5628 _e_t
3271 5563 3448 5628 Syrus;

1874 5616 1962 5664 sed
1992 5613 2123 5664 illud
2167 5613 2320 5678 magis
2337 5649 2354 5679 ,
2399 5626 2536 5678 μᾶλλον
2551 5655 2564 5674 ,

2608 5617 2835 5668 omittunt
2872 5619 3096 5685 plerique
3125 5617 3246 5684 alii,
3295 5617 3451 5676 Latini

1873 5691 2067 5730 mssrm.
3409 5717 3412 5721 -
