4026 6186
625 231 731 290 995

631 436 761 490 Cum
800 436 1169 506 complerentur
1214 429 1322 483 dies
1370 427 1716 490 Pentecostes,
1743 435 1888 481 erant
1914 443 2086 482 omnes
2113 445 2211 497 pa-

628 531 752 584 riter
779 530 832 580 in
859 526 1032 579 eodem
1056 523 1167 576 loco
1186 561 1203 584 ,
1234 530 1282 574 et
1303 524 1471 591 factus
1492 528 1564 573 est
1588 528 1792 588 repente
1819 518 1883 573 de
1909 519 2034 573 caelo
2054 536 2207 574 sonus

631 632 869 688 tanquam
908 611 1220 668 advenientis
1265 610 1490 680 Spiritus
1517 610 1819 664 vehementis
1856 625 1877 664 :
1912 618 1960 665 et
1988 609 2199 678 replevit

630 719 787 761 totam
818 705 1045 767 domum,
1074 702 1157 755 ubi
1183 711 1325 756 erant
1350 700 1613 763 sedentes;
1656 711 1702 753 et
1728 710 2077 769 apparuerunt
2104 699 2210 754 illis

626 799 910 868 dispertita:
951 796 1143 867 lingua:
1179 804 1417 866 tanquant
1445 795 1577 864 ignis
1617 811 1630 848 :
1661 794 1887 863 seditque
1919 810 2076 859 supra
2104 794 2211 847 sin-

623 894 768 963 gulos
793 905 1008 953 eorum;
1039 897 1085 941 et
1110 888 1290 957 repleti
1328 897 1445 940 sunt
1482 902 1652 941 omnes
1679 886 1879 955 Spiritu
1905 886 2132 940 Sancto:
2158 894 2207 939 et

620 990 878 1051 cleperunt
904 980 1040 1044 loqui
1071 976 1148 1051 (a)
1177 978 1329 1031 variis
1376 977 1562 1048 linguis
1583 1018 1599 1041 ,
1629 985 1776 1047 prout
1806 976 2030 1045 Spiritus
2073 974 2212 1029 San-

621 1084 732 1128 ctus
747 1073 898 1126 dabat
911 1071 1077 1138 eloqui
1092 1071 1192 1125 illis
1207 1071 1345 1140 (Act.
1358 1069 1414 1123 2.
1436 1071 1459 1122 1
1473 1079 1539 1124 .et
1553 1069 1871 1138 seqq).Tunc
1884 1067 2207 1137 completum

625 1175 711 1221 est
738 1164 866 1218 illud
892 1163 1033 1233 quod
1081 1162 1277 1232 legitur
1321 1161 1372 1214 in
1414 1159 1570 1215 Joel:
1605 1158 1674 1213 Et
1703 1160 1799 1213 erit
1839 1159 1893 1213 in
1922 1158 2209 1212 novissimis

624 1256 819 1319 diebus,
848 1256 969 1308 dicit
1000 1252 1287 1308 Dominus:
1324 1250 1583 1318 elfundam
1625 1250 1689 1304 de
1713 1252 1895 1321 spiritu
1926 1267 2036 1304 meo
2059 1267 2211 1319 super

624 1363 823 1405 omnem
859 1359 1106 1400 carnem:
1150 1355 1197 1398 et
1229 1342 1600 1411 prophetabunt
1644 1342 1743 1409 ﬁlii
1782 1342 1965 1408 vestri,
2010 1350 2059 1395 et
2087 1341 2211 1408 ﬁlia:

625 1448 842 1496 vestris:
869 1436 1090 1491 seniores
1116 1435 1267 1487 vestri
1288 1434 1485 1487 soumia
1528 1431 1849 1485 somniabunt
1884 1448 1901 1486 :
1934 1441 1981 1484 et
1994 1431 2210 1502 juvenes

625 1529 775 1582 vestri
812 1506 1027 1582 visiones
1064 1525 1299 1579 videbunt
1329 1522 1491 1594 (Joel.
1520 1522 1577 1576 2.
1608 1522 1722 1592 18).
1754 1522 1986 1584 Verbum
2027 1533 2207 1578 autem

622 1619 901 1675 elfusionis
924 1617 1194 1686 significat
1217 1614 1402 1684 gratiae
1431 1614 1755 1683 largitatem,
1787 1621 1843 1668 et
1863 1612 2091 1681 idipsum
2121 1627 2210 1666 so-

624 1720 738 1775 nat,
767 1708 906 1777 quod
936 1708 1193 1762 Dominus
1222 1706 1563 1775 repromisit:
1601 1704 1702 1759 Vos
1730 1715 1897 1757 autent
1924 1704 2206 1773 baptizabi-

628 1802 750 1854 mini
766 1800 965 1870 Spiritu
984 1799 1173 1853 Sancto
1194 1813 1296 1850 non
1318 1792 1431 1866 post
1448 1796 1632 1849 multos
1652 1796 1745 1849 hos
1765 1795 1871 1849 dies
1891 1796 2029 1863 (Act.
2055 1798 2105 1850 l.
2124 1797 2205 1864 5).

627 1892 681 1946 ln
715 1901 918 1946 tantum
943 1891 1086 1946 enim
1120 1890 1319 1959 Spiritu
1348 1889 1544 1944 Sancto
1570 1888 1821 1957 baptizati
1848 1897 1994 1954 sunt,
2032 1899 2088 1941 ut
2118 1904 2205 1942 re-

624 1983 991 2051 plcreturtota
1035 1981 1246 2043 domus,
1294 1980 1384 2034 ubi
1425 1989 1581 2034 erant
1625 1979 1919 2053 sedentes:
1968 1989 2023 2034 et
2067 1980 2204 2049 ignis

622 2074 855 2143 Spiritus
896 2072 1076 2129 Sancti
1117 2072 1400 2125 stationem
1433 2072 1483 2124 in
1514 2072 1593 2125 eis
1632 2072 1901 2129 inveniret.
1928 2081 2203 2141 optatam,

624 2164 937 2233 linguasque
962 2161 1258 2227 divideret;
1288 2171 1341 2215 et
1367 2161 1659 2216 secundum
1703 2161 1926 2227 Isaiam,
1977 2164 2065 2232 qui
2108 2164 2207 2217 im-

622 2252 817 2306 munda
844 2251 979 2306 labia
1004 2250 1204 2305 habere
1223 2265 1282 2305 se
1307 2251 1536 2318 dixerat,
1563 2262 1813 2322 purgaret
1836 2252 1970 2306 labia
1993 2268 2201 2316 eorum,

621 2352 678 2396 ut
708 2342 1054 2410 Evangelium
1077 2340 1273 2395 Christi
1298 2341 1482 2411 purius
1506 2343 1878 2409 praedicarent.
1907 2343 1972 2397 Et
1996 2343 2048 2398 in
2071 2345 2204 2398 Isaia

622 2431 781 2501 (Cap.
808 2433 863 2501 6)
894 2431 1110 2501 quidem
1142 2432 1551 2499 superliminare
1578 2432 1788 2501 Templi
1816 2432 2013 2487 dicitur
2039 2432 2206 2489 fuisse

618 2531 947 2577 commotum
972 2538 986 2584 ;
1011 2529 1065 2574 et
1085 2521 1289 2590 repleta
1315 2532 1399 2575 est
1421 2523 1598 2575 omnis
1621 2522 1813 2576 domus
1837 2524 1997 2589 fumo,
2026 2524 2077 2579 id
2099 2536 2200 2592 est,

622 2625 832 2676 errore,
858 2619 914 2664 et
943 2619 1048 2666 teni
1071 2609 1204 2678 bris,
1234 2611 1453 2680 verique
1486 2613 1803 2680 ignorantia.
1838 2614 1894 2668 ln
1944 2616 2204 2686 principio

629 2709 810 2755 autem
840 2700 1117 2771 Evangelii
1148 2702 1384 2771 repletur
1409 2700 1610 2772 Spiritu
1637 2702 1835 2760 Sancto
1858 2704 2121 2771 Ecclesia,
2147 2717 2205 2762 ut

620 2792 788 2861 gratia
818 2790 955 2861 ejus,
983 2803 1146 2861 atque
1172 2792 1407 2859 fervore,
1436 2796 1673 2850 omnium
1708 2795 2037 2852 credentium
2080 2815 2205 2868 pec-

622 2890 740 2936 cata
769 2892 1103 2953 purgentur:
1132 2892 1188 2941 et
1217 2884 1337 2953 igne
1366 2883 1594 2954 Spiritus
1614 2883 1815 2953 Sancti,
1841 2903 2001 2962 quem
2026 2890 2202 2944 Domi—

619 2988 721 3028 nus
743 2973 1029 3028 missurum
1056 2989 1179 3029 esse
1203 2989 1264 3029 se
1289 2973 1518 3043 dixerat,
1549 2977 1901 3046 praedicatum
1925 2980 2199 3037 Christum

581 3056 592 3069 ’
620 3063 802 3135 lingua
825 3073 1063 3121 sanetur.
1091 3065 1210 3120 Non
1236 3082 1366 3138 ergo
1407 3067 1642 3123 Joannes
1672 3068 1946 3141 Lucasque
1989 3072 2199 3129 discor-

617 3154 765 3220 dant,
791 3162 848 3211 ut
872 3156 1015 3226 quod
1034 3156 1122 3212 ille
1141 3158 1312 3227 primo
1336 3160 1746 3217 resurrectionis
1766 3162 1855 3218 die
1878 3164 2059 3219 datum
2079 3181 2199 3222 esse

613 3245 900 3316 significat,
932 3248 1016 3302 hic
1042 3249 1485 3319 quinquagesimo
1509 3250 1598 3308 die
1629 3254 1843 3311 venisse
1886 3255 2194 3312 describat:

613 3337 710 3393 sed
732 3338 810 3409 (b)
833 3339 1104 3407 profectus
1130 3341 1468 3410 Apostolicus
1489 3354 1592 3411 est,
1620 3353 1679 3399 ut
1704 3346 1794 3415 qui
1814 3348 1986 3417 primo
2007 3349 2196 3403 remit-

614 3429 896 3483 tendorum
923 3439 1259 3498 peccatorum
1282 3432 1507 3500 gratiam
1534 3447 1873 3504 acceperant,
1908 3448 2091 3507 postea
2115 3455 2198 3495 ac.

613 3518 854 3587 ciperent
879 3521 1220 3587 Operationes
1247 3521 1516 3589 \irtutum,
1546 3536 1599 3578 et
1627 3536 1817 3581 cuncta
1845 3528 2192 3585 donationum

613 3624 831 3680 genera,
874 3626 993 3678 quae
1034 3612 1103 3666 ab
1142 3613 1400 3680 Aposolo
1441 3616 1709 3687 descripta
1747 3628 2195 3680 commemoravi-

612 3716 772 3757 mus:
800 3711 856 3757 et
882 3702 1043 3773 (quod
1077 3705 1244 3775 magis
1271 3709 1632 3764 necessarium
1659 3713 1797 3783 erat)
1828 3712 2193 3773 diversitatem

609 3793 909 3862 linguarum
950 3797 1186 3851 omnium
1227 3801 1498 3868 gentium;
1529 3811 1585 3856 ut
1633 3804 1997 3860 annuntiaturi
2033 3808 2193 3863 Chri-

608 3896 773 3953 stum,
803 3888 950 3943 nullo
980 3889 1278 3960 indigerent
1301 3892 1612 3964 interprete.
1647 3895 1797 3953 Unde
1819 3907 1872 3952 et
1902 3899 1957 3952 in
1985 3899 2192 3973 Lycao-

609 3982 698 4036 nia
727 3996 847 4047 cum
875 3982 1150 4038 audissent
1175 3984 1394 4040 Paulum
1418 4027 1431 4049 ,
1481 3997 1536 4042 et
1587 3988 1883 4044 Barnaham
1917 3992 2057 4062 loqui
2088 3994 2191 4048 lin-

605 4073 725 4140 guis
748 4073 881 4135 suis,
927 4073 1059 4127 deos
1099 4075 1150 4128 in
1192 4076 1433 4132 homines
1474 4094 1764 4137 conversos
1835 4084 2001 4156 836
2071 4102 2193 4143 esse

607 4162 900 4217 credebant
932 4162 1065 4233 (Act.
1099 4164 1209 4233 14).
1242 4166 1308 4219 Ει
1336 4183 1524 4223 revera
1552 4171 1920 4229 indumentqu
1947 4179 2188 4245 virtutis,

609 4252 842 4320 Spiritus
869 4244 1051 4307 Sancti
1079 4257 1246 4324 gratia
1284 4267 1405 4314 est:
1442 4277 1599 4330 quam
1643 4265 2008 4332 possidentes,
2046 4244 2190 4337 judi-

606 4358 732 4397 cum
782 4344 1087 4407 tribunalia,
1139 4356 1193 4403 ct
1239 4363 1422 4417 regum
1467 4367 1729 4422 purpuras
1768 4372 1873 4412 non
1912 4360 2185 4416 timebant.

608 4433 943 4489 Promiserat
970 4437 1113 4490 enim
1146 4436 1403 4494 Dominus
1434 4442 1581 4510 prius
1608 4461 1766 4513 quam
1808 4459 2098 4517 pateretur,
2134 4463 2191 4507 et

613 4523 828 4579 dixerat
862 4541 877 4578 :
909 4523 1035 4580 Cum
1069 4536 1234 4580 autent
1263 4529 1458 4585 trudent
1485 4547 1590 4596 vos,
1621 4536 1777 4591 nolite
1812 4540 2034 4610 cogitare
2063 4559 2190 4613 quo-

612 4614 762 4671 tnodo
782 4656 798 4680 ,
831 4624 920 4669 aut
953 4618 1076 4686 quid
1111 4617 1427 4687 loquamini;
1469 4622 1670 4676 dabitur
1694 4627 1825 4679 enim
1852 4629 1988 4683 vobis
2013 4632 2065 4685 in
2095 4634 2187 4687 illa

607 4706 755 4771 hora,
788 4707 910 4777 quid
936 4708 1235 4778 loquamini.
1266 4708 1387 4763 Non
1412 4713 1547 4767 enim
1583 4730 1669 4768 vos
1695 4717 1843 4781 estis,
1887 4720 1974 4785 qui
2019 4721 2183 4790 loqui-

610 4800 756 4861 mini,
787 4798 893 4853 Sed
923 4800 1150 4868 Spiritus
1182 4800 1354 4857 Patris
1382 4805 1552 4867 vestri,
1585 4806 1671 4874 qui
1701 4805 1927 4874 loquitur
1950 4811 2003 4864 in
2025 4813 2181 4870 vobis.

611 4889 822 4959 (Matth.
846 4890 937 4947 l0.
962 4889 1075 4962 19).
1096 4893 1207 4962 Ego
1228 4902 1405 4948 autem
1433 4894 1705 4961 audacter,
1724 4907 1778 4952 et
1805 4906 1915 4955 tota
1943 4901 2188 4961 libertate

610 4981 918 5050 pronuntio,
947 4996 1013 5037 ex
1037 4997 1103 5037 eo
1128 4992 1389 5053 tempore,
1420 4988 1528 5056 quo
1551 4988 1789 5055 Apostoli
1823 4990 2050 5048 Domino
2070 5010 2184 5052 crc-

604 5072 883 5137 diderunt,
916 5089 1130 5143 semper
1166 5090 1259 5130 eos
1288 5078 1536 5133 habuisse
1577 5082 1831 5149 Spiritum
1888 5086 2182 5143 Sanctum:

606 5178 706 5217 uec
738 5166 974 5234 potuisse
1000 5167 1149 5236 signa
1175 5165 1351 5222 facere
1374 5170 1576 5239 absque
1598 5170 1828 5242 Spiritus
1856 5176 2037 5232 Sancti
2065 5195 2184 5250 gra-

673 5336 744 5397 (a)
777 5337 1023 5411 Yictorius
1057 5339 1227 5391 maluit
1259 5340 1387 5405 loqui
1407 5343 1518 5411 aliis
1549 5343 1754 5411 linguis,
1783 5350 1925 5411 juxta
1962 5353 2187 5409 Griecum

1158 5400 1453 5477 διειρηίρφειτ
1479 5400 1659 5477 suum
1684 5400 2045 5477 meum:

674 5459 952 5531 (b)_§onfer
976 5462 1206 5531 Basilium
1226 5467 1301 5531 de
1314 5465 1493 5529 Spiritu
1520 5470 1693 5520 Sancto
1715 5459 1759 5520 οἱ
1786 5459 2110 5528 tol'XiiiiIros.
2136 5483 2188 5531 in

674 5468 743 5566 (vi
779 5468 952 5509 Confer
976 5468 1206 5513 Basilium
1226 5468 1289 5514 de
1314 5468 1493 5529 Spiritu
1520 5470 1693 5520 Sancto
1715 5468 1759 5520 cl
1786 5475 1861 5523 18.
1888 5468 2110 5528 Ainbros.
2136 5483 2188 5531 in

610 5515 725 5599 31%;,
755 5520 1056 5599 "inesset??-
1084 5534 1236 5597 υιιιυιςε
1258 5528 1379 5599 5'st
1416 5534 1709 5599 οιηιιωιιιυβν
1733 5533 1991 5599 Cyrillum.
2033 5539 2189 5592 Leon-

610 5578 772 5659 tium?“
784 5576 1088 5659 Eu‘t'hymitun
1109 5623 1121 5640 ,
1146 5576 1227 5648 (lui
1253 5576 2186 5659 nieronymiiiieﬁitéipiéiéiibni'35$

612 5637 775 5693 [rimis
796 5637 1134 5702 suffragantur.

1920 223 2163 282 SANCTl
2201 223 2573 291 HIERONYMI

525 321 533 329 ι
622 344 917 403 Silvstoris
946 342 1151 414 expleta
1183 348 1286 404 est.
1317 336 1456 394 Luca
1486 335 1756 393 referente
1781 376 1797 403 ,
1827 336 1919 406 qui
1950 338 2209 408 scripsit:

3807 241 3920 297 996

2323 338 2394 395 tia
2420 356 2435 396 :
2462 339 2555 396 sed
2583 353 2681 410 pro
2723 341 2942 399 modulo
2980 350 3140 416 atque
3179 359 3451 409 mensura.
3476 347 3637 409 Unde
3661 347 3920 409 Salvator

2316 431 2579 488 clamabat
2605 432 2659 488 in
2690 433 2934 504 Templa,
2969 437 3152 493 dicens
3176 455 3190 492 :
3227 440 3328 505 Qui
3354 442 3482 507 sitit,
3509 444 3679 497 veniat
3706 444 3781 499 ad
3808 462 3908 514 me,

2315 530 2362 574 et
2388 521 2518 575 bibat
2543 533 2616 575 :et
2639 524 2725 594 qui
2749 525 2908 578 credit
2929 526 2981 580 in
3002 528 3232 590 me,sicut
3253 531 3376 583 dicit
3395 530 3695 601 Scriptura,
3737 536 3916 605 ﬂumi-

2316 627 2382 664 na
2411 613 2473 665 de
2496 622 2669 668 ventre
2691 618 2800 686 ejus
2821 616 2981 686 [luent
3010 634 3156 687 aqua:
3181 621 3324 675 viva.
3354 620 3465 676 Hoc
3493 635 3664 677 autem
3687 625 3828 679 dixit
3851 628 3911 681 de

2317 702 2515 774 Spiritu
2533 723 2682 776 quem
2699 711 2957 778 accepturi
2985 722 3132 764 erant
3152 713 3410 767 credentes
3429 714 3483 768 in
3509 733 3625 768 eum
3648 715 3836 787 (Joan.
3858 721 3908 773 7.

2314 796 2402 851 37.
2436 797 2549 865 38).
2584 798 2652 852 Et
2680 800 2732 853 in
2759 801 2949 855 eodem
2976 802 3094 857 loco
3123 804 3282 859 infert
3306 822 3322 860 :
3358 804 3607 862 Nondum
3632 811 3770 864 enim
3796 824 3908 867 erat

2315 884 2545 951 Spiritus
2572 888 2720 942 datus
2741 905 2760 942 :
2789 892 2910 959 quia
2938 890 3095 947 Jesus
3122 895 3352 949 nondum
3387 902 3557 968 fuerat
3586 902 3906 969 gloriﬁcatus

2315 973 2335 1044 (
2342 973 2366 1026 l
2373 974 2476 1027 bid.
2498 978 2591 1035 39)
2614 994 2627 1029 :
2649 994 2752 1031 non
2775 995 2881 1049 quo
2898 997 3004 1036 non
3021 993 3166 1038 esset
3181 985 3409 1054 Spiritus
3421 989 3677 1055 Sanctus,
3694 991 3907 1049 dicente

2316 1067 2542 1123 Domino
2558 1070 2836 1127 Salvatore
2854 1090 2868 1128 :
2890 1075 2952 1129 Si
2966 1085 3131 1130 autem
3144 1092 3236 1147 ego
3252 1078 3306 1132 in
3324 1078 3523 1149 Spiritu
3545 1081 3746 1137 Sancto
3761 1086 3904 1152 eiicio

2313 1157 2587 1225 daemonia,
2609 1161 2681 1231 (ε)
2705 1163 2802 1230 ﬁlii
2820 1166 2967 1218 vestri
2988 1165 3041 1218 in
3062 1183 3159 1236 quo
3180 1170 3414 1238 ejiciunt?
3436 1169 3652 1242 (Matth.
3677 1174 3766 1228 12.
3790 1176 3899 1247 26),

2311 1248 2405 1303 sed
2427 1252 2549 1318 quia
2565 1263 2679 1305 erat
2702 1253 2753 1307 in
2775 1255 3250 1321 Doluino,necdum
3270 1268 3413 1315 totus
3433 1262 3486 1315 in
3504 1266 3898 1333 Apszstolismo-

2313 1337 2549 1397 rabatur.
2581 1340 2937 1408 Quamobrem
2971 1354 3240 1402 terrentur
3264 1349 3335 1409 ad
3356 1352 3661 1419 paSsiouem
3683 1357 3822 1424 ejus,
3846 1368 3899 1414 et

2313 1438 2508 1497 negant
2526 1438 2580 1484 et
2594 1431 2867 1487 Christum
2885 1448 2943 1488 se
2960 1437 3169 1492 nescire
3184 1438 3390 1507 juraut.
3415 1441 3704 1514 Postquam
3725 1459 3896 1503 autem

2312 1517 2648 1588 baptizantur
2675 1522 2731 1577 in
2770 1524 2968 1593 Spiritu
2995 1526 3191 1585 Sancto
3219 1571 3235 1597 ,
3288 1540 3347 1594 et,
3386 1532 3687 1592 infunditur
3724 1540 3779 1594 in
3807 1556 3897 1597 eos

2310 1606 2542 1678 Spiritus
2568 1612 2747 1669 Sancti
2775 1620 2944 1686 gratia
2967 1658 2984 1682 ,
3031 1630 3156 1675 tunc
3183 1622 3350 1679 libere
3393 1624 3691 1697 loquuntur
3718 1632 3801 1702 (ά)
3833 1634 3898 1690 ad

2312 1704 2583 1774 principes
2620 1706 2927 1764 Juda'ornm
2971 1729 2987 1766 :
3048 1713 3266 1771 Obedire
3309 1721 3475 1789 magis
3516 1721 3630 1777 Deo
3672 1737 3893 1795 oportet,

2311 1808 2463 1862 quam
2492 1796 2782 1852 hominibus
2808 1798 2973 1868 (Ibid.
3002 1803 3057 1858 5.
3080 1804 3173 1876 99)
3197 1824 3211 1860 :
3236 1820 3478 1866 mortuos
3503 1816 3795 1882 suscitant,
3815 1817 3897 1871 in-

2313 1890 2394 1937 ter
2414 1883 2617 1954 flagella
2639 1888 2924 1955 laetantur;
2948 1893 3175 1950 fundunt
3195 1900 3511 1968 sanguinem
3536 1918 3634 1972 pro
3655 1904 3894 1975 Christo;

2311 1985 2367 2033 et
2394 1978 2671 2046 suppliciis
2699 1982 2810 2035 suis
2835 1998 3184 2042 coronantur.
3214 1989 3460 2046 Nondum
3481 2010 3609 2066 ergo
3629 2008 3751 2053 erat
3773 1999 3896 2071 Spi-

2311 2070 2446 2123 ritus
2475 2071 2528 2124 in
2556 2074 2851 2141 Apostolis,
2886 2092 2983 2131 nec
3009 2078 3076 2132 de
3101 2092 3292 2137 ventre
3309 2099 3492 2139 eorum
3509 2085 3753 2145 ﬂuebant
3776 2070 3894 2162 gra-

2312 2161 2398 2217 tia:
2418 2164 2705 2231 spiritales,
2734 2170 2858 2237 quia
2892 2169 3150 2227 Dominus
3177 2175 3402 2229 necdum
3429 2175 3603 2234 fuerat
3627 2181 3892 2250 gloriﬁca-

2311 2261 2415 2308 tus.
2443 2253 2573 2320 Quae
2600 2257 2669 2309 sit
2695 2268 2873 2312 autem
2899 2261 3091 2330 gloria,
3118 2263 3231 2332 ipse
3256 2265 3308 2319 in
3333 2265 3625 2339 Evangelia
3642 2271 3886 2343 loquitur:

2314 2340 2473 2398 Pater
2501 2345 2737 2415 glori/ica
2763 2364 2840 2402 me
2867 2351 3069 2421 gloria,
3097 2370 3247 2420 quam
3277 2359 3415 2427 apud
3458 2369 3516 2413 te.
3554 2340 3729 2417 habui
3755 2368 3889 2433 prius

2307 2451 2457 2504 quam
2508 2438 2728 2492 mundus
2775 2449 2918 2493 esset.
2971 2441 3153 2499 Gloria
3216 2445 3551 2515 Salvatoris,
3603 2454 3887 2520 patibulum

2309 2527 2687 2597 triumphantis
2731 2542 2833 2584 est.
2875 2530 3213 2605 Cruciligitur
3255 2547 3309 2592 ut
3336 2538 3537 2607 homo;
3565 2544 3891 2613 glorificatur

2308 2627 2363 2672 ut
2384 2620 2541 2673 Deus.
2566 2620 2803 2691 Denique
2821 2624 2898 2677 sol
2918 2625 3068 2695 fugit,
3090 2628 3214 2682 luna
3237 2641 3474 2688 mutatur
3487 2635 3540 2688 in
3557 2639 3886 2706 sanguinem,

2310 2720 2616 2766 terrarmom
2661 2714 2881 2770 inSoIito
2923 2722 3329 2778 contremiscit:
3373 2728 3693 2794 aperiuntur
3718 2730 3888 2795 inferi,

2306 2802 2503 2854 mortui
2531 2802 2842 2870 ambulant,
2873 2821 2998 2860 saxa
3043 2822 3384 2879 rumpuntur.
3424 2816 3548 2872 Haec
3581 2830 3665 2873 est
3702 2821 3888 2891 gloria,

2304 2892 2373 2951 de
2403 2908 2506 2961 qua
2534 2892 2852 2962 loquebatur
2892 2896 2945 2952 in
2988 2899 3241 2955 Psalmo:
3291 2904 3502 2977 Exurge
3538 2910 3708 2977 gloria
3749 2929 3888 2979 mea,

2304 2998 2491 3053 exurge
2517 2986 2834 3054 psalterium,
2867 3001 2912 3043 et
2939 2992 3135 3045 cithara
3167 2994 3185 3065 (
3210 2994 3305 3050 Ps.
3331 2998 3420 3052 95.
3453 3000 3529 3068 9).
3568 2988 3795 3073 Ipsaque
3821 3008 3887 3061 de

2303 3087 2362 3128 se
2386 3076 2664 3144 respondit
2688 3079 2858 3147 gloria
2928 3082 3091 3155 837
3165 3095 3221 3140 et
3244 3087 3575 3156 dispensatio
3599 3097 3783 3151 carnis
3808 3112 3892 3151 as-

2301 3176 2569 3235 sumptm:
2608 3167 2869 3240 Exin-gum
2911 3175 3180 3242 diluculo;
3227 3190 3282 3233 ut
3313 3180 3603 3249 impleatur
3648 3187 3889 3256 vigesimi

2302 3256 2461 3326 primi
2486 3258 2681 3314 Psalmi
2709 3264 2912 3331 titulus,
2962 3282 3055 3333 pro
3083 3272 3426 3340 assumptione
3453 3277 3728 3334 matutina.
3758 3278 3887 3335 Hac

2304 3345 2533 3404 dicimus
2565 3366 2670 3406 non
2699 3353 2843 3420 quod
2867 3356 3030 3410 alium
3065 3358 3252 3424 Deum,
3286 3363 3448 3417 alium
3475 3365 3746 3422 hominem
3770 3385 3891 3425 esse

2299 3437 2616 3503 credamus,
2670 3450 2724 3496 et
2769 3443 2904 3498 duas
2948 3462 3207 3514 personas
3243 3450 3500 3508 faciamus
3528 3457 3579 3508 in
3614 3472 3722 3513 uno
3752 3458 3889 3514 Filio

2301 3525 2418 3592 Dei,
2445 3530 2584 3584 sicut
2615 3535 2684 3602 (e)
2721 3549 2854 3588 nova
2903 3539 3124 3593 haeresis
3166 3542 3561 3613 calumniatur;
3609 3551 3704 3603 sed
3748 3566 3888 3605 unus

2298 3625 2460 3686 atque
2482 3620 2623 3674 idem
2650 3622 2817 3678 Filius
2841 3624 2962 3690 Dei,
2984 3638 3040 3681 et
3065 3628 3232 3686 Filius
3259 3632 3493 3690 hominis
3518 3648 3602 3692 est
3627 3656 3639 3691 :
3668 3642 3888 3712 etquid-

2298 3709 2427 3777 quid
2455 3710 2708 3779 loquitur,
2740 3715 2885 3771 aliud
2926 3718 3211 3776 referimus
3255 3724 3321 3778 ad
3352 3725 3588 3783 divinam
3623 3709 3884 3804 ejusglo-

2298 3802 2453 3865 riam,
2487 3802 2630 3857 aliud
2659 3805 2722 3860 ad
2755 3816 2989 3864 nostram
3019 3812 3269 3867 salutem.
3303 3816 3407 3870 Pro
3435 3820 3629 3888 quibus
3656 3802 3884 3880 non—ra-

2300 3891 2477 3959 pinam
2501 3893 2789 3951 arbitratus
2809 3908 2890 3952 est
2909 3915 2967 3954 se
2988 3915 3109 3957 esse
3128 3905 3386 3974 :equalem
3413 3908 3540 3975 Deo,
3563 3912 3660 3967 sed
3680 3927 3884 3971 seruet-

2298 3980 2473 4049 ipsum
2501 3984 2827 4051 exinanivit,
2873 3988 3097 4046 formam
3143 3999 3288 4051 servi
3331 4001 3604 4070 accipiens
3646 4021 3660 4057 :
3713 4005 3881 4061 factus

2297 4071 2557 4128 obediens
2604 4074 2748 4131 Patri
2796 4094 2965 4149 usque
3009 4082 3077 4137 ad
3125 4097 3376 4155 mortem,
3424 4103 3652 4149 mortem
3701 4098 3891 4153 autcut‘

2296 4164 2477 4218 crucis
2510 4163 2771 4238 (Pnilipp.
2804 4169 2881 4242 2).
2913 4171 2981 4226 Et
3029 4172 3248 4231 Verbum
3291 4196 3411 4253 caro
3456 4185 3649 4252 factum
3695 4197 3802 4253 est,
3833 4198 3879 4242 et

2296 4253 2543 4310 habitavit
2569 4258 2623 4312 in
2653 4259 2797 4315 nobis
2824 4260 3006 4332 (Joan.
3038 4266 3093 4322 1.
3128 4267 3243 4337 id).
3273 4269 3438 4327 Miror
3461 4285 3640 4329 autem
3668 4277 3877 4333 Monta-

2298 4360 2442 4410 num,
2475 4357 2529 4402 et
2559 4348 2776 4407 insanas
2799 4351 3029 4410 feminas
3056 4342 3196 4426 ejus,
3225 4359 3498 4417 abortivus
3543 4365 3836 4437 Prophetas
3857 4409 3873 4434 ,

2296 4435 2522 4491 Domino
2551 4442 2917 4508 promittente,
2959 4456 3118 4517 atque
3147 4447 3360 4506 dicente
3395 4469 3410 4508 :
3451 4453 3595 4511 Vada
3641 4435 3690 4513 et
3718 4460 3875 4515 alium

2292 4524 2620 4584 Paracletum
2642 4535 2836 4588 mittam
2860 4538 2996 4591 vobis
3019 4539 3073 4602 (J
3081 4556 3177 4594 oan
3186 4582 3197 4593 .
3220 4544 3241 4597 1
3256 4544 3308 4598 4.
3332 4546 3440 4616 lii);
3464 4559 3516 4602 et
3537 4561 3743 4619 postea,
3769 4555 3844 4609 Lu
3854 4585 3874 4595 -

2254 4658 2255 4661 η
2293 4634 2354 4672 ca
2380 4620 2718 4692 Evangelista
2743 4631 3121 4697 narrante(Ac.
3148 4635 3172 4688 1
3196 4646 3239 4687 et
3259 4635 3341 4706 2),
3365 4639 3502 4707 quod
3524 4642 3764 4707 Apostoli
3787 4660 3878 4697 ac-

2292 4724 2555 4782 ceperunt
2581 4717 2721 4784 qttod
2755 4722 3077 4787 promissum
3105 4735 3186 4780 est
3210 4744 3224 4781 :
3253 4728 3305 4783 id
3334 4731 3497 4784 multo
3520 4742 3636 4799 post
3663 4742 3875 4805 tempe-

2294 4820 2352 4859 re
2376 4806 2426 4858 in
2453 4822 2512 4861 se
2534 4807 2713 4864 dicere
2741 4810 2907 4869 fuisse
2924 4818 3268 4887 completum.
3294 4823 3550 4890 Apostolis
3572 4824 3721 4878 enim
3742 4840 3875 4895 pro-

2292 4914 2513 4952 missum
2537 4911 2618 4954 est
2642 4918 2658 4956 :
2685 4903 2792 4973 Ego
2812 4907 3007 4962 mittam
3025 4913 3343 4977 sponsionem
3362 4914 3531 4969 Putris
3552 4918 3649 4970 mei
3670 4919 3726 4970 in
3750 4934 3837 4972 vos
3859 4936 3877 4971 :

2293 5000 2339 5042 et
2354 5006 2435 5042 ros
2446 4994 2679 5047 sedcbitis
2693 4997 2742 5049 iu
2754 4998 2972 5064 civitate,
2988 5004 3315 5074 quoadusque
3331 5008 3606 5061 induamini
3621 5011 3804 5064 virtute
3819 5030 3877 5065 ex

2355 5116 2423 5202 (e)
2458 5118 2608 5183 Hinc,
2647 5120 2741 5195 ﬁlii
2773 5127 2917 5176 vestri
2952 5128 3002 5179 in
3036 5144 3128 5195 quo
3163 5134 3392 5195 ejiciunt,
3428 5140 3552 5202 apud
3573 5142 3759 5193 Victor.
3784 5155 3875 5192 non

2290 5187 2435 5321 δυἳῷ
2460 5240 2673 5321 Rectius
2694 5246 3003 5321 ambrosian.
3057 5254 3241 5321 Ms.__ad
3272 5260 3520 5321 Principes
3556 5266 3872 5315 sacerdotum.

2380 5244 2435 5303 tl)
2469 5242 2672 5293 Rectius
2701 5246 3003 5299 Ambrosiam
3057 5254 3145 5304 Ms.
3172 5255 3241 5303 ad
3272 5260 3520 5321 Principes
3556 5266 3872 5315 sacerdotum.

2356 5242 2425 5410 ἓξ)
2458 5302 2607 5376 Erant
2640 5309 2786 5368 igitur
2821 5314 2965 5360 etiam
3000 5326 3112 5363 ante
3134 5316 3347 5368 Nestorii
3372 5322 3791 5384 iuaugurationem
3830 5328 3874 5374 in

2356 5380 2363 5410 Ι
2398 5377 2495 5410 Ιυιῐὶ
2518 5365 2804 5410 ΕΗΙΞΡΟΠΙῙΠἹ
2830 5384 2956 5410 nnnn
3107 5381 3182 5410 ιδιιί
3202 5382 3387 5410 enimn-ho
3415 5387 3634 5410 n...‘.....l...
3662 5391 3763 5410 ..:....
3787 5390 3857 5410 ιη..

2294 5361 2508 5448 (ἶριηυιη.
2518 5361 2806 5448 lipischum
2830 5384 2956 5441 anno
2982 5361 3387 5448 eminuit;
3402 5361 3569 5448 uetiti-ii
3778 5361 3878 5437 lia--

2294 5437 2466 5508 refens
2486 5428 2741 5508 tribuitur,
2778 5434 2873 5508 qui
2895 5428 3783 5508 prminiterent:pertii‘liarrqugniJifl'e

2252 5523 2257 5527 «
2293 5487 2423 5573 ginti
2454 5495 2560 5560 post
2595 5487 2759 5573 annos:
2784 5487 3062 5573 ἰ’ῐξει;ἰ.ιιι·εικίι
3088 5512 3108 5573 ᾖ
3129 5508 3179 5547 et

2296 5549 2448 5608 steui,
2473 5550 2678 5660 ejusgue
2712 5554 3055 5615 discipulorum
3079 5549 3291 5610 doctrina
3319 5549 3754 5634 Inbueratque:

2296 5612 2457 5660 statim
2477 5624 2535 5660 ac
2557 5626 2584 5660 a
2618 5614 2705 5660 ivit
2727 5614 2995 5660 Nestorium
3017 5626 3145 5660 testu
3187 5622 3396 5660 Ιιμνιωι-εη
3436 5628 3448 5660 I
3499 5631 3516 5660 ι
3572 5645 3597 5660 ι.
3642 5633 3672 5660 ιι
3695 5632 3879 5660 ...ηιηημ

2294 5614 2457 5693 statim
2477 5624 2535 5681 ac
2557 5614 2997 5693 adivitliestpri'us,
3017 5626 3145 5693 teste
3183 5622 3396 5693 Evagrio
3435 5614 3471 5676 Ιξ
3486 5614 3519 5677 1
3533 5614 3879 5693 feriri-ietin

2298 5672 2608 5737 tutu/“regium
2630 5674 2761 5739 fecit.
2779 5676 2885 5725 νῆα.
2912 5672 3189 5730 Liberatum
3214 5672 3359 5735 mai;
3375 5672 3723 5744 ὶυᾎὲὲτῖλσῖυῗ
