4026 6186
194 277 293 334 997

194 571 396 625 millatn
428 583 442 618 :
473 576 523 617 et
554 564 673 627 illis,
712 563 759 615 id
784 572 888 624 est,
917 560 1220 630 Apostolis,
1246 560 1359 615 ait:
1406 559 1635 624 Quorum
1680 559 1764 611 di-

193 660 426 715 miseritis
448 666 669 724 peccata,
692 654 1126 720 dimittuntureis,
1148 663 1192 707 et
1210 669 1424 721 quorum
1439 651 1762 714 retinueritis,

193 759 386 804 retenta
416 757 551 800 sunt.
581 746 877 814 Apostolis,
912 745 1149 815 inquam,
1178 744 1430 814 praecepit
1448 785 1464 809 ,
1493 758 1559 797 ne
1585 744 1763 798 disce-

190 842 381 894 derent
427 837 494 889 ab
519 835 869 905 Jerosolymis
888 877 902 897 ,
934 836 1028 889 sed
1057 843 1430 904 exspectarent
1455 834 1765 904 promissio-

188 946 307 984 nem
342 928 532 981 Patris.
560 928 621 979 Et
653 938 836 996 postea
858 927 998 996 quod
1025 927 1342 995 promissum
1365 935 1466 989 est,
1495 927 1763 995 expletum

187 1020 432 1087 legimus.
459 1016 785 1087 Replelisunt
808 1034 976 1071 omnes
988 1017 1029 1070 S
1037 1018 1187 1085 pin‘lu
1209 1016 1419 1081 Sancto,
1441 1027 1486 1070 et
1506 1025 1762 1085 caperqu

185 1114 324 1184 loqui
353 1112 507 1165 variis
534 1112 721 1181 linguis
741 1150 755 1173 ,
784 1121 932 1179 prout
960 1110 1183 1179 Spiritus
1213 1108 1434 1163 Sanctus
1472 1110 1622 1162 dabat
1652 1109 1761 1162 elo-

184 1208 271 1272 qui
303 1203 413 1256 illis
444 1201 577 1273 (Act.
607 1202 662 1254 Ξ.
697 1203 776 1270 Al).
809 1202 1037 1269 Spiritus
1079 1200 1219 1254 enim
1245 1200 1471 1254 Sanctus
1515 1200 1601 1254 tibi
1654 1200 1762 1254 vult

181 1298 348 1367 spirat
378 1295 560 1365 (Joan.
586 1297 635 1350 5.
666 1293 744 1365 8).
776 1295 844 1349 Ει
872 1295 1087 1364 quando
1114 1294 1242 1347 dicit
1290 1295 1563 1357 Dominus,
1603 1294 1761 1347 alium

181 1388 516 1443 Paradetum
547 1388 740 1439 mittant
772 1388 928 1451 vobis,
952 1398 1005 1440 et
1032 1403 1089 1440 se
1109 1386 1343 1440 ostendit
1370 1401 1487 1440 esse
1508 1386 1758 1438 Parade-

182 1490 315 1542 tunt,
349 1479 440 1547 qui
467 1479 768 1547 appellatur
792 1478 1112 1533 Consolator.
1150 1476 1299 1531 Unde
1339 1487 1392 1531 et
1440 1478 1577 1531 Deus
1603 1478 1760 1531 Pater

182 1569 286 1621 hoc
312 1578 570 1620 Censetur
600 1567 813 1621 nomine
833 1608 846 1629 ,
895 1566 1033 1619 Deus
1059 1566 1469 1631 miserationem,
1516 1576 1562 1620 et
1608 1568 1758 1621 totius

180 1658 544 1712 consolationis
572 1658 644 1728 (‘2.
671 1659 788 1711 Cor.
813 1660 884 1727 l).
912 1658 967 1712 Si
986 1668 1162 1711 autem
1186 1668 1236 1711 et
1256 1658 1412 1711 Pater
1433 1659 1754 1723 consolator,

178 1760 233 1803 et
262 1749 429 1802 Filius
455 1748 781 1814 consolator,
820 1757 873 1801 et
911 1748 1139 1816 Spiritus
1184 1748 1412 1801 Sanctus
1452 1749 1757 1801 consolator

177 1851 258 1893 est
284 1857 297 1893 :
328 1851 373 1891 et
406 1841 458 1892 in
489 1841 701 1893 nomine
732 1838 924 1902 Patris,
954 1848 1007 1893 et
1032 1838 1174 1904 Filii,
1216 1849 1269 1891 et
1294 1838 1524 1908 Spiritus
1550 1838 1751 1899 Sancti,

175 1930 313 1999 quod
339 1930 653 1999 intelligitur
673 1929 833 1992 Deus,
858 1929 1189 1997 baptizantur
1204 1928 1506 1993 credentes,
1528 1944 1752 1997 quorum

177 2040 340 2076 unum
368 2022 685 2086 divinitatis,
719 2032 772 2075 et
800 2021 1157 2075 consolatoris
1186 2030 1268 2074 est
1310 2036 1501 2074 nomen
1524 2063 1537 2085 ,
1566 2036 1752 2075 eorum

175 2123 227 2166 et
258 2130 359 2167 una
383 2122 573 2167 natura
596 2121 695 2165 est.
726 2111 824 2165 llic
848 2110 1079 2179 Spiritus
1151 2112 1317 2182 838
1364 2112 1613 2177 Sanctus,
1646 2127 1751 2166 non

172 2206 347 2258 solum
380 2207 433 2259 in
462 2203 878 2280 Apostolis,‘_sed
910 2207 1069 2257 etiam
1101 2204 1152 2256 in
1183 2204 1462 2271 Prophetis
1508 2203 1640 2268 fuit,
1684 2204 1753 2259 de

172 2312 279 2365 quo
308 2295 473 2350 David
496 2294 700 2356 orabat,
734 2293 950 2347 dicens:
977 2293 1230 2361 Spiritum
1258 2294 1507 2349 Sanctum
1530 2306 1668 2347 tuum
1690 2309 1753 2350 ne

170 2388 381 2456 auferas
422 2405 454 2440 a
476 2404 553 2440 me
576 2386 696 2458 (Ps.
722 2386 811 2441 50.
839 2387 945 2454 l5).
974 2386 1035 2438 Et
1061 2385 1242 2439 Daniel
1263 2386 1517 2453 Spiritum
1543 2386 1633 2439 Dei
1658 2386 1751 2439 ha-

172 2481 353 2534 buisse
381 2489 630 2533 narratur
655 2495 667 2530 :
697 2490 752 2533 et
776 2478 938 2531 David
972 2479 1023 2530 in
1052 2478 1240 2545 spiritu
1268 2478 1521 2547 loquitur,
1551 2478 1751 2533 dixisse

172 2570 458 2623 Dmninum
490 2570 713 2623 Domino
743 2584 863 2634 suo,
897 2568 1013 2621 sede
1038 2585 1068 2620 a
1089 2570 1280 2621 ἀδειής
1310 2572 1453 2635 meis,
1474 2570 1632 2623 donec
1659 2586 1750 2638 po-

173 2676 289 2712 nam
305 2660 536 2713 inimicos
554 2668 684 2723 tuos,
703 2661 974 2713 scabellth
996 2660 1178 2729 pedum
1197 2668 1395 2712 tuorum
1408 2659 1579 2727 (Psal.
1602 2660 1744 2728 109).

172 2750 279 2805 Nec
305 2752 423 2805 sine
451 2752 654 2821 Spiritu
696 2751 894 2805 Sancto
940 2751 1390 2821 prophetaverunt
1427 2750 1743 2819 Propheta}:

171 2853 224 2897 et
250 2845 415 2897 verbo
443 2843 649 2897 Domini
671 2843 792 2897 ρωιί
818 2843 1008 2897 ﬁrmati
1032 2852 1173 2905 sunt,
1203 2853 1255 2896 et
1277 2841 1475 2911 Spiritu
1500 2842 1608 2896 oris
1631 2842 1747 2911 ejus

170 2936 343 2989 onmis
359 2938 528 2990 virtus
545 2952 726 2990 eorum
751 2947 826 2991 :el
840 2937 1091 3006 quidquid
1108 2936 1299 3003 Patris,
1319 2944 1371 2990 et
1392 2936 1507 2989 Filii
1520 2947 1620 2997 est,
1647 2938 1746 2991 hoc

170 3028 308 3082 idem
340 3039 395 3085 et
420 3031 647 3099 Spiritus
670 3028 848 3083 Sancti
875 3038 993 3083 est:
1023 3037 1076 3083 et
1096 3027 1169 3099 (ὁ)
1210 3029 1323 3097 ipse
1349 3028 1576 3097 Spiritus
1611 3029 1745 3083 San-

170 3129 284 3173 ctus
323 3136 443 3175 cum
488 3122 733 3185 mittitur,
765 3136 793 3173 a
821 3120 975 3174 Patre
1017 3130 1070 3174 et
1104 3120 1239 3175 Filio
1268 3123 1525 3176 mittitur:
1560 3122 1608 3173 in
1640 3123 1746 3175 alio

174 3223 335 3281 atque
361 3215 470 3266 alio
502 3213 641 3275 loco,
669 3212 901 3280 Spiritus
933 3212 1021 3265 Dei
1055 3212 1249 3274 Patris,
1278 3223 1332 3266 et
1352 3212 1549 3266 Christi
1580 3212 1746 3281 Spiri-

169 3306 255 3349 tus
285 3298 605 3366 appellatur.
638 3296 787 3350 Unde
812 3309 863 3349 et
892 3296 941 3349 in
972 3295 1194 3349 Actibus
1223 3296 1620 3365 Apostolorum,
1654 3296 1744 3365 qui

168 3386 391 3441 Joannis
417 3388 743 3456 Baptismate
786 3386 992 3440 fuerant
1015 3386 1283 3455 baptizati,
1304 3396 1359 3441 et
1381 3387 1669 3441 credebant
1692 3388 1744 3441 in

170 3476 330 3530 Demn
362 3479 595 3541 Patrem,
641 3487 695 3531 et
720 3478 986 3532 Christum
1010 3517 1025 3543 ,
1056 3478 1177 3547 quia
1208 3478 1462 3545 Spiritum
1492 3478 1742 3533 Sanctum

170 3569 514 3633 nesciebant,
564 3569 755 3622 iterum
802 3569 1137 3637 baptizantur
1173 3587 1186 3621 :
1218 3570 1328 3622 imo
1383 3578 1508 3622 tunc
1558 3584 1741 3623 verum

170 3662 432 3727 accipiunt
460 3662 741 3729 baptisma.
772 3663 979 3723 Aesone
1006 3676 1129 3715 nam
1156 3660 1355 3729 Spiritu
1382 3660 1576 3715 Sancto
1597 3701 1610 3724 ,
1644 3660 1743 3714 im-

170 3752 464 3816 perfectum
493 3763 571 3805 est
601 3753 911 3820 mysterium
937 3751 1230 3804 Trinitatis.
1266 3753 1328 3804 Et
1359 3752 1408 3805 in
1439 3753 1625 3805 eodem
1652 3769 1744 3805 vo-

172 3838 388 3906 lumine,
422 3843 609 3896 Petrns
633 3843 937 3905 Ananiayet
960 3841 1235 3910 Sapphirae
1253 3842 1451 3896 dixisse
1475 3853 1740 3909 narratur,

169 3933 305 3999 quod
339 3934 658 3988 mentientes
687 3933 904 4000 Spiritui
934 3932 1152 3996 Sancto,
1183 3946 1286 3985 non
1309 3934 1415 3986 sint
1440 3933 1743 3986 hominibus

170 4024 397 4085 mentiti,
428 4024 522 4076 sed
558 4022 663 4075 Deo
692 4022 824 4089 (Act.
852 4023 931 4090 5).

236 4113 392 4168 CAP.
423 4114 495 4168 Χ.
526 4143 595 4153 --
618 4112 753 4180 Quid
786 4113 1047 4181 signiﬁcet
1081 4112 1232 4176 illud,
1275 4114 1416 4183 quod
1458 4115 1743 4183 Apostolus

171 4202 362 4257 Paulus
413 4205 671 4272 disputat,
719 4200 784 4255 ad
834 4202 1102 4257 Romanos
1152 4204 1413 4270 scribens,
1455 4206 1591 4271 Quid
1626 4222 1743 4276 ergo

171 4296 434 4350 dicemus?
464 4293 709 4365 numquid
736 4296 979 4365 iniquitas
1004 4297 1140 4365 apud
1172 4294 1376 4349 Deum?
1404 4297 1534 4348 absit
1562 4298 1739 4364 (Item.

170 4385 219 4439 9.
259 4389 363 4457 ll),
398 4402 569 4457 usque
596 4387 661 4441 ad
691 4402 812 4441 eum
846 4388 1040 4451 locum,
1076 4388 1161 4440 ubi
1191 4389 1261 4440 ait
1292 4404 1305 4441 :
1345 4387 1462 4439 Nisi
1494 4386 1742 4441 Dominus

171 4479 374 4532 sabaol/t
425 4480 713 4545 reliquisset
750 4478 890 4531 nobis
931 4495 1119 4543 semen,
1171 4481 1299 4533 sicut
1343 4480 1568 4535 Sodoma
1621 4483 1743 4548 facti

177 4571 454 4638 fuissemus,
485 4583 529 4626 et
546 4574 671 4626 sicut
691 4570 942 4625 Gomorra
958 4572 1146 4626 similes
1164 4576 1428 4642 fuissemus
1449 4573 1498 4645 (Ι
1504 4573 1605 4626 bid.
1624 4574 1739 4645 9.9).

171 4663 352 4719 Omnis
373 4666 589 4736 quidem
629 4666 696 4720 ad
736 4666 1006 4719 Romanos
1037 4665 1274 4735 Epistula
1305 4668 1740 4736 interpretatione

174 4750 387 4822 indiget,
416 4768 469 4810 et
515 4756 674 4810 tantis
721 4755 1137 4809 obscuritatibus
1173 4755 1406 4811 involuta
1451 4765 1553 4819 est.
1583 4766 1639 4811 ut
1668 4758 1736 4812 ad

175 4842 563 4914 intelligendam
590 4862 733 4911 eam,
770 4847 1000 4916 Spiritus
1028 4845 1209 4901 Sancti
1238 4847 1567 4917 indigeamus
1593 4850 1741 4903 auxi-

177 4933 265 4996 lio,
296 4937 384 5005 qui
418 4954 511 5006 per
542 4938 855 5007 Apostolum
896 4939 1011 4992 hme
1048 4938 1157 5007 ipsa
1191 4938 1409 4992 dictavit
1438 4956 1450 4992 :
1476 4940 1568 4995 sed
1598 4957 1732 5009 praea-

176 5023 325 5091 cipue
355 5026 502 5079 locus
534 5027 639 5091 hic,
669 5029 720 5081 in
747 5043 853 5097 quo
882 5028 1095 5097 quidam
1126 5029 1368 5083 volentes
1400 5030 1491 5084 Dei
1519 5046 1739 5086 servare

176 5111 455 5181 justitiam,
482 5133 543 5170 ex
577 5118 1000 5187 prmcedentihus
1035 5121 1232 5183 causis,
1290 5120 1474 5175 dicunt
1512 5122 1739 5176 electum

182 5200 230 5254 in
260 5214 406 5259 utero
422 5208 677 5262 Rebeccze
693 5208 876 5275 Jacob,
903 5220 954 5263 et
983 5210 1247 5278 abjectum
1275 5210 1414 5264 Esau
1443 5209 1593 5284 (Gen.
1613 5212 1703 5282 τεν-ὃ)
1727 5232 1740 5266 :

230 5356 450 5428 ,ςιῂηῡιιο
494 5358 610 5428 Mss.
648 5360 1065 5428 ἀνι-νίῃοδιο-ιρνυτη⁸
1099 5363 1349 5428 insuﬂlarit
1393 5365 1581 5427 faciem.
1622 5368 1743 5416 Tum

323 5418 373 5466 in
409 5420 610 5484 catalog.
637 5435 681 5471 c.
718 5414 780 5471 59'
804 5432 852 5472 et
885 5424 946 5473 40
980 5414 1369 5487 ιιιοίδειιηίὶιίοίι,
1393 5414 1523 5476 'nou
1549 5414 1741 5478 prum;

243 5539 603 5617 git-)LPerperam
634 5552 779 5617 vetus
804 5545 973 5617 editio,
1002 5554 1053 5596 et
1076 5548 1441 5617 Mediolanense
1466 5554 1742 5617 exemplar,

289 5604 605 5715 illotts’mftltéitur
630 5620 660 5655 a
683 5613 844 5667 Patre,
869 5614 914 5657 et
938 5621 1027 5671 pro
1052 5609 1172 5661 I-‘ilio
1197 5611 1367 5667 veniat,
1391 5610 1440 5660 in
1463 5610 1575 5672 alia,
1603 5604 1744 5679 (itque

343 5700 411 5723 ιιι)
439 5700 532 5718 νικά,

464 5753 520 5810 S.
560 5752 949 5815 lltERONYMI.
1002 5757 1046 5817 Ι.

1513 261 1841 319 EPISTOLA
1881 262 2045 317 CXX.

193 391 294 445 alto
324 384 478 457 (Luc.
503 381 594 437 εει.
618 382 706 451 49)
732 382 748 436 ξ
780 391 832 434 et
861 383 1167 449 resurgens,
1202 379 1279 450 (α)
1305 380 1354 432 in
1379 378 1663 449 Apostolus
1686 379 1767 431 iu-

194 478 448 540 suiﬁavit,
480 484 533 527 et
560 490 661 526 non
692 473 740 525 in
769 470 1098 533 Montanum,
1132 469 1426 523 Priscillam
1448 509 1462 531 ,
1506 478 1562 522 et
1602 468 1768 521 Maxi-

3341 265 3440 322 998

1874 377 2015 432 sicut
2044 386 2098 433 et
2121 377 2415 445 Jeremias,
2452 389 2508 436 et
2554 380 2787 451 Baptista
2821 379 3055 436 Joannes
3096 382 3363 451 eliguntur
3389 386 3440 439 in

1872 476 2024 522 utero
2056 471 2072 537 (
2098 468 2286 523 Jerem.
2316 471 2364 534 l;
2394 469 2523 523 Luc.
2557 472 2580 525 l
2610 470 2628 540 )
2659 489 2671 525 :
2702 479 2757 526 et
2787 470 2901 540 ipse
2928 472 3216 540 Apostolus
3246 472 3440 527 Paulus

1873 558 2287 625 prmdestinatur
2335 560 2387 614 in
2443 560 2791 630 Evangelium
2837 570 3121 630 antequam
3170 572 3438 619 nascatur.

1871 648 2035 706 Nobis
2061 662 2236 707 autem
2282 652 2412 706 nihil
2451 654 2642 723 placet,
2690 653 2792 707 nisi
2838 654 2977 724 quod
3010 654 3440 709 Ecclesiasticum

1868 751 1971 807 est,
2002 753 2057 797 et
2080 744 2291 812 publice
2338 744 2390 799 in
2427 746 2650 801 ecclesia
2680 745 2859 800 dicere
2902 760 3008 801 non
3045 748 3293 800 timemus
3324 762 3337 800 :
3371 762 3440 800 ne

1861 832 2010 902 juxta
2042 834 2415 906 Pythagoram,
2439 846 2490 890 et
2510 837 2804 899 Platonem,
2847 845 2899 890 ct
2923 836 3210 905 discipulos
3279 836 3443 907 839

1867 940 2072 991 eorum,
2090 927 2177 996 qui
2205 926 2307 981 sub
2325 929 2541 982 nomine
2559 927 2862 982 Christiano
2881 912 3224 981 introducunt
3249 928 3441 996 dogma

1866 1019 2143 1086 gentilium
2170 1060 2185 1086 ,
2211 1018 2284 1090 (ε)
2306 1019 2546 1074 dicamus
2579 1020 2785 1073 animas
2816 1020 2993 1088 lapsas
3022 1019 3087 1073 de
3117 1018 3252 1073 cmlo
3277 1034 3396 1073 esse
3426 1037 3441 1073 :

1865 1120 1918 1161 et
1946 1124 2045 1178 pro
2070 1110 2380 1165 diversitate
2413 1112 2747 1175 meritorum,
2783 1112 2833 1166 in
2874 1112 2955 1166 his
2985 1112 3070 1166 vel
3102 1113 3156 1165 in
3188 1111 3294 1165 illis
3316 1126 3441 1165 cor-

1864 1200 2082 1267 poribus
2115 1216 2297 1270 [muas
2340 1202 2680 1272 antiquorum
2714 1204 2859 1256 luere
2900 1206 3260 1270 peccatorum.
3308 1199 3440 1252 Mul-

1865 1300 2025 1361 toque
2056 1293 2245 1347 melius
2268 1305 2348 1348 est
2375 1294 2686 1364 simpliciter
2712 1280 3033 1362 imperitiam
3083 1291 3351 1354 conﬁteri,
3385 1299 3439 1343 et

1862 1380 2000 1435 inter
2027 1394 2221 1436 canora
2248 1400 2364 1453 qua:
2389 1386 2676 1446 nescimus,
2695 1384 2852 1438 etiam
2876 1383 3032 1453 hujus
3060 1383 3160 1437 loci
3186 1381 3434 1455 obscuri-7

1862 1480 2021 1525 tatem
2053 1472 2295 1542 refugere
2320 1462 2416 1545 (ἀ).
2451 1474 2669 1544 e/fugere
2690 1474 2709 1546 ]
2730 1516 2744 1538 ,
2793 1491 2990 1544 quam,
3021 1474 3145 1528 dum
3186 1473 3431 1527 volumus

1862 1561 1953 1616 Dei
1979 1564 2203 1630 probare
2222 1565 2504 1631 justitiam,
2537 1566 2782 1619 Basilidis
2810 1575 2865 1620 et
2891 1564 3167 1619 Manieha‘i
3186 1564 3434 1619 haeresim

1859 1650 2176 1717 defendere,
2218 1664 2270 1708 et
2298 1654 2375 1724 (b)
2419 1656 2599 1709 lberas
2640 1657 2861 1720 menius,
2913 1655 3268 1727 Egyptiaque
3307 1670 3435 1724 por-

1861 1748 2001 1792 tenta
2032 1743 2245 1795 sectari.
2281 1743 2532 1798 Dicamus
2563 1744 2742 1812 igitur,
2776 1756 2829 1798 ut
2860 1760 3161 1812 possumus,
3198 1756 3249 1799 et
3281 1747 3427 1813 Apo-

1856 1828 2061 1884 stolica:
2105 1832 2394 1885 voluntatis
2434 1844 2721 1903 sequentes
2766 1836 3012 1904 Vt‘sllgla,
3059 1851 3127 1889 ne
3176 1843 3431 1905 punctum

1856 1920 2068 1987 quidem
2096 1922 2113 1990 (
2138 1931 2191 1974 ut
2220 1922 2449 1993 dicitttr)
2478 1933 2637 1993 atque
2664 1941 2891 1995 unguem
2938 1938 3299 1981 transversum
3320 1966 3335 1989 ,
3363 1926 3432 1979 ab

1855 2010 1996 2064 illius
2017 2016 2298 2068 sententiis
2326 2016 2660 2072 recedamus.
2694 2018 2943 2073 Fleverat
2969 2035 3151 2091 supra,
3176 2030 3230 2075 et
3256 2020 3432 2077 dolori

1854 2116 1989 2167 suo,
2037 2112 2091 2156 et
2140 2106 2485 2159 conscientia:
2542 2117 2731 2161 testem
2783 2112 3123 2165 inrocaverat
3170 2111 3427 2181 Spiritum

1855 2189 2133 2258 Sanctum,
2166 2194 2307 2262 quod
2340 2194 2529 2251 fratres
2548 2197 2629 2249 sui
2657 2206 2710 2251 et
2735 2201 2946 2266 cognati
2974 2201 3267 2256 secundum
3299 2220 3427 2259 car-

1855 2298 1998 2346 nem,
2024 2284 2073 2337 id
2100 2293 2201 2347 est,
2233 2284 2485 2341 lsraelita:
2508 2328 2522 2352 ,
2554 2288 2645 2342 Dei
2673 2287 2868 2345 Filium
2916 2306 3021 2346 non
3051 2296 3379 2364 recepissent
3408 2314 3423 2351 :

1852 2386 2079 2440 quorum
2108 2372 2207 2428 fuit
2232 2375 2469 2445 adoptio,
2520 2387 2573 2432 et
2616 2379 2805 2447 gloria,
2847 2390 2901 2435 et
2946 2394 3347 2450 testamentum,
3372 2396 3429 2440 et

1805 2457 2134 2531 ‘legislatio,
2184 2465 2253 2535 (e)
2297 2478 2349 2521 et
2392 2468 2621 2535 cultura,
2667 2480 2721 2524 et
2771 2463 3055 2540 pmtnisslo
3084 2490 3188 2530 :ex
3232 2476 3427 2545 quibus

1850 2554 2007 2605 etiam
2040 2555 2153 2623 ipse
2180 2556 2423 2612 Christus
2468 2561 2764 2614 secundum
2795 2578 3009 2618 carnem
3041 2566 3108 2621 de
3147 2566 3305 2622 Maria
3331 2584 3426 2638 ge-

1850 2654 2067 2699 neratus
2096 2656 2177 2701 est
2208 2647 2422 2718 Virgine
2458 2668 2471 2704 :
2502 2661 2554 2704 et
2582 2661 2686 2705 tam
2735 2655 2990 2709 continuo
3018 2657 3196 2712 cordis
3234 2659 3423 2715 dolore

1850 2744 2169 2806 torquetur:
2204 2751 2257 2793 ut
2288 2741 2401 2811 ipse
2431 2753 2577 2812 optet
2629 2746 2916 2800 anathema
2957 2762 3078 2803 esse
3122 2764 3152 2801 a
3180 2749 3418 2815 Christo,

1848 2826 1902 2881 id
1948 2837 2031 2882 est
2070 2830 2219 2884 solus
2265 2832 2475 2900 perire,
2524 2848 2591 2887 ne
2639 2849 2799 2890 omne
2850 2836 3201 2894 lsraeliticmn
3254 2858 3423 2911 genus

1848 2930 2032 2990 pereat
2055 2920 2228 2993 (liam.
2260 2922 2334 2993 9).
2359 2924 2423 2978 Et
2454 2926 2577 2993 quia
2602 2925 2701 2981 hoc
2730 2928 2959 2995 dixerat,
2990 2933 3171 2987 statim
3202 2939 3427 2991 venien.

1848 3020 1954 3067 tem
1978 3028 2008 3067 e
2038 3014 2255 3083 regione
2284 3016 2531 3084 prmvidit
2554 3023 3072 3090 qua-stionemﬂuid
3099 3042 3225 3097 ergo
3248 3028 3421 3085 dicis?

1848 3102 2046 3158 Omnes
2076 3106 2163 3175 qui
2194 3121 2261 3160 ex
2288 3106 2453 3162 Israel
2479 3120 2601 3164 sunt
2626 3112 2944 3180 perierunt?
2974 3116 3041 3171 Et
3063 3120 3332 3187 quomodo
3362 3132 3417 3177 tu

1850 3198 1964 3267 ipse
2006 3207 2061 3252 et
2108 3199 2289 3253 caueri
2344 3201 2607 3270 Apostoli,
2641 3215 2695 3259 et
2754 3206 2954 3262 inﬁnita
2994 3209 3199 3267 Iudaici
3239 3216 3421 3283 pepuli

1849 3290 2150 3356 multitudo,
2169 3291 2436 3347 Christum
2469 3296 2558 3349 Dei
2586 3296 2777 3351 Filium
2805 3302 3079 3370 recepistis
3107 3302 3131 3357 ?
3156 3304 3323 3373 Quam
3349 3308 3420 3361 ita

1848 3384 2011 3439 Solvit
2042 3403 2054 3436 :
2085 3385 2245 3440 Israel
2264 3386 2316 3439 in
2342 3388 2634 3458 Scripturis
2657 3394 2855 3446 sanctis
2879 3394 3163 3465 dupliciter
3187 3400 3423 3469 appella-

1850 3485 1952 3540 tur,
1981 3485 2034 3531 et
2063 3476 2112 3529 in
2141 3477 2277 3531 duos
2315 3478 2574 3533 dividitur
2604 3480 2778 3537 ﬁlios:
2814 3484 2864 3536 itt
2900 3500 3085 3553 unum,
3132 3488 3221 3557 qui
3268 3489 3419 3559 justa

1846 3581 2060 3622 carnem
2088 3580 2203 3634 est;
2234 3580 2289 3624 et
2318 3570 2365 3623 in
2394 3571 2645 3638 alterum,
2665 3575 2755 3643 qui
2773 3575 2923 3645 juxta
2947 3582 3421 3648 repromissionem

1846 3669 1900 3713 et
1922 3662 2186 3729 Spiritum.
2232 3662 2498 3716 Abraham
2545 3664 2680 3720 duos
2726 3666 2913 3723 habuit
2943 3671 3100 3739 filios,
3137 3673 3324 3731 lsmael
3366 3688 3425 3732 et

1849 3751 2013 3815 Isaac,
2046 3752 2261 3818 lsmael,
2293 3755 2381 3823 qui
2407 3757 2699 3810 secundum
2732 3773 2948 3813 carnem
2982 3772 3141 3819 natus
3183 3777 3284 3831 est,
3310 3767 3421 3820 hav-

1846 3845 2123 3899 reditatem
2148 3846 2314 3914 patris
2342 3863 2447 3900 non
2475 3850 2699 3917 accepit.
2728 3851 2893 3912 Isiac,
2924 3852 3012 3920 qui
3035 3854 3102 3908 de
3125 3872 3163 3909 ri
3186 3859 3419 3923 promis-

1848 3936 1999 3988 sione
2027 3945 2311 4003 generatus
2340 3952 2406 3990 ex
2437 3936 2567 3991 Sara
2594 3948 2696 4002 est,
2741 3954 2926 3994 semen
2977 3942 3071 3995 Dei
3098 3945 3417 4013 appellatur.

1849 4024 2113 4093 Scriptum
2146 4035 2227 4078 est
2256 4026 2399 4079 enim
2429 4044 2441 4079 :
2475 4025 2542 4079 In
2566 4024 2719 4079 Isaac
2741 4029 2999 4082 vocabitur
3026 4032 3115 4084 tibi
3138 4049 3305 4088 semen
3325 4077 3341 4102 ,
3367 4037 3422 4091 id

1848 4126 1951 4182 est,
1982 4131 2084 4169 non
2112 4118 2199 4185 qui
2236 4117 2327 4170 lilii
2355 4118 2553 4179 carnis,
2580 4118 2632 4171 hi
2667 4119 2757 4173 lilii
2782 4120 2872 4175 Dei
2898 4138 2914 4186 ;
2938 4123 3033 4177 sed
3065 4124 3152 4193 qui
3173 4138 3295 4180 sunt
3324 4127 3422 4184 ﬁlii

1848 4207 2297 4276 repromissionis,
2326 4209 2408 4262 isti
2430 4208 2511 4280 (f)
2527 4211 2901 4267 existimantur
2918 4215 2969 4269 in
2990 4218 3215 4273 semine.
3238 4218 3303 4273 Et
3320 4221 3423 4276 hoc

1848 4314 1952 4353 non
1983 4299 2155 4353 solum
2188 4299 2239 4353 in
2269 4300 2459 4355 lsmael
2491 4310 2544 4355 et
2567 4301 2713 4357 Isaac
2734 4304 2992 4362 accidisse
3018 4310 3418 4380 convincimus;

1848 4391 1943 4443 sed
1974 4392 2136 4443 etiam
2166 4391 2217 4444 in
2243 4390 2453 4447 duobus
2482 4391 2738 4449 Rebecca:
2780 4397 2936 4465 ﬁliis,
2968 4398 3106 4454 Esau
3132 4411 3187 4455 et
3229 4402 3417 4472 Jacob,

1848 4497 2076 4549 quorum
2104 4480 2244 4535 alter
2268 4481 2529 4551 abiectus,
2558 4484 2693 4539 alter
2730 4486 2933 4544 electus
2971 4501 3073 4545 est.
3107 4492 3171 4546 Et
3206 4494 3308 4550 hoc
3339 4506 3421 4552 to-

1848 4576 1955 4629 tu’m
1981 4576 2129 4639 dicit,
2165 4586 2219 4630 ut
2250 4579 2301 4630 in
2376 4577 2541 4649 840
2610 4568 2816 4634 duobus
2848 4583 3111 4650 prioribus
3136 4584 3416 4654 fratribus,

1849 4668 2032 4721 lsmael
2082 4678 2134 4723 et
2180 4668 2341 4734 Esau,
2376 4670 2624 4739 pepuhun
2653 4670 2956 4725 Juda‘orum
2992 4672 3256 4742 abjectum
3298 4694 3420 4737 esse

1845 4761 2105 4831 signiﬁcet
2133 4801 2144 4814 .
2172 4761 2226 4816 ln
2254 4762 2634 4832 posterioribus
2676 4772 2875 4827 autem,
2917 4764 3016 4819 hoc
3045 4777 3146 4833 est,
3190 4769 3241 4825 iu
3272 4770 3419 4832 lsaac

1910 4942 1978 5005 (e)
1996 4938 2382 5005 Yidel’hilonem
2396 4937 2458 5005 de
2478 4936 2738 5005 Allegorjjs
2754 4948 2837 5005 ;_e.t
2852 4940 2991 5005 paulo
3007 4952 3133 5005 post,
3147 4946 3225 4995 ubi
3242 4949 3304 4998 de
3322 4951 3421 5002 Ma-

1849 4995 2021 5109 :Lclt'zei
2041 5000 2234 5109 baetgsi,
2253 4998 2577 5059 Augustinum
2593 4995 2649 5046 in
2673 4995 2915 5049 Enelnrid.
2933 4995 3037 5064 cap.
3064 4995 3142 5055 99'.
3171 5016 3221 5057 et

1865 5068 1874 5080 '
1914 5099 1925 5109 .
1952 5076 1997 5109 ιη
2025 5075 2079 5108 er
2168 5095 2179 5105 .

1846 5068 1925 5113 68.
1952 5066 2079 5110 inter
2102 5066 2179 5109 85.

1912 5122 2139 5187 (άὶᾲΗὶΙᾍΟ
2164 5119 2321 5187 latius
2356 5118 2653 5187 explicemus
2681 5120 2731 5168 in
2761 5120 2974 5187 Epistola
2995 5126 3055 5175 ad
3085 5128 3396 5187 Desideria".

1849 5176 2286 5251 quie'l’rmfation‘is
2310 5178 2414 5228 loco
2426 5176 2513 5251 'est
2536 5182 2584 5228 in
2607 5176 2994 5251 Pentateucbum
3019 5176 3421 5251 .scuiééiiiiéiiié

1848 5241 2613 5319 emniasjgsisatémm'eee
2648 5241 3419 5319 '1fcﬁ’i§i9"i3_!sqiw,etj}}&52

1853 5308 2002 5375 typsis
2027 5304 2144 5375 (siue
2178 5301 2362 5375 somnia
2385 5301 2618 5375 [quibus
2660 5303 2885 5375 Basilidis
2924 5301 3212 5375 discipulus
3234 5301 3421 5375 natiiis

1853 5320 2002 5418 limis
2027 5320 2144 5373 ante
2178 5320 2362 5373 scutula
2386 5338 2413 5372 ,.
2442 5320 2618 5362 qumus
2660 5320 2885 5354 nasuuns
2924 5320 3189 5375 discipulus
3234 5320 3415 5375 Marcus

1896 5368 2099 5436 .gyptius
2136 5379 2203 5436 tn__
2218 5361 2445 5436 Hispania
2481 5362 2649 5436 plures
2670 5364 2904 5436 decepti,
2941 5378 3088 5436 ε-ιςιυθ
3121 5387 3370 5436 occupavit
3401 5401 3415 5436 ε

1850 5426 1959 5498 qua;
1977 5426 2367 5498 ‘qt‘iain‘A-ngptia
2393 5432 2616 5498 portep'ta
2640 5428 2707 5498 all
2721 5426 2937 5486 ejuSdem
2961 5426 3105 5498 Marci
3132 5426 3400 5498 nataliwsolo

1852 5474 1955 5541 sli—ve
1983 5474 2503 5570 qutloflrhkflcliyat.
2530 5485 2651 5535 Vide
2675 5474 2943 5541 Communi:

1854 5502 1955 5541 me
1983 5502 2186 5598 magno
2205 5520 2219 5543 ,
2244 5502 2503 5545 nuncupat.
2538 5502 2651 5535 νιυο
2675 5502 2943 5541 mmmam.
2978 5502 3026 5543 in
3051 5502 3187 5549 [sane
3207 5517 3311 5570 cap.
3338 5502 3415 5561 ϐιξ

1854 5563 1903 5603 cl
2062 5564 2091 5614 |_
2114 5547 2447 5614 [δά-Πομπηιξᾶ
2615 5607 2625 5614 _
2759 5611 2769 5614 _

1918 5606 1985 5673 (ἑ)
2023 5610 2168 5658 Addit
2190 5606 2568 5673 Ambrosiamer
2580 5607 2864 5673 abscindunt.

1916 5669 1986 5735 (ί)
2021 5672 2263 5720 Victorius
2286 5669 2533 5718 contendit
2557 5669 2818 5721 levendum
2842 5676 3153 5735 testimmimr,

2640 5760 3113 5837 (7'1‘011!r~deu.r.
3126 5782 3151 5846 )‘
