4026 6186
577 276 692 335 ‘999

590 408 641 452 et
669 396 853 460 Jacoh,
882 396 1103 451 electum
1132 387 1380 459 populum
1427 382 1661 455 gentium
1689 424 1702 445 ,
1736 379 1818 434 vel
1844 391 1937 433 eos
1969 376 2059 446 qui
2089 390 2155 429 ex

591 488 789 544 ulttdxis
811 489 860 541 in
888 486 1152 541 Christum
1180 474 1431 534 credituri
1461 483 1634 530 erant.
1679 472 1744 526 Et
1772 468 2022 540 quoniam
2062 468 2164 521 hoc

590 581 774 635 volens
803 575 1098 645 approbare
1118 613 1133 634 ,
1161 562 1516 641 preposuerat
1549 563 1910 620 testimonium
1944 573 2166 613 nasccn-

591 673 719 726 tium
745 665 1074 738 geminorum
1109 663 1246 717 Esau
1273 669 1327 716 et
1349 658 1514 714 Jaeob
1532 698 1546 723 ,
1589 656 1656 710 de
1685 653 1876 725 quibus
1905 652 2161 720 scriptum

588 770 665 815 est
700 776 712 812 :
750 755 921 826 Major
948 754 1125 809 serviet
1162 750 1342 806 minori
1375 747 1529 819 (Cen.
1566 747 1658 811 25)
1686 763 1699 798 :
1728 754 1782 799 et
1813 744 1862 797 in
1906 739 2162 796 Malae-hia

588 851 809 919 legimus
829 865 842 903 :
860 845 1020 901 Jacob
1046 844 1222 911 dilexi,
1246 843 1382 897 Esau
1402 836 1566 896 autem
1592 840 1710 893 odio
1739 836 1889 890 habui
1907 832 2160 906 (Malach.

588 943 636 995 1.
666 942 721 995 2.
752 936 833 1009 3),
879 938 1179 993 venientem
1225 950 1255 989 c
1285 934 1449 987 latere
1492 929 1839 1001 qtta'stioncm
1881 938 2029 978 more
2065 934 2165 975 suo

587 1032 851 1103 proponit,
884 1039 935 1085 et
958 1027 1173 1083 disserit
1205 1044 1218 1080 :
1251 1034 1305 1081 et
1331 1025 1430 1080 hac
1457 1023 1652 1083 soluta,
1677 1018 1964 1077 revertitur
1989 1015 2053 1070 ad
2087 1014 2160 1075 id.

586 1122 652 1176 de
680 1138 787 1193 quo
809 1128 1044 1189 cmpcrat
1083 1118 1376 1188 diSputare.
1406 1114 1459 1171 Si
1490 1114 1629 1167 Esau
1660 1123 1711 1167 et
1742 1110 1907 1166 Jacob
1935 1106 2160 1163 necdum

588 1215 696 1268 nati
726 1222 911 1277 erant;
951 1225 1047 1265 nec
1077 1207 1272 1279 aliquid
1303 1214 1521 1275 egerant
1551 1203 1673 1257 boni
1701 1211 1790 1255 aut
1818 1200 1964 1264 mali,
1996 1206 2049 1250 ut
2079 1195 2163 1249 Vel

586 1302 1024 1374 promcrcrentur
1049 1299 1234 1361 Deum,
1263 1298 1347 1351 vel
1375 1294 1707 1350 oll‘eudercnt
1735 1312 1748 1347 :
1778 1300 1831 1347 et
1858 1291 2048 1344 electio
2069 1303 2162 1343 eo-

585 1410 705 1450 rum
735 1403 894 1463 atque
919 1392 1169 1463 abjectio,
1203 1404 1306 1443 non
1334 1387 1523 1442 merita
1561 1384 1913 1455 singulorum,
1944 1381 2036 1435 sed
2066 1394 2167 1434 vo-

588 1486 845 1540 luntatem
892 1484 1138 1554 eligentis
1167 1490 1219 1537 et
1259 1480 1557 1551 alijieieutis
1586 1475 1838 1542 ostendit,
1870 1473 1994 1543 quid
2035 1486 2165 1540 ergo

585 1574 863 1632 dicemus?
891 1570 1105 1645 lnlquus
1149 1580 1230 1627 est
1273 1569 1448 1625 Dens?
1492 1567 1793 1622 Secundum
1827 1563 1953 1618 illud
1981 1576 2164 1616 exeni-

586 1669 755 1737 plum,
784 1681 891 1736 quo
913 1665 1147 1734 loquitur
1172 1661 1238 1719 ad
1266 1661 1477 1731 Moysen
1511 1679 1524 1714 :
1556 1658 1831 1734 Miserebor
1870 1658 1954 1709 cui
1990 1656 2167 1708 misero

586 1770 666 1812 tus
695 1759 838 1825 {itero
866 1755 1044 1825 (Rom.
1076 1753 1132 1810 9.
1159 1754 1272 1821 l5),
1293 1762 1337 1805 et
1361 1750 1759 1804 misericordiam
1787 1746 2057 1817 pra'stabo,
2082 1745 2166 1797 cui

587 1847 879 1903 miserebor.
925 1846 984 1901 Si
1022 1845 1144 1908 hoc,
1173 1844 1365 1912 inquit,
1390 1840 1675 1909 recipimus
1696 1879 1710 1899 ,
1744 1847 1799 1891 ut
1826 1835 1982 1890 faciat
2025 1836 2164 1889 licus

586 1939 965 2009 quodcumque
998 1934 1242 1997 voluerit,
1266 1942 1316 1988 et
1347 1932 1549 2001 absque
1580 1929 1772 1985 merito
1802 1937 1855 1983 ct
1878 1927 2160 1999 operibus,

587 2032 672 2089 vel
700 2031 860 2102 eligat
884 2027 1138 2099 aliquem,
1173 2025 1252 2081 vel
1288 2023 1610 2081 condemnet
1641 2040 1655 2077 :
1688 2036 1815 2091 ergo
1838 2036 1943 2074 non
1965 2030 2046 2073 est
2066 2032 2164 2071 vo-

594 2122 752 2178 lentis
774 2132 944 2191 neque
969 2115 1251 2180 currentis,
1295 2114 1390 2170 sed
1422 2108 1722 2167 miserentis
1745 2112 1837 2166 Dei
1875 2127 1887 2163 :
1922 2109 2161 2164 maxime

586 2228 706 2270 eum
748 2212 936 2268 eadem
978 2208 1249 2279 Scriptura
1277 2247 1292 2273 ,
1336 2204 1439 2260 hoc
1465 2214 1547 2258 est
1572 2204 1711 2259 idem
1747 2202 1886 2257 Deus
1919 2202 2164 2270 loquatur

584 2305 653 2361 ad
686 2301 1014 2359 Pharaonem
1047 2319 1062 2356 :
1100 2298 1126 2353 1
1135 2317 1165 2352 ιι
1192 2298 1285 2352 ltoc
1310 2298 1476 2369 ipsum
1498 2295 1706 2351 excitavi
1727 2305 1795 2362 te,
1823 2306 1875 2348 ut
1904 2294 2163 2347 ostendam

584 2397 637 2449 in
671 2404 718 2449 te
754 2394 985 2448 uirtutem
1020 2406 1182 2445 meam
1208 2430 1224 2457 ,
1269 2398 1314 2444 et
1349 2388 1676 2442 annuntietur
1710 2404 1889 2441 nomen
1920 2402 2081 2439 meum
2112 2386 2162 2438 in

585 2488 819 2541 universa
867 2471 1020 2539 terra.
1067 2483 1122 2537 Si
1157 2482 1256 2535 hoc
1301 2483 1370 2535 ita
1417 2490 1532 2544 est,
1566 2489 1620 2534 et
1649 2494 1742 2549 pro
1768 2480 2038 2533 voluntate
2068 2493 2161 2531 sua

586 2577 873 2633 miseretur
899 2572 1176 2637 lsrac!i,et
1217 2570 1428 2625 indurat
1470 2570 1800 2624 Pharaonem
1833 2585 1998 2639 :crgo
2050 2568 2164 2622 fru-

583 2674 697 2721 stra
720 2663 983 2735 queritur,
1015 2671 1176 2731 atque
1215 2670 1484 2726 causatur,
1514 2675 1611 2714 nos
1656 2660 1737 2712 Vel
1772 2660 1905 2713 bona
1955 2674 2058 2712 non
2089 2659 2164 2713 le-

583 2757 743 2823 cisse,
774 2755 857 2810 vel
909 2752 1100 2809 fecisse
1148 2752 1283 2805 mala
1311 2768 1325 2805 :
1356 2765 1475 2805 cum
1519 2750 1570 2804 in
1606 2757 1866 2818 potestate
1905 2748 2070 2817 ipsius
2096 2748 2166 2802 sit

584 2855 639 2903 et
664 2846 961 2912 voluntate,
1004 2843 1207 2914 absque
1249 2840 1403 2896 bonis
1452 2847 1506 2895 et
1549 2839 1701 2893 malis
1746 2838 2019 2909 operibus,
2076 2838 2164 2894 vel

582 2938 781 3007 eligere
821 2934 1074 3005 aliquem,
1105 2932 1187 2988 vel
1228 2930 1504 3002 abjicere;
1578 2932 1873 3001 pra‘sertim
1919 2945 2041 2999 cum
2075 2944 2140 2984 vo

584 3028 775 3084 luntati
820 3027 965 3081 illius
1010 3025 1243 3080 humana
1293 3023 1548 3094 fragilitas
1603 3022 1856 3076 resistere
1912 3028 2159 3090 nequeat.

584 3120 752 3189 Quam
774 3118 998 3174 validam
1026 3116 1375 3188 qtttestioncm
1394 3115 1787 3184 Scripturarum
1818 3113 2024 3168 ratione
2046 3128 2166 3165 con-

587 3225 805 3277 textam,
825 3218 879 3265 et
898 3225 1032 3281 pene
1058 3207 1418 3269 insolubilem,
1438 3206 1584 3260 brevi
1609 3206 1895 3275 Apostolus
1913 3220 2163 3259 sermone

582 3303 848 3367 dissolvit,
878 3300 1102 3357 dicens:
1133 3300 1178 3354 Ο
1204 3299 1392 3353 homo!
1420 3308 1473 3351 tu
1507 3300 1618 3369 quis
1648 3315 1699 3351 cs
1737 3300 1822 3368 qui
1862 3299 2165 3369 respondetw

582 3394 695 3448 Deo
711 3395 738 3448 ?
761 3393 829 3448 Et
855 3401 937 3447 est
959 3405 1168 3446 sensus.
1198 3389 1273 3444 Ex
1295 3388 1510 3458 eoqnod
1542 3391 1832 3458 respondes
1864 3391 1988 3455 Deo,
2010 3401 2166 3444 etca-

584 3485 840 3539 lumniam
872 3482 1022 3547 facis,
1043 3490 1096 3535 ct
1120 3481 1186 3535 de
1200 3480 1493 3548 Scriptnris
1517 3489 1659 3533 tanta
1692 3482 1971 3550 perquiris,
2008 3494 2059 3534 ιιι
2083 3483 2163 3537 lo-

584 3576 766 3646 quaris
794 3583 981 3628 contra
1014 3573 1199 3635 Deum,
1231 3582 1283 3626 et
1305 3572 1564 3640 justitiam
1615 3573 1896 3625 voluntatis
1938 3573 2051 3641 ejus
2083 3573 2163 3626 ina

583 3684 738 3723 cusns
761 3666 854 3740 [aL
883 3662 1165 3736 inquiras],
1192 3664 1429 3718 ostendis
1456 3673 1506 3717 le
1537 3663 1689 3717 liberi
1716 3678 1836 3718 esse
1859 3664 2082 3727 arbitrii.
2112 3673 2167 3720 et

583 3763 761 3817 facere
777 3759 919 3832 quod
942 3759 1042 3823 vis,
1066 3760 1146 3813 vel
1169 3767 1365 3823 tacere,
1391 3759 1472 3812 vel
1499 3758 1660 3827 loqui.
1680 3756 1736 3812 Si
1754 3758 1894 3811 enim
1915 3759 2168 3812 insimili-

584 3854 819 3909 tudinem
844 3853 982 3906 vasis
1002 3852 1176 3906 ﬁctilis
1197 3860 1248 3905 te
1316 3849 1478 3922 84],
1555 3864 1582 3904 a
1608 3851 1718 3906 Deo
1733 3862 1969 3907 creatum
1993 3862 2163 3920 putas,

587 3954 643 3999 et
660 3945 802 3999 illius
827 3958 929 3996 non
946 3956 1103 4013 posse
1123 3942 1375 3996 resistere
1398 3943 1658 3996 voluntati
1687 3941 1822 3997 :hoe
1851 3944 2127 3997 considera
2151 3960 2164 3998 :

583 4037 709 4106 quia
739 4051 834 4088 vas
872 4035 1032 4089 lietile
1062 4050 1166 4088 non
1197 4033 1324 4087 dicit
1357 4034 1515 4103 ﬁgulo
1546 4049 1559 4088 :
1587 4042 1741 4104 quare
1765 4050 1842 4087 me
1865 4036 1936 4087 sic
1962 4032 2167 4102 fccisli.’

582 4124 804 4196 Figulus
828 4125 971 4178 enim
1018 4122 1176 4177 habet
1214 4132 1532 4192 putestatetn
1560 4122 1626 4177 de
1668 4123 1856 4177 eodem
1906 4124 2048 4189 luto,
2076 4133 2167 4177 aut

583 4219 771 4275 eadem
798 4227 996 4281 massa,
1026 4214 1170 4269 aliud
1203 4227 1292 4268 vos
1322 4214 1371 4267 in
1404 4215 1665 4269 honorem
1697 4216 1870 4270 facere
1892 4257 1905 4280 ,
1939 4218 2078 4269 aliud
2111 4216 2162 4270 in

582 4309 985 4365 contumeliam.
1032 4307 1169 4360 Deus
1196 4315 1370 4361 autent
1399 4307 1587 4376 mquali
1615 4317 1836 4362 cunctos
1884 4318 2028 4362 sorte
2068 4322 2163 4378 ge~

583 4398 884 4460 ncr:tvit.et
929 4396 1071 4451 dedit
1114 4397 1319 4451 ttt‘ltlil‘ll
1362 4399 1685 4464 libertatem,
1717 4406 1772 4451 ιιι
1800 4398 1955 4452 faciat
1997 4414 2165 4452 uatis-

582 4490 807 4562 quisque
828 4489 967 4560 quod
990 4489 1119 4553 vult,
1140 4487 1254 4542 sive
1279 4487 1494 4551 bonum,
1511 4488 1622 4542 sive
1639 4489 1859 4542 malum.
1887 4489 1940 4541 In
1961 4496 2163 4542 tantum

583 4592 760 4639 autem
801 4581 949 4637 dedit
980 4572 1235 4636 omnibus
1261 4590 1617 4649 potestatem;
1655 4590 1711 4634 ut
1730 4596 1831 4635 vox
1862 4582 2021 4650 impia
2050 4581 2163 4635 dis-

584 4684 735 4744 putet
769 4684 954 4729 eontra
1001 4674 1310 4729 Creatorem
1352 4689 1529 4737 suum,
1555 4682 1610 4726 et
1650 4682 1840 4726 causas
1876 4671 2165 4727 voluntatis

582 4765 727 4822 illius
769 4758 1150 4836 perscrutctur.
1187 4764 1282 4819 Sin
1308 4774 1476 4816 autem
1512 4762 1646 4816 Deus
1690 4761 1859 4816 volens
1904 4764 2167 4818 ostendere

581 4859 731 4922 irmu,
757 4866 805 4911 et
855 4865 1025 4910 notam
1069 4857 1236 4925 facere
1276 4853 1551 4923 potentiam
1599 4867 1740 4905 suam
1767 4891 1782 4916 ,
1829 4853 2063 4906 sustinuit
2113 4855 2166 4908 in

582 4948 744 5002 multa
785 4945 1028 5015 patientia
1053 4960 1173 4999 vasa
1202 4943 1325 5008 ira,
1353 4951 1473 5011 apta
1502 4941 1571 4993 ad
1609 4941 1887 5006 interitum,
1916 4952 1973 4994 ut
1998 4953 2163 4996 osten-

583 5039 722 5093 deret
751 5036 952 5091 divitias
1000 5034 1176 5106 gloria:
1198 5048 1305 5088 sua
1354 5034 1411 5086 in
1459 5048 1577 5086 rasa
1616 5033 2011 5099 misericordia,
2054 5052 2167 5103 qua:

583 5128 887 5198 prteparaoit
913 5129 964 5179 in
989 5122 1202 5197 gloriam
1232 5138 1398 5195 :quos
1436 5132 1481 5177 et
1511 5125 1723 5188 vocavit,
1753 5140 1855 5179 non
1884 5127 2049 5180 solum
2074 5144 2165 5182 nos

582 5235 647 5272 ex
680 5216 913 5283 Iudicis,
943 5212 1031 5272 sed
1068 5216 1220 5269 etiam
1243 5231 1305 5269 ex
1331 5214 1579 5285 gentibus,
1618 5215 1748 5269 sicut
1792 5216 1844 5269 in
1877 5215 2003 5272 Osee
2044 5212 2165 5271 dicit

578 5308 735 5377 (Cap.
756 5308 813 5363 2.
834 5307 928 5379 24)
951 5327 963 5362 :
997 5304 1196 5360 Vocabo
1222 5321 1322 5360 non
1348 5304 1748 5379 plebemlmeam,
1766 5306 1963 5377 plebem
1979 5324 2165 5372 meum;

584 5398 661 5462 la)
682 5408 849 5453 etnon
878 5394 1136 5464 dilectam,
1165 5398 1400 5452 dilectam
1427 5412 1447 5452 :
1469 5409 1517 5452 et
1538 5398 1631 5453 erit
1659 5398 1841 5453 inloco
1862 5400 1946 5453 ubi
1974 5402 2163 5454 dictum

645 5572 720 5632 (a)
750 5571 849 5620 Pro
870 5574 958 5623 hac
974 5573 1215 5635 lectione,
1240 5581 1287 5626 et
1301 5587 1392 5624 non
1417 5572 1661 5635 dilectam,
1690 5574 1929 5635 directam,
1957 5578 2004 5625 in
2029 5576 2159 5628 Com-

588 5635 844 5698 meritariis
875 5636 925 5683 in
958 5633 1136 5683 Oscam
1166 5633 1304 5698 aliam
1344 5636 1572 5698 praefert,
1606 5633 1711 5686 site
1756 5644 1801 5686 et
1845 5633 1938 5686 non
1981 5637 2167 5689 miscri-

584 5692 803 5741 cordiam
844 5699 1159 5755 consseutam,
1205 5692 1587 5747 misericordiam
1631 5704 1964 5761 consecutam;
2009 5700 2164 5752 addit-

1884 258 2124 320 SANCTI
2168 249 2536 317 llll:lt0N\'.\ll

3724 254 3883 319 ἲῡσθ

2273 385 2345 428 est
2370 376 2440 427 eis
2462 389 2480 426 :
2509 389 2610 428 non
2638 373 2776 443 plebs
2804 388 2913 427 mea
2940 388 3044 436 vos,
3078 372 3146 428 ibi
3170 362 3483 430 vocabuntur
3510 373 3616 443 ﬁlii
3654 376 3749 429 Dei
3778 380 3881 433 rivi

2271 462 2292 530 (
2314 463 2463 518 Itoni.
2495 448 2549 518 9.
2581 464 2672 518 9.9..
2696 474 2742 518 et
2771 464 2953 535 seqq),
2976 473 3029 519 ct
3058 473 3250 519 extera
3281 480 3400 533 qua:
3443 477 3761 535 sequuntur
3817 469 3877 525 Si

2269 556 2457 625 ιιιιιειιι.
2490 556 2744 624 patientia
2777 556 2867 611 Dei
2914 556 3180 610 induravit
3207 555 3581 625 Pharaonem,
3610 569 3671 615 et
3700 563 3877 618 multo

2271 655 2511 715 tempore
2538 661 2723 715 pmnas
2736 646 2945 701 distulit
2966 647 3200 713 lsraclis,
3231 658 3287 701 ut
3314 647 3507 718 iustius
3527 652 3878 707 condemna-

2266 748 2368 797 ret,
2403 753 2536 808 quos
2565 747 2709 791 tutuo
2736 749 2976 807 tempore
3001 740 3322 794 snst'naerat
3347 779 3366 806 ,
3409 754 3519 796 non
3552 743 3650 797 Dei
3703 758 3872 799 aecu-

2269 831 2432 884 saada
2464 841 2543 884 est
2574 830 2828 899 patientia
2869 840 2922 885 et
2968 831 3171 884 infinita
3202 832 3511 897 clementia,
3545 834 3642 889 sed
3673 849 3869 891 eorum

2268 922 2482 984 dtnltia,
2509 922 2594 990 qui
2625 923 2860 977 bonitate
2900 922 3019 988 Dei,
3048 924 3101 975 in
3130 922 3486 988 perditionem
3521 942 3683 982 suam
3708 930 3867 985 abusi

2269 1023 2413 1066 sunt.
2444 1014 2693 1077 Aliotiuin
2724 1029 2859 1067 unus
2885 1023 2967 1069 est
2995 1014 3125 1070 solis
3149 1016 3316 1080 catur,
3343 1023 3397 1071 et
3433 1019 3742 1075 secundum
3771 1037 3867 1076 cs-

2268 1105 2467 1159 sentias
2497 1105 2858 1174 suhjaeeutes,
2885 1105 2987 1159 alia
3012 1105 3307 1176 liquefacit,
3333 1107 3436 1161 alia
3482 1109 3725 1174 indurat,
3758 1113 3861 1167 alia

2268 1197 2448 1259 solvit,
2481 1196 2584 1250 alia
2611 1196 2951 1267 constringit.
2984 1196 3237 1268 Liquatur
3263 1200 3405 1253 enim
3435 1214 3584 1266 cera,
3618 1211 3676 1256 et
3705 1203 3862 1257 indu~

2269 1296 2417 1339 ratur
2439 1286 2604 1339 lutum
2633 1303 2647 1341 :
2676 1296 2729 1341 et
2760 1298 2935 1342 tamen
2957 1287 3153 1341 ealoris
3171 1302 3274 1343 non
3297 1297 3381 1343 est
3402 1289 3618 1345 diversa
3645 1303 3855 1351 natura.

2268 1375 2355 1431 Sic
2380 1385 2433 1431 et
2461 1377 2704 1441 bonitas,
2736 1386 2789 1430 et
2811 1376 3092 1432 clementia
3122 1378 3249 1443 Dei,
3280 1393 3404 1432 vasa
3439 1380 3553 1445 irae,
3587 1396 3709 1451 qua:
3734 1396 3856 1452 apta

2269 1474 2393 1521 sunt
2420 1468 2474 1523 in
2505 1467 2778 1522 interitum
2803 1508 2819 1532 ,
2850 1467 2901 1522 id
2951 1475 3034 1522 est
3083 1469 3335 1538 populum
3362 1470 3551 1537 Israel,
3591 1473 3805 1528 indurat
3837 1490 3854 1528 :

2270 1575 2394 1613 vasa
2424 1568 2604 1614 autem
2652 1560 3072 1623 miscricordim,
3104 1576 3221 1630 qua:
3273 1564 3597 1633 praeparavit
3642 1564 3699 1618 in
3741 1565 3856 1635 ειυς

2269 1651 2426 1712 riam,
2466 1665 2585 1720 quae
2613 1651 2858 1714 vocavit,
2891 1650 2992 1705 hoc
3018 1660 3101 1705 est
3147 1665 3267 1717 nos,
3299 1654 3387 1721 qui
3418 1667 3529 1708 non
3558 1653 3741 1708 solum
3786 1670 3855 1710 ex

2267 1740 2467 1796 Judazis
2515 1756 2736 1807 sumus,
2764 1741 2860 1796 sed
2904 1743 3067 1796 etiam
3111 1757 3175 1796 ex
3221 1742 3494 1812 gentibus,
3521 1760 3635 1799 non
3684 1748 3858 1803 saltat

2269 1830 2726 1896 irrationabiliter,
2754 1840 2808 1886 et
2835 1831 3040 1902 absque
3081 1831 3265 1900 judicii
3297 1834 3559 1902 veritate;
3591 1838 3691 1892 sed
3723 1852 3856 1894 eztu-

2266 1919 2343 1974 sis
2374 1918 2799 1988 prmeedentibus
2824 1937 2838 1972 :
2868 1922 2990 1991 quia
3019 1920 3105 1975 alii
3139 1936 3245 1976 non
3274 1936 3627 1993 susceperunt
3652 1925 3855 1983 Filium

2268 2010 2396 2070 Dei:
2422 2011 2511 2065 alii
2555 2020 2731 2066 autem
2765 2012 3004 2082 recipere
3031 2026 3122 2067 sua
3169 2022 3362 2083 sponte
3390 2016 3688 2071 voluerunt.
3721 2018 3857 2074 "me

2265 2109 2444 2155 autem
2477 2116 2603 2156 vasa
2645 2103 3049 2171 misericordize,
3079 2119 3185 2159 non
3230 2106 3405 2161 solum
3448 2108 3677 2177 populus
3722 2124 3855 2178 gen-

2267 2193 2397 2246 tium
2427 2202 2507 2247 est
2527 2233 2543 2257 ,
2576 2194 2670 2249 sed
2701 2195 2860 2249 etiam
2893 2195 2942 2247 lii
2965 2234 2982 2259 ,
3026 2196 3115 2264 qui
3146 2210 3211 2251 ex
3239 2195 3443 2252 Judaeis
3493 2198 3724 2254 credere
3752 2215 3849 2257 vo-

2268 2281 2523 2348 luerunt,
2556 2295 2608 2338 et
2641 2298 2777 2339 unus
2807 2285 3143 2340 credentium
3189 2284 3415 2342 effectus
3459 2296 3548 2342 est
3596 2290 3846 2359 Impetus.

2268 2374 2347 2426 Ex
2393 2389 2497 2443 quo
2537 2374 2857 2439 ostenditur,
2890 2390 2993 2429 non
3025 2386 3213 2447 gentes
3260 2377 3409 2449 eligi,
3440 2381 3537 2435 sed
3568 2382 3847 2440 hominum

2266 2465 2588 2530 voluntates,
2626 2480 2789 2537 atque
2857 2467 3021 2539 842
3095 2467 3167 2523 ita
3196 2467 3395 2524 factum
3436 2484 3545 2538 est,
3572 2484 3633 2528 ιιι
3666 2476 3852 2544 imple-

2267 2568 2412 2611 retur
2438 2557 2588 2622 illud,
2613 2559 2755 2628 qttod
2778 2558 2978 2614 dictum
3006 2569 3090 2614 est
3116 2559 3171 2615 in
3197 2562 3336 2618 Osce
3357 2579 3373 2616 :
3391 2561 3591 2618 i’ocabo
3616 2583 3720 2619 non
3745 2569 3851 2637 ple.

2266 2651 2375 2705 bem
2404 2667 2585 2716 meam,
2611 2652 2802 2721 plebem
2834 2670 3015 2718 meant,
3037 2654 3139 2709 hoc
3167 2664 3268 2716 cst,
3298 2657 3542 2725 populum
3582 2659 3810 2729 gentium
3830 2675 3851 2714 :

2267 2751 2313 2795 et
2359 2741 2539 2811 quibus
2565 2742 2705 2810 prius
2729 2742 2989 2796 dicebatur
3010 2759 3029 2796 :
3052 2760 3154 2796 non
3179 2744 3318 2813 plebs
3340 2761 3450 2798 mea
3476 2762 3582 2811 ros,
3610 2764 3748 2801 nunc
3767 2764 3854 2802 tto-

2267 2842 2441 2885 centur
2463 2831 2556 2904 [aL
2585 2830 2852 2904 vocantur]
2884 2834 2980 2900 ﬁlii
3028 2832 3119 2886 Dei
3148 2834 3264 2889 vivi.
3294 2835 3450 2901 Quod
3481 2852 3550 2890 ne
3574 2837 3757 2891 solum
3788 2839 3853 2894 de

2266 2923 2513 2993 gentibus
2552 2922 2735 2978 dicere
2768 2923 3041 2978 videretur
3063 2965 3079 2988 ,
3108 2924 3271 2978 etiam
3302 2939 3397 2980 eos
3426 2929 3514 2995 qui
3544 2941 3611 2982 ex
3642 2927 3855 2984 lsraeli-t

2271 3017 2371 3071 lica
2401 3016 2739 3070 tnultitudinc
2764 3017 3136 3085 crediderunt,
3170 3035 3293 3074 vasa
3342 3022 3730 3076 misericordize
3753 3066 3769 3089 ,
3798 3035 3856 3079 et

2267 3103 2551 3161 electionis
2598 3104 3087 3176 appellat..Clamat
3133 3110 3276 3165 enim
3310 3110 3472 3165 Isaias
3503 3127 3600 3180 pro
3632 3114 3794 3168 lsrael
3831 3132 3851 3170 :

2269 3195 2331 3251 Si
2356 3196 2509 3264 fuerit
2544 3213 2783 3251 nunterus
2828 3199 3054 3266 ﬁliorum
3105 3199 3269 3255 Israel
3310 3204 3457 3272 quasi
3482 3221 3641 3258 arena
3672 3207 3853 3271 maris,

2268 3287 2494 3353 reliquie
2527 3288 2684 3341 salva:
2708 3288 2829 3356 ﬁent
2857 3290 2874 3358 (
2911 3288 3058 3343 Rom.
3088 3293 3143 3347 9.
3175 3292 3245 3345 27
3274 3291 3317 3363 ),
3348 3292 3449 3347 hoc
3478 3306 3580 3358 est,
3611 3297 3774 3349 etiam
3805 3298 3851 3351 si

2270 3380 2556 3434 multitudo
2584 3395 2690 3434 non
2722 3380 3030 3446 crediderit,
3066 3393 3241 3437 tamen
3275 3385 3426 3453 pauci
3452 3386 3700 3440 credent.
3720 3387 3855 3442 Vero

2271 3471 2394 3524 bum
2441 3471 2584 3525 cnim
2630 3482 3060 3527 consummatum
3115 3484 3275 3543 atque
3322 3475 3621 3531 breviatum
3656 3479 3709 3533 in
3758 3495 3855 3534 sua

2273 3560 2410 3615 Deus
2453 3562 2704 3631 mquitate
2757 3562 2970 3616 libravit
2996 3605 3009 3625 ,
3040 3574 3098 3617 ut
3148 3563 3221 3618 hu
3249 3590 3256 3614 ι
3282 3565 3450 3621 ilitate
3474 3606 3491 3633 ,
3517 3578 3568 3621 et
3604 3569 3857 3623 incarna-

2273 3651 2415 3704 tione
2441 3652 2665 3717 Christi,
2695 3667 2789 3707 eos
2818 3653 2998 3707 saltos
3027 3654 3245 3718 lat-cret,
3274 3656 3363 3724 qui
3397 3657 3599 3710 irreuin
3629 3660 3857 3715 credere

2270 3742 2584 3803 Voluisscnt.
2620 3743 2732 3799 Hoc
2771 3744 2943 3813 ipsum
2991 3755 3045 3799 et
3092 3750 3141 3799 in
3189 3748 3300 3802 alio
3332 3747 3449 3803 loco
3474 3748 3610 3805 dixit
3639 3751 3852 3808 Isaias:

2274 3830 2390 3885 Nisi
2438 3832 2685 3888 Dominus
2736 3835 2946 3890 sabaotlt
2995 3838 3276 3907 reliquisset
3317 3841 3459 3894 nobis
3499 3857 3694 3906 semen,
3723 3846 3857 3898 sicut

2271 3923 2500 3977 Sodoma
2526 3927 2653 3994 facti
2675 3926 2962 3995 fuissemus,
2995 3936 3043 3981 et
3069 3929 3196 3981 sicut
3223 3928 3471 3985 Gomorra
3500 3933 3695 3988 similes
3724 3953 3856 3990 esse-

2271 4029 2381 4066 mus
2440 4014 2613 4084 (lsai.
2668 4016 2718 4070 l.
2768 4016 2868 4086 9).
2900 4017 3137 4087 Cumque
3184 4022 3483 4077 testimonia
3536 4028 3852 4095 propOSnis-

2269 4112 2372 4166 set,
2402 4105 2594 4173 quibus
2619 4106 2812 4174 duplex
2848 4108 3055 4162 vocatio
3090 4110 3414 4178 pra'dicitur,
3445 4124 3494 4167 et
3524 4118 3767 4184 gentium
3798 4128 3855 4173 ct

2269 4196 2451 4264 populi
2482 4196 2812 4265 Judaeorum,
2842 4200 3030 4255 transit
3057 4200 3124 4255 ad
3143 4200 3504 4259 cohaerentem
3527 4204 3852 4277 disputatio-

2270 4302 2415 4350 nem,
2446 4296 2499 4341 et
2546 4287 2744 4343 idcirco
2790 4289 2917 4343 dicit
2962 4300 3174 4359 gentes,
3212 4307 3332 4362 qua:
3357 4308 3464 4348 non
3506 4297 3854 4354 sectabantur

2263 4378 2549 4447 justitiam,
2573 4380 2991 4448 appreliendisse
3011 4384 3308 4451 justitiam,
3337 4386 3460 4454 quia
3502 4404 3608 4442 non
3657 4403 3851 4457 supcr-

2269 4468 2463 4522 bieriut
2484 4510 2499 4534 ,
2528 4471 2621 4522 sed
2650 4469 2701 4523 in
2730 4469 3000 4525 Christum
3046 4472 3394 4529 crediderint.
3426 4475 3449 4531 Ι
3480 4477 3644 4531 raelis
3671 4492 3850 4533 autem

2270 4576 2514 4629 magnam
2559 4572 2760 4630 partem
2806 4561 2925 4618 ideo
2967 4565 3425 4635 corruisse,quia
3469 4568 3756 4625 olli-aderit
3799 4572 3852 4626 in

2271 4651 2498 4718 lapidem
2553 4652 2878 4724 ollensionis,
2909 4662 2964 4709 et
2995 4662 3200 4724 petram
3244 4657 3499 4724 scandali,
3531 4669 3584 4713 et
3631 4661 3854 4729 ignora-

2270 4739 2406 4793 verit
2429 4740 2690 4808 justitiam
2724 4742 2813 4795 Dei
2846 4759 2860 4796 :
2891 4753 2946 4797 et
2985 4759 3233 4814 quaerens
3252 4761 3404 4801 suam
3430 4756 3662 4801 sumere
3685 4748 3856 4810 justi-

2272 4830 2419 4894 tiam,
2447 4828 2667 4899 jostitia:
2690 4832 2800 4895 ltei,
2833 4848 2950 4901 qua:
2978 4833 3225 4891 Christus
3250 4848 3351 4901 est,
3370 4834 3552 4905 subjici
3582 4836 3850 4893 noluerit.

2268 4920 2396 4992 Legi
2422 4922 2472 4974 in
2498 4922 2773 4991 cujusdam
2797 4924 3211 4983 Commentariis
3227 4930 3304 4984 sic
3331 4928 3675 4998 respondisse
3699 4930 3852 5000 Apo.

2266 5014 2463 5070 stoltttu
2496 5024 2552 5069 ut
2578 5019 2747 5085 magis
2775 5017 3117 5087 implicuerit,
3147 5036 3307 5089 quam
3351 5022 3564 5076 solverit
3594 5024 3849 5091 quastio-

2271 5124 2415 5162 nem.
2446 5108 2537 5162 Ait
2576 5109 2720 5163 enim
2747 5109 2812 5164 ad
2863 5110 2935 5176 id,
2964 5111 3104 5180 quod
3138 5124 3490 5182 proposuch
3518 5132 3531 5166 :
3569 5114 3707 5179 Quid
3733 5132 3849 5183 ergo

2270 5201 2491 5256 dicemus
2509 5202 2536 5257 ?
2564 5200 2827 5273 Numquid
2853 5203 3091 5274 iniquitas
3116 5205 3255 5274 apud
3286 5205 3491 5259 Deum?
3517 5206 3605 5272 Et,
3635 5206 3753 5261 Non
3780 5220 3847 5261 est

2340 5349 2386 5393 e.
2411 5344 2501 5385 Pro
2513 5348 2578 5387 es:
2592 5348 2779 5401 πληιιιη,
2791 5335 2845 5387 id
2862 5343 2930 5387 est
2946 5337 3129 5401 absque
3145 5336 3547 5401 misericordiam:
3564 5338 3850 5400 quibusdam

2291 5398 2424 5461 ertur
2444 5398 2883 5461 exemplaribnsotm
2912 5398 3131 5461 ﬂagitem,
3154 5399 3207 5448 id
3222 5406 3291 5448 est
3318 5412 3413 5449 non
3435 5398 3635 5452 dilecta.
3663 5402 3754 5450 sed
3780 5413 3850 5449 ie-

2270 5457 2403 5523 'r_iora
2418 5465 2523 5508 sunt
2539 5459 2839 5523 exemplaria
2862 5457 2971 5523 quae
2988 5457 3156 5523 autem
3172 5465 3356 5523 alisque
3368 5462 3729 5523 misericordia,
3752 5468 3847 5510 etc.

2272 5520 2587 5588 Consentium
2609 5520 3194 5588 liodtenumaliquo_1_Mss-.
3212 5520 3398 5588 Graeci,
3419 5536 3481 5573 ex
3504 5526 3717 5588 antiquis
3734 5535 3850 5572 vero

2270 5580 2500 5647 _Pa_tribus
2514 5581 2733 5647 lrentcus
2752 5581 2889 5647 lih_.4.
2910 5580 3013 5643 cap.
3033 5583 3109 5647 Si.
3125 5582 3222 5630 Sed
3238 5583 3467 5645 plerique
3488 5587 3570 5635 alii
3595 5580 3718 5636 hanc
3741 5597 3851 5647 qua

2271 5642 2383 5690 heie
2410 5640 2688 5708 praefertur,
2715 5640 2981 5690 lectionem
3000 5640 3289 5708 probant,'ct
3312 5640 3409 5708 non
3443 5646 3701 5708 dilectam,
3729 5640 3851 5698 αἰε-

2276 5701 2435 5764 ειιιηις
2462 5701 2693 5765 Vulgatus
2715 5711 2970 5764 utrumque
2992 5701 3223 5765 exhibet,
3248 5704 3389 5754 simul
3415 5716 3467 5758 et
3490 5711 3662 5758 nectit.
