4026 6186
648 291 678 344 ’1
690 287 792 341 005

657 405 807 458 l'rius
855 415 979 469 ergo
1025 412 1180 466 quam
1233 395 1665 461 interrogaretur,
1714 388 1868 443 solvit
1909 392 2228 458 ἀῄυποῳεάν

655 489 1067 562 (ιι.ιίἐριὶυηεηι);
1099 495 1154 541 et
1190 486 1339 555 juxts
1367 498 1572 538 morem
1601 497 1755 536 suum
1793 479 2047 549 quidquid
2093 478 2228 531 alius

653 587 882 652 olijicere
903 587 1098 648 potest,
1124 585 1404 646 antequam
1432 573 1715 644 obiiciatur
1734 571 2001 627 edisserit.
2037 569 2104 624 Et
2147 576 2228 622 est

650 689 880 729 sensus:
911 669 1149 725 Nominis
1177 667 1374 723 Christi
1420 667 1472 720 in
1523 665 1670 721 omni
1713 665 1832 719 loco
1880 664 2049 718 bonus
2093 659 2228 714 odor

649 780 834 820 sumus
866 763 993 826 Deo,
1022 769 1076 816 et
1119 758 1509 831 prmdieatiouis
1552 767 1748 813 nostra:
1803 756 1957 824 longe
2011 753 2226 821 lateque

647 861 812 924 spirat
839 851 1144 921 fragrantia.
1178 849 1283 905 Sed
1325 849 1445 919 quia
1474 848 1716 902 homines
1754 861 1852 900 suo
1889 845 2107 900 arbitrio
2132 842 2227 897 de-

647 943 814 998 relicti
843 952 1006 997 sunt:
1041 956 1212 1011 neque
1245 941 1385 995 enim
1427 941 1620 995 bonum
1663 937 1977 992 necessitate
2005 935 2222 998 faciunt,

645 1037 738 1091 sed
768 1037 1056 1100 voluntate,
1087 1043 1145 1088 ut
1195 1033 1475 1087 credentes
1527 1045 1779 1084 coronam
1828 1028 2109 1096 accipiant,
2140 1025 2224 1077 in-

644 1128 847 1183 creduli
877 1126 1152 1196 suppliciis
1177 1123 1545 1192 mancipentur
1577 1139 1590 1174 :
1625 1120 1742 1174 ideo
1770 1119 1903 1173 odor
1929 1126 2112 1172 noster
2136 1115 2224 1184 qui

642 1237 743 1290 per
764 1235 822 1274 se
850 1219 1134 1280 bouusest,
1161 1217 1355 1270 virtute
1371 1229 1556 1269 eorum
1583 1222 1636 1267 et
1665 1212 1794 1265 vitio
1818 1211 1904 1280 qui
1929 1207 2225 1276 suscipiunt

645 1314 759 1366 sive
801 1328 907 1366 non
951 1310 1266 1378 suscipiunt,
1296 1308 1348 1361 in
1377 1307 1536 1360 vitam
1583 1305 1794 1371 transit,
1823 1313 1913 1356 aut
1956 1315 2220 1356 mortem:

641 1415 702 1457 ut
727 1403 816 1474 qui
846 1401 1205 1474 crediderint,
1223 1399 1354 1453 salvi
1387 1398 1514 1451 fiant
1538 1438 1552 1462 ,
1575 1397 1665 1466 qui
1693 1410 1820 1449 vero
1857 1409 1959 1447 non
1982 1391 2224 1446 credide-

645 1472 756 1549 rint
779 1501 1016 1564 pereant.
1042 1491 1151 1546 Nec
1198 1472 1299 1544 hoc
1344 1487 1639 1543 mirandum
1689 1484 1756 1539 de
1799 1484 2073 1554 Apostolo.
2102 1495 2223 1535 cum

645 1589 803 1640 etiam
843 1585 912 1640 de
941 1584 1163 1639 Domino
1191 1581 1508 1651 legerimus:
1543 1577 1673 1632 Ecce
1698 1578 1780 1630 hic
1820 1576 2012 1644 positus
2055 1585 2126 1628 est
2157 1574 2223 1627 .in

639 1678 867 1736 ruinam,
897 1684 942 1728 et
971 1675 1024 1727 in
1063 1663 1448 1726 resu'rectionem
1475 1669 1750 1720 multorum
1787 1667 1840 1718 in
1865 1665 2028 1719 Israel
2050 1705 2064 1728 ,
2098 1673 2142 1716 et
2173 1663 2224 1716 in

645 1769 846 1838 signum
874 1765 954 1818 cui
985 1763 1063 1835 (a)
1105 1761 1475 1815 contradicetur
1519 1763 1534 1828 (
1566 1757 1689 1810 Luc.
1719 1757 1775 1810 ‘2.
1805 1755 1916 1826 51)
1946 1775 1958 1806 :
1988 1754 2222 1823 solisque

641 1859 823 1914 radios
853 1865 959 1911 tam
989 1853 1180 1909 munda
1211 1853 1325 1906 loca
1351 1850 1635 1919 excipiant,
1667 1864 1822 1918 quam
1847 1846 2137 1911 immunda,
2169 1853 2225 1899 et

645 1951 724 2004 sic
771 1950 823 2003 in
871 1947 1110 2010 ﬂoribus,
1146 1958 1305 2013 quom
1345 1943 1415 1996 do
1467 1942 1516 1995 in
1563 1949 1798 1994 stercore
1829 1938 2084 1991 luceant:
2124 1949 2223 1990 nec

649 2056 824 2098 tamen
868 2041 996 2096 solis
1028 2039 1164 2093 radii
1215 2035 1534 2107 polluuntur.
1568 2032 1658 2087 Sic
1703 2041 1760 2087 et
1806 2029 2004 2086 Christi
2055 2029 2224 2083 bonus

647 2135 800 2197 odor,
831 2133 918 2202 qui
950 2145 1216 2200 nunquam
1244 2126 1435 2181 mutari
1463 2134 1655 2195 potest,
1685 2139 1782 2179 nec
1804 2138 1953 2177 suam
1981 2130 2221 2175 naturam

647 2224 910 2287 amittere,
939 2220 1278 2277 credentibus
1305 2219 1408 2272 vita
1441 2227 1541 2281 est,
1575 2215 1861 2270 incredulis
1887 2229 2048 2268 mors.
2080 2211 2222 2266 Mors

645 2327 825 2371 autem
855 2329 962 2368 non
993 2313 1091 2366 ista
1131 2310 1462 2374 communis,
1498 2310 1617 2378 quia
1665 2322 1785 2362 cum
1830 2306 2012 2361 bestiis
2062 2305 2224 2358 mori-

649 2423 767 2461 mur
817 2414 871 2460 et
919 2399 1332 2472 jumentis:sed
1389 2399 1478 2452 illa
1525 2398 1592 2452 de
1641 2413 1742 2468 qua
1787 2399 2042 2467 scriptum
2095 2401 2218 2449 est:

647 2498 829 2551 Anima
857 2509 971 2565 qua:
1013 2489 1305 2561 peccaverit,
1329 2489 1440 2559 ipsa
1478 2488 1715 2541 morietur
1741 2487 1759 2557 (
1784 2485 1974 2539 Ezech.
2001 2484 2088 2538 18.
2121 2483 2156 2537 4
2180 2486 2220 2553 ).

647 2591 786 2657 Ergo
815 2596 869 2642 et
911 2584 1014 2638 vita
1054 2582 1352 2638 arbitranda
1382 2589 1463 2637 est
1506 2595 1609 2635 non
1643 2580 1776 2645 hzec,
1805 2594 1906 2649 qua
1934 2579 2219 2647 spiramus,

647 2691 704 2735 et
748 2677 1062 2738 incedimus,
1092 2685 1145 2731 et
1184 2675 1287 2728 huc
1327 2673 1552 2742 illucque
1601 2671 1982 2734 discurrimus;
2011 2669 2103 2723 sed
2134 2668 2221 2722 illa

645 2773 713 2826 de
739 2785 843 2840 qua
890 2767 1054 2823 David
1111 2766 1388 2834 loquitur:
1423 2764 1583 2818 Credo
1628 2763 1796 2816 videre
1839 2761 1969 2814 bona
2016 2760 2221 2814 Dontini

643 2865 698 2917 in
725 2862 798 2933 (ὁ)
829 2871 961 2915 terra
987 2859 1252 2914 viventium
1293 2855 1464 2930 (Psal.
1494 2853 1584 2910 26.
1615 2855 1726 2925 15).
1764 2852 1900 2906 Deus
1926 2853 2059 2906 enim
2086 2852 2224 2906 vivo-

643 2972 756 3008 rum
781 2963 854 3007 est
880 2994 896 3019 ,
923 2961 970 3006 et
1012 2968 1110 3005 non
1143 2957 1449 3004 mortuorum
1478 2946 1688 3018 (Matth.
1716 2944 1806 2998 22.
1835 2944 1926 3015 23)
1953 2962 1966 2997 :
1995 2954 2070 3009 et,
2107 2942 2222 2997 Vita

646 3058 816 3101 nostra
847 3043 1142 3100 abscondita
1172 3051 1241 3098 est
1271 3058 1386 3095 cum
1431 3039 1629 3094 Christo
1658 3039 1709 3092 in
1742 3037 1866 3091 Deo.
1894 3036 2019 3091 Cum
2053 3045 2222 3090 autem

646 3140 874 3194 Christus
903 3135 1195 3208 apparuerit
1245 3134 1347 3186 vita
1389 3139 1596 3195 nostra,
1626 3138 1742 3182 tunc
1784 3138 1831 3182 et
1861 3145 1952 3182 nos
1988 3144 2100 3180 cum
2133 3127 2223 3180 illo

645 3228 1002 3300 uppurebimus
1027 3227 1078 3280 in
1121 3226 1285 3296 gloria
1323 3221 1542 3294 (Coloss.
1571 3223 1625 3276 5.
1667 3217 1779 3291 54).
1810 3218 1917 3274 Nec
1948 3218 2100 3272 vobis
2145 3218 2225 3272 iu-

645 3321 778 3390 quit,
808 3335 840 3373 o
860 3317 1140 3384 Corinthii,
1177 3328 1360 3383 parum
1386 3327 1506 3367 esse
1537 3311 1796 3374 videatur,
1829 3309 1874 3364 si
1905 3308 2059 3362 nobis
2089 3323 2224 3376 pra:-

645 3409 947 3464 dicautibus
979 3407 1273 3468 veritatem,
1297 3402 1384 3456 alii
1423 3401 1662 3466 credant,
1693 3399 1779 3454 alii
1809 3414 1914 3453 non
1963 3398 2221 3464 credant;

645 3500 733 3554 alii
763 3513 885 3553 vera
918 3505 1086 3550 morte
1108 3493 1424 3557 moriantur,
1447 3492 1533 3544 alii
1567 3490 1746 3543 vivant
1769 3505 1829 3545 ea
1857 3490 1962 3542 vita
1994 3504 2111 3559 quae
2136 3489 2221 3543 di-

645 3591 762 3644 cit:
859 3585 1024 3660 846
1117 3585 1225 3656 ligo
1266 3601 1376 3638 sum
1404 3584 1526 3638 vita.
1557 3582 1669 3636 Nisi
1718 3582 1859 3637 enim
1909 3597 2004 3636 nos
2062 3582 2222 3636 locuti

645 3694 907 3745 essemus,
933 3695 1031 3732 nec
1060 3675 1360 3730 incredulos
1389 3688 1549 3739 mors,
1576 3689 1674 3728 nec
1691 3673 1969 3728 credentes
1997 3673 2100 3726 vita
2133 3689 2222 3728 se-

649 3780 902 3845 queretur
928 3785 941 3825 :
970 3773 1093 3842 quia
1122 3767 1338 3824 difficile
1365 3767 1557 3838 dignus
1579 3780 1752 3836 prmco
1781 3769 2031 3820 virtutum
2061 3765 2220 3819 Chri-

646 3865 713 3920 sti
765 3863 987 3920 inveniri
1045 3870 1236 3932 potest,
1287 3860 1374 3930 qui
1423 3859 1474 3912 in
1516 3856 1892 3913 annuntiandis
1960 3857 2062 3910 illis
2116 3870 2221 3911 non

647 3972 822 4021 suam,
851 3954 943 4010 sed
972 3952 1086 4023 ejus
1113 3959 1313 4022 qumrat
1342 3948 1563 4021 gloriam
1585 3961 1742 4017 quem
1772 3946 2040 4018 prmdicat.
2073 3945 2124 4000 lu
2155 3960 2221 4000 eo

645 4056 822 4100 autem
858 4043 998 4114 quod
1024 4057 1082 4097 se
1112 4048 1266 4111 negat
1289 4054 1393 4094 non
1433 4053 1550 4094 esse
1584 4039 1720 4093 sicut
1740 4038 1954 4103 multos,
1981 4038 2070 4108 qui
2101 4053 2221 4093 ven-

645 4137 816 4191 ditent
837 4133 1056 4188 verbum
1089 4132 1202 4195 Dei,
1231 4129 1470 4184 ostendit
1495 4145 1614 4184 esse
1637 4145 1794 4198 quam
1827 4129 2106 4199 plurimos,
2130 4129 2218 4199 qui

646 4235 908 4299 qumstum
936 4233 1118 4290 putant
1147 4238 1264 4278 esse
1295 4222 1564 4292 pietatem,
1589 4230 1643 4277 et
1683 4222 1851 4290 turpis
1879 4222 2008 4276 lucri
2051 4223 2220 4292 gratia

646 4319 824 4372 omnia
869 4315 1088 4381 faciunt,
1128 4315 1216 4384 qui
1245 4315 1501 4369 devorant
1529 4313 1715 4369 domos
1742 4314 2014 4369 viduarum
2042 4316 2060 4384 (
2090 4314 2216 4369 Luc.

643 4411 765 4482 20);
797 4425 855 4462 se
880 4416 1056 4461 autem
1092 4422 1156 4459 ex
1187 4406 1492 4460 sinceritate
1520 4405 1670 4474 quasi
1700 4406 1919 4460 missum
1947 4422 1975 4459 a
2007 4407 2136 4472 Deo,
2167 4416 2222 4462 et

647 4512 907 4574 praesente
934 4516 999 4558 eo
1033 4502 1200 4572 quise
1227 4499 1452 4565 miserit,
1494 4499 1673 4553 omnia
1700 4499 1752 4553 in
1777 4500 1992 4556 Christo
2033 4511 2085 4554 et
2125 4516 2220 4570 pro

643 4597 855 4652 (lu-isto
877 4594 1054 4666 loqui:
1085 4603 1142 4648 ut
1169 4607 1325 4647 causa
1356 4589 1749 4661 przedicationis
1775 4590 1889 4656 Dei,
1919 4591 2217 4661 triumphus

641 4689 863 4755 Christi,
896 4687 1116 4757 ejusque
1163 4685 1234 4740 sit
1277 4683 1467 4754 gloria.
1498 4682 1563 4736 Et
1609 4679 1902 4736 notandum
1931 4682 2072 4752 quod
2103 4698 2218 4754 my.

641 4784 862 4839 sterium
908 4779 1182 4836 Trinitatis
1223 4778 1275 4831 in
1324 4775 1481 4847 hujus
1531 4773 1747 4844 capituli
1798 4773 1903 4829 line
1947 4785 2214 4831 monstre-

642 4884 747 4929 tur.
796 4872 878 4928 Ex
926 4870 1034 4926 Deo
1064 4871 1226 4932 enim,
1258 4869 1308 4923 in
1357 4867 1558 4938 Spiritu
1612 4867 1827 4932 Sancto,
1868 4883 2037 4921 coram
2065 4866 2212 4932 Deo,

638 4966 819 5028 Patre,
847 4962 898 5016 in
930 4961 1132 5016 Christo
1160 4959 1400 5028 loquitur.
1432 4957 1507 5011 Ad
1537 4956 1991 5025 comprobandum
2039 4967 2216 5012 autem

640 5055 780 5125 quod
809 5053 874 5108 de
899 5051 1110 5106 Troade
1135 5047 1826 5120 perrexeritMacedoniam,
1847 5048 1912 5102 de
1931 5049 2213 5118 Apostolo-

640 5161 758 5200 rum
806 5144 1024 5198 Actibus
1066 5157 1256 5210 ponam
1307 5139 1690 5194 testimonium.
1721 5138 1844 5192 Cum
1890 5150 2056 5193 autent
2102 5157 2217 5210 per-

639 5237 936 5290 trnnsissent
983 5231 1234 5304 Mysiam,
1283 5229 1648 5285 descenderunt
1690 5229 1941 5284 Troadem
1965 5271 1979 5294 ,
2013 5241 2059 5284 et
2091 5233 2214 5285 visio

640 5343 730 5394 per
756 5334 950 5378 noctem
985 5323 1150 5377 Paulo
1176 5334 1373 5376 ostensa
1400 5331 1491 5376 est.
1521 5319 1608 5374 Vir
1637 5320 1848 5375 Macedo
1877 5323 2082 5392 quidam
2109 5335 2214 5378 erat

638 5429 776 5473 stans
801 5428 848 5472 et
870 5418 1145 5487 deprecans
1168 5432 1301 5477 enm,
1333 5430 1393 5468 ac
1417 5415 1588 5469 dicens
1617 5431 1635 5468 :
1665 5413 1934 5469 Transiens
1963 5418 2015 5470 in
2045 5415 2214 5471 Mace-

703 5594 778 5655 (a)
810 5593 903 5642 Alii
938 5594 1064 5655 Mss.
1087 5600 1240 5655 atque
1271 5591 1387 5640 editi
1418 5589 1783 5649 contradicitur,
1823 5592 1950 5653 quod
1996 5592 2210 5654 prtetulit

635 5653 793 5702 editor
816 5654 1181 5702 Benedictinus.
1209 5653 1364 5713 Graec.
1386 5665 1622 5713 ἀντιλέγομεν.

699 5716 770 5777 (ιι)
803 5715 1003 5773 Quidam
1029 5714 1141 5763 Mss.
1162 5713 1211 5762 in
1235 5712 1424 5774 regione
1447 5712 1715 5762 vivenzinm.

1952 276 2191 333 SiNCTI
2233 275 2484 330 HIERON
2497 274 2605 330 ΠΗ

3802 291 3938 354 Γῧῦῑ

2335 387 2560 453 doniam,
2595 387 2780 456 adjuva
2811 404 2921 442 nos.
2951 389 3098 455 Quod
3135 409 3248 446 cum
3275 395 3506 465 vidisset,
3540 401 3720 455 statim
3747 413 3932 474 quasi.

2334 477 2493 530 vimus
2522 478 2777 548 proﬁcisci
2805 480 2856 533 in
2889 479 3262 551 Macedoniam,
3292 489 3417 540 certi
3465 490 3626 557 facti,
3658 496 3806 563 quod
3851 516 3933 553 vo.

2333 578 2490 621 casset
2517 586 2608 622 nos
2635 567 2768 623 Dens
2803 573 3143 642 evangelizare
3167 577 3238 629 eis
3266 577 3402 647 (Act.
3439 581 3528 634 16.
3553 581 3607 636 8.
3641 593 3694 637 et
3715 589 3884 656 seqq).

2402 659 2553 712 CAP.
2594 659 2704 714 Xll.
2735 691 2804 700 —-
2829 661 2967 729 Quid
3008 665 3078 717 sit
3115 667 3256 735 quod
3295 668 3346 721 in
3376 669 3616 739 Epistula
3644 675 3838 731 scribit
3864 681 3925 733 ad

2333 747 2836 806 Tliessalouiccnses
2866 754 3030 822 prima
3060 772 3072 807 :
3106 755 3132 808 Ι
3141 773 3228 824 pse
3267 769 3431 812 autem
3465 760 3602 817 Deus
3630 767 3779 834 pacis
3805 785 3923 822 san-

2331 841 2511 908 ctiﬁcat
2531 859 2614 894 vos
2639 859 2728 910 per
2753 844 2943 911 omnia,
2963 855 3014 897 ut
3036 845 3226 916 integer
3247 850 3452 913 spiritus
3483 863 3646 906 vester
3675 867 3724 908 et
3753 860 3923 911 animo

2330 941 2374 982 et
2401 947 2605 1000 corpus,
2645 933 2755 986 sine
2775 936 2978 1004 querela
3008 936 3062 989 in
3093 938 3310 991 adventu
3342 938 3549 994 Domini
3590 948 3757 999 nostri
3799 948 3920 1004 less

2331 1020 2514 1074 Christi
2532 1034 2750 1077 servetur
2777 1025 2850 1093 (ι.
2881 1024 3033 1080 Thes.
3061 1026 3117 1082 ὃ.
3148 1030 3260 1098 15).
3296 1030 3522 1086 Famosa
3551 1040 3806 1105 qumstio,
3829 1043 3916 1096 sed

2329 1111 2477 1165 brevi
2519 1126 2768 1168 sermone
2825 1117 3120 1170 tractanda.
3179 1119 3350 1188 Supra
3387 1123 3636 1191 dixerat,
3681 1131 3914 1197 spiritum

2328 1203 2482 1254 nolite
2507 1204 2968 1279 extinguereUbid.
3002 1207 3124 1280 l9):
3151 1211 3290 1280 quod
3311 1213 3354 1266 si
3378 1214 3537 1269 fuerit
3563 1217 3909 1292 intellectum,

2327 1296 2503 1348 statim
2527 1297 2756 1350 sciemus
2784 1299 2900 1367 quis
2926 1300 3026 1354 iste
3070 1300 3140 1354 sit
3179 1303 3419 1371 spiritus,
3447 1307 3537 1376 qui
3566 1324 3692 1364 cum
3742 1317 3910 1370 anima

2327 1393 2379 1438 et
2404 1400 2628 1455 corpore
2661 1387 2713 1441 in
2741 1389 2826 1444 die
2854 1390 3111 1446 adventus
3141 1392 3349 1449 Domini
3379 1402 3778 1459 conservandus
3807 1418 3907 1461 est.

2326 1476 2454 1568 Quis
2482 1477 2624 1532 enim
2652 1481 2819 1549 possit
2841 1481 3062 1538 credere
3089 1525 3103 1548 ,
3131 1485 3273 1553 quod
3302 1488 3469 1543 instar
3494 1492 3725 1549 flamma:
3752 1539 3766 1561 ,
3795 1515 3907 1568 qum

2327 1567 2557 1622 extincta
2586 1568 2780 1624 desinit
2807 1585 2927 1627 esse
2956 1573 3098 1642 quod
3125 1572 3334 1642 fuerat,
3361 1580 3707 1650 extinguatur
3747 1567 3907 1657 Spiri-

2328 1669 2413 1714 tus
2450 1660 2680 1716 Sanctus
2703 1702 2718 1728 ,
2743 1671 2798 1718 et
2823 1665 3081 1719 sustineat
3123 1667 3465 1724 abolitionem
3520 1675 3643 1740 sui,
3671 1679 3763 1746 qui
3817 1680 3908 1736 fuit

2326 1752 2591 1820 quondam
2620 1753 2670 1807 in
2700 1754 2878 1820 Israel,
2902 1757 3114 1826 quando
3161 1775 3255 1829 per
3308 1761 3492 1816 Isaiam
3535 1773 3591 1820 et
3621 1767 3907 1826 Jeremiam

2325 1850 2378 1896 et
2401 1843 2639 1914 singulos
2669 1845 2962 1916 Prophetas
2987 1848 3167 1905 dicere
3196 1861 3405 1920 poterat
3430 1870 3442 1906 :
3479 1854 3605 1910 Ηωε
3644 1859 3771 1913 dicit
3803 1861 3909 1915 Do-

2325 1935 2509 2000 minus,
2534 1947 2588 1988 et
2630 1951 2771 1991 nunc
2821 1937 2872 1991 in
2925 1939 3159 1994 Ecclesia
3200 1957 3295 2010 per
3343 1945 3573 2015 Agabum
3625 1949 3906 2019 loquitur:

2327 2022 2454 2078 Htec
2490 2026 2608 2080 dicit
2638 2027 2863 2096 Spiritus
2893 2030 3130 2085 Sanctus.
3179 2033 3456 2092 Divisiones
3479 2039 3727 2095 donorum
3767 2060 3903 2110 sunt,

2323 2115 2455 2169 idem
2499 2132 2610 2171 vero
2641 2117 2867 2188 Spiritus
2896 2137 2915 2174 :
2942 2131 2990 2174 et
3028 2123 3295 2179 divisiones
3339 2128 3727 2184 ministeriorum
3769 2146 3902 2202 sunt,

2324 2207 2456 2261 idem
2484 2219 2649 2262 autem
2676 2208 2924 2265 Dominus
2946 2228 2965 2265 :
2993 2222 3040 2266 et
3069 2213 3337 2270 divisiones
3378 2219 3750 2288 operatiouum,
3779 2224 3904 2277 idem

2324 2317 2436 2355 vero
2465 2301 2632 2370 Deus,
2687 2305 2773 2371 qui
2826 2315 3064 2376 aperatur
3119 2310 3287 2363 omnia
3329 2311 3380 2363 in
3417 2313 3671 2367 omnibus.
3747 2316 3902 2388 847

2327 2394 2608 2466 Unicuique
2626 2406 2791 2450 autem
2819 2398 2967 2452 datur
2991 2403 3328 2471 manifestatio
3355 2403 3579 2472 Spiritus
3609 2407 3678 2458 ad
3705 2409 3760 2459 id
3781 2412 3905 2478 quod

2323 2487 2542 2558 expedit.
2574 2487 2677 2541 Alii
2703 2505 2793 2557 per
2823 2488 3073 2558 Spiritum
3115 2493 3268 2544 datur
3291 2511 3454 2547 sermo
3493 2497 3791 2564 sapienti¢,
3821 2499 3905 2551 alii

2323 2597 2485 2635 sermo
2507 2582 2726 2636 scientia:
2752 2583 3029 2636 secundum
3074 2585 3301 2638 eumdem
3343 2585 3596 2655 Spiritum
3627 2605 3640 2641 :
3670 2589 3759 2642 alii
3787 2591 3906 2657 ﬁdes

2323 2671 2376 2724 in
2405 2670 2578 2724 eodem
2607 2672 2824 2742 Spiritu,
2853 2672 2944 2726 alii
2970 2675 3198 2744 Operatio
3227 2676 3487 2739 virtutum,
3517 2678 3608 2731 alii
3634 2682 3800 2748 gratia
3824 2699 3906 2733 sa-

2324 2764 2542 2818 nitatum
2565 2766 2619 2818 in
2641 2781 2740 2818 uno
2755 2767 2956 2835 spiritu,
2975 2767 3065 2821 alii
3091 2764 3394 2838 Prop/retia,
3422 2771 3514 2822 alii
3538 2769 3777 2824 discretio
3801 2773 3908 2840 spi-

2324 2857 2531 2910 rituum.
2553 2855 2737 2912 Omnia
2752 2868 2919 2911 autem
2942 2859 3050 2912 haec
3074 2870 3311 2929 operatur
3323 2877 3452 2916 unus
3474 2871 3624 2931 atque
3639 2864 3772 2917 idem
3791 2865 3912 2932 Spi-

2322 2951 2470 3016 ritus,
2486 2951 2710 3004 dividens
2729 2951 2940 3021 singulis
2953 2962 3097 3021 prout
3118 2953 3220 3006 vult
3238 2955 3318 3023 (1.
3342 2952 3457 3007 Cor.
3477 2954 3563 3008 12.
3587 2955 3644 3012 4.
3667 2965 3714 3009 et
3729 2958 3909 3027 seqq).

2325 3040 2403 3097 De
2427 3041 2528 3096 hoc
2555 3041 2778 3112 Spiritu,
2799 3059 2867 3096 ne
2909 3059 2938 3095 a
2968 3058 3027 3097 se
3057 3043 3357 3099 auferretur
3376 3087 3389 3107 ,
3435 3046 3656 3114 rogabat
3707 3047 3908 3109 David.

2325 3133 2507 3190 dicens
2563 3152 2577 3188 :
2632 3133 2885 3205 Spiritum
2935 3146 3163 3190 sanctum
3207 3146 3346 3190 tuum
3395 3155 3458 3193 ne
3506 3140 3719 3207 auferas
3765 3159 3796 3195 a
3837 3160 3913 3196 me

2325 3227 2442 3298 (Ps.
2473 3228 2562 3284 50.
2595 3229 2707 3298 15).
2737 3229 2837 3297 Qui
2864 3227 3078 3298 quando
3093 3228 3349 3296 aufertur,
3379 3246 3482 3284 uou
3513 3231 3582 3304 (c)
3607 3233 3910 3288 substantia

2325 3320 2428 3385 sui,
2457 3319 2551 3374 sed
2573 3320 2620 3374 ei
2647 3335 2676 3374 a
2696 3336 2801 3390 quo
2823 3318 3079 3386 aufertur,
3097 3321 3439 3390 extinguitur.
3468 3321 3578 3392 Ego
3599 3331 3730 3391 puto
3751 3341 3911 3378 unum

2325 3420 2483 3480 atque
2533 3410 2671 3465 idem
2727 3409 3058 3480 significare,
3111 3410 3363 3480 Spiritum
3413 3413 3571 3467 nolite
3616 3415 3913 3486 estinguerc

2325 3503 2400 3571 (1.
2427 3501 2670 3557 Thess.5.
2695 3501 2782 3574 l9)
2807 3512 2895 3568 ,et
2919 3502 3057 3572 quod
3091 3503 3144 3556 in
3170 3503 3276 3556 alio
3302 3503 3418 3556 loco
3446 3504 3633 3558 scribit
3659 3523 3672 3558 :
3709 3506 3912 3574 Spiritu

2325 3593 2567 3663 ferventes
2594 3593 2768 3665 (llam.
2800 3592 2888 3648 12.
2922 3593 3042 3664 ll).
3077 3593 3130 3647 In
3162 3609 3266 3662 quo
3291 3594 3430 3648 enim
3464 3595 3640 3649 fervor
3668 3598 3908 3666 spiritus,

2325 3684 2670 3753 multiplicata
2696 3684 2986 3752 iniquitate,
3019 3692 3071 3738 et
3100 3684 3334 3738 caritatis
3363 3683 3577 3754 frigore,
3610 3701 3720 3741 non
3763 3697 3913 3755 tepe-

2324 3775 2461 3840 scit,
2494 3776 2546 3829 in
2597 3775 2698 3830 hoc
2741 3775 2958 3844 spiritus
3005 3790 3331 3844 nequaquam
3375 3775 3722 3845 extinguitur.
3777 3777 3912 3832 Deus

2325 3867 2480 3937 igitur
2505 3867 2644 3937 pacis
2680 3867 2958 3934 sanctiﬁcat
2983 3882 3070 3920 vos
3096 3883 3186 3936 per
3210 3867 3399 3931 omnia,
3428 3868 3508 3920 vel
3536 3866 3590 3921 in
3631 3870 3905 3934 omnilms,

2324 3956 2438 4012 sive
2469 3957 2646 4027 plenos
2686 3967 2847 4027 atque
2878 3959 3175 4029 perfectos:
3222 3955 3321 4010 hoc
3361 3957 3502 4010 enim
3544 3960 3713 4028 magis
3755 3972 3909 4014 sonat

2323 4055 2570 4112 ὁλοτελεῖς.
2624 4051 2760 4105 Deus
2806 4058 2982 4104 autem
3034 4049 3328 4118 appellatur
3378 4049 3522 4117 pacis
3572 4067 3587 4102 :
3638 4053 3762 4121 quia
3815 4069 3908 4121 per

2323 4140 2592 4196 Christum
2618 4140 2668 4194 ei
2709 4139 3031 4194 reconciliati
3072 4153 3287 4201 sumus;
3321 4138 3519 4208 quiest
3551 4155 3649 4208 pax
3699 4150 3903 4206 nostra,

2323 4233 2411 4302 qui
2455 4231 2576 4286 fecit
2606 4241 2826 4300 utraque
2851 4246 3010 4285 unum
3032 4229 3250 4300 (Ep/tes.
3360 4229 3482 4302 it):
3513 4231 3602 4300 qui
3634 4243 3689 4286 et
3721 4233 3772 4286 in
3799 4235 3907 4287 alio

2323 4322 2441 4376 loco
2467 4338 2568 4392 pax
2599 4321 2691 4376 Dei
2725 4321 2937 4386 dicitur,
2969 4334 3223 4391 superans
3247 4335 3462 4375 omnem
3495 4336 3712 4376 sensum
3733 4363 3748 4387 ,
3777 4339 3904 4400 .qua:

2321 4415 2552 4469 cus:odit
2576 4413 2735 4469 corda
2761 4414 3211 4483 cogitationesque
3231 4411 3567 4468 Sanctorum.
3595 4415 3696 4482 Qui
3726 4426 3902 4470 autem

2321 4505 2706 4570 sanctificatur,
2738 4505 2847 4559 sive
2869 4504 3133 4574 perfectus
3161 4505 3209 4557 in
3239 4506 3486 4560 omnibus
3511 4516 3612 4570 est,
3645 4507 3696 4560 in
3726 4507 3830 4564 hoc
3851 4518 3904 4564 et

2321 4598 2538 4666 Spiritus
2561 4605 2616 4651 et
2641 4596 2814 4650 anima
2861 4608 2912 4650 et
2948 4610 3141 4666 corpus
3183 4597 3231 4650 in
3263 4596 3348 4650 die
3379 4596 3583 4650 Domini
3612 4611 3907 4653 Conserva-

2322 4694 2427 4740 tur.
2465 4684 2690 4754 Corpus,
2733 4684 2777 4738 si
2805 4685 3133 4756 singulorum
3175 4687 3526 4740 membrorqu
3565 4697 3741 4740 utatur
3769 4689 3903 4744 ofti~

2319 4777 2436 4840 eiis,
2468 4775 2613 4831 verbi
2645 4776 2836 4846 gratia,
2876 4777 2920 4830 si
2950 4789 3199 4846 operetur
3229 4793 3443 4844 manus,
3477 4791 3570 4847 pes
3607 4778 3859 4836 ambulet
3884 4825 3901 4848 ,

2319 4868 2504 4922 oculus
2547 4867 2743 4934 videat,
2796 4867 2974 4922 audiat
3015 4869 3178 4932 auris,
3233 4869 3418 4924 dentes
3464 4867 3613 4923 cibos
3663 4872 3896 4938 molam,

2318 4956 2623 5012 Stomachus
2652 4968 2865 5028 coquat,
2889 4958 3036 5012 alvus
3067 4958 3271 5028 digerat
3299 4999 3311 5022 ,
3357 4969 3449 5014 aut
3475 4960 3518 5013 si
3547 4961 3692 5016 nulla
3724 4980 3897 5018 mem-

2319 5049 2534 5103 brorum
2562 5059 2713 5121 parte
2744 5058 3041 5103 truncatum
3069 5058 3171 5103 est.
3200 5048 3264 5102 Et
3293 5049 3396 5105 hoc
3420 5052 3700 5121 quisquam
3727 5064 3896 5124 potest

2317 5141 2538 5195 credere
2566 5140 2875 5208 Apostolum
2905 5154 3000 5209 pro
3027 5138 3371 5194 credentibus
3398 5141 3680 5211 deprecari
3707 5185 3722 5209 ,
3768 5155 3822 5199 ut
3848 5146 3895 5198 in

2317 5234 2403 5288 die
2437 5233 2620 5302 judieii
2651 5231 2914 5302 integrum
2964 5232 3198 5285 omnium
3241 5246 3437 5301 corpus
3463 5232 3712 5289 Christus
3757 5238 3900 5292 inve-

2317 5325 2428 5378 niat
2453 5342 2465 5376 :
2498 5339 2616 5399 eum
2641 5324 2878 5377 omnium
2905 5336 3153 5390 corpora,
3180 5331 3462 5378 autmorte
3481 5324 3745 5380 dissoluta
3773 5329 3894 5392 sint,

2314 5423 2408 5470 aut
2447 5415 2490 5470 si
2518 5416 2598 5476 (ut
2641 5413 2854 5484 quidam
2883 5412 3086 5482 volunt)
3139 5423 3348 5480 reperta
3405 5415 3604 5469 fuerint
3645 5418 3898 5487 spirantia

2382 5591 2442 5655 lc)
2483 5585 3220 5658 Verioremessenleetionem,
3260 5599 3358 5658 non
3398 5587 3758 5658 insulistantia
3789 5596 3895 5655 sui,

2313 5647 2456 5761 quam
2492 5666 2522 5703 e
2556 5652 2799 5701 Brixianis
2831 5647 3074 5698 codicibus
3107 5649 3384 5708 expressit,
3414 5651 3665 5703 Victorius
3698 5647 3900 5706 conten;

2313 5723 2399 5762 ut.
2886 5754 2894 5762 .
