4026 6186
609 312 745 371 ιοθτ

1098 405 1392 474 Εεριὲεἰωιι
1430 396 1682 467 Capitula.

910 516 1346 584 IIIEBONYMUS
1383 515 1473 570 AD
1513 506 1876 573 ALGASIAM,

1097 632 1174 687 Dc
1199 627 1551 703 qna-stionibus
1577 622 1626 678 X
1634 620 1684 677 1.
1746 611 1753 617 ’

679 745 1181 813 Pli.EFATlO.—F
1186 746 1306 799 ilius
1336 756 1486 813 meus
1503 734 1850 808 Apodemius,
1874 729 1961 801 qni
1997 727 2069 797 (λι)
2100 723 2184 779 in-

612 849 1046 918 terpretationem
1091 837 1320 901 nominis
1360 832 1479 899 sui,
1509 832 1667 900 longa
1704 826 1773 882 ad
1816 839 1913 880 nos
1958 820 2183 876 veniens

610 908 961 1006 navigatione,
993 929 1243 1001 signavit,
1269 935 1320 981 et
1350 924 1417 980 de
1442 921 1636 989 Oceani
1668 920 1848 973 littore
1868 957 1882 981 ,
1914 922 2073 982 atque
2106 908 2189 962 ul-

609 1001 757 1086 timis
780 1026 1075 1084 Galliarum
1115 1021 1306 1076 ﬁnibus
1328 1060 1343 1084 ,
1387 1017 1555 1071 Roma
1602 1009 1874 1083 prmterita
1896 1049 1909 1071 ,
1944 1001 2189 1082 qna'sivit

608 1122 886 1178 Bethleem
911 1160 927 1185 ,
965 1125 1026 1171 ut
1066 1110 1330 1169 inveniret
1367 1110 1418 1161 in
1458 1122 1521 1161 ea
1564 1103 1837 1159 uela-stem
1867 1110 2093 1167 panem,
2136 1098 2192 1146 et

610 1219 877 1268 saturnius
905 1182 1175 1262 cruciaret
1198 1201 1252 1265 in
1282 1198 1527 1269 Domino,
1557 1208 1619 1249 ac
1648 1193 1857 1247 diceret
1887 1207 1898 1241 :
1926 1182 2186 1239 Eructavit

611 1319 698 1357 cor
726 1316 888 1355 meum
914 1290 1115 1359 uerbum
1141 1292 1346 1355 bonum,
1375 1288 1491 1342 dico
1512 1302 1603 1357 ego
1632 1299 1785 1354 Opera
1805 1296 1915 1336 mea
1941 1276 2046 1348 regi
2067 1274 2187 1347 (Ps.

610 1393 700 1449 M.
734 1391 810 1463 1),
831 1387 1022 1444 detulit
1050 1383 1178 1439 mihi
1207 1384 1258 1436 in
1291 1395 1447 1452 parva
1479 1375 1730 1432 schednla
1764 1372 2024 1426 maximas
2047 1382 2193 1438 qure-

609 1459 815 1539 stiones
835 1521 848 1545 ,
878 1493 1011 1550 quas
1033 1492 1062 1530 a
1092 1486 1143 1529 te
1170 1473 1319 1528 datas
1339 1512 1354 1535 ,
1385 1466 1622 1537 mihique
1650 1461 1934 1519 tradendos
1964 1459 2189 1517 diceret.

612 1577 694 1633 Ad
721 1548 945 1645 quarum
974 1569 1259 1646 lectionem
1291 1561 1531 1630 intellexi
1560 1558 1792 1613 studium
1814 1552 2030 1623 Regium
2052 1548 2191 1604 Saba

613 1669 669 1722 in
780 1679 901 1720 esse
943 1643 1265 1728 completum
1294 1697 1310 1721 ,
1338 1670 1455 1725 qua:
1502 1651 1569 1705 de
1615 1648 1810 1703 ﬁnibus
1847 1653 2003 1699 terra:
2047 1640 2194 1695 venit

614 1756 800 1812 audire
831 1751 1145 1822 sapientiam
1176 1743 1477 1809 Salomonis
1506 1741 1594 1812 (⁸5.
1624 1740 1751 1808 Reg.
1784 1735 1870 1791 10.
1905 1735 1927 1789 1
1955 1750 1971 1799 ;
2003 1730 2189 1785 Matth.

616 1849 705 1904 12.
734 1846 849 1917 42).
881 1845 996 1899 NOII
1026 1840 1239 1911 quidem
1270 1851 1373 1907 ego
1396 1835 1650 1890 Salomon
1680 1873 1693 1895 ,
1724 1827 1820 1898 qui
1845 1835 1899 1883 et
1941 1835 2064 1880 ante
2093 1838 2153 1877 se
2176 1862 2190 1886 ,

620 1948 677 1995 et
708 1915 826 2007 post
867 1920 966 2001 se,
1007 1930 1213 1987 cunctis
1243 1925 1550 2002 hominibus
1590 1920 1871 1992 praefertur
1896 1915 2190 1985 sapientia;

616 2006 717 2087 sed
743 2038 798 2084 tu
836 2024 1039 2094 Regina
1073 2017 1387 2091 appellanda
1427 2031 1485 2070 es
1526 2011 1620 2088 [aL
1648 2010 1735 2083 ex]
1771 2010 1933 2073 Saba,
1963 2008 2013 2061 in
2043 2006 2196 2073 cujus

617 2117 828 2177 mortali
861 2127 1099 2184 corpore
1137 2125 1243 2166 non
1286 2116 1471 2178 regnat
1514 2112 1816 2175 peccatum,
1865 2108 1920 2154 et
1960 2114 2079 2168 qua:
2126 2094 2193 2150 ad

616 2211 899 2273 Dominum
927 2215 1034 2261 tota
1074 2212 1252 2258 mente
1291 2212 1548 2253 conversa
1570 2237 1584 2258 .
1610 2194 1797 2249 audies
1823 2192 1892 2251 ab
1917 2206 2020 2253 eo:
2047 2188 2184 2244 Con-

617 2311 829 2366 vertere,
864 2304 1148 2353 convertere
1186 2291 1469 2348 Sunamitts
1514 2286 1687 2360 (Cant.
1734 2284 1787 2340 6.
1832 2280 1944 2352 l2).
1987 2279 2193 2335 Etenim

556 2408 565 2414 '
618 2395 758 2452 Saba
789 2393 841 2448 in
888 2391 1065 2460 lingua
1109 2394 1292 2444 nostra
1321 2382 1692 2437 conversionem
1719 2384 1895 2432 sonat.
1920 2374 2197 2443 Simulque

617 2482 1011 2549 animadverti,
1066 2478 1207 2550 quod
1261 2473 1666 2547 quaestiuncula:
1714 2480 1817 2525 tme
1868 2469 1938 2525 de
2030 2468 2192 2540 851

618 2574 913 2645 Evangelia
941 2579 1146 2626 tantum
1173 2575 1227 2624 et
1251 2567 1317 2621 de
1340 2563 1601 2644 Apostolo
1629 2561 1935 2632 propositae,
1960 2559 2198 2614 indicant

620 2678 672 2724 to
698 2640 933 2725 veterem
960 2662 1290 2732 Set-iptnrant
1320 2640 1411 2711 ant
1435 2670 1545 2723 non
1574 2655 1704 2708 satis
1733 2652 1909 2721 legere
1928 2691 1943 2717 ,
1972 2658 2065 2703 aut
2088 2662 2194 2703 non

619 2759 752 2817 satis
781 2756 1101 2826 intelligere,
1123 2744 1873 2822 quaetantisohscuritatihus,
1906 2751 1959 2797 et
1987 2741 2196 2794 futuro-

620 2865 737 2906 rum
783 2848 925 2920 typis
965 2844 1216 2901 obvoluta
1261 2849 1384 2906 est,
1436 2847 1494 2893 ut
1536 2836 1710 2893 omnis
1757 2832 2198 2901 interpretatione

620 2950 812 3013 egeat:
838 2949 892 2996 et
916 2949 1068 3010 porta
1095 2935 1391 2999 orientalis,
1422 2932 1488 2987 de
1514 2945 1619 3001 qua
1643 2944 1827 2984 verum
1857 2927 2035 2986 lumen
2065 2939 2199 2987 exo-

623 3034 793 3097 ritur,
821 3040 875 3085 ct
900 3044 997 3100 per
1022 3043 1181 3099 quam
1214 3023 1457 3080 Pontifex
1487 3018 1780 3092 ingreditur
1810 3026 1860 3073 et
1890 3016 2196 3087 egreditur,

621 3139 838 3195 semper
865 3123 1046 3177 clausa
1077 3119 1147 3174 sit
1169 3116 1380 3189 (Ezech.
1407 3115 1498 3170 45.
1529 3114 1580 3168 1.
1608 3113 1663 3166 2.
1693 3122 1748 3167 et
1772 3110 1862 3166 41.
1898 3111 1987 3180 1),
2015 3119 2070 3164 et
2099 3106 2200 3163 soli

624 3214 839 3272 Christo
878 3220 1058 3283 pateat
1086 3209 1271 3282 (Apoc.
1304 3204 1360 3280 Si)
1384 3246 1401 3273 ,
1429 3204 1518 3276 qui
1562 3204 1721 3258 habet
1750 3202 1957 3258 clavem
2001 3198 2162 3254 David
2183 3239 2198 3265 ,

624 3308 717 3380 qui
748 3305 941 3376 aperit,
963 3312 1017 3358 et
1044 3316 1201 3356 nemo
1227 3298 1429 3354 claudit
1454 3314 1468 3351 :
1492 3296 1708 3361 claudit,
1742 3302 1797 3349 et
1819 3308 1979 3348 nemo
2005 3291 2198 3361 aperit,

624 3410 688 3469 ut
714 3400 804 3456 illo
833 3403 1109 3464 reserante
1148 3394 1386 3447 introeas
1419 3388 1718 3443 cubiculum
1754 3387 1870 3456 ejus
1890 3425 1906 3450 ,
1938 3394 1993 3439 et
2018 3384 2164 3439 dicas
2186 3421 2201 3448 ,

631 3487 924 3554 Introduait
968 3502 1047 3540 me
1084 3500 1174 3537 rex
1217 3482 1270 3535 in
1310 3477 1605 3547 cubiculum
1629 3493 1778 3529 suum
1827 3473 1998 3545 (Cant.
2035 3474 2088 3529 1.
2120 3473 2201 3540 5).

633 3586 899 3642 l‘rmterca
923 3580 1056 3633 satis
1082 3577 1302 3630 miratus
1329 3587 1445 3626 smn
1468 3613 1484 3637 ,
1514 3587 1610 3629 cur
1638 3571 1921 3639 purissimo
1950 3568 2097 3623 fonte
2127 3568 2206 3622 vi.

630 3676 753 3730 cino
778 3672 989 3735 relicto,
1023 3668 1188 3724 noStri
1219 3675 1327 3724 tam
1360 3663 1537 3732 iroeul
1566 3662 1722 3717 rivnli
1756 3661 1957 3724 ﬂuenta
1981 3659 2208 3729 (μω-εἰο-

632 3765 731 3838 ris,
758 3774 812 3819 et
840 3761 1054 3817 omissis
1092 3759 1242 3830 aquis
1278 3757 1444 3818 Siloa,
1477 3770 1596 3823 quae
1627 3752 1825 3826 vadunt
1848 3767 1967 3807 cum
1994 3751 2208 3805 silentio

634 3855 787 3925 (lsai.
819 3854 897 3925 8),
928 3851 1264 3911 desiderares
1288 3847 1381 3922 [aL
1407 3842 1684 3917 desideras]
1706 3858 1872 3914 aquas
1888 3841 2068 3907 Sibor,
2090 3855 2209 3908 qua:

633 3946 861 4009 turbidis
892 3942 1073 4011 saeculi
1119 3940 1277 4010 hujus
1310 3937 1452 3995 vitiis
1491 3934 1857 3993 sordidantur.
1890 3932 2064 3987 Habes
2090 3931 2210 3985 istic

635 4046 882 4100 sanctum
913 4035 1083 4093 virum
1111 4029 1197 4101 (ὑ),
1220 4027 1488 4091 Alethium
1514 4025 1925 4102 Presbyterum,
1944 4022 2031 4093 qni
2063 4021 2207 4089 viva,

636 4139 699 4185 ιιι
723 4129 893 4191 aiunt,
919 4138 1071 4189 voce,
1096 4130 1153 4177 et
1178 4118 1421 4190 prudenti
1444 4117 1751 4185 discrtoqne
1771 4129 2021 4169 sermone
2045 4114 2212 4183 possit

636 4219 851 4277 solvere
888 4228 1009 4285 quae
1049 4210 1318 4282 requiris:
1350 4208 1451 4271 nisi
1492 4207 1625 4262 forte
1666 4204 1975 4278 peregrinas
2005 4216 2213 4272 merces

638 4309 935 4379 desideras.
961 4314 1016 4363 et
1040 4320 1140 4376 pro
1163 4304 1416 4359 varietate
1435 4311 1644 4373 gustus,
1668 4307 1974 4361 nostrorum
2002 4311 2214 4367 quoque

639 4398 1104 4456 condimentorum
1140 4403 1193 4449 te
1219 4393 1522 4448 alllatueuta
1555 4392 1842 4448 delectant.
1868 4378 2009 4445 Aliis
2037 4387 2214 4444 dulcia

639 4493 877 4566 placent,
909 4484 1196 4557 nonnullos
1225 4485 1506 4547 subamara
1550 4482 1852 4547 delectant,
1888 4480 2086 4538 horum
2105 4487 2216 4532 sto-

640 4583 890 4643 machum
935 4579 1087 4637 acida
1114 4584 1409 4643 renovant,
1451 4575 1661 4645 illorum
1711 4573 1857 4629 salsa
1891 4580 2212 4637 sustentant.

644 4676 769 4733 Vidi
795 4689 895 4746 ego
919 4685 1203 4743 nauseam,
1225 4677 1276 4723 et
1299 4665 1489 4736 capitis
1510 4663 1825 4733 vertiginem
1854 4662 1924 4733 (c)
1950 4661 2212 4729 antidoto,

640 4785 761 4840 qua:
789 4765 1085 4838 appellatur
1110 4766 1257 4834 παρὰ
1277 4801 1295 4827 ,
1322 4773 1466 4829 sirpe
1506 4756 1682 4812 sanari
1706 4797 1720 4820 ,
1753 4764 1808 4815 et
1840 4755 1989 4823 juxta
2021 4754 2218 4823 llippo-

642 4869 869 4925 cratem,
893 4854 1286 4913 contrariorum
1310 4848 1575 4905 contraria
1598 4860 1718 4902 esse
1744 4844 2000 4904 remedia.
2031 4845 2218 4914 Itaque

646 4958 887 5020 nostram
909 4944 1317 5003 amaritudinem
1334 4984 1351 5010 ,
1380 4940 1520 5001 illius
1550 4947 1801 4997 nectarco
1827 4936 1985 4993 melle
2004 4945 2217 5004 curato,

708 5109 783 5223 ((3
814 5108 1049 5173 Nimirum
1083 5113 1286 5166 ἃπόδημος,
1305 5098 1438 5150 unde
1464 5095 1747 5161 Apodemius
1765 5093 1938 5144 Latine
1953 5132 1965 5148 .
1992 5106 2053 5142 ex
2078 5100 2222 5144 ἀνωδυ-

708 5200 719 5223 .
783 5182 909 5221 rzeco
932 5169 1102 5223 verbo,
1124 5162 1440 5223 peregrinum
1452 5167 1609 5220 sonat.
1636 5166 1794 5223 Marc.
1812 5157 1888 5206 15.
1907 5154 1987 5205 34.
2012 5165 2059 5211 εις
2080 5162 2220 5223 εἶχε..-

644 5154 1108 5238 ιιιιῖέιυιέὦήῖέιξῦοξ
1124 5154 1609 5238 taminiam.
1624 5157 1888 5238 starent?
1907 5154 1987 5205 34.
2080 5162 2220 5238 .139..-

644 5216 719 5293 ῖοξ
735 5216 1101 5293 sicut
1118 5216 1261 5293 homo:
1269 5263 1284 5282 .
1318 5216 1408 5293 qui
1434 5216 1949 5293 ’peregt'enprofectusi,
1968 5225 2082 5293 etc.
2102 5216 2218 5293 llo}

648 5272 1505 5352 Eiiaiiﬁi‘éiiitEéiii'st'giiittéationém
1528 5272 1714 5338 alludit,
1747 5272 1858 5342 qua:
1883 5278 2053 5329 domus
2085 5275 2222 5340 pratis

647 5358 1017 5417 interpretatur-

718 5393 1017 5479 (if'ﬁi‘éiiié
1039 5409 1264 5479 Alethins
1285 5407 1664 5479 videtnressen.‘
1675 5402 1747 5479 ad,
1769 5412 1934 5479 quem
1945 5393 2222 5479 ξος-Ρξξιξῇιξ

650 5459 1384 5537 εωθιύὶᾦὲὀιλίἐιὸλιιιι-ἰςοείιηιι
1407 5467 1550 5518 tertia
1571 5502 1583 5525 ,
1614 5459 1847 5537 Florentii
1872 5459 2224 5537 frater.,.equne

647 5520 1334 5596 in'Catlurce'ns‘iEplseSpatu
1355 5520 1614 5596 successor
1628 5541 1641 5577 :
1668 5539 1762 5589 qua
1792 5524 1858 5573 de
1895 5535 1958 5596 re
1991 5520 2229 5596 videndus

651 5581 1238 5667 ciemus-frameas
1259 5591 1344 5664 np.
1356 5581 1751 5667 suspirata.
1775 5598 1881 5647 cap.
1900 5584 1975 5633 ιδ.
1994 5581 2227 5645 Eiusdem

651 5649 798 5715 porr'o
824 5652 1084 5703 Galliarum
1107 5655 1324 5716 regionis
1346 5658 1454 5701 erat
1480 5649 1691 5699 Alaasia.

721 5710 798 5774 (τ)-
817 5711 917 5762 Via.
939 5715 1094 5777 Epist.
1110 5715 1189 5767 τε.
1214 5715 1274 5765 ad
1298 5712 1485 5764 Fabiol.
1506 5688 1658 5763 ιιιῗιιις.
1686 5707 1743 5762 v.
1765 5705 1892 5757 Piin.
1920 5703 1952 5755 ι.
1976 5702 2053 5754 22.
2082 5716 2126 5755 ρ.
2141 5700 2223 5755 ε.

1886 270 2126 331 SANCTI
2167 263 2555 341 innuaxvm

3750 242 3915 317 tuos

2292 390 2349 443 et
2375 382 2526 436 mitte
2551 377 2603 432 in
2641 374 2783 431 Mora
2811 374 3010 444 lignum
3038 370 3235 438 crucis,
3267 366 3617 436 senilcmque.
3635 362 3911 434 pituitam

2286 469 2509 541 juvenili
2537 466 2851 521 austeritate
2877 477 3183 533 compesce,
3207 467 3266 514 ut
3288 457 3460 529 possis
3481 456 3606 511 laeta
3629 464 3867 510 cantare
3890 471 3907 506 :

2295 562 2460 630 Quam
2502 559 2674 614 dulcia
2712 557 2901 627 gutturi
2947 570 3056 608 meo
3096 551 3296 623 eloquia
3324 560 3448 619 tua,
3477 563 3639 620 super
3679 547 3786 601 me!
3817 547 3910 601 ori

2291 671 2401 713 meo
2430 652 2545 720 (Ps.
2575 651 2695 718 H8,
2738 649 2880 721 105).

2361 742 2589 799 CAPUT
2630 740 2912 797 PRIMUM.
2937 767 3008 779 -ο
3028 736 3134 795 Cur
3157 736 3394 791 Joannes
3424 731 3733 803 discipulos
3766 745 3909 788 suos

2292 835 2457 891 mittit
2503 833 2570 888 ad
2623 831 2905 887 Dominum
2938 868 2954 892 ,
3002 836 3060 882 ιιι
3106 827 3441 896 interrogent
3493 838 3621 879 eum
3657 839 3673 876 :
3707 820 3792 875 Tu
3844 837 3906 874 es

2290 925 2377 997 qui
2405 933 2639 978 uenturus
2664 939 2737 986 es,
2768 938 2835 975 an
2863 920 3022 974 alium
3047 926 3397 988 exspectamus
3437 914 3658 986 (Matth.
3696 913 3786 967 11.
3821 911 3899 976 5,

2293 1027 2339 1071 et
2370 1015 2498 1070 Luc.
2532 1015 2582 1068 7.
2613 1013 2751 1085 20)?
2778 1011 2911 1068 Cum
2952 1010 3102 1081 prius
3147 1009 3263 1079 ipse
3302 1007 3371 1062 de
3407 1004 3602 1062 eodem
3647 1003 3847 1059 dixerit
3881 1020 3900 1056 :

2296 1105 2430 1160 Ecce
2456 1104 2634 1176 Agnus
2664 1103 2788 1165 Dei,
2817 1118 2930 1156 ecce
2953 1101 3041 1171 qui
3068 1099 3197 1154 totlit
3223 1105 3426 1169 peccata
3452 1094 3635 1150 mundi
3677 1093 3699 1164 (
3729 1092 3896 1147 locis.

2297 1197 2348 1261 1.
2378 1195 2497 1266 ‘29).
2528 1197 2603 1251 De
2633 1195 2737 1250 hac
2763 1193 3072 1261 Qumstione
3123 1190 3175 1245 in
3207 1187 3624 1251 Commentariis
3653 1183 3897 1239 Matthxi

2298 1289 2507 1358 plenius
2532 1287 2786 1342 diximus.
2822 1284 2972 1341 Unde
3004 1291 3225 1354 apparet
3261 1296 3379 1350 qua:
3409 1278 3525 1333 bzcc
3551 1279 3851 1346 interrogas
3871 1315 3895 1343 ,

2296 1380 2407 1449 ipsa
2457 1388 2508 1434 te
2550 1378 2820 1433 volumina
2863 1391 2970 1430 non
3015 1374 3232 1429 habere.
3270 1371 3470 1427 Tamen
3511 1368 3895 1438 stringendum

2296 1480 2379 1527 est
2421 1469 2690 1532 breviter,
2721 1482 2791 1538 ne
2818 1466 3040 1523 omnino
3071 1464 3299 1525 tacuisse
3320 1461 3625 1521 videamur.
3653 1458 3897 1515 Joannes

2296 1562 2541 1618 mittebat
2569 1558 2867 1628 discipulos
2906 1572 3037 1617 suos
3077 1556 3133 1609 in
3174 1544 3401 1617 vinculis
3441 1553 3803 1613 constitutus,
3832 1556 3894 1602 ut

2297 1653 2398 1708 sibi
2440 1668 2712 1723 qttazrcns,
2759 1651 2867 1706 illis
2911 1649 3176 1713 disceret;
3218 1657 3275 1702 et
3311 1646 3489 1717 capite
3529 1642 3891 1711 truncandos,

2300 1747 2448 1800 illum
2480 1734 2699 1800 doceret
2728 1758 2849 1798 esse
2884 1740 3233 1803 sectandum,
3263 1753 3426 1809 quem
3456 1736 3899 1806 interrogatione

2294 1838 2459 1911 852
2531 1851 2632 1896 sua.
2687 1837 2999 1903 magistrum
3061 1831 3299 1886 onmium
3357 1828 3647 1884 fatebatur.
3702 1827 3897 1898 Neque

2297 1917 2437 1984 enim
2456 1915 2677 1999 ‘poterat
2702 1928 2977 1998 ignorare,
2995 1939 3153 1995 quem
3179 1922 3543 1994 ignorantibus
3565 1932 3697 1975 ante
3731 1936 3894 1975 mon-

2297 2030 2594 2085 straverat,
2639 2031 2699 2075 et
2731 2021 2799 2076 de
2842 2037 2947 2090 quo
2990 2019 3202 2075 dixerat
3235 2036 3249 2070 :
3283 2016 3382 2082 Qui
3424 2015 3563 2070 habet
3593 2031 3893 2083 sponsam,

2297 2131 2515 2185 sponsus
2544 2123 2617 2168 est
2652 2112 2813 2184 (Ibid.
2842 2113 2894 2167 5.
2927 2110 3056 2175 29);
3086 2110 3186 2175 Ει,
3218 2107 3386 2178 Cujus
3404 2123 3501 2164 non
3536 2122 3653 2165 sum
3699 2105 3895 2176 dignus

2298 2208 2639 2260 calceamenta
2664 2214 2869 2275 portare
2897 2201 3112 2272 (Matth.
3143 2202 3197 2271 ὅτ
3231 2201 3356 2269 ii);
3389 2199 3473 2262 Et,
3507 2196 3665 2251 illum
3690 2205 3890 2267 Oportet

2298 2315 2563 2373 crescere,
2599 2314 2677 2351 me
2718 2306 2884 2351 autem
2930 2295 3092 2348 minui
3121 2292 3298 2364 (Joan.
3348 2292 3398 2346 1.
3441 2292 3556 2362 27).
3606 2290 3890 2359 Deumque

2300 2389 2511 2449 Patrem
2544 2389 2872 2442 intonantem
2921 2384 3203 2439 audierat:
3248 2381 3348 2437 Hic
3397 2390 3470 2436 est
3524 2379 3697 2433 Filius
3750 2395 3888 2431 meus

2300 2483 2532 2546 dilectus,
2562 2482 2615 2534 in
2635 2496 2734 2550 quo
2755 2478 2878 2532 mihi
2901 2476 2978 2549 (ti)
3009 2473 3293 2545 complacui
3323 2470 3486 2544 (Ibid.
3512 2473 3568 2528 ὃ.
3592 2471 3709 2541 50).
3734 2468 3895 2536 Quod.

2300 2584 2477 2630 autem
2510 2573 2637 2628 dicit
2662 2590 2675 2626 :
2702 2569 2778 2624 Tu
2808 2587 2859 2623 cs
2877 2570 2965 2638 qui
2994 2575 3229 2622 uenturus
3259 2582 3329 2628 es,
3348 2580 3415 2617 an
3436 2564 3595 2617 alium
3624 2570 3889 2631 exspecta-

2300 2684 2413 2722 mus
2443 2667 2463 2740 (
2491 2666 2680 2721 Matth.
2718 2666 2773 2720 5.
2807 2664 2866 2719 17
2895 2664 2951 2735 )‘t
2982 2661 3127 2727 hunc
3167 2674 3379 2729 quoque
3418 2672 3637 2712 sensum
3686 2653 3891 2709 habere

2302 2758 2651 2831 potest:Scio
2672 2756 2813 2827 quod
2844 2755 2959 2824 ipse
2985 2753 3084 2820 sis,
3111 2751 3202 2821 qui
3229 2751 3419 2809 tollere
3446 2748 3641 2809 venisti
3671 2756 3899 2817 peccata

2303 2850 2486 2905 mundi
2512 2867 2524 2903 :
2551 2848 2644 2903 sed
2671 2848 2792 2918 quia
2827 2845 2894 2901 ad
2924 2843 3126 2898 inferos
3153 2840 3518 2897 descensurus
3546 2853 3693 2904 sum,
3723 2837 3889 2893 etiam

2304 2943 2406 3004 hoc
2436 2942 2704 3010 interrogo
2724 2980 2737 3001 ,
2768 2939 2839 3013 (θ)
2869 2946 3044 2991 utrum
3076 2944 3128 2989 et
3158 2934 3282 2999 illuc
3308 2933 3422 3002 ipse
3449 2930 3754 2986 descendas
3776 2970 3793 2997 ,
3821 2945 3891 2983 an

2304 3033 2525 3103 impium
2567 3032 2636 3086 sit
2663 3031 2764 3085 hoc
2789 3029 2857 3085 de
2889 3027 3022 3087 Filio
3054 3027 3145 3081 Dei
3173 3024 3431 3094 credere,
3460 3024 3736 3094 aliumque
3762 3023 3894 3077 mis-

2304 3139 2462 3181 surus
2507 3123 2622 3178 sis?
2649 3121 2762 3177 Hoc
2802 3129 2980 3176 autem
3026 3119 3164 3173 scire
3204 3115 3493 3175 desidero:
3519 3127 3579 3169 ut
3616 3115 3708 3185 qui
3756 3114 3895 3169 tein

2308 3218 2466 3274 terris
2487 3215 2794 3271 hominibus
2817 3211 3059 3266 nuntiavi
3085 3252 3101 3279 ,
3130 3212 3288 3265 etiam
3318 3207 3504 3263 inferis
3530 3207 3817 3272 nuntiem,
3844 3207 3909 3281 si.

2306 3309 2445 3364 forte
2469 3316 2725 3362 venturus
2751 3320 2830 3362 es.
2857 3304 2937 3359 Tu
2967 3306 3110 3359 enim
3142 3316 3201 3360 es
3225 3344 3242 3370 ,
3272 3301 3361 3372 qui
3395 3300 3584 3355 venisti
3613 3299 3900 3354 dimittere

2306 3401 2685 3472 captivitatem,
2702 3407 2757 3453 et
2772 3397 2983 3452 solvere
2998 3411 3113 3459 eos,
3128 3394 3216 3464 qui
3235 3394 3286 3449 in
3304 3392 3526 3447 vinculis
3546 3391 3896 3447 tenebantur.

2308 3490 2472 3562 Cujus
2509 3488 2925 3545 sciscitationem
2966 3485 3223 3541 Dominus
3268 3483 3608 3554 intelligens,
3636 3483 3901 3552 operibus

2309 3581 2477 3651 magis
2504 3594 2661 3649 quam
2692 3591 2940 3633 sermone
2970 3574 3257 3646 respondet
3289 3592 3305 3628 :
3335 3584 3389 3629 et
3430 3573 3622 3629 Joanni
3651 3574 3905 3645 praacipit

2311 3673 2543 3729 nuntiari
2569 3714 2584 3739 ,
2615 3671 2795 3726 videre
2824 3684 3025 3735 cmcos,
3059 3668 3332 3727 ambulare
3360 3666 3582 3721 claudos
3602 3709 3616 3731 ,
3650 3667 3901 3734 leprosos

2311 3764 2556 3820 mandari
2574 3804 2590 3830 ,
2621 3763 2813 3823 surdos
2839 3761 3025 3827 audire
3045 3802 3059 3827 ,
3086 3771 3325 3831 mortuos
3351 3773 3572 3828 surgere
3596 3798 3610 3818 .
3640 3766 3703 3813 et
3730 3756 3907 3828 (quod

2313 3858 2396 3913 bis
2437 3857 2610 3926 majus
2644 3855 2748 3927 est)
2782 3867 3042 3924 pauperes
3083 3851 3433 3922 evangeliaari
3457 3850 3673 3923 (Matth.
3708 3852 3769 3905 11
3805 3868 3820 3915 ;
3850 3860 3900 3903 et

2316 3950 2442 4004 Luc.
2475 3950 2549 4019 7).
2577 3948 2852 4017 Panpercs
2878 3957 3057 4001 autem
3085 3944 3168 3999 vel
3197 3944 3513 4007 humilitate.
3542 3946 3625 3999 vel
3652 3943 3858 3998 divitiis
3878 3957 3897 3996 :

2315 4052 2379 4113 ut
2398 4042 2543 4095 nulla
2573 4040 2710 4094 inter
2741 4052 3029 4109 pauperem
3067 4036 3395 4104 divitemun
3425 4034 3678 4090 distantia
3712 4034 3781 4088 sit
3808 4047 3900 4086 sa-

2317 4131 2441 4187 lutis
2462 4148 2477 4197 ;
2502 4130 2595 4188 sed
2620 4144 2809 4184 omnes
2830 4137 3088 4183 vocentur
3112 4124 3683 4196 aequaliter-ﬁamque
3705 4122 3901 4180 infert:

2314 4222 2501 4279 Beatus
2541 4223 2627 4294 qui
2658 4238 2757 4274 non
2785 4220 2938 4291 fuerit
2978 4218 3349 4283 scandalizatus
3375 4218 3429 4281 in
3461 4232 3539 4270 me
3563 4214 3778 4286 (Matth.
3807 4215 3901 4268 11.

2318 4317 2373 4389 (ἱ)
2401 4360 2415 4381 ,
2444 4333 2547 4370 non
2578 4315 2835 4371 Joannem
2864 4354 2883 4381 ,η
2911 4312 3004 4367 sed
3049 4310 3338 4381 discipulos
3361 4308 3479 4378 ejus
3513 4307 3737 4378 percutit
3759 4346 3776 4371 ,
3805 4306 3902 4375 qui

2319 4411 2467 4480 prius
2509 4417 2847 4465 accesserant
2893 4405 2963 4459 ad
3004 4420 3125 4459 cum
3149 4443 3167 4469 ,
3207 4402 3483 4456 dicentes:
3511 4400 3682 4467 Qitare
3718 4414 3812 4452 nos
3855 4406 3904 4452 et

2321 4498 2575 4564 Pharisati
2588 4499 2886 4569 jejunmnus
2911 4500 3211 4567 frequenter,
3242 4491 3480 4561 discipuli
3504 4500 3669 4543 autem
3694 4489 3767 4541 tui
3798 4504 3913 4548 non,

2311 4592 2549 4663 jejunant
2585 4587 2774 4661 (.llarc.
2802 4587 2896 4649 1.8;
2926 4596 2971 4638 et
3002 4584 3126 4637 Luc.
3156 4583 3209 4638 5.
3242 4581 3383 4652 55),?
3408 4581 3473 4636 Et
3499 4580 3564 4633 ad
3590 4579 3859 4633 Joannem
3886 4592 3903 4629 :

2323 4683 2567 4753 Magister
2593 4720 2607 4745 ,
2640 4678 2721 4732 cui
2767 4688 2820 4731 tu
2849 4676 3107 4745 prtcbuisti
3138 4673 3472 4733 testimonium
3501 4672 3655 4741 juxta
3693 4666 3905 4723 larda-

2322 4790 2437 4849 nent
2462 4813 2476 4837 ,
2505 4787 2619 4825 ecce
2646 4769 2888 4838 discipuli
2933 4769 3045 4839 ejus
3088 4767 3346 4837 baptizant
3371 4805 3384 4827 ,
3418 4772 3463 4816 et
3488 4761 3655 4831 plures
3685 4756 3909 4812 veniunt

2323 4864 2393 4919 ad
2421 4880 2533 4918 eum
2558 4861 2746 4931 (Joan.
2779 4861 2834 4916 5.
2863 4856 2979 4930 ‘26).
3005 4859 3123 4926 Quo
3163 4858 3311 4912 dicto
3350 4856 3561 4910 livorem
3589 4849 3908 4919 significant

2324 4954 2391 5011 de
2429 4955 2704 5025 signorum
2742 4950 3143 5024 magnitudine,
3192 4964 3261 5005 ex
3305 4944 3510 5003 invidiae
3545 4941 3910 4997 mordacitate

2393 5149 2463 5217 (ά)
2479 5149 2725 5217 Victorius
2737 5162 2797 5198 ex
2808 5147 3057 5217 Brixianis
3068 5144 3333 5217 codicibus,
3485 5138 3907 5217 bene‘contplacui,

2326 5202 2468 5277 quani
2483 5224 2659 5277 vocem
2679 5210 2795 5277 pene
2821 5206 2883 5258 ex
2910 5204 3079 5258 Graeco
3101 5214 3296 5277 ιῡδάκησει,
3317 5202 3492 5277 nititur.
3508 5202 3814 5277 conﬁrmare:

2394 5272 2454 5383 (ej
2483 5271 2645 5320 Facile
2679 5272 2804 5320 ltunc
2827 5281 3026 5320 sensom
3051 5260 3296 5329 expres‘sit
3320 5278 3385 5316 ex
3410 5264 3632 5328 Origene
3655 5261 3834 5314 ΙῙοιιιιι.
3861 5260 3909 5309 ι.

2444 5347 2599 5383 ticam.
2640 5332 2766 5380 etin
2787 5332 2979 5383 Regum
3015 5330 3179 5379 libros.
3204 5328 3352 5377 Visus
3390 5328 3577 5383 quippe
3611 5333 3690 5375 est
3714 5322 3782 5373 illi
3822 5324 3909 5370 mi-

2328 5335 2378 5383 in
2397 5322 2599 5391 Liteam,
2640 5332 2766 5380 etin
2787 5332 2979 5393 Regum
3015 5322 3179 5379 libros.
3204 5328 3352 5393 Visus
3371 5322 3577 5393 quippe
3611 5333 3690 5375 est
3714 5322 3785 5393 illi
3822 5324 3927 5370 nti--

2326 5397 2458 5445 nitne
2481 5384 2680 5454 quidem
2702 5393 2765 5441 de
2789 5384 2965 5445 Christi
2990 5402 3220 5454 persona,
3240 5390 3331 5438 sed
3354 5384 3424 5454 de
3444 5384 3557 5451 ejus
3580 5394 3740 5454 morte
3763 5384 3912 5454 Joan-

2328 5470 2420 5506 nes
2441 5450 2615 5506 revera
2638 5454 2908 5510 dubitasse,
2932 5450 3089 5515 ut'qui
3113 5450 3354 5515 Chi-istum
3374 5450 3485 5510 jam'
3501 5451 3652 5515 terris
3675 5453 3913 5496 monstra-

2328 5524 2504 5574 verat,
2554 5509 2913 5567 sciscitaretur.
2964 5509 3077 5574 num
3123 5509 3295 5559 inferis
3336 5509 3538 5574 quoque
3590 5509 3916 5574 adventurqu

2329 5568 2597 5628 nuntiaret.
2630 5575 2683 5624 In
2725 5576 2844 5624 hanc
2863 5573 3153 5624 sententiam
3176 5568 3490 5633 convert-iuni
3501 5584 3707 5633 quoque
3728 5568 3914 5633 lliij

2330 5584 2597 5628 nuntiaret.
2630 5584 2683 5624 tn
2725 5584 2844 5624 hanc
2863 5584 3153 5624 senteuttam
3176 5584 3481 5620 conveniunt
3538 5584 3707 5633 noque
3730 5584 3914 5629 rttppoc

2330 5638 2459 5693 lvtus
2479 5638 2543 5687 de
2565 5636 2874 5693 Antichristo,
2900 5641 2951 5684 et
2970 5633 3251 5683 Nazianzen.
3281 5632 3422 5682 Orat.
3448 5584 3554 5693 lg;
3579 5632 3672 5682 sed
3706 5631 3788 5680 alii
3812 5633 3917 5689 post

2408 5703 2722 5763 rj‘soslotnutn
2752 5698 3045 5760 itnpugnant.
