4026 6186
168 269 304 328 i009

167 386 475 443 venientem
509 404 523 441 :
558 401 653 444 cur
698 385 992 454 baptizatus
1033 400 1061 440 a
1099 384 1304 442 Joanne
1331 425 1346 451 ,
1393 385 1507 456 ipse
1550 386 1743 441 audeat

170 480 484 551 baptizare;
514 490 569 537 el
597 480 762 535 multo
794 478 1024 549 amplior
1061 477 1128 532 ad
1166 494 1288 535 eum
1333 476 1484 533 turba
1513 492 1743 533 concur-

171 582 276 637 rat,
307 588 467 646 quam
499 573 644 642 prius
667 583 884 628 venerat
918 571 983 625 ad
1013 568 1294 626 Jonnnem.
1329 569 1397 625 Et
1426 585 1492 623 ne
1523 567 1746 623 forsitan

169 664 328 737 plebs
360 664 625 726 nesciens,
654 663 755 717 hoc
773 662 916 717 dicto
940 661 1198 718 Joannem
1222 661 1492 731 s'uggillari
1517 661 1746 715 arbitra-

169 768 324 811 retur
346 798 362 822 ,
398 757 447 810 in
477 756 619 812 illius
645 754 831 811 laudes
875 765 1085 823 perorat
1114 772 1128 808 :
1156 764 1211 808 et
1236 754 1403 821 etrapit
1437 751 1505 807 de
1541 751 1748 807 Joanne

166 846 233 906 ad
270 847 453 901 turbas
491 845 674 901 dicere
714 845 1125 900 circumstantes
1157 861 1173 898 :
1208 844 1345 911 Quid
1370 843 1541 907 existis
1572 842 1623 896 in
1660 842 1749 898 dc-

167 947 361 991 scrtum
400 936 613 991 videre?
649 937 948 990 arundinem
987 946 1133 989 vento
1169 935 1456 1004 agitatam?
1487 933 1592 988 Sed
1627 932 1747 1002 quid

167 1029 343 1085 existis
376 1028 426 1081 in
457 1028 779 1082 solitudinem
808 1027 1017 1082 videre?
1044 1027 1296 1080 hominem
1334 1024 1567 1080 mollibus
1596 1025 1744 1078 vesti—

166 1127 273 1169 tum
303 1115 520 1189 (Matth.
544 1100 678 1172 11:7
696 1128 739 1171 et
762 1118 825 1183 8;
848 1127 893 1171 et
911 1116 1035 1171 Luc.
1057 1119 1111 1170 7.
1130 1115 1201 1171 24
1229 1115 1425 1186 e125)?
1447 1125 1501 1171 et
1517 1116 1739 1186 reliqua.

159 1207 327 1281 853
417 1208 581 1279 Cujm
639 1206 764 1262 dicti
809 1203 894 1263 hic
940 1223 1129 1265 sensus
1166 1217 1249 1262 est
1296 1196 1325 1261 ἶ
1375 1205 1641 1276 Numquid
1683 1205 1748 1259 ad

163 1299 271 1357 hoc
301 1301 497 1357 existis
524 1301 578 1355 in
605 1317 842 1357 eremum
868 1342 884 1364 ,
916 1312 972 1355 ut
999 1301 1251 1355 videretis
1278 1301 1547 1354 hominem
1581 1301 1749 1354 instar

159 1393 451 1448 arundinis
480 1403 760 1448 ventorum
787 1393 935 1456 flatu,
967 1394 1017 1447 in
1051 1404 1228 1461 partes
1255 1392 1428 1445 varias
1460 1391 1699 1446 inclinari
1725 1390 1749 1444 ?

163 1491 221 1537 ut
249 1498 416 1552 quem
446 1494 572 1539 ante
603 1484 940 1551 laudaverat,
969 1484 1035 1539 de
1065 1499 1129 1539 eo
1162 1477 1302 1539 nunc
1329 1482 1529 1537 dubitet
1557 1500 1570 1536 :
1595 1492 1648 1539 et
1677 1480 1746 1536 de

157 1588 271 1646 quq
292 1573 445 1643 prius
474 1574 719 1631 dixerat:
748 1575 877 1629 Ecce
904 1576 1079 1647 Agnus
1112 1573 1228 1638 Dei,
1259 1591 1399 1629 nunc
1426 1575 1740 1646 interroget,

161 1671 346 1719 utrum
376 1662 497 1733 ipse
524 1680 589 1718 au
621 1666 759 1719 alius
786 1668 873 1727 sit,
904 1667 991 1736 qui
1022 1666 1104 1719 vel
1137 1667 1361 1731 venerit,
1388 1666 1469 1720 vel
1493 1675 1746 1720 venturus

158 1755 265 1810 sit?
293 1756 360 1811 Et
381 1757 508 1826 quia
537 1760 713 1813 onmis
744 1760 1050 1828 prmdicatio
1081 1759 1211 1813 falsa
1235 1768 1466 1813 sectatur
1493 1760 1661 1824 lucra,
1690 1768 1746 1812 et

156 1846 386 1919 gloriam
418 1849 613 1917 quaerit
644 1848 929 1903 humanam
951 1890 966 1915 ,
996 1859 1053 1903 ut
1078 1864 1173 1920 per
1201 1850 1424 1920 gloriam
1461 1859 1744 1903 nascantur

157 1937 486 2006 compendia
516 1955 529 1991 :
557 1940 747 1993 asserit
777 1956 897 1994 cum
937 1942 1261 1995 camelorum
1309 1939 1554 1995 vestitum
1588 1939 1740 2010 pilis,

155 2031 292 2093 nulli
338 2047 504 2102 posse
541 2032 833 2091 adulationi
879 2036 1266 2101 succumbere;
1307 2046 1362 2092 et
1400 2037 1488 2108 qui
1522 2037 1740 2092 locustis

154 2123 394 2177 vescitur
440 2138 501 2178 ac
543 2125 703 2180 melle
742 2127 976 2182 silvestri
1021 2128 1233 2197 (Matth.
1267 2131 1317 2185 5.
1350 2130 1403 2200 ι)
1432 2169 1449 2197 ,
1480 2144 1577 2183 nec
1613 2144 1743 2198 epes

74 2218 79 2225 '
152 2229 332 2283 neque
368 2216 509 2270 alias
554 2225 795 2272 terrenas
838 2212 1061 2275 delicias
1091 2237 1367 2291 qurerere,
1414 2221 1743 2293 rigidntthtte

149 2315 204 2362 et
232 2318 516 2363 austeram
542 2310 727 2376 vitam,
750 2310 901 2366 aulas
924 2313 1092 2368 vitare
1119 2312 1321 2382 palatii.
1344 2328 1475 2383 quas
1497 2320 1744 2383 quaerunt

148 2399 238 2467 qui
271 2413 517 2468 purpura
560 2409 616 2455 et
656 2400 816 2471 bysso
847 2410 901 2456 et
936 2404 1110 2458 serico
1144 2413 1197 2457 et
1227 2403 1475 2459 moltibus
1505 2403 1739 2458 vestiun-

157 2501 263 2545 tur.
309 2491 385 2563 (α)
441 2493 678 2563 Dicitque
719 2510 841 2549 cum
888 2510 991 2550 non
1032 2497 1206 2553 solum
1247 2496 1605 2567 Pmphetam,
1648 2496 1743 2566 qui

150 2584 323 2638 Solent
347 2595 580 2638 ventura
623 2586 957 2661 praedicere;
984 2587 1078 2643 sed
1110 2590 1228 2658 plus
1270 2603 1389 2644 esse
1418 2605 1572 2658 quam
1604 2589 1740 2646 I‘ro-

150 2672 366 2742 phetam
391 2691 404 2727 :
433 2675 553 2744 quia
581 2692 737 2746 quem
772 2678 846 2732 illi
878 2688 1157 2735 venturum
1188 2695 1308 2735 esse
1337 2681 1619 2748 dixerant,
1652 2682 1740 2738 hic

152 2767 367 2824 venisse
396 2769 715 2823 monstravit
733 2812 749 2838 ,
776 2769 959 2826 dicens
984 2789 998 2827 :
1024 2770 1154 2827 Ecce
1171 2773 1339 2842 Agnus
1362 2769 1583 2845 Dei,qui
1609 2772 1741 2826 toliit

156 2870 359 2930 peccata
382 2862 558 2916 mundi
582 2860 760 2933 (Joan.
789 2864 841 2919 1.
863 2861 956 2935 29)
988 2882 1002 2918 :
1024 2864 1321 2935 prmsertim
1353 2879 1473 2918 cum
1497 2862 1563 2919 ad
1591 2863 1739 2918 fasti-

155 2951 300 3020 gium
328 2952 651 3021 Pr0phetale
682 2954 934 3023 Baptista:
961 2956 1254 3011 accesserit
1284 2955 1651 3027 privilegium;
1681 2965 1738 3012 ut

157 3043 246 3112 qui
282 3043 528 3098 dixerat:
553 3042 665 3116 Ego
690 3063 722 3098 a
748 3055 795 3099 te
821 3046 974 3105 tlcbeo
1003 3047 1248 3119 baptizari
1279 3046 1487 3121 (Matth.
1517 3048 1572 3104 3.
1608 3048 1698 3120 14)
1718 3088 1733 3114 ,

154 3134 270 3202 ipse
299 3151 425 3191 eum
455 3135 805 3206 baptizavcrit
835 3155 849 3192 :
881 3154 986 3193 non
1027 3140 1442 3210 prmsnmptione
1485 3139 1739 3209 majoris,

151 3223 248 3279 sed
289 3223 596 3303 obedientia
640 3224 920 3297 discipuli,
966 3243 1031 3283 ac
1068 3228 1260 3284 timore
1298 3229 1462 3284 servi.
1497 3228 1736 3301 Cumque

151 3314 295 3371 inter
326 3326 484 3370 natos
526 3317 813 3373 mulierum
844 3358 861 3384 ,
890 3318 1093 3374 nullum
1126 3329 1332 3375 asserat
1363 3319 1570 3376 Joanne
1610 3336 1731 3376 sur-

150 3407 358 3462 rexisse
391 3407 651 3476 majorem
689 3407 903 3481 (Mauh.
932 3412 1019 3467 11.
1058 3409 1162 3481 11),
1190 3425 1270 3479 se,
1303 3413 1391 3481 qui
1417 3411 1486 3466 de
1517 3411 1733 3481 Virgine

153 3506 472 3566 procreatus
516 3508 637 3564 est,
688 3503 947 3570 majorem
993 3517 1113 3557 esse
1157 3511 1543 3558 commemorat
1576 3524 1590 3559 :
1621 3503 1733 3558 sive

152 3602 363 3645 omnem
395 3593 660 3664 Angelum
689 3593 740 3648 in
772 3594 923 3649 cmlis
952 3595 1041 3664 qui
1070 3595 1323 3650 minimus
1351 3605 1453 3661 est,
1488 3596 1541 3650 in
1574 3595 1731 3650 terris

151 3692 373 3738 cunctos
410 3682 656 3740 homines
693 3688 917 3740 anteire.
947 3685 1056 3742 Nos
1084 3688 1227 3742 enim
1258 3687 1309 3743 in
1338 3688 1574 3757 Angelos
1601 3703 1725 3758 pro-

152 3771 397 3839 Iicimus;
424 3783 483 3830 et
510 3790 615 3830 non
643 3777 831 3847 Angcli
856 3778 907 3832 in
940 3793 1038 3833 nos
1060 3794 1073 3831 :
1098 3777 1174 3847 (ὁ)
1196 3779 1335 3832 sicut
1358 3778 1571 3848 quidam
1594 3789 1731 3833 ster-

155 3863 324 3919 tentcs
363 3880 563 3936 sopore
602 3868 916 3935 gravissimo
947 3870 1232 3924 somniant.
1268 3869 1375 3925 Nec
1403 3870 1599 3925 sufﬁcit
1628 3872 1730 3926 hoc

157 3954 208 4010 in
232 3957 456 4014 Joannis
487 3957 773 4022 laudibus,
805 3959 909 4013 nisi
938 3962 1052 4029 ipse
1082 3959 1380 4030 praedicans
1406 3963 1726 4032 baptismum

150 4052 477 4117 pmnitcutia:
510 4091 527 4115 ,
578 4049 728 4118 prius
782 4050 984 4107 dixisse
1034 4050 1294 4106 referatur
1325 4069 1338 4105 :
1369 4051 1730 4107 Paenitentiam

132 4143 306 4208 'agile,
341 4141 769 4212 approm'nquarit
809 4144 940 4197 enim
978 4160 1189 4214 regnum
1226 4145 1466 4199 calorum
1506 4145 1726 4218 (Matth.

148 4231 200 4287 3.
232 4231 323 4306 Α).
360 4233 516 4290 Unde
556 4250 588 4289 a
630 4235 817 4290 diebus
857 4237 1252 4306 prmdicatimtis
1291 4239 1408 4310 ejus
1434 4280 1450 4305 ,
1503 4256 1724 4310 regnum

149 4326 399 4387 cmlorum
443 4327 552 4382 vim
595 4328 804 4396 patitur
835 4327 995 4401 (Ibid.
1040 4330 1127 4386 11.
1170 4330 1296 4402 12);
1338 4342 1395 4387 ut
1433 4332 1524 4403 qui
1564 4332 1727 4389 homo

149 4424 299 4471 natus
325 4406 425 4473 est.
454 4416 696 4489 Angelus
735 4435 857 4475 esse
897 4421 1200 4490 desideret;
1228 4432 1283 4483 et
1310 4432 1579 4479 terremuu
1608 4426 1723 4481 aui-

149 4507 249 4563 mal
272 4548 288 4572 ,
321 4511 543 4565 caeleste
583 4519 785 4579 quaerat
814 4510 1194 4567 habitaculum.
1227 4512 1335 4569 Lat:
1361 4515 1491 4570 enim
1520 4524 1565 4569 et
1594 4514 1727 4570 Pro-

153 4598 309 4666 pltettc
340 4618 498 4674 usque
536 4603 604 4658 ad
635 4601 888 4659 Joannem
926 4605 1351 4675 preplietaverunt
1391 4604 1554 4681 (Ibid.
1591 4604 1720 4682 I5):

150 4703 252 4745 nou
278 4697 417 4763 quod
433 4697 667 4752 Joannes
685 4682 1071 4768 Prophetarum
1099 4699 1168 4753 sit
1195 4698 1314 4755 ﬁnis
1342 4710 1396 4756 et
1416 4700 1597 4772 Legis,
1627 4701 1723 4756 sed

151 4778 236 4835 ille
263 4785 351 4852 qui
392 4785 615 4845 Joannis
662 4788 970 4845 testimonio
1000 4790 1317 4861 prtedicatus
1344 4802 1450 4849 est.
1481 4792 1717 4850 Joannes

147 4880 322 4928 autem
349 4878 638 4936 secundum
664 4882 978 4953 mysterium
1005 4924 1019 4950 ,
1047 4883 1188 4954 quod
1220 4883 1272 4938 in
1300 4884 1553 4942 Malacliia
1581 4887 1717 4942 scri-

214 5002 279 5087 ξιξ)
299 5007 511 5087 Addunt
549 5018 845 5087 vetustiores
889 5018 1040 5081 editi,
1078 5016 1167 5083 qui
1199 5019 1250 5087 in
1269 5018 1507 5087 ‘dontilms
1548 5030 1722 5087 Regum

297 5069 446 5144 ﬁgulo
468 5082 576 5144 post
605 5084 836 5144 monstrnt
861 5093 947 5143 pro
965 5069 1243 5144 ministram
1269 5069 1542 5144 legebatur.

209 5127 281 5205 φ)
297 5130 429 5205 ,Ηωᾳ
453 5127 707 5205 erigens
740 5127 904 5191 auena
923 5127 1597 5205 inuestigarenats.
1637 5146 1715 5195 6t.

151 5191 331 5268 ἓξὲξ-4.
370 5197 529 5268 9153.
549 5191 954 5268 wor_ttnes_nempe
998 5191 1243 5268 liottiitiuin
1265 5191 1470 5268 animus
1496 5191 1723 5268 'A'ngelos

150 5244 312 5329 {9:859
337 5262 390 5329 et
408 5244 737 5329 ιιιιῆὶιέῧὲἱςξῖ
753 5244 985 5329 ιῇὶέξὲἓο
998 5244 1259 5319 Ἑὶἱίᾌῖἰίὶ
1285 5244 1718 5329 Ῐὸἕῐέῗιιιιῖίῖῗεὲὲῖἷ

151 5316 328 5391 Ιζιξιξ
363 5316 502 5391 1031}.
529 5331 648 5373 tom.
673 5325 727 5391 5.
756 5325 821 5375 de
858 5326 963 5388 ijtso
996 5316 1313 5390 prwcursore,
1338 5342 1486 5391 quem
1527 5316 1719 5391 p'ridein

149 5371 382 5453 Angelum
413 5371 570 5435 fuisse
595 5371 1602 5453 suspicatui':';.t';.itlfalainTW”
1527 5371 1720 5450 er-oi;

148 5449 364 5516 fwﬂ
384 5455 504 5503 πάσης
524 5463 589 5505 τῆς
611 5460 759 5506 astate;
1138 5467 1233 5502 ιιιτά
1246 5449 1522 5516 ’φλαύραῶν
1558 5463 1721 5514 ζηλωτάς

146 5505 323 5591 rem
350 5517 508 5591 “re
545 5523 721 5591 res»
749 5505 936 5591 xw.
968 5505 1309 5591 animas
1344 5505 1423 5591 ea.
1554 5505 1721 5591 ξαιςατέέ
1759 5519 1764 5527 '

386 5560 437 5637 is
467 5560 522 5626 ιὶς
546 5560 1310 5637 fatem"a.s",;;.‘.;."v-nz
1346 5560 1721 5637 ὲῖίείῖάἁξῖιῐῆἰὶ

148 5580 435 5701 3'-
460 5581 522 5681 ἒῖ
544 5580 1229 5701 mammas?
1243 5580 1721 5701 ﬂammas";

145 5674 1721 5763 net1istc/evastatis";mustas'ﬁt‘satmmmtm:
1754 5710 1771 5718 -

1507 269 1833 329 EPISTULA
1873 271 2056 331 CXXI.

3302 297 3441 355 1010

1855 399 2000 461 ptum
2023 400 2105 447 est
2134 392 2284 466 (Cap.
2316 396 2366 451 ι.
2400 413 2449 453 r.
2486 397 2578 471 5),
2611 397 2732 472 Ipse
2755 411 2826 457 est
2857 401 3001 457 Elius
3025 446 3037 469 ,
3067 406 3156 478 qui
3189 418 3432 475 uenturus

1854 492 1926 536 est
1948 481 2165 572 (Matth.
2199 485 2285 541 11.
2318 487 2404 557 id)
2435 507 2447 544 :
2476 505 2581 544 non
2612 490 2750 560 quod
2782 491 2967 549 eadem
3006 496 3179 550 anima
3208 497 3287 572 (ut
3315 499 3432 555 lite-

1857 571 2009 627 retici
2040 575 2399 650 suspicantur)
2430 588 2480 633 et
2510 579 2560 633 iu
2595 580 2702 634 Elia
2733 592 2785 636 et
2816 583 2866 635 iu
2894 581 3097 639 Joanne
3125 571 3283 642 fuerit
3303 607 3317 642 :
3337 591 3434 647 sed

1856 668 1998 738 quod
2024 667 2270 726 eamdem
2302 671 2544 729 habuerit
2611 674 2779 748 854
2849 677 3030 733 Sancti
3059 680 3285 751 Spiritus
3306 699 3434 752 gra-

1858 760 2005 827 tiam,
2037 777 2174 817 zona
2198 763 2404 820 cinctus
2427 775 2483 819 ut
2507 767 2670 833 Elias,
2696 769 2881 823 vivens
2899 770 2950 823 in
2969 785 3152 826 eremo
3176 782 3232 827 ut
3253 772 3430 830 Elias:

1856 853 2283 925 persecutionem
2316 871 2503 926 passus
2527 858 2595 913 ab
2620 858 2943 925 Herodiade,
2976 870 3034 917 ut
3063 863 3155 918 ille
3181 865 3434 921 sustinuit

1855 944 1925 998 ab
1949 942 2161 1000 Jezabel
2182 963 2196 999 :
2220 957 2281 1002 ut
2302 950 2570 1017 quomodo
2591 951 2733 1008 Elias
2755 953 2973 1008 secundi
3007 970 3306 1024 praecursor
3332 957 3431 1012 ad-

1857 1047 2049 1090 ventus
2079 1046 2180 1100 est,
2209 1039 2276 1093 ita
2304 1039 2539 1096 Joannes
2565 1054 2849 1097 venturum
2876 1045 2924 1097 in
2956 1059 3117 1102 carne
3148 1046 3443 1102 Dominum

1855 1131 2208 1201 Salvatorem,
2234 1150 2337 1190 non
2363 1136 2535 1191 solum
2565 1138 2614 1191 iu
2641 1154 2845 1203 eremo,
2869 1140 2961 1195 sed
2987 1142 3146 1195 etiam
3171 1142 3221 1196 in
3245 1144 3434 1198 matris

1857 1233 2009 1279 utero
2038 1223 2303 1290 salutarit,
2331 1236 2382 1281 et
2408 1227 2739 1285 exultatione
2763 1233 3005 1303 corporis
3032 1233 3311 1287 nuntiarit.

1925 1334 2085 1391 CAP.
2113 1335 2175 1392 lI.
2198 1339 2419 1404 —Quid
2446 1341 2709 1412 signiticet
2748 1343 2888 1412 quod
2916 1344 2967 1399 iu
2998 1344 3246 1400 Matthreo
3289 1348 3428 1401 scri-

1856 1435 2003 1495 ptum
2043 1438 2124 1483 est
2155 1448 2168 1482 :
2204 1449 2223 1482 ι
2257 1432 2582 1487 Arundiuem
2624 1446 2926 1502 quassatam
2971 1452 3076 1493 non
3106 1438 3425 1508 cordringet,

1852 1529 1908 1575 et
1937 1519 2100 1575 linum
2135 1519 2398 1592 fumigans
2443 1538 2548 1577 non
2591 1526 2865 1595 extinguet
2898 1545 2919 1578 ι
2946 1526 3156 1598 (Manli.
3192 1527 3279 1583 12.
3309 1528 3426 1602 20).

1851 1609 1933 1669 Ad
1969 1610 2122 1680 cujus
2168 1613 2557 1681 expositionem
2596 1614 2721 1682 loci,
2766 1625 2933 1671 totum
2978 1619 3118 1687 quod
3153 1619 3427 1675 Matutinus

1850 1702 1919 1758 de
1960 1703 2094 1761 Isaia
2141 1704 2406 1772 Propheta
2454 1707 2679 1763 assumit
2719 1709 3078 1762 testimonium
3123 1710 3429 1778 ponendum

1850 1805 1952 1861 est,
1995 1806 2049 1851 et
2090 1796 2256 1864 ipsius
2288 1797 2447 1855 verba
2493 1799 2641 1852 Isaiae
2672 1798 2822 1869 (Isai.
2856 1801 2968 1869 42).
3010 1801 3163 1871 juxta
3186 1801 3426 1877 Septua-

1848 1887 1993 1955 ginta
2037 1887 2374 1957 interpretes,
2409 1888 2693 1958 ipsumque
2736 1889 3079 1955 Hebraicum,
3130 1892 3215 1946 cui
3245 1892 3425 1949 Theo-

1848 1975 2019 2043 dotio,
2045 1978 2257 2048 Aquila,
2300 1978 2759 2051 Symmachusque
2787 1982 3150 2038 consentiunt.
3179 1982 3268 2037 Sic
3297 1998 3425 2054 ergo

1848 2068 1916 2124 de
1968 2081 2198 2140 quatuor
2251 2071 2635 2142 Evangelistis,
2693 2072 2839 2129 solus
2883 2074 3165 2135 Hatthams
3207 2079 3422 2147 posuit:

1854 2180 1874 2215 ι
1906 2160 2062 2217 Jesus
2083 2174 2261 2218 autem
2292 2166 2491 2228 sciens,
2524 2168 2750 2221 secessit
2790 2168 2912 2223 inde
2946 2187 2958 2221 :
2989 2179 3042 2223 et
3084 2170 3257 2227 secuti
3301 2181 3425 2227 sunt

1848 2267 1971 2308 eum
2000 2254 2175 2320 multi,
2206 2263 2263 2309 et
2305 2256 2510 2310 curavit
2552 2271 2647 2311 eos
2693 2272 2883 2313 omnes
2917 2277 2931 2311 :
2961 2270 3013 2313 et
3046 2260 3296 2329 prwcepit
3321 2261 3423 2327 eis,

1849 2358 1918 2398 ne
1956 2344 2295 2399 manifestum
2330 2361 2452 2401 eum
2498 2345 2781 2413 facerent;
2834 2356 2895 2402 ut
2933 2348 3246 2419 impleretur
3280 2352 3423 2421 quod

1847 2435 2045 2491 dictum
2091 2445 2176 2492 est
2216 2452 2311 2506 per
2352 2437 2538 2493 Isaiam
2585 2439 2905 2510 Prophetam
2947 2441 3098 2512 (Cap.
3143 2441 3232 2497 42.
3279 2460 3329 2499 υ.
3368 2445 3423 2501 ί.

1846 2537 1893 2581 et
1940 2526 2124 2601 seqq),
2172 2529 2479 2585 dicentem:
2513 2530 2651 2587 Ecce
2682 2548 2818 2602 puer
2862 2547 3013 2588 meus
3042 2548 3204 2604 quem
3247 2534 3422 2606 elegi:

1847 2619 2075 2676 dilectus
2100 2636 2273 2689 meus,
2298 2624 2350 2676 in
2381 2641 2485 2693 quo
2516 2624 2653 2680 bene
2689 2626 3015 2696 complacuit
3041 2629 3232 2685 animae
3263 2642 3418 2684 metu.

1847 2710 2050 2766 Ponant
2082 2713 2326 2781 spiritum
2360 2730 2541 2770 meum
2567 2731 2730 2786 super
2750 2733 2894 2784 cum,
2917 2727 2972 2774 et
2998 2719 3260 2788 judicium
3288 2735 3422 2791 gen-

1847 2802 1988 2859 tibus
2017 2803 2300 2859 nuutiabit.
2332 2804 2449 2860 Non
2481 2808 2792 2871 contendet,
2817 2824 2990 2878 neque
3018 2809 3289 2875 clamabit,
3328 2827 3422 2867 nc-

1842 2908 1949 2965 que
1978 2895 2157 2950 audiet
2190 2895 2468 2967 quisquam
2498 2900 2549 2951 iu
2592 2898 2783 2967 plateis
2811 2914 2994 2955 vocem
3023 2899 3161 2969 ejus.
3194 2900 3422 2957 Arundi-

1845 3000 1969 3041 nem
2012 2997 2316 3057 quassatam
2351 3004 2454 3041 non
2491 2987 2813 3059 cettfrittgct,
2861 3000 2915 3045 et
2957 2991 3122 3047 linum
3156 2989 3421 3060 fumigaus

1847 3091 1951 3132 non
1981 3077 2278 3147 extinguet,
2303 3077 2477 3133 donec
2521 3080 2697 3149 ejiciat
2723 3080 2791 3137 ad
2819 3082 3090 3139 victoriam
3112 3082 3377 3151 judicium
3401 3101 3416 3138 :

1841 3177 1897 3225 et
1939 3169 1992 3223 in
2038 3169 2257 3226 nomine
2304 3169 2423 3239 ejus
2469 3181 2657 3241 gentes
2698 3173 2993 3242 sperabunt
3025 3192 3042 3225 ι
3077 3173 3270 3246 (Μοιιὴ
3333 3174 3425 3230 η..

1843 3260 1932 3315 15.
1963 3270 2010 3315 et
2037 3260 2221 3332 καφ).
2250 3261 2357 3317 Ρι·ο
2385 3278 2491 3333 quo
2537 3262 2588 3319 in
2619 3265 2750 3323 Isaia
2776 3266 2925 3336 juxta
2957 3266 3304 3337 Septuaginta
3344 3266 3421 3329 ln-

1844 3361 2109 3424 terpretes
2154 3353 2235 3411 sic
2286 3355 2551 3425 scriptum
2603 3366 2687 3412 est
2718 3374 2733 3412 :
2766 3375 2786 3411 ι
2819 3356 2987 3415 Jacob
3038 3373 3171 3428 puer
3229 3372 3417 3421 meus,

1843 3448 2131 3519 suscipiam
2174 3462 2319 3515 eum.
2360 3447 2524 3507 Israel
2562 3448 2767 3506 electus
2810 3464 2985 3514 meus,
3023 3450 3260 3520 suscepit
3295 3463 3420 3507 eum

1840 3539 2021 3593 anima
2047 3553 2186 3593 mea.
2217 3539 2345 3594 Dedi
2391 3541 2636 3609 spiritum
2678 3554 2854 3596 meum
2899 3555 3060 3611 super
3091 3556 3243 3606 eum,
3273 3541 3419 3611 judi-

1838 3633 1982 3689 cium
2027 3633 2277 3704 gentibus
2326 3634 2578 3703 proferet.
2624 3633 2741 3689 Non
2785 3633 3070 3699 clamabit,
3119 3650 3296 3706 neque
3337 3634 3420 3690 di-

1839 3725 2053 3788 mittet,
2100 3739 2201 3780 nec
2254 3726 2503 3780 audietur
2558 3724 2691 3780 foris
2739 3741 2838 3780 vos
2888 3726 3025 3794 ejus.
3083 3726 3415 3782 Arundiueui

1837 3814 2161 3870 contractam
2218 3830 2325 3870 non
2378 3823 2641 3879 conteret,
2685 3823 2741 3868 et
2786 3815 2950 3867 linum
3004 3813 3266 3883 futnigans
3310 3831 3417 3870 nt-n

1838 3907 2156 3977 extinguet:
2184 3906 2280 3962 sed
2308 3906 2359 3959 in
2387 3906 2614 3961 veritate
2645 3904 2884 3974 proferet
2906 3902 3188 3973 judicium.
3225 3903 3419 3974 Splen-

1838 3998 2006 4057 debit.
2033 4007 2090 4051 et
2117 4013 2222 4051 non
2251 3996 2614 4065 quassabitur,
2641 3995 2817 4049 donec
2847 4004 3007 4064 ponat
3029 4009 3190 4063 super
3219 4003 3415 4050 terram

1832 4088 2092 4158 judicium
2124 4106 2140 4142 :
2172 4097 2226 4142 et
2247 4088 2298 4141 in
2324 4088 2539 4142 nomine
2565 4087 2683 4155 ejus
2704 4097 2888 4158 gentes
2913 4086 3222 4156 Sperahunt.
3256 4105 3277 4141 ι
3310 4086 3416 4142 Nos

1836 4189 2013 4235 autem
2043 4195 2109 4234 ex
2138 4178 2362 4232 Hebraeo
2388 4180 2459 4232 ita
2489 4178 2769 4243 vertimus,
2801 4196 2820 4230 ι
2854 4179 2991 4234 Ecce
3012 4166 3155 4247 puer
3186 4174 3279 4251 [ab
3303 4194 3414 4232 ιιι·-

1836 4268 1950 4342 rus]
1979 4285 2149 4336 meus,
2174 4269 2462 4338 suscipiam
2487 4285 2638 4335 eum;
2669 4269 2871 4324 electus
2893 4284 3063 4335 meus,
3090 4268 3417 4341 complacuit

1834 4361 1936 4417 sibi
1969 4362 2021 4416 in
2070 4361 2160 4415 illo
2204 4361 2380 4415 anima
2414 4376 2552 4417 mea.
2588 4362 2714 4416 Dedi
2758 4363 3005 4432 spiritum
3048 4379 3223 4419 meum
3252 4378 3417 4433 super

1835 4468 1957 4508 eum
1988 4469 2003 4508 :
2029 4452 2287 4522 judicium
2312 4454 2564 4523 gentibus
2591 4453 2847 4525 proferet.
2879 4454 2996 4510 Non
3024 4455 3293 4521 clamabit,
3321 4470 3416 4512 ne-

1832 4561 1937 4617 que
1989 4546 2214 4616 accipiet
2263 4561 2570 4617 personam,
2615 4563 2788 4620 neque
2838 4549 3085 4605 audietur
3137 4547 3269 4604 foris
3308 4563 3413 4603 vox

1833 4638 1970 4709 ejus.
2021 4633 2299 4696 Calamuni
2341 4650 2650 4711 quassatum
2694 4659 2798 4697 non
2842 4650 3104 4705 conteret,
3151 4649 3207 4696 et
3241 4640 3409 4695 linum

1832 4730 2100 4803 fumigaus
2126 4748 2229 4786 non
2261 4734 2556 4804 extinguet.
2587 4733 2643 4788 lu
2667 4734 2891 4789 veritate
2915 4732 3106 4788 educet
3124 4724 3409 4803 judicium.

1831 4820 1944 4877 Non
1989 4823 2093 4878 erit
2134 4824 2302 4878 tristis
2345 4840 2519 4893 neque
2564 4823 2922 4889 turbulentus,
2949 4822 3122 4879 donec
3151 4830 3315 4892 ponat
3354 4823 3409 4877 in

1831 4922 1972 4969 terra
1995 4913 2253 4985 judicium
2285 4925 2380 4970 :et
2408 4915 2579 4984 legem
2608 4914 2725 4983 ejus
2751 4916 2938 4969 insula:
2967 4914 3344 4984 expectabunt.
3383 4933 3403 4966 ι

1832 5005 1913 5061 Ex
1959 5021 2069 5077 quo
2110 5015 2331 5076 apparet
2400 5007 2564 5081 855
2637 5005 2943 5060 Mattbaeum
2991 5006 3405 5076 Evangelistam,

1832 5114 1938 5152 non
1965 5099 2165 5153 veteris
2190 5099 2652 5164 interpretationis
2679 5098 2994 5154 auctoritate
3032 5100 3405 5166 constrictum,

1831 5190 2101 5244 dimisisse
2129 5188 2444 5243 llebraicam
2471 5189 2762 5244 Veritatem
2793 5207 2807 5244 :
2831 5189 2925 5246 sed
2951 5192 3100 5261 quasi
3122 5190 3404 5247 Hebraeum

1831 5295 1896 5335 ex
1925 5278 2186 5342 Hebraeis,
2213 5287 2269 5334 et
2298 5278 2351 5333 in
2379 5278 2521 5349 Lege
2551 5279 2757 5333 Domini
2788 5280 3155 5336 doctissimum
3181 5295 3242 5336 ea
3279 5296 3408 5352 gen-

1832 5369 1975 5424 tibus
2003 5369 2310 5439 promlisse,
2340 5384 2458 5439 qua:
2487 5368 2539 5422 in
2573 5369 2799 5424 Ilebrtco
2827 5370 3045 5441 legerat.
3075 5371 3131 5427 Si
3159 5371 3306 5427 enin:
3329 5374 3408 5427 sic

1834 5461 2202 5530 accipiendum
2250 5473 2353 5529 εει,
2400 5472 2455 5516 ιιι
2484 5461 2830 5534 Septuaginta
2872 5463 3195 5534 lnterprctes
3234 5466 3411 5521 edide-

1832 5562 1959 5608 runt
1988 5569 2002 5606 :
2031 5552 2195 5606 Jucob
2218 5570 2341 5624 puer
2366 5570 2527 5616 meus,
2554 5554 2829 5623 suscipiant
2853 5571 2967 5610 cum
2994 5571 3014 5611 :
3033 5554 3202 5613 Israel
3221 5558 3409 5614 electus

1832 5658 1993 5712 meus,
2026 5643 2242 5715 suscepit
2280 5660 2389 5703 eum
2415 5645 2587 5699 anima
2631 5661 2763 5715 mea,
2790 5646 3058 5718 quomodo
3095 5649 3146 5705 in
3175 5648 3298 5707 Jesu
3327 5651 3412 5705 in-
