4026 6186
643 293 775 350 1011

644 411 926 482 tclligimus
954 425 1070 466 esse
1099 407 1442 477 completum,
1475 404 1616 475 quod
1643 404 1710 467 de
1737 402 1818 474 (α)
1848 402 2041 471 Jacob,
2066 413 2122 458 et
2151 401 2218 458 de

644 504 808 558 Israel
853 501 1107 570 scriptum
1151 500 1278 554 est?
1313 497 1465 566 Quod
1515 503 1726 552 beatum
1758 495 2066 552 Mattlizeum
2110 511 2217 550 non

643 595 813 647 solum
842 592 894 645 in
939 591 1038 644 hoc
1066 589 1391 656 testimonio,
1437 588 1530 644 sed
1575 589 1734 644 etiam
1766 587 1818 642 in
1850 585 1956 642 alio
1987 586 2107 642 loco
2137 585 2218 641 fe-

642 673 779 735 cisse
827 679 1051 749 legimus
1103 697 1116 732 :
1167 678 1247 734 Ea:
1308 678 1539 750 zEgypto
1594 680 1765 734 vocavi
1829 679 1992 748 ﬁlium
2054 692 2219 730 meum

641 768 798 839 (Osee
832 771 913 826 11.
946 769 1003 842 2)
1054 788 1066 824 :
1107 787 1201 841 pro
1237 787 1343 842 quo
1391 773 1734 842 Septuaginta
1783 771 2169 826 transtulerunt
2201 785 2216 824 :

641 860 726 914 Ex
751 859 982 932 Egyplo
1025 863 1196 916 vocavi
1221 863 1355 932 ﬁlios
1396 865 1527 930 ejus.
1567 862 1719 930 Quod
1749 863 1952 932 utique,
1996 860 2097 915 nisi
2144 874 2222 924 se-

640 967 869 1022 quamur
909 953 1222 1009 llebraicam
1253 953 1563 1016 Veritatem,
1614 953 1678 1006 ad
1709 953 1990 1007 Dominum
2036 951 2223 1006 Salva-

644 1058 814 1102 torem
840 1060 943 1102 non
967 1047 1255 1117 pertinere,
1285 1047 1621 1100 manifestum
1642 1056 1744 1100 est.
1768 1045 2020 1114 Sequitur
2041 1044 2216 1110 enim:

643 1136 757 1208 Ipsi
792 1149 959 1191 autem
1001 1139 1328 1192 inunolabant
1355 1137 1574 1198 Baetim.
1622 1135 1770 1204 Quod
1802 1144 1978 1189 autem
2023 1134 2090 1189 de
2136 1149 2222 1188 as-

647 1239 861 1299 sumpto
893 1230 1198 1285 testimonio
1224 1229 1274 1282 in
1309 1227 1597 1297 Evangelio
1629 1227 1801 1280 minus
1826 1235 1909 1280 est
1939 1245 1952 1280 ε
1985 1225 2220 1292 splende-

647 1320 737 1382 bit,
767 1329 813 1372 et
843 1335 944 1374 non
972 1319 1307 1390 quassabitur,
1331 1319 1490 1371 donec
1513 1327 1667 1388 ponat
1693 1333 1844 1386 super
1870 1326 2055 1369 terram
2068 1313 2218 1385 judi.

641 1410 798 1474 cium,
835 1409 1046 1465 videtur
1074 1409 1203 1464 mibi
1232 1409 1496 1466 accidisse
1527 1409 1681 1478 primi
1710 1407 1989 1478 scriptoris
2013 1420 2219 1472 errore,

642 1501 732 1570 qui
773 1501 956 1572 legens
993 1504 1323 1572 superiorem
1367 1501 1688 1556 sententiam
1725 1501 1783 1554 in
1824 1499 1989 1555 verbo
2025 1497 2219 1566 judicii

645 1607 766 1648 esse
811 1592 1036 1658 ﬂnitam,
1080 1594 1285 1664 putavit
1329 1593 1596 1648 inferioris
1648 1595 1928 1648 sententia:
1978 1592 2220 1648 ultimum

643 1683 867 1737 verbum
915 1699 1031 1736 esse
1051 1683 1354 1752 judicium:
1383 1692 1436 1736 et
1471 1698 1636 1750 pauca
1685 1683 1842 1736 verba
1874 1698 1990 1752 quae
2028 1683 2086 1737 iu
2113 1695 2224 1736 me-

645 1777 756 1842 dio,
805 1776 907 1831 hoc
945 1785 1047 1840 est,
1101 1775 1240 1830 inter
1269 1775 1546 1846 judicium,
1602 1784 1658 1829 et.
1685 1775 1944 1842 judicium
1991 1775 2220 1840 fuerant,

648 1866 1006 1932 prmtermisit.
1049 1866 1388 1936 Rursumque
1431 1865 1573 1935 quod
1618 1865 1758 1935 apud
1803 1865 2056 1921 llebrmos
2098 1865 2221 1936 legio

648 1969 733 2012 tur
760 1975 774 2013 :
806 1955 874 2010 Et
897 1959 952 2011 in
981 1957 1089 2028 lege
1118 1958 1230 2028 ejus
1255 1956 1526 2026 sperabunt
1562 1957 1763 2021 iusulre,
1789 1956 2069 2011 Matthmus
2094 1970 2220 2010 sen-

645 2063 763 2104 sum
806 2048 981 2118 potius
1024 2039 1181 2118 quam
1214 2047 1371 2102 verba
1419 2048 1797 2116 interpretans,
1845 2061 1942 2116 pro
1989 2047 2124 2116 lege,
2169 2055 2224 2100 et

645 2138 855 2206 insulis,
884 2153 1078 2193 nomen
1109 2137 1303 2207 posuit,
1351 2144 1408 2192 et
1442 2147 1647 2207 gentes.
1683 2136 1750 2190 Et
1779 2135 1879 2191 hoc
1915 2151 2018 2194 non
2047 2137 2221 2190 solum

645 2229 698 2283 in
727 2228 980 2300 pra-senti
1019 2227 1159 2292 loco,
1207 2227 1302 2282 sed
1353 2226 1672 2295 ubicumque
1715 2225 1784 2282 de
1820 2227 1984 2280 veteri
2017 2227 2220 2280 Instru-

647 2330 828 2374 mento
847 2318 1193 2388 Evangelistm
1210 2327 1262 2373 et
1289 2318 1524 2386 Apostoli
1545 2317 1844 2372 testimonia
1868 2317 2217 2386 protulerunt,

645 2410 951 2479 diligentius
995 2408 1386 2462 observandum
1416 2419 1538 2463 est:
1572 2424 1676 2462 non
1714 2423 1808 2464 eos
1852 2409 2010 2464 verba
2065 2424 2222 2464 secu-

647 2512 730 2556 tos
755 2515 895 2566 esse,
919 2500 1011 2554 sed
1037 2516 1252 2555 sensum
1280 2508 1372 2554 :et
1397 2499 1492 2555 ubi.
1507 2500 1850 2570 Septuaginta
1874 2500 1947 2554 ab
1963 2500 2224 2556 llebraico

645 2592 968 2662 discrepant,
1011 2591 1289 2649 llebra-um
1336 2606 1550 2646 sensum
1594 2593 1704 2645 suis
1739 2593 2067 2660 expressisse.
2109 2608 2224 2647 scr-

645 2683 912 2738 monibus.
935 2683 1072 2738 Puer
1102 2682 1256 2752 igitur
1275 2682 1370 2736 Dei
1383 2682 1760 2752 omnipotentis
1776 2682 1922 2752 juxta
1947 2683 2221 2752 dispensa-

645 2777 843 2832 tionem
871 2776 1050 2831 carnis
1073 2785 1378 2846 assumptus,
1410 2792 1510 2845 qna
1544 2775 1635 2848 [aL
1669 2775 1807 2848 quw]
1835 2776 1899 2830 ad
1927 2792 2025 2830 nos
2055 2779 2219 2830 mitti-

644 2881 751 2936 tur,
778 2869 1019 2925 Salvator
1041 2878 1123 2922 est
1146 2868 1462 2938 appellatus.
1495 2868 1575 2922 Ad
1600 2884 1756 2937 qutmi
1797 2879 1850 2922 et
1881 2870 1932 2922 in
1971 2869 2076 2924 alio
2107 2871 2221 2925 loco

643 2962 772 3015 dicit
795 2961 950 3016 Pater
975 2976 988 3018 :
1020 2959 1266 3031 Magnum
1294 2960 1383 3014 tibi
1409 2970 1480 3014 est
1507 2961 1673 3013 vocari
1703 2977 1916 3029 puerum
1947 2978 2133 3025 meum,
2166 2973 2220 3016 ut

643 3069 915 3123 congreges
940 3052 1098 3107 tribus
1122 3051 1284 3106 Jacob
1315 3051 1466 3116 (hui.
1499 3052 1586 3106 49.
1611 3051 1688 3124 5).
1726 3053 1848 3108 llzec
1873 3049 1964 3125 [ιιι.
1999 3053 2124 3126 llic]
2139 3064 2221 3109 est

642 3147 796 3200 vinea
827 3145 1004 3208 S'orec,
1037 3162 1154 3214 qua:
1186 3146 1587 3214 interpretatur,
1628 3146 1803 3199 electa.
1837 3147 1932 3202 llic
1974 3156 2056 3200 est
2081 3148 2219 3203 illius

641 3239 1060 3304 amantissimus,
1092 3238 1271 3308 inquo
1297 3238 1399 3293 sibi
1419 3237 1736 3308 complacuit
1764 3239 1938 3293 anima
1973 3240 2218 3294 Dciznon

640 3328 783 3397 quod
840 3329 986 3384 Deus
1027 3329 1261 3383 animam
1308 3328 1544 3395 habeat;
1595 3329 1690 3383 sed
1741 3331 1883 3399 quod
1942 3331 1992 3384 in
2042 3332 2218 3386 anima

639 3419 815 3472 cumis
844 3418 941 3473 Dei
977 3429 1302 3472 monstretur
1325 3417 1564 3474 allectus.
1637 3421 1802 3493 856
1874 3421 1938 3475 Et
1971 3437 2074 3476 non
2115 3423 2218 3477 mi-

641 3525 782 3573 rum,
815 3509 856 3562 si
885 3508 938 3562 in
969 3509 1078 3564 Deo
1107 3509 1281 3562 anima
1313 3509 1637 3574 nominetur,
1682 3526 1802 3563 cum
1845 3511 2091 3567 universa
2122 3513 2217 3567 liu-

643 3600 788 3654 mani
826 3599 1064 3668 corporis
1095 3600 1354 3664 membra,
1387 3599 1678 3654 secundum
1703 3601 1846 3668 leges
1883 3603 2213 3673 tropologim,

641 3700 698 3745 et
747 3690 985 3745 diversas
1034 3689 1444 3761 intelligendas,
1503 3689 1702 3746 habere
1755 3692 1981 3747 dicatur.
2036 3694 2216 3750 Posuit

638 3797 851 3853 quoque
879 3782 1123 3852 Spiritum
1151 3797 1306 3836 suum
1336 3796 1498 3851 super
1518 3798 1644 3838 eum
1671 3799 1684 3836 :
1710 3781 1963 3853 Spiritum
1991 3784 2212 3854 Sapien-

638 3875 742 3940 tia,
784 3885 831 3928 et
871 3874 1233 3946 intelligentiae,
1265 3875 1500 3944 spiritum
1541 3875 1759 3942 consilii,
1800 3886 1844 3930 et
1869 3878 2204 3948 fortitudinis,

636 3968 875 4036 spiritum
923 3968 1219 4038 sapientiai.
1276 3978 1322 4021 et
1384 3968 1619 4036 pietatis,
1668 3978 1715 4022 et
1760 3969 1952 4023 timoris
2005 3969 2208 4024 Domini

641 4056 794 4128 (Isai.
825 4057 913 4125 11)
939 4075 952 4110 :
983 4057 1078 4127 qui
1120 4058 1170 4110 in
1216 4058 1393 4126 Specie
1434 4059 1698 4114 columine
1729 4057 2008 4114 descendit
2053 4075 2214 4130 super

635 4163 791 4204 eum:
825 4147 891 4203 de
919 4163 1027 4216 quo
1069 4157 1123 4202 et
1148 4147 1378 4204 Joannes
1425 4149 1657 4220 Baptista
1697 4166 1728 4204 a
1778 4151 1886 4206 Deo
1917 4153 2081 4207 Patre
2111 4170 2214 4207 au-

635 4240 780 4294 disse
823 4253 881 4293 se
919 4250 1096 4294 narrat
1125 4258 1137 4292 :
1171 4240 1341 4308 Super
1377 4259 1522 4312 quem
1553 4243 1734 4298 videris
1778 4244 2028 4314 Spiritum
2070 4247 2210 4300 San-

636 4341 772 4383 ctum
801 4329 1202 4395 descendentem,
1251 4342 1294 4384 et
1326 4345 1607 4388 manentem
1646 4352 1796 4404 super
1838 4352 1972 4398 eum,
2003 4337 2112 4403 ipse
2141 4346 2211 4391 est

637 4420 825 4492 (Joan.
845 4421 897 4476 1.
916 4422 1026 4490 55).
1056 4423 1119 4475 Et
1142 4422 1403 4476 Judicium
1429 4427 1665 4495 gentibus
1685 4427 1934 4480 nuntiubit
1953 4443 1972 4490 ;
1993 4427 2058 4480 de
2083 4443 2208 4497 quo,

634 4523 688 4568 et
730 4513 782 4567 in
812 4513 1034 4567 Psalmis
1069 4531 1087 4568 :-
1111 4513 1248 4567 Deus
1263 4515 1520 4584 judicium
1541 4524 1686 4567 tuum
1716 4517 1822 4585 regi
1861 4518 1949 4579 cla,
1981 4529 2024 4570 ct
2043 4519 2209 4588 justi-

635 4607 759 4660 tiam
793 4615 930 4659 tuam
951 4606 1063 4674 ﬁlio.
1088 4606 1218 4676 regis
1248 4605 1418 4672 (Psul.
1452 4606 1538 4660 71.
1574 4607 1652 4672 1).
1683 4605 1781 4672 Qui
1813 4616 1866 4660 et
1893 4608 2005 4676 ipse
2033 4609 2208 4678 loqui-

633 4710 721 4755 tur
746 4700 800 4756 in
832 4700 1118 4770 Evangciio
1145 4715 1159 4753 :
1188 4696 1307 4752 Non
1337 4699 1468 4751 enim
1492 4696 1648 4751 Pater
1657 4699 1859 4767 jndicat
1883 4716 2204 4769 queinquam,

632 4793 723 4846 sed
766 4807 914 4844 omne
955 4791 1211 4862 judicium
1257 4790 1392 4842 dedit
1445 4787 1580 4842 Filio
1627 4787 1804 4859 (Joan.
1837 4790 1888 4844 5.
1919 4789 2034 4861 22).
2087 4791 2208 4846 Non

631 4881 897 4938 contendet
922 4896 942 4936 :
970 4882 1106 4935 sicut
1130 4895 1296 4949 agnus
1325 4880 1514 4934 ductus
1553 4889 1635 4934 est
1661 4879 1726 4934 ad
1762 4881 2026 4934 victimam
2055 4899 2068 4936 :
2099 4899 2204 4938 non

631 4973 917 5029 contendet
950 4973 1004 5027 in
1033 4972 1381 5027 subversionc
1411 4971 1758 5032 audientium.
1802 4971 1979 5042 Neque
2008 4973 2203 5031 clama-

633 5068 720 5130 bit,
750 5066 900 5135 juxta
931 5063 1058 5118 illud
1081 5061 1222 5132 quod
1253 5062 1758 5131 PaulusApostolus
1774 5065 1996 5126 scribit:
2027 5062 2206 5122 Omnis

695 5343 758 5409 (ιι)
809 5343 1086 5409 ﬂecoleuda
1121 5350 1265 5409 sunt,
1311 5343 1610 5409 qutebabet
1651 5345 1697 5392 in
1742 5344 2200 5409 flon‘unenuiriisin

628 5405 814 5466 lsaia'm.
840 5405 1007 5468 Jucob,
1030 5406 1205 5468 inquit,
1230 5413 1275 5468 et
1297 5405 1442 5454 Israel
1465 5405 1512 5454 in
1531 5405 1753 5468 prtesenti
1776 5405 1985 5468 capitulo
2001 5419 2092 5455 non
2117 5407 2202 5456 Ita-

623 5469 812 5535 beutnr,
840 5467 967 5535 quod
990 5480 1077 5535 n'c
1098 5466 1359 5535 Matt/treus
1382 5466 1676 5535 evangelista
1702 5466 1874 5535 posuit,
1899 5475 2087 5516 secutus
2107 5476 2201 5516 lte-

621 5528 836 5596 brqicain
853 5527 1126 5596 ueritatem.
1166 5537 1262 5596 Hoc
1293 5527 1579 5596 dicimus'in
1610 5527 1960 5596 sugillationem
1996 5541 2163 5581 eorum.
2183 5565 2195 5587 ,

620 5587 887 5651 quiritium
907 5595 1224 5651 communicat.
1251 5597 1316 5639 De
1332 5602 1424 5651 quo
1448 5589 1633 5651 plenius
1655 5587 1705 5637 in
1724 5588 1935 5637 Matt/uri
1957 5599 2198 5638 Commen-

620 5647 828 5760 tigridis2
856 5654 902 5696 et
931 5645 1140 5755 inqlibro
1172 5662 1311 5718 quem
1340 5645 1404 5699 itd
1439 5645 1676 5711 .Itlgasiam
1707 5661 1858 5712 nuper
1897 5651 2194 5713 scripsimus,

655 5722 758 5760 mm
787 5723 810 5755 ,ι
834 5720 912 5754 um
939 5719 988 5755 es
1013 5743 1024 5755 .

642 5716 912 5764 liwutttnm
939 5716 1024 5755 est.

1929 286 2169 344 SANCTI
2209 285 2591 344 lllEl‘tONthl

3793 297 3942 353 1052

2327 400 2543 470 clamor,
2560 411 2605 454 et
2622 402 2718 466 ira,
2738 409 2784 454 et
2804 402 3088 461 amaritudo
3111 407 3379 474 auferatur
3396 422 3429 459 a
3452 406 3590 462 vobis
3610 405 3851 478 (Epltes.
3877 415 3931 468 ti.

2327 493 2438 560 El).
2476 491 2590 547 Non
2636 493 2886 547 clamabit
2917 511 2928 546 :
2959 495 3080 564 quia
3115 495 3276 551 Israel
3320 512 3426 552 non
3474 498 3604 554 fecit
3627 501 3931 569 judicium,

2325 584 2417 637 scil
2449 583 2758 638 clamorem.
2792 582 2966 652 Neque
2993 585 3160 639 audiet
3185 587 3447 656 quisquam
3472 588 3525 642 in
3561 590 3778 660 plateis,
3823 594 3935 646 sire

2327 675 2473 744 foris,
2501 691 2668 728 vocem
2696 675 2825 745 ejus.
2854 675 3029 730 Omnis
3053 679 3186 731 enim
3217 677 3382 748 gloria
3411 681 3538 749 ﬁlia:
3567 683 3706 751 regis
3747 686 3816 738 ab
3843 686 3931 738 in-

2328 775 2408 818 tus
2431 765 2598 836 (Psol.
2625 766 2712 820 Μ.
2749 766 2835 836 11)
2872 785 2885 820 :
2913 766 3002 830 Et,
3033 769 3204 830 Arcto,
3244 778 3290 822 et
3310 781 3530 839 angusta
3558 773 3642 825 uia
3681 785 3785 839 est,
3813 793 3931 845 qua:

2326 855 2466 909 ducit
2494 859 2562 910 ad
2598 858 2749 924 vitam
2781 858 2992 928 (Matth.
3039 860 3090 913 7.
3133 862 3243 931 14).
3291 861 3440 919 Unde
3487 865 3540 918 in
3581 867 3783 936 plateis
3822 886 3926 927 vox

2327 944 2469 1000 illius
2499 963 2609 1011 non,
2633 948 2867 1014 auditur,
2902 950 2952 1002 in
2984 950 3176 1020 quibus
3207 953 3542 1010 conﬁdenter
3567 959 3680 1027 agit
3699 962 3927 1030 sapien-

2326 1039 2420 1102 tia,
2470 1039 2628 1102 latam
2676 1041 3070 1112 spatiosamque
3105 1043 3244 1103 viam
3287 1060 3396 1109 non
3437 1046 3781 1118 ingrediens,
3825 1054 3924 1108 sed

2324 1145 2554 1200 arguens
2594 1139 2756 1201 atque
2796 1131 3178 1188 condemnatis.
3225 1134 3376 1198 Unde
3417 1147 3472 1191 et
3516 1137 3602 1203 bis
3647 1142 3742 1209 qui
3793 1142 3922 1209 loris

2325 1230 2499 1288 crant,
2535 1239 2637 1276 non
2669 1237 2762 1276 sua
2791 1238 2942 1290 voce,
2984 1224 3082 1279 sed
3112 1240 3206 1296 per
3235 1227 3514 1296 parabolas
3544 1230 3878 1300 loquebatur
3903 1254 3918 1289 :

2325 1313 2662 1378 Arundiucm,
2697 1315 2885 1389 inquit,
2907 1328 3198 1399 quassatam
3221 1336 3319 1382 non
3343 1323 3632 1393 confringet
3654 1342 3673 1389 ;
3700 1327 3818 1382 sive
3839 1329 3919 1396 (ut

2325 1405 2665 1476 Septuaginta
2699 1409 3103 1480 transtulerunt)
3132 1411 3384 1465 calamum
3409 1419 3630 1485 fractum
3663 1435 3767 1472 non
3797 1436 3919 1474 ron-

2327 1506 2467 1554 teret.
2513 1499 2758 1555 Calamus
2800 1500 3000 1556 fractus
3030 1503 3122 1572 qui
3155 1505 3249 1558 fuit
3295 1487 3450 1560 antea
3483 1508 3711 1572 vocalis,
3767 1520 3824 1564 et
3865 1513 3921 1566 in

2327 1588 2511 1644 laudes
2561 1589 2772 1645 Domini
2815 1593 3154 1660 concinebat,
3200 1596 3549 1665 appellandus
3595 1608 3682 1661 est
3724 1600 3913 1667 Israel,

2325 1682 2412 1751 qui
2444 1683 2691 1763 quoniam
2721 1682 2813 1756 [:il.
2845 1686 3130 1759 quondam}
3151 1689 3366 1758 impegit
3394 1691 3447 1744 in
3490 1695 3807 1763 angularem
3838 1697 3916 1750 la-

2325 1771 2522 1841 pidem,
2555 1784 2608 1828 et
2646 1776 2840 1830 cecidit
2882 1793 3043 1848 super
3084 1795 3226 1846 eum,
3255 1781 3559 1853 fractusque
3589 1787 3642 1840 in
3674 1787 3769 1841 illo
3801 1800 3914 1856 est;

2327 1874 2604 1933 propterea
2646 1865 2842 1922 dicitur
2866 1868 2934 1923 de
2963 1885 3029 1924 eo
3053 1887 3066 1922 :
3099 1869 3320 1940 Increpa
3347 1871 3563 1928 Domine
3590 1875 3782 1932 bestias
3828 1898 3916 1933 ca-

2326 1954 2450 2007 lami
2474 1953 2643 2026 (Psal.
2675 1958 2764 2011 67.
2794 1960 2885 2029 51)
2913 1976 2926 2012 :
2955 1970 3004 2014 et
3036 1961 3088 2015 in
3127 1961 3251 2017 Jesu
3279 1965 3542 2027 volumine
3567 1976 3793 2032 torrens
3823 1987 3915 2042 ap-

2326 2046 2552 2113 pellatur
2578 2064 2776 2116 cannat,
2808 2049 2858 2105 id
2891 2061 2993 2118 est,
3022 2053 3209 2108 calami
3225 2071 3246 2119 ;
3274 2057 3365 2126 qni
3407 2073 3564 2126 aquas
3591 2059 3763 2118 habet
3797 2047 3912 2118 tur-

2323 2136 2510 2207 bidos,
2558 2155 2690 2210 quas
2732 2143 2887 2213 elegit
2943 2143 3132 2214 lsrael,
3205 2150 3486 2218 purissima
3537 2165 3906 2227 contemnens
3947 2203 3968 2232 ο

2324 2230 2517 2286 ﬂuenta
2555 2233 2804 2294 .lordanis
2833 2255 2845 2290 :
2876 2253 3230 2310 reversusque
3271 2253 3449 2298 mente
3497 2245 3549 2299 in
3584 2245 3904 2319 A‘Zgyptum,

2325 2333 2377 2378 ct
2404 2325 2714 2393 desiderans
2754 2343 3026 2385 annosam
3071 2348 3132 2386 ac
3163 2334 3455 2404 palustrem
3484 2339 3784 2408 regionem,
3821 2358 3905 2412 pm

2325 2431 2618 2510 pontesque,
2651 2431 2703 2474 et
2733 2437 2882 2490 cepe,
2934 2433 2988 2478 et
3016 2424 3162 2486 allia.
3205 2435 3259 2480 et
3289 2441 3626 2494 cucumeres,
3667 2433 3906 2510 ollasqne

2325 2505 2694 2578 Egyptiarum
2726 2514 2987 2578 carnium,
3019 2517 3314 2570 rectissime
3341 2535 3432 2588 per
3455 2519 3642 2575 ls:iiam
3677 2505 3904 2594 appella-

2327 2606 2410 2652 tur
2439 2600 2673 2654 calamus
2704 2600 2901 2657 fractus
2931 2623 2946 2658 :
2976 2605 3061 2659 cui
3091 2608 3179 2676 qui
3213 2607 3365 2671 inniti
3395 2611 3627 2666 voluerit
3649 2653 3666 2678 ,
3743 2616 3901 2688 857

2324 2687 2670 2756 pertumletur
2728 2707 2916 2746 manus
2971 2696 3108 2764 ejus.
3137 2696 3242 2763 Qui:
3279 2698 3427 2752 enim
3453 2711 3572 2769 post
3617 2689 3902 2759 adventum

2326 2775 2533 2831 Domini
2574 2778 2866 2834 Salvatoris
2896 2782 3229 2853 EVangelica:
3257 2787 3719 2858 interpretationis
3745 2795 3902 2863 spiri-

2323 2876 2432 2921 tum
2475 2868 2875 2952 derelinquens,
2910 2873 2962 2928 in
2993 2873 3228 2931 htdaica:
3259 2877 3454 2934 littcrre
3481 2890 3656 2936 morte
3688 2886 3902 2953 requie-

2321 2958 2440 3023 scit,
2478 2959 2629 3025 istius
2657 2971 2847 3017 cuncta
2880 2978 3041 3033 opera
3071 2966 3438 3023 vuhierantur.
3466 2969 3659 3025 Linum
3692 2989 3902 3043 quoque

2321 3046 2583 3118 futnigans
2623 3067 2728 3105 non
2760 3054 3059 3124 extinguet,
3093 3058 3344 3126 populum
3385 3060 3453 3116 de
3495 3064 3745 3131 gentibus
3775 3080 3902 3120 eon-_

2320 3149 2616 3208 grcgatum,
2649 3141 2736 3211 qui
2777 3143 3012 3199 extincto
3058 3147 3188 3217 legis
3219 3149 3476 3204 naturalis
3519 3152 3736 3219 ardore,
3772 3155 3902 3210 fumi

2319 3230 2659 3296 amarissimi,
2706 3242 2757 3284 et
2788 3234 2874 3301 qui
2909 3236 3100 3289 noxius
3141 3237 3312 3292 oculis
3357 3250 3458 3306 cst,
3492 3243 3899 3314 tenebroszrque

2319 3318 2558 3388 caliginis
2607 3321 2973 3378 involvebatur
3014 3327 3306 3383 errori-bus.
3352 3330 3521 3398 Quem
3573 3350 3678 3388 non
3726 3338 3897 3391 solum

2320 3425 2424 3463 non
2455 3412 2700 3467 restinxit
2729 3426 2781 3468 ct
2812 3416 3014 3486 redegit
3045 3418 3095 3472 in
3123 3419 3380 3488 cinerem,
3413 3425 3507 3478 sed
3549 3440 3581 3479 e
3624 3433 3895 3483 contrario

2319 3500 2386 3554 de
2413 3517 2571 3581 parva
2598 3505 2847 3570 scintilla,
2895 3519 2950 3562 et
2976 3525 3110 3578 pene
3139 3513 3424 3581 moriente,
3463 3519 3694 3573 maxima
3725 3525 3894 3577 susci-

2319 3596 2447 3647 tavit
2499 3596 2780 3662 incendia;
2825 3601 2895 3654 ita
2925 3611 2982 3656 ut
3009 3613 3151 3658 totus
3197 3607 3344 3661 orbis
3388 3608 3604 3665 arderet
3641 3612 3763 3681 igne
3794 3615 3896 3668 [lu-

2318 3686 2445 3739 mini
2485 3685 2793 3756 Smlvatoris,
2827 3707 2985 3760 quem
3018 3694 3165 3749 venit
3209 3696 3426 3753 mittere
3467 3716 3630 3770 super
3677 3713 3889 3768 terram,

2316 3787 2368 3831 et
2399 3779 2448 3831 in
2476 3781 2723 3834 omnibus
2745 3784 2935 3839 ardere
2957 3786 3224 3842 desiderat
3254 3788 3404 3857 (Luc.
3439 3791 3524 3846 12.
3554 3795 3668 3864 69).
3697 3796 3893 3852 Secun-

2317 3868 2440 3922 dum
2475 3873 2823 3940 tr0pologiam
2851 3875 2976 3943 quid
3028 3877 3181 3932 nobis
3227 3879 3500 3937 videretur
3524 3883 3592 3938 de
3624 3885 3727 3942 hoc
3757 3891 3889 3951 loco,

2316 3961 2367 4015 in
2391 3959 2858 4031 Commentariolis
2881 3967 3111 4022 Maltinei
3138 3970 3370 4028 breviter
3392 3974 3467 4046 (b)
3495 3981 3888 4036 aunotavimus.

2318 4057 2420 4112 lste
2447 4069 2624 4113 autem
2657 4061 2750 4129 qui
2777 4062 3089 4117 arundinem
3117 4076 3422 4134 quassatam
3453 4083 3556 4123 non
3607 4071 3887 4144 confregit,

2313 4158 2366 4202 et
2410 4149 2574 4203 linum
2620 4150 2881 4220 fuin'rgaus
2924 4167 3026 4206 non
3079 4156 3327 4218 extinxit,
3365 4157 3632 4226 judicium
3683 4178 3890 4232 quoque

2315 4240 2560 4309 perduxit
2604 4241 2674 4296 ad
2719 4245 2990 4298 victoriam
3040 4244 3191 4315 (Isni.
3242 4246 3330 4301 4%.
3376 4250 3454 4317 5),
3509 4251 3660 4320 cuius
3692 4253 3888 4321 judicia

2315 4347 2437 4385 vera
2471 4343 2615 4399 sunt,
2646 4334 2934 4402 justiticata
2964 4335 3015 4389 in
3044 4338 3351 4404 semetipsis
3382 4339 3556 4408 (Psal.
3591 4341 3694 4414 18).
3727 4343 3887 4412 utju-

2313 4425 2570 4479 stilicetnr
2599 4425 2650 4478 in
2705 4426 3040 4481 seru-tonibus
3081 4427 3211 4493 suis,
3245 4439 3297 4482 ct
3329 4430 3507 4484 vincat
3536 4446 3656 4486 eum
3682 4432 3887 4502 judica-

2315 4526 2400 4570 tnr
2431 4516 2602 4586 (Psal.
2636 4516 2751 4587 50),
2800 4527 2854 4571 et
2900 4518 3103 4574 tamdiu
3133 4520 3310 4576 lumen
3343 4523 3736 4591 praedicationis
3776 4527 3889 4596 ejus

2315 4610 2364 4662 in
2398 4609 2597 4663 mundo
2623 4609 2981 4677 reSplcndeat,
3006 4612 3314 4682 nulliusque
3343 4623 3669 4680 emiteratur,
3695 4625 3750 4670 et
3773 4633 3889 4672 vin-

2312 4711 2462 4756 catur
2493 4700 2719 4766 insidiis,
2750 4701 2924 4756 donec
2949 4713 3113 4772 ponat
3140 4704 3190 4756 in
3221 4712 3361 4758 terra
3383 4704 3655 4773 judicium,
3702 4716 3758 4760 et
3789 4708 3892 4763 im.

2313 4793 2519 4861 pleatur
2550 4790 2676 4843 illud
2708 4793 2855 4861 quod
2891 4795 3148 4864 scriptum
3194 4805 3277 4850 est
3308 4813 3321 4849 :
3355 4793 3469 4847 Fiat
3511 4795 3746 4850 voluntas
3775 4809 3885 4866 tua,

2309 4883 2436 4935 sicut
2465 4882 2518 4934 in
2544 4881 2669 4936 caelo
2698 4893 2743 4936 et
2772 4885 2823 4937 in
2851 4895 2982 4938 terra
3011 4884 3220 4952 (Matth.
3253 4886 3309 4941 6.
3342 4885 3446 4958 10).
3471 4885 3554 4946 Et.
3592 4884 3662 4940 I'n
3686 4893 3889 4946 nomine

2310 4973 2416 5042 ejus
2460 4983 2630 5044 gentes
2657 4975 2928 5044 sperabunt
2962 4974 3113 5047 (Isai.
3150 4977 3238 5030 11.
3266 4976 3390 5048 10);
3419 4981 3532 5032 sive
3561 4977 3613 5030 in
3643 4978 3754 5049 lege
3779 4983 3886 5042 eius

2309 5065 2577 5135 sperabunt
2603 5066 2786 5119 insula:
2812 5065 2862 5136 (1
2873 5067 2975 5120 bid.
3000 5069 3090 5121 4:2.
3118 5068 3198 5135 4).
3229 5067 3508 5134 Quomodo
3536 5068 3680 5122 enim
3704 5069 3883 5124 insula:

2312 5158 2521 5220 turbine
2557 5158 2788 5227 ﬂatuque
2827 5167 3129 5223 ventorum,
3165 5168 3220 5218 et
3246 5159 3451 5221 crebris
3483 5161 3882 5234 tempestatibus

2307 5249 2566 5304 feriuntur
2591 5248 2828 5318 quidem,
2871 5249 2965 5303 sed
3004 5264 3106 5303 non
3154 5249 3562 5316 subvertantur,
3611 5251 3664 5304 in
3696 5266 3877 5306 exem-

2368 5400 2444 5464 (b)
2472 5402 2758 5464 Huiusmodi
2783 5409 2860 5451 est
2879 5411 3040 5453 autem
3063 5403 3305 5452 adnotatio
3328 5403 3409 5451 lib.
3435 5403 3483 5450 2.
3506 5417 3623 5466 cap,
3642 5405 3714 5453 12.
3749 5423 3769 5449 ε
3789 5406 3877 5462 Qui

2304 5465 2544 5536 peccatori
2567 5477 2660 5512 non
2683 5467 2885 5536 porrigit
2908 5478 3234 5536 maritumam};
3260 5474 3416 5536 [artat
3442 5465 3763 5536 pnusfratris
3784 5467 3877 5535 sui,

2304 5523 2408 5586 ipse
2431 5524 2662 5588 catinium
2685 5523 2960 5586 quassantum
2982 5523 3270 5588 confringit;
3288 5525 3348 5574 Et
3365 5526 3454 5588 Aqui
3493 5527 3730 5575 modicam
3753 5523 3876 5574 scin;

2304 5585 2452 5657 tiliam
2477 5587 2586 5657 ﬁdei
2612 5585 2875 5634 contemnit
2913 5588 2959 5634 in
2995 5585 3220 5657 parvulis,
3247 5585 3786 5657 llic.linum_extinguit
3808 5589 3876 5634 lu-

2319 5661 2507 5694 iuuans.

2303 5660 2507 5708 nugaris.
2535 5660 2746 5704 quorum
2771 5660 2994 5695 neutrum
3018 5660 3236 5694 curis-tus
3257 5660 3372 5695 tecn
3399 5663 3401 5691 :

2305 5716 2459 5768 uerat,
2487 5714 2537 5756 ut
2560 5707 2742 5757 salvum
2767 5706 2948 5756 faceret
2971 5705 3096 5767 quod
3119 5708 3355 5767 perierat.
3381 5725 3401 5750 ι

2535 5649 2746 5704 Quorum
2771 5645 3004 5695 neutrutn’
3018 5645 3236 5694 Christus
3257 5645 3372 5695 fecit
3399 5660 3411 5692 :
3435 5648 3494 5695 ad
3523 5649 3612 5695 hac
3639 5645 3768 5696 enim
3792 5664 3876 5696 ve-
