4026 6186
161 294 339 356 1013

158 411 345 479 plum
379 407 718 480 Evangelica:
746 404 955 469 domus,
982 419 1102 474 qum
1133 417 1291 473 supra
1322 416 1527 473 petram
1569 406 1786 461 robusta

163 503 345 558 mole
380 499 603 559 fundata
632 506 715 554 est
741 495 952 567 (Matth.
985 497 1056 560 7;
1088 505 1132 550 ct
1161 495 1288 550 Luc.
1313 497 1391 568 t3),
1421 497 1492 551 ita
1520 507 1574 553 et
1606 497 1792 552 Eccle-

162 593 281 648 size
313 610 453 666 qua:
469 601 686 663 sperant
707 591 759 645 in
790 591 927 661 lege,
959 599 1013 645 et
1043 590 1096 644 in
1123 591 1338 647 nomine
1371 591 1579 646 Domini
1608 591 1791 648 Salva-

166 686 359 752 toris,
390 687 680 756 loquuntur
707 698 802 753 per
829 683 1021 738 lsaiam
1049 702 1062 737 :
1094 683 1204 753 Ego
1227 685 1401 738 civitas
1429 685 1597 753 ﬁrma,
1623 682 1699 756 (α)
1719 684 1793 737 ei—

163 779 325 831 vitns
356 792 480 848 qua
505 792 607 831 non
631 785 961 847 oppugnatur
983 774 1139 845 (lani.
1170 774 1262 829 2‘1.
1293 776 1346 831 '5.
1373 792 1475 830 see.
1506 774 1704 847 LXX).

250 863 433 920 CAP.
473 864 559 921 Ill.
580 864 837 932 ——Qnem
864 879 1081 919 sensum
1109 864 1323 931 habeat,
1351 864 1492 934 quod
1526 864 1577 918 in
1620 864 1796 918 Evan-

164 957 391 1027 gelista
420 957 668 1012 llatthaao
688 956 943 1025 scriptum
969 965 1052 1012 est
1081 971 1095 1007 :
1129 955 1188 1010 Si
1208 958 1327 1027 quis
1354 957 1460 1010 vult
1487 957 1657 1011 uenire
1683 964 1795 1025 post

164 1064 289 1114 me,
329 1049 553 1121 abneget
579 1049 897 1119 semetipsum
921 1046 1132 1120 (Matth.
1163 1048 1252 1104 16.
1281 1047 1392 1121 24).
1422 1047 1552 1115 Quae
1591 1058 1674 1104 est
1713 1048 1795 1104 sui

162 1140 534 1211 abnegatio?
569 1150 662 1195 aut
706 1140 977 1210 quomodo
1019 1139 1109 1210 qui
1150 1140 1394 1210 sequitur
1441 1138 1793 1204 Salvatorem,

163 1232 447 1301 seipsnm
475 1232 741 1302 abnegat?
765 1231 840 1286 De
867 1245 974 1301 quo
1002 1231 1059 1285 in
1086 1231 1244 1286 tertio
1273 1230 1796 1286 Commentariorum

165 1322 453 1391 ejusdem
484 1324 714 1379 Matthxi
735 1324 895 1389 libro,
933 1324 1004 1378 ita
1030 1324 1263 1379 breviter
1278 1325 1488 1380 locutus
1511 1339 1629 1379 sum
1653 1340 1667 1377 :
1695 1311 1795 1392 Qui

166 1413 434 1481 deponit
460 1425 697 1471 veterem
728 1414 999 1471 hominem
1029 1431 1151 1472 cum
1191 1416 1446 1485 oneribus
1487 1417 1600 1472 suis
1640 1425 1798 1486 negat

168 1507 367 1578 853
446 1506 706 1576 seipsum,
761 1506 987 1561 dicens:
1028 1504 1153 1561 Vivo
1183 1515 1352 1560 autem
1380 1508 1485 1573 iam
1527 1523 1628 1560 non
1677 1522 1792 1577 ego,

169 1596 304 1649 vivit
334 1611 465 1650 vero
488 1597 542 1650 in
570 1612 650 1650 me
674 1593 904 1651 Christus
931 1594 1125 1667 (Colat.
1152 1596 1208 1651 2.
1237 1594 1331 1668 20)
1360 1614 1374 1649 :
1406 1596 1647 1666 tollitque
1675 1612 1799 1651 crn-

174 1700 308 1741 cem
338 1699 505 1741 suam
532 1697 587 1742 et
608 1686 811 1741 mundo
838 1687 1185 1756 cruciﬁgitur.
1219 1687 1317 1742 Cui
1350 1697 1528 1742 autem
1567 1688 1798 1743 mundus

173 1778 498 1835 cruciﬁxus
521 1789 625 1845 est,
654 1780 895 1849 sequitur
927 1780 1208 1834 Dominum
1232 1780 1567 1836 cruciﬁxum.
1590 1781 1796 1848 Quibus

174 1886 339 1927 nunc
365 1871 576 1928 addere
601 1886 885 1942 possmnus
913 1889 927 1926 :
956 1880 1238 1942 postquam
1264 1872 1500 1928 ostendit
1519 1872 1797 1942 discipulis

172 1964 343 2035 quod
368 1974 651 2035 oporteret
676 1978 800 2021 eum
829 1964 909 2020 ire
943 1963 1267 2028 Jerusalem,
1311 1973 1365 2019 et
1408 1964 1571 2019 multa
1614 1963 1720 2034 pati
1763 1978 1795 2017 a

176 2056 590 2113 Sacerdotibus
622 2066 677 2111 et
714 2057 940 2122 Scribis,
981 2064 1037 2111 et.
1071 2055 1403 2125 principibus
1439 2055 1793 2110 Sacerdotnm

66 2166 83 2189 κ
173 2157 236 2202 et
262 2146 481 2213 occidi,
510 2161 793 2202 assumens
834 2161 956 2201 eum
1006 2147 1218 2212 Petrus,
1247 2148 1411 2216 erepit
1437 2147 1714 2215 increpare
1742 2155 1798 2202 et

174 2238 383 2295 dicere
417 2254 435 2291 :
468 2237 613 2293 Absit
651 2254 684 2291 a
726 2249 792 2304 te,
841 2236 1077 2305 Domine,
1123 2254 1225 2297 non
1270 2238 1366 2291 erit
1402 2238 1491 2290 tibi
1528 2238 1642 2291 hoc.
1693 2237 1795 2315 Qui

172 2345 523 2399 conversus,
550 2330 680 2386 dicit
703 2330 860 2386 Petro
901 2348 919 2385 :
969 2328 1112 2385 Vade
1146 2339 1258 2399 post
1284 2346 1366 2384 me
1393 2328 1611 2395 Satana,
1641 2345 1794 2384 scan.

175 2423 376 2480 dolum
405 2438 466 2477 es
492 2423 616 2475 mihi
642 2439 666 2476 θ
687 2423 808 2493 quia
849 2437 949 2475 non
974 2421 1113 2491 sapis
1140 2435 1252 2491 qut:
1283 2419 1377 2474 Dei
1403 2429 1541 2487 sunt,
1571 2420 1665 2475 sed
1683 2436 1796 2490 qua:

174 2516 472 2570 hominum
510 2512 725 2588 (Matth.
775 2512 863 2568 16.
917 2513 1034 2581 23).
1077 2511 1318 2566 llumano
1358 2511 1553 2582 quippe
1603 2512 1796 2566 timore

173 2607 544 2678 perterritus,
591 2605 891 2675 passionem
940 2603 1147 2658 Domini
1187 2602 1522 2659 formidabat.
1567 2603 1632 2657 Et
1662 2617 1794 2673 quo-

174 2699 376 2766 modo,
413 2697 644 2752 audiens
668 2696 828 2751 multa
857 2697 980 2767 pati,
1007 2705 1058 2750 et
1079 2696 1262 2762 occidi,
1297 2695 1513 2751 timebat
1547 2712 1561 2749 :
1592 2694 1670 2750 sic
1694 2710 1793 2749 au-

171 2792 360 2856 diens,
394 2801 457 2845 et
489 2792 634 2845 tertia
660 2791 742 2844 die
769 2788 842 2862 (ὑ)
865 2805 1142 2860 resurgere,
1179 2787 1411 2859 gaudere
1435 2786 1711 2848 debuerat,
1740 2795 1796 2843 et

178 2883 473 2939 tristitiam
517 2881 797 2952 passionis,
856 2879 1262 2935 resurrectionis
1307 2878 1475 2949 gloria
1526 2878 1787 2947 mitigare.

180 2975 347 3033 Unde
376 2975 477 3029 illo
508 2988 604 3043 pro
624 2973 813 3028 timore
836 2978 1104 3039 correpto,
1149 2970 1464 3040 loquebatur
1509 2969 1575 3022 ad
1604 2983 1793 3024 omnes

182 3068 513 3136 discipulos,
542 3066 673 3129 sive,
702 3064 991 3117 convocavit
1016 3062 1212 3116 turbam
1237 3078 1352 3116 cum
1380 3062 1641 3132 discipulis
1661 3062 1788 3129 suis,

182 3170 243 3215 ut
263 3160 489 3214 Marcus
519 3157 730 3227 posuit;
757 3164 848 3210 aut
876 3156 1032 3224 juxta
1074 3154 1291 3219 Lucam,
1331 3152 1525 3207 dicebat
1558 3153 1627 3206 ad
1663 3169 1790 3207 cun-

181 3260 298 3305 ctos
329 3265 350 3303 :
383 3250 449 3304 Si
475 3246 590 3319 quis
609 3244 717 3300 vult
741 3254 854 3316 post
879 3261 960 3299 me
981 3244 1171 3311 venire,
1199 3244 1405 3315 abneget
1429 3245 1791 3311 semetipsum;

182 3351 232 3396 et
261 3338 422 3395 tollat
464 3353 664 3391 crucem
704 3352 868 3400 suam,
907 3345 955 3389 et
996 3344 1232 3405 sequatur
1269 3350 1349 3389 me
1383 3332 1532 3405 (Luc.
1574 3333 1628 3388 9.
1671 3333 1788 3404 23).

185 3433 358 3504 Cujus
388 3429 783 3487 exhortationis
821 3428 909 3485 hic
946 3442 1134 3482 sensus
1160 3433 1244 3481 est
1269 3443 1283 3481 :
1315 3425 1430 3481 Non
1460 3434 1543 3482 est
1567 3425 1788 3482 delicata

186 3526 241 3581 in
278 3524 453 3580 Deum
492 3531 547 3577 et
569 3536 756 3576 secura
781 3519 1070 3575 confussio.
1107 3518 1204 3585 Qui
1234 3519 1284 3572 in
1312 3533 1398 3573 me
1417 3517 1601 3582 credit,
1631 3516 1792 3572 debet

188 3631 351 3671 suum
401 3613 719 3684 sanguinem
761 3610 1005 3667 fundere.
1052 3610 1154 3678 Qui
1194 3611 1326 3664 enim
1366 3609 1643 3682 perdiderit
1675 3609 1790 3662 ani-

188 3725 333 3763 mant
378 3722 529 3763 suam
575 3706 630 3759 in
683 3705 952 3774 presenti,
1012 3702 1293 3772 lucrifaciat
1351 3717 1462 3755 eam
1515 3701 1568 3755 in
1614 3703 1788 3771 futuro

190 3797 411 3870 (Matth.
446 3795 535 3851 lO.
567 3794 683 3864 59).
720 3792 968 3860 QnOtidie
993 3791 1218 3847 credens
1245 3793 1297 3846 in
1325 3791 1620 3856 Christum,
1653 3790 1789 3844 tollit

190 3903 412 3944 erucem
440 3901 617 3950 suam,
652 3893 706 3939 et
740 3893 896 3954 negat
931 3883 1186 3952 seipsnm.
1217 3883 1318 3950 Qui
1346 3882 1643 3952 impudicus
1667 3881 1785 3945 fuit,

190 3994 387 4035 versus
432 3975 505 4032 ad
537 3975 857 4041 castitatem,
905 3974 1254 4042 temperantia
1299 3972 1560 4026 luxuriam
1607 3979 1785 4041 negat.

191 4073 296 4154 Qui
331 4067 722 4125 formidolosus
747 4077 799 4121 et
830 4064 1066 4131 timidus,
1098 4072 1371 4154 assumpto
1401 4063 1592 4154 robore
1635 4062 1789 4117 forti-

193 4152 421 4223 tudinis.
458 4158 691 4230 priorcm
716 4171 779 4211 se
804 4169 925 4210 esse
964 4154 1150 4210 nescit.
1197 4153 1411 4224 Iniquus
1450 4152 1496 4207 si
1538 4161 1791 4222 sequatur

190 4253 484 4325 justitiam,
513 4256 672 4318 negat
700 4247 1051 4319 iniquitatem.
1073 4244 1279 4299 Stultus
1306 4245 1351 4298 si
1382 4243 1647 4299 Christum
1669 4257 1791 4298 con-

199 4346 415 4405 ﬁtentur
450 4342 548 4399 Dei
574 4341 824 4396 virtutem
851 4349 906 4394 et
935 4338 1030 4394 Dei
1052 4338 1389 4408 sapientiam,
1419 4346 1577 4408 negat
1614 4337 1792 4392 stulti.

201 4435 325 4489 tiam
355 4436 437 4507 (l.
468 4432 590 4488 Cor.
621 4428 694 4504 1).
721 4429 872 4498 Quod
907 4429 1157 4497 scientes,
1190 4444 1293 4483 non
1321 4430 1491 4483 solum
1530 4443 1789 4499 persecu-

203 4527 364 4596 tionis
414 4536 659 4597 tempore
686 4533 739 4580 et
769 4525 1084 4579 necessitate
1116 4523 1375 4594 martyrii,
1414 4522 1506 4579 sed
1547 4524 1600 4577 in
1642 4522 1790 4579 omni

202 4620 631 4682 tionversatione,
655 4633 838 4687 opere,
865 4616 1204 4687 cogitatione,
1229 4631 1500 4683 sermone,
1537 4631 1789 4687 negemus

204 4711 563 4781 nosmetipsos
588 4709 729 4781 quod
768 4717 892 4777 ante
930 4708 1157 4771 fuimus;
1189 4717 1243 4763 et
1284 4708 1635 4766 conﬁteantur
1668 4722 1785 4775 eos,

205 4800 376 4870 quiin
415 4800 629 4857 Christo
658 4800 831 4855 renati
868 4814 1072 4853 sumus.
1120 4799 1324 4854 Idcirco
1351 4801 1492 4855 enim
1532 4800 1788 4856 Dominus

207 4892 492 4971 cruciﬁxus
528 4904 630 4958 est,
676 4903 736 4950 ut
774 4902 831 4950 et
873 4908 969 4947 nos
1007 4892 1096 4962 qni
1137 4893 1405 4951 credimus
1447 4893 1500 4946 in
1543 4908 1688 4958 eum,
1733 4900 1789 4948 et

209 4993 429 5052 peccato
451 4985 643 5038 mortui
668 5000 872 5050 sumus,
901 4983 1276 5054 eruciligatnur
1301 4997 1422 5038 eum
1462 4984 1601 5052 ipso,
1637 4984 1786 5039 diea-

208 5087 435 5144 musque
462 5073 604 5145 quod
633 5076 917 5145 Apostolus
947 5074 1140 5136 Paulus
1163 5074 1344 5129 docuit
1376 5091 1389 5128 :
1424 5072 1552 5128 Cum
1587 5074 1785 5130 Christo

211 5164 483 5233 cruciﬁxus
524 5181 634 5219 sunt
683 5164 826 5236 (Gal.
865 5164 1057 5236 2.19).
1100 5165 1164 5219 Et
1203 5182 1217 5217 :
1264 5164 1399 5218 lli/ti
1446 5173 1615 5219 autem
1655 5164 1786 5218 absit

278 5289 341 5358 ia)
378 5295 459 5346 Sic
481 5297 599 5348 editi
640 5297 867 5362 plerique
902 5311 960 5348 ac
988 5298 1110 5362 Mss.
1137 5311 1251 5348 cum
1279 5299 1490 5362 negandi
1524 5299 1783 5362 particula.

211 5362 768 5461 ἒθῖτιξξᾶιὲηῃουρυςηαιιιν.
786 5360 1198 5432 Quemadmodum
1223 5369 1275 5410 et.
1296 5360 1566 5421 itt'eristola
1583 5361 1640 5409 ad
1659 5361 1786 5434 Pan-

465 5420 657 5461 ehmtm
699 5420 967 5461 Altihztlmln
989 5421 1255 5461 adducitur-
1283 5421 1343 5461 F1
1375 5436 1553 5461 simsum
1589 5423 1786 5461 ηηιιΙρηι

323 5416 388 5465 de
417 5416 967 5485 ﬂebraicoﬁlplntbeto
989 5421 1257 5485 adducitur.
1282 5421 1343 5471 Et
1374 5416 1553 5472 sensus
1589 5423 1787 5485 quidem

212 5481 421 5547 utroque
436 5478 485 5527 in
508 5479 617 5529 loco
639 5478 775 5547 idem
793 5490 887 5547 est,
905 5484 989 5547 qui
1012 5484 1236 5547 nimirum
1261 5497 1348 5545 pro
1369 5495 1461 5533 non
1483 5478 1788 5547 exmtqtuitur

212 5542 355 5604 θροειώ
379 5544 525 5604 atque
547 5545 724 5604 exponi
745 5542 1126 5594 debetCVerum
1151 5542 1428 5595 Martianaeo
1450 5558 1513 5593 ex
1539 5542 1648 5594 aliis
1670 5544 1784 5594 Mss.

213 5597 601 5701 ﬁgam
616 5597 770 5653 etiam
808 5611 950 5656 textu
984 5618 1086 5665 πόλις
1110 5616 1399 5670 talionem-4,
1437 5604 1641 5677 placuit;
1676 5618 1788 5669 φατε

553 5733 657 5777 erat
681 5732 916 5794 resurgat.

1563 287 1883 348 EPISTULA
1922 282 2110 346 CXXI.

3339 298 3476 379 unt

1896 405 2105 475 gloriari
2127 447 2143 473 ,
2215 407 2384 479 859
2456 407 2555 461 nisi
2590 408 2643 461 in
2687 406 2850 463 Cruce
2890 408 3096 466 Domini
3140 415 3299 470 nostri
3348 416 3476 474 Iesu

1890 495 2084 552 Christi
2111 514 2131 553 :
2156 516 2245 568 per
2274 516 2420 570 quem
2449 500 2574 555 mihi
2602 501 2820 555 mundus
2856 502 3132 572 cruciﬁxus
3173 516 3266 575 est,
3300 518 3347 563 et
3385 526 3475 581 ego

1895 589 2307 661 mundo(Galat.
2351 592 2406 646 6.
2454 592 2568 661 14).
2615 591 2715 661 Qui
2760 607 2882 647 cum
2926 592 3145 650 Christo
3182 598 3478 656 cruciﬁxus

1895 686 1998 743 est,
2031 680 2225 750 spoliet
2271 682 2599 752 principatus
2642 691 2697 737 et
2737 690 3048 752 potestates,
3092 694 3146 741 et
3188 687 3481 759 triumphet

1892 785 1989 824 eas
2029 771 2082 824 in
2127 772 2289 841 ligno.
2336 772 2491 829 Unde
2539 782 2594 828 et
2633 773 2684 827 in
2736 773 3027 844 Evangelio
3071 778 3362 834 secundum
3410 780 3481 853 (c)

1896 861 2224 929 Matthmum,
2249 865 2300 918 in
2332 873 2514 936 typum
2547 880 2732 919 eorum
2763 865 2853 935 qui
2887 866 2939 920 in
2970 865 3195 923 Domino
3225 870 3481 928 credituri

1898 961 2075 1021 erant,
2119 963 2175 1009 et
2212 969 2272 1010 se
2310 970 2430 1011 cum
2470 956 2563 1011 illo
2599 955 2927 1023 cruciﬁxnri,
2976 958 3159 1015 Simon
3189 960 3481 1041 Cyrena-us

1900 1052 2076 1113 portat
2110 1060 2325 1101 crucem
2367 1046 2517 1117 ejus;
2553 1062 2710 1119 quam
2747 1048 2897 1117 juxta
2936 1049 3071 1107 alios
3110 1051 3481 1125 Evangelistas

1899 1135 2047 1205 prior
2071 1136 2182 1205 ipse
2210 1139 2456 1207 portavit.

1970 1226 2125 1284 CAP.
2163 1229 2256 1285 ιν.
2277 1231 2505 1298 —Qnid
2531 1232 2651 1305 vult,
2681 1233 3005 1303 significare,
3029 1235 3175 1307 quod
3201 1238 3253 1292 in
3287 1238 3479 1296 eodem

1898 1316 2147 1375 Mattluno
2166 1322 2422 1391 scriptum
2456 1332 2558 1388 est,
2600 1322 2691 1379 γω
2711 1326 3106 1397 ρνωαηαηιὶὁω,
3130 1338 3176 1384 et
3211 1332 3479 1386 nutrienti-

1899 1406 1991 1462 bus
2018 1410 2068 1462 in
2091 1409 2194 1464 illis
2214 1412 2406 1467 diebus.
2440 1414 2502 1468 Et
2528 1433 2542 1467 :
2574 1414 2730 1493 Orate
2755 1433 2819 1471 ne
2843 1418 2935 1485 fiat
2954 1418 3078 1489 fuga
3105 1430 3275 1476 vestra
3297 1422 3477 1493 hyeme

1850 1525 1856 1539 ι
1899 1500 1976 1553 νει
1998 1499 2202 1555 sabbato
2226 1501 2438 1574 (Matth.
2469 1503 2560 1559 ει.
2590 1492 2679 1559 t9;
2707 1504 2821 1578 ρο).
2848 1507 2998 1574 Quod
3026 1524 3093 1564 ex
3119 1492 3480 1580 superioribus

1900 1592 2134 1662 pendere
2160 1595 2496 1651 manifestum
2522 1608 2623 1651 est.
2645 1598 2776 1653 Cum
2801 1600 2942 1655 enim
2965 1602 3308 1674 Evangelium
3334 1606 3479 1662 Chri-

1898 1682 1964 1736 sti
2018 1685 2223 1738 cunctis
2271 1687 2517 1755 gentibus
2570 1687 2727 1742 fuerit
2768 1691 3132 1759 praedicatum,
3179 1703 3235 1750 et
3279 1697 3479 1752 venerit

1864 1816 1881 1827 .
1898 1776 2308 1839 consummatio,
2331 1776 2667 1846 viderintquc
2688 1778 3113 1836 abominationem
3131 1783 3480 1853 desolationis,

1897 1882 2011 1936 qute
2055 1865 2191 1919 dicta
2241 1876 2319 1920 est
2356 1884 2389 1921 a
2432 1867 2643 1923 Daniele
2693 1868 2977 1938 Propheta,
3014 1882 3228 1928 stantem
3274 1876 3328 1929 in
3373 1878 3479 1933 loco

1895 1966 2071 2011 sancto
2096 1955 2287 2034 (Marc.
2333 1957 2477 2029 15):
2511 1966 2635 2014 tunc
2664 1961 2970 2030 principitur
3008 1961 3111 2031 his,
3162 1965 3250 2036 qui
3290 1965 3343 2021 in
3385 1967 3483 2023 Ju-

1897 2044 2011 2100 d.ca
2038 2054 2181 2111 sunt,
2215 2056 2274 2101 ut
2314 2046 2518 2118 fugiant
2546 2049 2618 2103 ad
2643 2061 2886 2115 montes;
2920 2060 2974 2107 et
3001 2055 3087 2122 qui
3122 2055 3174 2110 in
3216 2064 3380 2125 tecto,
3414 2074 3481 2117 ne

1898 2138 2226 2194 descendant
2268 2140 2456 2196 tollere
2497 2141 2697 2211 aliquid
2736 2143 2802 2198 de
2831 2143 2993 2199 domo
3041 2161 3170 2212 sua;
3219 2158 3270 2203 et
3300 2150 3388 2219 qui
3428 2150 3481 2208 in

1897 2244 2047 2299 agro,
2084 2245 2151 2283 ne
2178 2240 2515 2286 revertantur
2539 2231 2750 2287 auferre
2781 2234 3012 2289 tunicam
3039 2252 3210 2291 suam.
3248 2239 3327 2294 De
3359 2241 3478 2310 qui-

1898 2321 1997 2376 bus
2027 2322 2079 2377 iu
2108 2323 2518 2379 Commentariis
2552 2325 2794 2395 ejusdem
2826 2326 3058 2382 Matthtei
3096 2329 3304 2399 plenius
3334 2331 3478 2386 dixi-

1898 2430 2038 2469 mus.
2082 2415 2378 2486 Statimqnc
2418 2416 2811 2486 conjungitur:
2872 2418 2957 2473 Vw
3011 2420 3388 2491 praegnantibus
3435 2428 3480 2478 et

1896 2508 2227 2562 nutrientibus
2256 2508 2308 2560 in
2336 2508 2439 2562 illis
2463 2507 2657 2564 diebus.
2698 2508 2756 2563 In
2782 2510 2974 2580 quibus
3000 2510 3236 2566 diebus?
3262 2513 3479 2584 quando

1895 2596 2221 2651 abominatin
2241 2595 2596 2653 desolationis
2624 2599 2833 2653 steterit
2862 2598 2913 2652 in
2943 2598 3064 2653 loco
3094 2610 3301 2658 sancto.
3325 2602 3481 2671 Quod

1894 2686 2108 2758 quidem
2128 2686 2278 2756 juxta
2311 2687 2541 2742 litteram
2568 2688 2635 2743 dc
2658 2688 2893 2743 adventu
2935 2690 3249 2747 Antichristi
3288 2694 3480 2763 prmdi-

1894 2779 2027 2841 cari,
2055 2778 2186 2833 nulli
2218 2778 2435 2833 dubium
2458 2789 2542 2834 est
2570 2793 2585 2833 :
2611 2777 2826 2850 quando
2855 2782 3250 2850 persecutionis
3274 2785 3480 2855 magni-

1896 2870 2024 2925 tudo
2063 2870 2335 2942 compellit
2370 2870 2572 2942 fugere,
2616 2881 2670 2926 et
2713 2887 2911 2940 graves
2957 2874 3116 2940 uteri,
3165 2876 3479 2948 parvuliquo
3544 2920 3549 2925 .

1893 2963 2154 3019 lactentes
2202 2962 2379 3032 fugam
2437 2961 2730 3018 retardant.
2793 2962 2942 3018 Licet
2995 2965 3211 3034 quidam
3265 2967 3370 3023 Titi
3425 2977 3479 3027 et

1895 3054 2209 3125 Vespasiani
2249 3054 2507 3109 adversus
2544 3053 2781 3121 Judmos,
2809 3064 2864 3110 et
2888 3057 3156 3127 praecipue
3180 3058 3478 3117 Jerusalem

1893 3147 2226 3203 obsidionem
2277 3161 2612 3216 pugnamque
2658 3147 2946 3217 signiﬁcari
2990 3149 3174 3207 velint.
3222 3151 3477 3227 ilycmem

1892 3253 2104 3309 quoque
2134 3247 2188 3293 et
2211 3237 2513 3303 sabbatum,
2554 3237 2634 3293 sic
2652 3232 3097 3309 interpretantur,
3125 3257 3191 3297 ne
3222 3258 3291 3298 eo
3332 3251 3472 3301 tem-

1894 3343 2024 3400 pore
2053 3328 2233 3399 lugere
2260 3328 2673 3397 compellantur,
2716 3330 2932 3400 quando
2957 3330 3151 3387 duritia
3178 3332 3390 3404 frigoris
3421 3336 3476 3391 in

1892 3420 2057 3491 agris,
2085 3428 2138 3475 et
2166 3419 2216 3474 in
2244 3418 2474 3474 desertis
2502 3418 2657 3486 locis,
2686 3418 2951 3492 fugientes
2989 3422 3158 3478 latere
3199 3439 3307 3480 non
3341 3427 3476 3495 pati—

1895 3520 1981 3566 tur
2013 3527 2028 3566 :
2059 3519 2115 3565 et
2140 3510 2450 3565 observatio
2475 3510 2703 3577 sabbati,
2734 3522 2826 3567 aut
2851 3514 3296 3583 pratvaricatores
3330 3517 3476 3585 facit,

1890 3600 1936 3654 si
1967 3599 2204 3670 fugiant;
2236 3609 2330 3654 aut
2375 3599 2609 3656 hostium
2637 3601 2832 3673 gladiis
2858 3603 3157 3675 subiacere,
3195 3607 3240 3661 si
3267 3608 3477 3664 sabbati

1890 3693 2077 3753 otium,
2109 3700 2160 3744 et
2185 3700 2455 3761 prmccpta
2483 3692 2834 3747 servaverint.
2862 3692 2969 3749 Nos
2994 3704 3170 3752 autem
3195 3697 3476 3757 audientes

1892 3782 2177 3837 Dominum
2196 3782 2553 3847 Salvatorem,
2578 3791 2636 3837 ut
2656 3783 2744 3852 qui
2767 3783 2818 3836 in
2839 3782 3020 3838 Judaca
3091 3786 3255 3856 860
3327 3798 3472 3856 sunt,

1889 3875 1956 3929 ad
1990 3882 2241 3928 montana
2270 3874 2594 3944 confugiant,
2627 3874 2726 3943 ipsi
2757 3888 2971 3944 quoque
3007 3876 3192 3929 oculos
3236 3876 3476 3936 levemus

1893 3964 1989 4037 [ιιι.
2030 3962 2273 4035 levamus]
2315 3963 2384 4019 ad
2420 3973 2650 4028 montes,
2696 3962 2764 4018 de
2804 3962 2997 4033 quibus
3044 3964 3299 4034 scriptum
3341 3976 3426 4022 est
3440 3985 3495 4040 ,λ

1882 4038 2077 4109 ἰδιοαυί
2112 4054 2287 4108 oculos
2332 4070 2469 4109 meos
2505 4055 2559 4108 in
2604 4064 2814 4119 montes,
2856 4055 2990 4109 unde
3034 4059 3192 4111 veniet
3226 4058 3475 4115 auxilium

1892 4147 2018 4200 mihi
2054 4144 2223 4218 (Psal.
2274 4145 2391 4200 I20.
2440 4144 2518 4216 1).
2565 4145 2631 4199 Et
2673 4146 2724 4199 in
2765 4144 2871 4200 alio
2916 4146 3035 4200 loco
3066 4163 3081 4200 :
3114 4145 3475 4224 Fundamenta

1893 4241 2002 4311 ejus
2026 4240 2079 4292 in
2118 4238 2367 4292 montibus
2394 4237 2584 4292 sanctis
2612 4234 2782 4309 (Psal.
2824 4236 2915 4293 86.
2941 4236 2994 4310 1)
3029 4256 3042 4293 :
3071 4238 3159 4303 Et,
3193 4239 3391 4296 Montes
3421 4243 3473 4297 in

1891 4330 2102 4384 circuitu
2131 4330 2261 4400 ejus,
2304 4339 2349 4384 et
2382 4328 2629 4383 Dominus
2662 4328 2715 4382 in
2745 4329 2958 4384 circuitu
2988 4332 3166 4403 populi
3190 4333 3270 4387 sui
3297 4332 3471 4407 (PsaI'.

1954 4505 2024 4573 (c)
2053 4499 2269 4554 Brixiani
2296 4503 2383 4553 cod
2403 4516 2490 4573 eos
2509 4516 2685 4573 novem
2712 4517 2867 4566 penes
2886 4504 3149 4573 Victoriam
3172 4508 3368 4573 duoque
3392 4513 3472 4566 alii

1890 4567 2013 4628 apud
2038 4580 2143 4622 nos,
2167 4579 2371 4628 quorum
2395 4570 2521 4615 alter
2543 4567 2809 4628 impressus
2833 4575 2932 4628 est,
2946 4570 3212 4617 secundum
3227 4567 3471 4627 Joannem
3497 4622 3504 4628 ,

1890 4626 1983 4690 hoc
2009 4628 2129 4685 loro,
2166 4626 2258 4677 non
2294 4628 2558 4677 secundant
2589 4626 2875 4690 Matllueunt
2897 4627 3216 4690 Evangelium
3257 4626 3468 4684 laudant.

1888 4689 1960 4739 Ex
1990 4689 2267 4751 Hieronymi
2290 4696 2744 4751 qnmjttegeontextu
2776 4695 2827 4751 et
2865 4688 3090 4751 loquendi
3116 4691 3307 4740 ratione
3330 4694 3471 4743 facile

1890 4760 2055 4807 nostro
2079 4749 2275 4813 quidem
2296 4749 2474 4812 judicio
2498 4749 2669 4813 liquet,
2693 4750 2892 4798 minime
2915 4749 3191 4813 Mattheum
3214 4752 3383 4802 adduci
3408 4757 3471 4809 ab

1890 4826 1952 4861 eo
1976 4810 2217 4870 voluisse;
2241 4810 2349 4859 cum
2369 4814 2498 4861 enim
2520 4810 2629 4872 qua;
2648 4810 2889 4872 hactenus
2905 4810 3185 4872 exitlicavit,
3210 4825 3273 4861 ex
3297 4813 3380 4864 illo
3394 4817 3467 4866 di-

1889 4877 2052 4923 vorsis
2073 4874 2189 4922 locis
2219 4874 2379 4938 petita
2403 4871 2657 4938 sint,_qnid
2694 4878 2768 4919 est
2797 4871 2925 4938 quod
2947 4875 3106 4938 _qua_si_
3134 4874 3197 4922 de
3234 4888 3469 4938 nusquam

1888 4943 2029 4984 antea
2058 4939 2105 4982 in
2132 4933 2461 4994 lroliationcm
2486 4933 2692 4994 adducto
2716 4933 2990 4994 testimonio
3013 4934 3148 4994 dicit,
3180 4936 3314 4985 t‘nde
3336 4933 3381 4986 et
3418 4939 3470 4989 in

1889 4991 2142 5057 Et‘angelio'
2162 4994 2423 5043 secnndum
2448 4991 2720 5057 Matthwum
2740 4992 2765 5041 εκ
2787 4993 2839 5042 Si
2859 5002 3039 5057 tamen
3067 4991 3143 5042 ex'
3169 4996 3283 5045 Mss.
3315 5006 3465 5049 Joan-

1887 5054 2331 5124 nem-sutstttnas,
2360 5054 2655 5124 tut-utiquam
2692 5055 2931 5124 constabit
2961 5059 3221 5106 sententi-te
3265 5060 3466 5124 veritas,

1888 5117 2129 5178 siquidem
2155 5128 2218 5163 ex
2244 5114 2469 5162 omnibus
2492 5113 2817 5178 Evangelistis
2847 5115 2932 5177 qui
2959 5129 3054 5178 uno
3076 5130 3313 5169 consensu
3340 5132 3376 5172 a.
3392 5113 3468 5173 Si:

1889 5174 2033 5239 mone
2054 5177 2285 5239 Cyrenaeo
2308 5182 2542 5239 portatam
2565 5174 2718 5239 fuisse
2739 5174 2933 5239 crucem
2956 5176 3077 5239 Jesn
3099 5185 3353 5238 testantur,
3386 5196 3467 5233 so-

1890 5238 1965 5288 lus
1986 5236 2200 5286 Joannes
2221 5236 2468 5298 «inceptis
2491 5236 2658 5285 verbis
2680 5250 2707 5283 a
2746 5236 2936 5287 Christo
2968 5238 3097 5287 illam
3137 5247 3280 5290 antea
3304 5236 3468 5293 subla-

1889 5306 1985 5348 tam
2009 5303 2276 5362 asseverat.
2295 5297 2495 5362 Inhunc
2516 5298 2682 5362 itaque
2703 5311 2917 5362 sensum,
2930 5313 3093 5362 quem
3118 5302 3302 5352 intendi
3321 5307 3468 5358 etiam

1888 5373 1915 5409 a
1941 5361 1993 5410 S.
2018 5360 2234 5423 Doctore
2259 5357 2421 5423 nullus
2442 5357 2629 5423 dubito,
2658 5357 3207 5423 tost_Mss.glectionem.
3244 5367 3469 5423 nimirum

1887 5423 2150 5488 substituto
2186 5420 2386 5488 Joannis
2424 5420 2654 5488 nomine,
2695 5420 2829 5488 refici
2867 5421 3023 5488 adhuc
3069 5437 3132 5472 ex
3177 5420 3470 5488 conjecturis

1888 5480 2255 5552 locusdeberet,
2276 5481 2366 5529 hac
2384 5484 2642 5552 verborum
2658 5483 2939 5542 metatbesi,
2958 5491 3088 5545 puta,
3107 5480 3310 5552 crucem
3326 5480 3468 5552 quam

1879 5544 2029 5608 juxta
2050 5542 2180 5609 alio_s_
2194 5540 2698 5609 Evangelistassimon
2721 5540 2979 5609 συναιωὶὼ
3004 5540 3177 5609 portat,
3203 5540 3348 5609 prior'
3362 5540 3465 5609 ipse

1887 5603 2106 5669 portavit.
2135 5603 2341 5669 Yerum'
2353 5605 2468 5669 quia
2497 5603 2611 5669 Mss.
2652 5603 2870 5656 non'nisl
2893 5603 3134 5669 superiori
3165 5603 3269 5660 loco
3300 5603 3468 5667 satira}

1887 5664 2085 5740 gantur,
2103 5664 2423 5740 ab_impressa
2458 5664 2687 5740 lectione,
2707 5681 2871 5740 quam»
2891 5664 3061 5740 caeteri
3081 5671 3226 5719 etiam
3251 5666 3469 5728 editores

1890 5726 2121 5795 EeligioSc
2143 5726 2421 5790 observant,
2448 5726 2566 5777 nihil
2589 5742 2617 5780 a
2642 5726 2779 5780 nobis
2803 5738 2879 5781 est
2902 5732 3219 5782 immutatum.
