4026 6186
181 258 314 314 1017

179 372 404 428 tnmtium
440 369 609 436 habes,
639 364 1072 424 «Samaritanus
1100 371 1200 426 es?
1248 370 1429 441 (Joan.
1467 373 1518 430 8.
1553 375 1664 446 18).
1700 376 1768 442 Et

182 463 234 517 itt
265 462 524 534 parabola
554 461 620 516 de
663 461 957 517 JeruSalem
986 462 1362 528 descendentis
1393 464 1631 531 Jeriebo,
1665 467 1767 523 Sa-

183 554 487 608 maritanus
528 553 744 622 ponitur
791 568 886 623 pro
932 555 1084 622 signo
1112 565 1270 624 atque
1321 556 1598 621 miraculo,
1627 558 1768 626 quod

185 643 361 696 malus
388 643 526 696 bene
557 640 742 696 fecerit
774 641 923 711 (Luc.
957 645 1073 714 l0):
1111 653 1164 698 et
1185 645 1250 697 ad
1284 655 1497 712 puteum
1529 646 1767 701 Samari~

191 744 330 787 tanac
370 734 623 801 scripturn
653 744 775 788 est:
814 734 933 788 Non
977 736 1109 788 enim
1152 747 1422 790 coutantur
1453 738 1768 806 Samaritani

183 823 383 877 Judwis
414 822 594 893 (Joan.
627 825 678 884 ιι.
707 825 782 893 9).
824 826 1078 886 Vitletttes
1107 843 1234 895 ergo
1280 828 1557 883 Samarite
1589 831 1769 884 Domi-

186 931 313 969 num
347 915 646 971 Jerusalem
679 934 922 988 pergere,
945 919 993 972 id
1016 929 1120 985 est,
1144 920 1206 974 ad
1240 919 1426 974 hostes
1453 936 1603 984 suos,
1627 921 1768 991 quod

188 1005 473 1060 audierant
512 1023 538 1058 a
571 1008 847 1076 discipulis
868 1010 1016 1077 ejus,
1044 1010 1132 1079 qtti
1165 1010 1228 1062 ad
1263 1013 1550 1078 parandum
1584 1012 1768 1087 hospi-

188 1096 318 1148 tittnt
351 1106 628 1157 venerant.
660 1098 900 1152 Judmum
950 1115 1068 1154 esse
1098 1111 1432 1169 cognoscunt
1463 1121 1477 1156 :
1525 1111 1578 1156 et
1615 1103 1769 1172 quasi

181 1187 435 1242 Juda'um
463 1199 624 1260 atque
656 1193 908 1256 alienum,
945 1203 996 1244 rt
1025 1209 1144 1244 cuin
1172 1195 1257 1262 qui
1283 1194 1346 1246 ad
1381 1193 1623 1248 inimicos
1652 1211 1770 1264 pero

182 1292 357 1348 geret,
380 1283 656 1349 suscipere
687 1282 990 1335 noluerant.
1041 1282 1378 1354 Quanquam,
1402 1292 1454 1336 et
1481 1283 1582 1336 alia
1615 1283 1768 1338 nobis

183 1370 509 1438 subjiciatur
543 1371 617 1443 (a)
651 1373 1018 1442 intelligentia,
1051 1373 1190 1441 quod
1225 1373 1512 1428 voluntatis
1563 1374 1769 1428 Domini

191 1461 373 1526 fttcrit,
407 1477 511 1514 non
565 1463 760 1532 suscipi
803 1479 831 1516 a
878 1462 1179 1530 Satttaritis,
1213 1466 1333 1534 quia
1380 1464 1663 1518 festinabat
1693 1466 1770 1519 ire

184 1551 514 1615 Jerusalem,
567 1551 746 1621 ibique
797 1554 922 1621 pati,
959 1565 1012 1607 ct
1059 1555 1372 1622 sanguinem
1430 1553 1670 1617 fundere,
1702 1566 1769 1606 ne

183 1652 484 1710 ticcmiattts
515 1644 856 1714 snserptionc
882 1643 1219 1706 Samaritica,
1242 1655 1292 1697 et
1323 1643 1562 1699 doctrina
1595 1643 1769 1713 gentis

187 1733 348 1795 illius,
381 1733 649 1802 passioais
675 1733 916 1788 differret
945 1734 1111 1796 diem,
1141 1735 1204 1787 ad
1234 1751 1392 1804 quant
1425 1744 1642 1788 venerat
1673 1751 1769 1788 su-

186 1825 518 1878 stinendam.
553 1823 703 1879 Unde
745 1825 873 1878 dicit
904 1833 957 1877 et
1003 1825 1110 1877 alio
1152 1825 1271 1878 loco
1306 1842 1318 1877 :
1367 1824 1487 1877 Non
1519 1825 1628 1877 veni
1670 1825 1769 1880 nisi

185 1918 253 1968 ad
295 1932 412 1969 oves
461 1914 688 1986 perditas
758 1914 920 1986 863
995 1915 1172 1968 domus
1215 1913 1380 1973 Israel
1428 1915 1642 1986 (Matth.
1679 1916 1767 1970 15.

183 2007 299 2075 21).
329 2007 398 2060 ΕΙ.
426 2004 694 2075 Apostolis
722 2007 974 2076 prazci'pit
999 2025 1010 2059 :
1041 2005 1300 2060 Civitatem
1328 2007 1770 2065 Samaritanorum

184 2116 286 2151 non
335 2099 593 2150 intrabitis
647 2097 807 2169 (Ibid.
845 2099 928 2158 10.
978 2098 1057 2170 5),
1105 2100 1286 2153 volens
1339 2100 1526 2154 tollere
1557 2116 1767 2154 otttncttt

185 2192 532 2246 occasionem
564 2192 958 2259 persecutionis
997 2190 1232 2244 .ludaicae
1266 2207 1281 2244 :
1325 2208 1388 2244 ne
1419 2202 1602 2261 postea
1625 2191 1769 2247 dicc-

185 2291 332 2345 rent,
365 2280 737 2335 cruciftximus
769 2297 914 2342 eum,
949 2282 1075 2349 quia
1102 2296 1159 2335 sc
1190 2281 1420 2341 inimicis
1471 2283 1688 2348 nostris,
1717 2293 1772 2340 et

191 2371 444 2424 hostibus
483 2370 757 2438 junxcrat.
792 2370 978 2424 Facies
1028 2371 1185 2439 igitur
1216 2371 1332 2439 ejus
1360 2381 1470 2424 erat
1499 2372 1771 2442 pergentis

186 2462 516 2518 Jerusalem.
584 2462 646 2515 lit
694 2461 892 2514 ideirCo
935 2461 1084 2530 juxta
1135 2461 1292 2514 aliam
1341 2461 1768 2531 intelligentiam,

187 2570 295 2612 non
331 2564 654 2622 receperunt
684 2568 804 2606 eum
835 2554 1115 2606 Samaritze
1149 2569 1162 2607 :
1198 2553 1319 2622 quia
1369 2551 1655 2607 festinabat
1686 2554 1768 2608 itt-

187 2645 334 2712 gredi
368 2642 692 2696 Jerusalem.
714 2642 783 2696 Ut
811 2651 988 2695 autem
1024 2657 1144 2696 eum
1182 2659 1286 2695 non
1321 2645 1642 2712 reciperent,
1676 2643 1770 2698 fuit

188 2735 482 2797 Dominicre
514 2733 822 2787 voluntatis.
870 2734 1106 2803 Denique
1138 2735 1376 2803 Apostoli
1404 2734 1453 2787 itt
1481 2735 1620 2804 Lege
1653 2751 1772 2789 ver-

185 2826 312 2889 sati,
354 2825 406 2878 itt
440 2841 542 2895 qua
579 2834 781 2879 tantum
807 2824 1068 2893 justitiam
1109 2834 1400 2891 noverant,
1431 2827 1639 2886 oculunt
1675 2842 1769 2896 pro

189 2919 368 2984 oculo,
398 2917 617 2972 dentem
652 2932 747 2986 pro
792 2916 972 2983 dente,
1006 2916 1186 2969 ulcisci
1221 2917 1462 2971 nituntur
1494 2917 1766 2986 injuriatn,

187 3019 237 3072 et
275 3011 472 3075 imitari
506 3009 694 3073 Ellam,
727 3008 790 3062 ad
821 3009 970 3077 cujus
999 3025 1181 3064 Vocem
1231 3009 1364 3063 duos
1391 3019 1768 3080 pentecontar-

189 3101 322 3170 chos
353 3101 584 3153 militum
628 3099 762 3168 ignis
792 3101 1161 3170 absumpserat
1194 3121 1206 3155 :
1239 3101 1527 3170 dicuntque
1566 3102 1633 3156 ad
1662 3103 1769 3157 Do-

186 3192 390 3256 trinum
425 3210 436 3243 ε
484 3189 591 3254 Vis,
618 3191 852 3255 dicimus,
889 3201 940 3243 ut
971 3192 1103 3260 ignis
1149 3191 1420 3245 descendat
1460 3193 1522 3245 de
1547 3193 1695 3260 caelo,
1725 3203 1771 3247 et

185 3293 450 3341 consumat
504 3300 587 3336 eos
636 3281 784 3350 (Luc.
816 3283 868 3336 9.
911 3283 1003 3353 51)
1029 3285 1052 3336 ?
1080 3283 1330 3346 l’ulcltre,
1374 3283 1478 3350 Vis,
1504 3285 1768 3354 inquiunt,

186 3377 406 3429 dicimus
438 3391 457 3428 .'
510 3391 629 3428 naut
662 3385 713 3428 et
748 3375 888 3428 [ﬁlias
933 3375 1142 3429 dixerat
1178 3393 1190 3428 :
1245 3375 1306 3429 Si
1338 3376 1487 3428 Itomo
1519 3376 1610 3428 Dei
1637 3394 1767 3442 sunt,

187 3448 329 3535 ignis
350 3465 623 3519 descendat
663 3465 724 3518 de
768 3464 892 3518 caelo
942 3482 1092 3535 super
1141 3482 1225 3519 vos
1273 3466 1350 3535 (ι1.
1405 3465 1533 3536 Reg.
1568 3468 1616 3519 1.
1654 3467 1768 3538 10).

190 3557 331 3629 Ergo
387 3571 443 3612 ttt
491 3557 872 3636 Apostolorum
920 3572 1107 3612 sermo
1164 3558 1503 3612 efficientiam
1555 3558 1768 3622 habeat,

197 3650 487 3704 voiuntatis
515 3661 592 3702 est
627 3648 859 3701 Domini.
885 3647 991 3700 Νλ51
1023 3648 1165 3701 enim
1198 3649 1284 3702 ille
1306 3647 1549 3718 jusserit,
1574 3649 1768 3704 irttslra

193 3740 376 3794 dicunt
428 3741 692 3808 Apo:toli,
731 3749 785 3792 ut
840 3740 977 3805 ignis
1027 3739 1318 3793 descendat
1363 3756 1522 3807 super
1571 3756 1684 3805 eos,
1717 3751 1771 3796 et

195 3832 593 3898 quodammodo
626 3831 803 3885 verbis
831 3832 946 3882 aliis
981 3830 1080 3882 hoc
1111 3830 1417 3898 loquuntur.
1451 3832 1506 3883 Si
1540 3831 1602 3884 ad
1629 3831 1770 3884 servi

201 3921 331 3974 Elim
381 3921 633 3990 injttriant
666 3921 800 3986 ignis
825 3920 1106 3973 descendit
1148 3920 1214 3972 de
1241 3923 1404 3983 emta,
1439 3929 1493 3972 et
1539 3937 1642 3973 non
1674 3919 1770 3974 Sa-

195 4014 441 4084 maritas,
469 4009 565 4063 sed
596 4009 809 4062 Juda-os
836 4011 1167 4077 consumpsit
1211 4009 1536 4074 incendium,
1567 4018 1768 4078 quanto

201 4104 372 4172 magis
400 4102 466 4154 ad
495 4110 858 4169 contemptum
887 4099 1002 4153 Filii
1035 4102 1147 4164 Dri,
1180 4101 1228 4153 in
1265 4101 1454 4170 itnpios
1477 4103 1770 4156 Sumat-itas

193 4194 351 4249 debet
381 4193 594 4247 llattnna
626 4192 860 4246 smvire?
910 4193 948 4246 Ε
993 4194 1210 4263 regione
1239 4193 1514 4258 Dominus,
1549 4194 1636 4263 qui
1667 4211 1770 4248 non

196 4285 260 4340 ad
284 4283 637 4355 jndicandum
672 4294 926 4348 venerat;
974 4284 1067 4337 sed
1110 4284 1174 4337 ad
1199 4285 1534 4346 salvantlnm,
1570 4303 1672 4338 non
1719 4287 1770 4342 in

199 4387 482 4444 potestate,
517 4375 610 4428 sed
659 4375 711 4428 in
755 4374 1076 4436 humilitate,
1111 4393 1212 4427 non
1267 4375 1316 4428 in
1364 4376 1534 4428 Patris
1579 4377 1769 4446 gloria,

201 4471 290 4523 sed
325 4471 376 4524 itt
410 4469 648 4525 hominis
680 4468 904 4530 vilitate,
931 4468 1171 4536 increpat
1200 4484 1314 4531 eos,
1351 4467 1490 4536 quod
1526 4485 1628 4520 non
1660 4485 1773 4522 tne-

200 4561 448 4615 minet'int
477 4560 738 4615 doctrina:
768 4574 898 4624 suat,
926 4570 978 4612 et
1023 4557 1276 4611 bonitatis
1329 4557 1684 4625 liv-angelicas,
1719 4559 1770 4611 itt

200 4665 296 4719 qua
315 4654 561 4709 dixerat:
587 4653 686 4716 Qui
711 4662 756 4704 te
779 4651 1076 4722 percusserit
1101 4651 1151 4704 in
1187 4651 1262 4722 (b)
1294 4651 1579 4711 maxillam,
1607 4649 1774 4720 pru'bc

201 4743 242 4793 ei
267 4752 309 4795 et
341 4745 550 4797 alterum
580 4741 790 4818 (:llattlt.
823 4741 876 4796 5.
909 4741 997 4812 59)
1024 4759 1035 4795 :
1071 4740 1156 4807 Et,
1201 4741 1404 4812 Diligite
1436 4742 1665 4796 inimicos
1692 4759 1775 4795 vc-

201 4841 326 4901 stros
356 4835 511 4907 (Luc.
539 4836 591 4892 6.
626 4836 741 4904 55).

266 4969 341 5031 (α)
371 4967 442 5032 ita
463 4970 743 5021 Ambrosius
763 4982 976 5032 quoque,
1015 4974 1068 5016 et
1090 4966 1466 5032 'l'heophilaetus
1487 4982 1533 5016 tn
1562 4969 1689 5018 hunc
1707 4967 1776 5018 lo-

205 5029 574 5080 cum'videntur
617 5029 819 5088 sentire,
867 5029 1009 5092 quam
1056 5038 1216 5077 tamen
1262 5029 1634 5090 inteligentiaat
1681 5045 1776 5079 non

209 5103 403 5150 prorsus
427 5093 666 5140 immerito
689 5094 768 5140 alit
797 5093 1081 5153 improbant,
1109 5098 1159 5139 et
1183 5103 1460 5151 repugnare
1493 5104 1626 5153 sacro
1665 5100 1777 5140 lex-

207 5154 274 5214 ttti
297 5155 607 5202 contendunt.
634 5152 872 5214 Equidem
905 5153 945 5200 si
963 5213 971 5214 ί
987 5152 1224 5201 Christum
1249 5155 1466 5214 retinere
1490 5152 1778 5200 Satttaritani

209 5209 331 5277 haud
367 5216 632 5274 valuerunt,
661 5209 786 5277 quod
808 5217 916 5277 ipse
953 5213 1214 5261 festinabat
1251 5211 1520 5277 Jerusalem
1546 5226 1778 5277 pergere,

209 5273 493 5344 quoquest:
519 5277 607 5333 eis,
633 5273 715 5344 qui
744 5273 1010 5344 voluissent
1045 5287 1163 5344 eum.
1195 5275 1465 5344 suscipere,
1491 5273 1667 5344 εμὲρὶιή
1707 5282 1780 5344 ta-_-

209 5334 533 5396 nten‘nolutt;
565 5334 680 5445 quid
710 5350 867 5386 causae
903 5336 1011 5408 fuit,
1036 5341 1087 5384 ut
1110 5334 1338 5407 discipuli
1361 5336 1466 5394 ejus
1505 5334 1708 5384 Jacobus
1733 5342 1779 5384 et

212 5401 270 5443 Jo
299 5410 412 5445 nites
449 5408 586 5445 oostu
607 5405 748 5445 arent
785 5398 1058 5445 Dominum.
1097 5405 1150 5445 ut
1188 5409 1314 5445 ttzttts
1347 5397 1674 5445 descenderet
1715 5397 1779 5445 de

212 5401 270 5443 Jo
291 5410 412 5463 gntes
449 5397 748 5463 postularent
785 5398 1058 5456 Dominum,
1097 5405 1150 5445 ut
1188 5397 1314 5458 ignis
1347 5397 1674 5463 descenderet
1705 5397 1780 5463 de

216 5457 352 5521 calo,
377 5467 428 5507 et
447 5457 764 5521 Satttaritanos
779 5462 1105 5517 combureret,
1129 5471 1227 5520 quo
1249 5468 1495 5521 acceptam
1521 5460 1584 5507 ab
1607 5461 1680 5507 eis
1705 5459 1778 5506 in-

209 5516 383 5576 juriam
412 5519 745 5569 ulcisceretur.

278 5581 349 5642 (b)
381 5582 459 5629 Sic
479 5581 592 5630 Mss.
617 5590 762 5644 atque
786 5583 901 5632 editi
939 5595 1036 5632 uno
1071 5594 1312 5630 consensu
1339 5595 1350 5630 :
1375 5580 1614 5643 Vulgata:
1655 5580 1786 5630 addit

215 5639 554 5707 dexteram,ct
579 5639 730 5707 tuam,
759 5659 960 5707 quarum
1001 5658 1171 5693 vocum
1201 5645 1352 5707 altera
1387 5639 1530 5707 etiam
1559 5645 1606 5690 in
1643 5650 1784 5707 vetu-

213 5703 434 5753 stioribus
456 5705 648 5758 Graecis
670 5703 913 5758 cedicibus
933 5707 1254 5757 desideratur.
1280 5704 1441 5756 Facile
1461 5717 1490 5755 e
1517 5707 1674 5755 veteri
1694 5704 1785 5754 La-

1540 261 1859 320 EPISTOIA
1903 262 2088 319 CXXI.

3317 275 3452 335 ~i0l8

1952 378 2108 433 CAP.
2141 378 2546 434 VL—Alteram
2574 379 2640 436 dc
2671 383 2955 454 Evangelio
2983 387 3140 442 Luca:
3173 387 3321 458 (Cap.
3355 392 3440 446 16.

1874 485 1929 523 u.
1964 471 2015 529 1.
2047 481 2092 526 et
2131 472 2274 543 sqq.)
2317 475 2754 542 qtnestiunculam
2807 481 3122 546 proposuisti
3159 499 3171 533 :
3209 482 3327 550 quis
3377 484 3446 537 sit

1877 562 2081 616 villicus
2131 563 2440 632 iniquitatis,
2468 567 2558 635 qui
2608 566 2814 621 Domini
2868 583 2997 622 vo..e
3045 569 3284 624 laudatus
3334 582 3436 627 est.

1873 651 2036 722 Cujus
2078 669 2197 708 eum
2226 657 2414 710 vellent
2461 658 2597 711 scire
2629 658 2912 718 rationem,
2950 669 3002 712 et
3044 658 3111 712 de
3159 675 3264 726 quo
3314 661 3453 716 fonte

1875 745 2216 811 processerit,
2250 746 2448 799 revolvi
2482 747 2728 800 volumen
2778 749 3152 818 Evangelicum
3189 791 3205 814 ,
3234 762 3286 803 et
3318 751 3447 806 inter

1871 843 2064 887 castera
2122 837 2331 904 reperi;
2381 837 2520 904 quod
2591 840 3147 909 appropinquantibus
3194 839 3452 899 Salvatori

1878 923 2197 994 publicanis,
2231 935 2285 977 et
2314 929 2706 995 peccatoribus,
2753 939 2810 982 ut
2857 929 3104 988 audirent
3133 948 3278 996 eum,
3309 949 3454 988 tnur-

1871 1016 2154 1070 tnurabant
2200 1016 2453 1083 Pharisari
2501 1030 2552 1073 ct
2577 1018 2797 1085 Scribat,
2833 1021 3112 1078 dicentes:
3151 1023 3322 1088 Quare
3363 1025 3451 1078 iste

1872 1114 2156 1174 peccatores
2185 1108 2414 1176 suscipit,
2457 1119 2502 1163 et
2529 1113 2740 1165 comedit
2786 1129 2900 1166 cum
2929 1113 3000 1167 eis
3046 1113 3194 1185 (Luc.
3234 1115 3320 1168 15.
3346 1114 3448 1184 2)?

1871 1195 1970 1268 Qui
2018 1197 2227 1252 locutus
2253 1210 2336 1254 est
2383 1201 2461 1255 eis
2513 1203 2816 1268 parabolam
2869 1213 3081 1259 centum
3131 1205 3308 1259 ovium
3337 1248 3352 1272 ,
3403 1216 3452 1264 ct

1873 1290 2030 1342 unius
2072 1291 2316 1359 perdite,
2341 1309 2459 1362 qua:
2489 1293 2697 1350 inventa
2729 1297 2955 1363 pastoris
2986 1298 3222 1350 humeris
3263 1311 3453 1365 repor~

1873 1387 1978 1434 tata
2018 1391 2121 1435 est.
2153 1383 2220 1436 Et
2245 1398 2340 1438 cur
2368 1395 2511 1440 esset
2818 1388 3113 1457 proposita,
3145 1389 3323 1442 statim
3374 1388 3450 1441 in-

1873 1473 2028 1527 tulit:
2063 1473 2191 1528 Dico
2239 1475 2395 1542 vobis,
2423 1478 2495 1531 sic
2531 1461 2622 1531 erit
2668 1480 2910 1548 gaudium
2951 1481 3002 1534 in
3034 1481 3156 1534 ctrlo
3179 1499 3330 1550 super
3354 1499 3452 1536 uno

1873 1574 2133 1633 peccatore
2165 1567 2509 1635 paenitentiam
2539 1579 2735 1640 agente,
2756 1572 2916 1639 magis
2943 1587 3092 1639 quam
3110 1562 3273 1640 super
3296 1589 3449 1625 nona.

1869 1656 2011 1724 ginta
2051 1672 2227 1710 novent
2268 1659 2435 1726 iustis.
2490 1660 2576 1726 qui
2618 1675 2717 1713 non
2748 1660 2929 1716 habent
2969 1679 3094 1731 Opus
3139 1665 3448 1732 pauitantia.

1870 1748 2045 1802 Aliam
2074 1763 2285 1816 quoque
2315 1750 2622 1817 parabolam
2652 1751 2842 1806 decem
2869 1751 3249 1806 drachmarum
3281 1756 3449 1808 unius.

1870 1853 1974 1907 que
2025 1839 2270 1907 perditae,
2319 1849 2371 1894 et
2419 1850 2650 1908 reperta:
2693 1856 2814 1896 cum
2865 1842 3251 1911 proposuisset,
3287 1845 3444 1898 sintili

1871 1945 1986 1983 cant
2013 1929 2114 1984 line
2135 1929 2447 2000 complevit.
2465 1929 2556 1986 Sic
2576 1929 2692 1986 dico
2713 1931 2870 1996 vobis,
2888 1932 3132 2002 gaudium
3164 1935 3254 1985 erit
3277 1950 3446 1986 coram

1871 2020 2075 2085 Anqelis
2118 2019 2212 2074 Dei
2240 2037 2393 2090 super
2431 2038 2528 2075 uno
2562 2032 2824 2094 peccatore
2870 2023 3216 2092 paenitentiam
3247 2037 3446 2093 agente.

1874 2111 1967 2166 Tot
1985 2113 2110 2164 tiam
2143 2127 2356 2181 quoque
2402 2112 2714 2181 parabolam
2762 2114 3043 2182 proposuit
3089 2112 3324 2166 hominis
3357 2114 3450 2165 ha-

1873 2201 2048 2255 bentis
2063 2201 2198 2262 duos
2231 2202 2395 2266 filios,
2417 2211 2472 2254 ct
2490 2201 2779 2256 dividentis
2801 2202 2938 2255 inter
2955 2217 3049 2256 eos
3080 2204 3450 2256 substantiam.

1873 2293 2113 2362 Cumque
2146 2294 2321 2348 minor
2351 2293 2692 2348 facultatibus
2725 2292 2967 2362 perditis,
2988 2309 3149 2362 egere
3177 2293 3448 2361 erupisse,

1873 2395 1928 2440 et
1955 2386 2240 2442 comedere
2271 2387 2516 2456 siliquas,
2553 2402 2839 2456 porcorum
2869 2388 3078 2452 cibum,
3110 2403 3354 2442 reterstts
3385 2391 3451 2440 ad

1876 2485 2102 2546 patrem,
2121 2486 2406 2544 susceptus
2433 2476 2501 2530 ab
2532 2491 2599 2530 eo
2625 2487 2730 2531 est.
2763 2477 2951 2532 Frater
2977 2492 3186 2547 queque
3213 2479 3452 2531 invidens

1873 2567 2072 2630 Settior,
2110 2567 2278 2636 patris
2307 2582 2436 2622 voce
2483 2577 2767 2636 correptus
2806 2576 2910 2631 est,
2955 2568 3096 2637 quod
3141 2569 3304 2621 tartari
3354 2569 3450 2622 de-

1874 2659 2072 2723 buerit,
2101 2669 2152 2714 et
2181 2660 2437 2731 gaudere,
2462 2661 2587 2730 quia
2621 2660 2790 2716 frater
2816 2660 2930 2731 ejus
2977 2672 3216 2716 mortuus
3247 2662 3440 2727 fui-rat,

1872 2762 1924 2806 et
1954 2752 2146 2807 revixit
2182 2769 2195 2805 :
2246 2752 2486 2820 perditus
2529 2761 2668 2818 erat,
2706 2761 2760 2807 et
2792 2753 3039 2807 inventus
3068 2765 3171 2806 est.
3206 2753 3310 2806 "-IS
3340 2763 3451 2808 tres

1875 2843 2152 2912 parabolas
2179 2853 2365 2897 contra
2411 2843 2734 2908 Pharis-.cos,
2762 2853 2818 2897 et
2856 2844 3070 2898 Seribas
3102 2844 3310 2896 locutus
3341 2855 3444 2908 est,

1875 2936 1961 3005 qui
1993 2937 2249 2990 nolebant
2295 2936 2535 3004 recipere
2581 2937 2946 3006 peeuitemiam
2999 2947 3360 3006 peccatorum,
3393 2949 3448 2992 et

1875 3025 2288 3080 l’ublicanorum
2335 3028 2590 3082 salutem.
2637 3026 2846 3082 Dicebat
2875 3039 3063 3089 autem,
3099 3029 3286 3097 inqttit,
3313 3040 3357 3081 et
3384 3033 3452 3080 ad

1873 3116 2153 3186 discipulos
2191 3132 2308 3170 suos
2360 3115 2520 3188 (Ibid.
2575 3119 2661 3172 16.
2717 3117 2792 3189 1),
2847 3117 2987 3172 haud
3041 3119 3280 3184 dubium,
3326 3123 3450 3188 quin

1875 3209 2210 3278 parabolatn,
2241 3208 2377 3262 sicut
2433 3209 2579 3278 prius
2630 3209 2694 3264 ad
2746 3209 2998 3274 Scribas,
3033 3220 3087 3264 et
3119 3211 3450 3264 l‘llat'ismtm:

1874 3314 1977 3368 qua
2009 3299 2261 3367 parabola
2293 3299 2358 3351 ad
2408 3299 2748 3354 clementiam
2782 3300 3080 3368 discipulos
3125 3303 3452 3361 hortaretur,

1875 3404 1928 3446 ct
1956 3393 2077 3447 aliis
2102 3391 2307 3446 diceret
2348 3393 2529 3446 verbis
2566 3409 2580 3445 :
2625 3391 2852 3455 Dimitte,
2895 3402 2940 3445 et
2993 3394 3275 3446 dimittetur
3313 3379 3455 3444 iubis

1875 3482 2028 3554 (Luc.
2060 3483 2112 3538 6.
2145 3484 2236 3555 7);
2271 3493 2327 3538 ut
2355 3484 2406 3536 in
2445 3482 2699 3537 Oratione
2751 3484 3026 3537 Dominica
3082 3485 3247 3538 libera
3281 3483 3456 3538 fronte

1875 3577 2133 3644 poscatis,
2167 3574 2378 3627 Dimitte
2425 3575 2566 3628 nobis
2597 3574 2760 3627 debita
2792 3585 2986 3640 nostra,
3022 3575 3149 3628 sicut
3178 3585 3223 3628 ct
3249 3593 3340 3628 nos
3370 3579 3456 3628 di-

1875 3667 2118 3720 mittimus
2162 3666 2470 3720 debitoribus
2511 3667 2697 3720 nostris
2739 3666 2955 3738 (Mattlt.
2993 3668 3043 3722 6.
3082 3667 3188 3736 12).
3219 3670 3348 3736 Quae
3373 3680 3456 3724 est

1874 3771 2002 3826 ergo
2058 3757 2305 3825 parabola
2371 3756 2434 3810 ad
2488 3758 2831 3811 clementiam
2899 3757 3192 3823 discipulos
3257 3759 3455 3811 Cttl:Ot‘-

1879 3849 2076 3902 tantis?
2109 3846 2274 3899 llonto
2305 3848 2509 3915 quidam
2533 3857 2638 3900 erat
2681 3849 2836 3909 dives,
2861 3847 2946 3914 qui
2991 3846 3201 3899 habebat
3231 3849 3458 3901 villicum

1878 3937 2028 4010 (Luc.
2079 3938 2163 3990 16.
2204 3938 2256 4005 1)
2288 3938 2408 3992 sive
2437 3938 2860 4005 dispensatorem,
2893 3937 2994 3990 hoc
3039 3937 3183 3990 enim
3214 3942 3457 4010 olm-adpsi

1877 4029 2161 4096 significat.
2186 4028 2404 4082 Villiens
2426 4026 2495 4099 (c)
2535 4037 2713 4081 autem
2739 4028 2952 4097 proin-ie
2977 4028 3112 4082 villa:
3133 4026 3458 4098 gubernatoi

1877 4131 1980 4185 est,
2003 4120 2139 4173 tutde
2182 4131 2234 4174 et
2267 4134 2294 4172 a
2320 4119 2441 4171 villa
2485 4119 2695 4172 villicus
2722 4134 2918 4174 nomen
2947 4121 3172 4187 accepit.
3202 4125 3459 4187 Olmie/io;

1877 4221 2052 4266 autem
2080 4223 2183 4264 tam
2218 4211 2486 4278 pecuniae,
2517 4225 2675 4277 quam
2711 4210 2940 4275 frugum,
2975 4220 3026 4265 et
3054 4211 3292 4264 omnium
3336 4229 3463 4280 qua:

1877 4304 2126 4357 dominus
2175 4301 2431 4372 possidet,
2463 4301 2802 4370 dispensator
2843 4313 2944 4358 est.
2986 4304 3154 4366 Unde,
3185 4313 3238 4357 et
3280 4309 3460 4358 οἰκονςη

1874 4407 2010 4461 μικὲς
2044 4394 2414 4464 Xenophontis
2465 4396 2857 4462 pulcherrimus
2905 4395 3042 4450 liber
3079 4407 3179 4456 est.
3220 4397 3308 4465 qni
3348 4412 3464 4456 non

1878 4487 2315 4554 gubernationem
2365 4485 2527 4549 villae,
2566 4484 2660 4538 sed
2703 4485 3152 4555 dispensationem
3198 4487 3462 4540 universas

1879 4577 2066 4632 domus
2094 4575 2313 4646 (Tullio
2357 4574 2788 4643 interpretante)
2819 4575 3102 4643 significat.
3143 4573 3249 4627 Iste
3298 4574 3468 4642 igituc

1879 4667 2216 4734 diSpensator
2252 4677 2535 4719 accusatus
2564 4674 2646 4720 est
2687 4665 2752 4718 ad
2798 4664 3074 4718 dominum
3107 4679 3286 4728 suum,
3311 4666 3462 4732 quod

1880 4758 2165 4826 dissiparet
2190 4758 2545 4810 substantiam
2574 4755 2706 4824 ejus.
2745 4754 2863 4821 Quo
2895 4763 3085 4807 vocato
3110 4754 3281 4809 dixit:
3319 4754 3464 4819 Quid.

1881 4852 1974 4902 Itoc
2004 4850 2156 4901 audio
2183 4853 2244 4900 de
2274 4849 2359 4901 te?
2405 4847 2575 4898 lit-dde
2616 4847 2861 4897 rationem
2913 4845 3305 4912 dispensationis
3336 4857 3461 4910 tute,

1883 4955 2038 5010 neque
2057 4940 2189 4992 enim
2217 4940 2351 4989 ultra
2376 4953 2483 4988 meo
2508 4935 2692 5006 poteris
2714 4936 3025 5006 dispensare.
3045 4934 3179 5002 Quid
3207 4935 3336 4989 dixit
3367 4938 3447 4998 ἰιιιε

1885 5156 1982 5204 tina
2008 5154 2411 5215 interpretatione
2448 5161 2656 5216 utraque
2680 5153 2866 5216 aberat,
2910 5167 3018 5202 nam
3053 5161 3104 5204 et
3135 5153 3470 5214 Tertullianua

1882 5218 1944 5264 de
1969 5217 2208 5278 Patientia
2228 5228 2331 5278 cap.
2353 5216 2399 5263 7.
2433 5215 2706 5265 Verberanti
2729 5222 2773 5264 te
2796 5215 2844 5263 in
2866 5215 3056 5278 faciem,
3095 5216 3236 5266 etiam
3260 5216 3462 5269 alteram

1882 5277 2277 5340 genamobverte.

1949 5338 2032 5402 (c),
2054 5339 2149 5386 Pro
2169 5350 2474 5402 quocumque
2495 5337 2852 5402 dispensatore,
2876 5345 2928 5387 et
2951 5339 3153 5402 custode
3185 5342 3465 5402 generatim

1887 5401 2136 5460 accipitur,
2175 5399 2466 5448 maximein
2498 5400 2716 5460 sequiori
2751 5407 2913 5449 :Elule.
2961 5399 3230 5450 Cassiodor.
3275 5401 3461 5452 Variar.

1887 5460 1945 5525 γ.
1974 5461 2120 5520 epist.
2145 5460 2226 5508 59.
2243 5462 2307 5525 ad
2332 5461 2413 5508 (in.
2445 5478 2468 5507 ι
2489 5461 2996 5525 νίιηεονιιηιιιυοςιυε
3035 5476 3211 5523 genus,
3251 5463 3376 5525 quod
3402 5465 3462 5514 ad

1887 5521 2161 5586 damnosam
2184 5523 2440 5571 tuitionem
2461 5531 2736 5586 queramur
2774 5521 3056 5583 inventum,
3070 5533 3164 5573 tam
3185 5526 3248 5574 de
3271 5521 3464 5586 'jrivata

1890 5585 2222 5649 possessione,
2238 5597 2380 5649 quam
2405 5582 2595 5646 publica
2622 5582 2834 5633 funditus
2857 5582 3076 5649 volumus
3094 5582 3325 5647 amoveri,
3351 5589 3468 5649 quia

1890 5643 1984 5691 non
2006 5643 2520 5716 _est.def_eusio,_qua3
2561 5651 2816 5707 [irtrstatur
2849 5648 3012 5707 invitis
3035 5661 3049 5698 :
3074 5643 3469 5716 suspectuin'est

1893 5705 2020 5767 quod
2045 5707 2291 5770 patiuntur
2313 5705 2555 5758 uolentes.
