4026 6186
627 257 762 314 “HQ

627 383 707 426 tra
731 373 1076 444 semetipsum
1096 392 1107 426 :
1127 373 1260 438 Quid
1276 372 1478 443 faciam,
1493 373 1609 442 quia
1623 372 1854 428 dominus
1883 389 2020 428 meus
2036 377 2199 444 aufert

627 480 659 517 α
715 481 792 519 me
838 465 1310 534 dispensationem?
1375 464 1580 519 Fodere
1629 482 1730 520 non
1778 467 1954 532 valeo,
2006 467 2201 520 incudi-

623 575 738 612 care
805 559 966 628 865
1039 557 1287 612 erubesco.
1339 559 1460 614 Scio
1487 561 1609 631 quid
1651 562 1857 631 faciam,
1906 575 1960 616 ut
1997 564 2202 632 quando

622 648 818 700 sublata
843 647 968 699 milii
991 648 1143 718 fuerit
1167 649 1495 718 dispensatio,
1528 653 1808 721 suscipiant
1843 669 1922 706 me
1947 654 1999 707 in
2026 654 2202 710 domos

619 754 755 790 suas.
795 736 1002 791 Vocavit
1043 740 1211 810 itaque
1253 743 1478 813 singulos
1521 744 1766 800 debitores
1791 747 1983 800 domini
2020 748 2121 810 sui,
2154 757 2201 802 et

617 827 746 880 dixit
783 830 948 896 primo
971 845 990 882 :
1023 829 1276 895 Quantum
1315 834 1462 887 debes
1501 835 1716 889 Domino
1747 838 1904 891 meo?
1929 837 2030 902 Qui
2070 838 2199 891 dixit

615 917 664 969 ei
690 932 715 969 :-
733 915 942 971 Centum
973 921 1113 974 batos
1143 922 1260 976 olei.
1287 923 1372 976 Ait
1396 924 1476 978 illi
1500 940 1518 978 :
1551 924 1693 979 Tolle
1721 929 2004 981 cautionem
2037 939 2195 997 tuam,

613 1016 658 1060 et
683 1007 859 1062 sedens
882 1011 1001 1076 cito,
1029 1013 1190 1068 scribe
1212 1015 1595 1086 quinquaginta.
1627 1017 1823 1072 Deinde
1850 1021 1918 1071 ad
1943 1021 2099 1074 alium
2121 1021 2198 1075 lo-

613 1107 754 1151 cutus
785 1111 854 1152 est
873 1116 892 1154 :
923 1100 998 1155 Tu
1023 1113 1189 1156 autem
1217 1116 1460 1174 quantum
1487 1107 1670 1162 debes?
1695 1110 1760 1162 At
1788 1110 1874 1164 ille
1897 1113 2196 1183 respondit:

613 1185 824 1240 Centum
845 1205 994 1244 coros
1005 1193 1174 1246 tritici.
1201 1193 1440 1262 Dixitque
1462 1199 1507 1250 ei
1531 1214 1549 1252 :
1575 1198 1714 1253 Tolle
1733 1204 2010 1256 cautionem
2032 1214 2192 1270 tuam,

612 1286 658 1328 et
677 1278 836 1333 scribe
860 1288 1132 1351 octoginta.
1167 1285 1232 1338 Et
1263 1287 1490 1341 laudavit
1520 1289 1766 1345 Dominus
1806 1293 2049 1360 villicum,
2083 1295 2195 1350 sive

613 1366 1017 1434 dispensatorem
1034 1374 1328 1442 iniquitatis,
1373 1380 1509 1445 quod
1536 1383 1808 1450 prudenter
1836 1386 2050 1453 fecerit:
2075 1388 2194 1454 quia

612 1458 710 1524 ﬁlii
735 1461 908 1514 διερριιί
937 1463 1091 1533 hujus
1114 1469 1461 1534 prudentiores
1486 1482 1601 1525 sunt
1626 1473 1747 1540 [illis
1775 1476 1901 1529 lucis
1951 1478 2001 1530 in
2044 1496 2195 1547 gene-

611 1551 807 1604 ratione
831 1569 942 1608 sua.
975 1553 1042 1608 Et
1078 1573 1168 1626 ego
1206 1561 1330 1612 dico.
1347 1563 1502 1627 vobis,
1547 1564 1698 1632 facite
1728 1567 1861 1620 vobis
1901 1570 2090 1623 amicos
2131 1571 2195 1624 de

611 1638 782 1707 iniquo
831 1659 1066 1698 mamona
1092 1662 1110 1699 :
1133 1658 1187 1700 ut
1232 1651 1432 1715 quando
1468 1653 1769 1722 defeceritis,
1818 1659 2063 1726 recipiant
2107 1675 2192 1714 vos

611 1728 664 1780 in
687 1740 873 1784 (eterna
901 1733 1240 1790 tabernacula.
1277 1738 1375 1802 Qui
1409 1742 1576 1808 ﬁdelis
1603 1754 1675 1796 est
1719 1747 1771 1799 in
1815 1763 2000 1816 parvo,
2051 1760 2096 1802 et
2138 1753 2191 1804 in

609 1821 767 1873 multo
788 1822 957 1888 ﬁdelis
978 1835 1070 1879 est.
1104 1827 1202 1893 Qui
1219 1830 1425 1884 minimo
1441 1835 1641 1903 iniquus
1654 1847 1746 1903 est,
1767 1848 1813 1891 et
1839 1840 1890 1892 in
1913 1842 2070 1894 multo
2091 1843 2190 1895 ini-

613 1926 742 1979 quus
771 1913 887 1965 erit.
931 1915 999 1969 Si
1043 1932 1160 1988 ergo
1188 1919 1239 1972 in
1270 1920 1440 1992 iniquo
1470 1940 1705 1979 mamona
1734 1929 1908 1996 ﬁdeles
1943 1947 2043 1984 non
2087 1934 2190 2003 fui-

606 2000 714 2065 stis,
747 2004 884 2071 quod
907 2021 1077 2060 verum
1102 2020 1193 2075 est,
1232 2013 1344 2083 quis
1382 2017 1548 2070 credet
1574 2017 1751 2072 vobis?
1778 2020 1841 2074 Et
1879 2023 2187 2080 siin-alieno

607 2089 785 2157 ﬁdeles
815 2109 924 2147 non
937 2095 1128 2164 fuistis,
1163 2104 1299 2170 quod
1326 2115 1540 2159 oestrum
1567 2117 1659 2173 est,
1707 2112 1818 2178 quis
1846 2113 1982 2170 dabit
2008 2118 2142 2172 vobis
2162 2119 2188 2171 Σ)

607 2179 774 2236 Nemo
812 2201 982 2241 servus
1006 2199 1167 2259 potest
1188 2193 1383 2249 duobus
1424 2195 1660 2256 Dominis
1687 2205 1872 2258 servire
1894 2221 1914 2259 :
1938 2219 2026 2261 aut
2054 2211 2187 2265 enim

604 2288 758 2327 unum
780 2274 977 2332 habebit
1002 2281 1139 2346 odio,
1164 2292 1216 2337 et-
1233 2286 1444 2342 alterum
1464 2289 1638 2362 diliget
1660 2304 1786 2348 :-aut
1814 2312 1970 2352 ununi
1991 2301 2181 2366 audiet,

602 2373 651 2416 et
672 2366 885 2420 alterum
905 2381 1202 2428 contemnet.
1227 2375 1347 2432 Non
1367 2384 1580 2447 potestis
1607 2383 1714 2440 Deo
1737 2390 1940 2458 servire,
1985 2401 2033 2447 et
2069 2411 2182 2448 ma-

601 2474 786 2512 monte.
811 2462 1096 2519 Audiebant
1119 2479 1286 2523 autem
1309 2473 1416 2527 haec
1446 2477 1614 2530 omnia
1635 2477 1906 2548 Pltaristei,
1931 2486 2016 2553 qui
2040 2496 2183 2542 erant

600 2552 763 2619 avari,
804 2563 851 2606 et
887 2556 1261 2616 subsannabant
1288 2563 1457 2621 illum.
1489 2567 1680 2624 Totum
1725 2552 1992 2641 parabola:
2023 2577 2180 2648 hujus

606 2650 810 2698 textum
839 2649 1012 2716 posuit,
1046 2659 1103 2705 ut
1148 2669 1252 2709 non
1301 2657 1456 2714 nobis
1509 2660 1918 2733 intelligentiam
1966 2669 2181 2728 aliunde

601 2748 928 2804 quieran‘tus,
980 2749 1034 2794 el.-
1075 2741 1127 2796 in
1173 2746 1421 2812 parabola
1468 2761 1645 2807 certas
1677 2756 1908 2811 nitamur
1939 2759 2179 2818 invenire

598 2839 895 2894 personas;
943 2831 1036 2885 sed
1081 2833 1499 2906 interpretemur
1522 2858 1638 2897 eam
1667 2847 1817 2914 quasi
1848 2850 2172 2918 parabolam,

597 2915 700 2971 hoc
729 2929 809 2973 est
837 2921 1262 2991 similitudinem,
1291 2945 1410 3000 quzo
1437 2933 1505 2988 ab
1526 2950 1590 2988 eo
1610 2946 1829 2992 vocatur
1849 2915 1992 3010 quod
2021 2945 2176 3000 alteri

595 3014 982 3079 παραβάλλεται,
1015 3012 1116 3069 hoc
1144 3026 1246 3082 est,
1294 3021 1641 3091 assitnilatur,
1694 3037 1748 3082 et
1790 3033 1939 3099 quasi
1991 3035 2174 3091 umbra

593 3100 853 3167 praevium
903 3107 1142 3163 veritatis
1191 3121 1292 3166 est.
1340 3111 1402 3169 Si»
1450 3130 1581 3187 ergo
1625 3119 1963 3190 dispensator
2007 3126 2172 3199 iniqui

591 3204 876 3260 mamome,
922 3197 1132 3255 Domini
1183 3218 1313 3260 voce
1354 3206 1620 3279 laudatur,
1642 3214 1782 3282 quod
1811 3215 1878 3271 de
1905 3233 1964 3272 re
1994 3219 2172 3290 iniqua

591 3281 692 3336 sibi
713 3284 982 3382 justitiam
1015 3297 1328 3362 praeparavit
1347 3315 1361 3352 :
1383 3307 1438 3354 et
1458 3315 1645 3370 passus
1670 3281 1953 3376 dispendia
1987 3281 2170 3367 Domi-

589 3377 925 3440 nusflaudat
945 3380 1332 3451 dispensatoris
1359 3392 1715 3460 prudentiam,
1743 3399 1885 3465 quod
1915 3401 2170 3460 adversus

589 3461 873 3520 Dominum
901 3470 1121 3538 quidem
1143 3474 1524 3548 fraudulenter,
1555 3485 1654 3539 sed
1689 3461 1785 3555 pro
1804 3503 1863 3543 se
1880 3492 2172 3559 prudenter

586 3554 790 3622 egerit:
819 3569 1018 3627 quanto
1063 3567 1232 3635 magis
1270 3566 1515 3627 Christus
1543 3575 1632 3644 qui
1685 3554 2165 3640 nullunidamnum

585 3643 852 3702 sustinere
879 3658 1074 3718 potest,
1105 3665 1159 3709 et
1187 3672 1384 3726 pronus
1403 3671 1483 3717 est
1505 3643 1570 3718 ad
1599 3665 1957 3736 clementiam,
1985 3672 2168 3730 lauda-

585 3732 667 3786 bit
695 3733 986 3808 discipulos
1014 3757 1161 3813 suos,
1195 3749 1237 3802 si
1266 3749 1316 3803 in
1344 3766 1438 3806 eos
1457 3755 1544 3824 qui
1567 3758 1819 3814 credituri
1845 3732 2166 3840 [al.Icrediu]

582 3823 686 3880 sibi
736 3839 881 3896 sunt,
915 3833 1290 3894 misericordes
1323 3823 1557 3900 iuerint?
1589 3847 1826 3920 Denique
1854 3866 1973 3922 post
2005 3872 2163 3926 para-

584 3914 764 3973 bolam
785 3919 992 3978 intulit:
1020 3924 1090 3979 Et
1119 3944 1209 3998 ego
1232 3931 1369 3986 vobis
1393 3934 1527 4003 dico,
1557 3937 1712 4007 facile
1737 3914 1872 3997 nobis
1893 3914 2082 4015 antibo;
2103 3949 2166 4004 de

580 4001 756 4077 iniquo
781 4026 1040 4069 mamona.
1090 4017 1334 4077 Maniona
1386 4035 1588 4095 autem,
1636 4046 1742 4085 non
1788 4033 2158 4105 Hebraeorum,

581 4103 677 4151 sed
708 4100 964 4170 Syrorum
1012 4107 1209 4178 lingua,
1243 4111 1441 4169 divitiae
1483 4133 1878 4194 nuncupantur,
1907 4128 1984 4199 (a)
2017 4100 2161 4201 quod

575 4190 744 4261 ses
813 4194 882 4250 de
930 4197 1210 4269 iniquitate
1247 4205 1488 4265 cont-cu:
1535 4190 1677 4270 sint.
1722 4217 1778 4272 Si
1808 4190 1938 4291 ergo
1966 4190 2162 4294 iniqui-

578 4289 661 4336 tas
707 4283 847 4340 bene
901 4288 1204 4360 dispensata
1253 4301 1478 4357 vertitur
1525 4305 1576 4359 in
1621 4283 1926 4377 justitiani:
1957 4283 2158 4384 quanto

575 4374 747 4444 magis
776 4390 962 4436 sermo
991 4382 1225 4452 divinus,
1269 4389 1322 4444 in
1350 4407 1456 4462 quo
1489 4374 1636 4451 nulla
1655 4410 1738 4455 est
1765 4374 2038 4473 iniquitas,
2065 4409 2157 4478 qui

574 4473 632 4520 et
660 4467 933 4538 Apostolis
956 4477 1192 4536 creditus
1227 4491 1330 4552 est,
1375 4486 1423 4540 si
1451 4488 1586 4546 bene
1607 4491 1768 4549 fuerit
1793 4467 2153 4567 dispensatus,

573 4559 976 4631 dispensatores
1005 4585 1130 4628 suos
1177 4574 1372 4634 levabit
1427 4581 1477 4636 in
1531 4585 1760 4641 coelum?
1789 4589 2150 4656 Quamobrem

574 4653 854 4721 sequitur:
893 4658 997 4726 Qui
1017 4663 1187 4731 [idelis
1216 4679 1287 4723 est
1317 4672 1369 4724 in
1399 4673 1628 4740 minimo,
1663 4676 1765 4733 hoc
1786 4693 1867 4734 est
1895 4683 1946 4736 in
1971 4699 2151 4740 carna-

567 4744 730 4814 libus,
761 4759 814 4804 et
839 4751 892 4806 in
922 4756 1096 4811 multis
1119 4760 1286 4827 ﬁdelis
1302 4765 1415 4829 erit,
1448 4765 1548 4821 hoc
1572 4779 1653 4823 est
1680 4771 1730 4824 in
1758 4773 2142 4843 spiritualibus.

634 4901 708 4994 Si?
737 4904 937 4994 ΞΞΪΞῘΡΙΞΞ
964 4916 1274 4994 ἓῗητέἐέλέίίέξη
1286 4931 1478 4994 Δροεὶφ
1518 4935 1631 4972 εδει)
1665 4927 1930 4994 arbitratus
1963 4941 2054 4994 est.
2097 4941 2150 4985 et

573 4961 699 5012 torte
736 4967 941 5019 deduxit
963 4985 1026 5021 ex
1065 4961 1640 5063 pri"ét"p5,"iiin5i3it

560 5050 747 5140 quipp:
988 5050 1411 5140 etniniquitasest.
1449 5067 1560 5130 Ipse
1596 5077 1739 5125 etiam
1773 5078 1826 5128 S.
1869 5050 2088 5138 Irenazus
2111 5091 2141 5140 Ι.

559 5112 610 5203 Ξ
636 5112 966 5203 ιἔκλιιξεευρσ
985 5132 1128 5203 quam
1151 5112 2146 5203 adiectionem

1001 5173 1018 5183 _
1254 5173 1490 5182 ---η----η
1537 5173 1929 5198 --η-γνυιιιυυιτιιι
1967 5173 2030 5198 uc
2055 5173 2141 5203 IIUC

561 5173 1238 5264 ﬁngentuﬂsed
1262 5192 1407 5264 cubat
1445 5193 1500 5264 in.
1531 5199 1709 5247 mendo
1742 5201 1894 5254 locus.
1931 5173 2141 5264 ‘lntcrim

558 5230 818 5285 Chaldaice
842 5251 902 5337 ac
935 5230 1244 5304 Syrer'unur—n
1265 5230 1362 5337 Vest
1389 5230 1628 5316 verbum:
1911 5230 2142 5337 qu:

559 5307 678 5337 lpmi
697 5307 793 5337 nvi:
813 5307 839 5337 ir
865 5309 1038 5337 :Amnln
1065 5322 1261 5337 ..ι,....--
1311 5335 1337 5337 ,-
1357 5322 1433 5337 tu.
1490 5325 1518 5337 ..
1558 5328 1582 5337 ._
1598 5329 1608 5337 .
1823 5336 1827 5337 ,

559 5307 1266 5398 L‘ffﬂ'ﬁiiff‘ff’jna‘ei'wawi
1279 5307 2014 5398 διωθεῖςηάίνίιίὲιεέἧιίἶεῖἷεῖιέῐίἰ

556 5371 944 5458 qg'eqp‘rmgipue,
979 5388 1091 5448 qua;
1127 5378 1268 5430 alteri
1307 5371 2139 5458 committere"

557 5435 1513 5518 ﬁgam“:nis_etyniologiam,
1542 5435 1658 5512 post

677 5485 686 5494 .
794 5481 812 5488 _
976 5481 1115 5489 νίκη---
1155 5481 1513 5508 ννδιι-ν-νοιυιιι,
1551 5481 1658 5512 ιιυοι
1698 5481 1852 5508 ὶίιΓΙίΙδ

554 5481 803 5556 hominum
825 5495 1095 5556 opiniones,
1121 5515 1215 5551 non
1238 5505 1381 5556 aliam
1416 5519 1637 5571 putamus
1674 5531 1803 5581 esse,
1847 5537 1988 5586 quam
2026 5543 2138 5590 qua:

854 5567 912 5590 υἱ
955 5555 1197 5590 "nhs-ain“
1225 5569 1398 5590 Μ-.-
1440 5574 1570 5590 ,ημγιρ
1593 5576 1640 5590 μ-

721 5548 729 5556 ι
857 5544 869 5553 ,
1031 5544 1095 5556 η,
1121 5544 1215 5551 η---
1238 5544 1381 5556 .........
1416 5544 1637 5571 γυιωιιιυδ
1674 5544 1803 5581 casu,
1847 5544 1988 5586 quam
2026 5544 2138 5590 qua:

552 5544 812 5648 deducitur
854 5567 918 5601 ex
946 5555 1197 5648 ilebraico
1225 5569 1398 5648 muri
1432 5574 1673 5639 credidit,
1711 5595 1772 5630 ex
1813 5598 1910 5646 quo
1947 5595 2138 5646 nam

551 5634 811 5706 creditum,
831 5646 958 5711 quod
981 5648 1154 5720 Graece
1175 5634 1251 5727 est
1275 5669 1464 5723 sunt,“
1499 5669 1603 5716 sive
1640 5672 1810 5731 [ωηηῶ
1838 5679 1954 5740 Qum
1979 5683 2130 5736 me“

551 5703 763 5740 UI‘L'L'ILIO
785 5713 956 5740 llnrum
983 5708 1231 5740 κνοω-..ιι
1261 5721 1347 5740 ι..-ε
1370 5739 1375 5740 ,
1766 5737 1769 5740 .

551 5703 763 5747 metatio
785 5703 956 5756 mirum
982 5703 1822 5796 ΕνεωεςοιίἶΙῦἶῑῖέᾘίίιῶῒυιῖἕέίίξί,

1909 257 2151 318 5ΑΝ(,;ΤΙ
2190 260 2250 315 ill
2263 260 2436 316 iiRON
2446 260 2560 316 ΥΜΙ
2573 301 2586 317 .

3767 291 3924 350 τωο

2311 376 2409 442 Qui
2438 387 2601 431 autent
2625 381 2675 433 in
2704 398 2859 450 parvo
2879 385 3082 456 iniquus
3101 401 3193 457 est,
3222 403 3273 448 ut
3303 409 3408 452 non
3432 398 3524 457 det
3554 403 3827 463 fratribus
3847 416 3913 468 ad

2307 469 2584 536 utendum,
2613 475 2755 542 quod
2784 493 2812 530 a
2840 478 2947 533 Deo
2976 495 3074 550 pro
3100 489 3347 544 omnibus
3375 502 3458 547 est
3487 507 3773 566 creatura;
3805 503 3915 560 iste

2306 568 2360 612 et
2390 561 2442 614 in
2473 562 2732 630 spirituali
2759 571 2983 636 pecunia
3003 573 3282 632 dividenda
3305 581 3519 653 iniquus
3545 591 3689 655 erit;
3717 561 3776 646 ut
3793 611 3910 650 non

2306 667 2404 721 pro
2435 657 2773 722 necessitate,
2806 661 2902 715 sed
2932 680 3028 732 pro
3058 671 3302 736 personis
3327 673 3636 734 doctrinam
3683 682 3907 742 Domini

2303 743 2524 800 dividat.
2553 746 2608 802 Si
2631 759 2827 818 autem,
2851 753 3038 825 inquit,
3062 762 3304 817 carnales
3323 763 3536 821 divitias
3555 787 3686 840 qua:
3705 773 3907 831 labun-

2304 843 2411 901 tur,
2440 853 2543 891 non
2575 839 2711 896 bene
2736 842 3081 916 dispensatis,
3115 867 3271 908 veras
3295 865 3639 930 :cternasque
3669 864 3906 924 divitias

2302 926 2563 984 doctrinae
2615 932 2730 999 Dei,
2779 937 2899 1005 quis
2945 940 3131 995 credet
3184 944 3372 1001 vobis?
3403 948 3471 1002 Et
3498 926 3630 1007 siin
3666 954 3754 1011 his
3775 973 3902 1027 qua:

2301 1017 2476 1074 aliena
2516 1031 2642 1076 sunt
2685 1025 2944 1093 (alienum
2974 1041 3152 1086 autem
3183 1043 3268 1090 est
3308 1052 3337 1090 a
3371 1039 3526 1094 nobis
3557 1058 3725 1100 omne
3754 1050 3899 1116 quod

2301 1111 2488 1166 saicnli
2529 1116 2632 1186 est)
2668 1117 2910 1174 infideles
2938 1119 3135 1192 fuistis,
3169 1143 3229 1182 ea
3275 1145 3393 1200 qua:
3433 1144 3615 1188 vestra
3647 1149 3797 1204 sunt,
3843 1152 3898 1196 et

2303 1203 2516 1269 preprie
2545 1204 2796 1275 deputata
2824 1209 3050 1280 homini,
3080 1218 3202 1286 quis
3229 1221 3382 1276 vobis
3409 1225 3634 1281 credere
3659 1231 3894 1298 poterit?

2301 1289 2452 1345 Unde
2483 1297 2703 1365 corripit
2729 1301 3030 1371 avaritiam,
3054 1315 3109 1361 et
3131 1308 3260 1364 dicit
3284 1327 3406 1366 eum
3436 1317 3526 1384 qui
3553 1289 3703 1372 amat
3730 1338 3891 1389 pecu-

2301 1384 2465 1450 niam,
2501 1388 2666 1444 Deum
2697 1407 2878 1450 amare
2909 1412 3013 1452 non
3063 1414 3242 1469 posse.
3287 1403 3450 1474 igitur
3479 1419 3534 1463 et
3582 1412 3888 1482 Apostolis,

2297 1477 2339 1530 si
2370 1478 2532 1533 velint
2555 1495 2735 1538 amare
2773 1484 2960 1552 Deum,
2991 1491 3245 1558 pecunias
3271 1509 3392 1550 esse
3416 1504 3880 1560 centemnendas.

2298 1566 2452 1624 Unde
2478 1570 2679 1628 Scriba:
2709 1585 2762 1630 et
2810 1577 3066 1635 Pharisaei
3096 1583 3183 1652 qui
3213 1595 3372 1641 erant
3395 1592 3568 1654 avari,
3593 1595 3882 1652 adversam

2296 1673 2354 1715 se
2408 1662 2604 1718 dictam
2650 1668 3009 1738 intelligentes
3068 1675 3418 1746 parabolamv,
3477 1683 3887 1745 subsannabant

2296 1767 2416 1806 cum
2441 1773 2454 1808 :
2480 1758 2738 1825 carnalia,
2774 1771 2830 1814 ut
2855 1772 2999 1818 certa
3029 1774 3083 1820 et
3103 1771 3406 1840 praesentia,
3437 1774 3806 1843 spiritualibus
3822 1799 3888 1836 ac

2297 1842 2508 1909 l‘uturi‘s,
2537 1857 2589 1902 et
2617 1853 2766 1920 quasi
2818 1855 3035 1912 incertis
3083 1842 3489 1934 prmponentes,
3549 1869 3886 1943 Theophilus

2293 1933 2642 1994 Antiochense
2676 1942 2929 2003 Ecclesia:
2960 1949 3034 2022 (ὁ)
3065 1953 3327 2022 septimus
3350 1968 3468 2026 post
3493 1933 3887 2035 Pen-umT'Apo

2293 2026 2487 2081 stolum
2535 2029 2862 2104 Episcopus,
2909 2041 2999 2109 qui
3042 2037 3272 2112 quat'uor
3317 2047 3774 2120 Evangelistarum
3828 2059 3884 2112 in

2295 2130 2456 2172 unum
2485 2135 2621 2190 opus
2651 2124 2793 2180 dicta
2827 2132 3198 2203 compingens,
3231 2137 3428 2210 ingenii
3454 2144 3530 2196 sui
3559 2144 3715 2201 nobis
3761 2165 3879 2204 mo-

2292 2219 2545 2265 numenta
2572 2211 2772 2270 dimisit
2803 2215 2894 2290 [aL
2938 2223 3182 2298 reliquit],
3244 2227 3362 2284 Ιιςυο
3387 2248 3548 2302 super
3574 2234 3676 2291 hac
3721 2254 3876 2308 para-

2289 2295 2412 2352 bola
2443 2298 2496 2354 in
2528 2303 2641 2357 suis
2671 2302 3086 2368 Commentariis
3123 2295 3206 2371 est
3251 2319 3481 2377 locutus.
3543 2343 3562 2377 ‹
3600 2326 3761 2382 Dives
3789 2331 3874 2399 qni

2290 2384 2525 2446 habebat
2552 2393 2808 2463 villicum,
2837 2401 2948 2456 sive
2985 2403 3428 2476 dispensatorem,
3458 2413 3598 2471 Deus
3626 2384 3873 2490 omnip-o-

2291 2489 2408 2537 tens
2435 2492 2538 2552 est,
2571 2501 2678 2557 quo
2710 2491 2841 2545 nihil
2871 2502 2955 2548 est
2997 2495 3181 2554 ditius.
3227 2501 3395 2572 llnjus
3425 2489 3875 2576 dispensatorrest

2287 2572 2504 2642 Paulus,
2536 2579 2628 2648 qui
2658 2580 2722 2635 ad
2746 2584 2908 2652 pedes
2930 2585 3238 2646 Gamalielis
3263 2608 3448 2650 sacras
3473 2572 3708 2655 Litteras
3735 2602 3874 2657 didi-

2285 2665 2358 2719 cit
2385 2667 2523 2736 (Act.
2553 2669 2643 2724 22.
2672 2673 2747 2742 5),
2777 2685 2829 2729 et
2854 2676 3047 2748 Legem
3076 2681 3170 2736 Dei
3208 2697 3519 2756 susceperat
3548 2690 3872 2760 dispensan-

2285 2755 2427 2813 dam.
2459 2760 2559 2828 Qui
2588 2778 2708 2818 cum
2742 2769 2994 2836 erupisset
3016 2773 3302 2829 credentes
3348 2755 3398 2832 iu
3432 2778 3651 2836 Christo
3682 2799 3872 2854 perse-

2285 2854 2392 2920 qui,
2426 2853 2612 2924 ligare,
2639 2860 2906 2924 occidcrc,
2939 2873 2993 2918 et
3021 2880 3234 2922 omnem
3266 2870 3470 2926 Domini
3499 2875 3582 2928 sui
3609 2877 3875 2948 dissipare

2283 2946 2658 3018 substantiam,
2696 2964 2974 3025 correptus
3005 2973 3034 3013 a
3069 2960 3293 3016 Domino
3334 2975 3449 3019 est:
3484 2967 3667 3034 Saule,
3714 2971 3875 3027 Saulc

2279 3037 2402 3106 quid
2432 3056 2508 3093 me
2550 3047 2899 3114 persequeris?
2924 3047 3126 3105 Durum
3151 3063 3224 3107 est
3254 3055 3342 3108 tibi
3388 3068 3565 3113 contra
3604 3062 3879 3119 stimulum

2279 3129 2545 3186 calcitrare
2563 3132 2756 3201 (Actor.
2777 3137 2830 3192 9.
2857 3140 2910 3194 4.
2938 3141 3019 3212 5).
3047 3143 3291 3216 Dixitque
3311 3148 3362 3202 in
3385 3150 3548 3206 corde
3575 3168 3674 3208 suo
3698 3174 3709 3208 :
3731 3155 3872 3223 Quid

2279 3217 2504 3276 lacinia?
2529 3225 2657 3291 quia
2696 3227 2786 3297 qui
2817 3231 3072 3300 magiSIer
3101 3236 3195 3302 iui,
3233 3247 3288 3293 et
3313 3240 3541 3310 villicus,
3566 3260 3733 3316 Cogor
3749 3265 3874 3306 esse

2277 3309 2573 3384 discipulus
2618 3327 2672 3372 et
2709 3323 3006 3390 operarius.
3080 3329 3242 3403 867
3316 3331 3518 3389 Fodere
3553 3309 3663 3391 non
3699 3340 3865 3397 ualeo.

2277 3401 2468 3458 Oninia
2497 3408 2636 3461 enim
2670 3412 2917 3467 mandata
2947 3415 3124 3489 Legis,
3155 3401 3275 3490 qua:
3325 3432 3482 3478 terra:
3513 3427 3865 3496 incubabant,

2275 3508 2439 3549 cerno
2465 3497 2772 3556 destructa:
2802 3515 2855 3560 et
2880 3505 3078 3578 Legem
3105 3521 3264 3582 atque
3285 3514 3585 3585 Prophetas
3613 3535 3783 3592 usque
3800 3524 3865 3579 ad

2274 3583 2535 3642 Joannem
2561 3589 2851 3661 Baptistam
2880 3612 3000 3655 esse
3042 3600 3240 3658 ﬁnitos.
3273 3583 3568 3663 Mendicare
3603 3614 3862 3679 erubesco,

2281 3687 2339 3730 ut
2366 3679 2452 3747 qui
2485 3680 2671 3737 doctor
2693 3683 2894 3743 fueram
2925 3689 3253 3764 Judieorum,
3275 3713 3438 3769 cogar
3462 3717 3491 3755 a
3530 3706 3784 3773 gentibus
3810 3719 3863 3763 et

2274 3784 2303 3823 a
2327 3770 2588 3842 discipulo
2613 3777 2843 3847 Anania,
2871 3783 3061 3840 salutis
3089 3802 3154 3842 ac
3183 3789 3304 3846 ﬁdei
3325 3795 3635 3852 mendicare
3660 3799 3863 3856 doctri-

2273 3876 2418 3918 nam.
2451 3863 2664 3922 Faeiam
2699 3869 2860 3940 igitur
2885 3875 3026 3944 quod
3057 3879 3185 3933 mihi
3238 3883 3367 3939 utile
3419 3900 3539 3942 esse
3571 3888 3814 3962 intelligo
3843 3911 3856 3947 :

2273 3961 2329 4005 ut
2356 3965 2635 4027 postquam
2669 3962 2942 4032 projectus
2969 3966 3121 4024 l'ucro
3142 3971 3209 4026 de
3236 3975 3559 4034 villicatione
3591 3998 3733 4051 mea,
3756 3961 3854 4041 re-

2269 4043 2467 4113 cipiunt
2511 4066 2596 4104 me
2626 4051 2911 4111 Christiani
2958 4059 3010 4114 in
3053 4061 3244 4120 domos
3283 4082 3427 4122 suas.
3452 4069 3736 4143 Cmpitque
3762 4091 3853 4132 eos

2267 4137 2356 4205 qui
2403 4139 2551 4208 prius
2596 4145 2948 4203 versabantur
2978 4150 3029 4204 in
3075 4152 3238 4224 Lege,
3281 4165 3338 4213 ct
3377 4159 3456 4215 sic
3497 4137 3848 4221 in‘Cb-ristutn

2265 4227 2604 4286 crediderant
2635 4233 2733 4306 (c),
2779 4247 2836 4291 ut
2877 4241 3268 4301 arbitrarentur
3308 4263 3370 4305 se
3408 4251 3458 4305 iu
3490 4251 3851 4326 Legejustiti-

2265 4320 2484 4383 candos,
2514 4323 2707 4382 docere
2734 4327 2931 4399 Legem
2958 4333 3212 4391 abolitam
3243 4338 3342 4409 (ά),
3368 4320 3684 4413 Ρτοριιέιὶαξ
3708 4364 3847 4417 pra:-

2267 4412 2477 4480 terisse,
2510 4426 2564 4470 et
2589 4435 2708 4486 quae
2732 4433 2887 4480 antea
2917 4442 3013 4494 pro
3051 4427 3202 4486 lucro
3243 4412 3486 4502 fuerant,
3521 4444 3759 4510 reputari
3794 4443 3846 4502 in

2262 4512 2498 4565 stercora
2533 4509 2792 4585 (tantum.
2821 4517 2878 4571 5.
2910 4519 2990 4592 8).
3026 4521 3248 4580 Vocavit
3275 4527 3457 4599 itaque
3483 4509 3620 4587 duos
3646 4535 3714 4590 dc
3738 4537 3848 4606 plu,-

2262 4598 2410 4654 ribus
2427 4601 2778 4662 debitoribus.
2809 4611 3066 4680 Primum,
3095 4618 3187 4687 qui
3206 4598 3433 4677 debebat
3453 4635 3669 4680 centum
3691 4598 3846 4686 batos

2259 4689 2385 4756 olei,
2411 4706 2504 4746 eos
2532 4695 2779 4754 videlicet
2799 4702 2888 4771 qui
2917 4704 3213 4763 luerautex
3238 4712 3483 4781 gentibus
3505 4720 3839 4785 congregati,

2257 4789 2308 4833 et
2335 4797 2520 4852 magna
2551 4785 2859 4858 indigebant
2881 4795 3249 4856 misericordia
3275 4803 3365 4859 Dei
3385 4822 3398 4869 ;
3415 4804 3550 4859 etde
3575 4816 3840 4868 centenas

2256 4873 2337 4927 rio
2364 4891 2588 4931 numero
2619 4879 2728 4950 (qui
2754 4886 2941 4955 plenus
2965 4899 3048 4945 est
3075 4899 3236 4964 atque
3259 4895 3543 4966 perlectus)
3584 4896 3718 4954 fecit
3743 4917 3838 4956 eos

2252 4965 2488 5023 scribere
2515 4971 3044 5047 quinquagenarium,
3086 4985 3177 5054 qui
3214 4965 3431 5057 proprie
3454 4965 3829 5060 ptenitentium

2315 5137 2407 5215 (ὑὶ,
2421 5139 2576 5211 Aliter
2602 5144 2650 5192 in
2673 5143 2902 5215 catalogo
2935 5157 3125 5215 sextum
3145 5153 3270 5205 dixit
3291 5155 3644 5211 Antiochensns
3665 5162 3834 5215 Eccle-

2248 5200 2334 5271 sia:
2367 5200 2680 5274 Episcopum.
2715 5208 2796 5257 Sic
2834 5200 3644 5286 'I'hcophilensis—radjutolytou’di
3665 5200 3834 5286 353m

2248 5261 2498 5324 inscriptio
2520 5261 2693 5341 ᾴνοξὶλου
2716 5285 2938 5341 [lapsanae
3317 5261 3512 5331 1591111;J
3529 5261 3726 5336 δείιὶεέἶ
3741 5300 3832 5338 una

2247 5335 2343 5371 non
2366 5335 2689 5388 computatur,
2706 5335 2839 5394 quod

2248 5348 2343 5371 IIUu
2366 5348 2689 5388 computatur,
2713 5348 2839 5394 quoa
2864 5348 3038 5443 passim
3063 5348 3310 5398 usuveuit.
3344 5348 3606 5404 Apostolos
3630 5361 3716 5408 pro
3752 5361 3828 5410 po-

2684 5393 2868 5455 Aposto
2889 5397 2959 5446 ica
2991 5398 3214 5450 indiculis
3250 5403 3532 5454 Autistitum
3574 5411 3828 5473 pneligere

2248 5459 2323 5493 vel
2352 5460 2410 5495 IIS
2435 5459 2682 5501 θΧΙίΠρΙὍ.

2991 5350 3038 5407 ῳ
3059 5341 3310 5410 usu-venit.
3344 5343 3606 5410 Apostolos
3630 5361 3716 5408 pro
3752 5361 3830 5410 po-

2307 5509 2377 5568 (c)
2412 5509 2484 5559 Ex
2509 5515 2760 5595 vetustiori
2795 5518 2941 5580 edito,
2970 5534 3169 5595 unoque
3207 5523 3316 5595 Msa
3339 5526 3664 5595 legimus,»ut,
3701 5534 3823 5595 quod

2242 5575 2666 5655 series-orationis,
2690 5591 2898 5640 quaeque
2920 5575 3235 5653 praeponitur,
3272 5586 3342 5655 sic
3368 5575 3826 5655 ίιῖάίέὶίέεῖἷιειήεῦδιυο

2242 5626 2346 5700 lare
2509 5642 2631 5706 suut_

2242 5691 2316 5740 rio
2339 5705 2504 5752 sensu,
2530 5709 2586 5745 ac
2609 5697 2742 5747 falso.

2283 5752 2360 5816 (d)
2393 5753 2626 5822 Plerique
2650 5761 2730 5811 alii
2755 5761 2876 5814 editi
2897 5763 3178 5828 Prop/ictas.
