4026 6186
165 300 294 357 (09.1

163 423 267 479 est,
287 414 432 481 juxta
456 410 748 480 jubilzenm,
780 419 832 464 et
856 410 997 464 illam
1015 409 1068 464 in
1091 407 1378 479 Evangelia
1397 409 1730 478 parabolam,

166 505 218 557 in
257 519 358 572 qua
403 503 555 558 alteri
593 501 892 571 quingenti,
939 500 1094 555 alteri
1121 500 1506 569 quinquaginta
1539 499 1744 552 denarii

167 596 525 652 dimittuntur.
554 594 857 648 Secundum
887 602 1071 647 autem
1102 593 1314 646 vacavit
1364 591 1614 660 pupulum
1645 590 1743 644 Ju-

168 689 427 751 dmomm,
459 687 550 757 qui
595 686 770 740 tritico
813 684 1186 739 mandatorum
1217 683 1312 738 Dei
1346 683 1576 736 nutritus
1607 693 1742 748 erat,

167 790 222 835 et
252 777 548 833 debebat-ei
579 775 946 830 centenarium
976 789 1278 837 numerum,
1307 782 1362 827 et
1387 773 1582 841 coegit,
1609 771 1746 826 ntde

165 881 408 933 centum,
431 867 704 937 octoginta
735 869 956 932 laceret,
992 867 1042 921 id
1074 876 1158 922 est
1184 866 1426 920 crederet
1450 864 1501 918 in
1537 863 1746 917 Domini

166 961 579 1022 resurrectione,
607 975 726 1028 quae
747 969 949 1014 octava:
970 959 1078 1013 diei
1106 973 1331 1012 numero
1351 960 1674 1019 continetur,
1695 963 1749 1009 et

166 1053 232 1105 de
262 1061 386 1105 octo
416 1051 717 1119 completur
757 1049 1082 1104 deoadibns:
1111 1057 1168 1102 ut
1211 1048 1279 1102 de
1326 1048 1548 1102 sabbato
1591 1049 1749 1120 Legis

169 1142 423 1196 transiret
463 1141 530 1195 ad
580 1141 804 1210 primam
831 1140 1057 1195 sabbati.
1080 1139 1162 1194 0b
1183 1139 1321 1194 hanc
1344 1154 1560 1194 causam
1586 1155 1618 1192 a
1648 1141 1751 1195 Do-

169 1233 314 1284 mino
347 1232 690 1300 prcedicatur,
713 1231 851 1300 quod
881 1232 1015 1286 bene
1037 1231 1251 1295 fecerit;
1275 1239 1326 1285 et
1346 1245 1442 1300 pro
1468 1231 1638 1286 salute
1655 1245 1747 1285 sua

165 1324 218 1378 in
251 1324 526 1394 Evangelii
550 1324 889 1378 clomi-ntiam
915 1323 983 1378 de
1007 1323 1163 1393 Legis
1183 1323 1494 1379 austeritate
1521 1324 1600 1394 (ιι)
1627 1339 1748 1377 mu-

168 1424 310 1469 tatus
350 1416 441 1469 sit.
483 1415 636 1482 Quod
666 1415 713 1468 si
743 1416 1038 1484 quaesieris,
1087 1431 1252 1486 quare
1292 1427 1514 1470 vocetur
1556 1416 1752 1471 villicus

165 1505 476 1574 iniquitatis,
513 1507 563 1559 in
594 1505 755 1576 Lege,
789 1522 907 1576 qua:
947 1506 1040 1561 Dei
1071 1516 1186 1572 est;
1218 1507 1575 1577 iniquus‘erat
1609 1507 1750 1561 villi-

166 1610 282 1660 cus,
313 1596 406 1664 qui
431 1595 568 1650 bene
596 1597 812 1664 quidem
845 1595 1126 1659 olferebat,
1156 1597 1250 1650 sed
1284 1613 1386 1650 non
1433 1598 1566 1652 bene
1608 1598 1752 1652 divi-

166 1688 353 1752 debat;
388 1688 619 1743 credens
651 1689 702 1743 in
735 1689 970 1754 Patrem,
1017 1689 1113 1743 sed
1154 1689 1349 1744 Filium
1381 1706 1747 1761 persequens;

166 1778 368 1833 habens
401 1779 568 1832 Deum
596 1779 1042 1849 omnipatentem,
1087 1780 1182 1835 sed
1211 1779 1467 1849 Spiritum
1495 1781 1749 1837 Sanctum

165 1886 384 1943 negans.
424 1871 749 1926 Prudentior
781 1872 960 1938 itaque
987 1871 1090 1926 fuit
1121 1871 1314 1926 Paulus
1360 1873 1650 1943 Apostolus
1699 1874 1750 1927 in

169 1963 598 2032 transgressione
619 1963 775 2033 chis
798 1961 918 2016 [iliis
937 1962 1204 2032 quandam
1233 1963 1385 2030 lucis,
1407 1965 1498 2034 qui
1520 1965 1572 2018 in
1595 1963 1754 2034 Legis

165 2051 545 2106 observatione
568 2055 789 2116 versati,
819 2053 1094 2106 Christum
1124 2053 1215 2122 qui
1247 2052 1342 2106 Dei
1368 2053 1534 2122 patris
1567 2069 1751 2108 verum

166 2141 344 2195 lumen
383 2150 490 2206 est,
536 2143 899 2212 perdiderunt.
937 2144 1251 2198 Ambrosius
1305 2145 1486 2215 .868
1558 2145 1758 2199 Medio-

165 2231 402 2287 lanensis
425 2233 719 2302 EpiscOpus
746 2233 870 2302 quid
900 2233 966 2287 de
993 2233 1094 2288 hoc
1117 2233 1237 2288 loco
1254 2237 1500 2297 senserit,
1523 2235 1573 2287 in
1592 2234 1754 2288 Coma-

165 2325 450 2378 mentariis
471 2324 586 2394 ejus
611 2326 786 2394 legere
809 2325 1029 2392 poteris.
1067 2323 1313 2395 Origcnis
1348 2334 1403 2380 et
1447 2326 1651 2397 Didymi
1705 2327 1756 2380 in

165 2414 305 2468 banc
331 2414 646 2484 parabolam
677 2415 1113 2484 explanationem
1157 2415 1400 2470 invenire
1443 2431 1548 2470 non
1574 2418 1754 2486 potui;

165 2517 216 2560 et
245 2518 434 2561 utrum
463 2507 660 2562 abolita
684 2508 754 2562 sit
781 2516 1082 2577 temporum
1114 2517 1406 2574 vetustate,
1429 2523 1498 2563 an
1521 2509 1619 2579 ipsi
1653 2525 1756 2564 non

167 2600 513 2669 scripserint,
544 2600 804 2655 incertum
839 2599 1031 2655 habeo.
1062 2600 1184 2654 Mihi
1211 2600 1365 2669 juxta
1409 2603 1638 2672 priorem
1679 2604 1761 2657 in-

170 2691 613 2759 terpretalianem
657 2690 759 2745 hoc
801 2691 1030 2756 videtur,
1062 2691 1206 2761 quod
1232 2691 1300 2746 de
1331 2692 1516 2763 iniquo
1565 2710 1760 2748 mamo-

166 2797 231 2836 na
254 2783 554 2837 debeamus
583 2782 736 2837 nobis
757 2783 960 2837 amicos
986 2782 1182 2850 facere,
1216 2799 1320 2840 non
1349 2786 1619 2856 quoslibet
1642 2803 1762 2857 pau-

170 2887 353 2940 pcres;
385 2871 491 2927 sed
533 2886 626 2926 eos
669 2871 762 2942 qui
793 2887 892 2926 nos
924 2873 1134 2943 possint
1179 2876 1421 2945 recipere
1472 2877 1524 2930 in
1573 2876 1763 2931 domos

172 2976 315 3028 suas,
361 2973 414 3017 et
463 2962 519 3016 in
563 2971 762 3018 :eterna
816 2963 1194 3020 tabernacula:
1229 2974 1286 3020 ut
1330 2982 1452 3022 cum
1484 2967 1564 3022 eis
1595 2982 1758 3037 parva

177 3056 586 3124 prcebuerimus,
629 3057 949 3126 recipiamus
974 3057 1043 3112 ab
1090 3058 1196 3113 illis
1224 3075 1437 3129 magna,
1486 3069 1536 3114 et
1573 3060 1763 3115 dantes

177 3147 370 3214 aliena,
396 3159 582 3202 nostra
609 3148 986 3218 suscipiamus,
1017 3157 1075 3203 et
1097 3150 1426 3204 scminemus
1457 3151 1508 3204 in
1537 3151 1762 3205 benedi-

178 3241 378 3305 ctione,
403 3250 465 3295 ut
494 3250 758 3295 metamus
796 3241 1262 3298 benedictionem:
1300 3243 1398 3308 Qui
1441 3245 1574 3298 enim
1614 3262 1766 3315 parce

177 3332 518 3396 seminaverit,
541 3348 692 3402 parce
711 3341 756 3385 et
780 3342 943 3386 metet.

247 3422 402 3477 CAP.
446 3421 647 3475 Vll.—
671 3423 788 3490 Quo
818 3439 977 3476 sensu
1009 3425 1380 3494 accipiendum
1414 3427 1505 3493 sit,
1539 3428 1678 3497 quod
1713 3427 1763 3483 lu

183 3511 418 3580 Epistota
443 3513 671 3583 legimus
687 3513 752 3567 ad
779 3513 1049 3569 [tertianos
1074 3534 1088 3569 :
1125 3515 1219 3570 Via:
1236 3517 1367 3572 enim
1389 3535 1480 3587 pro
1504 3520 1638 3587 iusto
1655 3522 1766 3589 quis

181 3608 409 3660 moritur.
445 3605 584 3660 Nam
609 3623 700 3677 pro
726 3607 854 3661 bono
878 3610 1092 3679 forsitan
1113 3610 1225 3679 quis
1240 3611 1422 3664 audeat
1442 3612 1570 3665 mori
1589 3611 1766 3682 (Rom.

184 3697 235 3752 6.
267 3699 343 3768 7).
389 3699 517 3752 Dum
546 3698 778 3755 hu‘rcses
818 3716 885 3756 ex
931 3703 1214 3756 occasione
1255 3703 1411 3772 hujus
1453 3707 1764 3774 testimonii,

185 3788 458 3856 quodnon
506 3789 832 3859 intelligunt,
884 3791 1100 3847 diverso
1145 3794 1362 3864 quidem
1410 3811 1612 3863 errore,
1670 3800 1765 3855 sed

187 3879 295 3946 pari
324 3878 598 3948 impietate
614 3880 1006 3949 blasphemant.
1028 3882 1263 3939 Marcion
1291 3887 1433 3939 enim
1454 3888 1542 3954 qui
1566 3888 1764 3955 justum

189 3968 376 4034 Deum,
406 3981 461 4024 et
488 3969 802 4025 Creatorem
851 3971 1006 4040 Legis
1052 3973 1198 4040 facit,
1245 3985 1297 4028 et
1343 3976 1764 4045 Pr0phetarum;

189 4057 387 4112 bonum
419 4068 602 4112 autem
632 4060 1064 4127 Evangeliornm,
1097 4071 1152 4114 et
1181 4065 1580 4133 Apostolorum,
1621 4067 1771 4136 cujus

187 4151 302 4203 vult
328 4163 450 4204 esse
482 4148 673 4205 Filium
705 4149 997 4215 Christum,
1029 4151 1164 4206 duos
1189 4155 1478 4210 introducit
1498 4157 1630 4212 deos
1651 4176 1664 4210 :
1689 4161 1770 4213 al-

192 4249 362 4294 termn
385 4240 614 4310 justum,
637 4249 690 4295 et
715 4241 943 4295 alterum
976 4241 1199 4297 bonum.
1226 4244 1292 4298 Et
1324 4261 1421 4316 pro
1445 4247 1592 4316 justo
1618 4264 1772 4305 asse-

192 4333 278 4397 rit,
326 4333 412 4387 vel
455 4332 654 4399 nullos,
690 4333 776 4386 vel
826 4348 1024 4402 paucos
1073 4337 1345 4406 oppetisse
1386 4350 1635 4393 mortem.
1672 4341 1774 4395 Pro

194 4422 330 4478 bono
356 4436 562 4487 autem,
594 4423 642 4478 id
675 4435 756 4478 est
781 4425 1017 4492 Christo,
1066 4427 1482 4484 innumerabiles
1517 4431 1775 4503 Martyres

196 4517 454 4572 extitisse.
491 4516 661 4571 Porro
691 4517 852 4571 Arius
876 4518 1077 4587 justum
1107 4521 1172 4574 ad
1199 4521 1472 4577 Christum
1507 4523 1775 4589 referl,tle

196 4621 298 4676 qua
325 4608 527 4663 dictum
551 4618 665 4663 est:
698 4607 836 4662 Deus
853 4610 1108 4679 judicium
1137 4622 1277 4665 tuum
1308 4617 1414 4684 regi
1444 4616 1530 4680 da,
1559 4626 1606 4669 et
1619 4617 1778 4686 justi-

198 4697 313 4750 tiam
355 4709 492 4752 tuam
518 4700 628 4768 ﬁlio
657 4701 789 4771 regis
821 4699 992 4770 (Psul.
1037 4703 1123 4756 7l.
1155 4704 1206 4773 1)
1232 4722 1246 4757 :
1273 4704 1338 4760 Et
1369 4707 1482 4776 ipse
1519 4706 1589 4762 de
1618 4723 1678 4764 se
1722 4710 1774 4764 in

201 4791 486 4865 Evangelia
510 4815 523 4851 :
551 4797 669 4851 Non
699 4797 830 4850 enim
877 4795 1032 4850 Pater
1060 4798 1262 4868 jndicat
1307 4818 1645 4872 quemquam;
1688 4805 1777 4858 sed

200 4899 344 4937 onme
360 4889 609 4957 judicium
631 4888 767 4943 dedit
797 4887 935 4944 Filio
957 4891 1137 4959 (Joan.
1169 4893 1221 4947 5.
1244 4892 1368 4964 22);
1395 4895 1481 4961 Et,
1517 4895 1626 4967 Ego
1649 4897 1776 4951 sicut

202 4976 375 5040 audio,
404 4980 472 5032 sic
494 4981 670 5051 judico
703 4982 863 5056 (Ibid.
899 4985 1014 5055 50).
1059 4986 1264 5040 Bonum
1302 5000 1482 5043 autem
1513 4992 1578 5044 ad
1612 4993 1774 5047 Deum

202 5069 437 5139 Patrem,
460 5073 528 5128 de
553 5090 656 5144 quo
686 5077 798 5146 ipse
825 5078 994 5132 Filius
1020 5080 1342 5136 conﬁtetur:
1370 5082 1508 5146 Quid
1538 5101 1615 5137 me
1654 5087 1780 5139 dicis

204 5159 386 5214 bonum
412 5177 431 5215 :
457 5163 621 5218 Nemo
654 5176 724 5220 est
749 5167 927 5233 bonus,
961 5170 1058 5224 nisi
1105 5187 1235 5226 unus
1263 5170 1404 5227 Deus
1434 5172 1592 5226 Pater
1627 5174 1774 5244 (Luc.

207 5247 291 5301 18.
337 5251 448 5321 19).
481 5253 720 5326 Cumque
751 5261 1029 5329 hucusque
1059 5260 1409 5333 blasphemiae
1455 5280 1568 5319 sua:
1598 5265 1782 5321 devios

207 5341 368 5397 calles
397 5349 629 5415 potuerit
657 5350 922 5419 invenire,
947 5352 998 5405 in
1027 5356 1486 5424 consequentibus
1510 5359 1775 5430 impingit,

209 5438 262 5482 et
287 5436 507 5489 corruit.
539 5438 816 5505 Quomodo
843 5443 985 5496 enim
1009 5459 1104 5514 pro
1129 5445 1284 5502 Patre
1304 5449 1424 5519 quis
1445 5451 1604 5505 audet
1623 5452 1778 5518 mori,

210 5531 262 5576 et
289 5539 384 5593 pro
407 5526 540 5583 Filio
566 5531 651 5585 vix
677 5535 922 5603 moritur,
952 5551 1072 5591 cum
1096 5549 1313 5610 propter
1338 5558 1531 5598 nomen
1561 5544 1780 5612 ChriSIi,

261 5719 333 5778 la)
372 5721 559 5778 Vitiosa
582 5733 772 5793 quidam
796 5733 912 5785 editi
936 5741 1176 5790 mutuatus
1197 5739 1274 5791 sit.

1507 297 1840 356 EPISTOLA
1881 295 2068 352 CXXI.

3295 311 3434 370 1022

1855 415 2031 484 tantus
2059 407 2348 479 Martyrum
2379 409 2597 481 sanguis
2619 411 2818 482 ellusus
2847 414 2952 470 sit?
2983 416 3082 484 Qui
3111 418 3270 489 igitur
3292 423 3426 477 sim-

1853 497 2064 566 pliciter
2085 497 2227 578 hunc
2251 503 2471 570 exponit
2502 503 2698 568 locum,
2734 505 2833 560 hoc
2875 518 3050 576 potest
3077 511 3257 569 dicere
3285 517 3428 585 quod

1852 588 1903 640 in
1937 590 2105 643 veteri
2137 589 2301 660 Lege,
2322 591 2720 663 inquajustitia
2739 607 2842 664 est,
2880 600 2967 654 vix
3037 603 3202 674 869
3274 597 3430 676 pauci

1852 675 2064 761 inventi
2084 691 2227 740 sunt,
2260 682 2350 752 qui
2381 699 2535 737 suum
2583 684 2814 741 fuderint
2842 692 3174 760 sanguinem.
3204 675 3432 754 Innovo

1850 777 2026 852 autem
2063 770 2444 839 Instrumenta,
2475 762 2532 829 in
2562 792 2667 844 quo
2688 778 2899 834 bonitas
2915 792 2992 835 est
3012 792 3173 854 atque
3193 787 3436 843 clemen-

1853 861 1944 923 tia,
1979 862 2396 920 innnmerabiles
2439 869 2760 924 exstiterunt
2797 872 3076 944 Martyres.
3126 878 3232 932 Sed
3273 895 3338 934 ex
3370 889 3436 936 eo

1852 953 1991 1019 quod
2026 955 2218 1037 posuit,
2260 959 2480 1026 forsitan
2526 962 2637 1027 quis
2682 961 2754 1032 (1).)
2797 968 2946 1018 etiam
2989 969 3173 1023 audeat
3203 974 3350 1038 mori,
3383 983 3438 1028 ct

1853 1034 2086 1109 pendulo
2116 1046 2282 1115 gradu
2314 1053 2633 1105 sententiam
2665 1059 3000 1123 temperavit,
3036 1062 3259 1117 inveniri
3280 1034 3436 1133 posse

1855 1136 2162 1203 nonnullos,
2196 1140 2286 1208 qui
2316 1133 2549 1198 audeant
2574 1147 2707 1200 mori
2735 1162 2835 1216 pro
2866 1149 3178 1222 Evangelia,
3204 1159 3439 1213 ostendit

1853 1227 2069 1310 nausia
2109 1231 2518 1301 accipiendum;
2553 1236 2647 1291 sed
2678 1254 2742 1294 ex
2775 1244 3165 1313 superioribus,
3213 1259 3266 1304 et
3295 1250 3435 1306 inle-

1855 1314 2087 1371 rioribus
2126 1333 2341 1376 sensum
2386 1324 2488 1380 loci
2535 1326 2693 1396 hujus
2730 1329 2926 1387 debere
2973 1338 3210 1392 tractari.
3246 1339 3440 1397 Dicens

1854 1405 1998 1461 enim
2025 1407 2221 1500 Paulus
2253 1428 2314 1469 se
2341 1415 2560 1485 gloriari
2590 1417 2641 1472 in
2679 1420 3151 1482 tribulationibus:
3181 1431 3303 1500 quia
3346 1435 3438 1487 tri-

1855 1497 2043 1555 bulatio
2067 1493 2362 1572 patientiam
2384 1520 2652 1579 operatur;
2691 1516 2934 1582 patientia
2970 1529 3141 1574 autem
3182 1493 3440 1592 probatio-

1855 1606 2002 1684 nem;
2027 1595 2255 1662 probatio
2299 1615 2414 1654 vero
2456 1620 2629 1668 spem;
2657 1621 2772 1674 spes
2811 1619 2977 1663 autem
3024 1627 3126 1667 non
3169 1618 3440 1684 confundit

1857 1669 2030 1750 (Rom.
2052 1686 2107 1739 5.
2128 1688 2180 1740 4.
2204 1699 2249 1742 et
2277 1691 2355 1758 5),
2377 1708 2494 1761 qum
2518 1711 2580 1748 ex
2600 1711 2665 1750 eo
2685 1669 2888 1753 certam
2913 1702 3102 1759 habent
3129 1669 3440 1775 promissio;

1856 1785 2001 1868 nem,
2023 1780 2142 1843 quia
2165 1780 2352 1833 caritas
2376 1782 2474 1835 Dei
2493 1783 2682 1850 ili/fusa
2701 1799 2775 1840 est
2793 1790 2846 1842 in
2863 1793 3102 1848 cordibus
3127 1799 3331 1864 nostris,
3352 1817 3441 1868 per

1854 1858 2112 1953 Dpiritum
2140 1866 2387 1923 Sanctum
2410 1873 2499 1939 qui
2524 1874 2674 1930 datus
2711 1889 2784 1932 est
2807 1880 2951 1935 nobis
2981 1882 3174 1953 (Ibid.)
3198 1905 3210 1942 :
3243 1858 3441 1944 sectiu-

1855 1950 1982 2049 dum
2011 1955 2141 2049 illud
2165 1961 2304 2028 quod
2339 1963 2480 2019 Deus
2511 1965 2719 2023 dixerat
2749 1987 2841 2040 per
2869 1950 3226 2046 Prophetam:
3254 1981 3444 2049 E/I'uno

1857 2042 1974 2148 dam
1996 2045 2058 2098 de
2082 2049 2265 2117 spiritu
2293 2069 2402 2107 meo
2430 2073 2580 2125 super
2599 2077 2796 2116 onmem
2821 2042 3024 2120 carnem
3052 2069 3210 2140 (Joel.
3246 2042 3437 2148 ιξὲδ),

1858 2138 2082 2232 miratur
2111 2143 2402 2201 bonitatem
2431 2147 2652 2218 Christi,
2685 2156 2827 2223 quod
2853 2171 2952 2228 pro
2983 2138 3180 2232 impiis,
3214 2178 3266 2221 et
3295 2138 3445 2224 ἰιιίίιιὲ

1859 2227 1982 2291 mis,
2011 2239 2060 2282 el
2083 2236 2452 2320 peccatoribus
2469 2242 2604 2294 mori
2624 2227 2872 2314 voluerit,
2894 2257 2950 2303 ct
2974 2227 3108 2306 mori
3131 2227 3435 2325 opportuna

1861 2326 2123 2418 tempore,
2155 2325 2223 2380 de
2253 2343 2359 2397 quo
2387 2330 2500 2399 ipse
2525 2333 2686 2389 dicit:
2713 2335 2964 2410 Tempore
2988 2360 3270 2418 Opportuna
3290 2372 3443 2411 exau-

1860 2409 1963 2519 diui
1981 2421 2047 2479 te,
2079 2424 2124 2467 et
2149 2416 2200 2468 in
2218 2419 2300 2472 die
2321 2422 2497 2478 salutis
2521 2439 2798 2486 nuntiatus
2817 2409 2930 2489 sum
2957 2409 3032 2492 lui
3054 2409 3217 2511 ⁷(Ιιςαὶ.
3245 2447 3334 2503 49.
3354 2409 3439 2519 8).

1863 2501 1929 2601 Ct
1958 2521 2167 2563 rursum
2194 2527 2207 2563 :
2239 2511 2374 2568 Ecce
2399 2533 2531 2571 nunc
2557 2531 2756 2590 tempus
2801 2533 3129 2601 acceptabile,
3170 2554 3283 2594 ecce
3309 2501 3446 2597 nunc

1861 2594 2172 2700 diessalutis
2200 2603 2277 2700 (2.
2319 2605 2436 2662 Cor.
2475 2611 2528 2665 6.
2561 2612 2638 2683 2).
2671 2615 2898 2682 Quando
2921 2594 3134 2683 Iomnes
3182 2594 3443 2700 peccare;

1863 2697 2008 2792 runt,
2056 2691 2215 2749 simul
2259 2696 2475 2756 inutiles
2506 2703 2627 2760 facti
2669 2721 2815 2776 sunt,
2852 2731 2956 2770 non
3000 2718 3100 2774 fuit
3129 2691 3216 2792 qui
3245 2726 3446 2783 laceret

1863 2779 2082 2886 bonum,
2109 2788 2346 2886 nonfuit
2373 2808 2541 2864 usque
2567 2798 2631 2852 ad
2665 2817 2825 2858 unum
2854 2807 3023 2874 (Psal.
3055 2779 3246 2886 13:1).
3270 2779 3446 2876 luere;

1863 2873 2043 2978 dibilis
2072 2889 2200 2948 ergo
2223 2883 2456 2950 bonitas,
2484 2900 2538 2942 et
2567 2873 2867 2949 clementia
2890 2899 3143 2967 inaudita,
3175 2873 3310 2964 mori
3350 2873 3445 2981 pro

1866 2970 2064 3034 impiis,
2098 2970 2184 3024 vix
2229 2974 2370 3028 enim
2419 2992 2516 3045 pro
2555 2979 2700 3049 justo
2730 2986 2985 3056 aliquem,
3018 3002 3073 3046 et
3103 2997 3244 3051 bono
3288 2970 3446 3061 suum

1866 3058 2178 3150 sanguinem
2207 3062 2428 3120 fundere
2455 3066 2550 3140 (c),
2581 3081 2723 3127 metu
2753 3080 2944 3134 mortis
2969 3096 3160 3140 cuncta
3189 3058 3444 3150 terrente;

1866 3144 1998 3253 Napi
2028 3148 2255 3253 inveniri
2283 3155 2550 3214 interdum
2573 3173 2766 3233 potest,
2793 3180 2848 3223 nt
2869 3173 3060 3243 aliquis
3089 3195 3186 3247 pro

1869 3247 1922 3340 et
1950 3239 2086 3295 bona
2104 3244 2299 3302 audeat
2328 3252 2484 3306 mori.
2514 3252 2722 3310 Caritas
2742 3272 2918 3316 autem
2941 3239 3051 3332 Dei,
3081 3239 3238 3340 quam
3267 3239 3450 3336 liabuit

1869 3329 1921 3429 in
1954 3333 2130 3402 nobis,
2163 3335 2288 3392 hinc
2317 3343 2552 3399 maxime
2580 3352 2978 3419 comprobatur,
3025 3329 3166 3429 quod

1870 3419 1974 3478 huc
2003 3437 2313 3493 peccatores
2339 3446 2600 3501 essemus,
2643 3437 2874 3498 Christus
2904 3464 2994 3514 pro
3039 3419 3182 3509 nobis
3223 3471 3450 3517 mortuus

1871 3526 1963 3616 est,
1995 3527 2042 3571 et
2070 3521 2268 3616 sublata
2293 3533 2365 3577 est
2392 3526 2456 3580 de
2483 3536 2616 3582 terra
2645 3531 2748 3586 vita
2768 3537 2880 3604 ejus
2902 3554 2921 3591 :
2949 3541 3014 3594 Et
3043 3561 3134 3613 pro
3165 3549 3448 3616 iniquitati-

1870 3604 1959 3660 bus
1980 3611 2158 3710 μοι)Ἦὶ
2197 3614 2378 3710 ductus
2415 3627 2486 3670 est
2527 3618 2597 3673 ad
2633 3634 2842 3680 mortem
2866 3644 2884 3681 :
2913 3630 2979 3684 Et
3006 3604 3222 3702 portarit
3246 3604 3452 3710 peccata

1871 3709 2063 3800 nostra,
2098 3703 2160 3756 Et
2186 3707 2375 3760 tradita
2401 3722 2472 3764 est
2498 3712 2548 3765 in
2580 3729 2789 3772 mortem
2824 3724 2996 3778 anima
3032 3730 3188 3795 illius,
3225 3703 3307 3800 lit,
3339 3756 3452 3793 cum

1822 3851 1836 3874 θ’
1870 3788 2056 3888 iniquis
2083 3793 2351 3864 deputatus
2381 3811 2452 3852 est
2481 3801 2630 3872 (lsai.
2661 3808 2787 3876 55);
2817 3821 2871 3864 ut
2911 3830 3006 3867 nos
3036 3788 3246 3888 impios,
3277 3788 3356 3879 et
3375 3830 3455 3883 in-

1875 3877 2156 3980 lirmosLet
2185 3898 2512 3954 peccatores,
2548 3894 2664 3961 pius
2704 3908 2757 3949 et
2801 3901 3070 3971 robustos,
3101 3877 3348 3980 etjnstos

1873 3981 2037 4071 ceret.
2067 3972 2319 4031 Nonnulli
2352 3980 2422 4033 ita
2453 3982 2893 4054 interpretantur.
2926 3991 2982 4048 Si
3035 3997 3126 4054 ille
3172 3972 3268 4071 pro
3299 3972 3455 4065 nobis

1875 4060 2054 4172 impiis
2085 4078 2457 4172 mortuusest,
2506 4083 2561 4129 et
2603 4085 2995 4154 peccatoribus,
3042 4060 3244 4161 quanto
3287 4104 3456 4172 magis

1876 4167 1975 4247 nos
1995 4155 2195 4225 absque
2221 4158 2554 4220 dubitatione
2581 4184 2676 4236 pro
2696 4171 2863 4241 justo,
2887 4186 2938 4232 et
2956 4155 3099 4237 bono
3122 4185 3339 4244 Christo
3356 4155 3457 4247 de;

1877 4242 2064 4300 bemus
2094 4250 2446 4308 occumbere?
2487 4257 2697 4316 Justum
2745 4275 2942 4335 autem,
2992 4281 3047 4327 et
3100 4242 3454 4343 bonum—rimi

1877 4343 2128 4445 putemus
2152 4354 2275 4396 esse
2301 4343 2596 4416 diversum,
2629 4368 2727 4408 nec
2753 4357 2986 4427 aliquam
3021 4371 3236 4437 proprie
3285 4376 3454 4445 signi-

1882 4426 2041 4538 licare
2069 4444 2385 4502 personam;
2419 4439 2512 4494 sed
2542 4443 2786 4502 absolute
2857 4426 3032 4526 87o-
3088 4426 3454 4538 jiistamvrzin,

1881 4528 1934 4622 et
1962 4523 2178 4627 bonam,
2209 4542 2305 4595 pro
2331 4545 2433 4599 qua
2465 4534 2774 4606 difficulter,
2821 4546 2914 4598 sed
2964 4523 3232 4610 interdum
3265 4523 3459 4629 aliquis

1882 4614 2106 4669 inveniri
2137 4629 2332 4688 potest,
2362 4626 2452 4694 qui
2480 4641 2635 4683 suum
2665 4634 2980 4703 sanguinem
3006 4640 3209 4698 fundat.

1952 4704 2104 4762 CAP.
2132 4708 2261 4766 Vlll.
2278 4715 2500 4781 —-Quid
2526 4720 2626 4774 sibi
2655 4723 2780 4777 velit
2799 4726 2938 4794 quod
2958 4729 3022 4782 ad
3040 4730 3308 4792 Romanos
3323 4744 3460 4796 scri-

1883 4796 1960 4853 bit
1980 4801 2264 4870 Apostolus
2292 4823 2306 4858 :
2340 4807 2615 4864 Occasione
2655 4826 2879 4884 accepto,
2914 4833 3171 4888 peccatum
3193 4845 3283 4896 per
3311 4849 3458 4888 man-

1885 4891 2057 4945 datum
2103 4908 2363 4964 operatum
2412 4911 2486 4952 est
2538 4905 2589 4954 in
2645 4921 2722 4957 me
2767 4924 2963 4962 onmem
3007 4917 3462 4986 concupiscentiam

1886 4981 2074 5083 (fiam.
2105 4987 2155 5038 7.
2182 4987 2274 5058 7).
2304 4989 2568 5045 Ponantus
2593 5004 2756 5048 totum
2781 4981 3463 5083 testi:noninm,vetsingula

1885 5073 2082 5128 Christi
2112 5079 2307 5132 auxilio
2337 5080 2682 5150 disserentes,
2716 5089 2840 5157 quid
2871 5093 3023 5148 nobis
3047 5097 3305 5170 videatur,
3337 5073 3467 5162 sim-

1888 5167 2470 5266 pliciternindicemus,
2515 5193 2619 5231 non
2673 5180 3079 5250 pra-judicantes
3124 5200 3214 5247 tuo
3262 5167 3462 5266 sensui,

1887 5257 2012 5327 quid
2032 5259 2162 5313 velis
2182 5261 2491 5332 intelligere,
2521 5267 2616 5321 sed
2642 5282 2876 5327 nostram
2897 5281 3209 5336 sententiam
3236 5257 3468 5345 breviter

1887 5352 2235 5420 explicantes.
2268 5354 2406 5420 Quid
2439 5374 2556 5429 ergo
2601 5361 2869 5419 dicemus?
2917 5367 3022 5424 Lex.
3063 5387 3318 5442 peccatum
3358 5387 3468 5439 est?

1892 5441 2046 5498 Absit.
2071 5444 2181 5500 Sed
2203 5457 2464 5517 peccatum
2484 5467 2586 5506 non
2612 5459 2840 5525 cognovi,
2864 5461 2961 5514 nisi
2988 5441 3076 5532 per
3099 5465 3302 5539 Legem.
3330 5472 3468 5531 Nam

1888 5619 2327 5732 (ΙυὲέεζυΞΊιξιξι-ωοο
2350 5637 2430 5686 καὶ,
2465 5626 2612 5679 etiam
2641 5643 2659 5681 :
2682 5645 2792 5696 qua)
2815 5648 2908 5685 vox
2949 5638 2995 5688 in
3020 5639 3203 5695 Latinis
3226 5647 3472 5702 codicibus

1957 5746 2026 5809 (ιι)
2063 5747 2248 5797 Addunt
2279 5750 2396 5800 editi
2423 5757 2714 5807 vetustiores
2736 5758 2977 5823 contingit.
