4026 6186
156 284 305 355 ἴῦἓὸ

158 412 407 483 scriptum
440 409 491 465 in
522 409 751 464 cordibus
776 406 902 475 suis,
947 406 1284 463 testimonium
1324 408 1611 477 perhibente
1665 404 1746 464 illi

157 503 468 556 conscientia
494 502 513 575 (
536 501 672 556 Ibid.
699 502 754 558 2.
780 501 848 557 M
875 511 921 555 et
957 499 1075 573 15).
1107 501 1207 555 Ista
1235 499 1320 556 lex
1348 516 1466 571 qua:
1500 500 1552 556 in
1582 502 1745 557 corde

156 594 435 662 scribitur,
485 610 669 650 ontnes
693 596 929 650 continet
958 595 1200 651 nationes
1229 612 1242 649 :
1282 604 1337 650 et
1371 596 1544 651 nullus
1569 594 1744 650 hemi-

146 698 291 743 num
313 697 414 754 est,
436 688 522 758 qui
545 687 680 742 hanc
706 687 875 760 legem
898 690 1120 744 nesciat.
1151 687 1304 744 Unde
1323 689 1496 743 omnis
1518 688 1746 742 mundus

152 784 261 835 sub
296 791 530 852 peccato,
553 790 607 836 et
630 781 858 836 universi
887 781 1132 852 homines
1153 780 1587 850 praevaricatores
1612 779 1747 849 legis

150 882 282 926 sunt
300 850 323 925 ﬁ:
347 881 401 926 et
428 871 626 926 idcirco
646 872 847 941 justum
871 850 1127 942 judicium
1156 872 1245 927 Dei
1268 879 1351 926 est
1383 870 1664 925 scribentis
1691 871 1743 924 in

149 962 319 1017 corde
354 962 567 1017 hutnani
597 967 808 1034 generis
836 981 849 1018 :
883 963 1033 1031 Quod
1066 961 1155 1017 tibi
1183 963 1296 1032 ﬁeri
1325 962 1567 1027 nolueris,
1596 961 1745 1016 alteri

148 1070 216 1107 ne
236 1054 436 1125 feceris.
465 1055 594 1125 Quis
614 1056 754 1109 enim
775 1055 981 1124 ignoret
1008 1054 1371 1118 homicidium,
1394 1052 1738 1119 adulterium,

147 1148 376 1214 furtum,
404 1158 458 1202 et
486 1163 701 1202 omnem
736 1148 1218 1217 concupiscentiam
1263 1161 1383 1201 esse
1412 1147 1607 1199 malum
1629 1187 1643 1210 ,
1676 1159 1741 1200 ex

145 1252 217 1290 eo
258 1237 401 1308 quod
429 1236 529 1292 sibi
562 1254 622 1292 ea
647 1238 779 1292 uelit
804 1238 956 1293 ﬁeri?
980 1237 1034 1293 Si
1064 1238 1206 1293 enim
1254 1236 1389 1291 mala
1425 1251 1545 1292 esse
1570 1236 1742 1290 nesci-

140 1343 258 1396 ret,
303 1348 635 1403 nequaquam
662 1332 867 1386 doleret
890 1330 989 1385 sibi
1016 1345 1134 1386 esse
1160 1331 1328 1386 illata.
1358 1330 1459 1384 Per
1481 1329 1616 1383 hanc
1641 1342 1739 1383 na-

140 1424 383 1478 turalem
410 1422 579 1492 legem
609 1434 662 1478 et
682 1425 808 1479 Cain
844 1422 1090 1495 cogno‘vit
1133 1433 1404 1501 peccatum
1434 1438 1585 1476 smun
1606 1462 1621 1486 ,
1655 1421 1739 1475 di-

138 1532 283 1572 cens
307 1535 319 1568 :
349 1515 521 1589 Major
550 1529 623 1571 est
645 1534 797 1571 causa
818 1534 947 1583 utea,
971 1528 1119 1586 quam
1144 1528 1195 1570 ut
1217 1516 1459 1569 rliutittur.
1483 1514 1551 1569 Et
1572 1514 1736 1568 Adxnt

143 1618 202 1663 et
231 1609 339 1662 Eva
368 1618 729 1678 Cognovcruut
804 1606 964 1680 873
1040 1618 1314 1676 peccatum
1340 1605 1511 1669 suum,
1544 1615 1597 1659 et
1620 1616 1740 1674 pro:

141 1710 334 1770 pterea
363 1699 660 1754 absconditi
685 1714 809 1754 sunt
836 1702 935 1755 sub
967 1699 1110 1769 ligno
1134 1697 1274 1752 vitm.
1300 1697 1506 1753 Pharao
1528 1699 1738 1766 quoque

141 1803 433 1863 antequam
469 1792 575 1847 Lex
601 1791 820 1846 daretur
860 1807 955 1862 per
988 1791 1227 1863 Moysen,
1268 1790 1571 1871 stimulatus
1622 1789 1738 1858 lege

142 1897 375 1951 natum,
399 1900 492 1940 sua
522 1885 745 1940 crimina
763 1885 1065 1948 comitetur,
1095 1892 1147 1938 et
1172 1882 1299 1937 dicit
1332 1899 1345 1934 :
1377 1879 1624 1934 Dominus
1645 1881 1737 1949 ju-

141 1989 276 2042 stus,
301 1995 389 2048 ego
409 1991 577 2032 autem
593 1987 640 2032 et
661 1975 882 2048 populus
904 1992 1041 2028 uteus
1057 1974 1199 2045 impii
1226 1971 1419 2045 (Exod.
1444 1972 1496 2027 9.
1521 1970 1637 2042 Ξῖ).
1657 1969 1733 2043 (α)

142 2070 299 2126 lianc
325 2070 493 2140 legem
530 2068 698 2123 nescit
726 2067 971 2138 pueritia,
1002 2068 1209 2136 ignorat
1254 2050 1492 2129 inliuttia,
1532 2072 1586 2116 et
1618 2076 1740 2130 pec-

141 2167 278 2215 eans
308 2161 507 2230 absque
546 2160 818 2223 mandato,
860 2172 965 2210 non
993 2164 1206 2210 tenetur
1238 2155 1350 2222 lege
1383 2154 1601 2222 peccati.
1628 2153 1737 2205 Ma-

141 2250 333 2306 ledicit
361 2250 491 2318 patri
523 2258 577 2303 et
624 2246 802 2313 matri,
832 2258 882 2300 ct
914 2255 1164 2316 parentes
1189 2247 1434 2299 verberat
1474 2261 1488 2297 :
1519 2252 1572 2297 et
1616 2246 1737 2311 quia

140 2342 377 2398 hccdum
407 2340 612 2409 accepit
650 2340 820 2408 legem
852 2321 1147 2407 sapientite,
1172 2345 1441 2389 mortuum
1470 2341 1552 2388 est
1593 2333 1642 2386 iu
1671 2346 1737 2387 eo

141 2445 449 2505 peccatum.
489 2433 619 2487 Cum
667 2441 843 2485 autem
890 2430 1194 2484 mandatum
1227 2429 1450 2493 venerit,
1482 2427 1585 2481 hoc
1619 2435 1732 2494 est,

143 2535 360 2592 tempus
380 2522 738 2591 intelligentia:
753 2519 1052 2590 appetentis
1078 2520 1234 2582 bona,
1259 2530 1308 2572 et
1327 2517 1538 2572 vitantis
1558 2517 1692 2571 mala
1718 2532 1732 2570 :

145 2624 276 2668 tunc
302 2612 485 2683 incipit
510 2622 781 2683 peccatum
825 2611 1163 2675 reviviscere,
1192 2619 1245 2665 et
1280 2609 1369 2664 ille
1397 2609 1550 2670 mori,
1580 2623 1735 2663 rcus-

142 2716 253 2776 tjue
283 2721 401 2760 esse
446 2704 664 2773 peccati.
696 2706 870 2773 Atque
904 2703 975 2757 ita
1007 2700 1083 2768 lit,
1116 2712 1172 2756 ut
1202 2712 1408 2771 tempus
1437 2700 1733 2770 intelligen-

146 2798 258 2862 tiaz,
286 2812 391 2867 quo
429 2796 522 2851 Dei
555 2794 801 2849 mandata
826 2793 1215 2865 cognoscimus,
1258 2802 1316 2848 ut
1363 2792 1735 2863 perveniamus

143 2887 214 2942 ad
252 2888 430 2953 vitam,
483 2897 732 2956 Operetur
757 2887 809 2940 in
840 2886 991 2940 nobis
1020 2896 1246 2940 mortem
1276 2903 1288 2938 :
1319 2885 1363 2940 si
1391 2898 1608 2955 agamus
1635 2899 1732 2939 tte-

138 2980 446 3050 gligentius,
498 2989 553 3034 et
609 2979 821 3035 occasio
863 2979 1137 3048 sapientia:
1182 2977 1400 3033 seducat
1448 2994 1543 3032 nos
1574 2988 1733 3048 atque

141 3070 471 3139 supplantct,
496 3079 547 3123 el
574 3069 732 3124 ducat
758 3068 823 3122 ad
850 3079 1099 3124 mortem.
1129 3067 1243 3123 Non
1274 3069 1413 3140 quod
1438 3069 1735 3138 intelligen-

142 3162 213 3214 tia
245 3173 518 3230 peccatum
568 3160 638 3213 sit
688 3160 831 3232 (Lex
856 3161 997 3215 enim
1055 3160 1423 3229 intelligentia:
1469 3169 1649 3213 sancta
1681 3170 1733 3214 et

132 3253 284 3322 justa
320 3263 372 3308 et
402 3253 538 3308 bona
559 3251 674 3325 est)
701 3251 795 3307 sed
837 3268 930 3322 per
966 3251 1367 3321 intelligentiam
1395 3263 1730 3320 peccatorum

134 3355 304 3413 atque
329 3343 578 3397 virtutum
608 3343 738 3397 mihi
769 3351 1041 3413 peccatum
1071 3342 1326 3406 nascitur,
1374 3341 1511 3411 quod
1553 3342 1732 3412 ptius-

135 3450 301 3502 quatn
336 3433 705 3503 intelligerem,
735 3444 1008 3504 peccatum
1043 3448 1162 3489 esse
1192 3448 1297 3486 non
1338 3449 1603 3486 noveram.
1638 3435 1735 3487 At-

134 3539 243 3593 que
291 3524 362 3578 ita
413 3523 605 3578 factum
653 3534 755 3590 est,
789 3536 844 3579 ut
883 3525 1021 3596 quod
1065 3525 1193 3579 mihi
1230 3541 1331 3594 .pro
1372 3526 1509 3579 bono
1551 3524 1729 3579 datunt

134 3628 240 3679 εει,
267 3630 386 3670 meo
412 3616 538 3670 vitio
576 3626 809 3671 mutetur
845 3618 898 3671 in
938 3618 1165 3683 malum;
1207 3628 1257 3673 et
1300 3626 1354 3671 ut
1392 3616 1731 3689 hyperbolice

134 3705 335 3770 dicant,
365 3722 605 3776 novoque
651 3708 812 3762 verbo
842 3717 958 3761 utar
1007 3708 1072 3762 ad
1100 3708 1470 3778 explicandum
1512 3723 1728 3764 sensum

135 3811 319 3851 meum
342 3809 669 3865 :peccatuut,
693 3799 830 3867 quod
855 3800 1154 3869 priusquam
1170 3801 1419 3856 baberent
1444 3799 1733 3872 intelligen-

134 3885 303 3951 tiam,
349 3886 550 3957 absque
600 3897 817 3956 peccato
877 3898 1026 3954 erat,
1084 3905 1177 3956 per
1237 3891 1729 3958 prmvaricatiouem

132 3978 375 4033 mandati
405 3979 619 4046 incipiat
639 3978 768 4032 mihi
788 3994 904 4032 esse
924 3980 1231 4046 peccautius
1251 3992 1542 4048 peccatum.
1575 3980 1729 4034 Prius

130 4084 443 4143 quaaramus
483 4085 605 4140 qua:
644 4069 712 4124 sit
755 4071 853 4124 ista
891 4072 1340 4140 ceucupisrentia,
1371 4071 1437 4145 de
1474 4088 1576 4142 qua
1619 4072 1729 4128 Lex

131 4163 269 4216 dicit
303 4178 317 4214 :
361 4158 483 4213 Non
511 4163 851 4229 concupisces.
903 4161 1003 4215 Alii
1050 4171 1238 4230 putant
1279 4161 1403 4215 illttd
1432 4178 1549 4216 esse
1577 4180 1729 4216 mana

132 4255 346 4319 datum,
378 4253 519 4325 quod
549 4254 601 4309 in
632 4254 888 4324 Decalogo
913 4254 1168 4324 scriptunt
1201 4263 1282 4310 est
1313 4272 1327 4308 :
1352 4252 1730 4326 Nonconcupi-

133 4362 245 4400 sces
288 4362 394 4399 rem
432 4345 655 4414 proximi
692 4346 765 4399 tui
800 4343 989 4417 (Deut.
1021 4346 1073 4402 5.
1106 4344 1229 4417 21).
1275 4345 1381 4402 Nos
1428 4356 1604 4401 autem
1637 4364 1730 4418 per

135 4442 623 4510 concupiscentiam
665 4455 851 4497 omnes
882 4443 1306 4511 perturbationes
1352 4446 1543 4498 aniune
1569 4446 1732 4515 signi-

134 4534 326 4589 ﬁcatas
353 4545 620 4605 putamus,
653 4534 843 4605 quibus
873 4550 1166 4595 mceremus
1203 4544 1257 4589 et
1302 4535 1596 4605 gaudemus
1616 4580 1629 4601 ,
1661 4538 1729 4592 ti~

138 4638 351 4679 memus
376 4634 430 4680 et
452 4625 900 4696 concupiscimus.
934 4626 999 4679 Et
1026 4625 1127 4679 ltoc
1159 4626 1447 4694 Apostolus
1486 4641 1578 4680 vas
1615 4626 1728 4683 ele-

136 4716 356 4783 ctiouis,
387 4716 536 4786 cujus
560 4731 755 4786 corpus
794 4715 1047 4786 templum
1091 4726 1209 4772 erat
1233 4716 1464 4794 Spiritus
1512 4718 1725 4787 Sancti,

136 4822 194 4867 et
226 4810 317 4881 qui
353 4810 560 4865 dicebat
586 4828 601 4862 :
633 4810 711 4864 An
738 4810 1134 4881 experimentum
1173 4811 1394 4882 quaeritis
1420 4812 1527 4880 ejus
1550 4814 1635 4882 qui
1677 4813 1730 4867 in

138 4915 225 4954 me
247 4899 465 4967 loquitur
485 4898 711 4953 Christus
752 4897 830 4970 (1.
855 4898 973 4954 Cor.
1008 4899 1095 4955 15.
1116 4901 1173 4973 '5)
1200 4898 1225 4952 Ἰ
1255 4900 1319 4954 Et
1347 4900 1398 4954 in
1429 4901 1532 4954 alio
1562 4901 1679 4956 loco
1713 4919 1727 4956 :

140 4989 376 5046 Christus
402 5004 491 5042 nos
516 4989 721 5049 redemit
756 4988 964 5061 (Colat.
994 4992 1048 5047 5.
1079 4990 1180 5063 15)
1207 5008 1220 5044 :
1250 4992 1315 5045 Et
1341 4994 1528 5046 iterum
1566 5012 1577 5047 :
1604 4992 1731 5048 Vivo

140 5072 312 5136 autem
329 5080 441 5150 jaut
478 5095 577 5133 non
605 5095 718 5150 ego,
744 5082 857 5135 vivit
886 5097 1000 5135 vero
1027 5081 1078 5135 in
1110 5098 1187 5134 me
1219 5081 1447 5137 Christus
1476 5082 1535 5151 (1
1541 5084 1643 5137 bid.
1671 5083 1725 5139 ‘2.

140 5171 274 5243 20),
308 5185 412 5225 non
441 5170 508 5226 de
579 5170 746 5244 874
814 5188 873 5228 se
904 5174 1156 5244 loquitur,
1184 5174 1277 5228 sed
1305 5176 1373 5230 de
1393 5188 1477 5241 eo,
1509 5176 1597 5245 qui
1626 5178 1733 5230 vult

215 5284 284 5396 (ἃ)
317 5281 490 5336 lsthtee
510 5296 706 5349 quoque
733 5298 797 5335 ex
812 5285 1030 5349 Origene
1056 5286 1313 5350 explicatio
1336 5290 1560 5345 sumitur,
1576 5289 1731 5351 cujus,

215 5362 223 5395 ι
278 5360 339 5396 uo
363 5348 656 5396 interprete.
683 5346 956 5396 huiusmodi
993 5349 1240 5396 sententia
1264 5358 1342 5396 est
1370 5364 1384 5396 :
1418 5351 1572 5396 notari
1600 5350 1731 5396 Pauli

146 5346 656 5410 Rutiuoiuterpreté,
683 5346 956 5410 hujusmodi
993 5346 1240 5410 sententia
1264 5358 1342 5399 est
1370 5364 1384 5399 :
1418 5351 1572 5399 notari
1600 5346 1736 5401 Pauli

149 5409 595 5474 verbis__b<nninetn
628 5411 676 5457 in
710 5409 922 5471 infantia,
962 5412 1045 5474 qui
1084 5409 1262 5474 tamdiu
1302 5410 1468 5474 legem
1505 5413 1696 5474 ignorat
1719 5452 1733 5471 ,

184 5470 377 5520 uatndiu
412 5471 569 5518 anatis
607 5483 835 5531 processu
872 5470 1063 5520 noverit
1088 5471 1218 5520 inter
1243 5470 1439 5533 bonum,
1473 5470 1547 5522 et'
1561 5470 1737 5523 malum

184 5485 377 5520 uammu
412 5485 569 5518 rotans
607 5485 835 5531 processu
872 5485 1063 5520 noverit
1088 5485 1218 5520 lttlel‘
1243 5485 1439 5533 nonum,
1473 5485 1524 5522 et
1561 5485 1737 5523 malum

144 5485 586 5596 giscernere,‘et_a
609 5534 903 5596 conscientia
925 5533 1161 5596 audierit,
1189 5541 1288 5596 non
1324 5533 1647 5596 concupisces.
1673 5536 1738 5586 At

186 5594 380 5656 lerique
417 5590 498 5656 alii
517 5592 697 5656 Patres
719 5594 1101 5656 interpretantur
1126 5593 1174 5641 in
1198 5590 1485 5645 universum
1518 5603 1737 5646 naturam

186 5608 380 5656 temque
417 5608 498 5641 aut
523 5608 697 5641 rats-es
719 5608 1101 5656 Interpretautur
1126 5608 1174 5641 tn
1198 5608 1479 5645 universum
1518 5608 1736 5646 naturam

152 5608 478 5719 [inmanitqu
517 5652 654 5719 Pauli
681 5667 885 5715 persona
901 5656 1245 5719 repraesentari
1266 5690 1281 5719 ,
1306 5658 1514 5718 primum
1536 5658 1736 5719 quidem

153 5717 372 5783 liberam,
397 5713 740 5783 dein_de_Lege
762 5713 1086 5783 constrictam.
1113 5713 1522 5783 Yide_(‘J_'trysost.,
1540 5713 1591 5768 ét
1614 5733 1739 5783 prte-

154 5781 295 5842 cipue
319 5778 446 5841 Aug.
471 5776 555 5827 lib.
579 5777 623 5827 1.
644 5776 943 5844 contractuas
967 5777 1206 5841 Epistolas
1231 5776 1622 5844 Pelagianorum;

1495 272 1820 352 tristem
1864 276 2077 353 exivi-

3301 308 3437 373 τοξδ

1854 418 1973 501 post
2004 419 2215 481 [moesta
2244 409 2402 484 agere
2424 407 2785 487 pteuitentiam
2814 409 2904 478 :e‘t
2929 426 3028 481 sub
3054 442 3282 496 persona
3312 446 3431 501 sua;

1814 554 1821 559 ,
1857 499 2193 571 fragilitatem
2222 504 2474 562 describit
2498 511 2818 569 conditionis
2842 517 3086 572 humana:
3112 535 3129 572 :
3154 537 3273 590 quae
3292 499 3434 580 duo8

1852 604 1967 681 rum
2014 592 2305 662 hominum,
2352 598 2620 655 interioris
2663 612 2718 657 et
2767 607 3047 662 citerioris
3090 614 3433 681 pugnantium

1853 680 1990 736 inter
2016 698 2076 738 se
2104 685 2239 740 bella
2266 691 2582 758 perpetitur.
2635 693 2861 751 Interior
2906 699 3065 755 homo
3088 680 3351 761 consentit
3379 717 3434 763 et

1851 772 2063 841 scripta:
2091 782 2145 828 et
2169 778 2389 833 naturali
2421 781 2546 850 legi,
2591 784 2731 851 quod
2760 786 2897 842 bona
2928 791 3015 853 sit,
3065 799 3120 846 et
3146 806 3346 859 sancta,
3381 807 3433 852 et

1846 860 2009 929 jusla,
2036 874 2088 917 et
2135 867 2444 933 spiritualis.
2475 871 2737 939 Exterior,
2799 875 2930 948 Ego,
2984 878 3173 951 inquit,
3215 890 3431 942 carnalis

1849 969 1980 1019 sum,
2028 952 2340 1013 renuntiatus
2364 961 2457 1015 sub
2478 974 2701 1034 peccato.
2724 968 2869 1035 Quod
2896 974 3024 1026 enim
3045 991 3225 1045 operor
3244 982 3429 1048 nescio;

1850 1054 1900 1141 et
1925 1061 2024 1100 non
2049 1052 2183 1116 quod
2211 1050 2323 1105 volo
2347 1054 2440 1107 hoc
2459 1071 2575 1127 ego,
2611 1059 2700 1115 sed
2725 1068 2859 1129 quod
2882 1065 2970 1116 odi
2997 1067 3012 1135 (
3039 1065 3186 1120 Rom.
3219 1070 3268 1123 7.
3303 1072 3370 1126 14
3388 1075 3426 1141 )2

1848 1135 1904 1191 Si
1947 1148 2121 1194 autem
2170 1145 2407 1200 exterior
2434 1147 2559 1203 facit
2601 1152 2740 1221 quod
2783 1171 2887 1209 non
2932 1158 3069 1222 vult,
3100 1170 3155 1214 et
3182 1135 3432 1232 operatur

1847 1228 1989 1296 quod
2016 1231 2149 1298 odit,
2182 1237 2412 1292 o.-.teudit
2440 1236 2639 1295 bonum
2683 1257 2803 1299 esse
2838 1247 3177 1314 mandatum,
3217 1228 3276 1307 et
3322 1270 3429 1309 non

1847 1328 1906 1375 se
1932 1325 2141 1391 operari
2168 1328 2308 1396 quod
2334 1340 2417 1385 est
2441 1334 2670 1401 malum;
2698 1337 2794 1391 sed
2815 1337 3058 1398 habitans
3074 1344 3127 1398 in
3151 1359 3246 1401 sua
3270 1362 3430 1404 carne

1846 1418 2122 1479 peccatum
2157 1432 2173 1470 :
2205 1416 2309 1474 hoc
2353 1430 2436 1475 est
2462 1424 2586 1477 Vitia
2613 1430 2871 1496 corporis,
2899 1440 2955 1486 et
2992 1432 3256 1490 desideria
3282 1440 3430 1493 volu-

1844 1505 2024 1572 ptatis,
2054 1504 2172 1576 q'ute
2194 1520 2412 1579 propter
2431 1525 2674 1583 posteros
2701 1528 2756 1573 et
2778 1520 3017 1578 sobolem
3048 1525 3203 1582 insita
3223 1541 3305 1584 est
3328 1531 3429 1585 ltu—

1844 1596 2014 1682 manis
2043 1600 2357 1666 cerporibus
2386 1619 2399 1653 :
2432 1611 2486 1657 et
2512 1607 2555 1659 si
2585 1606 2718 1662 lines
2745 1610 2901 1665 fuerit
2928 1624 3164 1682 egressa,
3208 1621 3429 1676 vertitur

1843 1681 1897 1734 in
1924 1696 2216 1751 peceatum.
2271 1689 2342 1745 Se
2383 1697 2743 1767 llllUS.jlllanlc
2769 1681 3092 1770 consideret,
3129 1716 3186 1760 et
3211 1718 3430 1764 accusa:-

1842 1778 1929 1826 tor
1952 1774 2056 1840 sui,
2105 1784 2298 1833 tractet
2345 1781 2607 1839 incentiva
2647 1787 2891 1844 vitiorum
2926 1797 3234 1863 :quomodo
3276 1806 3331 1852 et
3374 1800 3427 1855 in

1842 1864 2113 1960 sermone,
2135 1869 2258 1922 etin
2288 1871 2629 1940 cogitatione,
2661 1886 2715 1931 et
2744 1878 2796 1932 io
2816 1880 2996 1936 calore
3018 1888 3259 1954 corporis
3285 1890 3430 1960 saepe

1843 1952 2108 2023 loquatur,
2140 1968 2195 2013 et
2221 1962 2436 2030 cogitet,
2469 1974 2523 2018 et
2547 1967 2794 2035 patiatur,
2828 1971 2967 2039 quod
2990 1988 3094 2027 non
3117 1952 3272 2032 vult:
3306 1952 3428 2035 nolo

1841 2043 2040 2111 dicere,
2074 2046 2251 2115 faciat,
2290 2067 2358 2105 ne
2381 2064 2593 2109 sanctos
2634 2057 2776 2112 viros
2816 2061 3306 2132 videar'aceusare,
3357 2071 3427 2126 de

1841 2132 2031 2201 quibus
2057 2139 2311 2208 scriptum
2333 2151 2418 2196 est
2450 2161 2464 2197 :
2493 2143 2620 2198 Erat
2644 2146 2732 2202 ille
2756 2150 2905 2204 homo
2931 2162 3073 2209 verus
3109 2168 3156 2210 et
3184 2161 3430 2214 intutam”-

1840 2222 1995 2315 lttt‘us,
2020 2227 2194 2315 justus
2227 2229 2318 2282 Dei
2358 2233 2541 2300 cultor,
2584 2239 2819 2293 recedens
2840 2242 2902 2294 ab
2931 2246 3068 2299 omni
3112 2263 3265 2315 opere
3293 2253 3429 2306 malo

1840 2309 1978 2379 (Job
2026 2314 2124 2369 ω
2148 2315 2190 2386 ).
2239 2318 2300 2371 Ει
2342 2318 2410 2372 de
2456 2321 2729 2393 Zaeltaria,
2784 2338 2840 2384 et
2911 2309 3183 2389 Elizabettt
3216 2357 3226 2389 ;
3263 2336 3428 2395 erant

1832 2402 1964 2470 justi
2009 2406 2156 2459 ambo
2199 2408 2251 2461 in
2295 2422 2564 2483 conspectu
2608 2414 2725 2485 Dei,
2776 2423 3099 2479 ambulantes.
3120 2427 3175 2480 in
3197 2430 3429 2484 omnibus

1840 2495 2096 2589 mandatis
2156 2507 2203 2551 et
2243 2500 2693 2587 justiﬁcntionibus
2745 2508 2946 2566 Domini
2996 2515 3178 2588 absque
3225 2521 3428 2589 querula

1843 2584 1862 2653 (
1886 2583 2009 2639 Luc.
2032 2587 2081 2640 1.
2112 2588 2144 2642 6
2165 2587 2206 2661 ).
2233 2591 2292 2644 Et
2325 2583 2646 2663 praet-ptum
2672 2608 2755 2652 Cal
2776 2602 3048 2670 Apostolis
3077 2583 3297 2665 {Esto-te
3313 2628 3427 2677 pera

1840 2680 1976 2772 freti,
2002 2681 2129 2733 sicut
2157 2681 2314 2737 Pater
2336 2698 2496 2739 vester
2515 2688 2725 2746 calatis
2751 2698 2999 2765 perfectus
3024 2709 3094 2751 est
3117 2700 3137 2772 (
3156 2700 3340 2757 Matth.
3366 2706 3420 2759 5η.

1836 2769 1909 2823 46
1928 2768 1970 2840 ).
2014 2771 2291 2842 Nunquam
2318 2785 2497 2832 autem
2538 2777 2638 2834 hoc
2681 2783 2951 2851 Apostolis
2979 2768 3286 2858 imperaret,
3325 2794 3425 2850 nisi

1834 2860 1999 2916 sciret
2038 2862 2307 2920 hominem
2335 2883 2494 2937 posse
2521 2884 2643 2926 esse
2684 2874 2999 2941 perfectum.
3040 2879 3116 2951 (b)
3147 2880 3256 2935 Nisi
3287 2883 3426 2939 forte

1836 2951 1941 3007 hac
1962 2954 2219 3017 dicamus,
2253 2959 2391 3026 quod
2423 2962 2679 3017 recedens
2703 2964 2770 3018 ab
2800 2967 2946 3020 omni
2971 2975 3110 3022 malo
3129 3012 3145 3039 ,
3175 2975 3416 3029 emenda-

1841 3044 2036 3097 tionem
2067 3046 2348 3115 siguilicet,
2375 3058 2431 3104 et
2455 3050 2524 3105 de
2550 3053 2821 3108 errorilms
2843 3058 3100 3127 puerilite,
3124 3070 3176 3116 et
3194 3062 3264 3117 de
3287 3065 3425 3122 vitiis

1836 3134 2163 3191 lascivientis
2198 3141 2391 3206 anatis,
2430 3130 2706 3199 transitum
2750 3148 2814 3201 ad
2853 3154 3241 3210 correctionem
3266 3168 3426 3229 atque

1834 3227 2094 3292 virtutes;
2120 3230 2377 3297 justitiam
2404 3248 2615 3305 quoque
2641 3254 2758 3307 qua:
2786 3240 2835 3293 iu
2867 3241 3140 3306 Zacltat'ia.
3169 3258 3222 3301 et
3249 3227 3423 3304 tilica-

1840 3314 1964 3370 betlt
1998 3320 2336 3390 pra:dicatur,
2390 3322 2516 3378 loris
2563 3342 2683 3383 esse
2714 3344 2728 3393 ;
2760 3334 3245 3401 concupiscentiam
3295 3356 3423 3398 vero

1838 3424 1955 3478 qua:
1991 3425 2130 3467 nunc
2175 3411 2413 3469 habitare
2451 3415 2507 3471 in
2546 3420 2801 3475 membris
2831 3425 3028 3478 nostris
3054 3428 3268 3497 dicitur,
3297 3444 3423 3487 vera

1839 3501 1942 3555 sari
1975 3501 2313 3559 intrinsecus.
2347 3506 2548 3592 Scdjet
2580 3514 2848 3579 Apostolis
2887 3529 2993 3571 non
3025 3521 3202 3587 pueris
3229 3525 3422 3592 praeui-'-

1829 3592 1997 3660 pitur,
2027 3608 2209 3648 verum
2238 3596 2346 3664 jam
2375 3586 2547 3652 teta'tis
2574 3600 2827 3670 robustm,
2855 3614 2911 3658 ut
2938 3586 3211 3664 assumant
3230 3586 3424 3680 perfe-

1834 3682 2086 3745 ctionem.
2106 3699 2264 3755 quam
2284 3696 2336 3740 et
2354 3702 2451 3741 nos
2467 3690 2785 3747 conﬁtemur
2802 3694 2852 3747 in
2865 3705 3020 3751 aetate
3036 3713 3154 3753 esse
3167 3716 3247 3769 pet
3264 3700 3420 3757 t'ccta.

1834 3771 1944 3827 Nec
1984 3774 2097 3829 tunc
2124 3776 2179 3830 di
2213 3788 2383 3845 entes,
2415 3780 2693 3836 adulamur
2718 3783 2897 3848 vitiis;
2926 3788 3019 3840 sed
3046 3793 3418 3849 auctoritatem

1836 3867 2110 3933 sequimur
2138 3866 2564 3939 Scripturarttm,
2639 3875 2803 3947 875
2876 3880 3015 3946 quod
3057 3883 3231 3936 nullus
3259 3885 3420 3943 homo

1836 3956 1905 4009 sit
1934 3957 2133 4026 absque
2162 3969 2400 4028 peccato,
2452 3963 2544 4016 Sed
2590 3966 2851 4022 conclusit
2902 3969 3039 4023 Deus
3090 3988 3277 4029 oancs
3319 3978 3421 4034 sub

1837 4055 2090 4114 peccato;
2115 4056 2173 4102 ttt
2193 4049 2427 4103 omnium
2454 4052 2766 4109 misereatur
2790 4057 2808 4129 (
2830 4057 2949 4114 Cal.
2973 4061 3024 4115 5.
3048 4060 3155 4133 22)
3185 4064 3421 4135 :absqttc

1835 4150 1901 4189 eo
1926 4137 2039 4192 solo
2058 4179 2073 4203 ,
2104 4140 2190 4209 qui
2216 4151 2469 4210 peccatum
2492 4159 2592 4197 non
2619 4146 2774 4214 fecit,
2802 4165 2892 4203 nec
2915 4150 3142 4207 iuventus
3174 4166 3248 4209 est
3272 4156 3424 4214 dolus

1835 4226 1887 4281 in
1914 4244 1999 4282 ore
2021 4230 2131 4292 eius
2156 4230 2175 4303 (
2198 4229 2324 4285 lsai.
2354 4234 2478 4303 53).
2510 4236 2659 4293 [Inde
2687 4247 2741 4293 et
2772 4256 2866 4309 per
2904 4242 3243 4303 Salontoncm
3291 4251 3423 4307 dicis

1838 4326 1923 4372 tur
1952 4336 1965 4372 :
1993 4321 2132 4390 quod
2161 4325 2426 4392 serpentis
2451 4328 2667 4397 vestigia
2699 4343 2803 4384 non
2828 4333 3164 4391 inveniantur
3188 4339 3238 4391 in
3274 4351 3420 4410 petra

1835 4408 2031 4484 (Prov.
2057 4414 2187 4485 50).
2219 4415 2286 4470 Et
2313 4416 2425 4485 ipse
2453 4418 2520 4474 de
2571 4435 2630 4475 se
2676 4421 2929 4480 Dominus
2963 4444 2975 4480 :
3008 4427 3171 4496 Ecce,
3214 4408 3416 4503 inquit,

1835 4505 1970 4556 venit
2014 4504 2248 4575 princeps
2290 4508 2465 4563 mundi
2512 4510 2704 4582 hujus;
2752 4524 2801 4568 et
2848 4516 2978 4571 nihil
3021 4520 3074 4572 in
3112 4536 3196 4574 me
3235 4523 3421 4579 inuenit

1835 4591 2030 4665 (Joan.
2065 4597 2149 4651 M.
2182 4599 2249 4653 50
2274 4600 2326 4668 ),
2359 4599 2409 4653 id
2451 4610 2554 4667 est,
2584 4603 2665 4658 sui
2702 4606 2903 4674 operis,
2950 4609 3138 4677 suique
3188 4613 3416 4683 vestigii.-

1834 4684 1915 4740 Ob
1936 4685 2071 4741 hanc
2093 4702 2305 4742 causam
2337 4688 2553 4759 jubetur
2592 4693 2766 4759 nobis,
2802 4710 2870 4749 ne
2906 4699 3288 4767 esprobremus
3319 4703 3418 4758 Ιιοδ

1834 4780 1963 4834 mini
2016 4783 2303 4838 revertenti
2347 4799 2377 4839 a
2423 4787 2655 4857 peccatis
2693 4788 2826 4856 suis,
2867 4796 2923 4844 et
2960 4805 3028 4846 ne
3053 4792 3422 4849 abomincmtir

1836 4871 2146 4944 Egyptiutn
2175 4892 2188 4928 :
2214 4875 2355 4945 quia,
2379 4886 2433 4931 et
2455 4878 2552 4946 ipsi
2575 4878 2842 4947 quondam
2864 4880 2914 4933 in
2934 4878 3168 4953 [Egypto
3188 4881 3421 4950 luimus;

1835 4973 1889 5018 et
1916 4965 1982 5019 de
2012 4966 2124 5020 luto
2149 4965 2494 5021 ac‘latertbus
2523 4967 2785 5023 Pharaoni
2814 4970 3055 5026 civitates
3091 4974 3424 5031 extruximus

1838 5053 2030 5124 (Deut.
2058 5053 2205 5125 23);
2236 5063 2290 5109 et
2317 5055 2440 5125 quia
2480 5056 2675 5127 captivi
2703 5058 2847 5114 ducti
2876 5074 3060 5117 sumus
3100 5063 3151 5117 in
3195 5063 3421 5135 Babylo-

1900 5165 2156 5240 (bjhvides
2178 5167 2430 5240 superiora
2466 5167 2731 5240 dubitando
2754 5174 2953 5235 proponi
2972 5187 3113 5240 ,_t_ton_
3147 5188 3237 5240 pro
3270 5180 3427 5229 certis

1839 5229 2098 5296 constitui;
2123 5241 2234 5276 nam
2255 5229 2417 5296 statim
2437 5265 2450 5289 ,
2477 5232 2613 5292 quasi
2637 5229 2909 5296 retractans
2928 5272 2942 5296 ,
2973 5229 3063 5285 illa
3085 5229 3424 5290 de'ltomiuum

1875 5288 2143 5362 selectione
2166 5288 2695 5362 sentent_ia_'quotnodo
2728 5288 3017 5362 accipienda
3053 5300 3151 5362 sit,
3187 5288 3421 5362 explicati

1870 5350 1933 5422 ibi
1960 5363 2078 5399 vero
2108 5350 2387 5422 ttujusmodi
2423 5350 2544 5422 loca,
2573 5361 2626 5403 et
2650 5350 2874 5422 exempla
2903 5350 3149 5422 Pelagiani
3175 5361 3228 5411 in
3258 5350 3424 5413 imre}

1839 5412 1931 5481 sint
1953 5423 2088 5481 suam
2106 5413 2304 5481 trabem
2319 5416 2478 5481 conati
2499 5421 2632 5481 sunt,
2653 5412 2813 5481 tribus
2831 5412 3050 5479 integris
3060 5419 3216 5481 libris,
3260 5428 3430 5474 tuetur‘

1843 5472 2168 5538 etAcalumniis
2193 5473 2386 5538 liberat.
2422 5472 2633 5538 Epistula
2659 5479 2718 5526 ad
2742 5472 3106 5538 Ctes'phoutem
3124 5472 3273 5535 num.
3293 5472 3427 5537 xuii—.-

1849 5535 2024 5610 «Quod
2047 5544 2209 5610 autem
2237 5532 2571 5610 inﬁci-imbris
2601 5540 2780 5610 sanctis
2800 5532 2937 5610 multi
2954 5544 3073 5603 justi
3101 5532 3431 5610 appellentur,-

1842 5605 1896 5646 ut
1917 5597 2184 5667 luebat-ias,
2211 5605 2260 5646 et
2283 5596 2634 5660 Etizabetb....,
2661 5601 2871 5667 et_multi
2908 5596 3114 5667 quorum
3131 5596 3433 5662 't'tominib—us

1841 5659 2504 5733 saclaﬁeripturacontexm
2528 5659 2707 5733 e_st.’._..,
2724 5662 2816 5714 hoc
2840 5659 3058 5733 breviter
3082 5659 3434 5733 perstrinxisse

1843 5721 2065 5797 sufﬁciat,
2088 5722 2221 5797 quod
2250 5722 2380 5797 justi
2406 5721 2753 5797 appellentur:
2775 5740 2871 5776 non
2894 5729 3024 5791 quod
3060 5721 3189 5797 6mm
3215 5736 3329 5783 vitio
3350 5721 3430 5782 ea;
3484 5754 3496 5763 -

1844 5792 2001 5849 reant,
2030 5785 2116 5835 sed
2140 5785 2267 5845 quod
2291 5785 2455 5847 majori
2479 5794 2617 5851 parte
2643 5788 2872 5840 virtutum
2894 5785 3314 5844 e'ommendentur.
3340 5806 3363 5839 ι
