4026 6186
649 269 784 326 102⁸2

650 397 771 443 nem
799 383 915 453 lege
941 380 1170 453 peccati,
1202 371 1344 447 quod
1373 374 1424 428 in
1470 371 1724 428 membris
1748 370 1945 426 nostris
1969 370 2221 425 moraba-

653 485 759 531 tur.
778 475 1012 540 Cumque
1029 468 1293 522 videretur
1312 472 1550 520 extrema
1572 462 1893 533 desperatio,
1916 462 2024 516 imo
2042 470 2224 532 aperta

651 563 915 620 confessio
938 600 952 625 ,
992 572 1206 613 onmem
1246 555 1512 609 hominem
1538 553 1735 608 diaboli
1758 553 1963 623 laqueis
1987 550 2180 607 irretiri
2204 588 2221 619 ,

649 663 938 708 conversus
982 648 1032 702 in
1083 662 1143 700 se
1180 645 1486 716 Apostolus,
1538 643 1646 698 imo
1695 642 1876 710 homo,
1928 641 2028 697 sub
2073 641 2226 711 cujus

649 755 875 812 persona
916 736 1204 807 Apostolus
1242 734 1508 805 loquitur,
1556 733 1664 804 agit
1704 732 1899 804 gratias
1938 732 2222 800 Salvatori,

646 832 788 903 quod
818 830 1126 901 redemptus
1149 829 1216 883 sit
1242 827 1498 898 sanguine
1535 826 1670 895 ejus,
1699 833 1754 881 et
1798 824 1985 880 sordes
2026 826 2079 880 in
2127 824 2225 880 ba-

646 927 842 996 ptismo
865 924 1186 993 deposuerit,
1223 932 1277 976 et
1304 935 1497 975 novum
1523 919 1717 975 Christi
1755 919 2103 989 assumpserit
2131 932 2223 974 ve-

645 1017 977 1081 stimentum,
1003 1023 1056 1069 et
1094 1021 1304 1067 mortuo
1326 1011 1492 1066 veteri
1521 1010 1758 1076 homine,
1788 1021 1944 1064 natus
1973 1008 2225 1065 sithomo

647 1121 850 1169 novus,
878 1104 966 1171 qui
995 1102 1172 1158 dieat:
1208 1100 1366 1154 Miser
1394 1115 1483 1170 ego
1510 1099 1679 1163 homo,
1725 1100 1835 1169 quis
1878 1116 1958 1152 me
1996 1097 2226 1153 liberabit

647 1197 711 1250 de
743 1210 951 1264 corpore
994 1192 1166 1247 mortis
1216 1190 1366 1261 hujus
1409 1189 1584 1258 (Rom.
1614 1190 1669 1244 7.
1714 1186 1859 1260 ειη
1897 1188 2099 1243 Gratias
2127 1203 2227 1260 ago

646 1288 756 1343 Deo
808 1304 897 1357 per
940 1284 1116 1340 Iesum
1153 1282 1408 1361 Christum
1436 1280 1707 1336 Dominum
1746 1292 1991 1346 nostrum,
2032 1283 2120 1359 qui
2147 1296 2225 1336 me

645 1381 709 1435 de
752 1394 959 1449 corpore
1007 1376 1184 1430 mortis
1220 1374 1464 1429 liberauit.
1498 1371 1649 1441 Quod
1685 1372 1732 1429 si
1760 1372 1843 1429 cui
1887 1387 1992 1427 non
2020 1371 2227 1428 videtur

643 1472 745 1526 sub
773 1482 995 1540 persona
1038 1480 1133 1521 sua
1165 1465 1267 1520 hoc
1312 1464 1604 1534 Apostolus
1643 1463 1712 1519 de
1740 1464 1860 1519 aliis
1890 1462 2086 1526 dieere,
2126 1478 2223 1517 ex-

645 1569 839 1632 ponat,
894 1556 1160 1629 quomodo
1209 1555 1427 1620 Daniel,
1454 1570 1610 1624 quem
1645 1554 1848 1624 justum
1884 1554 2045 1609 fuisse
2070 1552 2223 1609 novi-

643 1665 763 1704 mus
781 1648 881 1720 (a),
908 1647 1058 1719 quasi
1086 1647 1154 1702 de
1178 1661 1238 1701 se
1264 1645 1425 1709 dicat,
1456 1659 1576 1699 cum
1602 1659 1696 1714 pro
1722 1643 1839 1698 aliis
1867 1643 2182 1714 deprecatur
2206 1659 2223 1699 :

646 1739 1006 1805 Peccavimus,
1035 1737 1203 1806 inique
1249 1736 1494 1806 fecimus,
1534 1734 1721 1804 injuste
1763 1733 2042 1804 gessimus,
2072 1733 2228 1803 impie

639 1831 862 1902 egimus,
896 1837 942 1884 et
979 1828 1305 1891 recessimus,
1327 1842 1387 1880 ac
1425 1823 1780 1879 declinavimus
1817 1842 1848 1877 a
1871 1824 2152 1890 mandatis,
2178 1834 2226 1895 et

638 1920 846 1991 iudiciis
888 1919 989 1973 tuis
1009 1959 1023 1983 ,
1054 1928 1101 1971 et
1131 1934 1229 1970 non
1259 1915 1539 1969 audivimus
1563 1931 1731 1969 servos
1760 1925 1872 1968 tuos
1901 1914 2182 1985 Prophetas
2204 1955 2221 1984 ,

638 2012 726 2082 qui
752 2010 908 2065 locuti
934 2008 1125 2063 suntin
1149 2007 1348 2061 nomine
1373 2015 1457 2058 tuo
1485 2004 1552 2058 ad
1571 2022 1710 2076 reges
1732 2017 1927 2059 nostros
1950 2046 1965 2071 ,
2003 2014 2050 2059 et
2085 2006 2226 2075 prin-

638 2104 809 2173 cipes,
860 2110 906 2156 et
951 2109 1150 2170 patres,
1207 2108 1256 2153 et
1302 2097 1369 2150 ad
1410 2113 1608 2150 onmem
1647 2097 1888 2167 populum
1916 2107 2081 2152 teme.
2115 2096 2225 2152 Tibi

639 2192 858 2247 Domine
893 2192 1127 2263 justitia,
1175 2190 1315 2243 nobis
1362 2198 1527 2242 autem
1553 2189 1784 2259 confusio
1833 2187 2005 2259 (Dan.
2034 2189 2089 2244 '5.
2127 2187 2220 2244 29.

637 2293 685 2340 et
713 2301 845 2354 seqq.
874 2286 912 2354 ).
937 2282 1066 2338 Illud
1093 2296 1302 2352 quoque
1331 2280 1471 2351 quod
1501 2281 1551 2335 in
1580 2281 1849 2335 tricesimo
1876 2281 2045 2350 primo
2073 2281 2221 2335 Psal-

639 2388 730 2429 mo
757 2374 987 2429 dicitur:
1017 2371 1289 2425 Peccatum
1318 2386 1479 2422 meum
1506 2370 1760 2440 cognitum
1787 2369 1875 2423 tibi
1901 2371 2018 2439 feci,
2047 2379 2094 2424 et
2121 2372 2221 2424 ini-

639 2464 873 2527 quitatem
893 2477 1054 2514 meam
1073 2476 1172 2513 non
1198 2459 1454 2513 abscondi.
1479 2457 1600 2512 Dixi
1616 2474 1633 2512 .'
1649 2457 1931 2527 Conﬁtebor
1958 2460 2223 2514 adversum

639 2568 719 2605 me
745 2551 1040 2619 injustitiam
1070 2566 1231 2603 meam
1256 2549 1473 2602 Domino
1497 2591 1511 2612 ,
1540 2562 1585 2602 et
1630 2560 1683 2602 tu
1711 2551 1945 2605 remisisti
1987 2552 2222 2621 impieta-

638 2652 735 2697 tem
762 2643 951 2717 peccati
979 2641 1093 2695 mei.
1134 2643 1237 2694 Pro
1274 2642 1369 2694 hac
1393 2640 1551 2694 orabit
1577 2640 1643 2694 ad
1671 2651 1717 2694 te
1740 2642 1903 2696 omnis
1938 2651 2142 2696 sanctus
2168 2643 2222 2697 in

638 2744 861 2802 tempore
889 2740 1172 2801 opportuno
1197 2732 1215 2801 (
1238 2729 1379 2783 Psal.
1409 2730 1498 2784 51.
1521 2730 1574 2784 5.
1604 2738 1651 2783 et
1670 2746 1804 2800 seqq.
1833 2730 1873 2793 ),
1903 2745 2009 2785 non
2035 2729 2219 2799 David,

638 2832 692 2878 et
739 2821 885 2893 justo
931 2822 1078 2886 viro,
1131 2829 1185 2875 et
1232 2819 1252 2892 ‘(
1274 2828 1332 2875 ut
1376 2818 1691 2889 simpliciter
1758 2821 1923 2892 876
1993 2820 2220 2894 loquar)

639 2913 918 2983 Pr0pheta:
936 2952 952 2978 ,
977 2912 1131 2981 cujus
1157 2912 1320 2966 verba
1348 2918 1655 2977 narrantur,
1685 2911 1777 2965 sed
1809 2912 2069 2980 peccatori
2092 2928 2219 2968 con-

638 3005 797 3077 gruit.
838 3004 1078 3073 Cumque
1115 3002 1291 3073 justus
1336 3000 1436 3056 sub
1483 3016 1706 3072 persona
1750 3001 2052 3071 pmuitentis
2096 3004 2215 3059 talia

640 3095 982 3166 profudisset,
1010 3110 1040 3149 a
1082 3095 1189 3149 Deo
1214 3103 1448 3149 meretur
1475 3093 1659 3148 audire
1691 3111 1704 3146 :
1753 3092 2040 3164 Intelligere
2059 3104 2106 3147 te
2131 3095 2214 3164 fa-

636 3188 786 3254 ciam,
817 3196 861 3241 et
891 3184 1076 3239 docebo
1101 3194 1149 3238 te
1188 3185 1241 3238 in
1276 3184 1356 3238 via
1399 3183 1493 3237 hac
1538 3200 1637 3254 qua
1676 3183 1953 3238 ambulabis
1983 3199 2002 3238 :
2024 3185 2214 3253 conﬁr-

637 3280 782 3334 mabo
829 3294 979 3347 super
1009 3286 1055 3330 te
1092 3277 1261 3329 oculos
1309 3291 1445 3329 meos
1491 3266 1669 3346 (Ibid.
1700 3275 1791 3343 8).
1841 3273 1896 3327 lu
1949 3275 2215 3330 tricesimo

636 3382 846 3438 quoque
868 3366 1095 3436 septimo
1120 3364 1352 3428 Psalmo,
1378 3363 1531 3432 cujus
1562 3363 1743 3418 tizulus
1772 3373 1885 3428 est,
1914 3363 1978 3417 In
2000 3380 2215 3419 comme-

636 3457 985 3527 morationem,
1013 3464 1069 3509 ut
1088 3454 1278 3507 doceat
1299 3469 1395 3507 nos
1418 3468 1631 3522 semper
1653 3463 1982 3523 peccatorum
2007 3465 2214 3510 nostro-

635 3561 754 3601 rum
784 3559 1049 3599 memores
1090 3556 1210 3596 esse
1237 3542 1461 3605 debere,
1519 3550 1573 3596 et
1617 3557 1774 3612 agere
1806 3543 2168 3612 pmuitentiam
2193 3584 2209 3611 ,

633 3636 740 3691 tale
769 3634 892 3706 quid
934 3634 1156 3705 legimus
1189 3650 1204 3689 :
1246 3632 1368 3686 Non
1395 3642 1466 3686 est
1496 3648 1600 3702 pax
1642 3633 1834 3686 assibus
1863 3635 1982 3686 meis
2029 3651 2059 3686 a
2084 3625 2215 3703 [acie

631 3737 949 3801 iaculorum
985 3742 1226 3780 ineorum.
1261 3724 1511 3791 Quoniam
1549 3724 1834 3794 iniquitates
1858 3740 1981 3780 mete
2011 3726 2215 3783 elevatae

630 3828 745 3875 Hm!
766 3830 923 3889 super
948 3828 1100 3888 caput
1128 3832 1308 3879 nteant,
1339 3816 1484 3887 quasi
1514 3831 1641 3870 onus
1675 3832 1825 3886 grave
1847 3826 2070 3887 gravatae
2095 3827 2212 3873 sunt

628 3927 783 3980 super
811 3926 909 3962 uie.
938 3908 1199 3978 Corrupr
1217 3902 1367 3972 sunt,
1394 3915 1438 3960 et
1461 3914 1759 3978 putruerunt
1784 3908 2041 3961 cicatrices
2068 3923 2208 3974 mete,

630 4018 662 4055 a
689 4001 819 4071 [acie
846 3999 1146 4070 insipientior
1172 4013 1311 4051 mea».
1348 3996 1571 4067 Aﬂlictus
1600 4013 1743 4061 sum,
1772 4006 1817 4050 et
1844 4008 2078 4051 curvatus
2102 4015 2212 4053 sum

630 4108 784 4161 usque
823 4093 891 4143 ad
915 4093 1066 4157 ﬁnem
1108 4087 1297 4161 (Psal.
1328 4090 1416 4143 37.
1456 4089 1513 4143 4.
1569 4098 1615 4142 et
1659 4104 1797 4160 seqq.
1818 4089 1856 4155 ).
1904 4088 2072 4144 Totus
2125 4084 2211 4145 hic

631 4182 869 4251 Apostoli
901 4181 1047 4234 locus
1066 4217 1081 4244 ,
1112 4189 1166 4233 et
1194 4179 1245 4234 in
1274 4179 1637 4249 superioribus
1659 4218 1674 4243 ,
1705 4190 1759 4234 et
1797 4180 1847 4233 in
1879 4195 2210 4252 consequen-

630 4272 805 4335 tibus,
836 4270 940 4323 imo
984 4270 1157 4324 omnis
1195 4269 1430 4339 Epistola
1460 4270 1575 4338 ejus
1596 4269 1661 4322 ad
1692 4269 1961 4325 Rimanos
1980 4312 1995 4335 ,
2034 4270 2211 4327 nimiis

629 4358 1040 4414 obscuritatibus
1066 4360 1295 4413 involuta
1317 4366 1419 4424 est,
1447 4367 1500 4412 et
1526 4360 1569 4412 si
1595 4358 1811 4412 voluero
1831 4370 2020 4414 cuncta
2040 4360 2211 4415 disse-

627 4465 766 4515 rere,
810 4463 1137 4520 nequaquam
1183 4447 1310 4501 mihi
1343 4461 1477 4500 unus
1522 4448 1690 4515 liber,
1740 4449 1833 4504 sed
1881 4465 2068 4520 magna
2094 4491 2111 4514 ,
2155 4459 2210 4506 et

629 4541 793 4596 multa
829 4548 984 4594 erunt
1011 4537 1289 4594 scribenda
1322 4537 1607 4591 volumina.

698 4632 850 4688 CAP.
874 4631 1213 4698 IX.—Quare
1234 4627 1518 4699 Apostolus
1537 4626 1728 4682 Paulus
1751 4629 1799 4681 in
1819 4620 2002 4683 eadem
2025 4631 2089 4684 ad
2108 4630 2209 4686 Ro-

624 4740 808 4779 manos
822 4723 1005 4778 scribit
1021 4716 1254 4792 Epistola
1273 4737 1286 4774 :
1311 4718 1561 4789 Optabam
1577 4736 1667 4788 ego
1686 4720 1793 4788 ipse
1808 4722 2079 4775 anathema
2099 4739 2206 4777 esse

622 4834 654 4870 a
676 4816 894 4875 Christo.
916 4832 1008 4886 pro
1024 4814 1264 4886 fratribus
1288 4813 1409 4866 meis
1424 4828 1483 4865 ac
1508 4812 1802 4882 propinquis
1816 4813 1962 4883 juxta
1977 4830 2198 4880 carnem,

619 4910 705 4982 qui
733 4918 850 4962 sunt
894 4905 1145 4961 Israelita:
1164 4947 1180 4971 ,
1207 4922 1421 4976 quorum
1448 4906 1655 4976 adoptio
1683 4915 1729 4958 et
1754 4904 1942 4976 gloria,
1972 4886 2018 4960 et
2045 4917 2201 4963 testa-

620 5013 807 5067 menta,
833 5011 878 5055 et
908 5000 1181 5072 legislatio,
1210 5008 1257 5053 et
1280 4998 1466 5061 cultus,
1506 5008 1553 5053 et
1582 4998 1996 5069 repromissiones
2029 5015 2201 5070 :quo-

618 5109 728 5147 rum
760 5103 959 5162 patres,
1002 5101 1052 5146 et
1094 5108 1155 5146 ea:
1179 5091 1359 5162 quibus
1401 5100 1473 5144 est
1501 5088 1730 5145 Christus
1777 5091 1919 5158 juxta
1958 5109 2201 5148 carnem:

616 5188 704 5257 qui
735 5196 806 5241 est
840 5202 991 5255 super
1019 5184 1189 5239 omnia
1232 5178 1372 5238 Deus
1408 5178 1694 5237 benedictus
1723 5182 1774 5236 in
1803 5184 2021 5252 serrula,
2052 5195 2199 5239 amen

675 5364 748 5426 (a)
781 5362 837 5412 In
863 5362 1229 5426 Cormnentariis
1253 5362 1301 5411 in
1326 5360 1455 5411 hunc
1486 5360 1662 5426 locum,
1695 5380 1716 5408 ι
1738 5362 1800 5426 Et
1820 5370 1978 5420 certe,
2004 5363 2190 5425 inquit,

614 5424 717 5475 tres
734 5425 876 5486 pueri
902 5437 997 5486 non
1023 5430 1359 5486 peccaverant,
1383 5436 1477 5473 nec
1501 5424 1607 5485 ejus
1631 5425 1790 5473 multis
1811 5432 1979 5486 erant,
2003 5424 2205 5486 quando‘

610 5483 751 5547 ducti
769 5493 882 5534 sunt
905 5483 1271 5547 inABahylonem
1286 5520 1300 5545 ,
1327 5493 1381 5534 ut
1406 5483 1602 5547 propter
1625 5497 1711 5547 sua
1734 5485 1849 5534 vitia
1884 5483 2189 5547 punirentur.

611 5541 742 5609 Ergo
765 5541 1170 5609 (piqmodohi'ex
1209 5541 1419 5609 persona
1453 5541 1615 5609 populi
1654 5541 1939 5609 loquuntur,
1979 5549 2046 5594 sic
2071 5545 2189 5595 illud

610 5602 1110 5669 Apbstolilegendum
1128 5602 1225 5667 est,
1246 5622 1269 5651 ι
1299 5606 1404 5656 Non
1430 5602 1556 5656 e‘nit'n
1581 5606 1708 5669 quod
1720 5602 1837 5658 'volo
1861 5602 1952 5660 hoc
1971 5620 2082 5669 ago,
2101 5609 2189 5657 sed

605 5662 737 5722 quod
764 5662 873 5711 nolo
901 5662 1016 5714 illud
1037 5662 1231 5722 eperor.

1940 256 2179 314 SANCTI
2219 251 2591 312 l‘IIERONYlii

3793 256 3928 314 1028

2336 367 2510 433 (Rom.
2542 366 2594 421 9.
2622 366 2658 422 5
2725 374 2772 420 et
2804 363 2989 446 seqq.).
3024 365 3231 421 Revera
3269 366 3439 422 valida
3479 369 3716 438 quzestio
3739 411 3756 436 ,
3798 388 3927 443 quo.

2332 458 2493 513 modo
2523 458 2808 529 Apostolus
2831 457 2922 527 qui
2947 471 3107 538 supra
3135 456 3341 514 dixerat
3371 476 3386 513 :
3424 448 3553 527 Quis
3583 477 3684 516 nos
3710 479 3926 535 separa.

2333 549 2401 603 bit
2428 566 2459 602 a
2483 549 2693 603 caritate
2710 543 2921 612 Christi,
2951 548 3231 615 tribulatio,
3258 564 3324 603 an
3354 550 3615 620 angustia,
3650 568 3723 606 an
3752 570 3925 620 perse-

2331 640 2485 702 cutio,
2513 655 2581 692 an
2604 641 2784 710 fames,
2808 655 2874 691 an
2905 639 3109 692 nuditas
3135 655 3247 713 ,Aan
3273 625 3558 709 periculum
3576 682 3592 706 ,
3620 643 3691 695 ait
3718 642 3924 713 gladius

2334 727 2495 800 (ibid.
2524 730 2577 784 8.
2601 729 2691 799 55)
2711 728 2735 781 l
2758 729 2824 783 Et
2853 743 3061 783 rursum
3093 746 3106 781 :
3135 710 3351 798 Con/ida
3373 728 3538 783 autem
3556 772 3572 796 ,
3615 710 3745 803 quia
3773 751 3924 805 neque

2332 838 2488 888 mors,
2516 821 2816 900 nequeuita,
2850 838 3006 890 neque
3030 820 3230 892 Angeli,
3261 839 3420 892 neque
3439 815 3815 894 Principatus,
3846 845 3924 882 ne-

2331 926 2428 983 que
2458 911 2733 985 praesentia
2755 952 2770 977 ,
2817 928 2974 981 neque
3003 915 3178 983 futura
3200 953 3216 978 ,
3246 928 3403 983 neque
3432 913 3688 982 fortitudo
3707 957 3724 983 ,
3772 934 3922 987 neque

2332 1000 2552 1064 excelsa,
2583 1017 2743 1073 neque
2767 987 3103 1077 profundum,
3132 1008 3289 1072 neque
3317 991 3422 1056 alia
3447 1006 3709 1072 creatura,
3741 1011 3920 1077 poterit

2332 1108 2425 1170 nos
2450 1109 2687 1170 separare
2710 1110 2742 1146 a
2766 1092 2977 1146 caritate
3003 1076 3101 1148 Dei
3123 1135 3137 1158 ,
3165 1111 3315 1164 quam
3343 1088 3583 1150 habemus
3621 1097 3680 1152 in
3723 1098 3920 1155 Christo

2330 1166 2457 1236 .lesu
2486 1166 2704 1237 Domino
2730 1192 2906 1238 nostra
2944 1177 3107 1250 (Ibid.
3140 1184 3228 1239 38.
3261 1184 3376 1256 59),
3408 1200 3551 1241 nunc
3590 1187 3695 1243 sub
3718 1188 3918 1259 jureju-

2332 1274 2499 1330 rando
2527 1262 2837 1342 conﬁrmet,
2869 1267 2923 1332 et
2960 1258 3144 1335 dicat:
3186 1263 3454 1333 Veritatem
3484 1278 3599 1333 dico
3627 1281 3687 1334 in
3724 1258 3917 1338 Christo

2329 1362 2485 1430 Iesu,
2525 1381 2624 1419 non
2653 1367 2868 1420 mentior
2887 1408 2903 1433 ,
2937 1364 3273 1422 testimonium
3308 1364 3433 1422 mihi
3474 1372 3775 1441 perhibente
3798 1391 3914 1429 con-

2328 1457 2538 1511 scientia
2566 1474 2676 1513 mea
2713 1459 2765 1512 in
2795 1457 2995 1529 Spiritu
3038 1458 3261 1527 Sancto,
3309 1455 3553 1531 quoniam
3599 1465 3814 1521 tristitia
3847 1479 3915 1525 est

2330 1548 2455 1603 mihi
2496 1566 2711 1620 magna,
2741 1561 2788 1606 et
2826 1551 3097 1608 continuus
3126 1552 3275 1607 dolor
3297 1554 3440 1608 cordi
3467 1573 3579 1611 meo
3603 1564 3623 1612 .‘
3666 1552 3914 1627 Optabam

2330 1644 2463 1697 enim
2489 1642 2759 1696 anathema
2799 1657 2908 1699 esse
2945 1660 2977 1696 a
3011 1641 3212 1699 Christo
3240 1655 3334 1715 pro
3378 1648 3624 1718 fratribus
3665 1652 3828 1715 meis.
3872 1662 3915 1708 et

2331 1733 2628 1803 prapiuquis
2641 1730 2798 1805 juxta
2817 1751 3053 1801 carnem;
3078 1745 3133 1792 et
3158 1735 3381 1808 reliqua.
3412 1738 3468 1795 Si
3498 1739 3642 1796 enim
3667 1742 3721 1797 in
3749 1744 3915 1801 Deum

2332 1829 2491 1878 tanta:
2517 1836 2598 1879 est
2623 1825 2882 1893 caritatis,
2913 1830 2971 1881 ut
2999 1841 3097 1882 nec
3118 1836 3263 1883 metu
3289 1833 3495 1895 mortis,
3526 1847 3627 1887 nec
3647 1849 3748 1904 spe
3773 1835 3914 1903 vita,

2330 1922 2429 1968 nec
2454 1912 2824 1996 persecutione
2847 1952 2863 1981 ,
2895 1931 2995 1971 nec
3019 1910 3178 1984 fame,
3211 1933 3311 1974 nec
3343 1920 3581 1977 nuditate
3598 1964 3614 1989 ,
3640 1939 3749 1979 nec
3775 1929 3915 1996 peri-

2330 2002 2471 2068 culo,
2502 2018 2601 2059 nec
2627 1994 2806 2072 gladio
2827 2047 2843 2072 ,
2873 2004 3042 2077 possit
3080 2004 3319 2078 separari
3359 2016 3390 2064 :t
3429 2012 3644 2068 caritate
3668 1994 3842 2084 ejus;
3870 2026 3914 2073 et

2330 2095 2376 2149 si
2399 2092 2585 2166 Augeli
2609 2097 2839 2168 quoque,
2868 2109 2923 2154 et
2951 2098 3267 2162 Potestates,
3297 2111 3350 2154 et
3372 2101 3450 2157 vel
3482 2107 3767 2172 prazsentia
3791 2149 3809 2173 ,
3839 2110 3912 2164 vel

2332 2184 2504 2240 futura
2530 2227 2547 2254 ,
2579 2194 2634 2242 et
2676 2203 2863 2244 omnes
2890 2189 3149 2245 caelorum
3195 2190 3554 2249 Fortitudines
3573 2234 3589 2259 ,
3620 2202 3680 2250 et
3704 2200 3909 2255 excelsa

2329 2278 2527 2348 pariter
2573 2293 2637 2333 ac
2681 2276 2977 2349 profunda,
3020 2289 3074 2336 et
3118 2281 3361 2337 universa
3390 2283 3548 2339 simul
3588 2298 3839 2344 creatura
3865 2292 3909 2346 ei

2329 2367 2578 2438 ingruat,
2624 2367 2767 2439 quod
2810 2386 3141 2441 nequaquam
3179 2380 3352 2442 potest
3398 2372 3560 2429 fieri:
3595 2385 3774 2433 tamen
3809 2397 3907 2435 non

2327 2464 2605 2529 ειιρειτοῑυι·
2627 2474 2656 2513 a
2686 2460 2906 2517 caritate
2930 2461 3045 2527 Dei,
3077 2478 3237 2533 quam
3264 2463 3423 2519 habet
3446 2465 3498 2520 in
3520 2463 3800 2524 Christum
3828 2471 3907 2527 Je-

2327 2564 2443 2605 sum
2470 2569 2484 2606 :
2513 2567 2630 2622 quas
2667 2563 2750 2608 est
2779 2552 2877 2608 ista
2910 2556 3053 2607 tanta
3078 2555 3302 2609 mutatio
3326 2595 3342 2623 ,
3373 2555 3482 2611 imo
3520 2557 3761 2615 inaudita
3786 2578 3910 2632 pru-

2326 2640 2526 2709 dentia,
2554 2652 2611 2698 ut
2628 2658 2727 2714 pro
2746 2644 2964 2698 caritate
2987 2642 3208 2713 Christi,
3229 2646 3360 2702 nolit
3378 2646 3578 2704 habere
3602 2648 3909 2707 Christum?

2329 2732 2394 2787 Et
2424 2747 2490 2787 ne
2515 2737 2564 2788 ei
2595 2733 2813 2788 forsitan
2860 2749 2964 2789 non
2993 2735 3307 2802 credamus,
3335 2738 3484 2807 jurat
3503 2779 3521 2807 ,
3550 2751 3608 2796 et
3631 2743 3910 2801 confirmat

2326 2821 2378 2876 in
2419 2810 2665 2887 Christo,
2696 2823 2747 2878 el
2770 2823 3112 2880 conscientia:
3142 2841 3253 2882 sua:
3281 2835 3473 2884 testem
3501 2830 3722 2887 invocat
3742 2833 3910 2905 Spiri-

2327 2924 2436 2970 tum
2483 2912 2768 2984 Sanetum,
2818 2931 2878 2973 se
2918 2915 3118 2974 habere
3162 2920 3467 2988 tristitiam,
3496 2937 3606 2979 non
3648 2924 3823 2981 levem
3854 2942 3910 2984 ac

2325 3008 2632 3074 fortuitam;
2662 3008 2756 3063 sed
2786 3022 3030 3081 magnam
3063 3018 3116 3065 et
3155 3011 3521 3069 incredibilem
3546 3056 3563 3081 ,
3611 3024 3668 3072 et
3713 3017 3911 3075 habere

2322 3094 2558 3153 dolorem
2588 3099 2639 3152 in
2670 3098 2855 3167 corde,
2887 3116 2992 3155 non
3018 3101 3106 3171 qui
3134 3101 3200 3155 ad
3227 3103 3409 3156 horam
3438 3115 3639 3176 pangat
3672 3119 3728 3163 et
3766 3119 3912 3166 tran-

2322 3200 2454 3253 seat,
2486 3188 2578 3242 sed
2608 3190 2696 3259 qui
2722 3189 2918 3259 jugiler
2946 3190 2999 3245 in
3027 3191 3188 3246 corde
3230 3203 3559 3261 permaneat.
3590 3196 3711 3264 Quo
3742 3202 3912 3256 tendit

2322 3274 2420 3333 ista
2448 3278 2701 3333 tristitia?
2732 3279 2813 3333 Ad
2837 3280 2963 3351 quid
2990 3280 3199 3350 prolicit
3232 3282 3564 3341 incessabilis
3586 3286 3780 3343 dolor?
3804 3292 3912 3362 Op-

2322 3376 2397 3423 tat
2423 3370 2705 3424 anathema
2736 3385 2856 3425 csse
2881 3386 2909 3423 a
2938 3368 3150 3427 Christo
3169 3413 3184 3437 ,
3231 3382 3286 3428 et
3312 3375 3527 3446 perire,
3571 3385 3632 3432 ut
3658 3379 3750 3435 alii
3776 3384 3908 3438 salvi

2319 3454 2466 3515 liam.
2519 3458 2623 3516 Sed
2658 3461 2702 3515 si
2748 3460 3150 3518 consideremus
3193 3463 3388 3536 Moysis
3430 3478 3617 3522 vocem
3666 3474 3909 3542 rogantis

2320 3551 2486 3607 Deum
2519 3560 2615 3623 pro
2647 3553 2844 3622 populo
2871 3551 3200 3632 .ludzcorum,
3233 3566 3392 3626 atque
3421 3557 3649 3615 dicentis
3681 3577 3697 3615 :
3729 3563 3793 3618 Si
3823 3565 3908 3618 di-

2318 3646 2475 3697 mittis
2502 3646 2572 3699 eis
2603 3655 2866 3715 peccatum
2894 3664 3071 3712 suum,
3114 3648 3343 3714 dimitte;
3371 3650 3419 3705 si
3441 3661 3611 3706 autem
3653 3671 3757 3709 non
3797 3659 3904 3722 vis,

2318 3734 2429 3791 dele
2456 3754 2534 3792 me
2562 3738 2625 3791 de
2649 3735 2778 3792 libro
2800 3749 2886 3793 tuo
2912 3756 3059 3811 quem
3082 3742 3328 3811 scripsisti
3353 3742 3544 3812 (Exod.
3566 3745 3655 3800 52.
3677 3749 3768 3803 31.
3786 3746 3903 3823 52),

2317 3828 2698 3898 perspiciemus
2724 3829 2994 3895 eamdem,
3027 3838 3083 3886 et
3111 3830 3327 3902 Moysis,
3360 3845 3411 3888 et
3444 3834 3590 3890 l’auli
3624 3852 3751 3907 erga
3778 3854 3904 3895 cre-

2315 3920 2485 3974 ditum
2535 3919 2636 3975 sibi
2682 3934 2896 3990 gregem
2951 3921 3221 3978 affectum.
3270 3923 3461 3979 Pastor
3535 3926 3679 3981 enim
3729 3928 3906 3987 bonus

2317 4003 2467 4080 ponit
2507 4010 2738 4065 animam
2781 4025 2933 4066 suam
2983 4026 3081 4083 pro
3126 4012 3315 4069 ovibus
3360 4017 3490 4072 suis.
3541 4016 3904 4076 Hercenarius

2316 4115 2515 4172 autem,
2547 4118 2666 4175 cum
2687 4105 2881 4161 viderit
2908 4106 3089 4178 lupum
3115 4107 3438 4175 venientem,
3469 4110 3617 4182 fugit,
3645 4114 3771 4183 quia
3793 4123 3901 4168 noti

2315 4205 2441 4250 sunt
2465 4196 2582 4266 ejus
2608 4212 2736 4251 oves
2765 4195 2949 4267 (Joan.
2985 4197 3073 4253 10.
3108 4199 3193 4255 11.
3242 4198 3356 4269 12).
3390 4201 3455 4255 Et
3484 4202 3585 4257 hoc
3611 4204 3784 4271 ipsum
3813 4212 3901 4259 est

2315 4286 2495 4343 dicere
2526 4304 2547 4342 :
2588 4288 2840 4359 Optabam
2886 4291 3156 4344 anathema
3202 4307 3309 4345 esse
3347 4308 3379 4344 a
3419 4291 3650 4359 Christo;
3691 4304 3747 4349 et
3786 4296 3901 4351 dele

2314 4390 2394 4432 me
2444 4380 2507 4433 de
2553 4376 2681 4435 libro
2723 4389 2809 4434 tuo
2855 4394 3001 4451 quem
3038 4383 3306 4453 scripsisti.
3352 4381 3453 4450 Qui
3506 4386 3651 4441 enim
3710 4385 3900 4443 delen-

2317 4474 2403 4521 tur
2439 4468 2509 4523 de
2564 4469 2699 4524 libro
2749 4470 3085 4536 viventium,
3135 4481 3192 4527 et
3240 4487 3359 4527 cum
3407 4472 3566 4542 justis
3619 4491 3726 4531 non
3758 4478 3899 4532 seri-

2312 4557 2543 4626 buntur,
2574 4561 2857 4617 anathema
2901 4563 3037 4617 liunt
3061 4576 3090 4617 a
3137 4563 3380 4619 Domino.
3421 4564 3700 4638 Simulque
3737 4582 3900 4625 cerne

2312 4652 2622 4721 Apostolum
2649 4663 2864 4723 quanta:
2902 4655 3140 4710 caritatis
3178 4656 3228 4710 in
3258 4655 3521 4711 Christum
3551 4658 3653 4725 sit,
3690 4668 3751 4714 ut
3797 4676 3901 4732 pro

2312 4741 2402 4796 illo
2430 4744 2608 4812 cupiat
2635 4746 2793 4810 mori,
2822 4754 2878 4801 ct
2906 4746 3050 4801 Solus
3083 4747 3278 4816 perire,
3311 4746 3595 4802 diunmodo
3632 4762 3804 4807 omne
3841 4752 3898 4808 in

2309 4831 2458 4887 illum
2483 4832 2666 4888 credat
2693 4833 2969 4891 hominum
2995 4851 3183 4906 genus.
3229 4837 3402 4892 Perire
3423 4844 3598 4891 autem
3618 4876 3636 4903 ,
3670 4851 3788 4896 non
3818 4842 3896 4913 (ο)

2309 4921 2361 4976 in
2391 4930 2728 4992 perpetuum,
2759 4924 2854 4979 sed
2881 4925 3379 4994 imprznseutiarum.
3407 4924 3503 4992 Qui
3532 4927 3682 4981 enim
3718 4932 3895 4999 perdi-

2305 5012 2448 5068 derit
2488 5015 2719 5069 animam
2762 5030 2911 5070 suam
2957 5031 3053 5085 pro
3087 5016 3336 5082 Christo,
3370 5017 3573 5073 salvam
3611 5034 3731 5076 eam
3763 5021 3891 5078 facit

2306 5106 2518 5178 (Matth.
2574 5107 2658 5162 i0.
2703 5107 2815 5177 39).
2844 5107 3031 5169 Unde.
3082 5118 3135 5162 et
3176 5108 3242 5164 de
3276 5108 3691 5181 quadragesimo
3730 5116 3889 5169 tertio

2300 5199 2515 5256 Psalmo
2542 5199 2765 5255 assumit
2790 5200 3089 5269 exemplum
3119 5217 3132 5251 :
3159 5198 3411 5264 Quoniam
3437 5213 3651 5272 propter
3675 5214 3725 5260 te
3746 5220 3885 5259 mor-

2363 5356 2436 5420 (b)
2471 5355 2834 5424 Chrysostomus
2856 5361 3047 5424 tamen,
3084 5366 3195 5424 qua:
3220 5355 3330 5414 ejus
3366 5355 3497 5407 haud
3533 5361 3657 5410 satis
3676 5373 3890 5424 unm:

2298 5415 2542 5469 sententia
2566 5415 2785 5465 videatur
2803 5451 2817 5473 ,
2846 5427 2999 5472 mem,
3023 5415 3177 5487 ipqpit
3195 5451 3208 5474 ,
3236 5429 3284 5473 ,ίς
3308 5430 3449 5478 Μ
3480 5431 3742 5487 δειλῶν,ᾲῴ

2296 5488 2544 5547 insectatum
2559 5491 2724 5547 μολάσιι.
2850 5492 2913 5528 τοῦ
2935 5491 3017 5547 τοῦς
3041 5476 3419 5547 ἱειυδαξσυς
3450 5498 3474 5526 ι
3499 5476 3695 5547 Optavit
3711 5485 3780 5547 in_
3798 5476 3893 5547 ge;

2296 5536 2507 5604 hénnam
2540 5536 2862 5604 descendere,
2901 5536 3211 5604 asternisque,
3236 5539 3387 5604 tradi_
3393 5536 3718 5604 cruciatibus,
3751 5536 3893 5594 duiu-

2297 5603 2439 5669 πηρᾱο
2460 5600 2612 5648 Judaei
2637 5597 2844 5669 salutem
2866 5603 3297 5669 conseqtierentur.
3318 5614 3342 5642 ι
3365 5597 3725 5669 Hieronymus;
3741 5618 3890 5669 quan

2297 5663 2377 5712 alii
2404 5674 2577 5723 passm:
2603 5662 2756 5709 secuti
2780 5665 2907 5718 sunt,
2935 5670 2995 5707 ex
3021 5657 3240 5717 Origene
3260 5662 3472 5721 aceejdt.
