4026 6186
630 310 759 366 1031

629 435 686 480 et
713 420 1053 478 traditionum
1082 408 1418 465 Judaiearum
1460 401 1810 457 deliramenta
1847 396 2161 468 perquirens
2181 437 2198 462 ,

632 524 818 570 etnon
851 517 1034 563 tenens
1061 505 1218 568 caput
1242 494 1478 550 omnium
1519 491 1936 557 Scripturarum,
1977 485 2107 540 illud
2135 485 2203 539 de

633 620 738 674 quo
781 599 1036 667 scriptum
1084 598 1166 645 est
1200 585 1406 655 :Caput
1461 583 1554 638 viri
1598 581 1855 674 Christus.
1871 588 1946 633 est
1981 579 2041 642 (1
2081 576 2196 632 Cor.

631 669 699 758 2,
728 694 796 754 3;
826 687 1015 756 Ephes.
1047 684 1100 747 1,
1127 689 1173 734 et
1203 679 1236 734 4
1266 687 1313 732 et
1349 677 1418 739 5;
1453 675 1646 730 Coloss.
1677 673 1700 728 1
1731 672 1771 740 ).
1816 669 1984 739 Caput
2024 676 2204 722 autem

631 798 693 837 ac
738 776 1052 850 principium
1085 771 1248 826 totius
1290 767 1564 837 corporis,
1599 777 1890 832 eorumque
1944 761 2032 830 qui
2085 775 2206 814 cre-

629 875 781 936 dunt,
808 878 863 924 et
885 866 1062 920 omnis
1082 860 1443 930 intelligentia:
1465 857 1776 926 spiritualis.
1802 853 1878 907 Ex
1901 867 2006 922 quo
2031 851 2205 918 capite

629 973 823 1031 corpus
854 954 1110 1012 Ecclesiae
1139 967 1232 1022 per
1261 965 1382 1005 suas
1411 959 1694 1016 compages
1719 955 1880 1013 atque
1904 944 2201 1012 juncturas,

629 1052 843 1106 vitalem
867 1047 1124 1103 doctrina:
1151 1040 1390 1098 ctelestis
1431 1037 1626 1106 accipit
1650 1049 1872 1090 succum
1894 1077 1908 1097 ,
1943 1042 1998 1086 ut
2025 1032 2202 1085 omnia

631 1142 885 1214 paulatim
923 1136 1160 1192 membra
1191 1139 1501 1202 vegetentur
1520 1169 1534 1192 ,
1563 1136 1617 1183 et
1645 1142 1740 1197 per
1777 1125 2016 1180 occultos
2040 1138 2202 1176 vena-

634 1248 751 1289 rum
776 1239 1001 1294 meatus,
1029 1225 1276 1280 fundatur
1301 1220 1575 1277 defecatus
1615 1215 1832 1287 sanguis
1853 1214 2090 1268 ciborum
2113 1252 2128 1276 ,
2153 1220 2210 1265 et

635 1325 962 1379 minisuetur
983 1330 1140 1389 atque
1163 1320 1484 1377 succrescat,
1509 1311 1618 1366 imo
1639 1315 1883 1363 teneatur
1910 1317 2208 1374 temperan-

635 1417 704 1468 tia
723 1410 985 1480 corporis,
1010 1420 1068 1463 ut
1088 1407 1155 1461 de
1182 1405 1326 1460 fonte
1353 1403 1542 1470 capitis
1561 1441 1576 1466 ,
1606 1398 1758 1468 rigati
1790 1405 1936 1451 artus
1963 1403 2209 1450 crescant

633 1504 687 1557 in
716 1500 1096 1572 perfectionem
1125 1494 1254 1558 Dei,
1285 1501 1340 1548 et
1366 1492 1646 1560 impleatur
1672 1485 1966 1542 Salvatoris
1990 1484 2161 1538 oratio
2191 1498 2204 1534 :

635 1592 794 1647 Pater
822 1590 954 1652 volo,
979 1597 1032 1641 ut
1057 1587 1180 1640 sicut
1213 1587 1326 1654 ego,
1349 1592 1392 1637 et
1424 1592 1477 1636 tu
1519 1597 1676 1634 unum
1703 1594 1915 1641 sumus;
1956 1577 2028 1631 sic
2055 1585 2102 1630 et
2126 1575 2208 1628 isti

631 1689 683 1738 in
709 1684 851 1738 nobis
879 1696 1036 1734 unum
1073 1678 1173 1731 sint
1221 1675 1396 1744 (Joan.
1429 1675 1515 1727 1⁸1.
1559 1673 1650 1741 21)
1677 1689 1689 1725 :
1720 1680 1775 1723 ut
1801 1678 2078 1738 postquam
2111 1681 2209 1721 nos

629 1773 872 1827 Christus
903 1767 1176 1822 tradiderit
1199 1764 1364 1829 Patri,
1395 1763 1464 1816 sit
1490 1763 1630 1816 Deus
1676 1764 1853 1814 omnia
1884 1759 1935 1811 in
1963 1756 2210 1811 omnibus

637 1865 711 1934 (1.
742 1861 860 1916 Cor.
893 1859 979 1914 15.
1007 1854 1127 1926 28).
1165 1853 1296 1908 Tale
1321 1852 1468 1922 quid,
1495 1859 1547 1905 et
1573 1851 1626 1904 in
1651 1850 1850 1911 verbis,
1877 1858 1930 1902 et
1960 1849 2010 1902 in
2037 1847 2209 1902 sensi-

633 1957 734 2009 hus
756 1993 770 2018 ,
817 1962 872 2006 et
912 1951 964 2004 in
990 1960 1188 2018 genere
1212 1942 1496 1998 locutionis
1519 1940 1902 1996 obscurissime
1932 1937 2117 1994 scribit
2144 1936 2208 1991 ad

636 2042 915 2114 Ephesios,
950 2036 1220 2093 Veritatem
1253 2042 1418 2087 autem
1443 2032 1700 2102 loquentes
1739 2031 1791 2083 in
1829 2030 2068 2094 caritate,
2097 2044 2208 2080 cre-

632 2149 831 2189 scamus
855 2134 905 2185 in
932 2131 1022 2185 illo
1045 2144 1134 2198 per
1155 2126 1347 2190 omnia,
1371 2124 1460 2196 qui
1483 2133 1556 2178 est
1577 2133 1730 2194 caput
1751 2119 2003 2186 Christus,
2027 2136 2089 2174 ex
2111 2135 2209 2188 quo

633 2233 791 2279 totum
817 2236 1002 2292 corpus
1022 2226 1345 2287 compactum
1373 2224 1418 2268 et
1447 2229 1730 2268 connexum
1750 2228 1840 2282 per
1868 2226 2064 2264 onmem
2086 2211 2212 2280 jun-

631 2330 827 2373 cturam
868 2309 1385 2373 subministrationis,
1430 2305 1707 2361 secundum
1771 2303 2111 2373 operationem
2159 2301 2210 2354 in

633 2422 920 2462 mensuram
967 2403 1061 2477 [aL
1110 2396 1366 2471 mensura]
1407 2397 1802 2466 uniuscujusque
1847 2391 2090 2456 membri,
2121 2406 2212 2443 au-

632 2507 883 2569 gmentum
904 2493 1132 2563 corporis
1164 2491 1287 2562 facit
1316 2489 1370 2542 in
1395 2487 1787 2556 cediﬁcationem
1813 2484 1894 2536 sui
1918 2485 1970 2536 in
2003 2482 2214 2536 caritate

633 2588 852 2660 (Ephes.
899 2587 953 2640 4.
998 2580 1232 2654 25.16).
1276 2578 1448 2649 Super
1476 2594 1581 2647 quo
1624 2587 1679 2630 et
1721 2575 1773 2628 in
1804 2572 2212 2629 Commentariis

633 2677 870 2749 ejusdem
910 2673 1164 2746 Epistolzn
1200 2671 1409 2742 plenius
1449 2669 1706 2722 diximus.
1746 2664 2008 2732 Loquitur
2033 2671 2210 2717 autem

636 2771 880 2826 universa
901 2776 1087 2823 contra
1118 2779 1230 2830 eos,
1264 2763 1355 2833 qui
1382 2761 1665 2816 credentes
1705 2772 1772 2812 ex
1800 2755 1999 2810 Iudaeis
2024 2755 2077 2809 in
2112 2755 2213 2808 Do-

635 2861 835 2914 minum
870 2857 1230 2918 Salvatorem,
1255 2851 1506 2907 Judaieas
1532 2847 1881 2903 caeremonias
1919 2845 2212 2900 observare

632 2951 934 3023 cupiebant.
987 2949 1158 3017 Super
1203 2961 1304 3016 qua
1341 2959 1399 2999 re
1446 2951 1500 2998 et
1547 2942 1598 2995 in
1643 2941 1792 2996 Actis
1832 2939 2208 3008 Apostolorum

631 3044 794 3115 881
840 3055 944 3096 non
965 3037 1110 3111 (Cap.
1135 3037 1223 3108 15)
1245 3051 1400 3106 parva
1419 3033 1646 3104 qumstio
1663 3028 1927 3086 concitata
1943 3037 2042 3084 est.
2058 3028 2213 3084 Unde

634 3141 689 3188 et
715 3145 872 3200 supra
903 3128 1097 3184 Paulus
1119 3128 1192 3181 ait
1213 3167 1226 3190 ,
1255 3126 1322 3180 de
1353 3125 1434 3177 his
1473 3122 1561 3190 qui
1595 3121 1878 3190 magistros
1914 3119 2071 3188 Legis
2094 3133 2213 3172 esse

634 3238 695 3278 se
728 3222 930 3292 jactant
968 3237 983 3274 :
1019 3217 1184 3273 Nemo
1227 3233 1310 3270 vos
1327 3216 1521 3288 judicet
1548 3215 1598 3267 iu
1631 3214 1740 3266 cibo
1763 3220 1809 3265 et
1838 3220 1958 3280 potu
1991 3209 2208 3280 (Coloss.

632 3312 686 3368 2.
720 3313 828 3384 16),
858 3312 1007 3382 quasi
1037 3310 1138 3364 alia
1167 3307 1360 3361 munda
1387 3309 1532 3367 sint,
1560 3305 1661 3358 alia
1688 3302 1959 3358 immunda
1989 3319 2003 3360 ;
2035 3311 2122 3355 aut
2158 3303 2212 3356 in

634 3414 778 3473 parte
800 3402 900 3456 diei
925 3403 1061 3471 festi,
1093 3408 1147 3453 ut
1187 3398 1321 3451 alios
1346 3397 1462 3449 dies
1489 3394 1657 3448 festos
1684 3402 1872 3463 putent
1891 3435 1906 3459 ,
1940 3393 2076 3448 alios
2103 3409 2209 3448 non

636 3494 800 3547 festos
833 3492 928 3560 (a).
958 3489 1121 3543 Nobis
1154 3488 1294 3540 enim
1320 3486 1409 3554 qui
1442 3483 1483 3539 C
1508 3487 1710 3536 u-istum
1738 3484 2006 3546 credimus
2032 3499 2211 3538 resur-

634 3590 843 3646 gentem
864 3578 1045 3650 ,‘jugis
1069 3616 1084 3638 ,
1131 3586 1184 3630 et
1209 3585 1406 3629 :eterua
1452 3573 1710 3627 festivitas
1739 3581 1842 3627 est.
1873 3572 1968 3625 Aut
1994 3573 2046 3625 in
2073 3583 2214 3640 parte

635 3669 934 3730 ueomeuite,
992 3667 1092 3720 hoc
1134 3673 1246 3727 est,
1284 3661 1675 3728 Calendarum,
1707 3668 1763 3714 et
1805 3660 2002 3714 mensis
2049 3661 2210 3727 novi,

635 3759 845 3830 quando
871 3758 1187 3813 decrescens
1217 3755 1338 3808 luna
1381 3753 1590 3817 linitur,
1619 3760 1673 3807 et
1701 3751 1875 3805 noctis
1899 3750 2100 3805 umbris
2126 3759 2209 3805 te-

634 3848 1259 3920 gilur.‘Christianorum
1301 3845 1443 3901 enim
1488 3843 1666 3898 lumen
1709 3853 1968 3898 internum
2011 3851 2130 3908 est,
2159 3851 2212 3896 et

636 3957 847 4012 semper
881 3940 1021 3997 Solis
1056 3939 1275 4010 justitize
1303 3935 1465 3992 radiis
1497 3935 1811 3991 illustratur.
1844 3934 1943 3987 Aut
1990 3934 2043 3988 in
2072 3942 2213 4004 parte

634 4034 976 4097 sabbatorum,
1010 4041 1066 4084 ut
1093 4044 1198 4084 non
1220 4028 1414 4082 faciant
1434 4026 1629 4082 servile
1655 4040 1810 4094 Opus,
1834 4035 1886 4078 et
1912 4040 2076 4079 onera
2107 4040 2210 4078 non

635 4132 876 4196 portent,
904 4123 1031 4193 quia
1061 4134 1158 4175 nos
1194 4135 1381 4174 sumus
1405 4119 1602 4173 Christi
1645 4119 1890 4174 libertate
1915 4117 2092 4172 donati
2118 4158 2133 4182 ,
2160 4125 2214 4171 et

635 4232 799 4273 onera
843 4222 1183 4285 peccatorum
1225 4222 1439 4282 portare
1481 4211 1793 4267 desivimus.
1821 4209 1978 4276 Haec,
2008 4209 2209 4278 inquit,

634 4307 805 4362 omnia
843 4304 1020 4359 umbra
1060 4314 1177 4358 sunt
1220 4305 1550 4374 futurorum;
1593 4312 1649 4359 et
1691 4302 1946 4373 imagines
1979 4309 2214 4355 venturae

638 4395 926 4457 felicitatis,
955 4403 1010 4447 ut
1036 4394 1087 4447 in
1109 4394 1300 4463 quibus
1325 4392 1492 4447 J'tdtei
1516 4392 1763 4447 haesitant
1787 4392 1937 4462 juxta
1957 4391 2211 4454 litteram,

636 4499 689 4544 et
714 4497 966 4545 tenentur
991 4485 1048 4543 in,
1078 4495 1252 4550 terra;
1287 4498 1386 4538 nos
1405 4487 1556 4550 juxta
1600 4485 1844 4553 spiritum
1881 4491 2214 4538 transeamus

634 4579 702 4634 ad
727 4578 1003 4634 Christum
1023 4617 1039 4642 ,
1066 4575 1155 4646 qui
1181 4574 1246 4629 ad
1271 4573 1666 4628 diStinctionem
1700 4574 2004 4628 umbrarum
2030 4615 2044 4639 ,
2075 4589 2215 4628 nunc

635 4685 831 4742 corpus
860 4668 1177 4740 appellatur.
1205 4665 1485 4734 Quomodo
1511 4665 1654 4720 enim
1676 4665 1727 4720 in
1749 4679 1972 4734 corpore
1993 4665 2210 4730 veritas,

637 4775 692 4820 ct
719 4764 774 4818 in
802 4761 1045 4830 corporis
1087 4758 1273 4813 umbra
1318 4755 1686 4819 mendacium,
1732 4755 1812 4810 sic
1857 4755 1909 4809 in
1955 4754 2211 4824 spirituali

638 4852 990 4923 intelligentia
1019 4849 1248 4906 mundus
1298 4847 1472 4901 omnis
1521 4845 1595 4920 (b)
1625 4847 1811 4913 cibus,
1847 4854 1900 4901 et
1937 4855 2094 4914 potus
2115 4885 2130 4910 ,
2161 4852 2216 4899 et

640 4953 749 5000 tota
799 4942 1090 5008 festivitas,
1121 4949 1173 4996 et
1199 4947 1474 5010 perpetuae
1498 4936 1780 5002 Caleudre,
1824 4945 1878 4992 et
1902 4943 2098 4990 aeterna
2124 4949 2214 4989 re-

638 5036 791 5106 quies
828 5029 1188 5102 exspectantla
1217 5039 1319 5086 est.
1347 5029 1647 5095 Quaerimus
1672 5025 1796 5096 quid
1831 5025 2010 5081 dicere
2035 5024 2216 5080 volue-

638 5128 743 5194 rit,
777 5125 832 5179 in
870 5121 1156 5177 humilitate
1201 5129 1246 5173 et
1271 5116 1515 5188 religione
1560 5116 1901 5188 Angelorum,
1931 5123 2022 5169 aut
2057 5129 2214 5184 quem

638 5231 855 5274 sensum
880 5213 1095 5270 habeat.
1121 5211 1202 5266 Ex
1230 5225 1336 5280 quo
1365 5210 1622 5264 Dominus
1647 5208 1854 5263 locutus
1877 5217 1960 5263 εει
1978 5205 2046 5261 ad
2065 5205 2216 5261 disci-

700 5347 774 5410 (a)
803 5344 859 5399 Id
881 5343 1130 5407 Origenes
1149 5348 1279 5392 tomo
1300 5347 1465 5391 contra
1488 5339 1681 5392 Celsum
1702 5341 1750 5390 8.
1775 5339 1994 5402 pluribus
2026 5340 2214 5403 probat.

640 5419 972 5469 δτιδμὶντιλιως
996 5414 1284 5469 ρ.ε.έιὶιστι
1305 5413 1574 5459 ιῦτοΰινταὶς
1595 5412 2216 5465 ἧμίμις.ι4ιλᾶιὶᾶτιιιιυριως

640 5463 776 5532 qui”;
791 5505 806 5522 .
827 5475 880 5516 et
903 5463 1043 5532 paulo
1065 5463 1189 5532 infra
1206 5476 1239 5514 ιν
1253 5475 1436 5528 statim
1455 5476 1518 5514 ut
1537 5463 1759 5526 ἀδιαλιὶπιρ
1773 5475 1868 5514 both-
1883 5463 2024 5528 ιορτίό
2036 5463 2101 5514 da
2115 5477 2193 5525 βίος
2204 5502 2217 5521 .

643 5525 696 5576 et
710 5525 896 5576 latera
907 5525 1205 5584 huiusmodi.

705 5586 777 5645 (b)
809 5585 1097 5648 Tertullian.
1132 5585 1302 5648 lib,g5.
1326 5590 1494 5648 contra
1515 5584 1748 5648 Marcion.
1783 5597 1888 5648 cap.
1917 5585 2005 5648 19.
2027 5583 2217 5648 Aliquos

643 5643 938 5750 :gfgub‘qui
951 5658 1014 5694 ea:
1053 5644 1307 5698 visionibus
1339 5645 1575 5711 Angeltcis
1614 5645 1832 5696 dicebant
1842 5643 1872 5708 ⁷,
1915 5647 2032 5698 cibis
2070 5643 2218 5696 absti-

643 5716 867 5753 nendum.

1925 284 2157 345 SVNCTI
2194 285 2566 342 ΙΙΙΕΒΟΝΥΜΙ

3758 294 3906 350 1052

2308 400 2460 468 pulos
2493 416 2508 452 :
2539 399 2777 472 Surgite,
2807 416 2977 456 eamus
3003 400 3118 455 hinc
3143 399 3324 474 (Ioan.
3352 404 3440 458 11.
3472 404 3567 472 3|)
3607 422 3621 462 :
3657 407 3750 472 Et,
3787 408 3898 463 Re-

2306 490 2555 560 linquetur
2581 492 2718 544 vobis
2746 490 2925 545 domus
2960 501 3123 546 vestra
3153 493 3349 548 deserta
3371 493 3591 564 (Matth.
3621 495 3716 552 23.
3750 498 3852 568 58)
3881 515 3900 554 :

2309 579 2395 645 Et,
2428 580 2594 634 Locus
2629 583 2680 635 in
2707 598 2803 652 quo
2834 581 3084 636 Dominus
3109 585 3379 652 cruciﬁxus
3405 595 3477 640 est
3504 628 3520 652 ,
3551 589 3904 656 spiritualiu-

2309 668 2566 740 /Eggptus
2592 682 2795 725 vocatur
2823 681 2869 726 et
2897 673 3122 727 Sodoma
3152 673 3334 743 (Apoc.
3363 677 3452 730 11.
3478 677 3556 746 8),
3591 681 3779 734 omnis
3804 681 3904 736 Juo

2307 758 2573 814 daiearum
2620 763 3052 817 Observationum
3097 765 3304 818 cultura
3352 764 3622 822 destructa
3672 779 3794 834 est.
3845 781 3902 827 es

2307 865 2666 920 quascumque
2691 852 2920 907 otl‘erunt
2945 854 3212 919 victimas,
3242 871 3348 909 non
3374 857 3484 910 Deo
3509 856 3773 926 offerunt,
3801 863 3896 917 sed

2309 941 2523 1010 Angelis
2553 941 2746 1012 refugis
2775 953 2828 998 et
2871 944 3148 1012 Spiritibus
3179 946 3484 1001 immundis.
3523 948 3634 1004 Nec
3663 951 3894 1016 mirum,

2309 1030 2351 1082 si
2383 1028 2481 1083 hoc
2502 1040 2621 1100 post
2646 1033 2944 1101 passionem
2975 1034 3181 1089 Domini
3209 1033 3424 1102 faciant,
3447 1053 3568 1091 cum
3600 1055 3701 1108 per
3727 1042 3898 1098 Amos

2309 1134 2520 1189 quoque
2549 1121 2867 1190 Prophetam
2897 1123 3106 1179 dicatur
3130 1126 3196 1180 ad
3229 1141 3323 1182 eos
3344 1143 3364 1180 :
3405 1127 3674 1200 Numquid
3701 1132 3896 1186 hostias

2311 1220 2354 1262 et
2383 1212 2609 1265 victimas
2630 1214 2878 1267 obtulistis
2904 1217 3028 1268 mihi
3053 1217 3394 1288 quadraginta
3424 1221 3574 1274 annis
3611 1223 3668 1274 in
3699 1224 3894 1278 deserto

2311 1302 2491 1356 domus
2530 1302 2728 1369 Israel;
2765 1315 2810 1359 et
2835 1309 3179 1375 assumpsistis
3219 1311 3603 1365 tabernaculum
3646 1312 3889 1380 Holoclt,

2312 1401 2356 1444 et
2382 1393 2521 1446 sidus
2548 1393 2629 1446 dei
2666 1396 2814 1448 vestri
2856 1396 3170 1465 Bempham,
3201 1400 3392 1469 ﬁguras
3419 1419 3544 1470 quas
3573 1405 3766 1474 fecistis
3785 1447 3801 1472 ,
3840 1417 3893 1460 ut

2311 1485 2533 1540 adoretis
2561 1503 2644 1540 eas
2679 1487 2873 1559 (Amos.
2906 1491 2958 1544 5.
2984 1489 3074 1544 25.
3098 1489 3234 1561 26)?
3261 1491 3410 1559 Quod
3437 1494 3647 1564 plenius
3679 1496 3732 1550 in
3761 1513 3893 1552 con-

2311 1576 2465 1630 cione
2490 1576 2707 1631 Judaica
2733 1579 3032 1646 Stephanus
3057 1581 3256 1653 Martyr
3276 1599 3575 1651 exponens,
3621 1596 3679 1642 et
3717 1591 3889 1644 revol-

2314 1681 2442 1721 vens
2472 1668 2747 1722 historiam
2775 1681 3033 1736 veterem,
3061 1675 3140 1726 sic
3183 1673 3393 1750 locutus
3421 1686 3505 1729 est
3536 1693 3548 1727 :
3587 1675 3655 1730 Et
3682 1680 3894 1733 vitulum

2313 1757 2537 1826 fecerunt
2553 1761 2602 1811 iu
2629 1761 2791 1830 882
2821 1759 2993 1815 diebus
3019 1763 3140 1827 illis,
3161 1773 3207 1816 et
3221 1764 3505 1818 obtulerunt
3526 1765 3723 1821 hostias
3736 1770 3893 1834 idolo,

2313 1857 2360 1902 et
2386 1847 2687 1902 laetabantur
2715 1850 2764 1902 in
2794 1849 3029 1920 operibus
3070 1868 3311 1906 manuum
3348 1871 3578 1908 suarum.
3610 1856 3896 1914 Conuersus

2312 1947 2477 1992 autem
2504 1937 2643 1992 Deus
2663 1981 2678 2000 .
2717 1941 2926 1993 tradidit
2965 1957 3049 1996 eos
3071 1982 3085 2007 ,
3118 1953 3172 1996 ut
3202 1945 3422 1999 colerent
3468 1947 3707 2003 militiam
3735 1953 3850 2004 ctrli
3879 1968 3896 2004 :

2313 2029 2440 2083 sicut
2467 2033 2711 2100 scriptum
2735 2041 2804 2086 est
2825 2034 2876 2086 in
2903 2032 3031 2088 libro
3051 2033 3426 2105 Prophetarum
3443 2038 3629 2109 (At-L7.
3655 2041 3754 2096 41.
3774 2042 3895 2113 42).

2315 2121 2495 2176 Militia
2520 2122 2595 2194 (l)
2625 2134 2802 2178 autem
2831 2127 2975 2192 caeli,
3015 2141 3121 2181 non
3145 2137 3345 2184 tantum
3375 2132 3454 2184 sol
3490 2131 3817 2202 appellatur,
3846 2147 3896 2190 et

2314 2212 2458 2278 luna,
2485 2222 2541 2268 et
2568 2224 2707 2269 astra
2738 2217 3040 2284 rutilantia;
3067 2217 3161 2273 sed
3189 2228 3244 2274 et
3270 2221 3447 2275 omnis
3473 2223 3731 2293 Angelica
3763 2231 3894 2281 mu!-

2316 2305 2504 2371 titudo,
2526 2323 2819 2380 eorumque
2844 2312 3136 2378 exercitus,
3165 2314 3253 2383 qui
3278 2313 3540 2370 Hebraice
3563 2318 3894 2386 appellantur

2313 2408 2568 2460 ssmoru,
2599 2398 2647 2450 id
2674 2407 2774 2461 est,
2805 2399 3064 2466 virtutum,
3091 2401 3203 2456 sive
3231 2405 3558 2457 exercituum.
3588 2405 3745 2461 Unde
3770 2410 3892 2463 etin

2316 2485 2602 2554 Evangelio
2631 2487 2782 2556 juxta
2809 2489 3008 2544 Lucam
3044 2491 3268 2560 legimus
3297 2509 3313 2546 :
3345 2491 3411 2546 Et
3439 2495 3605 2548 subito
3645 2501 3782 2566 facta
3824 2507 3894 2551 est

2313 2591 2427 2628 cum
2469 2577 2664 2647 Augclo
2716 2579 2984 2633 multitudo
3030 2583 3228 2636 militiae
3272 2585 3524 2648 caelestis,
3577 2585 3896 2640 laudantium

2315 2665 2476 2721 Deum
2508 2678 2554 2720 et
2584 2670 2852 2722 dicentium
2877 2686 2895 2723 :
2921 2669 3098 2724 Gloria
3119 2673 3171 2724 in
3191 2672 3453 2727 altissimis
3480 2675 3591 2728 Deo
3615 2688 3664 2728 et
3689 2678 3742 2729 in
3765 2688 3895 2730 terra

2313 2776 2417 2829 paa:
2445 2760 2730 2814 hominibus
2760 2765 2904 2816 bontz
2931 2764 3200 2819 voluntatis
3228 2764 3378 2835 (Luc.
3405 2766 3460 2820 2.
3490 2768 3576 2821 13.
3605 2767 3721 2837 24).
3752 2768 3898 2824 Facit

2314 2850 2456 2904 enim
2488 2850 2627 2904 Deus
2659 2853 2890 2920 Angelos
2917 2868 3042 2909 suos
3069 2856 3289 2922 spiritus
3308 2897 3325 2922 ,
3371 2867 3425 2910 et
3455 2857 3730 2912 ministros
3773 2875 3897 2914 suos

2315 2939 2489 3010 ignem
2534 2951 2772 2996 urentem
2806 2942 2975 3012 (Psal.
3022 2943 3170 3014 105).
3218 2946 3283 3000 Ει
3309 2956 3368 3000 ut
3410 2948 3642 3002 sciamus
3685 2966 3898 3019 semper

2313 3047 2406 3086 eos
2430 3072 2446 3098 ,
2478 3033 2568 3102 qui
2599 3033 2851 3088 colebant
2880 3035 3018 3088 idola
3041 3076 3056 3102 ,
3100 3037 3224 3090 licet
3253 3037 3305 3090 in
3334 3037 3559 3108 Templo
3587 3039 3792 3094 hostias
3821 3044 3896 3095 vi-

2314 3123 2568 3179 derentur
2593 3125 2807 3191 offerre,
2835 3140 2938 3179 non
2972 3126 3079 3180 Deo
3102 3141 3195 3181 eas
3215 3127 3493 3190 obtulisse,
3524 3131 3620 3184 sed
3654 3134 3896 3200 Angelis,

2313 3233 2408 3287 per
2435 3217 2680 3272 Ezechiel
2709 3217 2916 3286 plenius
2937 3218 3190 3274 discimus
3220 3237 3233 3273 :
3258 3219 3394 3274 Dedi
3414 3223 3484 3274 eis
3500 3223 3899 3292 justiﬁcationrs

2312 3326 2413 3362 non
2443 3310 2616 3375 bonas,
2647 3318 2693 3363 et
2715 3319 2968 3378 praecepta
2997 3326 3096 3363 non
3124 3310 3253 3364 bona
3274 3309 3483 3378 (Ezech.
3509 3313 3600 3366 20.
3631 3315 3750 3382 25).
3783 3315 3896 3370 Non

2313 3400 2456 3453 enim
2512 3400 2826 3469 sanguinem
2880 3398 3150 3454 hircorum
3178 3441 3193 3465 ,
3239 3408 3332 3455 aut
3378 3410 3676 3457 taurorum
3708 3408 3898 3474 quaerit

2318 3489 2488 3552 Deus;
2515 3489 2608 3543 sed
2638 3487 2956 3543 sacrificium
2985 3489 3095 3544 Deo
3122 3498 3202 3545 est
3229 3491 3450 3559 Spiritus
3480 3495 3893 3562 contribulatus,

2311 3596 2406 3634 cor
2449 3581 2772 3640 contritum,
2825 3590 2880 3634 et
2923 3579 3260 3635 humiliatum
3317 3581 3456 3636 Deus
3505 3599 3614 3637 non
3644 3585 3898 3654 despicit

2314 3671 2500 3743 (Psal.
2538 3670 2668 3740 50).
2719 3673 2782 3724 Et
2826 3682 3103 3740 propterea
3156 3673 3244 3741 qui
3293 3673 3511 3727 vitulum
3558 3673 3800 3729 fecerant
3843 3677 3895 3730 in

2317 3761 2519 3825 lloreb,
2551 3770 2603 3815 et
2635 3761 2910 3815 coluerunt
2933 3761 3081 3816 sidus
3108 3761 3192 3815 dei
3237 3762 3532 3831 Rempham
3555 3806 3569 3829 ,
3614 3765 3686 3819 de
3712 3782 3817 3834 quo
3845 3767 3896 3820 in

2315 3851 2577 3920 Propheta
2629 3853 2795 3906 Amos
2843 3853 3052 3921 plenius
3103 3853 3493 3919 disseruimus,
3539 3855 3900 3912 adoraverunt

2315 3944 2530 4007 figuras,
2563 3959 2693 4012 quas
2721 3943 2818 4012 ipsi
2845 3942 3087 3998 fecerunt
3116 3962 3128 3997 :
3159 3956 3211 3998 et
3245 3945 3458 4000 tradidit
3503 3961 3600 4000 eos
3637 3949 3811 4012 Deus,
3839 3961 3897 4003 ut

2313 4035 2578 4090 servirent
2603 4036 2806 4090 militiae
2845 4037 2990 4098 cmli,
3017 4051 3135 4105 qua:
3161 4053 3300 4092 nunc
3322 4038 3391 4092 ab
3417 4041 3678 4108 Apostolo
3707 4042 3898 4097 dicitur

2315 4127 2500 4195 religio
2525 4126 2868 4195 Angelorum.
2893 4126 3000 4181 Pro
3028 4128 3314 4182 humilitate
3359 4130 3408 4182 in
3445 4129 3636 4186 Graeco
3676 4157 3895 4188 ταπεινο-

2313 4222 2508 4288 φρεσὺνη
2550 4216 2769 4286 legitur,
2815 4215 2866 4269 id
2895 4226 2998 4280 est,
3030 4216 3290 4272 humilitas
3319 4220 3532 4282 utentis,
3565 4222 3678 4276 sive
3703 4239 3894 4276 sensus.

2322 4307 2453 4361 Vere
2481 4307 2623 4361 enim
2664 4305 2879 4359 humilis
2905 4321 3118 4373 sensus,
3150 4318 3203 4362 et
3233 4309 3534 4365 miseranda
3563 4314 3893 4381 superstitio,

2316 4397 2480 4450 Deum
2523 4396 2743 4453 credere
2788 4397 3058 4452 hircorum
3107 4409 3266 4468 atque
3312 4409 3586 4455 taurorum
3641 4405 3896 4469 sanguine

2313 4487 2587 4552 delectari,
2615 4497 2668 4543 et
2697 4487 2884 4544 nidore
2907 4489 3286 4560 thymiamatis,
3313 4507 3468 4559 quem
3492 4507 3632 4561 sa-pe
3654 4494 3899 4547 homines

2315 4580 2665 4634 declinamus.
2697 4581 2848 4647 Quod
2877 4590 3056 4635 autem
3102 4584 3343 4650 sequitur
3384 4600 3397 4636 z
3448 4583 3510 4638 Si
3555 4586 3744 4638 mortui
3781 4587 3897 4639 estis

2314 4687 2428 4723 cum
2455 4668 2676 4734 Christo,
2703 4671 2764 4724 ub
2793 4672 3051 4724 elementis
3091 4674 3287 4734 mundi,
3311 4673 3437 4742 quid
3463 4674 3627 4726 adhuc
3653 4683 3898 4736 tanquam

2315 4763 2527 4816 virentes
2553 4761 2606 4814 in
2633 4761 2822 4815 mundo
2850 4762 3159 4815 decernitis?
3189 4779 3250 4817 ne
3298 4762 3564 4833 tetigeritis,
3606 4777 3774 4829 neque
3803 4781 3900 4832 gn.

2314 4853 2564 4906 stavcritis
2589 4892 2603 4916 ,
2636 4867 2794 4920 neque
2835 4854 3262 4908 contrectaveritis
3288 4870 3306 4908 :
3334 4867 3440 4923 qua
3471 4861 3584 4904 sunt
3623 4853 3805 4907 omnia
3848 4857 3898 4907 in

2317 4945 2571 4998 interitum
2606 4943 2716 5012 ipso
2745 4959 2839 4996 usu
2859 4985 2875 5007 ,
2907 4945 3185 4996 secundum
3225 4952 3474 5014 prtecepta
3494 4981 3510 5005 ,
3551 4949 3598 4995 et
3637 4943 3898 4997 doctrinas

2318 5035 2596 5101 hominum,
2622 5050 2734 5106 qua:
2758 5045 2877 5089 sunt
2915 5035 3162 5088 rationem
3195 5036 3396 5104 quidem
3421 5035 3653 5088 habentia
3693 5035 3895 5104 sapien-

2317 5127 2420 5192 tiae,
2447 5126 2502 5179 in
2527 5125 2897 5196 superstitione,
2925 5135 2970 5177 et
2995 5124 3316 5190 humilitate,
3350 5135 3399 5179 et
3443 5121 3514 5196 (c)
3549 5125 3617 5177 ad
3640 5140 3744 5177 non
3774 5140 3894 5193 par-

2317 5217 2531 5272 cendum
2559 5217 2795 5285 corpori;
2829 5232 2929 5269 non
2968 5216 3022 5268 iu
3047 5217 3237 5270 honore
3273 5216 3448 5284 aliqua
3475 5214 3544 5268 ad
3583 5214 3894 5269 saturitatem

2319 5310 2488 5363 carnis
2514 5308 2732 5379 (Coloss.
2752 5307 2810 5361 2.
2839 5307 2909 5362 20
2929 5315 2972 5360 et
2997 5307 3184 5377 seqq.),
3209 5306 3351 5361 hunc
3374 5305 3529 5362 nobis
3556 5305 3755 5360 habere
3775 5320 3894 5359 seno

2407 5401 2454 5470 ς)
2488 5400 2678 5470 Aliter,
2703 5406 2748 5451 et
2769 5413 2862 5470 non
2878 5398 2949 5450 ad
2973 5398 3274 5470 parcendum
3291 5401 3466 5470 Juxta
3486 5398 3762 5470 Vulgatam.

2411 5459 2456 5524 l)
2486 5461 2726 5524 Ctelestes
2754 5465 2901 5511 orbes
2934 5463 3091 5510 anima
3125 5467 3274 5522 atque
3315 5459 3639 5524 iiuelligentia
3679 5459 3898 5524 praadiuis

2318 5517 2520 5576 Hebraei
2540 5523 2766 5585 doctores
2795 5524 2968 5585 opinati
2991 5528 3104 5569 sunt
3122 5559 3139 5585 ,γ
3162 5517 3214 5570 ut
3232 5535 3301 5585 ex
3331 5517 3710 5585 Rahbi'Moyse',
3733 5518 3897 5585 David

2321 5587 2568 5636 Kimchius
2590 5585 2638 5633 in
2662 5581 2841 5634 PsalmI
2862 5585 2940 5646 19.
2966 5584 3184 5646 εὶῳοιιῇ.
3221 5583 3344 5646 (Noti
3370 5585 3570 5646 insuper
3588 5581 3746 5632 Judei
3771 5581 3899 5631 caeli-

2321 5594 2568 5636 ltimcnius
2590 5594 2638 5633 tu
2664 5594 2837 5634 Psatm.
2868 5594 2939 5633 19.
2966 5594 3184 5690 expomt.
3230 5594 3344 5634 uoti
3370 5594 3570 5646 insuper
3588 5594 3746 5632 Judaei
3771 5594 3899 5631 coeti-

2466 5647 2558 5756 [ἐξ
2565 5647 2760 5756 [$32313
2781 5647 2827 5694 in
2850 5644 2962 5698 Cod.
2987 5643 3025 5692 T
3065 5643 3345 5696 eodoslano.
3387 5644 3573 5697 Recole
3597 5646 3899 5707 superiorem

2323 5721 2544 5771 proxime
2567 5720 2752 5756 nouum.
