4026 6186
182 316 315 373 1053

175 446 294 486 sum
322 429 551 485 videtur.
589 425 875 484 Curramus
900 441 997 497 per
1021 426 1247 498 singula,
1321 428 1484 500 883
1556 438 1610 483 et
1634 430 1738 484 ob-

175 522 484 575 scnritatem
521 534 770 575 sensuum
810 528 969 588 atque
994 520 1275 573 verborum
1297 560 1312 583 ,
1342 518 1557 573 Christo
1595 532 1740 573 rese-

175 622 357 672 rante,
405 609 711 679 pandamus.
751 608 807 663 Si
846 607 1094 677 baptizati
1140 608 1269 662 estis
1313 608 1364 662 in
1403 607 1654 669 Christo,
1685 616 1741 661 et

173 718 297 755 cum
317 699 527 756 Christo
558 700 608 753 in
642 699 957 768 baptismate
978 698 1271 767 consepulti
1294 738 1307 762 ,
1341 698 1535 751 mortui
1560 706 1735 751 autem

171 794 239 847 ab
269 792 543 847 elementis
569 790 724 861 hujus
746 792 948 854 mundi,
974 806 1070 859 pro
1095 805 1161 845 eo
1180 789 1320 860 quod
1346 798 1428 844 est
1448 790 1738 854 clementis;

170 899 266 936 cur
292 898 497 937 mecum
525 898 633 936 non
663 882 860 947 dicitis,
888 882 1019 934 Mihi
1038 892 1205 935 autent
1232 880 1362 933 absit
1386 880 1613 951 gloriari,
1638 880 1739 933 nisi

168 975 220 1025 in
247 989 395 1026 cruce
439 972 648 1027 Domini
688 974 846 1027 nostri
892 972 1018 1025 Jesu
1053 971 1280 1026 Christi:
1320 988 1407 1039 per
1445 987 1587 1039 quem
1613 970 1738 1022 mihi

167 1064 383 1115 mundus
412 1063 686 1129 cruciﬁxus
713 1071 807 1126 est,
831 1069 876 1117 et
899 1078 988 1132 ego
1018 1061 1204 1113 mundo
1224 1060 1417 1129 (Galat.
1444 1060 1495 1113 6.
1522 1058 1613 1127 4)?
1639 1073 1736 1113 nec

163 1154 389 1207 audistis
420 1155 702 1207 Dominum
734 1153 996 1208 dicentem
1034 1153 1098 1206 ad
1132 1152 1339 1205 Patrem
1371 1169 1384 1204 :
1434 1148 1509 1204 De
1546 1149 1735 1204 mundo

163 1258 269 1297 non
296 1254 414 1298 sunt
444 1259 462 1297 :
488 1245 617 1298 sicut
642 1287 657 1308 ,
688 1254 734 1298 et
772 1260 863 1314 ego
888 1260 988 1297 non
1013 1260 1126 1297 sum
1155 1251 1219 1297 de
1244 1242 1431 1295 mundo
1451 1283 1465 1305 ,
1498 1252 1552 1295 et
1578 1258 1735 1295 mun-

160 1333 265 1387 dus
295 1333 406 1387 odit
431 1348 543 1398 eos,
573 1335 824 1404 quoniam
869 1350 969 1387 non
998 1343 1120 1387 sunt
1148 1333 1214 1387 de
1243 1332 1441 1385 mundo
1466 1350 1480 1395 ;
1521 1332 1657 1385 sicut
1683 1340 1732 1385 et

158 1436 262 1485 ego
309 1436 414 1474 non
460 1436 576 1475 sum
606 1422 674 1475 de
714 1422 913 1475 mundo
946 1420 1121 1490 (Joan.
1166 1422 1251 1474 17.
1296 1420 1364 1474 16
1386 1460 1399 1484 ,
1431 1428 1476 1473 et
1505 1420 1589 1475 15.
1620 1416 1730 1489 19).

158 1508 267 1563 Sed
298 1524 329 1563 e
355 1511 626 1565 contrario
651 1512 799 1579 quasi
831 1511 1068 1564 viventes
1100 1511 1151 1564 in
1184 1509 1383 1563 mundo
1409 1508 1729 1574 decernitis,

158 1613 230 1652 ne
259 1598 540 1667 tetigeritis
565 1614 760 1667 corpus
789 1598 1020 1652 hominis
1062 1599 1293 1661 mortui,
1328 1612 1423 1651 nec
1447 1598 1731 1651 vestimen-

158 1698 310 1751 tum,
344 1698 466 1742 ‘nec
515 1688 805 1742 scabellum
859 1688 908 1741 in
956 1702 1063 1756 quo
1110 1686 1309 1740 sederit
1350 1686 1540 1740 mulier
1576 1701 1726 1740 men-

156 1790 361 1833 struata
391 1796 405 1831 :
451 1786 620 1847 neque
644 1779 978 1846 gnstaveritis
1005 1791 1221 1831 carnem
1250 1776 1479 1835 suillam.
1508 1784 1563 1829 et
1586 1776 1732 1843 lepo-

158 1879 369 1936 rum,et
387 1869 676 1938 sepiarum,
697 1868 1067 1937 etloliginum,
1102 1880 1364 1929 murente,
1389 1877 1443 1919 et
1462 1866 1726 1934 anguillas,

157 1969 213 2013 et
243 1959 607 2011 universorum
638 1958 879 2025 piscium.
913 1956 1000 2024 qui
1042 1969 1290 2024 squamas
1312 1995 1327 2019 ,
1374 1963 1428 2009 et
1472 1955 1728 2023 pennulas

155 2064 263 2102 non
295 2049 483 2101 habent
514 2067 526 2101 :
559 2063 677 2114 qua:
714 2046 890 2100 omnia
922 2047 973 2099 in
1005 2045 1434 2112 corruptionem,
1459 2053 1513 2097 et
1539 2044 1727 2097 interi-

152 2147 267 2190 tum
300 2146 421 2191 snnt
444 2137 558 2203 ipso
585 2151 705 2198 usu,
730 2144 785 2188 et
806 2144 1040 2189 stercore
1070 2132 1414 2203 digeruntur?
1446 2133 1575 2186 Esca
1599 2135 1726 2186 enim

150 2228 338 2291 uentri,
373 2237 417 2280 et
440 2235 611 2279 venter
636 2226 796 2288 escis,
830 2226 927 2285 Et,
965 2223 1129 2277 Omne
1174 2224 1311 2292 quod
1342 2224 1495 2275 intrat
1525 2239 1614 2291 per
1649 2239 1725 2288 os,

150 2337 257 2372 non
293 2320 580 2385 coinquinat
607 2317 895 2379 hominem;
936 2315 1024 2367 sed
1063 2331 1120 2368 ea
1157 2329 1269 2383 quae
1293 2314 1355 2367 de
1380 2314 1523 2367 nobis
1548 2323 1729 2366 exeunt

150 2409 370 2479 (.llatth.
405 2409 489 2463 15.
522 2410 579 2462 il
605 2425 619 2471 ;
648 2418 692 2461 et
721 2407 883 2460 Marc.
911 2408 963 2459 7.
1000 2406 1110 2476 15).
1142 2404 1429 2460 Secundum
1459 2414 1724 2473 praecepta,

146 2499 364 2568 inquit,
405 2506 451 2551 et
486 2498 739 2551 doctrinas
764 2497 1059 2560 hominum;
1104 2495 1392 2549 secundum
1422 2495 1549 2547 illud
1587 2494 1725 2564 quod

152 2591 319 2644 Isaias
363 2590 634 2658 loquitur:
668 2589 900 2658 Populus
930 2590 1009 2641 hic
1047 2588 1192 2642 labiis
1231 2604 1312 2640 me
1353 2588 1596 2652 honorat,
1641 2604 1728 2641 cor

148 2689 320 2731 autem
343 2694 512 2731 eorum
543 2678 689 2748 longe
713 2686 783 2730 est
804 2694 834 2728 a
865 2693 941 2729 me
968 2675 1099 2746 (Isa.
1126 2675 1215 2729 29.
1247 2675 1355 2745 15).
1386 2674 1601 2729 Frustra
1626 2692 1721 2729 au-

151 2780 250 2823 tem
276 2769 447 2823 colunt
484 2785 563 2821 me
583 2810 598 2831 ,
631 2768 863 2822 docentes
903 2769 1160 2821 doctrinas
1187 2768 1471 2830 hominum,
1519 2777 1564 2821 et
1591 2785 1724 2838 pra:-

152 2871 299 2928 repta
331 2859 541 2931 (Matth.
576 2860 665 2915 15.
709 2860 761 2915 8.
794 2862 868 2930 9).
900 2859 1081 2920 Unde.
1125 2867 1180 2913 et
1215 2859 1470 2913 Dominus
1508 2861 1726 2928 corripit

154 2950 477 3013 l‘harisaéos,
508 2950 728 3004 dicens:
753 2949 965 3002 Irritum
996 2950 1181 3018 fecistis
1207 2948 1498 3002 mandatum
1531 2948 1637 3012 Dei,
1671 2960 1724 3001 ut

153 3039 453 3092 traditiones
472 3049 660 3093 vestras
682 3040 979 3092 statueretis.
1011 3039 1146 3092 Deus
1165 3041 1293 3092 enim
1316 3040 1441 3093 dixit
1472 3056 1491 3091 :
1516 3036 1723 3092 Honora

154 3138 372 3197 patrem,
403 3138 449 3181 et
478 3139 685 3181 matrem
708 3168 722 3191 ,
750 3139 797 3180 et
822 3130 908 3195 qui
934 3129 1247 3181 maledixerit
1285 3130 1418 3196 patri
1439 3130 1513 3182 vel
1539 3130 1718 3193 matri,

148 3226 315 3270 morte
341 3218 605 3271 moriatur.
648 3216 747 3270 Vos
784 3228 950 3271 autem
975 3218 1139 3269 dicitis
1158 3257 1174 3281 ,
1204 3218 1499 3286 quicumque
1541 3218 1723 3269 dixerit

150 3307 292 3375 patri
333 3307 411 3359 vel
456 3306 637 3369 matri,
681 3322 862 3358 munus
910 3307 1255 3375 quodcumque
1295 3314 1366 3359 est
1406 3321 1469 3359 ea:
1493 3321 1605 3370 me,
1637 3306 1723 3359 tibi

149 3395 379 3464 proderit
408 3403 491 3448 :et
513 3412 611 3447 non
640 3396 989 3464 honoriﬁcabit
1012 3395 1102 3467 [aL
1132 3395 1500 3469 honoriﬁcavit]
1528 3407 1722 3465 patrem

147 3503 300 3540 suum
328 3496 415 3537 aut
443 3495 683 3552 matrem,
728 3497 779 3540 et
809 3487 1027 3556 reliqua.
1057 3486 1257 3553 Quibus
1287 3486 1480 3551 infert,
1512 3486 1578 3539 Et
1604 3488 1721 3541 irri-

146 3586 255 3627 tum
279 3576 465 3645 fecistis
496 3574 784 3628 mandatum
813 3574 906 3628 Dei
924 3615 939 3640 ,
971 3585 1175 3644 propter
1211 3576 1501 3630 traditiones
1529 3588 1718 3630 vestras

142 3667 168 3737 (
198 3665 336 3719 Ibid.
367 3683 411 3720 r.
441 3666 496 3719 li.
535 3666 569 3720 5
606 3674 653 3719 et
682 3663 773 3735 6).
822 3664 1042 3732 Quantae
1082 3665 1388 3720 traditiones
1424 3666 1720 3721 Pharisaeo-

142 3770 267 3809 rum
338 3752 505 3825 884
570 3758 694 3815 sint,
728 3769 859 3823 quas
888 3753 1043 3807 hodie
1069 3764 1255 3808 vocant
1285 3755 1360 3824 (a)
1403 3759 1711 3825 διυτιρὼσιις,

142 3854 204 3898 et
226 3860 384 3913 quant
413 3843 581 3896 aniles
604 3842 814 3906 l'abnlze,
846 3844 1091 3897 evolvere
1115 3858 1339 3912 nequeo.
1365 3844 1547 3913 Neque
1573 3847 1713 3899 enim

142 3936 273 3990 libri
298 3936 490 4004 patitur
514 3934 837 4001 magnitudo,
864 3943 922 3988 et
946 3934 1196 4003 pleraque
1230 3945 1336 3989 tam
1362 3938 1537 4003 turpia
1567 3946 1712 3995 sunt.

140 4035 203 4079 ut
232 4025 547 4079 erubescam
575 4023 774 4077 dicere.
806 4023 980 4077 Dicam
1010 4033 1185 4077 tamen
1226 4040 1387 4077 unum
1414 4026 1466 4078 in
1497 4026 1719 4094 ignomi-

138 4117 290 4169 niam
324 4113 500 4181 gentis
544 4112 790 4166 inimicm.
836 4113 1155 4181 Prmpositos
1199 4113 1393 4169 habent
1438 4116 1716 4185 synagogis

138 4202 571 4272 sapientissimos
615 4216 869 4270 quosque,
929 4200 1070 4256 ἴωάο
1110 4203 1256 4270 operi
1300 4202 1607 4271 delegatos,
1660 4212 1719 4257 ut

137 4294 459 4364 sanguinem
486 4292 726 4362 virginis,
759 4292 871 4347 sive
911 4301 1277 4358 menstruatae,
1310 4294 1563 4347 mundum
1584 4335 1599 4359 ,
1631 4295 1717 4349 vel

139 4384 496 4447 immundmn,
523 4384 565 4437 si
599 4383 767 4437 oculis
789 4382 1092 4436 discernere
1118 4397 1223 4436 non
1246 4384 1532 4451 potuerint,
1559 4394 1715 4450 gustu

138 4476 372 4547 probent
394 4472 485 4548 [aL
518 4472 823 4546 prclibent].
853 4473 1114 4527 Praeterea
1148 4476 1267 4542 quia
1292 4474 1496 4542 jnssmn
1525 4483 1627 4539 est,
1658 4485 1716 4529 ut

139 4568 334 4622 diebus
356 4568 693 4620 sabbatorum
719 4566 901 4620 sedeat
930 4564 1293 4635 unusquisque
1331 4566 1381 4619 in
1408 4565 1567 4619 domo
1593 4583 1709 4633 sua,

136 4667 198 4712 et
227 4673 332 4710 non
371 4657 669 4726 egrediatur
693 4655 887 4728 (Exod.
920 4658 1007 4712 iii.
1034 4657 1125 4726 29)
1144 4697 1161 4723 ,
1193 4672 1361 4727 neque
1386 4660 1621 4713 ambulet
1647 4659 1714 4715 de

137 4748 268 4801 loco
296 4748 348 4800 in
377 4762 482 4816 quo
509 4746 744 4810 habitat;
775 4747 821 4801 si
849 4746 1063 4817 quando
1092 4762 1186 4801 eos
1205 4747 1353 4815 juxta
1381 4747 1606 4802 litteram
1632 4763 1715 4802 ce-

136 4836 383 4907 perimus
408 4846 630 4901 aretare,
660 4845 718 4890 ut
743 4852 847 4890 non
872 4837 1104 4906 jaceant,
1146 4851 1251 4889 non
1282 4837 1573 4897 ambulent,
1607 4853 1709 4891 non

135 4934 311 4991 stent,
334 4925 427 4979 sed
448 4935 643 4981 tantum
667 4927 905 4991 sedeant,
933 4927 978 4980 si
1001 4926 1165 4981 velint
1192 4936 1451 4994 przccepta
1477 4942 1710 4992 servare,

136 5018 321 5073 solent
363 5016 718 5085 respondere,
750 5028 803 5071 et
827 5018 1004 5071 dicere
1033 5015 1104 5085 (ὁ)
1130 5032 1143 5069 :
1172 5016 1520 5078 Barachibas,
1553 5026 1605 5069 et
1632 5016 1713 5070 Si-

206 5150 281 5212 (a)
313 5148 495 5197 Vitiosa
532 5147 757 5211 legerant
793 5150 1087 5197 vetustiores
1124 5145 1241 5195 editi
1274 5152 1557 5212 δωτιρσυιιωυς.
1609 5144 1712 5194 Iie-

136 5211 311 5271 braico
333 5225 497 5267 autem
521 5216 754 5267 vocabulo
773 5214 984 5269 mam
1005 5250 1020 5273 ,
1045 5214 1299 5278 Misnajoth
1315 5249 1330 5271 ,
1355 5213 1438 5275 qui
1454 5211 1623 5278 titulus
1637 5222 1714 5263 est

138 5280 288 5342 libri,
327 5291 422 5342 quo
460 5282 631 5342 inanes
667 5291 778 5327 suas
814 5272 1096 5342 traditiones
1124 5272 1223 5338 jam
1265 5272 1388 5324 tutn'
1412 5272 1713 5342 collegerant

137 5333 408 5397 Pharisaei,
454 5340 674 5389 Gnaeum
709 5340 973 5399 respondet
1016 5333 1270 5397 διυτιᾷέισιις,
1313 5333 1713 5397 quemadmodum

140 5405 289 5453 etiam
314 5403 363 5450 in
385 5402 643 5450 Iustiniani
667 5397 867 5448 Novella
894 5397 997 5447 146.
1024 5404 1343 5458 nuncupatur.

205 5463 277 5525 (ὑ)
315 5461 556 5525 Victorius
571 5468 686 5525 post
707 5460 889 5525 Erasm.
928 5459 1026 5508 Ral)
1048 5454 1258 5525 abiltu'et
1481 5454 1677 5525 et_Ht'lle
1696 5492 1710 5517 ,

271 5524 416 5571 oriori
456 5517 652 5569 nomine
688 5522 898 5569 maxime
936 5528 1183 5580 peccatum
1217 5518 1279 5565 ab
1316 5519 1391 5566 eis
1414 5517 1714 5567 Martianams

135 5579 406 5635 dontendit.
454 5581 653 5631 Minime
678 5588 838 5630 autem
862 5579 1199 5629 animadvertit
1221 5580 1493 5687 promiscue
1515 5579 1575 5624 ab
1589 5580 1711 5625 anti-

137 5650 245 5687 (Illis
290 5646 450 5687 vocari
494 5648 547 5687 et
587 5650 681 5687 Bar
718 5642 953 5687 achiban.
1001 5647 1055 5687 et
1097 5637 1398 5687 Raba‘t'ban.
1433 5638 1549 5687 quin
1588 5637 1711 5685 hunc

137 5650 245 5709 quis
290 5646 451 5713 vocari
494 5648 547 5690 et
587 5650 681 5713 par
718 5642 953 5713 achiban,
998 5647 1055 5713 et
1097 5637 1398 5697 nabakiban,
1433 5638 1549 5701 quin
1588 5637 1713 5685 hunc

140 5709 295 5772 ipsum
321 5704 601 5765 Hieronymi
624 5701 778 5751 locum
804 5704 885 5751 ubi
909 5706 1082 5751 recitat
1109 5699 1396 5762 Agobardus
1427 5706 1590 5748 contra
1616 5694 1711 5747 Fe-

1525 314 1850 375 EPISTOLA
1886 313 2069 372 CXXI.

3276 334 3406 389 1051

1846 442 2023 493 meon,
2050 436 2105 484 et
2134 428 2303 485 Helle]
2329 430 2567 502 magistri
2598 434 2762 488 nostri
2793 433 3121 493 tradiderunt
3147 439 3319 505 nobis,
3353 457 3408 500 ut

1841 518 1923 573 bis
1949 520 2092 573 mille
2130 520 2207 591 (c)
2230 520 2392 591 pedes
2419 521 2755 579 ambulemus
2784 525 2833 578 in
2864 527 3103 591 sabbato,
3129 541 3181 584 et
3217 545 3405 589 caetera

1843 607 2163 675 istiusmodi,
2192 612 2460 668 doctrinas
2488 614 2758 670 hominum
2783 617 3127 685 prml'erentes
3150 621 3406 681 ducti-inm

1843 697 1957 752 Dei.
1988 698 2101 754 Non
2139 701 2281 769 quod
2321 702 2561 758 dicamus
2610 704 2899 760 sedendum
2943 721 3152 778 semper
3194 727 3312 767 esse
3358 716 3407 768 in

1840 787 2077 853 sabbato,
2107 790 2246 846 etde
2270 792 2418 857 loco,
2450 792 2501 846 in
2524 808 2629 862 quo
2662 796 2780 863 quis
2819 794 2978 850 fuerit
3014 812 3299 866 occupatus
3327 804 3407 872 (ά)

1842 879 2047 946 penitus
2077 895 2179 934 non
2203 881 2592 945 recedendum;
2630 884 2721 937 sed
2747 887 2887 953 quod
2914 885 2967 939 id
2994 888 3133 957 quod
3164 890 3410 959 impossi-

1837 969 1945 1023 bile
1981 970 2134 1039 Legis
2160 980 2271 1037 est,
2302 972 2354 1026 in
2381 987 2487 1042 quo
2513 973 2815 1028 inﬁrmatur
2844 989 2939 1044 per
2969 989 3184 1032 carnem
3204 1020 3219 1046 ,
3248 982 3407 1049 Spiri-

1841 1059 1966 1113 tuali
1992 1061 2362 1117 observatione
2387 1062 2763 1130 complendum
2792 1064 2881 1118 sit.

1906 1148 2158 1220 Sequitur
2203 1168 2215 1203 :
2247 1151 2374 1217 Quae
2395 1163 2511 1207 sunt
2555 1157 2798 1209 rationem
2826 1155 3026 1226 quidem
3063 1159 3295 1215 habentia
3320 1178 3405 1231 ea:

1838 1239 2057 1306 piontite.
2093 1242 2201 1296 lloc
2227 1243 2364 1307 loco,
2397 1244 2621 1315 quidem,
2651 1245 2958 1315 conjunctio
2984 1248 3251 1318 superﬂua
3277 1261 3361 1308 est
3392 1271 3403 1304 :

1835 1329 1977 1396 quod
2036 1331 2088 1384 in
2154 1333 2424 1402 plerisque
2469 1333 2604 1388 locis
2648 1344 2866 1405 propter
2908 1335 3229 1406 imperitiam
3274 1343 3406 1395 artis

1836 1416 2208 1475 Grammatica:
2265 1424 2561 1491 apostolum
2616 1424 2811 1479 fecisse
2858 1428 3172 1495 reperimus.
3224 1429 3405 1500 Neque

1833 1510 1975 1563 enim
2007 1512 2248 1580 sequitur
2268 1514 2378 1579 sed,
2409 1514 2491 1567 vel
2522 1514 2627 1568 alia
2648 1515 2976 1584 conjunctio,
3024 1534 3142 1587 qua:
3190 1521 3328 1574 solet
3355 1522 3401 1575 ei

1834 1602 2220 1669 prmpositioni,
2252 1602 2339 1656 ubi
2368 1604 2568 1672 quidem
2595 1605 2824 1673 positum
2847 1605 3023 1671 fuerit,
3055 1610 3398 1678 respondere.

1839 1690 2097 1744 Videntur
2128 1693 2285 1761 igitur
2315 1693 2719 1748 observationes
2742 1695 2976 1750 Iudaica:
3006 1699 3145 1766 apud
3183 1700 3399 1769 imperi-

1835 1786 1937 1843 tos,
1970 1788 2024 1832 et
2051 1781 2208 1833 vilem
2239 1781 2595 1849 plebeculam,
2622 1784 2901 1852 imaginem
2934 1785 3131 1840 habere
3160 1789 3399 1852 rationis,

1832 1866 2182 1938 humanmque
2198 1872 2493 1940 sapientiae.
2518 1872 2691 1938 Unde,
2715 1872 3030 1930 etdoctores
3044 1892 3227 1931 eorum
3251 1892 3399 1951 σοφοὶ,

1831 1957 1931 2011 hoc
1956 1967 2066 2025 est,
2083 1962 2331 2029 sapientes
2358 1970 2632 2016 vocantur.
2658 1963 2726 2016 Et
2748 1964 3015 2033 siquando
3031 1969 3189 2021 certis
3214 1969 3401 2025 diebus

1831 2050 2140 2104 traditiones
2174 2066 2299 2105 suas
2372 2054 2536 2123 885
2612 2065 2913 2122 exponunt,
2965 2057 3239 2127 discipulis
3286 2063 3398 2114 suis

1829 2138 2003 2193 solent
2019 2140 2218 2205 dicere,
2237 2149 2283 2194 at
2310 2153 2440 2212 copo!
2461 2142 2528 2212 (ε)
2559 2146 2823 2212 διυτερῶσιν
2846 2144 2894 2197 id
2913 2160 2966 2198 es
2976 2154 3012 2209 t,
3038 2149 3286 2211 sapientes
3305 2150 3398 2203 do-

1828 2238 1936 2280 cent
1956 2229 2268 2284 tra‘ditiones.
2283 2229 2387 2283 Pro
2402 2232 2748 2297 superstitione
2773 2233 2823 2285 in
2850 2232 3036 2288 Graeco
3056 2242 3400 2306 ἕθελοθρησκιία

1828 2321 2056 2387 positum
2083 2328 2164 2373 est
2185 2358 2199 2381 ,
2230 2319 2332 2374 hoc
2360 2328 2445 2374 est
2466 2360 2481 2385 ,
2514 2320 2648 2391 falsa
2672 2323 2847 2393 religio
2874 2338 2894 2377 :
2915 2334 2967 2378 et
2994 2339 3089 2394 pro
3120 2327 3400 2381 humilitate

1827 2414 2235 2480 ταπεινοφροσύνῃ,
2262 2424 2380 2477 qua:
2407 2410 2574 2480 magis
2589 2411 2835 2467 virtutem
2858 2414 3217 2483 soletsonare,
3241 2434 3396 2486 quam

1829 2497 2030 2549 vitium.
2061 2495 2166 2551 Sed
2192 2497 2281 2551 hic
2304 2512 2696 2569 ranstwppovitv,
2726 2501 2803 2554 sic
2842 2512 2925 2556 est
2970 2504 3395 2575 intelligendum.

1826 2585 1965 2653 quod
2014 2585 2231 2673 humilia
2256 2588 2487 2641 sentiant
2520 2596 2677 2658 atque
2719 2599 2948 2646 terrena.
2979 2584 3195 2666 Α’φιιδια
3218 2607 3395 2653 autem

1825 2682 2053 2740 σώματος,
2086 2675 2238 2744 cujus
2292 2691 2485 2729 nomen
2513 2676 2732 2732 Latinus
2760 2693 2937 2735 sermo
2982 2698 3084 2737 non
3141 2687 3391 2755 explicat,

1826 2764 1963 2833 apud
1995 2780 2093 2820 nos
2118 2766 2327 2830 dicitur,
2362 2770 2429 2819 ad
2454 2784 2554 2821 non
2571 2772 2877 2836 parcendum
2898 2775 3115 2843 corpori.
3140 2776 3253 2831 Non
3279 2793 3400 2847 par-

1826 2858 2151 2930 cunthudtei
2180 2858 2494 2927 corporibus
2523 2860 2635 2913 suis
2661 2860 2713 2914 in
2741 2864 3103 2932 assumptione
3130 2867 3391 2932 ciborum,

1824 2960 2230 3004 contemnentes
2261 2950 2527 3003 interdum
2568 2966 2685 3020 qum
2715 2950 2945 3019 habent,
2993 2965 3045 3008 et
3092 2969 3393 3026 quaerentes

1825 3052 1944 3105 quas
1973 3054 2074 3093 non
2098 3039 2318 3092 habent.
2342 3040 2414 3093 Ex
2435 3054 2536 3107 qua
2556 3042 2873 3096 necessitate
2898 3042 3197 3101 debilitates
3223 3048 3390 3103 inter-

1825 3128 1971 3191 dum,
2003 3137 2053 3182 et
2083 3128 2299 3181 morbos
2351 3130 2691 3183 contrahunt.
2726 3130 2831 3184 Nec
2886 3131 3149 3189 honorant
3197 3148 3399 3192 semet:

1824 3218 1969 3285 ipsos
1990 3258 2005 3282 ,
2039 3232 2158 3271 cum
2190 3219 2368 3271 omnia
2412 3218 2608 3273 munda
2642 3221 2748 3274 sint
2778 3222 2988 3277 mundis
3020 3222 3146 3296 (Tit.
3179 3228 3231 3281 1.
3263 3229 3351 3301 15)
3373 3272 3386 3289 .

1824 3307 2059 3376 nihilque
2090 3307 2256 3375 possit
2279 3322 2399 3362 esse
2441 3308 2719 3377 pollutum,
2767 3313 2907 3380 quod
2933 3328 3053 3368 cum
3098 3319 3385 3386 gratiarum

1822 3398 2028 3452 actione
2060 3400 2368 3468 percipitur,
2397 3410 2452 3453 et
2480 3400 2679 3455 idcirco
2705 3417 2734 3457 a
2759 3403 2987 3459 Domino
3021 3408 3091 3462 sit
3121 3423 3383 3478 creatum,

1822 3498 1879 3541 nt
1906 3490 2199 3553 saturitate,
2230 3498 2284 3545 et
2309 3489 2691 3560 adimpletione
2719 3495 2912 3562 carnis,
2938 3498 3198 3558 lmmanos
3236 3517 3383 3562 artus

1822 3589 2028 3650 vegetet
2054 3590 2212 3651 atque
2255 3590 2542 3638 sustentet.
2574 3582 2849 3640 Elementa
2896 3601 3074 3645 autem
3120 3597 3321 3664 mundi,
3353 3618 3381 3652 a

1819 3820 1957 3882 licem
1992 3831 2097 3881 cap.
2136 3818 2208 3882 ἔζη
2236 3817 2332 3868 Rab
2368 3818 2591 3882 Achibam
2628 3819 2783 3882 legit,
2832 3825 3021 3872 tametsi
3061 3828 3344 3880 Barac/tiam

1817 3870 2065 3927 Massonus
2102 3879 2325 3951 ediderit.
2365 3941 2375 3950 ο
2394 3880 2447 3928 8.
2460 3870 2707 3951 ‘quoquev
2723 3870 3021 3951 Epiphanius

1817 3900 2065 3927 massunus
2102 3900 2325 3927 euxuertt.
2394 3900 2447 3928 δ.
2486 3900 2681 3942 quoque
2723 3900 3017 3942 nptpuamus
3086 3911 3110 3934 α
3160 3912 3194 3936 ιιι
3219 3901 3262 3937 ἀν
3331 3902 3379 3941 et

1838 3956 1887 3998 οιβ
1916 3952 2083 3999 ιιιιβὰν,
2120 3940 2214 3986 imo
2258 3946 2310 3987 et
2339 3938 2617 4001 simpliciter
2652 3952 2778 4000 exigat
2819 3949 2971 3991 vocat.
3038 3900 3155 3993 vitri?
3188 3903 3379 3999 flueres.

1944 4009 1996 4047 et
2019 3998 2123 4047 XII.
2156 3997 2369 4047 XXXIII.
2412 4000 2495 4047 ubi
2529 4001 2746 4047 quaedam
2768 4000 2833 4047 de
2873 4014 2935 4047 eo
2969 4002 3223 4047 dicuntur-
3267 4023 3378 4047 mm

1864 3955 2083 4047 vneam,
2120 3955 2214 3986 uno
2258 3955 2310 3987 et
2339 3955 2617 4010 Simplicuel‘
2652 3955 2778 4000 uisas
2819 3955 2971 3991 vocat.
3045 3955 3145 3993 th.
3188 3955 3378 3999 meres.

1904 4035 1914 4045 .
1944 4009 1996 4072 et
2019 3997 2369 4072 Xll._X§XIII.
2412 4002 2495 4047 ubt
2529 4001 2746 4072 quaedam
2768 4000 2833 4072 de
2873 4002 3225 4072 eo__dicur_ttur,
3267 4023 3378 4072 qua:

1816 4073 1923 4121 cum
1948 4060 2022 4107 his
2042 4057 2304 4121 contulisse
2328 4073 2422 4108 non
2446 4057 2733 4121 paenitebit.
2760 4061 2881 4121 Nec
2911 4062 3052 4113 aliter
3083 4057 3256 4117 factum
3279 4057 3382 4121 "ab;

1816 4119 2105 4188 Ilieronyﬂmo
2123 4154 2137 4175 ,
2162 4119 2256 4188 qui.
2270 4121 2415 4188 etiam
2437 4119 2657 4188 absolute
2683 4120 2858 4188 fritime
2881 4125 3079 4188 vocat_in
3098 4126 3266 4178 Isaiam
3293 4119 3377 4182 lib;

1815 4181 1862 4228 '5.
1888 4193 1992 4248 cap.
2017 4182 2063 4248 8.
2098 4181 2509 4248 ςρηιᾳίηἱηίιυίι,
2547 4187 2594 4230 et
2629 4181 2805 4248 Hitlel,
2843 4184 3109 4248 exquibus
3143 4189 3239 4239 orti
3271 4181 3382 4244 sunt

1815 4239 1992 4314 sertae
2011 4246 2056 4288 et
2069 4239 2329 4314 ξηαπ-ῳ,
2354 4239 2782 4314 ιιῐιοηςηῃαεςειῂι
2796 4239 3008 4314 scholam
3026 4247 3212 4311 Altibus,
3236 4239 3377 4314 qua

1814 4300 2316 4373 magnarum-aquilis
2351 4300 2573 4373 proselyti
2595 4300 2870 4373 magunum.
2927 4307 3000 4357 Ad
3015 4324 3183 4373 _gu_em
3199 4300 3375 4364 'locuni

1815 4360 1951 4469 [itura
1973 4362 2035 4409 de
2058 4361 2164 4408 aliis
2184 4362 2372 4410 duobus
2395 4360 2634 4423 magistris
2656 4364 2885 4417 Simeone
2923 4376 2973 4417 et
3015 4360 3178 4421 Hellel
3204 4360 3370 4425 mintho--

1836 4423 1971 4469 imus.
2016 4421 2216 4469 Interim
2237 4425 2388 4469 mauis
2410 4433 2512 4469 tnse
2536 4424 2839 4469 Marlianmus
2860 4438 3025 4469 ηρρωι
3080 4434 3162 4469 nni
3195 4435 3350 4469 ηοηο.

2536 4424 2839 4499 Martianteus
2860 4438 3026 4499 peccat
3041 4468 3056 4489 ,
3080 4434 3163 4494 qui
3365 4473 3380 4499 ,

1813 4483 2068 4546 substituit
2082 4495 2176 4546 pro
2186 4484 2315 4546 quod
2340 4483 2803 4546 nos’emendavimus
2825 4483 2887 4538 οὶ
2911 4489 3024 4540 Mss.
3046 4483 3118 4543 ’θὶ
3156 4483 3376 4546 vetet-uni

1815 4544 2099 4594 testimoniis
2120 4542 2233 4590 alibi
2253 4556 2341 4592 suo
2364 4544 2470 4593 loco
2490 4547 2763 4598 recitandis.

1875 4605 1945 4678 (ρ)
1978 4602 2205 4665 Intellige
2249 4605 2326 4654 his
2366 4605 2498 4678 mille
2515 4620 2709 4678 “passus
2733 4642 2747 4667 ,
2775 4622 2880 4678 ἐκ.
2905 4613 3151 4678 sententia
3194 4617 3387 4678 quippe

1812 4664 2488 4739 iicbigprumhpuamptiam
2512 4664 2929 4739 Origeneslatuiat
2944 4668 3109 4739 ψιλά.
3133 4664 3392 4739 ξείνι’λάὂῇ

1812 4726 1889 4795 bis
1912 4725 2286 4795 mille-cubitus,
2327 4735 2519 4795 stall-“#05
2547 4725 2667 4795 ιτίὶικ
2685 4767 2697 4785 ,
2731 4728 3162 4795 sivgutiluiiinus
3181 4725 3350 4785 'veri'it
3378 4725 3390 4793 ξ

1813 4786 1908 4836 duo
1944 4783 2097 4835 millia
2119 4783 2345 4835 ulnarum
2380 4783 2726 4837 corttineﬁter
2761 4788 2980 4837 sabbati:
3006 4796 3137 4842 unde
3160 4783 3380 4845 etiamin

1814 4846 1933 4908 libro
1953 4848 1978 4895 .l
1987 4849 2087 4895 uris
2103 4882 2117 4902 ,
2142 4847 2226 4908 qui
2250 4846 2719 4908 inscribiturJSebole
2742 4849 2939 4898 Lecheth
2961 4849 3119 4900 Tract.
3147 4852 3224 4902 22.
3247 4870 3293 4905 c.
3319 4857 3384 4905 de

1812 4907 2054 4969 sabbato,
2080 4905 2173 4957 iter'
2193 4905 2399 4969 duorum
2431 4906 2635 4969 millium
2669 4920 2892 4969 passuum
2927 4910 3244 4963 mediocrium
3283 4923 3384 4966 ter-

1811 4967 1967 5038 minus
1988 4969 2330 5038 constituitur.‘
2359 4967 2537 5037 Passus
2570 4967 2733 5038 itaque
2757 4971 2913 5018 minor
2931 5008 2944 5027 ,
2980 4979 3031 5019 et
3067 4974 3259 5038 cubitus
3298 4990 3386 5038 pro

1815 5028 1988 5099 eodem
2006 5029 2213 5099 sumitur
2228 5039 2260 5099 ρ
2278 5026 2559 5099 plerisque:
2578 5026 2903 5099 Hieronxrnus
2919 5026 3238 5099 verorcubitos
3256 5026 3387 5099 ip'sos

1816 5088 1989 5154 pedes
2006 5088 2369 5154 interpretatur.
2430 5087 2571 5136 Nunc
2594 5087 2739 5154 etiam
2764 5087 2880 5154 illpd
2898 5089 3062 5154 placet
3083 5087 3348 5146 adnectere
3367 5132 3383 5154 ,

1812 5145 1993 5212 moduli
2019 5145 2158 5206 hujus
2179 5145 2506 5212 definitionem
2530 5160 2595 5212 εξ
2622 5146 2776 5212 Iosue
2809 5149 2857 5198 3.
2883 5145 2930 5197 t.
2958 5153 3092 5212 peti,
3133 5156 3216 5203 ubi
3257 5145 3385 5208 inter

1812 5206 1981 5269 Arcam
1997 5243 2014 5269 ,
2054 5204 2106 5254 et
2137 5204 2363 5269 pupulum
2385 5208 2461 5269 bis
2481 5204 2618 5257 mille
2637 5209 2908 5269 cubitorum
2944 5204 3246 5264 intervallum

1815 5268 2091 5338 ρτςρςίιιίῳτ
2113 5266 2147 5326 ,ί
2167 5266 2631 5338 εηᾳᾳμςεαίιίριιοῃῃ
2648 5268 2715 5338 de
2738 5268 2938 5320 Saltbatl
2963 5273 3159 5338 itinere,
3177 5278 3266 5338 _sic
3301 5266 3388 5331 sit.

1816 5324 2058 5388 explicant
2081 5324 2144 5388 ex
2168 5324 2403 5388 Babbinis
2416 5360 2435 5388 ,
2456 5334 2511 5379 ut
2528 5328 2715 5380 adlinet
2735 5341 2800 5381 eo
2819 5339 3004 5382 tantum
3023 5333 3107 5384 die
3128 5324 3188 5385 ad
3208 5324 3385 5388 mea;

1813 5386 2051 5435 accedere
2084 5386 2319 5438 licuisset.

1875 5448 1953 5520 (a)
1988 5447 2174 5520 Deerat
2210 5459 2304 5520 yox
2341 5447 2564 5512 penitus,
2600 5461 2747 5514 quam
2782 5463 2848 5503 ex
2888 5451 3004 5504 Mss.
3042 5459 3094 5504 et
3131 5458 3386 5511 vetustiori

1817 5507 2032 5558 editiOne
2054 5507 2352 5557 suifecimusi

1882 5576 1940 5647 (e)
1979 5576 2187 5647 Celebre
2205 5578 2601 5647 e_xodium,_qugd
2622 5578 2869 5632 Hebraice
2883 5581 3051 5636 dicunt
3064 5581 3273 5644 D‘DJt'i,
3302 5582 3390 5633 un

1814 5639 2010 5710 tradunt
2049 5639 2326 5712 sapientes:
2370 5639 2504 5712 unde
2540 5639 2707 5691 Graec
2746 5650 2999 5705 suum,
3033 5647 3114 5697 vel
3151 5639 3389 5712 δωτιροσπ,

1820 5701 2030 5749 pessime
2054 5699 2183 5749 enim
2206 5699 2387 5751 Erasm.
2413 5707 2656 5765 εωηρὸσιις.
