4026 6186
616 289 748 346 103ρῦ

609 406 833 477 quibus,
867 401 942 471 (ιι)
971 401 1077 453 huc
1103 392 1296 464 quibus
1345 385 1540 442 mortui
1573 398 1777 449 sumus,
1815 381 1928 438 Lex
1955 381 2174 453 Moysis,

607 473 663 553 ..δι
681 509 840 553 omne
866 501 1014 545 vetus
1026 487 1454 542 instrumentum
1478 476 1879 547 intelligendum
1899 483 1986 530 est
2015 489 2030 527 :
2058 473 2180 542 qui-

607 591 707 643 bus
725 582 873 656 quasi
894 575 1194 640 elementis,
1212 582 1269 629 et
1286 570 1563 642 religionis
1577 567 1813 624 exordiis
1832 567 2002 622 Deum
2018 562 2181 619 disci-

604 692 742 733 mus.
795 668 1075 740 Quomodo
1121 666 1264 722 enim
1304 664 1567 720 elementa
1597 660 1935 730 appellantur
1965 657 2176 718 litterae,

602 783 695 835 per
724 778 857 836 quas
900 760 1134 833 syllabas
1175 771 1240 812 ac
1286 755 1447 810 verba
1478 751 1888 823 conjungimus,
1921 757 1977 803 et
2007 745 2075 802 ad
2102 754 2181 799 te-

599 855 829 910 xendam
868 849 1168 905 orationem
1219 848 1376 916 longa
1415 842 1764 898 meditatione
1796 837 2174 910 procedimus:

594 960 686 1000 ars
714 956 928 1014 quoque
952 938 1152 994 Musica
1179 936 1340 990 habet
1367 935 1632 990 elementa
1673 945 1768 986 sua
1793 969 1810 996 ,
1841 939 1898 984 et
1949 927 2180 983 Geome-

595 1037 695 1089 tria
730 1035 799 1088 ab
822 1029 1103 1089 elementis
1129 1027 1312 1097 incipit
1333 1025 1617 1089 linearum,
1635 1032 1690 1078 et
1717 1020 1998 1076 Dialectica
2018 1026 2178 1086 atque

597 1128 854 1184 Medicina
886 1125 1084 1180 habent
1109 1126 1365 1188 εἰσαγωγὰς
1395 1131 1520 1172 suas
1545 1135 1560 1170 :
1584 1116 1662 1170 sie
1681 1111 1963 1169 elementis
1979 1109 2178 1164 veteris

597 1216 950 1282 ‘l‘estamenti,
982 1222 1040 1269 ut
1067 1213 1133 1269 ad
1163 1209 1536 1280 Evangelicam
1557 1204 1944 1275 plenitudinem
1973 1200 2171 1262 veniat,

596 1308 767 1362 sancti
793 1305 894 1360 viri
935 1303 1176 1361 eruditur
1204 1300 1446 1356 infantia.
1497 1296 1650 1352 Unde
1677 1294 2004 1350 centesimus
2029 1289 2178 1345 deci-

598 1415 716 1456 mus
738 1409 959 1454 octavus
989 1396 1253 1460 Psalmus,
1285 1403 1339 1448 et
1365 1404 1552 1446 omnes
1578 1389 1669 1443 alii
1696 1387 1786 1457 qui
1814 1384 2009 1440 litteris
2035 1398 2174 1452 pra:-

597 1497 873 1557 notantur,
904 1503 999 1558 per
1025 1486 1266 1541 Ethieam
1294 1497 1393 1538 nos
1421 1481 1625 1535 ducunt
1650 1477 1715 1531 ad
1739 1473 2172 1545 (b)'l‘beoricam,

593 1592 648 1636 et
673 1582 740 1637 ab
783 1578 1066 1635 elementis
1095 1573 1387 1630 occidentis
1429 1571 1642 1633 litterae,
1673 1580 1795 1637 quae
1835 1562 2132 1619 destruitur
2157 1599 2174 1624 ,

597 1672 824 1726 transire
866 1668 1068 1724 iaciunt
1105 1665 1172 1720 ad
1214 1663 1462 1732 spiritum
1493 1657 1873 1714 viviﬁcantem.
1916 1653 2017 1720 Qui
2045 1664 2174 1719 ergo

598 1760 820 1826 mundo,
849 1767 904 1814 et
926 1756 1210 1812 elementis
1246 1753 1365 1822 ejus
1394 1749 1592 1806 mortui
1620 1762 1806 1801 sumus
1830 1787 1845 1809 ,
1877 1759 1986 1799 non
2014 1742 2178 1797 debe-

599 1865 717 1904 mus
744 1864 806 1903 ea
851 1848 1165 1908 observare,
1196 1857 1316 1913 quae
1347 1840 1531 1896 mundi
1558 1847 1721 1906 sunt,
1753 1836 1874 1907 quia
1921 1835 1972 1888 in
2001 1833 2176 1887 altero

597 1941 834 2006 inituim,
865 1939 919 1993 in
945 1937 1115 1991 altero
1143 1934 1403 2005 perfectio
1431 1941 1536 1987 est.
2013 1967 2019 1974 .

665 2030 819 2086 CAP.
861 2025 1165 2094 XL—Quid
1187 2025 1255 2079 sit
1280 2021 1421 2093 quod
1450 2021 1588 2076 idem
1611 2018 1900 2088 Apostolus
1921 2015 1986 2071 ad
2007 2015 2178 2070 Thes-

519 2195 521 2197 ι
597 2123 961 2178 salonicenses
1011 2117 1241 2174 scribit:
1278 2114 1393 2168 Nisi
1447 2112 1682 2166 discessio
1751 2109 1918 2181 886
1987 2105 2176 2160 venerit

597 2217 835 2285 primum,
867 2221 915 2266 et
935 2210 1179 2265 revelatus
1213 2207 1366 2274 fuerit
1391 2205 1540 2258 homo
1577 2203 1766 2273 peccati
1792 2201 1884 2271 (‘2.
1915 2199 2089 2253 Thess.
2119 2196 2174 2248 2.

595 2305 668 2374 5)
696 2313 752 2359 et
803 2302 1031 2372 reliqua.
1061 2298 1116 2353 ln
1139 2297 1308 2368 prima
1331 2295 1398 2350 ad
1425 2291 1937 2349 Thessalonicenses
1964 2287 2178 2358 Episto-

595 2400 642 2453 la
671 2397 957 2468 scripserat
983 2409 997 2444 :
1028 2390 1106 2445 De
1128 2387 1436 2456 temporibus
1472 2395 1657 2448 autem,
1684 2393 1730 2437 et
1757 2381 2047 2445 momentis,
2072 2382 2179 2450 {ra-

597 2499 696 2541 tres
717 2503 818 2540 non
844 2499 1042 2538 necesse
1070 2480 1260 2534 habetis
1294 2487 1348 2532 ut
1387 2476 1602 2530 scribant
1622 2474 1758 2528 vobis
1791 2473 1929 2542 :ipsi
1949 2471 2080 2524 enim
2106 2469 2178 2521 di-

596 2580 808 2648 ligenter
827 2574 986 2638 scitis,
1010 2573 1128 2641 quia
1172 2569 1278 2622 dies
1311 2566 1516 2621 Domini
1544 2566 1670 2618 sicut
1702 2563 1786 2631 fur
1818 2562 1872 2614 in
1900 2570 2063 2625 nocte,
2104 2559 2178 2612 ita

597 2670 772 2723 veniet.
798 2665 923 2720 Cum
947 2664 1078 2718 enim
1101 2660 1319 2714 dixerint
1341 2699 1354 2722 ,
1398 2673 1519 2729 pax,
1544 2665 1589 2709 et
1617 2654 1858 2707 securitas
1885 2668 1903 2705 :
1929 2661 2046 2704 tunc
2092 2666 2176 2704 re-

596 2760 830 2828 pentinus
856 2755 962 2810 illis
986 2752 1186 2807 instabit
1203 2751 1454 2813 interitus,
1479 2747 1606 2800 sicut
1643 2744 1787 2797 dolor
1821 2743 1874 2796 in
1903 2751 2043 2795 utero
2081 2741 2176 2794 Ita-

597 2849 774 2910 bentis,
801 2855 847 2900 et
890 2861 992 2898 non
1035 2841 1273 2912 e/Tugient
1298 2839 1373 2909 (l.
1409 2836 1586 2890 Thess.
1616 2835 1669 2888 5.
1701 2833 1752 2888 l.
1783 2829 1967 2902 seqq.).
2006 2829 2177 2897 Supra

596 2942 738 2995 ettim
778 2937 845 2993 ad
898 2951 994 2992 eos
1023 2934 1350 3002 scripserat:
1385 2927 1498 2982 Hoc
1532 2926 1667 2980 vobis
1704 2925 1916 2978 dicimus
1953 2924 2006 2976 in
2032 2923 2178 2975 verba

596 3031 826 3092 Domini,
855 3029 973 3100 quia
1003 3042 1094 3080 nos
1113 3024 1200 3095 qui
1220 3021 1449 3082 vivimus,
1473 3019 1558 3090 qui
1587 3017 1774 3071 residui
1794 3031 1987 3080 sumus,
2010 3015 2062 3067 in
2087 3013 2180 3066 ad-

596 3135 744 3180 ventu
787 3120 1015 3184 Domini,
1056 3134 1158 3172 non
1189 3115 1548 3186 prteveniemus
1588 3127 1671 3164 eos
1698 3109 1781 3180 qui
1825 3107 2181 3162 dormierunt:

595 3218 833 3287 quoniam
858 3214 964 3285 ipse
992 3209 1235 3264 Dominus
1261 3207 1313 3260 in
1331 3207 1501 3274 jussu,
1529 3213 1572 3256 et
1601 3203 1652 3255 in
1682 3217 1798 3255 voce
1823 3197 2128 3266 Archangeli
2161 3236 2177 3260 ,

599 3286 644 3364 et
683 3310 737 3361 in
772 3305 889 3359 tuba
912 3302 1004 3356 Dei
1027 3301 1289 3354 descendet
1309 3296 1371 3348 de
1397 3293 1542 3355 caelo,
1568 3303 1611 3346 et
1635 3291 1820 3344 mortui
1846 3290 1931 3356 qui
1957 3289 2009 3342 in
2032 3286 2181 3341 Chri-

599 3411 676 3454 sto
701 3404 834 3460 sunt,
879 3399 1136 3460 resurgent
1167 3386 1339 3458 primi.
1375 3384 1566 3437 Deinde
1595 3399 1686 3435 nos
1716 3383 1802 3452 qui
1832 3382 2068 3444 vivimus,
2095 3378 2181 3447 qui

598 3487 947 3557 relinquimur,
977 3479 1130 3535 simul
1153 3478 1410 3548 rapiemur
1425 3491 1536 3528 cum
1563 3473 1667 3526 illis
1687 3473 1737 3525 in
1759 3472 1970 3526 nubibus
1988 3471 2181 3524 obviam

598 3580 800 3635 Christo
827 3577 880 3630 in
902 3589 1042 3636 aera,
1068 3582 1113 3626 et
1136 3571 1207 3624 sic
1231 3584 1426 3636 semper
1450 3582 1564 3620 cum
1587 3563 1804 3617 Domino
1831 3565 2039 3617 erimus.
2069 3562 2184 3616 Ita-

597 3688 693 3741 qua
736 3664 1068 3724 consolantini
1095 3662 1306 3717 invicem
1331 3660 1384 3712 in
1408 3657 1566 3711 verbis
1605 3657 1712 3709 istis
1736 3653 1896 3727 (Ibid.
1918 3656 1971 3711 4.
1999 3656 2087 3710 ll.
2137 3666 2180 3708 et

597 3760 781 3834 καφ).
802 3758 952 3828 Quod
968 3756 1244 3811 audientes
1270 3749 1606 3812 Macedones,
1633 3758 1740 3801 non
1771 3747 2177 3812 intellexerunt,

600 3870 737 3926 quos
762 3865 945 3909 secum
975 3850 1236 3910 viventes,
1268 3840 1557 3912 Apostolus
1589 3847 1766 3902 vocet,
1803 3847 1857 3893 et
1880 3838 1967 3907 qui
1995 3838 2182 3891 dican-

601 3959 687 4002 tur
717 3941 938 4007 residui,
964 3938 1194 4008 quicum
1219 3933 1309 3988 illo
1335 3931 1613 4000 rapiantur
1642 3930 1694 3982 in
1716 3929 1942 3983 nubibus
1974 3926 2182 3981 obviam

607 4037 852 4098 liomiuo,
895 4030 989 4086 sed
1041 4024 1284 4082 arbitrati
1315 4023 1628 4088 sunt,dum
1673 4019 1850 4073 adhuc
1902 4027 2084 4072 essent
2130 4017 2183 4072 in

602 4140 852 4200 corpore,
891 4132 945 4176 et
983 4130 1268 4188 antequam
1312 4121 1592 4192 gustarent
1629 4119 1880 4176 mortem,
1910 4107 2182 4163 Christum

610 4227 662 4276 in
693 4198 788 4275 sua
806 4212 1084 4283 majestate
1113 4216 1417 4262 venturum.
1445 4201 1599 4269 Quod
1623 4199 1910 4270 Apostolus
1941 4198 2184 4263 audiens,

607 4318 760 4384 rogat
786 4321 880 4363 eos
904 4344 922 4370 ,
965 4310 1020 4357 et
1063 4299 1274 4368 adjurat
1318 4312 1412 4366 per
1457 4295 1744 4349 adventum
1779 4291 1988 4346 Domini
2019 4289 2186 4344 nostri

606 4383 738 4462 JeSu
764 4396 986 4460 Christi,
1017 4401 1076 4446 ut
1099 4407 1203 4446 non
1228 4390 1337 4444 cito
1363 4395 1716 4442 moveantur:
1749 4398 1925 4452 neque
1953 4399 2048 4452 per
2074 4383 2188 4452 sp}.

606 4498 802 4557 ritum,
834 4498 1009 4557 neque
1040 4497 1135 4554 per
1158 4492 1469 4536 sermonem
1500 4517 1515 4544 ,
1551 4488 1722 4544 neque
1751 4487 1846 4542 per
1871 4471 2184 4541 Epistolam,

677 4626 744 4702 (al
782 4623 973 4702 Vitiose
1011 4616 1132 4666 editi
1152 4613 1477 4670 vetustiores,
1502 4621 1532 4658 a
1569 4606 1739 4672 quibus
1777 4604 2069 4667 consepulti,
2095 4605 2192 4677 imo

607 4667 1118 4757 quitisawrui,___
1415 4732 1472 4757 η.
2005 4741 2065 4757 ο..
2093 4667 2140 4757 ..'

675 4727 887 4825 ξ’ὗῖῐῖὲῖ
904 4727 1123 4794 Ὲίιιὶοθπι
1142 4749 1230 4785 nos
1265 4733 1375 4807 duci
1415 4732 1473 4780 ad
1511 4730 1824 4800 'l‘beoricen,
1863 4727 1968 4777 sive
2005 4741 2065 4777 ex
2093 4727 2194 4776 Mo-

675 4816 678 4825 |
765 4810 780 4825 l
808 4805 1128 4825 "n—AMLM'“
1187 4809 1297 4825 ""m
1322 4809 1366 4825 "‘
1391 4792 1489 4825 “"1"
1515 4789 1922 4825 "l'mlnmnlmmnp
1949 4798 2170 4825 “amni,

610 4789 1131 4868 ττιιΐᾶἀῖῐιὲιὶξὲιίνειω
1149 4833 1164 4857 ν
1187 4809 1297 4868 qua?
1322 4799 1369 4845 ίη
1391 4792 1491 4868 ξυιτε
1515 4789 1923 4868 ίέορὶἓλίυυὲἒέἒίέἓιέ
1949 4798 2189 4868 ἳῖττέἐίέἓῖο

611 4848 1115 4940 iiiquZrE'Iriiini'ex
1133 4848 1385 4931 occasione
1408 4854 1597 4940 hujusvl
1612 4851 1684 4940 l8:
1709 4848 2195 4940 LPsa'luliMHlieronj-

613 4910 1258 4986 liiﬁ'abédtf,”pmipue_
1281 4930 1421 4986 _vero_
1451 4910 1502 4964 iit
1539 4910 1755 4986 Epistola
1791 4912 1848 4960 ad
1885 4911 2100 4986 Paulam.
2121 4910 2193 4986 ide

611 4979 860 5048 l'le’braice
884 4979 1189 5050 Alpb'abeto',
1212 4981 1295 5050 ubi
1317 4984 1482 5050 contra
1516 4979 1775 5050 vulgatum
1789 4985 2022 5050 errorem;
2032 4979 2195 5050 esten:

610 5031 859 5108 3'3;
884 5031 1123 5110 oiigéiiis‘
1141 5031 1415 5110 testimonio
1438 5031 1856 5110 penesautiquos,
1874 5031 2196 5110 uenerang

610 5096 1131 5180 λίῑεῖῖιῒιίῖιῐεΐέιῑιίυυξ
1165 5096 1715 5180 ξὲ.εςξξηι“ξςὲεξξξξέἓἮ
1737 5096 2196 5180 ὺοῑϊθη.ῖξξιηιῖ.ιεξζεξ

969 5157 1125 5221 Graeci
1166 5165 1414 5238 lithieam,
1467 5157 1753 5238 Physic'am,
1807 5163 1858 5206 et
1882 5157 2195 5238 ‘;l‘be()rlicattt

617 5197 716 5231 ι’δδσ
734 5213 749 5238 ,
805 5197 928 5238 qua:
970 5197 1125 5221 υιαῡυι
1167 5197 1384 5215 nul-ww-
1401 5198 1414 5219 ν
1467 5197 1490 5210 ι
1508 5197 1715 5224 μευ-νωι-
1809 5197 1858 5206 ν-
1918 5197 1938 5205 -
1951 5197 2061 5205 --ιω
2075 5197 2192 5205 -.ν-η.

617 5237 1022 5305 "limitaverunt.
1045 5197 2192 5305 θοὶίὲίὲἓῖῗὲἕὲἓὲἒτἓξρέξῖἓὶθἯλΝέἒξξέξῗξἭθ

617 5277 1057 5361 lliﬁ'éﬁééiiiijiﬁ,
1090 5277 1186 5352 qua
1206 5277 1514 5361 supergressi
1541 5279 1742 5331 visibilia
1760 5317 1773 5338 ,
1814 5280 1877 5361 die
1907 5279 2084 5361 divin‘is
2105 5277 2195 5350 ali-

614 5339 1541 5426 ξίῦἱῖἷέῗνοῖιξέῦὖυᾷοοηιέωρῖεῗηιιιχ,
1584 5354 1743 5426 eaque
1778 5339 1880 5388 sola
1915 5339 2193 5426 mente‘iu-

619 5399 1167 5474 ίῖἶὲἇιῆἷῆῗ’νιῖἧέὲιιίιῐιΔ
1206 5421 1294 5472 pro
1330 5399 1580 5474 'Theorica
1624 5399 1715 5471 huc
1757 5414 1954 5464 quoque
1999 5402 2046 5448 in
2090 5399 2197 5448 loco

622 5465 1131 5545 'v‘t't‘lga‘tilibriiomqes
1158 5465 1384 5545 legerant
1425 5465 1751 5545 theologiam,
1790 5475 1958 5545 quem
1978 5474 2194 5545 errorem

625 5523 1001 5601 Lia'a'iﬁiiédaéf
1023 5533 1138 5585 Mss.
1176 5523 1414 5600 suffragio
1444 5523 1708 5601 emendare
1733 5523 1838 5601 ,th
1874 5523 2198 5601 dubitavimus

625 5582 1169 5663 loti-llle‘r'o-tt-‘ymiseusu
1194 5582 1379 5663 ζ,ιιιιεξῖιι
1404 5587 1662 5663 inlaudata
1682 5587 1742 5663 ad
1770 5582 1966 5663 Paulam
1993 5582 2196 5663 epistola

625 5629 690 5654 t'.\
714 5629 996 5663 nscum’uu
1020 5629 1169 5645 ium-vu-
1234 5629 1379 5653 υι-ν--υ
1406 5629 1450 5637 --
1478 5629 1662 5656 --ρ--τ--τν
1771 5629 1791 5631 -
2002 5629 2037 5644 ν,
2061 5629 2113 5630 κη
2132 5629 2141 5630 κ
2176 5629 2194 5630 η

623 5677 772 5727 atque
793 5629 1411 5727 alibilatius-explicamus.
1458 5649 1631 5727 Cpnter
1654 5660 1692 5694 su
1719 5645 1853 5694 lubet
1879 5650 2024 5693 etiam
2055 5642 2195 5693 Coni-

627 5710 892 5775 nteutarios
913 5720 960 5766 in
986 5710 1325 5765 Ecclesiasten:
1343 5724 1446 5772 cap.
1490 5710 1528 5762 1,

1913 265 2150 327 SANCTI
2191 262 2439 319 lllEllON
2449 263 2565 317 ἴω

3751 262 3881 316 Ιίὶῧῦ

2289 387 2537 448 tanquam
2569 377 2636 432 ab
2665 391 2730 432 eo
2752 375 3034 446 scriptam,
3079 375 3228 446 quasi
3275 375 3436 430 instet
3478 375 3601 430 dies
3633 376 3877 432 Domini.

2291 469 2432 523 Duos
2482 477 2659 522 autem
2705 483 2828 522 esse
2870 467 3132 522 adventus
3175 467 3387 521 Domini
3431 467 3767 533 Salvatoris,
3826 480 3883 523 et

2243 566 2246 570 ‘
2286 559 2464 612 omnia
2485 557 2874 627 Prophetarum
2903 557 3098 612 docent
3117 557 3410 620 volumina,
3441 566 3498 612 et
3543 557 3879 627 Evangeliov

2284 664 2400 703 rum
2428 649 2558 703 lides
2588 666 2600 702 :
2633 649 2777 719 quod
2815 649 3046 718 primum
3087 648 3140 703 in
3179 646 3484 703 humilitate
3514 651 3738 704 venerit
3759 691 3778 713 .
3821 659 3881 706 et

2286 748 2466 808 postea
2489 740 2558 793 sit
2586 749 2841 794 venturus
2870 740 2922 793 in
2948 739 3138 809 gloria,
3167 738 3285 809 ipso
3304 739 3530 794 Domino
3555 750 3876 810 protestan-

2286 841 2358 896 te,
2401 847 2519 900 qua:
2551 840 2675 885 ante
2700 829 3219 885 consummationem
3263 829 3450 885 mundi
3478 839 3708 886 ventura
3740 834 3871 898 sint,

2280 929 2335 973 et
2362 919 2630 989 quomodo
2679 915 2933 974 venturus
2958 919 3348 986 Antichristus,
3378 920 3596 989 quando
3631 922 3874 993 loquitur

2281 1009 2347 1062 ad
2367 1009 2672 1078 Apostolos,
2695 1007 2820 1063 Cum
2836 1009 3056 1062 videritis
3077 1007 3496 1062 abominationem
3516 1012 3871 1078 desolationis,

2282 1114 2394 1165 qute
2417 1100 2550 1152 dicta
2578 1109 2649 1152 est
2667 1116 2699 1152 a
2725 1099 2935 1153 Daniele
2965 1097 3244 1169 Propheta,
3268 1108 3482 1154 stantem
3525 1101 3579 1154 in
3604 1102 3719 1156 loco
3747 1120 3868 1158 san-

2281 1199 2358 1244 cto
2379 1230 2394 1253 ,
2427 1190 2514 1258 qui
2542 1186 2678 1260 legit,
2707 1189 2975 1260 intelligat,
3026 1198 3145 1242 tunc
3168 1191 3254 1258 qui
3281 1189 3333 1241 in
3357 1172 3546 1243 iudica
3595 1201 3736 1256 sunt,
3781 1197 3869 1261 {a-

2281 1280 2418 1349 giant
2447 1279 2514 1332 ad
2539 1291 2750 1347 montes,
2777 1289 2824 1334 et
2849 1281 2933 1350 qui
2955 1280 3006 1332 in
3037 1288 3186 1346 tecto,
3218 1296 3318 1333 non
3347 1279 3652 1334 descendant
3695 1283 3870 1338 tollere

2280 1371 2470 1439 aliquid
2521 1370 2582 1423 de
2627 1371 2774 1423 domo
2821 1387 2915 1425 sua
2960 1368 3172 1441 (Matth.
3203 1369 3294 1424 24.
3322 1370 3411 1425 15.
3437 1381 3483 1422 et
3511 1387 3650 1440 seqq.
3681 1389 3770 1425 an.
3822 1373 3868 1426 υ

2282 1461 2380 1532 9).
2414 1459 2482 1532 (c)
2505 1461 2571 1515 Et
2593 1461 2786 1516 iterum
2812 1479 2826 1516 :
2853 1460 2994 1514 Tunc
3015 1461 3188 1529 siquis
3219 1460 3352 1515 vobis
3421 1463 3585 1532 887
3661 1464 3865 1530 dixerit,

2281 1569 2392 1607 erce
2415 1553 2496 1606 hic
2520 1553 2748 1608 Christus
2773 1563 2858 1606 aut
2885 1553 3010 1620 illic,
3033 1553 3186 1607 nolite
3213 1552 3433 1606 credere.
3467 1553 3699 1624 Surgent
3733 1557 3871 1608 enim

2283 1642 2680 1707 Pseudochristi,
2708 1651 2752 1695 et
2775 1641 3263 1711 Pseudoprophetat,
3311 1652 3354 1695 et
3371 1642 3563 1696 dabunt
3590 1644 3738 1715 signa
3762 1662 3870 1696 ma-

2279 1753 2400 1806 gna,
2426 1743 2470 1788 et
2498 1735 2726 1803 prodigia
2747 1776 2763 1800 ,
2793 1735 2866 1787 ita
2896 1743 2948 1787 ut
2973 1735 3024 1787 in
3053 1750 3272 1787 errorem
3298 1734 3620 1800 inducantur,
3664 1736 3710 1789 si
3756 1737 3870 1800 ﬁeri

2280 1835 2462 1896 potest,
2487 1827 2634 1880 etiam
2659 1827 2818 1880 electi.
2844 1825 2975 1880 Ecce
3001 1826 3215 1896 praedixi
3236 1826 3390 1880 vobis.
3414 1826 3476 1880 Si
3500 1844 3618 1898 ergo
3643 1829 3872 1883 dixerint

2278 1919 2434 1982 vobis,
2464 1933 2574 1970 ecce
2602 1918 2652 1969 in
2680 1916 2872 1970 deserto
2901 1925 2997 1982 est,
3028 1917 3183 1970 nolite
3205 1917 3341 1970 exire
3364 1957 3378 1981 ,
3419 1933 3526 1970 ecce
3553 1919 3606 1970 in
3631 1929 3872 1986 penetra-

2280 2008 2429 2072 libus,
2462 2008 2615 2060 nolite
2639 2009 2857 2060 credere.
2887 2005 3030 2061 Sicut
3054 2007 3186 2059 enim
3216 2007 3390 2075 fulgur
3424 2009 3516 2060 exit
3539 2007 3600 2059 ab
3631 2007 3871 2070 Oriente,

2280 2108 2324 2151 et
2352 2108 2492 2168 paret
2537 2113 2690 2161 usque
2713 2096 2763 2149 in
2795 2094 3132 2163 Occidentem,
3163 2097 3236 2149 ita
3261 2098 3355 2150 erit
3398 2105 3443 2150 et
3465 2097 3708 2150 adventus
3743 2097 3872 2152 Filii

2286 2188 2520 2241 hominis.
2555 2191 2632 2241 Ac
2659 2186 2852 2241 deinde
2881 2202 2899 2240 :
2935 2185 3074 2240 Tunc
3102 2187 3366 2256 apparebit
3392 2188 3591 2256 signum
3619 2185 3745 2240 Filii
3773 2188 3868 2242 lto-

2281 2280 2429 2334 minis
2457 2280 2508 2331 in
2537 2279 2681 2343 cwlo,
2709 2277 2785 2347 (ά)
2816 2287 2861 2330 et
2889 2277 3119 2331 videbunt
3142 2275 3335 2330 Filium
3355 2277 3572 2331 hominis
3587 2278 3865 2331 venientem

2283 2369 2336 2422 in
2383 2369 2596 2421 trabibus
2622 2367 2732 2420 caeli
2761 2383 2873 2420 cum
2897 2368 3077 2420 virtute
3120 2367 3320 2432 multa,
3373 2376 3420 2420 et
3470 2369 3757 2437 majestate.
3800 2364 3867 2420 Et

2280 2461 2436 2511 mittet
2465 2458 2682 2526 Angelos
2710 2473 2828 2512 suos
2855 2474 2970 2510 cum
3011 2457 3149 2521 tuba,
3182 2468 3229 2510 et
3256 2473 3372 2510 voce
3395 2474 3584 2528 magna
3609 2499 3623 2522 ,
3671 2469 3718 2513 et
3743 2475 3864 2513 con-

2277 2549 2550 2619 gregabunt
2576 2547 2754 2600 electos
2795 2548 2903 2616 ejus
2925 2564 2958 2600 a
2981 2557 3198 2617 quatuor
3221 2549 3377 2601 ventis
3405 2565 3437 2601 a
3465 2564 3664 2603 summo
3707 2549 3858 2604 coelo-

2278 2655 2392 2692 rum
2418 2653 2571 2708 usque
2591 2636 2658 2690 ad
2686 2638 2924 2690 terminos
2947 2653 3116 2690 eorum
3147 2636 3310 2706 (Ibid.
3333 2636 3422 2693 25.
3447 2647 3495 2691 et
3515 2640 3704 2707 seqq.).
3727 2640 3864 2696 Rur-

2280 2744 2502 2799 sumque
2529 2728 2597 2784 de
2625 2729 2954 2784 Autichristo
2971 2730 3206 2799 loquitur
3221 2728 3289 2782 ad
3322 2727 3575 2784 Iudaeos:
3607 2728 3722 2800 Ego
3755 2733 3866 2784 veni

2279 2823 2331 2874 in
2360 2822 2561 2874 nomine
2589 2819 2762 2874 Patris
2783 2820 2879 2873 mei
2902 2859 2916 2883 ,
2941 2829 2988 2873 et
3014 2836 3113 2873 non
3138 2819 3422 2873 credidistis
3446 2820 3591 2874 mihi.
3631 2821 3692 2875 Si
3735 2823 3868 2876 alius

2280 2914 2466 2968 venerit
2491 2915 2540 2966 in
2562 2914 2761 2966 nomine
2783 2928 2907 2978 suo,
2948 2911 3096 2965 illum
3142 2911 3424 2980 suscipiatis
3461 2910 3642 2980 (Joan.
3668 2913 3724 2967 7.
3750 2913 3866 2982 45).

2283 3008 2447 3076 Igitur
2467 3005 3031 3060 Thessalonicensium
3055 3004 3283 3069 animos,
3299 3003 3383 3058 vel
3409 3003 3622 3058 occasio
3649 3020 3757 3059 non
3784 3006 3868 3058 in-

2285 3099 2513 3154 tellecta:
2556 3097 2830 3167 Epistolre,
2858 3098 2944 3152 vel
2977 3097 3097 3151 licta
3150 3096 3440 3162 revelatio,
3466 3111 3588 3165 qua:
3640 3112 3736 3166 per
3783 3112 3873 3152 so-

2284 3190 2483 3244 mnium
2511 3188 2792 3257 deceperat
2815 3186 3164 3250 dormientes,
3182 3185 3574 3255 velaliquorum
3589 3187 3871 3255 conjectu-

2283 3299 2363 3349 ra,
2379 3283 2549 3348 lsaiaz,
2567 3291 2622 3336 et
2641 3280 2891 3344 Danielis,
2912 3277 3429 3348 Evangeliorumque
3451 3277 3610 3333 verba
3633 3278 3702 3332 de
3720 3279 3874 3332 Anti-

2284 3376 2486 3430 christo
2507 3372 2933 3444 praenuntiantia,
2957 3371 3007 3424 in
3032 3370 3159 3426 illud
3178 3380 3384 3439 tempus
3400 3371 3867 3438 interpretantium

2285 3474 2544 3529 moverat,
2576 3473 2735 3532 atque
2764 3462 3071 3515 turbaverat
3098 3478 3112 3513 :
3137 3467 3198 3514 ut
3228 3461 3280 3514 in
3309 3459 3590 3528 majestate
3619 3475 3714 3512 sua
3742 3469 3870 3515 tunc

2285 3558 2556 3612 Christum
2584 3563 2868 3623 sperarent
2886 3566 3008 3607 esse
3032 3560 3337 3605 venturum.
3365 3549 3463 3604 Cui
3487 3549 3661 3603 errori
3691 3550 3873 3605 mede-

2287 3655 2373 3700 tur
2399 3643 2704 3713 Apostolus,
2737 3650 2793 3697 et
2825 3641 3042 3710 exponit
3081 3656 3200 3710 qua:
3225 3649 3349 3693 ante
3377 3639 3667 3693 adventum
3714 3639 3870 3694 Chri-

2287 3739 2356 3792 sti
2381 3737 2614 3792 debeant
2655 3733 2988 3804 prasstolari;
3023 3742 3078 3785 ut
3103 3746 3222 3786 cum
3267 3731 3354 3785 illa
3404 3728 3541 3785 facta
3593 3729 3867 3784 viderint:

2290 3839 2414 3883 tunc
2439 3825 2612 3880 sciant
2635 3822 3043 3886 Antichristum,
3077 3821 3128 3875 id
3151 3831 3254 3885 est,
3280 3819 3548 3874 hominem
3574 3819 3798 3888 peccati,
3817 3828 3870 3874 et

2292 3920 2458 3972 lilium
2491 3914 2829 3986 perditionis,
2856 3914 2946 3983 qui
2972 3912 3305 3977 adversatur,
3329 3911 3678 3966 etextollitur
3711 3926 3870 3979 supra

2291 4024 2454 4064 omne
2483 4007 2626 4078 quod
2656 4006 2852 4060 dicitur
2877 4005 3038 4068 Deus,
3069 4013 3163 4058 aut
3189 4001 3332 4073 quod
3355 4002 3587 4067 colitur;
3621 4003 3690 4056 ita
3736 4012 3790 4055 ut
3818 4002 3867 4053 in

2290 4101 2514 4170 Temple
2547 4100 2638 4154 Dei
2662 4097 2870 4163 sedeat,
2900 4111 3023 4152 esse
3067 4105 3370 4150 venturum.
3396 4094 3534 4160 Nisi,
3568 4095 3756 4163 inquit,
3782 4109 3870 4147 ve.

2292 4193 2431 4247 nerit
2448 4190 2706 4245 discessio
2727 4190 2978 4259 primum,
2998 4185 3139 4256 quod
3163 4185 3348 4242 Graece
3363 4187 3560 4240 dicitur
3581 4191 3867 4247 ἀποστασία.

2293 4294 2350 4337 ut
2383 4296 2571 4336 omnes
2613 4288 2800 4350 gentes
2846 4295 2967 4348 qua:
3018 4277 3261 4332 Romano
3305 4278 3534 4347 imperio
3573 4277 3869 4345 subjaeent,

2295 4373 2546 4428 recedant
2571 4374 2640 4425 ab
2669 4371 2768 4434 eis,
2803 4379 2856 4425 et
2884 4368 3148 4423 revelatus
3171 4366 3350 4433 fuerit,
3379 4367 3431 4420 id
3454 4377 3538 4422 est
3557 4410 3572 4432 ,
3600 4376 3868 4430 ostensus,

2293 4481 2452 4535 quem
2480 4464 2655 4519 omnia
2688 4461 3072 4531 Prophetarum
3104 4459 3263 4512 verba
3292 4459 3650 4526 prmnuntiant
3670 4499 3684 4522 ,
3717 4457 3876 4510 homo

2298 4556 2521 4626 peccati,
2548 4555 2600 4608 in
2625 4569 2731 4625 quo
2749 4552 2868 4606 fons
2895 4551 3131 4604 omnium
3163 4557 3497 4618 peccatorum
3523 4557 3640 4613 est;
3663 4556 3718 4601 et
3738 4548 3876 4599 [ilius

2298 4647 2634 4718 perditionis,
2667 4644 2719 4697 id
2749 4653 2852 4709 est,
2881 4641 2950 4714 (ε)
2975 4641 3168 4696 diaboli
3194 4656 3209 4705 ;
3243 4640 3355 4708 ipse
3379 4648 3462 4694 est
3492 4639 3634 4692 enim
3663 4639 3880 4692 univer-

2297 4753 2475 4794 sorum
2505 4735 2751 4804 perditio,
2777 4734 2867 4804 qui
2915 4732 3227 4787 adversatur
3264 4730 3506 4792 Christo,
3578 4728 3748 4799 888
3825 4738 3881 4782 et

2299 4831 2418 4885 ideo
2441 4836 2659 4882 vocatur
2697 4824 3058 4897 Antichristus
3087 4841 3100 4877 :
3132 4831 3189 4877 et
3213 4819 3477 4878 ex’tollitur
3521 4833 3685 4886 supra
3715 4833 3880 4872 omne

2298 4917 2440 4990 quod
2467 4917 2662 4972 dicitur
2692 4916 2854 4981 Deus,
2895 4924 2952 4969 ut
2975 4920 3287 4968 cunctarum
3315 4910 3550 4980 gentium
3581 4905 3738 4971 deus,
3768 4907 3881 4962 sive

2300 5012 2578 5084 probatam
2619 5024 2854 5076 omnem,
2887 5016 2940 5062 et
2967 5020 3149 5060 veram
3195 5004 3512 5074 religionem
3558 5015 3659 5056 suo
3709 4999 3880 5055 calcet

2362 5214 2432 5276 (c)
2467 5211 2611 5261 Addit
2643 5209 2894 5276 Victorius
2925 5219 2989 5276 ex
3032 5203 3277 5276 Brixianis
3635 5204 3682 5248 et
3716 5196 3798 5260 qui
3831 5195 3879 5245 in

2298 5267 2427 5341 agi-0'
2437 5311 2450 5334 ,
2473 5287 2567 5322 non
2590 5277 2857 5322 revertatur
2879 5267 3045 5318 tollere
3067 5267 3279 5314 tmtt'cam
3299 5273 3457 5312 suam.
3680 5323 3690 5332 ἢ

2364 5337 2440 5398 (ά)
2477 5335 2692 5398 Item!!!»
2730 5339 2895 5398 atque
2916 5342 2983 5398 se
3017 5326 3189 5398 iisdetn
3223 5324 3337 5398 ll”.-
3359 5318 3878 5398 _9F_.1137!Pii§‘!‘.§9§£"

2302 5387 2436 5446 addit'
2455 5397 2584 5445 idem
2609 5387 2848 5443 Victorius
2864 5429 2879 5453 ,
2902 5396 2947 5440 et
2967 5396 3078 5453 utne
3100 5387 3326 5449 plangent
3348 5395 3512 5434 omnes
3536 5387 3695 5433 tribus
3715 5387 3873 5436 terras.

2299 5457 2645 5522 qttaereticent
2666 5452 3046 5522 codices'nostri.

2371 5504 2446 5584 (ἐπ’
2471 5504 2526 5566 in
2545 5504 2872 5584 Cnmmemar:
2897 5514 2946 5584 ί.η
2970 5504 3642 5584 υίξςιωιί.ν.[ξ;.,ξ.ξξαεέιειι
3668 5510 3885 5584 utea?

2297 5562 2436 5642 juyita
2459 5562 2769 5642 quorumdam
2792 5567 3193 5642 Opinionemhvel
3216 5566 3478 5642 Diabolum
3488 5578 3623 5642 esse
3640 5562 3885 5642 aqua?

2303 5626 2496 5689 itionem
2515 5677 2527 5693 .
2551 5637 2638 5686 sed
2663 5626 2898 5684 unum'ex
2923 5626 3220 5689 hominibus,
3245 5629 3294 5677 in
3313 5641 3414 5690 quo
3434 5634 3568 5678 totus
3592 5627 3741 5678 Satan
3764 5626 3885 5673 babi-

2307 5709 2490 5750 taturus
2511 5699 2573 5747 sit
2593 5695 2960 5760 corporaliter.)
