4026 6186
198 327 335 384 1037
739 331 741 333 ’
1532 336 1734 392 EPISTl

1844 353 1856 392 ι
1897 338 2106 394 CXX”.

199 444 336 512 pede
365 462 382 500 :
411 459 465 504 et
494 451 546 503 in
564 450 782 520 'l‘emplo
809 449 922 515 Dei,
954 447 1035 503 vel
1056 447 1402 520 Jcrosolymis
1433 448 1454 521 (
1475 458 1530 503 ut
1554 448 1630 523 [α]
1659 451 1777 519 (ιυί-

197 539 324 594 dam
355 549 536 610 putant
562 543 582 610 )
610 541 690 597 vel
722 543 772 596 in
795 542 1032 598 Ecclesia
1064 540 1161 614 [ut
1199 543 1380 598 verius
1405 541 1770 614 arbitramur]

189 630 402 685 sederit
425 673 441 694 .
488 631 774 687 ostendens
803 648 862 687 se
890 642 1138 702 tanquam
1180 632 1294 702 ipse
1319 631 1388 686 sit
1412 631 1653 686 Christus
1674 672 1690 695 ,
1719 640 1775 687 et

198 718 367 775 Filius
396 722 508 775 Dei.
560 721 692 785 Nisi,
725 723 925 792 inquit.
956 722 1114 778 fuerit
1149 722 1448 776 Romanum
1491 721 1770 790 imperium

187 820 317 863 ante
342 809 634 864 desolatnm
656 851 671 875 ,
699 820 754 865 et
801 811 1157 866 Antichristus
1183 812 1555 881 praecesserit)
1610 811 1767 866 Chri-

185 910 307 951 stus
335 913 438 953 non
467 901 646 956 veniet
679 919 692 954 :
725 903 814 971 qui
848 903 967 956 ideo
995 903 1063 955 ita
1092 911 1342 956 venturus
1362 909 1482 967 est,
1514 909 1572 956 ut
1618 900 1771 954 Anti-

3327 367 3463 423 [058

1880 456 2477 550 restitere—mendaciis,
2509 471 2561 515 et
2583 463 2726 533 virga
2766 466 2932 538 Moysi
2961 469 3240 530 devoravit
3273 479 3452 550 virgas

1877 559 2061 602 eorum
2088 546 2280 617 (Exod.
2307 547 2360 620 7)
2392 567 2406 602 :
2435 549 2509 605 Ita
2557 552 2892 609 mendacium
2928 559 3242 619 Antichristi
3296 546 3454 622 Chri-

1877 633 1944 687 sti
1973 637 2170 692 veritas
2194 638 2492 695 devorabit.
2523 642 2860 701 Seducentur
2887 659 3066 705 autem
3090 653 3206 722 ejus
3232 659 3454 713 menda.

1873 723 2068 815 ciogqui
2101 725 2201 799 [al.
2233 729 2385 803 quia]
2409 734 2694 802 perditioni
2721 746 2846 792 sunt
2890 744 3293 811 praeparati..Et
3321 751 3443 815 quia

1874 813 2030 866 tacita
2057 818 2290 884 quazstio
2308 831 2519 888 poterat
2540 828 2892 893 commoveri,
2934 846 3032 884 cur
3055 834 3199 888 enim
3230 813 3452 893 conces-

1870 902 1940 956 sit
1968 904 2106 998 Deus
2140 922 2353 964 omnem
2379 925 2501 967 eum
2529 914 2729 973 habere
2755 920 3008 977 virtutem
3037 965 3053 990 ,
3090 926 3239 995 signa
3289 937 3451 998 atque

185 987 448 1042 ehristum
478 988 738 1044 destruat.
769 990 1103 1054 Meministis,
1135 990 1246 1055 ait,
1295 990 1432 1060 quod
1467 991 1579 1044 haec
1629 991 1763 1059 ipsa,

181 1096 303 1149 qua:
333 1096 473 1137 nunc
502 1081 678 1136 scribo
698 1097 789 1151 per
811 1081 1120 1151 Epistolam,
1138 1096 1258 1136 cum
1284 1081 1422 1151 apud
1448 1096 1540 1135 vos
1565 1096 1762 1147 essem,

181 1173 438 1240 praesenti
464 1189 709 1228 sermone
733 1174 1009 1227 narrabam
1041 1191 1053 1225 :
1078 1181 1130 1226 et
1150 1172 1392 1227 dicebam
1417 1172 1587 1237 vobis,
1604 1171 1764 1227 Chri-

179 1272 325 1314 stum
361 1279 466 1317 non
519 1278 642 1318 esse
695 1274 997 1328 venturum,
1047 1263 1148 1317 nisi
1197 1263 1554 1332 pra-:cessissct
1608 1263 1761 1316 Anti-

175 1353 436 1406 christus.
471 1352 536 1406 Et
562 1370 693 1407 nunc
716 1353 836 1422 quid
860 1354 1077 1407 detineat
1100 1393 1115 1417 ,
1145 1353 1279 1406 scitis
1299 1369 1317 1406 :
1340 1362 1393 1405 ut
1421 1351 1664 1406 reveletur
1707 1353 1761 1405 in

171 1457 272 1494 suo
301 1450 526 1511 tempore
549 1459 567 1496 :
600 1442 699 1498 hoc
728 1453 829 1508 est,
860 1458 979 1512 quae
1003 1457 1161 1496 causa
1191 1443 1289 1506 sit,
1320 1453 1376 1495 ut
1402 1442 1759 1497 Antichristus

175 1532 233 1583 in
287 1534 692 1600 praisentiarutn
739 1549 842 1586 non
895 1533 1112 1597 veniat,
1175 1532 1374 1600 optime
1410 1533 1597 1586 nostis.
1649 1531 1759 1587 Nec

175 1621 292 1674 vult
317 1622 393 1692 (ιι)
419 1633 602 1692 aperte
615 1623 796 1677 dicere
822 1623 1120 1677 Romanum
1151 1622 1429 1691 imperiunt
1479 1623 1756 1676 destruen-

173 1715 324 1780 dum,
348 1715 488 1784 quod
508 1715 605 1784 ipsi
632 1717 721 1784 qui
749 1716 1042 1784 imperant,
1077 1724 1333 1768 mternum
1363 1724 1567 1783 putant.
1605 1713 1757 1769 Unde

177 1805 472 1858 secundum
503 1805 876 1876 Apocalypsim
894 1804 1134 1869 Joannis,
1169 1805 1220 1858 in
1249 1804 1422 1857 fronte
1451 1814 1753 1872 purpurata:

170 1895 468 1949 meretricis
491 1936 506 1959 ,
535 1895 787 1963 scriptum
817 1904 900 1950 est
927 1909 1122 1948 nomen
1153 1885 1521 1963 blasphemiae,
1563 1893 1614 1946 id
1642 1903 1748 1959 est,

172 1985 351 2040 Roma:
376 1997 592 2041 wternaz.
622 1988 678 2042 Si
704 1988 844 2040 enim
872 1995 1058 2056 aperte
1101 1984 1459 2053 audacterque
1491 1983 1747 2051 dixisset,

169 2093 278 2130 non
297 2078 474 2132 veniet
499 2077 878 2142 Anticltristus,
907 2076 1008 2130 nisi
1030 2076 1176 2145 prius
1199 2075 1494 2128 Romanum
1509 2074 1752 2129 deleatur

168 2169 472 2236 imperium,
493 2169 634 2234 justa
659 2183 818 2222 causa
847 2165 1232 2235 persecutionis
1258 2165 1310 2218 in
1333 2164 1594 2218 orientem
1622 2173 1748 2220 tunc

165 2257 466 2312 Ecclesiam
492 2272 814 2327 consurgere
840 2256 1141 2310 videbatur.

235 2345 499 2416 Quodque
543 2343 971 2416 sequitur:Jam
1022 2345 1152 2397 enim
1196 2343 1483 2413 mysterium
1511 2351 1746 2413 aperatur

158 2438 443 2506 iniquitatis
462 2477 475 2501 ,
507 2447 697 2490 tantum
721 2447 774 2490 ut
809 2437 896 2507 qui
922 2444 1051 2488 tenet
1079 2451 1229 2496 nunc,
1260 2445 1455 2499 teneat,
1487 2434 1644 2488 donec
1682 2434 1774 2487 de-

159 2527 325 2579 ntedio
351 2527 472 2594 ﬁat,
503 2539 549 2580 et
578 2537 695 2580 tunc
716 2527 1014 2580 revelabitur
1032 2526 1117 2578 ille
1142 2525 1342 2592 iniquus
1362 2565 1377 2589 ,
1414 2525 1554 2578 hunc
1584 2526 1742 2580 habet

159 2631 377 2671 sensum
409 2634 423 2672 :
453 2617 631 2671 Multis
658 2618 810 2670 malis
835 2626 994 2685 atque
1021 2615 1272 2685 peccatis,
1302 2615 1496 2684 quibus
1525 2614 1598 2686 (ε)
1630 2615 1738 2669 Ne-

158 2723 221 2761 ro
247 2708 641 2777 impurissimus
667 2708 937 2762 Cmsarum
960 2705 1213 2759 mundum
1234 2707 1444 2773 premit,
1470 2705 1739 2760 Antichri-

158 2801 228 2852 sti
258 2801 552 2869 parturitur
595 2798 888 2862 adventus,
921 2796 1134 2867 etquod
1180 2795 1268 2852 ille
1315 2805 1632 2864 operaturus
1655 2804 1737 2850 est

161 2901 344 2958 postea
367 2932 381 2956 ,
431 2891 481 2944 in
512 2891 614 2946 isto
641 2906 716 2960 ex_
763 2899 912 2960 parte
941 2889 1260 2958 completur,
1304 2897 1509 2942 tantum
1540 2897 1597 2943 ut
1627 2887 1734 2942 Ro-

152 2995 370 3033 manum
402 2980 704 3050 imperium,
729 2980 868 3050 quod
894 2994 1034 3034 nunc
1055 2979 1331 3034 universas
1349 2987 1535 3047 gentes
1561 2987 1729 3043 tenet,

154 3073 390 3136 recedat,
422 3084 477 3138 et
503 3073 571 3127 de
603 3073 779 3128 medio
798 3072 906 3138 liat,
932 3082 986 3126 et
1001 3081 1126 3126 tunc
1145 3072 1503 3126 Antichristus
1531 3072 1728 3136 veniet,

151 3163 274 3217 fons
305 3163 620 3233 iniquitatis,
652 3178 798 3230 quem
821 3160 1070 3215 Dominus
1092 3160 1242 3215 Jesus
1266 3161 1528 3228 inter/idet
1549 3160 1730 3228 spiritu

147 3256 254 3308 oris
283 3257 362 3308 sui
385 3273 402 3319 ;
429 3255 607 3308 divina
651 3254 901 3308 videlicet
930 3261 1189 3321 potestate
1210 3293 1224 3317 ,
1257 3262 1309 3305 et
1333 3267 1445 3307 sure
1476 3252 1728 3321 majesta-

148 3347 217 3400 tis
288 3347 456 3417 889
526 3346 774 3414 imperio,
804 3344 957 3414 cujus
978 3343 1223 3413 iussisse,
1255 3343 1447 3398 fecisse
1484 3353 1594 3406 est;
1623 3360 1727 3397 non

151 3437 203 3490 in
237 3437 504 3490 exercitus
532 3435 892 3502 multitudine,
916 3451 1020 3489 non
1048 3436 1099 3488 in
1125 3435 1320 3490 robore
1349 3434 1599 3498 militum,
1620 3450 1725 3488 non

155 3531 206 3579 in
232 3527 554 3596 Angelorum
583 3528 780 3582 auxilio
819 3545 833 3581 :
865 3526 960 3581 sed
990 3526 1174 3580 statim
1206 3534 1263 3580 ut
1303 3526 1392 3580 ille
1421 3525 1722 3592 advenerit,

149 3620 500 3674 interlicietur
529 3619 911 3674 Antichristus.
946 3618 1007 3673 Et
1035 3617 1305 3689 quomodo
1359 3617 1594 3673 tenebrae
1631 3633 1722 3674 so-

143 3711 211 3764 lis
261 3711 506 3780 l'ugantur
539 3713 812 3768 adventu:
851 3711 929 3766 sic
977 3711 1318 3765 itlustratione
1357 3712 1598 3767 adventus
1621 3714 1719 3776 sui,

141 3817 268 3855 eum
318 3802 573 3857 Dominus
602 3803 841 3858 destruet
887 3814 1048 3873 atque
1077 3801 1304 3862 delebit.
1338 3803 1506 3872 Cujus
1532 3817 1718 3873 Opera,

143 3895 362 3948 Satana:
391 3904 515 3949 sunt
543 3910 726 3964 opera.
758 3895 823 3948 Et
852 3895 990 3948 sicut
1016 3895 1066 3948 in
1095 3893 1309 3949 Christo
1335 3895 1610 3962 plenitudo
1633 3896 1719 3947 di-

137 3985 381 4039 vinitatis
408 3985 501 4038 luit
531 3984 880 4052 corporaliter
910 3982 1126 4055 (Coloss.
1157 3983 1214 4035 9..
1245 3981 1320 4053 9),
1352 3984 1421 4036 ita
1443 3992 1497 4037 et
1523 3984 1574 4036 in
1605 3983 1720 4037 An-

137 4077 387 4130 ticltristo
444 4088 633 4129 omnes
705 4082 859 4127 erunt
933 4072 1305 4138 fortitudines,
1355 4083 1410 4127 et
1456 4074 1626 4143 signa,
1666 4084 1721 4128 et

137 4167 404 4236 prodigia,
431 4165 526 4220 sed
553 4163 794 4220 universa
824 4164 1121 4218 mendacia.
1151 4165 1429 4231 Quomodo
1469 4167 1611 4220 enim
1641 4167 1718 4220 si-

132 4256 256 4326 gnis
282 4257 398 4318 Dei,
429 4270 549 4324 qua:
576 4255 896 4324 operabatur
923 4269 1016 4324 per
1036 4253 1113 4326 (ά)
1141 4253 1356 4325 Moysen
1380 4295 1396 4322 ,
1425 4257 1558 4326 Magi
1607 4259 1718 4315 suis

203 4365 266 4430 la)
305 4365 378 4430 Ex
402 4365 479 4413 his
509 4362 948 4430 Hippolytushl'uit,
979 4365 1328 4430 junior__tamen
1351 4365 1437 4415 ille
1457 4366 1718 4430 Thebanus

132 4424 271 4492 om:
307 4427 370 4492 de
410 4424 628 4492 consum}
667 4424 862 4492 mundi,
903 4424 1032 4492 unm.
1071 4424 1216 4474 XXV.
1255 4427 1472 4492 itemque
1518 4427 1718 4492 Cyrillns

129 4485 420 4551 Jerosolym.
461 4487 660 4551 Catech.
704 4488 872 4551 15._et
910 4487 1246 4551 Damascenus
1271 4485 1472 4551 _l_ib.'4.
1512 4485 1617 4551 cap.
1655 4492 1717 4540 28

131 4547 343 4611 aliique:
379 4549 623 4612 Appositej
643 4561 760 4596 vero
781 4547 1169 4611 TheOphylactus
1190 4549 1247 4596 ad
1271 4547 1551 4612 Hieronymi
1572 4547 1715 4601 inen-

131 4610 255 4658 tem.
302 4622 374 4660 οὒκ
397 4624 443 4665 εὶς
465 4623 529 4659 τὸν
553 4622 586 4658 ἂν
610 4610 860 4672 Ῑιροσολὺμοις
875 4622 956 4659 ναὸν
978 4610 1077 4666 ἰδίως
1093 4649 1106 4666 ,
1128 4623 1208 4659 ἀλλ’
1227 4623 1274 4666 tl;
1291 4623 1356 4667 τὰς
1378 4610 1566 4671 adquia;
1581 4624 1713 4672 ἁπλῶς,

128 4685 193 4722 ιιι
217 4685 334 4721 πάντα.
353 4685 435 4720 ναὸν
457 4683 561 4721 etiam

197 4731 269 4794 (ὁ)
303 4732 667 4794 Chrysostomus
703 4732 824 4781 item
863 4739 1002 4782 ιπιιδάν
1033 4740 1075 4782 st
1095 4745 1174 4794 περί
1195 4748 1258 4790 τῆς
1282 4732 1466 4794 Nune,
1479 4749 1588 4797 am,
1603 4751 1712 4787 τοῦτό

127 4819 253 4856 φηςιν,
276 4807 414 4850 stateem;
429 4805 586 4855 ᾐνίξατο,
607 4806 671 4843 καὶ
689 4807 776 4851 τέως
799 4807 884 4856 φησὶ
913 4809 1022 4842 τοῦτο
1053 4809 1369 4864 σγνισιιιιιιηεένξωςΖ
1402 4808 1453 4845 Οὐ
1467 4808 1711 4864 γἪ-ἰβορξςεο

124 4853 447 4925 segmenti”;
469 4864 708 4925 εεναδιχισοαι
727 4853 1000 4914 “tamen,
1022 4861 1216 4926 utvat'novg.
1253 4853 1315 4902 Et
1344 4853 1581 4917 AugJIib'.
1609 4857 1708 4907 XX.

123 4919 195 4965 de
222 4914 367 4965 Cmt.
409 4914 500 4963 Det
537 4930 580 4964 c.
610 4917 682 4964 19.
709 4930 758 4964 n.
783 4918 831 4965 5.
901 4933 924 4960 (ι
947 4916 1146 4973 Qurdam
1188 4923 1352 4974 putant
1387 4951 1400 4963 .
1424 4952 1435 4963 .
1459 4953 1469 4964 .
1508 4917 1711 4967 Paulum

123 4973 418 5038 Apostolum
443 4988 535 5023 non
558 4977 604 5024 id
628 4986 800 5038 aperte
824 4977 1041 5026 scribere
1063 4973 1275 5023 voluisse
1296 5013 1310 5032 ,
1336 4989 1399 5038 ne
1422 4977 1711 5028 calumniam

126 5035 366 5086 videlicet
389 5035 675 5093 incurreret,
699 5039 826 5100 quod
850 5037 1063 5086 Romano
1085 5037 1286 5098 imperio
1303 5036 1430 5086 male
1451 5042 1708 5100 optaverit,

123 5109 240 5160 cum
263 5106 546 5160 speraretur
569 5104 820 5160 aeternum.
841 5115 864 5141 ι

192 5159 266 5219 (e)
291 5156 478 5209 'Conl‘er
520 5159 567 5206 in
609 5158 782 5208 Daniel
808 5159 889 5209 XI.
926 5158 1342 5219 Commentarios,
1380 5159 1460 5219 ubi
1484 5196 1498 5214 ,
1538 5159 1707 5219 Multi,

127 5217 306 5282 inquit,
333 5227 600 5282 nostrorum
623 5227 790 5281 putant
812 5221 872 5269 ob
892 5219 1160 5282 sortitique
1184 5217 1496 5282 turpitudinis
1525 5217 1708 5282 magni;

123 5279 345 5330 tudinem
380 5279 654 5340 Domitium,
690 5290 922 5331 Neronem
940 5279 1279 5330 Antichristum
1306 5281 1408 5341 [ore
1430 5293 1448 5330 :
1470 5290 1522 5330 et
1542 5279 1709 5331 recole

123 5355 241 5406 quae
278 5343 326 5406 in
367 5356 479 5406 eum
518 5341 677 5390 locum
714 5343 1029 5406 adnotatum.“
1073 5343 1399 5406 Augustinum
1407 5352 1623 5406 _quoque
1644 5344 1709 5393 de

125 5403 268 5474 givit.
294 5402 520 5474 Deiloco
541 5416 684 5474 supra
708 5405 854 5453 citato
872 5438 886 5462 ,
926 5410 978 5452 et
999 5402 1288 5453 Suetonium
1311 5403 1362 5451 in
1381 5402 1579 5454 Nerone
1599 5438 1615 5465 ,
1657 5412 1710 5455 et

125 5464 347 5513 Tacitum
371 5462 456 5510 lib.
481 5462 528 5511 2.
552 5462 736 5513 Histor.

194 5522 266 5588 (ά)
305 5523 538 5588 Solemue
557 5524 604 5572 id
622 5525 818 5588 quidem
834 5530 915 5588 est
923 5524 1152 5588 Patribus
1163 5525 1413 5588 mendacia
1426 5525 1708 5576 Antichristi

125 5583 1084 5672 mites".lal33§2:2233esrsMe":
1119 5587 1373 5672 uestigiis
1394 5597 1704 5672 mseras:

128 5659 290 5712 eaque
309 5645 653 5696 'l‘heodoretus
673 5645 794 5695 dixit
816 5659 862 5697 τὰ
877 5659 1026 5708 ισόμνα
1041 5659 1105 5696 es.
1117 5645 1233 5706 ἀληθῆ
1247 5645 1426 5709 etiam.
1445 5645 1543 5697 etc.
1582 5645 1706 5697 Con;

380 5713 648 5819 :tst‘tamen
673 5705 968 5770 Augustinus
984 5707 1064 5757 lib.
1087 5704 1165 5758 83.
1185 5709 1510 5766 Qutestiouum
1530 5715 1703 5772 quaest.

193 5806 204 5818 .
230 5783 277 5818 ll.
304 5781 351 5818 ὖ.
380 5781 407 5818 ε

1870 995 2129 1066 prodigia,
2163 1013 2261 1068 per
2292 1017 2412 1071 quae
2439 1004 2794 1076 seducantur,
2823 1012 2868 1065 si
2899 1011 3012 1067 fieri
3038 1025 3251 1084 potest,
3286 995 3446 1074 etiam

1867 1086 2022 1139 electi
2054 1087 2143 1142 Dei
2169 1105 2184 1153 ;
2212 1091 2475 1149 solutione
2504 1098 2760 1163 praevenit
2803 1104 3176 1171 quaastionem,
3221 1116 3276 1162 et
3302 1113 3444 1176 quod

1865 1177 2061 1243 opponi
2087 1187 2313 1246 poterat,
2329 1192 2609 1253 antequam
2628 1199 2947 1255 opponatur,
2971 1191 3217 1250 absolvit.
3238 1197 3442 1262 Faciet.

1867 1265 2057 1335 inquit,
2104 1269 2218 1324 hmc
2243 1275 2422 1328 omnia
2462 1291 2566 1330 non
2613 1292 2708 1331 sua
2736 1279 2946 1345 virtute,
2975 1282 3067 1337 sed
3098 1290 3444 1344 concessione

1867 1357 1982 1424 Dei,
2015 1372 2232 1430 pr0pter
2255 1363 2490 1430 Judaeos,
2523 1366 2592 1440 (e)
2614 1377 2672 1422 ut
2695 1371 2785 1438 qui
2831 1373 3118 1429 noluerunt
3163 1378 3438 1435 caritatem

1861 1455 1968 1503 reci
1976 1465 2100 1518 pere
2119 1454 2382 1520 veritatis,
2399 1456 2500 1512 hoc
2515 1468 2615 1520 est,
2642 1458 2894 1528 Spiritum
2915 1462 3006 1517 Dei
3031 1479 3127 1534 per
3143 1466 3438 1536 Christum,

1859 1539 1979 1606 quia
2020 1543 2217 1597 caritas
2268 1545 2362 1598 Dei
2407 1546 2596 1601 dill'usa
2649 1558 2733 1604 est
2782 1551 2835 1604 in
2891 1554 3052 1608 corda
3105 1557 3436 1615 credentium

2063 1631 2117 1684 5.
2234 1648 2248 1684 :
2284 1634 2349 1687 Et
2377 1635 2488 1704 ipse
2529 1637 2660 1692 dicit
2701 1656 2714 1692 :
2746 1640 2857 1710 Ego
2884 1660 2995 1696 sum
3019 1647 3198 1700 veritas
3244 1649 3432 1720 (Joan.

1857 1719 1942 1772 Η.
1966 1719 2020 1789 6)
2049 1722 2149 1775 :de
2173 1725 2352 1791 quoin
2381 1727 2603 1782 Psalmis
2632 1733 2886 1799 scriptum
2915 1719 3438 1794 est:Veritasdeter-

1855 1827 1913 1862 ra
1934 1821 2044 1863 orta
2066 1822 2136 1866 est
2155 1811 2324 1885 (Psal.
2351 1817 2440 1871 84.
2467 1817 2576 1889 12).
2604 1819 2704 1887 Qui
2737 1837 2864 1890 ergo
2879 1827 3177 1896 caritatem,
3206 1843 3262 1885 et
3289 1834 3433 1886 veri-

1855 1908 2014 1954 tatem
2055 1918 2161 1956 non
2189 1918 2530 1976 receperunt,
2582 1921 2639 1963 ut
2663 1910 2939 1969 Salvatore
2961 1927 3212 1988 suscepto
3235 1961 3250 1986 ,
3298 1923 3432 1978 salvi

1853 1988 2061 2057 tierent,
2103 1993 2278 2051 mittet
2288 1997 2408 2059 illis
2445 1999 2585 2054 Deus
2603 2017 2709 2056 non
2737 2015 3071 2073 operatorem
3098 2051 3112 2072 ,
3144 2012 3236 2066 sed
3262 2014 3429 2083 ipsam

1850 2085 2234 2150 Operationem,
2275 2087 2326 2140 id
2349 2099 2451 2154 est,
2480 2089 2678 2146 fontem
2704 2097 2904 2152 erroris
2947 2109 3004 2152 ut
3034 2101 3256 2158 credant
3287 2121 3434 2161 men~

1847 2170 2020 2224 duc-io.
2053 2173 2186 2240 Quia
2219 2177 2448 2231 mendax
2473 2188 2555 2233 est
2580 2179 2718 2248 ipse,
2745 2193 2799 2238 et
2823 2195 2973 2253 pater
2997 2188 3133 2256 ejus.
3163 2191 3228 2245 Et
3257 2193 3427 2262 siqui-

1850 2261 1971 2316 dem
1995 2264 2354 2323 Antichristus
2388 2269 2456 2324 de
2499 2271 2707 2343 virgine
2749 2285 2902 2331 natus
2941 2292 3103 2346 esset,
3136 2295 3186 2338 et
3216 2261 3426 2354 primus

1845 2354 2079 2408 venisset
2116 2356 2168 2409 in
2196 2358 2476 2426 mundum,
2505 2372 2749 2432 poterant
2769 2365 2936 2423 Judaei
2979 2369 3174 2428 habere
3202 2389 3426 2431 excusa-

1847 2445 2064 2508 tionem,
2097 2455 2152 2500 et
2187 2447 2389 2510 dicere,
2418 2453 2559 2521 quod
2604 2460 2907 2524 putaverint
2933 2463 3234 2529 veritatem,
3261 2475 3316 2520 et
3343 2467 3421 2522 id-

1843 2535 1986 2588 circo
2056 2537 2392 2593 mendacium
2441 2556 2538 2610 pro
2598 2545 2825 2601 veritate
2878 2551 3228 2621 susceperint.
3268 2553 3421 2613 Nunc

1842 2635 2019 2678 autem
2047 2625 2167 2680 ideo
2189 2626 2463 2697 judicandi
2506 2643 2663 2700 sunt,
2699 2635 2806 2690 imo
2845 2641 3028 2705 procul
3078 2641 3240 2696 dubio
3286 2659 3419 2699 con-

1839 2717 2127 2772 demnandi
2185 2737 2199 2774 :
2249 2721 2370 2791 quia
2425 2721 2622 2778 Christi
2663 2729 2891 2782 veritate
2941 2741 3285 2803 contempta,
3323 2751 3418 2804 po-

1838 2819 1949 2862 stea
2005 2811 2338 2867 mendacium
2372 2853 2388 2881 ,
2434 2815 2486 2870 id
2522 2825 2623 2884 est,
2671 2819 3060 2876 Antichristum
3114 2829 3414 2896 suscepturi

1835 2909 1977 2954 sunt.

2183 3015 2348 3085 390
2393 3016 2710 3073 EPlSTOLA
2753 3021 2937 3078 cxxu
2968 3022 3055 3095 (ι).

2371 3145 2437 3182 an
2465 3145 2720 3186 acsrtcvu
2740 3173 2755 3198 ,
2787 3133 2863 3204 (g)

2393 3238 2472 3295 De
2501 3241 2827 3301 Patnitentia.

1830 3344 2099 3402 Rusrtcvl
2118 3387 2132 3410 ,
2180 3350 2316 3415 quod
2339 3351 2637 3417 promissam
2662 3371 2776 3408 eum
2804 3373 2960 3412 uxore
3009 3361 3230 3416 Artemia
3279 3381 3406 3421 eone

1897 3435 2154 3489 tinentiam
2193 3442 2430 3509 fregerat,
2451 3442 2519 3495 ad
2559 3446 2916 3514 paenitentiam,
2948 3459 2994 3503 et
3022 3462 3074 3505 ttt
3110 3465 3285 3510 sancta
3328 3457 3409 3512 in-

1900 3526 2042 3593 visat,
2069 3529 2297 3600 conjugis
2323 3533 2572 3601 exemplo,
2602 3535 2738 3602 loca,
2766 3537 3016 3597 hortatur.

1897 3638 1949 3692 1.
1989 3636 2138 3704 Quod
2181 3638 2260 3710 (l)
2295 3640 2504 3710 ignotus
2542 3644 2608 3698 ad
2653 3644 2886 3715 ignotum
2925 3650 3096 3707 audeo
3132 3653 3400 3719 scribere.

1824 3737 2022 3782 sanctae
2089 3729 2294 3784 ancilla:
2347 3730 2544 3787 Cltristi
2617 3734 2894 3804 lledibite,
2948 3750 3003 3794 et
3057 3743 3177 3796 tilia:
3227 3760 3401 3808 metu,

1823 3817 2063 3887 conjugis
2108 3828 2209 3872 tua:
2235 3859 2251 3881 ,
2278 3821 2528 3876 Artemis:
2552 3864 2568 3889 ,
2598 3825 2704 3877 imo
2745 3828 2946 3881 sororis
2972 3843 3040 3882 ex
3067 3831 3291 3900 conjuge
3317 3843 3400 3886 at-

1822 3921 1928 3974 que
1947 3922 2238 3972 conservae,
2272 3906 2396 3962 fecit
2419 3910 2744 3979 deprecatio.
2767 3913 2896 3980 Quae
2924 3929 3251 3986 nequaquam
3279 3934 3400 3988 pro-

1823 3999 1934 4067 pria
1964 3999 2132 4053 salute
2162 4009 2408 4053 contenta
2428 4040 2444 4066 ,
2478 4010 2618 4056 tuam
2647 4011 2702 4057 et
2726 4013 2850 4059 ante
2875 4006 3120 4075 quaesivit
3147 4008 3199 4064 in
3231 4011 3396 4080 patria

1821 4097 1874 4141 et
1923 4102 2062 4142 nunc
2108 4087 2160 4142 in
2209 4090 2407 4144 sanctis
2455 4089 2609 4145 Locis
2653 4093 2886 4162 quaerit;
2939 4096 3134 4153 imitari
3177 4101 3397 4170 cupiens

1820 4177 2046 4232 Andreae
2066 4187 2120 4232 et
2147 4176 2370 4247 Philippi
2394 4181 2768 4249 Apostolorum
2792 4183 3248 4243 benevolentiam:
3269 4204 3403 4260 quo-

1820 4284 1938 4323 rum
1976 4277 2197 4336 uterque
2231 4270 2474 4323 inventus
2511 4285 2541 4324 a
2575 4270 2802 4336 Christo,
2845 4274 3064 4332 fratrem
3100 4276 3396 4344 Simonem,

1821 4369 1874 4414 et
1917 4358 2146 4412 amicum
2192 4357 2480 4413 Nathanael
2528 4360 2764 4423 invenire
2805 4362 3110 4432 desiderat;
3163 4375 3222 4422 ut
3260 4368 3399 4422 alter

1816 4463 2000 4504 eorum
2029 4457 2295 4502 mereatur
2318 4448 2500 4503 audire
2530 4467 2542 4503 :
2578 4448 2654 4504 Tu
2685 4467 2736 4505 es
2765 4452 2942 4507 Simon
2967 4455 3104 4523 ﬁlius
3126 4457 3210 4526 (It)
3232 4455 3398 4511 Ioan-

1817 4539 1896 4590 nis
1914 4579 1928 4602 ,
1959 4546 2012 4590 tu
2039 4535 2290 4591 vocaberis
2315 4535 2518 4612 Cepltas.
2535 4579 2550 4603 ,
2576 4541 2715 4611 quod
2747 4541 3126 4613 interpretatur
3144 4585 3166 4612 ,
3189 4543 3395 4599 Petrus.

1815 4631 1964 4686 Alter
1991 4629 2178 4683 donum
2215 4627 2308 4682 Dei
2335 4629 2352 4697 (
2376 4629 2475 4684 hoc
2501 4632 2642 4686 enim
2673 4632 2848 4702 lingua
2878 4641 3059 4689 nostra
3094 4643 3249 4688 sonat
3275 4635 3395 4688 Na-

1815 4719 2039 4791 tltanael)
2063 4719 2258 4773 Christi
2287 4719 2351 4771 ad
2373 4733 2431 4773 se
2453 4719 2716 4790 loquentis
2738 4722 3040 4775 testimonio
3059 4721 3391 4788 sublevetur,

1816 4807 1948 4864 Ecce
1974 4825 2087 4863 vere
2125 4807 2359 4862 Israelita
2382 4847 2397 4871 ,
2441 4809 2492 4860 in
2526 4825 2624 4878 quo
2652 4810 2797 4862 dolus
2827 4827 2925 4863 non
2956 4821 3027 4864 est
3054 4811 3071 4881 (
3101 4810 3256 4866 Joan.
3293 4817 3314 4868 l
3353 4823 3392 4883 ).

1813 4900 2098 4969 Optaverat
2135 4898 2399 4968 quondam
2429 4906 2484 4952 et
2511 4899 2610 4952 Ι.οι
2642 4914 2761 4953 cum
2793 4899 3000 4956 ﬁliabus
3034 4903 3238 4958 salvare
3267 4919 3392 4958 con.

1808 4991 1989 5061 jugem
2007 5003 2178 5054 suam,
2200 4997 2256 5042 et
2273 4987 2341 5042 de
2361 4987 2606 5042 incendio
2626 4987 2871 5043 Sodomae
2891 4999 2945 5045 et
2964 4990 3238 5046 Gomorrae
3261 5009 3394 5062 pene

1875 5102 1944 5163 (e)
1969 5100 2166 5169 Quidam
2191 5099 2311 5148 editi
2331 5099 2630 5150 vetustiores
2650 5099 2746 5161 ait,
2773 5101 2856 5164 qui
2881 5115 2899 5152 :
2922 5102 3013 5153 sed
3042 5109 3095 5154 ut
3115 5117 3203 5166 pro
3238 5111 3394 5169 utpote

1815 5161 1892 5213 est
1911 5161 2262 5220 accipiendum.

1900 5221 1953 5280 Γ)
1986 5218 2115 5270 Alias
2137 5221 2215 5281 ιβ.
2261 5218 2447 5281 scripta
2470 5218 2604 5269 circa
2625 5234 2705 5270 an.
2732 5221 2838 5272 408.

1897 5283 1945 5345 g)
1973 5281 2128 5347 Putat
2147 5280 2377 5347 Erasmus
2393 5293 2607 5347 .__nomen
2632 5284 2769 5343 ejus,
2805 5283 2864 5332 ad
2887 5297 3033 5347 quem
3055 5285 3165 5336 data
3191 5294 3269 5338 est
3290 5289 3396 5340 haec

1813 5335 2034 5418 epistola,
2061 5341 2171 5392 data
2193 5335 2341 5404 Opera
2357 5355 2384 5390 a
2401 5335 2696 5414 Hieronymo
2720 5335 3112 5416 praetermissum,
3126 5335 3394 5400 laevia—Inani

1814 5419 1922 5456 eius
1958 5409 2184 5456 notaret.
2224 5403 2447 5456 adeoque
2486 5402 2549 5451 ab
2581 5402 2674 5452 alto
2698 5417 2920 5456 quoniam
2944 5405 3094 5456 fuisse
3116 5409 3394 5456 iusaintam

1814 5415 1922 5515 gius
1958 5415 2184 5472 notaret,
2224 5415 2447 5465 adeoque
2486 5415 2549 5451 an
2581 5415 2674 5452 atto
2698 5415 2920 5467 quopiam
2944 5415 3094 5456 tuisse
3116 5415 3394 5473 inscriptam

1897 5470 2156 5533 Rusticum.
2195 5463 2318 5533 _Nos
2347 5463 2475 5526 quod
2514 5471 2793 5533 constanter
2814 5465 2944 5533 .Mss.
2970 5467 3252 5531 praeferunt,
3277 5483 3388 5533 ger-

1812 5539 2006 5576 manum
2029 5525 2235 5576 hominis
2257 5525 2434 5574 nomen
2457 5536 2571 5573 esse
2594 5538 2689 5574 non
2711 5525 3003 5578 dubitamus.

1874 5586 1948 5650 (It)
1983 5585 2179 5649 Vulgati
2216 5592 2418 5636 veteres
2451 5583 2585 5650 ﬁlius
2617 5586 2870 5648 Joltanna,
2913 5589 2994 5640 alii
3033 5605 3143 5642 cum
3188 5591 3393 5657 Vulgata

1815 5648 2029 5698 editione
2058 5657 2197 5699 Jona.
2677 5669 2680 5673 -

1875 5709 1948 5820 (ἃ)
1983 5709 2077 5759 Cur
2120 5709 2397 5774 Hieronymi
2421 5705 2738 5786 styl‘umﬁtée
2778 5710 2990 5775 Epistola
3033 5719 3130 5766 non
3177 5717 3394 5768 videatur

1875 5785 1888 5819 ι
1927 5785 2004 5820 mo
2028 5772 2254 5820 redolere
2276 5809 2288 5820 .
2316 5785 2431 5820 sane
2456 5786 2550 5820 non
2573 5773 2731 5820 video.

1817 5769 2004 5821 Ruﬁino
2028 5772 2254 5824 redolere
2276 5809 2288 5833 ,
2307 5769 2431 5824 sane
2456 5769 2550 5823 non
2573 5773 2731 5824 video.
