4026 6186
1940 305 2179 362 SANC'I'I
2219 299 2590 358 IIIERONYMI
3775 296 3930 352 1010

2321 415 2662 484 iniquitatibus
2697 419 2872 468 vestris
2893 451 2908 477 ,
2939 411 3114 465 domus
3143 408 3342 474 Israel;
3369 419 3416 464 et
3443 425 3544 464 non
3584 419 3748 464 erunt
3779 411 3927 465 vobis

2319 507 2372 558 in
2419 514 2717 559 tormentum
2769 503 3068 572 impietates.
3113 500 3356 567 Prajicite
3395 516 3568 554 omnes
3617 501 3926 569 impietates

2321 605 2506 648 vestras
2529 633 2546 658 ,
2586 591 2762 662 quibus
2804 591 2956 661 impie
2995 590 3163 661 egistis
3200 590 3464 643 adversum
3506 606 3587 642 me
3610 629 3627 654 ,
3662 599 3718 643 et
3761 590 3926 653 facite

2320 684 2454 736 vobis
2479 699 2564 735 cor
2587 697 2768 735 novum
2791 690 2837 734 et
2862 680 3094 750 spiritum
3115 693 3315 732 novum.
3343 678 3407 732 Et
3430 694 3589 747 quare
3613 681 3924 734 moriemini

2321 773 2498 824 domus
2525 769 2730 824 Israel?
2747 769 2882 823 Nolo
2913 769 3044 821 enim
3075 777 3282 821 mortem
3310 769 3608 835 peccatoris,
3636 773 3774 822 dicit
3803 770 3919 823 Do-

2322 864 2485 914 minus
2509 861 2720 929 (Ezcclt.
2753 861 2839 914 I8.
2869 859 2955 916 50.
2987 861 3074 914 51.
3104 868 3150 912 et
3177 859 3266 912 55.
3299 859 3386 913 11.
3409 869 3454 912 ει
3482 859 3569 914 18.
3599 859 3726 926 52).
3759 860 3921 916 Unde

649 321 786 386 1059

647 443 928 500 semiustus
951 450 1254 505 erumpens,
1275 433 1498 486 educere
1517 443 1658 493 eam,
1681 439 1797 495 quae
1816 422 2053 494 pristinis
2073 419 2212 472 vitiis

653 535 928 590 tenebatur
959 527 1174 580 astricta
1203 541 1216 576 :
1245 522 1336 577 sed
1366 536 1428 576 ea
1458 517 1829 587 desperatione
1859 511 2059 581 trepida
2085 551 2098 572 ,
2126 525 2214 563 re-

647 622 976 690 spiciensque
1018 622 1134 683 post
1177 621 1416 680 tergum,
1457 619 1657 662 aeterno
1701 602 2025 660 infidelitatis
2065 599 2215 652 titulo

646 689 1042 762 condemnatur.
1072 701 1140 755 Et
1164 701 1356 754 ardens
1381 698 1506 752 fides
1533 711 1628 766 pro
1656 711 1757 750 una
1789 693 2008 746 muliere
2037 689 2214 759 perdi-

650 807 699 849 ta
718 836 735 861 ,
765 803 924 848 totam
953 793 1117 860 Segor
1147 790 1334 844 liberat
1361 789 1648 842 civitatem.
1677 784 1911 852 Denique
1940 790 2215 850 postquam

648 882 999 938 Sodomitieas
1023 880 1184 933 valles
1207 895 1267 931 ac
1293 878 1536 932 tenebras
1560 875 1950 941 derelinquens,
1973 870 2036 924 ad
2063 884 2215 923 mon-

648 985 767 1028 tana
794 971 1120 1035 conscendit,
1149 980 1294 1024 ortus
1320 978 1400 1022 est
1425 969 1471 1020 ei
1508 966 1593 1021 Sol
1625 965 1677 1018 in
1703 963 1883 1032 δεξιον,
1913 976 2028 1030 qua:
2057 959 2219 1012 inter-

648 1071 884 1133 pretatur
914 1059 1122 1124 parvula
1146 1076 1159 1111 :
1182 1066 1238 1111 ut
1264 1072 1421 1126 parva
1451 1055 1578 1109 fides
1606 1053 1723 1117 Lot,
1746 1053 1864 1120 quia
1893 1050 2087 1116 majora
2113 1062 2216 1101 non

648 1161 873 1221 poterat,
894 1151 1077 1204 saltem
1102 1149 1299 1201 minora
1323 1151 1574 1198 servaret.
1594 1142 1773 1209 Neque
1792 1140 1930 1192 enim
1948 1137 2220 1192 Gomorra:

649 1245 912 1316 quondam
955 1253 1007 1298 et
1043 1242 1239 1298 erroris
1285 1239 1588 1300 habitator,
1629 1234 1806 1288 statim
1840 1230 1905 1283 ad
1945 1228 2218 1283 meridiem

654 1344 859 1406 poterat
900 1335 1173 1404 pervenire
1197 1374 1211 1397 ,
1245 1332 1295 1384 in
1332 1345 1433 1399 qua
1471 1326 1736 1381 Abraham
1772 1321 1972 1375 amicus
2015 1317 2221 1372 Domini

650 1441 769 1480 cum
798 1425 1013 1494 Angelis
1042 1422 1270 1490 suscepit
1301 1420 1485 1474 Deum.
1517 1417 1584 1469 Et
1608 1412 1805 1482 Ioseph
1839 1412 2028 1464 fratres
2058 1407 2224 1478 pascit

653 1517 704 1570 in
749 1515 979 1586 Egypto
999 1555 1014 1577 ,
1051 1523 1377 1581 sponsusque
1407 1507 1551 1560 audit
1579 1520 1607 1557 a
1636 1517 1827 1572 sponsa
1858 1517 1870 1552 :
1907 1498 2000 1553 Ubi
2029 1496 2225 1550 cubas?

649 1607 732 1661 ubi
761 1607 924 1677 pascis
952 1606 1004 1658 in
1037 1601 1242 1656 um'idie
1298 1599 1466 1668 (Cant.
1501 1598 1550 1649 1.
1589 1593 1682 1666 6)?
1719 1590 1929 1677 Samuel
1960 1586 2222 1677 quondam

654 1675 930 1766 plangebat
957 1692 1167 1747 Saulem
1191 1690 1265 1757 (1.
1291 1688 1417 1755 Reg.
1446 1685 1531 1752 15)
1554 1723 1568 1748 ,
1593 1683 1709 1751 quia
1734 1676 1991 1766 superbiai
2013 1675 2224 1726 vulnera

656 1763 980 1853 paenitentiae
1027 1777 1372 1833 medicamine
1422 1788 1524 1825 non
1577 1769 1820 1848 curabat.
1905 1765 2066 1835 891
2163 1763 2225 1814 Et

655 1851 851 1926 Paulus
881 1867 1089 1936 lugebat
1125 1862 1426 1918 Corinthios
1448 1901 1462 1924 ,
1491 1859 1577 1927 qui
1611 1855 1964 1910 fornicationis
1996 1851 2225 1904 maculas

659 1961 906 2026 iacrymis
925 1956 1105 2011 delere
1127 1953 1368 2007 nolebant
1393 1950 1465 2015 (I.
1492 1947 1602 1999 Cor.
1631 1946 1664 2000 5
1707 1945 1760 2006 9.;
1785 1951 1827 1995 et
1850 1942 1903 1996 '2.
1929 1940 2044 1994 Cor.
2068 1939 2121 1991 2.
2148 1939 2224 2005 1).

662 2049 811 2105 Unde
847 2055 900 2102 et
942 2041 1183 2098 Ezechiel
1225 2040 1412 2094 librum
1455 2036 1672 2090 devorat
1711 2030 1964 2098 scriptum
2005 2028 2144 2080 intus
2175 2035 2228 2079 et

659 2139 808 2199 foris,
827 2136 1080 2194 carmine,
1101 2139 1154 2184 et
1176 2129 1380 2198 planctu
1402 2166 1414 2188 ,
1438 2134 1491 2178 et
1513 2138 1587 2174 v:c
1614 2119 1822 2188 (Ezeclt.
1847 2116 1902 2170 2.
1928 2118 1982 2171 9.
2006 2126 2049 2169 et
2072 2117 2123 2170 ’5.
2150 2117 2224 2184 1).

661 2227 934 2290 Carmine,
963 2238 1122 2292 super
1149 2218 1300 2274 laude
1326 2217 1581 2286 justorum
1611 2231 1622 2265 :
1652 2211 1858 2278 planctu
1881 2249 1894 2274 ,
1927 2222 2085 2276 super
2114 2221 2226 2276 ρω-

663 2319 948 2372 nitentibus
970 2354 986 2380 ,
1012 2328 1091 2365 va:
1115 2352 1130 2377 ,
1161 2323 1318 2376 super
1358 2306 1440 2358 his
1480 2303 1546 2357 de
1585 2301 1775 2370 quibus
1813 2297 2064 2366 scriptum
2104 2304 2183 2348 est
2214 2314 2226 2348 :

661 2408 785 2463 Cum
811 2409 996 2462 venerit
1025 2403 1206 2472 impius
1231 2400 1283 2452 in
1313 2394 1620 2468 profundum
1649 2391 1900 2444 malorum
1919 2427 1934 2449 ,
1962 2385 2230 2439 contemnit

666 2498 684 2563 (
713 2497 863 2548 Prov.
895 2493 980 2547 I8.
1012 2492 1047 2545 ’5
1072 2496 1107 2559 ).
1136 2489 1278 2553 Quos
1302 2481 1529 2537 ostendit
1555 2481 1713 2534 Isaias
1733 2519 1748 2545 ,
1781 2477 1961 2531 dicens
1987 2493 2000 2529 :
2029 2473 2230 2527 Vocavit

668 2589 917 2642 Dominus
954 2581 1161 2638 sabaoth
1193 2580 1245 2632 in
1283 2578 1363 2630 die
1398 2574 1489 2627 illa
1526 2573 1593 2624 ad
1625 2573 1794 2638 ﬂetum
1828 2577 1872 2622 et
1906 2567 2161 2636 planctum
2187 2573 2230 2616 et

668 2680 1055 2734 decalvationem
1091 2681 1135 2725 et
1179 2666 1533 2722 accinctionem
1571 2661 1846 2715 ciliciorum
1884 2673 1900 2710 :
1931 2657 2028 2725 ipsi
2067 2665 2232 2708 autem

666 2778 886 2842 fecerunt
921 2765 1144 2821 ltetitiam
1170 2771 1216 2814 et
1243 2757 1599 2814 exultationem
1616 2793 1629 2816 ,
1658 2759 1927 2804 mactantes
1950 2747 2157 2810 vitulos,
2186 2755 2231 2799 et

667 2836 940 2914 occidentes
979 2869 1090 2908 oves
1115 2891 1128 2914 ,
1174 2859 1225 2901 ut
1267 2845 1576 2901 comederent
1623 2856 1797 2895 carnes
1842 2837 1917 2908 (1)
1959 2836 2174 2889 dicentes
2215 2849 2234 2888 :

673 2947 1030 3002 .llanducemus
1049 2982 1064 3005 ,
1095 2949 1139 2992 et
1175 2938 1399 2992 bibamus
1423 2975 1438 3000 ,
1469 2948 1580 2986 cras
1608 2932 1739 2984 enim
1768 2927 2036 2980 moriemur
2063 2925 2079 2997 (
2103 2923 2230 2977 Isai.

668 3043 757 3097 22.
798 3040 885 3096 12.
928 3039 996 3093 15
1018 3038 1058 3107 ).
1100 3036 1172 3088 De
1212 3031 1402 3102 quibus
1430 3036 1483 3082 et
1511 3023 1752 3080 Ezechiel
1783 3019 2014 3090 loquitur
2041 3036 2052 3069 :
2086 3017 2149 3071 Et
2182 3027 2235 3070 tu

671 3133 745 3197 [ili
773 3129 985 3184 hominis
1010 3127 1089 3180 dic
1109 3122 1280 3176 domui
1306 3117 1486 3182 Israel,
1510 3116 1581 3170 sic
1623 3112 1776 3168 locuti
1820 3111 1956 3176 estis,
1979 3109 2195 3162 dicentes
2219 3122 2236 3160 :

679 3221 888 3275 Errores
917 3215 1072 3271 nostri
1101 3223 1146 3268 et
1172 3209 1452 3280 iniquitates
1482 3213 1667 3258 nostrae
1691 3217 1839 3270 super
1867 3215 1957 3253 nos
1983 3206 2126 3252 erunt
2145 3236 2159 3260 ,
2190 3205 2237 3248 et

673 3313 725 3366 in
743 3311 866 3380 ipsis
885 3304 1273 3361 contabescimus
1291 3316 1309 3354 :
1326 3307 1372 3351 et
1390 3295 1635 3366 quomodo
1655 3293 1778 3347 salvi
1803 3307 1908 3346 esse
1928 3288 2196 3359 poterimus
2215 3288 2240 3340 ?

674 3377 774 3453 Dic
796 3398 864 3452 eis
889 3411 909 3449 :
941 3395 1059 3448 Viuo
1082 3407 1190 3460 ego,
1219 3389 1336 3442 dicit
1369 3386 1612 3439 Dominus
1635 3399 1652 3436 :
1673 3381 1811 3435 Nolo
1837 3390 2044 3433 mortem
2071 3377 2236 3446 impii,

675 3487 763 3541 sed
796 3494 850 3538 ut
890 3489 1201 3536 convertatur
1235 3495 1266 3530 a
1302 3476 1381 3530 via
1409 3491 1520 3528 sua.
1551 3473 1619 3526 Et
1657 3473 1845 3524 iterum
1875 3486 1889 3521 :
1917 3467 2243 3521 Revertimini

676 3573 954 3629 recedentes
979 3587 1008 3623 a
1036 3571 1114 3623 via
1141 3577 1301 3620 vestra
1322 3581 1339 3618 :
1359 3578 1512 3633 quare
1552 3559 1827 3613 moriemini
1857 3559 2033 3610 domus
2079 3555 2242 3610 Israel

678 3667 695 3735 (
721 3663 906 3718 Ezeclt.
934 3662 1022 3716 35.
1053 3662 1110 3715 11
1141 3658 1200 3730 )?
1230 3655 1367 3710 Nihil
1408 3655 1475 3706 ita
1506 3647 1722 3705 offendit
1748 3647 1935 3710 Deum,
1959 3661 2114 3715 quam
2143 3644 2237 3699 de-

679 3757 978 3826 speratione
1001 3752 1274 3807 meliorum
1300 3749 1504 3802 hmrere
1529 3743 1797 3814 peioribus
1817 3740 1910 3814 [aL
1935 3739 2236 3813 prioribus]:

679 3849 800 3901 licet
823 3853 878 3899 et
902 3845 1011 3912 ipsa
1032 3839 1328 3908 desperatio
1354 3834 1734 3890 incredulitatis
1761 3831 2008 3888 indicium
2029 3833 2115 3886 sit.
2141 3831 2239 3898 Qui

676 3934 815 3987 enim
846 3932 1088 4000 desperat
1113 3929 1363 3991 salutem,
1392 3939 1494 3978 non
1525 3932 1671 3994 putat
1699 3923 1930 3978 futurum
1956 3937 2074 3976 esse
2098 3921 2240 3990 judi-

675 4025 835 4077 cium.
863 4019 1014 4088 Quod
1039 4019 1084 4072 si
1111 4026 1396 4078 metueret,
1428 4014 1606 4083 utique
1630 4012 1783 4068 bouis
1807 4011 2054 4080 operibus
2078 4024 2134 4063 se
2158 4010 2242 4076 ju-

679 4112 781 4165 dici
819 4115 1154 4179 praepararet.
1188 4104 1476 4157 Audiamus
1508 4117 1602 4171 per
1628 4101 1908 4155 Jeremiam
1939 4099 2238 4167 loquentem

680 4200 842 4252 Deum
871 4213 884 4249 :
911 4195 1150 4250 Converte
1183 4192 1360 4261 pedem
1400 4200 1540 4243 tuum
1574 4204 1606 4240 a
1635 4187 1714 4242 via
1746 4203 1922 4258 aspera
1945 4227 1960 4251 ,
1993 4195 2040 4239 et
2073 4194 2241 4254 guttur

681 4299 819 4340 tuum
843 4302 875 4336 a
902 4284 984 4338 siti
1010 4281 1236 4354 (Jerem.
1262 4280 1316 4332 2.
1345 4278 1416 4334 25
1441 4281 1479 4349 ).
1509 4278 1575 4334 Et
1604 4279 1790 4332 iterum
1820 4293 1833 4329 :
1863 4275 2124 4346 Numquid
2155 4274 2242 4344 qui

682 4373 818 4426 cadit
837 4412 852 4437 ,
879 4387 980 4424 non
1008 4377 1266 4438 resurget:
1289 4377 1376 4419 aut
1402 4367 1488 4434 qui
1530 4380 1729 4418 aversus
1771 4373 1874 4430 est,
1903 4381 2004 4416 non
2027 4373 2239 4416 reverte-

682 4473 764 4516 tur
780 4462 806 4516 I
830 4460 897 4516 Et
921 4474 1015 4530 per
1040 4459 1229 4514 Isaiam
1252 4473 1264 4509 :
1293 4455 1372 4525 (a)
1398 4454 1611 4519 Quando
1636 4469 1898 4508 conversus
1920 4453 2238 4522 ingemueris,

680 4565 799 4609 tunc
820 4553 986 4608 salvus
1007 4550 1121 4614 eris,
1141 4559 1187 4602 et
1209 4548 1335 4601 scies
1353 4544 1434 4599 ubi
1455 4544 1607 4615 [ueris
1635 4541 1764 4616 (Isa.
1794 4544 1862 4599 30
1887 4553 1931 4597 et
1958 4541 2066 4615 15).
2099 4543 2242 4598 Scire

687 4660 796 4700 non
845 4655 1122 4714 possumus
1164 4636 1522 4708 :egrmatiouis
1569 4635 1736 4698 mala,
1787 4634 1886 4688 nisi
1929 4648 2048 4688 cum
2091 4633 2245 4689 fuerit

678 4735 880 4790 sanitas
924 4740 1225 4786 consecuta.
1269 4727 1337 4782 Et
1377 4735 1627 4796 quantum
1667 4725 1789 4780 boni
1828 4725 1995 4777 virtus
2034 4723 2242 4791 habeat,

680 4823 806 4879 vitia
831 4823 1196 4878 demonstrant
1222 4835 1235 4870 :
1264 4818 1560 4886 clariusque
1590 4816 1646 4870 fit
1675 4817 1869 4878 lumen,
1895 4815 2243 4882 comparatio-

682 4929 750 4968 ne
781 4911 1135 4967 tenebrarum.
1170 4905 1411 4960 Ezechiel
1436 4920 1644 4976 quoque
1673 4904 1852 4958 iisdem
1880 4901 2056 4957 verbis
2079 4943 2095 4968 ,
2125 4905 2242 4973 quia

681 5002 869 5059 eodem
908 5010 963 5054 et
995 4996 1182 5068 spiritu
1211 5013 1223 5048 :
1251 4993 1637 5057 Convertimini,
1675 4993 1874 5062 inquit,
1912 5001 1957 5045 et
1997 4993 2151 5045 redite
2183 4993 2244 5044 ab

748 5153 812 5218 la)
850 5149 1199 5218 Frustra‘hune
1218 5147 1373 5218 locum
1385 5146 1520 5216 apud
1544 5145 2144 5218 Vulgatum‘interpretem
2166 5156 2247 5218 re:

680 5201 844 5282 quirés
861 5250 875 5270 ,
891 5213 983 5282 qui
1005 5210 1146 5282 aliter
1171 5209 1291 5269 legit
1308 5244 1322 5266 ,
1337 5207 1395 5282 ‘si
1415 5201 1719 5282 retortaniini
1738 5240 1752 5263 ,
1771 5212 1818 5277 et
1837 5201 2248 5282 quiescatisksa‘lgi

678 5265 830 5323 e'ritis.
868 5265 976 5321 'Est
997 5279 1159 5319 autem
1184 5265 1246 5318 ei
1273 5265 1423 5317 veteri
1449 5267 1620 5318 Latina
1655 5265 1880 5316 versione
1905 5265 2039 5313 Isaiae
2061 5265 2137 5314 50.
2168 5266 2243 5312 15.

672 5335 814 5441 {usta
837 5331 977 5382 LXX.
1018 5330 1356 5401 proferturque
1398 5329 1456 5376 ad
1495 5328 1621 5398 hunc
1662 5327 1900 5375 moduma
1925 5326 1976 5374 S.
2017 5325 2248 5397 Capriano

701 5407 729 5440 ιι
771 5395 988 5441 l‘ractatu
1024 5393 1089 5440 de
1129 5391 1303 5441 lapsus.
1344 5395 1395 5438 et
1438 5395 1579 5441 epist.
1605 5386 1682 5438 28.
1708 5395 1962 5441 postrema:
1986 5387 2242 5441 editionis,

701 5407 729 5440 ιι
762 5394 1000 5457 'l‘ractatu_
1019 5386 1091 5457 de
1129 5386 1303 5457 lapsis}
1331 5386 1395 5457 et
1418 5389 1586 5457 _epist._
1708 5395 1962 5456 postrema:
1986 5387 2242 5457 editionis,

679 5454 897 5515 itemque
919 5467 946 5502 a
969 5454 1022 5503 S.
1055 5447 1328 5515 Gaudentio
1340 5447 1590 5515 ΔΒιήιξεξηςὶ
1614 5447 1773 5496 Serm.
1814 5449 1965 5515 primo
1988 5447 2246 5515 ngrlonge

681 5524 709 5559 a
733 5507 832 5562 line
845 5546 860 5576 ,
881 5521 1028 5576 atque
1052 5513 1231 5576 iterum
1253 5513 1314 5558 ab
1338 5510 1441 5571 ipso
1462 5508 1756 5571 Hieronymo
1780 5507 1922 5568 epist.
1945 5507 2004 5556 ad
2027 5507 2244 5556 Sabinia-

682 5583 795 5618 num
816 5573 1194 5622 cirm'medium.

681 5631 993 5750 "ﬁgitﬁgit
1014 5633 1217 5684 Gravius
1235 5636 1280 5682 et
1304 5629 1509 5683 biberent
1540 5628 1698 5681 vinum
1718 5664 1732 5690 ,
1757 5641 1943 5679 sacrum
1964 5635 2242 5678 contextum

2322 962 2376 1007 et
2422 954 2470 1006 iu
2515 952 2957 1020 consequentibus
2997 950 3272 1020 loquitur:
3346 951 3509 1022 892
3595 950 3730 1005 Viso
3774 969 3915 1022 ego,

2324 1041 2443 1094 dicit
2479 1040 2745 1095 Dominus.
2775 1039 2912 1093 Nolo
2937 1048 3145 1092 mortem
3173 1042 3447 1109 peccatoris
3467 1080 3484 1106 ,
3515 1040 3616 1094 nisi
3651 1050 3708 1093 ut
3739 1058 3916 1095 rever-

2325 1143 2460 1186 tatur
2481 1150 2513 1186 a
2538 1135 2619 1186 via
2642 1151 2753 1199 sua,
2778 1143 2823 1187 et
2843 1133 2970 1186 vivat
2983 1148 3003 1196 ;
3032 1147 3099 1186 ne
3123 1130 3213 1203 [al.
3241 1130 3352 1202 nec]
3373 1146 3522 1185 meus
3539 1132 3825 1187 incredula
3847 1135 3917 1189 de

2327 1226 2582 1279 bonorum
2613 1222 3026 1292 repromissione
3050 1221 3316 1290 desperet,
3346 1229 3400 1275 et
3426 1221 3592 1275 semel
3618 1221 3915 1290 perditioni

2326 1315 2534 1367 animus
2561 1313 2874 1377 destinatus,
2903 1326 3010 1366 non
3039 1311 3287 1365 adhibeat
3315 1311 3517 1364 vulneri
3545 1312 3910 1377 curationem,

2327 1404 2465 1472 quod
2491 1418 2813 1472 nequaquam
2839 1404 3103 1456 existimat
3128 1417 3285 1471 posse
3309 1403 3501 1456 curari.
3528 1401 3738 1458 Idcirco
3762 1405 3915 1471 jura-

2327 1511 2386 1549 re
2415 1509 2470 1548 se
2497 1494 2655 1556 dicit,
2687 1503 2744 1547 ut
2771 1494 2813 1547 si
2843 1507 2946 1546 non
2972 1491 3236 1546 credimus
3266 1490 3592 1560 promittenti
3621 1492 3759 1557 Deo,
3786 1507 3911 1546 cre-

2327 1583 2514 1638 damus
2553 1583 2738 1637 saltem
2781 1596 2878 1651 pro
2917 1589 3093 1633 nostra
3136 1579 3306 1634 saluto
3349 1579 3567 1648 iuranti.
3613 1580 3794 1646 Quam
3844 1582 3913 1659 9b

2328 1687 2537 1727 causam
2579 1672 2752 1741 justus
2794 1679 3066 1740 precatur,
3094 1677 3150 1724 et
3185 1669 3312 1723 dicit
3339 1687 3352 1724 :
3375 1667 3616 1724 Converte
3645 1686 3740 1724 nos
3775 1669 3914 1722 Deus

2328 1764 2562 1817 salutaris
2597 1772 2782 1827 noster,
2810 1771 2856 1815 et
2880 1770 3046 1814 averte
3076 1764 3296 1830 furorem
3327 1769 3466 1812 tuum
3493 1776 3526 1813 a
3555 1760 3702 1814 nobis
3733 1759 3914 1830 (Psal.

2329 1854 2418 1907 84.
2450 1853 2528 1922 4).
2559 1854 2622 1906 Ει
2651 1854 2873 1906 iterum:
2897 1850 3133 1913 Domine,
3162 1851 3215 1902 in
3237 1849 3490 1904 voluntate
3513 1861 3600 1903 tua
3628 1853 3915 1921 prastitisti

2331 1943 2492 1995 decori
2523 1957 2628 1995 meo
2655 1941 3020 2011 fortitudinem.
3051 1939 3280 1993 Avertisti
3307 1941 3482 2010 faciem
3505 1949 3646 1992 tuam
3671 1959 3707 1994 a
3735 1958 3846 2006 me,
3871 1955 3912 1996 et

2331 2031 2494 2098 factus
2517 2046 2628 2082 sum
2649 2031 2964 2083 conturbatus
2992 2027 3172 2100 (Psal.
3203 2028 3293 2083 29.
3321 2026 3418 2100 8).
3444 2028 3730 2098 Postquam
3766 2032 3913 2086 enim

2331 2119 2618 2175 fteditatem
2649 2118 2956 2172 delictorum
2981 2132 3218 2171 meorum
3241 2117 3487 2171 virtutum
3511 2116 3710 2171 decore
3737 2130 3914 2171 tauta-

2335 2211 2408 2274 vi,
2442 2209 2794 2260 inlirmitatem
2822 2221 2991 2260 meam
3024 2215 3108 2259 tua
3138 2207 3302 2275 gratia
3332 2207 3612 2261 roborasti.
3649 2207 3798 2262 Ecce
3824 2222 3913 2260 au-

2332 2299 2420 2352 dio
2447 2298 2778 2366 pollieentcm
2810 2314 2821 2347 :
2850 2294 3132 2365 Persequar
3156 2295 3384 2349 inimicos
3409 2311 3542 2348 meos
3560 2335 3576 2360 ,
3600 2303 3651 2348 et
3677 2311 3912 2364 compre-

2333 2391 2549 2443 hendam
2587 2388 2732 2454 illos,
2778 2395 2823 2440 et
2870 2402 2970 2439 non
3011 2397 3270 2440 convertar
3300 2384 3408 2458 [aL
3439 2395 3664 2439 revertar
3685 2384 3728 2456 1,
3758 2385 3912 2438 donec

2333 2481 2566 2548 deﬁciant
2598 2476 2730 2546 (Ps.
2762 2477 2845 2529 17.
2877 2474 2946 2530 58
2971 2474 2991 2546 )
3021 2491 3034 2528 :
3065 2485 3121 2528 ut
3157 2475 3244 2544 qui
3277 2484 3326 2528 te
3360 2483 3482 2528 ante
3520 2474 3791 2543 fugiebam
3811 2514 3827 2539 ,
3861 2484 3912 2527 et

2335 2571 2578 2626 inimicus
2601 2583 2767 2632 eram,
2801 2576 2885 2620 tua
2915 2564 3332 2634 comprehendar
3363 2578 3541 2618 manu.
3573 2563 3654 2618 Ne
3681 2579 3860 2620 cesses
3883 2579 3910 2616 a

2334 2660 2700 2734 persequendo
2722 2700 2736 2723 ,
2769 2658 2937 2712 donec
2966 2657 3205 2712 deficiam
3233 2671 3262 2708 a
3290 2657 3371 2709 via
3401 2670 3518 2710 mea
3555 2655 3791 2726 pessima
3816 2697 3832 2718 ,
3862 2664 3912 2707 ct

2335 2763 2569 2810 revertar
2603 2750 2670 2805 ad
2699 2750 2868 2802 virum
2906 2761 3081 2801 meum
3125 2745 3443 2816 pristinum;
3478 2745 3571 2815 qui
3609 2745 3738 2798 mihi
3769 2744 3910 2798 dabit

2335 2841 2640 2899 linteamina
2669 2851 2808 2901 mea,
2832 2844 2886 2890 et
2913 2835 3110 2898 oleum,
3145 2843 3198 2888 et
3225 2834 3448 2889 similam
3475 2874 3491 2900 ,
3522 2842 3577 2887 et
3604 2833 3807 2887 eibabit
3830 2848 3909 2886 me

2336 2930 2693 3004 pinguissimis
2716 2927 2864 2982 cibis.
2893 2924 2992 2992 Qui
3021 2924 3214 2978 idcirco
3243 2923 3478 2993 ohsepsit
3500 2932 3660 2993 atque
3691 2924 3909 2992 praaclu-

2337 3025 2406 3079 sit
2435 3025 2544 3078 vias
2572 3035 2718 3076 meas
2748 3017 3024 3086 pessimas,
3055 3025 3110 3070 ut
3130 3029 3246 3069 eam
3276 3014 3572 3068 invenirem
3603 3013 3761 3077 viam,
3794 3027 3908 3082 qua:

2338 3114 2466 3169 dicit
2491 3114 2541 3167 in
2572 3105 2857 3179 Evangelio
2881 3124 2893 3159 :
2916 3105 3024 3176 Ego
3051 3121 3161 3159 sum
3185 3104 3286 3170 via,
3313 3103 3513 3166 veritas,
3539 3111 3586 3154 et
3613 3103 3712 3153 vita
3731 3097 3905 3168 (Joan.

2343 3205 2428 3258 14.
2459 3203 2549 3273 6).
2580 3201 2716 3255 Audi
2745 3197 3061 3268 PrOphetam
3088 3196 3386 3264 loquentem
3415 3210 3428 3244 :
3457 3191 3556 3256 Qui
3585 3191 3837 3246 sentinam
3859 3192 3910 3244 in

2342 3293 2610 3364 lacrymis,
2645 3292 2698 3345 in
2737 3291 2920 3363 gaudio
2956 3295 3158 3342 metenl.
3202 3283 3392 3338 Euntes
3431 3283 3571 3336 ibant
3607 3292 3654 3336 et
3689 3283 3904 3352 ﬂebant.

2343 3393 2598 3455 portantes
2622 3383 2811 3435 semina
2835 3397 2944 3434 sua.
2984 3375 3247 3431 Venientes
3275 3384 3442 3427 autem
3471 3374 3662 3427 venient
3691 3373 3741 3425 in
3771 3372 3908 3425 exul.

2344 3475 2548 3538 tatione,
2578 3479 2831 3540 portantes
2859 3466 3141 3536 manipulos
3167 3481 3285 3518 suos
3315 3464 3335 3533 (
3361 3463 3450 3518 Ps.
3483 3462 3606 3517 125.
3635 3462 3691 3516 6.
3724 3462 3753 3515 7
3778 3462 3817 3531 ).
3846 3461 3906 3515 Et

2344 3563 2561 3631 loquere
2601 3575 2721 3614 cum
2759 3575 2824 3613 eo
2849 3576 2864 3612 :
2891 3557 3092 3611 Lavabo
3137 3573 3226 3625 per
3265 3555 3493 3626 singulas
3535 3563 3707 3606 noctes
3737 3553 3905 3605 lectum

2311 3673 2314 3676 ’
2343 3667 2529 3716 meum,
2554 3652 2606 3703 in
2633 3649 2869 3719 lacrymis
2893 3648 3014 3700 meis
3038 3656 3249 3700 stratum
3275 3660 3437 3697 meum
3465 3643 3638 3712 rigabo
3662 3640 3831 3710 (Psal.
3852 3642 3902 3695 ὅ.

2345 3742 2438 3812 7).
2471 3731 2750 3794 Ειὶιεῐίιιιι
2785 3756 2798 3791 :
2827 3736 2968 3791 Sicut
2999 3734 3248 3789 desiderat
3275 3749 3447 3786 cervus
3471 3731 3538 3783 ad
3563 3732 3727 3799 fontes
3753 3747 3901 3799 aqua-

2343 3849 2475 3898 rum,
2503 3833 2573 3884 ita
2601 3829 2846 3883 desiderat
2870 3828 3039 3880 anima
3064 3841 3173 3879 mea
3196 3825 3262 3876 ad
3287 3835 3334 3876 te
3364 3823 3514 3876 Deus.
3548 3821 3720 3876 Sitivit
3743 3824 3904 3874 animo

2343 3938 2452 3975 mea
2491 3919 2559 3973 ad
2602 3929 2647 3972 te
2684 3917 2847 3972 Deum
2872 3915 2944 3989 (b)
2968 3919 3153 3987 fontem
3186 3914 3351 3966 uiuum
3373 3952 3390 3977 ,
3418 3911 3620 3982 quando
3647 3910 3837 3963 vatiam
3862 3919 3902 3962 et

2343 4011 2593 4080 apparebo
2625 4018 2743 4062 ante
2781 4007 2960 4078 [aciem
2997 4005 3133 4058 Dei?
3178 4003 3350 4057 Facta:
3373 4012 3489 4057 sunt
3519 4002 3642 4054 milii
3680 4002 3904 4070 lacrynne

2344 4114 2466 4153 mea:
2498 4113 2651 4168 panes
2681 4113 2769 4167 per
2796 4097 2925 4149 diem
2950 4104 2996 4147 et
3023 4092 3252 4158 noctem(
3280 4091 3426 4146 I’sal.
3458 4092 3547 4146 41.
3577 4092 3630 4145 1.
3657 4100 3706 4143 et
3731 4093 3899 4160 seqq).

2347 4191 2415 4245 Et
2443 4191 2493 4243 in
2522 4189 2626 4243 alio
2655 4187 2771 4241 loco
2799 4204 2812 4239 :
2839 4184 2976 4238 Deus
3003 4183 3138 4237 Deus
3167 4198 3302 4236 meus
3321 4223 3336 4247 ,
3365 4181 3432 4233 ad
3456 4191 3502 4233 te
3526 4180 3589 4232 de
3612 4180 3721 4232 luce
3741 4180 3900 4250 vigilo.

2347 4280 2514 4335 Sittvit
2551 4278 2721 4331 anima
2757 4291 2866 4328 mea
2902 4273 2969 4326 ad
3004 4284 3050 4326 te
3072 4314 3086 4337 ,
3123 4287 3272 4342 quant
3301 4269 3644 4338 multipliciter
3675 4268 3758 4320 tibi
3791 4285 3901 4322 caro

2343 4387 2472 4424 utea.
2500 4368 2566 4421 In
2592 4378 2722 4420 terra
2750 4365 2942 4417 deserta
2968 4373 3014 4416 et
3040 4363 3172 4415 invia
3198 4371 3244 4414 et
3273 4363 3538 4426 inaquosa,
3568 4358 3642 4412 sic
3664 4358 3716 4411 in
3742 4367 3902 4411 sanae

2344 4461 2563 4529 apparui
2607 4457 2694 4509 tibi
2715 4452 2881 4522 (Psal.
2910 4452 2997 4506 62.
3027 4452 3062 4504 2
3089 4461 3134 4504 et
3159 4452 3234 4519 5).
3264 4448 3575 4516 Quanquam
3603 4448 3744 4502 enim
3769 4447 3902 4500 sitie-

2347 4554 2414 4606 rit
2443 4560 2493 4606 te
2519 4551 2692 4604 anima
2732 4563 2850 4602 mea
2873 4588 2888 4612 ,
2925 4556 3096 4600 tamen
3138 4544 3301 4598 multo
3344 4551 3395 4596 te
3436 4541 3551 4610 plus
3578 4539 3753 4594 carnis
3780 4555 3904 4592 mea:

2345 4643 2526 4696 labore
2562 4637 2811 4710 quaesivi,
2853 4646 2906 4692 et
2945 4636 3039 4691 tibi
3078 4636 3128 4690 in
3169 4643 3352 4689 saneto
3420 4632 3577 4703 893
3648 4645 3904 4699 apparere

2345 4747 2450 4785 non
2477 4730 2654 4800 potui;
2684 4727 2785 4780 nisi
2813 4726 2958 4796 prius
2987 4725 3037 4777 in
3064 4733 3201 4778 terra
3226 4723 3426 4777 deserta
3449 4736 3476 4772 a
3500 4718 3657 4782 vitiis,
3681 4729 3734 4771 et
3761 4719 3903 4774 invia

2347 4817 2661 4874 adversariis
2699 4813 3044 4885 potestatibus
3066 4853 3081 4878 ,
3114 4822 3182 4880 et.
3200 4810 3394 4880 absque
3421 4807 3637 4860 humore
3665 4815 3722 4859 et
3750 4807 3908 4863 rheu-

2349 4919 2486 4964 mate
2516 4909 2670 4962 ullius
2699 4905 2931 4960 libidinis
2958 4917 3334 4957 commorarer.
3377 4899 3542 4954 Flevit
3568 4907 3626 4952 et
3654 4898 3906 4953 Dominus

2416 5076 2478 5143 (b)
2517 5077 2598 5126 Sic
2611 5076 2732 5143 editi
2755 5073 3034 5143 praeferunt,
3061 5081 3112 5123 et
3133 5070 3248 5120 Mss.
3273 5083 3363 5132 pro
3380 5083 3477 5143 quo
3491 5069 3667 5143 fortem
3680 5067 3905 5143 Y‘ulgatus

2349 5130 2590 5202 interpres
2611 5130 2844 5202 habete:
2869 5130 3036 5184 Grazeo
3053 5147 3117 5202 εδ.
3138 5130 3309 5202 talo-99;:
3344 5130 3475 5193 quod
3506 5138 3585 5179 est
3613 5131 3664 5178 in
3693 5130 3903 5191 00mph.

2349 5192 2576 5251 tensi'tts.
2601 5197 2680 5245 alii
2705 5197 2836 5244 enim
2856 5208 3024 5244 omnes
3047 5192 3200 5256 juxta"
3214 5192 3478 5256 Hebraeum
3497 5228 3520 5256 ,_
3550 5203 3639 5256 πρὸς
3662 5203 3723 5241 τι.
3744 5204 3827 5241 θεὸν
3847 5205 3904 5240 τὸν

2348 5273 2465 5320 (sua
2481 5302 2492 5320 ,
2513 5259 2578 5309 ad
2605 5267 2752 5307 Deum
2775 5257 2945 5320 vivunt,
2975 5252 3116 5317 quam
3140 5254 3400 5320 lectionem
3418 5252 3705 5320 Ambrosius
3722 5265 3902 5320 quoque

2350 5310 2718 5382 etinugustinus
2736 5355 2749 5375 ,
2775 5325 2826 5366 et
2851 5310 3101 5382 pleraeque
3122 5314 3227 5382 alia:
3251 5317 3508 5382 versiones
3531 5310 3754 5382 probant;
3810 5310 3902 5382 Sed

2348 5371 2529 5446 τοιαεηῖ
2541 5394 2625 5446 pro
2645 5371 2816 5446 fortem
2828 5371 2948 5446 olim
2966 5371 3158 5446 quoque
3183 5376 3230 5421 in
3252 5373 3477 5443 Vulgata:
3507 5371 3802 5446 editiouibus
3830 5371 3901 5418 ob-

2351 5432 2495 5492 linuit
2517 5432 2725 5502 [donec
2753 5441 2800 5502 iu
2823 5432 3123 5502 Cleme‘ntitja
3153 5432 3448 5502 recensione
3473 5432 3781 5502 emendatum
3802 5441 3901 5491 est;

2349 5507 2435 5553 sed
2474 5492 2530 5552 et
2558 5501 2923 5551 Ambrosianum
2957 5496 3294 5558 quod_vocant
3317 5494 3610 5558 Psalterium
3633 5492 3782 5558 legit;
3820 5507 3902 5558 nec

2348 5567 2543 5614 dubium
2583 5562 2800 5618 videtur,
2838 5560 2955 5621 quin
2975 5555 3069 5621 'ex_
3092 5555 3368 5621 Latinorum
3405 5555 3689 5621 criticoruin
3727 5556 3905 5617 ingenio

2350 5626 2524 5735 {actutm
2558 5625 2657 5685 sit;
2693 5615 2797 5672 sed
2819 5615 2956 5671 nobis
2992 5617 3100 5666 heie
3132 5615 3258 5678 apud
3296 5615 3505 5667 Hieron.
3547 5615 3798 5669 immutare
3818 5629 3904 5666 ιιι-ιι

2371 5700 2460 5735 ICUI
2489 5720 2499 5732 .

2371 5694 2499 5736 tcuit.
