4026 6186
204 301 331 356 l0“

198 426 358 479 super
393 412 655 468 civitatem
690 412 980 468 Jerusalem
999 453 1016 478 ,
1044 412 1168 482 quia
1202 428 1305 465 non
1332 412 1560 480 egissent
1591 412 1762 481 patui-

202 505 417 553 tentiam
449 500 595 569 (Luc.
627 501 711 559 l9.
740 503 831 571 Η)
865 521 879 557 :
911 512 965 557 et
992 502 1179 557 Petrus
1209 502 1396 555 trinam
1436 502 1766 570 negationem

199 589 548 642 amaritudine
575 590 735 643 abluit
766 590 1110 661 lacrymarum
1141 590 1355 655 (Matth.
1385 591 1476 643 26.
1509 590 1596 658 75)
1622 629 1637 654 ,
1669 590 1767 643 im-

201 680 463 748 plevitque
488 680 614 733 illud
643 680 1009 749 PrOpbeticum
1075 680 1255 734 Exitus
1282 695 1522 747 aquarum
1547 680 1767 733 deduxe-

199 776 317 820 runt
344 769 474 820 oculi
509 769 604 820 mei
632 769 650 838 (
676 767 818 822 Psal.
850 769 971 823 “8.
1004 768 1106 823 156
1128 767 1172 837 ).
1203 768 1404 835 Plangit
1431 776 1483 820 et
1511 768 1769 821 Jeremias

200 856 445 925 populum
493 858 854 924 paenitentiam
899 872 1003 911 non
1044 864 1325 926 agentem,
1365 856 1547 911 dicens
1586 873 1599 909 :
1644 856 1767 922 Quis

196 945 332 996 dabit
358 946 511 1015 capiti
536 964 643 999 meo
662 964 878 1017 aquam,
907 956 952 1000 et
978 946 1137 999 oculis
1158 947 1280 999 meis
1305 949 1491 1016 fontem
1521 944 1767 1013 lacryma-

194 1052 308 1087 rum
337 1076 353 1101 ,
393 1047 439 1089 et
483 1038 688 1107 plorabo
731 1037 973 1107 papulum
1010 1037 1161 1091 istum
1201 1052 1290 1107 per
1326 1037 1455 1088 diem
1494 1043 1540 1087 et
1577 1045 1769 1088 noctem

194 1124 407 1193 (Jerem.
437 1127 489 1182 9.
522 1129 606 1196 l)?
634 1128 743 1182 Cur
766 1137 941 1181 autem
969 1128 1179 1196 plangat
1207 1136 1261 1182 et
1289 1126 1500 1188 deﬂeat,
1523 1125 1765 1195 sequenti

193 1234 442 1274 sermone
485 1221 853 1276 demonstrat:
896 1220 1067 1275 Nolite
1111 1222 1233 1290 fiere
1274 1230 1560 1285 mortuum,
1614 1234 1769 1289 neque

194 1308 449 1378 plangatis
491 1326 623 1362 eum.
668 1310 812 1363 Flete
850 1309 1055 1377 planctu
1096 1310 1179 1376 qui
1206 1309 1486 1379 egreditur,
1524 1307 1769 1375 quianon

192 1408 470 1451 revertetur
493 1400 644 1452 ultra.
668 1399 1004 1469 Nequaquam
1029 1399 1184 1465 igitur
1202 1398 1423 1453 Geutilis
1445 1395 1769 1466 plangendus

193 1497 317 1553 est,
346 1498 503 1558 atque
530 1489 740 1543 Iudaeus
761 1529 776 1553 ,
808 1491 896 1558 qui
935 1491 987 1543 in
1028 1489 1261 1543 Ecclesia
1297 1503 1399 1541 non
1437 1487 1646 1541 luerunt
1668 1525 1683 1551 ,
1714 1493 1769 1538 et

194 1580 363 1634 semel
396 1580 585 1633 mortui
616 1590 755 1644 sunt,
789 1581 852 1634 de
881 1580 1071 1650 quibus
1098 1579 1336 1634 Salvator
1361 1577 1491 1632 dicit
1519 1595 1534 1632 :
1562 1576 1769 1629 Dimitte

195 1680 418 1724 mortuos
463 1672 669 1739 sepelire
707 1681 928 1723 mortuos
963 1686 1083 1722 suos
1136 1666 1366 1737 (Matth.
1395 1668 1505 1735 8);
1544 1666 1636 1719 sed
1675 1679 1768 1719 eos

196 1759 399 1827 plange,
436 1758 524 1826 qui
554 1773 646 1826 per
675 1758 872 1811 scelera
899 1768 1054 1826 atque
1086 1764 1295 1824 peccata
1327 1754 1673 1822 egrediuntur
1701 1753 1766 1805 de

198 1847 449 1912 Ecclesia,
479 1856 531 1899 et
562 1847 744 1900 nolunt
774 1847 905 1899 ultra
934 1844 1124 1899 reverti
1153 1843 1219 1897 ad
1247 1858 1361 1896 eam
1382 1881 1394 1903 ,
1426 1840 1767 1894 damnatione

196 1936 457 1989 vitiorum.
505 1933 655 1990 Unde
681 1944 735 1989 et
761 1933 826 1987 ad
856 1937 997 1987 viros
1034 1931 1431 1986 Ecclesiasticos
1452 1970 1468 1994 ,
1496 1929 1585 1998 qui
1626 1928 1763 1982 inuri

192 2034 247 2078 et
275 2034 443 2078 turres
473 2024 722 2079 Ecclesia:
748 2032 1145 2091 nuncupantur,
1176 2021 1408 2090 loquitur
1432 2034 1609 2074 sermo
1635 2019 1766 2073 Pro-

196 2112 451 2181 pheticus.
476 2113 688 2166 dicens:
711 2111 848 2164 Muri
870 2111 1017 2176 Sion,
1040 2113 1258 2182 proferte
1278 2109 1526 2178 lacrymas
1545 2107 1761 2178 (Tltren.

191 2204 248 2256 2.
279 2204 387 2270 18)
419 2220 429 2255 :
462 2203 739 2271 implentes
769 2200 894 2253 illud
922 2199 1157 2268 Apostoli
1192 2215 1205 2251 :
1240 2196 1469 2251 Gaudere
1495 2214 1603 2251 cum
1636 2214 1762 2268 gau-

190 2292 421 2344 dentibus
444 2332 459 2355 ,
490 2291 610 2359 flere
634 2306 748 2342 cum
774 2287 1005 2357 flentibus
1034 2285 1054 2358 (
1080 2288 1226 2341 Ilom.
1256 2287 1339 2340 l2.
1370 2286 1441 2341 25
1463 2285 1481 2357 )
1506 2303 1520 2351 ;
1550 2296 1607 2339 ut
1636 2287 1762 2339 dura

189 2381 358 2435 corda
399 2379 722 2449 peccantium
754 2378 945 2432 vestris
973 2375 1217 2448 lacrymis
1255 2377 1549 2446 provocetis
1578 2376 1643 2429 ad
1674 2376 1764 2430 lle-

193 2481 328 2533 tum,
355 2484 420 2522 ne
451 2475 845 2535 perseverantes
874 2467 926 2520 in
954 2466 1171 2531 malitia,
1200 2465 1449 2519 audiant:
1475 2464 1586 2535 Ego
1614 2467 1766 2536 plan-

192 2560 294 2613 tavi
315 2570 360 2613 te
381 2560 570 2613 vineam
592 2560 909 2630 frugiferam,
933 2574 1077 2612 omne
1097 2574 1262 2611 semen
1289 2573 1457 2612 verum
1480 2574 1498 2611 :
1517 2560 1763 2625 quomodo

194 2667 333 2703 versa
361 2666 413 2703 es
447 2650 498 2702 in
526 2649 906 2702 amaritudinem
944 2648 1055 2702 vitis
1084 2648 1260 2700 aliena:
1304 2646 1508 2716 (Ierem.
1538 2647 1591 2700 2.
1622 2649 1712 2716 2|)
1741 2649 1764 2701 ἰ

195 2743 263 2795 Et
290 2743 473 2795 iterum
502 2739 694 2810 :Ligno
715 2740 966 2802 dixerunt,
991 2748 1133 2805 pater
1153 2753 1288 2790 meus
1334 2753 1384 2790 es
1408 2746 1494 2799 tu;
1517 2747 1561 2789 et
1582 2737 1759 2807 lapidi,

192 2843 247 2883 tu
274 2831 485 2901 genuisti
513 2846 621 2893 me;
647 2840 694 2883 et
720 2838 968 2882 verterunt
999 2827 1066 2880 ad
1092 2844 1169 2880 me
1198 2827 1348 2879 dorsa
1366 2867 1381 2892 ,
1410 2836 1456 2880 et
1484 2843 1582 2880 non
1609 2828 1763 2898 facies

191 2939 311 2983 suas
336 2920 571 2992 (Ibidem
603 2919 735 2990 27).
779 2920 845 2974 Et
877 2926 960 2975 est
996 2933 1182 2973 sensus
1211 2935 1225 2972 :
1254 2917 1542 2971 Noluerunt
1576 2917 1642 2970 ad
1678 2933 1763 2972 me

190 3014 448 3079 converti,
481 3022 539 3065 ut
566 3020 781 3082 agerent
806 3011 1198 3080 paenitentiam;
1228 3008 1318 3063 sed
1348 3024 1442 3078 per
1465 3008 1640 3062 cordis
1665 3008 1762 3062 du-

193 3103 366 3157 ritiam
405 3102 457 3154 in
493 3101 734 3168 iniuriam
761 3114 931 3154 meam
958 3115 1051 3152 sua
1078 3108 1221 3168 terga
1245 3107 1537 3151 verterunt.
1566 3097 1761 3165 Quam-

189 3193 375 3247 obrem
398 3199 452 3244 et
477 3190 730 3243 Dominus
760 3187 988 3257 loquitur
1016 3186 1080 3241 ad
1105 3186 1412 3255 Jeremiam,
1446 3184 1625 3239 Vidisti
1651 3203 1763 3256 qua:

186 3282 411 3351 fecerunt
438 3279 559 3333 mihi
579 3320 592 3341 ,
623 3277 860 3331 habitatio
890 3275 1096 3329 Israel?
1125 3274 1364 3328 Abierant
1392 3291 1543 3342 super
1568 3290 1763 3328 onmem

188 3384 408 3426 montem
489 3369 655 3443 895
737 3369 1007 3433 excelsum,
1059 3377 1104 3420 et
1155 3366 1329 3420 subter
1377 3381 1523 3420 omne
1570 3366 1762 3435 lignum

188 3464 516 3534 frondosum,
540 3474 587 3517 et
617 3462 849 3532 fornicati
875 3469 989 3515 sunt
1016 3460 1123 3523 ibi;
1155 3468 1201 3512 et
1232 3458 1336 3511 dixi
1365 3468 1623 3528 postquam
1651 3462 1759 3528 for-

186 3559 355 3610 nicata
388 3564 459 3609 est
492 3564 537 3607 et
571 3554 687 3624 fecit
715 3553 822 3606 [nec
851 3551 1017 3604 omnia
1042 3567 1061 3604 :
1082 3550 1149 3602 ad
1175 3565 1252 3602 me
1279 3558 1558 3611 revertere;
1589 3557 1633 3601 et
1659 3565 1759 3601 non

186 3656 258 3701 est
280 3662 471 3698 reversa
495 3642 703 3715 (Ierem.
737 3644 790 3705 5;
822 3640 949 3694 Isai.
978 3638 1091 3711 57).

259 3737 313 3791 2.
354 3736 398 3791 Ο
438 3736 718 3790 clementia
758 3734 888 3788 Dei!
940 3751 972 3785 o
1020 3740 1201 3786 nostra
1248 3730 1479 3785 duritia!
1528 3730 1651 3785 dum
1698 3739 1753 3785 et

187 3838 304 3896 post
338 3836 479 3881 tanta
526 3826 730 3881 scelera
762 3839 857 3879 nos
893 3831 1144 3892 provocat
1188 3822 1254 3876 ad
1294 3823 1540 3875 salutem.
1577 3822 1642 3875 Et
1683 3838 1748 3877 ne

184 3920 267 3973 sic
295 3916 507 3986 quidem
537 3915 781 3968 volumus
808 3912 873 3965 ad
906 3912 1124 3966 meliora
1148 3911 1385 3964 converti
1417 3928 1430 3963 :
1465 3909 1526 3963 Si
1547 3912 1758 3978 relique-

184 4009 274 4072 rit,
310 4006 498 4075 inquit,
528 4020 658 4057 αποι-
682 4004 843 4056 virum
870 4017 1033 4063 suum,
1062 4010 1107 4053 et
1136 4000 1226 4052 alii
1250 4000 1494 4068 nupserit,
1520 4008 1566 4051 et
1592 3999 1759 4051 volue-

183 4100 250 4150 rit
280 4104 455 4165 postea
483 4093 659 4147 reverti
687 4090 754 4143 ad
791 4106 943 4144 eum:
974 4088 1216 4157 numquid
1253 4089 1488 4157 suscipiet
1534 4104 1664 4153 eam,
1710 4099 1757 4141 et

181 4204 286 4241 non
313 4183 635 4238 detestabitur
659 4179 869 4251 [σΙει-ειη.
907 4178 959 4231 2.
1005 4176 1096 4249 l]?
1128 4178 1203 4249 (a)
1236 4176 1341 4230 Pro
1365 4192 1470 4246 quo
1499 4177 1752 4246 scriptum

253 4336 317 4404 (α)
356 4336 546 4387 Tenus
567 4333 645 4404 atii
665 4332 938 4404 .Hsbveus-
959 4330 1185 4404 Enicas,
1206 4328 1500 4404 euersae?
1521 4326 1755 4404 i269?“-

183 4389 330 4461 galus
353 4411 383 4446 e
399 4396 643 4461 contrario
665 4396 847 4461 habent
873 4406 937 4461 :__«
959 4392 1009 4461 Si
1032 4391 1267 4461 dimiserit
1291 4389 1363 4437 vir
1379 4402 1579 4437 uxorem
1598 4402 1749 4461 suam,

187 4449 241 4510 δι
266 4458 507 4509 recedens
530 4458 591 4505 ab
631 4470 709 4508 eo,
733 4454 929 4502 duxerit
965 4454 1117 4500 virum
1155 4449 1378 4511 alterum,
1418 4450 1647 4511 numquid
1676 4464 1751 4497 re-

189 4508 409 4570 vertetur
431 4518 488 4567 ad
516 4530 620 4565 eam
645 4516 789 4564 ultra.
814 4513 1066 4574 Numquid,
1090 4524 1182 4574 non
1217 4508 1395 4572 polluta
1435 4516 1487 4559 et
1522 4508 1749 4574 contami-

186 4591 297 4629 nata
323 4581 419 4629 erit
440 4578 614 4627 mulier
641 4576 719 4625 illa
739 4577 761 4625 ?
784 4592 805 4619 ι
837 4578 941 4623 sive
958 4572 1034 4622 _ut
1055 4572 1104 4621 in
1140 4572 1363 4630 Hebraeo,
1396 4588 1418 4617 ι
1442 4581 1572 4620 terra
1598 4572 1695 4619 illa.
1724 4590 1743 4614 ι)

184 4644 284 4691 Sed
309 4641 434 4703 quod
473 4640 714 4702 preposito
749 4636 968 4703 conducit
1002 4635 1172 4694 magis,
1197 4630 1370 4703 altera,
1390 4633 1496 4703 ejus
1525 4632 1750 4703 versiculi

185 4716 298 4764 pars
321 4691 513 4763 nempe,
551 4691 573 4745 ἑ
596 4707 647 4747 et
669 4707 719 4764 tu
758 4696 985 4764 fornicata
1020 4691 1220 4764 e-s'cum
1253 4691 1547 4764 amatoribus
1566 4691 1748 4764 multis,

186 4753 353 4812 iamet:
377 4753 632 4811 revertere
657 4760 713 4807 ad
750 4771 851 4815 me,
884 4756 999 4806 dicit
1035 4755 1285 4807 Dominus.
1307 4769 1329 4797 ι
1360 4753 1469 4802 ltelc
1489 4754 1613 4815 apud
1636 4753 1751 4801 Hie-

181 4837 437 4885 ronymum
476 4821 771 4869 librariorum
813 4819 991 4865 incuria
1025 4817 1243 4885 deperiit_
1270 4827 1378 4885 qua:
1410 4817 1605 4885 omnino
1633 4827 1748 4885 snp-

219 4876 367 4944 lenda
404 4888 496 4935 est,
533 4891 585 4930 ut
622 4884 810 4929 constet
851 4891 1053 4939 quorum
1076 4876 1199 4944 loco
1233 4876 1514 4944 habeantur,
1536 4888 1671 4944 qua;
1702 4878 1747 4944 in

221 4900 363 4931 lenua
404 4900 496 4935 851.,
533 4900 585 4930 ut
622 4900 810 4929 constet.
851 4900 1053 4939 quorum
1094 4900 1199 4924 mcu
1233 4900 1514 4932 naturalibus,
1589 4900 1662 4923 ua:
1702 4900 1747 4924 ιιι

182 4900 431 4995 flebraica
452 4945 653 4990 veritate
674 4943 895 4990 dicuntur
918 4951 1049 4995 esse,
1075 4938 1123 4984 iu
1140 4936 1320 4986 Graecis
1343 4948 1478 4993 vero,
1500 4900 1749 4985 etiatiuis

179 5005 434 5055 codicibus
453 5002 731 5049 desiderari.
759 5000 895 5059 Quod
916 5013 1025 5047 cum
1049 4998 1347 5059 praestiteris,
1368 4997 1640 5059 gravissima
1664 4998 1746 5044 ad-

181 5068 283 5114 huc
306 5061 559 5112 dil'ticultas
580 5068 653 5111 est
686 5055 992 5121 exillieanda;
1032 5055 1127 5105 non
1170 5058 1299 5121 enim
1334 5055 1460 5121 quod
1496 5056 1605 5103 beic
1638 5070 1748 5104 eou-

178 5127 344 5177 stituit
366 5127 415 5172 in
452 5122 693 5185 Hebraico
728 5116 913 5180 haberi,
945 5116 1046 5185 {et
1083 5124 1133 5185 ῳ
1178 5116 1547 5185 reli.|uisti_n1e,
1581 5122 1748 5185 tamen

179 5175 474 5237 convertere
502 5192 551 5231 et
572 5184 823 5244 suscipiam
848 5175 917 5239 te,
949 5181 1067 5244 dicit
1088 5175 1337 5228 Dominus,
1363 5192 1384 5217 ι
1404 5177 1461 5244 in
1501 5175 1748 5244 hodieruis

182 5245 553 5309 exemplaribus
590 5240 848 5302 invenitur,
887 5243 974 5291 sed
1015 5241 1488 5294 tantulum/113m
1510 5240 1621 5289 l'i’J't
1644 5241 1749 5291 nm

178 5343 301 5392 ιτς-π
328 5344 432 5391 εκ]
458 5314 551 5390 ἡκ
571 5339 719 5397 nam,
757 5351 778 5378 α
804 5339 854 5380 et
877 5339 929 5379 tu
967 5330 1198 5378 fornicata
1231 5340 1287 5376 es
1312 5339 1421 5375 cum
1456 5326 1745 5397 amatoribus

178 5408 363 5464 multis,
390 5414 438 5454 et
461 5413 719 5454 revertere
752 5403 810 5450 ad
848 5414 960 5465 me,
979 5398 1097 5448 dicit
1110 5397 1407 5465 Dominum:
1436 5396 1749 5465 quemadmo-

175 5454 370 5517 δίωτήεὶ
406 5466 513 5514 libri
552 5478 740 5526 omnes,
768 5470 919 5526 atque
935 5454 1051 5526 ipsa
1085 5459 1237 5526 etiam
1268 5454 1467 5516 praefert
1506 5455 1747 5526 Hierony-

176 5535 333 5579 miana
361 5531 519 5577 versio
544 5540 604 5575 ex
633 5518 855 5573 Hebraeo.
884 5518 1133 5570 Excidisse
1166 5525 1327 5579 autem
1354 5530 1429 5579 ex
1461 5518 1746 5579 antiquiori-

176 5576 272 5642 Ba;
309 5576 462 5648 libris,
504 5586 701 5648 tametsi
729 5586 793 5634 ob
833 5584 1100 5648 litterarum
1141 5577 1514 5648 similitudinem
1537 5576 1748 5648 proclive

173 5638 345 5712 fuerit,
372 5638 565 5712 temere
589 5661 645 5696 ac
667 5647 773 5712 sine
796 5653 1000 5712 auctore
1015 5638 1389 5712 quioatiirmabit:
1421 5638 1481 5687 Et
1497 5642 1750 5712 (tamenin

171 5697 391 5765 iiéb'riéo‘
403 5697 675 5771 archetypo
701 5706 911 5756 lacunam
944 5697 1146 5765 aliquam
1172 5716 1233 5752 ex
1259 5704 1349 5749 hoc
1371 5700 1474 5760 ipso
1496 5697 1547 5746 S.
1573 5697 1745 5746 Docto-

1528 299 1852 357 EPISTOLA
1892 301 2101 358 CXXII.

3305 324 3442 381 {0‘2

1874 422 1953 466 est
1976 412 2123 482 juxta
2156 414 2467 473 llebraieam
2515 419 2822 487 Veritatem,
2861 427 3015 495 quod
3048 430 3101 482 in
3148 431 3358 489 Graecis
3389 450 3437 490 et

1875 504 2077 560 Latinis
2105 508 2376 568 codicibus
2405 525 2510 565 non
2550 512 2775 568 habetur
2805 532 2821 569 :
2854 514 2923 570 Et
2964 528 3017 572 tu
3058 521 3302 590 reliquisti
3342 544 3438 587 me,

1875 602 2041 649 tamen
2068 608 2366 665 convertere,
2394 610 2437 653 et
2462 603 2733 670 suscipiam
2753 613 2819 670 te,
2848 606 2968 661 dicit
2990 607 3256 666 Dominus.
3282 615 3441 670 Isaias

1873 700 2087 754 quoque
2108 688 2161 740 in
2191 689 2437 743 eumdem
2466 706 2677 746 sensum
2706 694 2890 748 iisdem
2924 712 3058 765 pene
3080 700 3315 770 loquitur
3331 719 3440 759 ser-

1876 776 2124 831 monibus
2156 794 2170 831 :
2200 778 2553 835 Convertimini
2592 785 2678 854 qui
2708 786 3014 854 profundum
3052 791 3319 846 consilium
3360 812 3431 848 co.

1876 866 2067 935 gitatis,
2110 878 2159 921 ει
2199 869 2444 938 iniquum,
2485 872 2581 939 filii
2623 873 2832 929 Israel:
2863 888 3105 933 revertere
3146 898 3212 933 aa
3252 899 3350 949 me,
3397 898 3442 939 et

1875 958 2119 1011 redimam
2145 967 2209 1013 te.
2235 959 2348 1031 Ego
2374 961 2508 1016 Deus
2528 972 2574 1015 et
2600 981 2700 1018 non
2720 974 2792 1019 est
2811 969 2944 1021 alius
2964 980 3144 1038 praeter
3163 989 3260 1036 me,
3274 975 3442 1043 justus

1874 1060 1919 1102 et
1947 1051 2166 1103 salvator
2191 1067 2292 1105 non
2334 1063 2406 1107 est
2435 1054 2622 1122 absque
2649 1072 2746 1109 me.
2793 1058 3118 1114 Ilevertimini
3155 1063 3223 1115 ad
3251 1080 3347 1130 me,
3395 1078 3440 1119 et

1873 1138 2000 1191 salvi
2040 1140 2199 1205 eritis,
2239 1141 2326 1209 qui
2368 1142 2485 1195 estis
2512 1143 2565 1195 in
2610 1148 2842 1200 extremis
2882 1158 3046 1202 ιειτω.
3086 1149 3439 1206 Recordamini

1874 1228 2072 1292 horum,
2104 1237 2150 1282 et
2173 1230 2479 1297 ingemiscite
2502 1243 2547 1287 et
2584 1235 2717 1304 agite
2755 1238 3092 1304 paenitentiam
3127 1241 3215 1309 qui
3239 1243 3437 1295 erratis.

1875 1316 2229 1372 Convertimini
2267 1322 2436 1387 corde,
2466 1331 2510 1375 et
2547 1335 2840 1379 mementote
2884 1329 3109 1393 priorum
3145 1346 3177 1382 a
3206 1333 3394 1385 steculo
3419 1350 3437 1385 :

1872 1411 2111 1478 quoniam
2155 1429 2247 1481 ego
2291 1430 2403 1467 sum
2444 1413 2605 1481 Deus,
2648 1426 2695 1469 et
2734 1433 2833 1471 non
2876 1428 2948 1472 est
2975 1420 3105 1474 alius
3143 1422 3326 1491 absque
3363 1441 3441 1477 me

1878 1498 2027 1569 (1εαὶ.
2059 1502 2118 1554 2|
2149 1512 2193 1555 et
2216 1503 2307 1557 3i.
2336 1513 2383 1557 et
2408 1505 2520 1571 45).
2541 1504 2929 1562 Scribitetloel
2954 1527 2965 1563 :
2987 1508 3344 1566 Convertimini
3376 1516 3442 1567 ad

1874 1605 1952 1641 me
1996 1606 2057 1643 ea:
2096 1600 2197 1644 toto
2238 1592 2390 1646 corde
2430 1607 2610 1657 vestro,
2654 1596 2705 1648 in
2741 1597 2961 1665 jejunio,
3004 1611 3050 1650 et
3092 1600 3347 1670 lacrymis,
3393 1614 3438 1656 ει

1874 1681 2080 1748 planctu
2103 1696 2122 1734 :
2148 1683 2360 1736 scindite
2375 1686 2529 1737 corda
2550 1696 2730 1749 vestra,
2757 1698 2800 1740 et
2824 1705 2923 1741 non
2944 1690 3233 1744 vestimenta
3254 1702 3435 1746 vestra.

1874 1770 2165 1824 Misericors
2206 1773 2337 1825 enim
2381 1785 2427 1826 et
2465 1775 2728 1827 miserator
2765 1785 2836 1829 est
2874 1776 3157 1843 Dominus,
3202 1790 3249 1832 et
3286 1796 3437 1849 agens

1873 1861 2212 1929 ptenitentiam
2255 1879 2407 1929 super
2441 1865 2647 1918 malitiis
2684 1864 2841 1936 (Joel.
2886 1866 2964 1937 2).
3011 1868 3235 1936 Quanta:
3259 1880 3436 1925 autem

1871 1949 1939 2001 sit
1969 1951 2366 2015 misericordia),
2396 1961 2451 2006 et
2479 1969 2637 2021 quam
2667 1953 2746 2024 (ut
2775 1957 2844 2009 ita
2874 1956 3079 2027 loquar)
3108 1959 3285 2013 nimia:
3311 1961 3441 2016 inef-

1871 2040 2150 2111 fabilisque
2172 2043 2492 2106 clementiae,
2523 2045 2660 2099 Osee
2687 2047 2948 2114 Propheta
2978 2063 3076 2103 nos
3096 2049 3305 2113 doceat,
3345 2067 3441 2120 per

1870 2149 2029 2202 quem
2075 2134 2305 2202 loquitur
2356 2137 2494 2191 Deus
2543 2154 2556 2190 :
2603 2136 2739 2198 Ouid
2790 2139 2877 2191 tibi
2920 2142 3106 2209 faciam
3151 2140 3439 2212 Epltmim.’

1870 2224 2120 2290 quomodo
2148 2234 2194 2276 te
2215 2235 2472 2295 protegam
2495 2224 2659 2280 Israel
2679 2227 2704 2279 ?
2728 2228 2849 2295 quid
2868 2229 2956 2282 tibi
2979 2230 3184 2299 inquam
3213 2232 3394 2299 faciant
3416 2235 3441 2287 Ρ

1872 2315 2018 2369 Sicut
2046 2317 2240 2368 Adama
2261 2334 2444 2385 ponam
2467 2328 2534 2379 te,
2566 2328 2612 2370 et
2635 2320 2763 2371 sicut
2783 2319 3007 2376 Seboim.
3041 2321 3345 2378 Conversum
3367 2337 3440 2379 est

1869 2421 1957 2458 cor
1981 2422 2143 2459 meum
2176 2407 2228 2460 in
2261 2424 2360 2472 me,
2400 2418 2445 2460 et
2467 2409 2758 2462 conturbata
2782 2421 2855 2463 est
2883 2414 3139 2481 paenitudo
3169 2431 3299 2471 mea.
3328 2415 3439 2470 Ne-

1869 2511 2117 2564 quaquam
2144 2497 2327 2565 faciam
2360 2497 2631 2551 secundum
2664 2500 2794 2552 iram
2829 2503 3015 2569 furoris
3059 2504 3155 2556 mei
3181 2502 3332 2574 (Osee
3357 2506 3434 2577 6).

1871 2588 2023 2644 Unde
2052 2599 2104 2641 et
2130 2589 2293 2643 David
2320 2590 2553 2659 loquitur
2582 2591 2633 2644 in
2659 2591 2867 2646 Psalmo
2901 2611 2914 2646 :
2953 2593 3072 2647 Non
3102 2605 3171 2649 est
3194 2597 3248 2650 in
3282 2607 3440 2652 morte

1868 2684 1952 2750 qni
1982 2697 2171 2734 memor
2208 2682 2272 2734 sit
2310 2683 2385 2739 tui
2416 2698 2434 2735 :
2463 2682 2514 2735 in
2550 2684 2748 2751 inferno
2781 2693 2947 2737 autem
2974 2687 3084 2749 quis
3121 2688 3438 2755 conﬁtebitur

1869 2772 1957 2825 tibi
1982 2770 2149 2842 (Psal.
2175 2770 2270 2840 6)?
2300 2772 2366 2826 Et
2392 2772 2443 2825 in
2465 2772 2570 2826 alio
2596 2773 2714 2826 loco
2737 2791 2748 2825 :
2778 2772 3045 2827 Peccatum
3071 2791 3235 2829 meum
3261 2786 3435 2830 notum

1868 2860 1985 2929 feci,
2008 2871 2053 2913 et
2084 2861 2392 2930 iniquitatem
2417 2876 2580 2913 meam
2648 2861 2811 2933 895
2884 2878 2982 2915 non
3008 2862 3266 2918 abscondi.
3290 2863 3432 2929 Dixi,

1870 2949 2202 3019 pronuntiabo
2229 2959 2406 3003 contra
2439 2966 2519 3004 me
2558 2950 2868 3017 iniquitatem
2908 2967 3068 3005 meam
3108 2951 3346 3018 Domino,
3388 2964 3435 3007 et

1869 3051 1922 3093 tu
1966 3039 2201 3093 dimisisti
2242 3040 2549 3109 impietatem
2586 3038 2753 3091 cordis
2792 3037 2885 3110 [aL
2933 3039 3143 3112 peccati]
3171 3041 3287 3094 mei.
3329 3041 3435 3098 Pro

1868 3132 1963 3184 hac
1991 3130 2154 3183 orabit
2179 3129 2246 3182 ad
2273 3140 2320 3182 te
2344 3129 2507 3182 omnis
2548 3126 2769 3182 Sanctus
2794 3130 2846 3182 in
2877 3138 3094 3198 tempore
3124 3140 3429 3199 opportuno.

1880 3220 2231 3275 Verumtamen
2254 3222 2306 3274 in
2336 3221 2526 3274 diluvio
2550 3237 2797 3291 aquarum
2819 3222 3089 3275 multarum
3116 3222 3184 3275 ad
3204 3239 3312 3276 eum
3336 3240 3437 3276 non

1866 3311 2289 3381 approximabunt
2311 3311 2479 3381 (Psal.
2508 3312 2623 3382 5i).

1939 3402 1993 3456 5.
2034 3401 2167 3455 Vide
2208 3410 2404 3470 quanta
2447 3402 2754 3471 magnitudo
2782 3404 2852 3459 sit
2891 3402 3128 3467 ﬂetuum,
3170 3414 3223 3457 ut
3268 3420 3432 3474 aqua-

1867 3510 1984 3547 rum
2019 3493 2219 3547 diluvio
2244 3502 2606 3562 comparetur.
2650 3493 2798 3561 Quos
2826 3494 2916 3563 qui
2960 3494 3225 3560 habuerit,
3254 3505 3310 3550 et
3348 3495 3433 3548 dio

1868 3584 2006 3639 xerit
2049 3600 2168 3638 cum
2213 3583 2446 3638 Ieremia
2494 3600 2507 3636 :
2563 3582 2685 3637 Non
2731 3584 2873 3637 sileat
2922 3585 3119 3654 pupilla
3159 3585 3291 3638 oculi
3338 3587 3434 3637 mei

1864 3675 2076 3747 (Tltren.
2115 3674 2191 3746 2),
2238 3676 2415 3729 statim
2448 3675 2498 3728 in
2530 3674 2620 3728 illo
2663 3674 3037 3742 complebitur,
3082 3673 3431 3729 Misericordia

1864 3776 1910 3819 et
1937 3765 2115 3819 veritas
2144 3764 2463 3817 obvinverunt
2484 3763 2577 3817 sibi
2598 3780 2614 3826 ,'
2633 3764 2835 3831 justitia
2858 3772 2904 3815 et
2932 3778 3034 3829 pax
3052 3763 3291 3816 osculata:
3313 3773 3431 3815 sunt

1866 3854 2035 3926 [PsaL
2058 3853 2149 3925 48]
2176 3871 2190 3907 :
2221 3852 2295 3924 (a)
2323 3862 2379 3906 ut
2406 3854 2451 3907 si
2482 3863 2534 3906 te
2558 3852 2759 3920 justitia
2788 3859 2843 3905 et
2884 3851 3081 3904 veritas
3122 3851 3429 3914 terruerint,

1867 3944 2230 3999 misericordia
2273 3951 2328 3997 et
2368 3956 2469 4011 pax
2514 3951 2804 4009 provocent
2843 3939 2910 3993 ad
2949 3938 3195 3992 salutem.
3241 3938 3426 3993 Totam

1865 4037 2228 4108 penitentiam
2272 4032 2571 4106 peccatoris
2608 4030 2842 4086 ostendit
2877 4030 3118 4085 Psalmus
3162 4030 3425 4100 quinqua-

1863 4129 2116 4197 gesimus,
2146 4126 2360 4196 quando
2388 4126 2661 4195 ingressus
2698 4132 2779 4177 est
2822 4121 2986 4178 David
3020 4122 3086 4176 ad
3130 4120 3427 4179 Bethsabee

1864 4234 2083 4274 uxorem
2126 4218 2268 4274 Uria:
2308 4216 2501 4283 Ethtei,
2545 4226 2601 4271 et
2624 4231 2655 4269 a
2680 4215 2885 4270 Nathan
2924 4214 3274 4285 prophetante
3311 4229 3430 4271 eor-

1862 4318 2067 4379 reptus,
2114 4308 2388 4377 respondit
2420 4326 2433 4362 :
2467 4306 2700 4361 Peccavi.
2750 4305 3045 4377 Statimque
3092 4305 3286 4360 meruit
3327 4320 3426 4360 au-

1861 4403 1977 4456 dire
2010 4419 2023 4455 :
2058 4401 2121 4454 Et
2152 4400 2399 4453 Dominus
2445 4399 2532 4451 abs
2563 4408 2611 4453 te
2646 4398 2849 4453 abstulit
2884 4408 3142 4469 peccatum
3173 4398 3252 4469 (2.
3293 4398 3420 4469 Reg.

1864 4490 1971 4561 li).
2005 4490 2280 4546 Adulterio
2310 4490 2451 4545 enim
2477 4489 2728 4558 junxerat
2753 4487 3125 4553 homicidium,
3162 4496 3217 4543 et
3246 4496 3421 4543 tamen

1860 4597 2148 4637 conversus
2183 4582 2249 4635 ad
2304 4582 2567 4650 lacrymas
2616 4597 2631 4634 :
2681 4579 2939 4643 Miserere,
2985 4580 3078 4642 ait,
3123 4578 3220 4631 mei
3261 4576 3421 4643 Deus,

1858 4673 2128 4727 secundum
2160 4687 2397 4743 magnam
2433 4670 2831 4724 misericordiam
2870 4677 3007 4720 tuam
3030 4676 3113 4720 :et
3149 4666 3422 4719 secundum

1859 4765 2231 4818 multitudinem
2277 4763 2649 4817 miserationum
2691 4770 2912 4824 tuarum,
2960 4758 3070 4811 dele
3113 4758 3425 4825 iniquitatem

1858 4872 2019 4910 meam
2064 4855 2234 4926 (Psal.
2281 4852 2393 4920 50).
2434 4851 2659 4907 alicam:
2703 4849 2843 4903 enim
2884 4855 3179 4916 peccatum,
3223 4862 3419 4923 magna

1854 5030 1925 5079 ris
1948 5028 2227 5077 testimonio
2248 5025 2719 5089 suspicari__necesse
2754 5026 2865 5089 est;
2903 5023 3005 5089 tum
3042 5018 3187 5089 etiam
3222 5029 3283 5066 ex

1858 5077 2105 5139 codicibus
2125 5077 2345 5148 ejusdem
2376 5097 2438 5132 ex
2462 5084 2683 5148 Hebrreo
2708 5077 3035 5148 versionis,_in
3064 5079 3245 5148 quibus
3264 5077 3341 5148 vel
3377 5079 3423 5126 in

1859 5138 2111 5202 contextu,
2137 5138 2217 5195 {ei
2240 5146 2295 5193 ad
2321 5146 2586 5205 marginem
2612 5144 2719 5205 ejus
2757 5140 2998 5205 versiculi
3019 5138 3224 5195 additur,
3262 5144 3309 5188 et
3340 5150 3426 5199 ego

1856 5200 2115 5271 suscipiam
2128 5214 2199 5271 te,
2221 5205 2348 5271 quod
2382 5200 2577 5271 qiiidem
2598 5200 2838 5271 glossema
2864 5200 3169 5271 Martianmus
3191 5205 3344 5271 putat,
3374 5208 3423 5247 et

1856 5259 1913 5319 ad
1939 5259 2046 5318 libri
2071 5259 2253 5317 calcem
2276 5259 2465 5326 rejecit,
2482 5259 2656 5326 revei'a
2672 5270 2833 5312 tamen
2854 5276 2916 5326 ex
2940 5259 3220 5326 llierouym'i
3244 5259 3425 5326 calamo

1856 5331 2122 5399 profectum
2144 5335 2254 5399 est;
2279 5319 2384 5397 nam
2411 5319 2533 5399 etin
2557 5322 2988 5399 Comtneptariisin
3005 5319 3419 5399 eumd‘etnnlgctl‘m',

1863 5380 1959 5439 lin
1988 5390 2211 5443 Hebrmo,
2238 5380 2408 5448 inquit,
2436 5386 2582 5435 etiam
2604 5391 2713 5446 post
2747 5383 3111 5448 fornicationem
3141 5380 3421 5448 SU_SC_li_’l_'_l‘

1855 5450 2012 5502 ΡΟΕΝ
2022 5440 2318 5504 [ΤΕΝἸἙΜζ
2331 5456 2383 5497 et
2397 5440 2626 5514 bortatur',
2644 5454 2699 5514 ut
2715 5442 3083 5514 reverta_tur.a_d_
3094 5454 3151 5491 se
3168 5456 3182 5501 ;
3207 5442 3254 5491 in
3280 5440 3418 5514 ιτξίΧ.

1858 5525 1977 5560 vero
2000 5523 2094 5573 non
2108 5502 2344 5573 provocat
2365 5506 2801 5573 adpmnitentiam,
2826 5519 2848 5549 ι
2874 5512 2967 5554 etc.
2992 5502 3249 5573 Vide-qua?
3275 5502 3343 5573 ibi
3370 5511 3419 5553 et

1855 5574 1905 5621 iu
1932 5564 2226 5620 Bibliotheca
2247 5570 2407 5619 divina
2432 5564 2572 5617 latius
2594 5568 2642 5616 in
2666 5567 2795 5615 hunc
2827 5578 3024 5614 sensum
3052 5564 3402 5613 edisSeruimus

1922 5631 1985 5697 (a)
2026 5630 2297 5697 Qlimerat,
2327 5647 2352 5677 ι
2375 5639 2427 5680 ut
2447 5631 2513 5678 sit
2530 5628 2735 5693 justitia,
2761 5633 2815 5676 et
2837 5627 3036 5697 veritas,
3060 5638 3167 5697 quze
3191 5638 3414 5675 servave-

1856 5686 1983 5757 riu't,"
1997 5686 2325 5745 misericordia
2347 5697 2398 5743 et
2419 5686 2663 5755 paquute
2688 5696 2947 5757 provocent
2970 5688 3027 5737 ad
3050 5686 3274 5736 salutem.
