4026 6186
646 283 786 341 lli-53

643 398 914 468 indigebat
935 396 1316 453 misericordia.
1342 395 1496 451 Unde
1515 395 1690 465 jungit
1712 403 1766 450 et
1788 394 1918 449 dicit
1943 411 1957 448 :
1986 392 2212 448 Multum

641 495 756 549 lava
777 511 854 547 me
877 494 939 545 ab
963 491 1224 560 iniquitate
1246 506 1376 555 mea,
1405 497 1452 543 et
1477 506 1509 543 α
1536 499 1740 559 peccato
1761 505 1870 542 meo
1898 489 2088 542 munda
2113 503 2209 542 me.

645 585 893 651 Quoniam
926 583 1236 652 iniquitatem
1289 598 1453 635 meam
1489 597 1581 651 ego
1623 597 1860 650 agnosco,
1887 590 1934 636 et
1974 580 2212 635 delictum

637 693 800 730 meum
842 685 1017 728 contra
1058 690 1137 727 me
1180 684 1251 727 est
1295 690 1509 744 semper.
1555 672 1666 727 Tibi
1709 674 1806 728 soli
1847 673 2048 743 peccavi
2091 669 2210 743 (rex

634 768 775 820 enim
807 780 973 827 eram,
1006 764 1167 818 alium
1199 779 1303 818 non
1339 765 1586 819 timebam
1617 762 1710 835 [a|.
1742 772 1848 817 erat
1881 773 1936 818 et
1961 759 2208 832 timebat])

633 872 678 915 et
714 858 904 912 ntalum
945 874 1118 912 coram
1149 867 1196 912 te
1223 859 1341 928 feci,
1372 866 1426 911 ut
1461 857 1760 926 justiﬁceris
1804 856 1858 908 in
1895 853 2210 908 sermonibus

631 951 750 1012 tuis,
782 960 827 1002 et
858 934 1049 1013 vincas,
1093 965 1207 1002 cum
1240 949 1513 1017 judicaris.
1565 947 1838 1001 Conclusit
1883 947 2026 1000 enim
2071 944 2208 998 Deus

629 1040 808 1094 omnia
836 1040 936 1094 sub
963 1049 1202 1110 peccato,
1227 1048 1283 1092 ut
1307 1039 1555 1092 omnibus
1581 1038 1894 1092 misereatur
1915 1035 2090 1105 (Rom.
2118 1036 2204 1091 11.

629 1130 743 1200 52).
776 1129 1110 1199 Tantumque
1145 1128 1388 1198 profecit,
1416 1138 1474 1181 ut
1504 1127 1702 1182 dudum
1741 1137 1989 1196 peccator
2013 1135 2066 1179 et
2095 1139 2208 1194 pae-

631 1219 810 1273 nitens
838 1217 1106 1272 transierit
1134 1217 1187 1271 in
1214 1218 1545 1287 magisurum,
1574 1225 1628 1270 et
1653 1216 1794 1270 dicat
1825 1233 1840 1270 :
1871 1214 2074 1269 Docebo
2103 1215 2206 1268 ini-

629 1298 753 1378 quos
780 1310 885 1362 vias
910 1319 1040 1373 tuas,
1072 1318 1119 1363 et
1146 1309 1291 1380 impii
1330 1309 1398 1361 ad
1425 1318 1472 1362 te
1495 1317 1843 1362 convertentur
1877 1306 2047 1379 (Psal.
2088 1307 2205 1378 50).

627 1400 908 1455 Confessio
933 1401 1074 1455 enim
1103 1409 1155 1454 et
1180 1399 1518 1470 pulchritudo
1541 1414 1722 1454 coram
1764 1413 1853 1463 eo,
1893 1408 1950 1453 ut
1976 1399 2066 1468 qui
2111 1413 2204 1452 sua

628 1493 903 1546 confessus
948 1492 1105 1547 fuerit
1142 1503 1381 1561 peccata,
1428 1499 1481 1544 et
1529 1489 1767 1544 dixerit:
1802 1488 2116 1542 Putruerunt
2160 1497 2207 1542 et

627 1592 879 1652 corrupr
918 1593 1034 1638 sunt
1071 1585 1323 1638 cicatrices
1353 1599 1475 1637 metu
1509 1599 1539 1634 a
1577 1582 1708 1651 facie
1749 1580 2048 1650 insipientia:
2083 1595 2207 1632 mea:

628 1669 803 1746 (Psal.
836 1678 927 1731 57.
957 1676 1028 1748 6),
1064 1675 1357 1730 foeditatem
1383 1675 1661 1728 vulnerum
1694 1673 1746 1726 in
1775 1671 2018 1725 sanitatis
2047 1670 2207 1725 deco-

629 1783 742 1822 rem
769 1775 1076 1820 commutet.
1122 1766 1222 1830 Qui
1255 1768 1387 1818 enim
1413 1764 1671 1817 abscondit
1695 1763 2008 1831 iniquitatem
2035 1777 2202 1826 suam,

628 1874 731 1910 non
753 1856 1130 1925 prosperabitur
1153 1854 1332 1926 (Prov.
1352 1852 1459 1923 28).
1487 1853 1688 1918 Achab,
1716 1868 1807 1907 rex
1838 1851 2201 1921 impiissimus,

629 1949 839 2004 vineam
879 1947 1137 2000 Nabuthae
1177 1961 1367 2000 cruore
1409 1945 1637 2014 possedit
1679 1943 1753 2015 (ὃ.
1793 1942 1921 2013 Reg.
1961 1941 2071 2012 2|)
2105 1959 2118 1994 :
2151 1951 2206 1996 et

627 2053 757 2092 cum.
777 2037 991 2092 Jezabel
1016 2051 1122 2090 non
1145 2044 1249 2090 tam
1276 2035 1524 2104 conjugio
1553 2035 1674 2098 sibi,
1699 2048 1861 2102 quam
1889 2032 2203 2086 crudelitate

627 2127 934 2196 conjuncta,
975 2126 1108 2180 Elia:
1150 2126 1513 2194 increpatione
1556 2124 1884 2192 corripitur:
1913 2121 2040 2176 Hau:
2081 2122 2202 2174 dicit

628 2216 880 2270 Dominus
903 2232 923 2269 :
951 2215 1216 2281 Occidisti,
1247 2225 1292 2268 et
1320 2213 1603 2285 possedisti.
1637 2213 1704 2266 Et
1746 2213 1912 2284 896
1965 2212 2157 2266 iterum
2184 2228 2198 2265 :

628 2305 692 2360 In
735 2307 845 2360 loco
887 2307 939 2359 in
968 2323 1067 2378 quo
1095 2307 1349 2360 linxerunt
1388 2321 1536 2358 canes
1577 2304 1874 2373 sanguinem
1921 2301 2198 2368 Nabuthae,

624 2398 693 2451 ibi
724 2399 915 2467 lingent
943 2399 1240 2468 sanguinem
1265 2407 1410 2450 tuum
1438 2412 1457 2450 :
1475 2404 1520 2449 et
1539 2395 1747 2450 Iezabel
1767 2411 1918 2449 canes
1942 2397 2202 2450 comedent

622 2499 739 2540 ante
767 2504 936 2540 muros
959 2486 1182 2540 Jezrael.
1215 2487 1366 2552 Quod
1395 2502 1518 2541 cum
1549 2487 1785 2543 audisset
1811 2485 2016 2550 Achab,
2044 2487 2202 2541 scidit

622 2576 938 2630 vestimenta
991 2591 1121 2640 sua,
1170 2586 1223 2630 et
1275 2577 1451 2645 posuit
1504 2589 1718 2630 saccum
1772 2591 1933 2645 super
1981 2591 2195 2631 carnem

621 2680 771 2720 suam
797 2708 812 2732 ,
850 2665 1214 2736 jejunavitqne
1251 2675 1305 2722 et
1341 2666 1595 2721 dormivit
1633 2667 1689 2720 in
1738 2668 1933 2722 cilicio.
1977 2668 2198 2723 Factus-

619 2772 722 2826 qne
745 2767 827 2813 est
852 2773 1031 2813 sermo
1053 2759 1257 2812 Domini
1280 2758 1346 2812 ad
1370 2759 1559 2824 Eliam,
1588 2758 1771 2814 dicens
1796 2777 1810 2814 :
1838 2758 1914 2830 (a)
1944 2759 2196 2826 Quoniam

617 2852 858 2904 reveritus
881 2861 956 2904 est
988 2851 1158 2905 Achab
1184 2851 1362 2922 faciem
1396 2867 1579 2914 meam,
1610 2868 1710 2905 non
1739 2851 1976 2906 inducam
2004 2854 2194 2908 malum

615 2943 669 2996 in
695 2942 865 2998 diebus
890 2945 1020 3013 ejus.
1053 2943 1222 2998 Unum
1255 2945 1427 2998 scelus
1457 2942 1642 2997 Achab
1668 2953 1721 2997 et
1745 2943 1980 3012 Jezabel,
2014 2954 2190 3000 tamen

615 3046 874 3088 converso
897 3033 962 3087 ad
995 3035 1362 3102 paenitentiam
1400 3032 1608 3100 Achab,
1653 3048 1810 3103 poena
1851 3033 2095 3089 differtur
2137 3037 2190 3089 in

615 3135 889 3192 posteros;
917 3134 972 3180 et
998 3123 1212 3181 chabel
1237 3127 1286 3179 in
1309 3125 1512 3180 scelere
1538 3141 1906 3195 perseverans,
1939 3127 2189 3196 pra-senti

608 3216 811 3285 judicio
837 3217 1242 3272 condemnatur.
1270 3217 1526 3287 Loquitur
1551 3225 1606 3272 et
1631 3217 1885 3273 Dominus
1920 3217 1974 3272 in
2016 3220 2189 3274 Evan-

612 3308 752 3377 gelio
786 3327 799 3361 :
840 3307 950 3362 Viri
989 3307 1229 3364 Ninivitw
1255 3318 1455 3378 surgent
1484 3308 1534 3362 in
1552 3309 1806 3378 judicium
1831 3326 1947 3362 cum
1981 3326 2192 3380 genera-

613 3402 747 3451 tione
775 3399 890 3461 hac,
921 3407 967 3452 et
1005 3399 1414 3452 condemnabttnt
1456 3414 1585 3458 eam.
1627 3400 1744 3467 quia
1781 3409 1988 3468 egerunt
2030 3402 2188 3467 paeni-

613 3489 816 3539 tentiam
839 3487 891 3538 in
918 3486 1276 3555 praedicatione
1297 3485 1447 3538 Iona:
1473 3485 1684 3556 (Matth.
1718 3485 1806 3557 l2)
1833 3505 1845 3539 :
1871 3487 1936 3540 Et
1959 3489 2182 3542 iterum:

612 3574 734 3630 Non
765 3576 893 3628 enim
923 3577 1032 3628 veni
1056 3591 1234 3628 vocare
1262 3577 1451 3645 justas,
1495 3576 1584 3628 sed
1625 3587 1908 3640 peccatores
1935 3577 2002 3629 ad
2029 3579 2187 3646 pani-

613 3668 815 3719 tentiam
840 3664 998 3738 (Ibid.
1033 3665 1085 3720 9.
1119 3666 1230 3735 15).
1262 3663 1520 3718 Drachma
1549 3665 1703 3733 perit,
1736 3673 1790 3718 et
1829 3674 2000 3719 tamen
2041 3667 2189 3720 inve-

612 3758 755 3812 nitur
782 3757 833 3811 in
865 3765 1100 3811 stercore
1153 3755 1305 3825 (Luc.
1359 3755 1437 3826 5).
1483 3753 1777 3824 Nonaginta
1827 3770 2016 3809 novem
2059 3771 2186 3810 oves

611 3849 985 3919 relinquuntur
1025 3847 1078 3902 in
1109 3845 1415 3914 solitudine,
1445 3854 1502 3901 et
1535 3860 1635 3899 una
1665 3844 1781 3900 ovis
1818 3860 1936 3915 qua:
1966 3845 2184 3901 aberra-

611 3948 778 4004 verat,
821 3938 1052 4009 pastoris
1080 3937 1317 3993 humeris
1345 3945 1654 4006 reportatur
1679 3935 1842 4008 (Ibid.
1883 3937 1997 4006 15).
2030 3937 2182 3993 Unde

609 4040 665 4086 et
692 4031 872 4085 laetitia
901 4031 1220 4100 Angelorum
1248 4037 1331 4084 est
1367 4043 1529 4098 super
1555 4042 1660 4082 uno
1692 4037 1970 4097 peccatore
1995 4038 2185 4100 agente

611 4121 997 4191 pcenitentiam.
1047 4119 1254 4186 Quanta
1296 4119 1523 4173 felicitas
1566 4127 1624 4173 ut
1669 4117 1736 4172 de
1783 4119 1954 4174 salute
1999 4126 2182 4174 nostra

606 4213 848 4269 exultent
889 4211 1165 4266 cmlestia?
1209 4211 1281 4266 De
1329 4210 1520 4280 quibus
1559 4208 1754 4264 dicitur
1785 4227 1798 4263 :
1829 4209 2184 4264 Paznitentiam

605 4306 758 4375 agite,
801 4302 1222 4371 appropinquavit
1261 4302 1392 4355 enim
1433 4317 1643 4372 regnum
1673 4301 1928 4355 cartorum.
1970 4300 2181 4355 Nullum

607 4396 659 4448 in
694 4392 870 4448 medio
911 4391 1162 4460 spatium.
1190 4391 1329 4444 Mors
1357 4400 1412 4445 et
1444 4391 1553 4445 vita
1595 4389 1697 4445 sibi
1735 4391 2006 4445 contraria
2035 4399 2178 4455 sunt,

603 4495 659 4541 et
701 4481 879 4539 tamen
925 4481 1234 4552 poenitentia
1281 4480 1618 4550 copulantur.
1671 4479 2002 4535 Luxuriosus
2043 4481 2182 4535 filius

605 4584 769 4629 totam
814 4573 1133 4643 prodegerat
1175 4569 1526 4625 substantiam
1563 4587 1586 4622 ε’
1608 4577 1665 4624 et
1711 4570 1895 4638 procul
1946 4585 1978 4624 a
2033 4580 2180 4639 patre

606 4665 694 4718 vix
724 4677 1008 4732 porcorum
1053 4660 1188 4716 cibis
1219 4659 1451 4714 inediam
1485 4658 1835 4713 sustentabat.
1879 4659 2182 4714 Revertitur

602 4755 668 4809 ad
695 4763 988 4824 parentem,
1013 4751 1319 4807 immolatur
1349 4750 1398 4806 ei
1427 4750 1624 4805 vitulus
1651 4749 1921 4818 saginatus
1945 4769 1958 4803 :
1983 4751 2176 4808 stolam

602 4844 795 4913 accipit
823 4852 877 4898 et
904 4841 1159 4897 annulum
1193 4840 1342 4914 (Luc.
1375 4837 1487 4911 15),
1519 4849 1575 4894 ut
1601 4839 1800 4894 Christi
1832 4839 2058 4907 recipiat
2088 4857 2178 4896 ve-

603 4937 934 5001 stimentum,
966 4932 1108 5002 quod
1128 4931 1328 4988 dudum
1366 4931 1646 5002 polluerat,
1679 4939 1732 4984 et
1759 4929 1946 4984 audire
1974 4944 2178 4985 merea-

519 5095 521 5098 q
607 5038 689 5082 tur
717 5046 732 5085 :
758 5025 986 5081 Candida
1025 5027 1126 5079 sint
1168 5040 1364 5093 semper
1403 5023 1692 5076 vestimenta
1739 5031 1824 5075 tua
1867 5020 2035 5090 (Eccl.
2077 5017 2175 5092 9);

610 5127 923 5187 receptoque
954 5116 1226 5185 signaculo
1254 5114 1368 5179 Dei,
1411 5112 1704 5182 proclamet
1741 5112 1808 5166 ad
1847 5112 2125 5165 Dominum
2161 5128 2173 5163 :

562 5193 570 5245 ἶ
606 5203 780 5276 Pater,
809 5209 1006 5278 peccavi
1033 5207 1085 5259 in
1113 5207 1312 5271 caelum,
1344 5214 1391 5259 et
1421 5220 1589 5258 coram
1617 5214 1699 5268 te;
1726 5211 1780 5256 et
1803 5202 2176 5258 reconciliatus

603 5301 803 5365 osculo,
828 5299 970 5353 dicat
1006 5297 1070 5351 ad
1101 5312 1222 5353 eum
1257 5315 1269 5352 :
1303 5295 1572 5367 Signatum
1597 5304 1669 5350 est
1694 5310 1843 5364 super
1879 5310 1970 5348 nos
2009 5295 2176 5348 lumen

685 5451 736 5505 a)
772 5448 932 5499 Aliter
979 5450 1277 5499 vetustiores
1315 5448 1436 5500 editi
1475 5468 1499 5494 ι
1535 5450 1770 5508 Quoniam
1821 5463 2054 5499 reversus
2098 5455 2176 5498 est

602 5510 768 5558 Achab
788 5512 846 5558 ad
871 5510 1194 5559 humilitatem
1218 5511 1316 5558 mei
1338 5523 1498 5566 causa,
1524 5524 1619 5558 non
1663 5511 1879 5560 inducam
1912 5511 2087 5558 malum
2126 5512 2174 5558 in

603 5570 784 5632 diebus
804 5572 928 5632 ejus,
953 5571 1039 5632 sed
1064 5570 1175 5632 filiis
1195 5571 1313 5620 suis.
1341 5571 1462 5628 Quia
1487 5571 1604 5620 licet
1629 5579 1878 5632 peccasset
1900 5585 2047 5620 unum
2069 5584 2175 5620 sce-

607 5625 682 5690 lus
703 5625 874 5690 Achab
891 5625 1178 5690 etJeuhel,
1205 5625 1382 5690 tamen,
1408 5648 1430 5677 ι
1464 5639 1558 5682 etc.
1598 5625 1694 5681 Nos
1723 5641 1846 5682 Deus
1870 5633 2083 5682 voculam
2109 5646 2168 5682 ex

609 5686 717 5734 Mss.
743 5688 1083 5748 supplevimus.

1940 279 2178 340 SANCTI
2208 280 2582 340 lilERONYMl

2322 396 2488 450 vultus
2517 396 2590 450 tui
2615 395 2829 452 Domine
2855 396 3026 470 (Psal.
3051 397 3130 471 4).
3154 398 3364 455 Iustitia
3386 400 3518 470 justi
3557 420 3676 464 non
3705 409 3912 468 libera-

2321 489 2400 545 bit
2426 505 2547 545 eum
2589 491 2642 544 in
2683 506 3016 565 quacumque
3041 493 3128 551 die
3172 499 3514 565 peccaverit:
3544 509 3605 557 et
3644 503 3908 575 iniquitas

2321 583 2484 652 iniqui
2517 598 2622 636 non
2651 585 2865 639 nocebit
2892 586 2964 650 ei,
2996 602 3327 660 quacumque
3355 591 3444 647 die
3467 607 3778 651 conversus
3802 600 3910 652 fue-

2322 673 2390 727 rit
2419 671 2629 744 [Ezeclu
2671 675 2762 729 33.
2795 674 2873 746 2].
2902 675 2975 748 (b)
3021 675 3460 752 Unumquemque
3503 683 3723 753 iudicat
3773 688 3911 745 Deus

2319 762 2456 816 sicut
2490 763 2769 818 invenerit.
2800 764 2909 820 Nec
2957 771 3223 834 praeterita
3262 773 3592 842 considerat,
3627 776 3730 832 sed
3772 794 3909 848 pra:-

2318 855 2488 908 sentia
2518 873 2530 909 :
2561 855 2607 910 si
2635 866 2807 910 tamen
2830 867 3010 913 vetera
3035 861 3283 927 crimina,
3308 865 3517 930 novella
3546 873 3905 928 conversione

2317 953 2588 1024 mutentur
2611 944 2701 1016 (c).
2733 947 2928 1018 Septies
2969 950 3106 1002 cadit
3137 953 3330 1022 justus,
3377 965 3423 1007 et
3469 960 3692 1028 resurgit
3725 958 3902 1028 (Prov.

2315 1037 2428 1110 ⁴24).
2455 1039 2507 1094 Si
2531 1039 2692 1105 cadit,
2715 1042 2983 1110 quomodo
2994 1043 3189 1113 justus,
3212 1045 3257 1101 si
3328 1048 3492 1120 897
3563 1050 3752 1120 justus
3776 1071 3902 1124 quo-

2318 1129 2476 1183 modo
2501 1129 2794 1186 cadit?Sed
2805 1131 2933 1201 justi
2961 1134 3274 1189 vocabulum
3303 1153 3407 1191 non
3437 1140 3662 1207 amittit,
3687 1144 3782 1212 qui
3813 1162 3901 1213 per

2317 1222 2680 1291 pmnitentiam
2710 1238 2922 1294 semper
2950 1227 3200 1294 resurgit.
3242 1228 3306 1282 Et
3335 1244 3441 1282 non
3470 1231 3651 1286 solum
3677 1237 3894 1304 septies,

2315 1310 2408 1365 sed
2445 1312 2744 1383 septuagies
2773 1315 2974 1384 septies
2999 1314 3347 1386 delinquenti,
3389 1318 3433 1372 si
3460 1332 3813 1379 convertatur
3835 1328 3895 1379 ad

2315 1403 2702 1472 paenitentiam,
2729 1415 2944 1474 peccata
2971 1405 3238 1461 donantur
3265 1406 3478 1480 (Matth.
3511 1410 3627 1482 18).
3652 1412 3752 1467 Cui
3787 1415 3895 1483 plus

2314 1494 2615 1561 dimittitur,
2646 1497 2765 1564 plus
2795 1496 2982 1567 diligit.
3015 1498 3264 1553 Meretrix
3296 1500 3548 1572 lacrymis
3579 1504 3749 1572 pedes
3781 1507 3893 1561 Sal-

2313 1588 2512 1642 vatoris
2553 1588 2713 1653 lavat,
2745 1598 2799 1642 et
2837 1590 2984 1644 crine
3012 1589 3240 1662 detergit
3273 1611 3287 1646 :
3317 1603 3371 1647 et
3411 1595 3462 1647 in
3491 1604 3680 1664 typum
3717 1597 3894 1652 Eccle-

2313 1679 2406 1732 sia:
2435 1679 2502 1733 de
2529 1681 2775 1748 gentibus
2813 1691 3149 1750 congregatas
3189 1692 3423 1737 meretur
3449 1685 3636 1740 audire
3669 1706 3684 1739 :
3716 1686 3900 1740 Dimit-

2314 1778 2488 1823 tuntur
2533 1770 2622 1822 tibi
2663 1780 2867 1839 peccata
2901 1781 2988 1824 tua
3035 1770 3210 1841 (Luc.
3257 1771 3332 1843 7).
3386 1774 3645 1830 Pharisaai
3691 1777 3897 1846 justiti:

2315 1860 2449 1928 perit
2487 1861 2734 1928 superbia
2770 1878 2782 1913 :
2813 1869 2866 1914 et
2911 1861 3176 1929 publicani
3219 1862 3488 1918 humilitas
3554 1866 3899 1923 confessione

2311 1952 2543 2003 salvatur
2568 1949 2714 2021 (Luc.
2753 1950 2869 2020 28).
2901 1951 3001 2006 Per
3031 1950 3318 2006 Jeremiam
3345 1964 3676 2008 contestatur
3697 1957 3849 2012 Deus
3879 1978 3892 2010 :

2314 2043 2392 2096 Ad
2417 2059 2665 2097 summam
2708 2042 2887 2112 loquar
2923 2053 3098 2096 contra
3128 2053 3326 2114 gentem
3351 2054 3396 2097 et
3421 2060 3648 2115 regnum,
3681 2056 3744 2100 ut
3777 2064 3896 2101 era-

2309 2133 2469 2185 dicem
2492 2142 2538 2186 et
2563 2133 2832 2197 destruam,
2863 2141 2910 2186 et
2935 2133 3225 2203 disperdam
3263 2133 3414 2188 illud.
3449 2135 3506 2190 Si
3542 2137 3894 2205 paenitentiam

2309 2224 2458 2292 egerit
2485 2239 2605 2294 gens
2633 2222 2724 2276 illa
2749 2240 2779 2275 a
2806 2223 2940 2276 malo
2963 2239 3076 2288 suo,
3105 2223 3242 2293 quod
3263 2224 3458 2278 locutus
3485 2242 3599 2278 sum
3619 2227 3892 2282 adversum

2308 2330 2418 2366 eam
2443 2331 2462 2368 :
2489 2330 2641 2382 agam
2667 2323 2715 2366 et
2742 2330 2832 2384 ego
2864 2315 3202 2382 paenitentiam
3227 2331 3377 2384 super
3401 2315 3560 2382 malo,
3587 2317 3730 2389 quod
3753 2321 3890 2389 cogi-

2307 2403 2406 2456 tavi
2434 2413 2487 2456 ut
2516 2404 2732 2472 facerem
2757 2405 2822 2457 ei.
2851 2403 2912 2457 Et
2937 2404 3006 2471 ad
3029 2420 3278 2458 summam
3303 2407 3483 2474 loquar
3511 2423 3672 2476 super
3696 2419 3890 2478 gentem

2307 2501 2353 2547 et
2377 2509 2606 2563 regnum,
2639 2502 2692 2546 ut
2717 2494 2981 2562 cedificem,
3021 2503 3066 2547 et
3089 2504 3147 2548 ut
3170 2495 3394 2564 plantem
3440 2495 3592 2550 illud.
3623 2497 3689 2551 Si
3718 2501 3889 2568 fecerit

2306 2587 2494 2642 malum
2518 2586 2570 2638 in
2607 2596 2876 2654 conspectu
2903 2602 3032 2650 meo,
3063 2595 3120 2639 ut
3143 2602 3242 2640 non
3269 2587 3445 2640 audiat
3469 2603 3643 2642 vocem
3684 2607 3845 2644 meam
3871 2607 3890 2645 :

2305 2677 2647 2746 paenitentiam
2676 2693 2827 2747 agam
2865 2693 3018 2746 super
3065 2678 3215 2742 bono,
3263 2679 3399 2745 quod
3441 2679 3644 2734 locutus
3687 2698 3800 2735 sum
3837 2695 3888 2735 ut

2305 2770 2520 2840 facerem
2546 2770 2613 2822 ei.
2655 2767 2952 2838 Statimque
2996 2767 3157 2823 infert
3190 2787 3203 2822 :
3234 2768 3367 2824 Ecce
3405 2787 3497 2840 ego
3537 2772 3680 2842 ﬁngo
3716 2785 3888 2825 contra

2301 2875 2388 2913 vos
2418 2859 2626 2924 malum,
2655 2868 2700 2912 et
2725 2859 2888 2928 cogito
2918 2868 3096 2912 contra
3118 2875 3204 2912 vos
3239 2860 3616 2930 cogitationem.
3645 2861 3887 2916 Reverta-

2301 2958 2384 3003 tur
2410 2949 2751 3018 unusquisque
2773 2967 2804 3000 a
2828 2949 2909 3001 via
2949 2967 3040 3002 sua
3067 2951 3222 3014 mala,
3263 2960 3310 3004 et
3337 2950 3538 3022 dirigite
3563 2953 3672 3006 vias
3697 2964 3883 3006 vestras

2299 3049 2346 3095 el
2388 3041 2554 3095 studia
2601 3051 2783 3093 vestra.
2829 3039 2929 3105 Qui
2947 3031 3192 3094 dixerunt
3240 3057 3257 3094 :
3304 3041 3734 3111 Desperavimus;
3775 3055 3882 3114 post

2298 3133 2627 3202 cogitationes
2665 3133 2799 3185 enim
2829 3142 3026 3186 nostras
3053 3132 3260 3197 ibimus,
3293 3145 3339 3186 et
3383 3139 3724 3206 unusquisque
3770 3148 3881 3206 post

2298 3225 2593 3294 pravitatem
2643 3222 2811 3276 cordis
2859 3221 2939 3276 sui
2989 3221 3068 3295 (1)
3128 3223 3318 3277 malum
3373 3225 3614 3294 faciemus
3665 3225 3874 3294 (Jerem.

2301 3314 2410 3382 18).
2444 3312 2660 3368 Simeon
2683 3313 2860 3382 justus
2903 3313 2953 3366 in
2994 3312 3289 3384 Evangelio
3332 3314 3568 3385 loquitur
3596 3333 3609 3368 :
3641 3316 3778 3370 Ecce
3802 3319 3878 3370 hic

2299 3403 2486 3471 positus
2525 3413 2597 3456 est
2636 3404 2690 3456 in
2731 3403 2954 3469 ruinam,
2987 3413 3033 3457 et
3063 3403 3117 3457 in
3147 3406 3561 3459 resurrectionem
3601 3409 3875 3461 multarunt

2301 3492 2449 3563 (Luc.
2486 3492 2566 3564 2),
2594 3494 2648 3547 in
2676 3493 2883 3548 ruinam
2910 3493 3164 3549 videlicet
3207 3503 3571 3564 peccatorum,
3604 3505 3661 3550 et
3701 3497 3752 3550 in
3788 3514 3874 3552 re-

2295 3584 2680 3639 surrectionem
2712 3600 2919 3651 eorum,
2964 3585 3057 3655 qui
3100 3597 3263 3655 agunt
3305 3587 3700 3656 paenitentiam.
3730 3589 3872 3656 Apoo

2294 3677 2464 3730 stolus
2491 3675 2676 3732 scribit
2703 3675 2769 3730 ad
2799 3676 3149 3732 Corinthios:
3183 3677 3400 3731 Auditur
3426 3677 3557 3731 inter
3593 3694 3679 3731 vos
3717 3680 3874 3748 forni-

2295 3767 2444 3830 catio,
2473 3751 2519 3819 et
2547 3767 2662 3821 talis
2698 3767 2988 3837 fornicatio,
3020 3768 3186 3837 qualis
3211 3783 3273 3821 ne
3300 3768 3429 3821 inter
3455 3778 3628 3838 gentes
3648 3770 3869 3839 quidem,

2293 3861 2365 3912 ita
2404 3868 2456 3912 ut
2505 3874 2713 3913 uxorem
2759 3858 2918 3928 patris
2967 3858 3153 3929 aliquis
3195 3859 3396 3912 habeat.
3448 3857 3514 3911 Et
3567 3874 3653 3913 vos
3710 3861 3873 3928 inflati

2294 3951 2430 4014 estis,
2463 3958 2510 4003 et
2553 3965 2655 4002 non
2702 3950 2862 4019 magis
2907 3947 3096 4002 luctum
3140 3948 3407 4012 habuistis,
3458 3957 3515 4002 ut
3556 3948 3766 4002 tollatur
3811 3949 3873 4003 de

2294 4039 2457 4093 medio
2481 4048 2721 4104 vestrum,
2751 4039 2838 4109 qui
2877 4039 2972 4092 hoc
3017 4055 3145 4108 opus
3174 4039 3290 4110 fecit
3320 4037 3394 4110 (1.
3437 4037 3556 4092 Cor.
3603 4040 3680 4109 5).
3716 4040 3778 4095 Et
3819 4040 3868 4093 in

2293 4128 2523 4182 secunda
2549 4127 2615 4182 atl
2642 4129 2860 4182 eosdem
2891 4128 3148 4198 Epistola,
3179 4127 3263 4182 Ne
3291 4127 3652 4183 abundantiori
3671 4130 3871 4184 tristitia

2293 4227 2482 4286 pereat,
2511 4221 2597 4286 qui
2624 4217 2873 4287 ejusmodi
2897 4227 2969 4272 est
3010 4217 3086 4288 (2.
3117 4217 3234 4272 Cor.
3262 4217 3341 4287 2),
3392 4228 3609 4274 revocat
3642 4235 3784 4283 cum,
3817 4230 3870 4275 et

2291 4306 2558 4372 obsecrat,
2609 4318 2668 4361 ut
2709 4306 3026 4361 confirment
3075 4323 3236 4377 super
3279 4309 3430 4363 illum
3469 4311 3781 4374 caritatem;
3811 4323 3871 4365 ut

2291 4397 2381 4465 qui
2413 4396 2618 4450 incestu
2652 4397 2902 4466 perierat,
2944 4397 3252 4466 paenitentia
3281 4412 3652 4454 conservetur.
3678 4398 3871 4453 Nullus

2290 4488 2492 4559 quidem
2520 4490 2738 4543 mundus
2765 4499 2838 4542 est
2857 4506 2888 4542 a
2912 4501 3115 4559 peccato
3145 4505 3161 4543 :
3189 4506 3280 4543 nec
3307 4493 3351 4544 si
3372 4493 3520 4546 unius
3547 4493 3746 4564 quidem
3769 4494 3872 4546 dici

2289 4580 2439 4648 fuerit
2462 4579 2561 4631 vita
2586 4579 2692 4647 ejus
2719 4577 2856 4649 [Job.
2889 4580 2956 4634 15
2983 4588 3026 4632 et
3050 4578 3172 4652 25];
3199 4580 3276 4651 (ιι)
3298 4583 3654 4636 numerabiles
3687 4593 3866 4636 autem

2288 4669 2413 4723 anni
2442 4669 2564 4722 vita:
2593 4668 2756 4722 illius.
2806 4669 2958 4722 Astra
2985 4686 3181 4741 quoque
3224 4673 3337 4741 ipsa
3382 4689 3478 4725 non
3513 4683 3631 4723 sunt
3669 4675 3871 4726 nttmda

2279 4763 2340 4815 in
2363 4770 2630 4830 conspectu
2657 4761 2767 4830 ejus
2798 4776 2817 4815 :
2846 4770 2892 4815 et
2913 4762 3181 4817 adversum
3203 4763 3404 4834 angelos
3427 4778 3540 4815 suos
3563 4777 3868 4830 perversum

2355 4954 2416 5022 (b)
2445 4954 2764 5022 _Est_celehre
2789 4957 2987 5022 elfagtm
3005 4959 3134 5022 quod
3159 4967 3383 5022 tanquam
3415 4956 3682 5008 Salvatoris
3701 4959 3864 5008 refer-

2287 5016 2366 5068 tur
2385 5016 2414 5067 a'
2437 5016 2631 5067 Justino
2651 5019 2859 5081 Martyre
2881 5016 3074 5084 Dialog.
3100 5035 3210 5084 cum
3233 5016 3493 5084 Tryphone
3529 5033 3564 5070 ιν
3605 5025 3660 5078 et;
3694 5027 3740 5069 ἄν
3775 5033 3864 5082 ἡμᾶς

2283 5093 2505 5143 “religa,
2531 5093 2566 5128 ὶν
2588 5092 2729 5142 spinos;
2752 5095 2812 5130 uel
2827 5099 2946 5143 neua.
2972 5082 3068 5130 Alii
3093 5083 3204 5143 aliis,
3222 5082 3461 5131 tribuunt.

2348 5140 2886 5212 (c)’Victqt_‘ius_septies
2920 5141 2971 5190 in
3004 5143 3084 5192 die
3114 5142 3244 5212 cadi}
3257 5144 3438 5212 justus,
3475 5142 3564 5191 sed
3588 5140 3688 5191 duo
3704 5141 3861 5212 verba

2283 5202 2334 5253 in
2355 5201 2435 5252 die
2455 5216 2549 5265 nec
2571 5202 2682 5265 Mss.
2709 5201 2907 5265 habent,
2934 5217 3097 5265 neque
3121 5205 3168 5252 in
3192 5201 3405 5252 Hebraeo
3441 5213 3601 5265 textu,
3636 5210 3720 5251 aut
3755 5216 3862 5250 ver-

2283 5265 2424 5328 sione
2448 5262 2544 5328 ulla
2581 5263 2840 5324 Scripturae
2877 5262 3206 5328 inveniuntur,
3244 5279 3354 5328 quzr
3391 5265 3516 5328 adeo
3562 5264 3858 5328 beicatque

2284 5325 2426 5385 infra,
2466 5325 2715 5374 Erasmutn
2753 5338 2848 5386 quo
2885 5338 2967 5383 ue,
3012 5325 3226 5386 aliasque
3262 5325 3574 5374 ’vetustiores
3620 5325 3859 5373 editiones

2284 5387 2441 5435 secuti
2465 5385 2806 5435 exnunximus.
2846 5338 3053 5435 gensule
3085 5399 3194 5435 ante
3226 5387 3354 5435 apud
3388 5385 3673 5435 Hierouvm.
3697 5383 3783 5434 lib.
3807 5386 3853 5433 5.

2281 5383 2441 5436 secuti
2465 5383 2806 5448 expunximus.
2846 5383 3053 5448 Consule
3085 5383 3194 5447 quin
3226 5387 3354 5448 apud
3388 5385 3673 5448 Hierouytu.
3697 5383 3783 5434 lib.
3807 5386 3853 5433 5.

2284 5457 2450 5496 contra
2475 5447 2722 5508 Pelagian.
2746 5460 2851 5506 cap.
2879 5448 2924 5495 1.
2949 5447 3245 5495 adnotatnus.

2345 5509 2422 5569 (ά)
2455 5506 2551 5556 Alii
2577 5506 2697 5569 editi
2733 5519 2789 5555 ac
2815 5508 2937 5569 Mss.
2961 5523 2985 5552 α
3005 5515 3186 5567 quanto
3208 5519 3368 5569 minus
3389 5506 3555 5556 mundi
3582 5506 3856 5569 numerabi.

2285 5565 2362 5620 les
2383 5565 2527 5619 erunt
2545 5567 2679 5628 anni,
2699 5584 2721 5612 ι
2747 5565 2828 5616 vel
2855 5583 2879 5612 ι
2899 5567 2942 5614 si
2964 5565 3310 5627 numerabiles,
3334 5584 3358 5613 ι
3387 5575 3474 5617 aut
3504 5586 3528 5615 ι
3548 5568 3594 5617 si
3615 5569 3855 5618 numerosi

2285 5639 2428 5680 erunt
2448 5629 2604 5679 anni»
2895 5662 2914 5682 ,

2349 5693 2422 5754 (1)
2458 5691 2616 5751 Atque
2637 5689 2749 5740 heic
2772 5687 2973 5740 Gravius
2995 5686 3126 5750 ntali,
3153 5701 3214 5739 ex
3239 5687 3411 5741 Graeco
3433 5707 3485 5741 τε
3515 5689 3660 5741 LXX.

3779 295 3918 352 £0“
3991 335 3994 348 ε
