4026 6186
226 279 255 332 1
269 275 382 333 015

223 390 362 460 quid
385 383 724 459 excogitasit(
746 383 865 438 Job.
903 381 1100 455 4.18).
1139 381 1196 438 Si
1225 381 1279 437 in
1322 382 1460 438 celo
1499 395 1798 452 peccatum,

225 491 440 550 quanto
468 476 634 548 magis
668 477 718 530 in
749 475 927 530 terra?
953 473 1009 530 Si
1043 474 1294 529 delictum
1324 474 1376 528 in
1468 475 1634 545 898
1721 473 1804 528 his

226 573 330 641 qui
355 579 536 626 carent
566 567 854 622 tentatioue
881 579 1138 634 corporea
1168 583 1183 619 ε
1212 575 1410 635 quanto
1435 567 1600 633 magis
1627 569 1677 617 in
1712 581 1808 618 no-

226 661 344 728 bis,
371 661 457 730 qui
485 658 653 726 fragili
680 671 841 710 carne
866 655 1278 718 circumdamur,
1311 664 1365 709 et
1391 671 1512 708 cum
1550 655 1805 722 Apostolo

222 750 464 804 dicimus
487 764 502 804 :
529 747 684 802 Miser
704 764 815 817 ego,
840 747 1008 809 homo,
1029 746 1140 814 quis
1162 761 1242 798 me
1265 746 1491 799 liberabit
1514 744 1576 797 de
1599 761 1807 813 corpore

221 840 408 891 mortis
437 839 586 908 hujus
631 836 805 910 (Rom.
848 836 942 908 7)?
983 835 1104 889 Non
1146 836 1277 890 enim
1324 834 1513 888 Itabitat
1559 835 1611 887 in
1655 850 1808 888 carne

218 938 405 982 nostra
430 928 634 992 bonum,
667 943 766 982 nec
791 928 997 996 agimus
1035 926 1178 996 quod
1222 926 1490 992 volumus,
1531 926 1624 980 sed
1664 925 1804 994 quod

215 1017 503 1083 nolumus,
554 1028 612 1072 ut
636 1018 778 1072 aliud
798 1019 974 1071 anima
999 1017 1285 1080 desideret,
1313 1016 1456 1070 aliud
1481 1032 1608 1071 caro
1630 1016 1804 1070 facere

213 1117 467 1176 cogatur.
525 1107 676 1174 Quod
719 1107 766 1161 si
819 1106 1030 1176 quidam
1071 1104 1148 1176 (a)
1187 1106 1315 1175 justi
1364 1106 1701 1175 appellantur
1750 1106 1802 1159 in

212 1196 541 1264 Seripturis,
570 1205 624 1251 et
649 1211 754 1251 non
785 1198 960 1250 solum
986 1197 1135 1264 justi,
1165 1195 1258 1249 scd
1281 1195 1413 1263 justi
1443 1195 1493 1248 in
1515 1204 1802 1263 conspectu

218 1289 346 1353 Dei,
391 1289 542 1358 juxta
585 1289 730 1342 illam
776 1288 1036 1356 justitiam
1083 1288 1418 1356 appellantur
1459 1285 1606 1354 justi,
1652 1286 1800 1354 juxta

212 1393 384 1448 quam
431 1393 587 1447 supra
617 1379 811 1431 dictum
840 1390 922 1432 est
955 1395 968 1432 :
1001 1377 1196 1445 Septies
1226 1377 1360 1430 cadit
1390 1377 1582 1444 justus,
1627 1387 1673 1428 et
1718 1392 1800 1428 rc-

212 1469 384 1538 surgit
415 1467 595 1536 (Prov.
616 1467 729 1535 24).
765 1466 996 1535 Etjuxta
1019 1466 1159 1535 quod
1199 1466 1449 1535 iniquitas
1492 1465 1654 1531 iniqui
1696 1479 1798 1518 non

221 1557 446 1611 nocebit
474 1559 520 1611 ei
548 1559 597 1610 in
623 1572 956 1626 quacumque
981 1557 1067 1610 die
1092 1571 1382 1610 conversus
1410 1555 1560 1608 fuerit
1587 1553 1797 1625 [ΕκεεΙι.

215 1649 313 1702 55.
343 1645 430 1718 12]
456 1645 551 1716 (b).
590 1647 825 1716 Denique
851 1655 906 1701 et
932 1646 1218 1700 Zacharias
1263 1654 1412 1713 pater
1437 1645 1679 1705 Joannis.
1709 1645 1796 1712 qui

215 1735 474 1790 scribitur
512 1735 708 1804 justus,
759 1735 998 1803 peccavit
1045 1735 1096 1787 in
1135 1749 1200 1788 eo
1228 1733 1369 1802 quod
1412 1749 1516 1786 non
1548 1733 1792 1796 credidit,

219 1834 282 1881 et
306 1826 485 1880 statim
515 1825 726 1879 silentio
751 1825 1137 1879 condemnatur
1157 1823 1307 1893 (Luc.
1338 1823 1414 1893 1).
1449 1823 1516 1876 Et
1551 1823 1672 1886 Job,
1704 1825 1794 1892 qui

207 1917 392 1986 justus
416 1925 470 1971 et
495 1916 885 1978 immaculatus,
927 1929 989 1968 ac
1017 1914 1133 1969 sine
1176 1915 1392 1983 querela
1434 1915 1486 1967 in
1528 1914 1790 1983 principio

213 2007 506 2060 voluminis
547 2006 628 2060 sui
655 2005 924 2070 scribitur,
955 2015 1138 2074 postea
1185 2015 1242 2059 et
1283 2005 1377 2058 Dei
1429 2020 1699 2069 sermone,
1741 2015 1796 2060 et

210 2097 558 2151 confessione
623 2096 704 2149 sui
762 2105 1009 2165 peccator
1054 2093 1314 2164 arguitur.
1369 2095 1426 2148 Si
1477 2095 1788 2161 Abraham,

212 2188 368 2240 Isaac
397 2194 450 2238 et
473 2185 658 2247 Jacob,
689 2184 972 2252 Propheta:
1002 2198 1214 2253 quoque
1237 2193 1290 2237 et
1313 2185 1555 2252 Apostoli
1595 2200 1796 2254 nequa-

207 2291 374 2341 quam
405 2289 628 2328 caruere
661 2282 877 2342 pcccato
897 2291 910 2326 :
930 2273 972 2326 si
991 2273 1327 2341 purissimum
1351 2274 1580 2326 triticum
1608 2273 1792 2327 habuit

207 2367 409 2419 mixtas
453 2365 669 2434 paleas;
697 2364 821 2433 quid
851 2363 919 2418 de
963 2363 1116 2417 nobis
1145 2363 1248 2416 dici
1295 2371 1489 2432 potest,
1514 2362 1581 2417 de
1601 2363 1794 2431 quibus

210 2456 478 2524 scriptum
533 2454 661 2508 illud
703 2463 785 2509 cst
813 2470 829 2508 :
857 2454 993 2521 Quid
1038 2454 1197 2521 paleis
1225 2453 1292 2505 ad
1317 2455 1644 2520 frumentum,
1674 2453 1795 2507 dicit

211 2545 461 2598 Dominus
494 2543 702 2615 (Jerem.
747 2544 839 2608 25)
857 2544 880 2595 Ὶ
908 2544 972 2598 Ει
1001 2552 1176 2596 tamen
1219 2542 1382 2611 paleae
1408 2540 1586 2595 futuro
1613 2557 1791 2596 reser-

208 2644 403 2689 vantur
429 2635 696 2695 incendio,
730 2642 786 2688 ct
825 2633 1027 2687 zizania
1067 2633 1170 2686 hoc
1202 2641 1442 2702 tempore
1467 2633 1632 2685 mixta
1667 2641 1792 2687 sunt

209 2725 484 2795 segetibus
513 2724 920 2784 frumentorum,
947 2723 1118 2777 donec
1142 2723 1318 2776 veniat
1347 2721 1437 2791 qui
1471 2721 1632 2775 habet
1665 2736 1790 2775 ven-

210 2814 458 2868 tilabrum
487 2815 537 2867 in
567 2829 728 2868 manu
756 2828 872 2877 sua,
904 2821 959 2866 et
997 2813 1306 2880 purgaverit
1344 2825 1547 2874 aream,
1575 2819 1632 2863 ιιι
1659 2824 1788 2863 con-

207 2913 394 2974 greget
434 2905 665 2957 triticum
716 2903 768 2956 iu
818 2905 1034 2968 horrea,
1084 2909 1138 2954 et
1177 2900 1494 2970 quisquilias
1532 2899 1790 2970 gehennae

210 2996 318 3066 igni
346 2995 646 3048 comburat.

279 3085 334 3138 4.
379 3084 504 3137 llzre
544 3082 720 3136 munia
761 3081 910 3150 quasi
954 3095 1050 3150 per
1086 3079 1446 3148 pulcherrima
1488 3078 1790 3146 Scriptura-

206 3189 328 3229 rum
359 3181 506 3242 prata
534 3171 862 3235 discurrens,
892 3172 944 3224 in
976 3186 1139 3223 unum
1172 3171 1346 3223 locum
1388 3169 1529 3222 volui
1566 3185 1790 3239 congre-

206 3279 358 3335 gare,
404 3273 459 3317 et
485 3263 551 3317 de
590 3261 1001 3331 spcciosissimis
1031 3260 1252 3314 ﬂoribus
1290 3274 1543 3313 coronam
1583 3260 1674 3312 tibi
1711 3268 1790 3313 tc-

206 3369 338 3409 xerc
386 3354 750 3423 poenitentiae,
796 3367 953 3420 quam
1014 3350 1258 3419 imponas
1311 3349 1474 3418 capiti
1530 3357 1621 3402 tuo
1673 3365 1686 3401 :
1731 3357 1789 3404 et

207 3461 449 3500 assumas
496 3460 696 3514 pennas
731 3442 1016 3503 columbm,
1063 3450 1118 3496 et
1161 3441 1331 3503 voles,
1380 3449 1434 3492 et
1482 3440 1786 3509 requiescas

210 3534 381 3606 (Psal.
413 3535 527 3603 5-1),
551 3544 603 3588 et
623 3532 1042 3587 clementissimo
1074 3529 1436 3584 reconcilieris
1469 3529 1629 3582 Patri.
1652 3528 1786 3581 Nar-

209 3628 343 3680 ravit
367 3626 493 3679 mihi
522 3641 655 3680 uxor
673 3626 941 3694 quondam
965 3633 1073 3686 tua,
1109 3639 1250 3676 nutte
1278 3637 1434 3676 soror
1469 3632 1627 3691 atque
1655 3637 1785 3676 con-

209 3730 382 3780 serva,
417 3715 728 3785 quodjuxta
758 3723 1080 3784 pratccptum
1124 3714 1366 3781 Apostoli
1409 3727 1477 3766 ex
1519 3727 1781 3766 consensu

211 3807 573 3861 abstinueritis
617 3821 712 3860 vos
743 3807 811 3858 ab
846 3821 1009 3874 opere
1043 3805 1371 3872 nuptiarum,
1415 3813 1472 3857 ut
1518 3805 1782 3859 vacaretis

209 3903 472 3963 orationi;
508 3913 702 3971 tuaque
732 3915 941 3954 rursum
971 3900 1212 3966 vestigia,
1249 3899 1399 3966 quasi
1441 3898 1492 3950 in
1529 3898 1644 3950 salo
1685 3913 1782 3966 po-

207 3993 306 4047 sita
327 3991 630 4054 ﬂuctuasse,
658 3991 767 4044 imo
791 3990 869 4060 (ut
891 3989 1125 4057 apertius
1146 3987 1352 4056 loquar)
1377 4001 1494 4040 esse
1515 3986 1783 4055 prolapsa.

206 4081 354 4136 illam
380 4090 558 4133 autem
597 4079 810 4133 audisse
835 4095 864 4132 a
895 4079 1123 4132 Domino
1163 4093 1282 4130 cum
1323 4076 1523 4146 Moyse,
1554 4075 1632 4128 Tu
1670 4092 1782 4130 vero

209 4174 287 4226 hic
335 4184 415 4225 sta
458 4186 648 4222 mecum
675 4169 870 4239 (Exod.
903 4168 1028 4237 55);
1071 4176 1126 4220 et
1164 4147 1364 4219 dixisse
1405 4165 1471 4219 de
1515 4166 1778 4220 Domino:

210 4264 394 4318 Statuit
422 4277 575 4330 supra
619 4271 811 4330 petram
853 4259 1002 4328 pedes
1041 4273 1174 4310 meos
1214 4255 1383 4326 (Psal.
1431 4256 1547 4324 49).
1586 4257 1778 4321 Tuam,

210 4355 442 4416 domum,
487 4367 604 4422 quae
650 4349 988 4403 fundamenta
1061 4349 1226 4420 899
1301 4348 1420 4401 lidei
1463 4347 1632 4401 solida
1677 4364 1780 4402 non

211 4442 453 4506 habebat,
500 4453 681 4513 postea
732 4442 930 4496 diaboli
978 4442 1195 4495 turbine
1246 4441 1568 4495 concidisse.
1619 4442 1782 4496 Porro

212 4536 347 4589 illius
370 4545 611 4604 perstare
634 4536 686 4588 in
711 4535 958 4598 Domino,
985 4545 1039 4587 et
1059 4549 1212 4612 suum
1237 4534 1329 4586 tibi
1362 4534 1647 4602 hospitium
1677 4551 1780 4589 non

212 4641 431 4694 negare;
463 4635 516 4678 ut
544 4627 626 4680 cui
655 4627 801 4694 prius
828 4625 1141 4693 coujuuctus
1167 4624 1344 4679 fueras
1373 4639 1616 4693 corpore,
1642 4640 1782 4680 nunc

209 4715 386 4784 spiritu
431 4717 713 4783 copuleris.
760 4715 859 4781 Qui
900 4717 1030 4768 enim
1077 4715 1301 4768 adliceret
1347 4713 1599 4780 Domino,
1650 4731 1781 4770 unus

181 4799 406 4870 ispiritus
442 4814 511 4856 est
561 4821 674 4858 cum
715 4821 772 4857 eo
812 4805 888 4872 (l.
931 4803 1048 4858 Cor.
1082 4806 1160 4872 0).
1208 4806 1445 4873 Cumque
1472 4819 1566 4858 vos
1604 4804 1780 4858 rabies

208 4892 569 4958 barbarorum,
613 4903 667 4948 et
711 4896 990 4948 imminens
1033 4895 1311 4962 captivitas
1354 4896 1779 4967 separaret,‘sub

202 4985 491 5054 jusjurandi
535 4988 900 5041 testiﬁcatione
929 4987 1217 5056 pollicitum
1264 4985 1355 5058 [al.
1390 4987 1642 5055 pollicitus
1680 4986 1774 5059 es].

208 5086 259 5130 tu
281 5075 347 5129 ad
377 5085 556 5130 sancta
585 5085 945 5133 transeuntem
973 5079 1108 5144 loca,
1136 5079 1218 5132 vel
1249 5077 1450 5142 statim,
1483 5078 1565 5130 vel
1594 5087 1777 5145 postea

208 5168 517 5236 sequereris,
565 5177 620 5221 et
664 5179 906 5222 servares
947 5167 1178 5221 animam
1221 5177 1382 5230 tuam,
1428 5180 1587 5234 quam
1636 5166 1779 5220 \isus

209 5256 372 5311 fueras
399 5257 719 5327 negligentia
751 5256 1064 5328 perdidisse.
1091 5257 1276 5311 Redde
1302 5256 1458 5326 igitur
1479 5253 1618 5324 quod
1643 5269 1776 5323 pra--

206 5465 476 5583 ῧηίαὲοῖἱίῖ
502 5470 745 5532 superior.
770 5470 927 5534 Epist.
971 5471 1030 5521 ad
1067 5470 1311 5535 Algasiam
1335 5472 1516 5532 Qutest.
1542 5469 1675 5521 VIII.
1715 5470 1774 5518 ad

266 5590 326 5658 (ὑ)
365 5591 674 5658 Vetustiores
709 5593 888 5658 vulgati
922 5595 1014 5645 sub
1048 5593 1377 5658 interrogandi
1425 5599 1533 5642 nota
1573 5591 1770 5650 addunt.

204 5655 274 5706 cui
295 5653 649 5717 desperandum
669 5663 737 5704 est
764 5656 790 5706 .9

1554 272 1877 331 EPISTOLA
1918 271 2152 329 CXXIII.

3344 278 3482 334 1046

1911 394 2059 438 sente
2091 384 2198 437 Deo
2225 379 2574 450 Spopondisd.
2617 378 2817 436 incerta
2860 390 2942 436 est
2984 383 3085 436 vita
3127 388 3424 442 mortalium
3467 411 3480 446 :

1911 491 1977 530 ue
2019 488 2142 529 ante
2187 475 2429 544 rapiaris,
2461 489 2618 544 quam
2669 483 2811 528 tuam
2859 474 3080 545 impleas
3116 478 3482 547 sponsionem,

1909 565 2117 620 imitare
2165 580 2302 626 eam,
2344 579 2500 634 quam
2545 564 2737 618 docere
2784 564 3063 619 debueras.
3111 565 3248 620 Proh
3290 568 3478 636 pudor,

1909 655 2146 725 fragilior
2175 669 2333 708 sexus
2367 654 2532 708 vincit
2559 654 2834 718 sacculum,
2875 663 2931 708 et
2960 654 3230 708 robustior
3260 671 3482 725 supera-

1911 754 1994 797 tur
2017 759 2045 796 a
2075 745 2290 798 saeculo.
2322 741 2475 796 Tanti
2505 744 2610 797 dua:
2637 744 2824 814 femina
2852 745 2974 815 facti
3001 754 3072 797 est
3101 743 3184 816 (ea:
3222 744 3432 815 Virgil.)
3467 766 3481 800 :

1907 842 1960 888 et
1989 849 2094 887 non
2142 834 2380 902 sequeris
2417 848 2558 896 eam,
2591 834 2642 885 iu
2684 833 2836 901 cujus
2863 834 3034 888 salute
3073 835 3388 890 candidatus
3425 852 3484 892 es

1909 922 2069 977 fidei?
2108 922 2257 989 Quod
2299 923 2342 976 si
2375 932 2430 976 te
2459 923 2536 976 rei
2585 921 2858 976 familiaris
2897 932 3079 977 tenent
3123 924 3379 992 reliquite,
3429 938 3485 980 nt

1905 1015 2107 1069 scilicet
2133 1023 2186 1067 et
2216 1021 2412 1066 mortes
2435 1015 2730 1066 amicorum
2757 1023 2809 1066 et
2836 1013 3030 1067 civium
3058 1014 3260 1080 videas,
3292 1025 3347 1069 et
3373 1017 3485 1069 rui-

1905 1119 2001 1159 nas
2027 1104 2231 1157 urbium
2263 1115 2421 1173 atque
2451 1105 2719 1168 villarum,
2762 1105 2949 1158 saltem
2997 1105 3137 1158 inter
3163 1107 3484 1174 captivitatis

1907 1194 2063 1258 mala,
2097 1201 2150 1248 et
2197 1193 2405 1248 feroces
2443 1192 2680 1247 hostium
2709 1193 2910 1256 vultus,
2953 1204 3007 1247 et
3049 1196 3335 1262 provincia:
3380 1206 3482 1251 tum

1905 1285 2107 1338 infinita
2150 1285 2444 1354 naufragia,
2494 1294 2675 1340 teneto
2713 1287 2944 1340 tabulam
3001 1288 3328 1355 poenitentia!
3371 1305 3384 1341 :
3431 1299 3484 1342 et

1905 1383 2175 1429 memento
2199 1389 2469 1430 conserva
2500 1385 2620 1438 tum,
2655 1391 2772 1445 quae
2798 1385 2940 1430 tuam
2967 1361 3204 1446 quotidie
3227 1379 3479 1448 suspirat,

1904 1479 2001 1518 nec
2024 1465 2273 1533 desperat
2301 1466 2550 1520 salutem.
2581 1465 2660 1519 Tu
2691 1466 2898 1535 vagaris
2927 1468 2978 1520 in
3010 1467 3202 1536 patria,
3236 1467 3344 1520 imo
3375 1485 3478 1521 nou

1905 1554 2093 1621 patria,
2125 1554 2247 1622 quia
2290 1554 2512 1623 patriam
2559 1555 2874 1623 perdidisti:
2907 1556 3004 1610 ista
3039 1571 3133 1624 pro
3164 1565 3215 1610 te
3257 1557 3308 1610 in
3350 1557 3482 1611 locis

1901 1643 2292 1698 venerabilibus
2321 1645 2748 1699 Resurrectionis
2784 1655 2837 1700 et
2861 1645 3068 1711 Crucis,
3095 1657 3148 1700 ct
3176 1646 3478 1701 incunabu-

1901 1732 2073 1784 lorum
2103 1733 2312 1786 Domini
2354 1734 2670 1797 Salvatoris,
2708 1738 2761 1788 in
2788 1735 2980 1803 quibus
3019 1737 3269 1803 parvulus
3295 1737 3478 1806 vagiit,

1899 1821 1975 1875 tui
2003 1823 2234 1876 nominis
2259 1822 2594 1887 recordatur,
2625 1835 2780 1892 teque
2817 1824 2882 1876 ad
2910 1839 2968 1877 se
3010 1824 3340 1879 orationibus
3376 1834 3483 1879 tra-

1898 1911 1977 1966 hit
2006 1930 2019 1965 :
2049 1921 2107 1966 ut
2135 1913 2179 1966 si
2210 1929 2314 1968 non
2342 1922 2432 1968 tuo
2459 1915 2672 1977 merito,
2702 1915 2891 1969 saltem
2918 1915 3076 1983 hujus
3105 1917 3327 1971 salveris
3348 1916 3474 1973 lide.

1896 2003 2114 2059 Jacebat
2137 2005 2405 2075 quondam
2451 2007 2779 2076 Paralyticus
2821 2007 2874 2060 in
2903 2008 3123 2072 lectulo,
3167 2017 3222 2063 et
3249 2010 3328 2064 sic
3365 2017 3481 2064 erat

1895 2097 2103 2149 cunctis
2144 2097 2367 2151 artubus
2407 2097 2718 2158 dissolutus,
2765 2109 2822 2151 ut
2863 2113 2963 2151 nec
3001 2098 3167 2168 pedes
3194 2100 3260 2153 ad
3304 2101 3481 2170 ingre-

1897 2186 2173 2252 diendum,
2206 2202 2304 2240 nec
2334 2203 2522 2240 manus
2549 2201 2764 2241 movere
2791 2195 2976 2256 posset
3003 2187 3068 2241 ad
3102 2189 3424 2256 precandum
3463 2208 3478 2244 :

1897 2284 1950 2328 et
1988 2283 2162 2329 tamen
2204 2274 2471 2344 profertur
2506 2276 2574 2330 ab
2602 2275 2742 2336 aliis,
2793 2284 2846 2330 et
2888 2276 3190 2330 restituitur
3235 2278 3474 2346 pristina:

1896 2365 2128 2425 sanitati,
2168 2373 2225 2418 ut
2253 2373 2491 2435 portaret
2522 2366 2772 2420 lectulum
2811 2365 3002 2434 (Marc.
3044 2367 3102 2430 2;
3133 2377 3178 2420 et
3202 2367 3363 2422 Joan.
3395 2366 3477 2440 5),

1895 2456 1982 2525 qui
2014 2455 2212 2510 dudum
2240 2457 2553 2524 portabatur
2576 2471 2604 2508 a
2638 2456 2854 2509 lectulo.
2895 2457 2960 2510 Et
3001 2465 3054 2510 te
3084 2457 3244 2526 igitur
3279 2459 3477 2512 absen-

1897 2557 2001 2600 tem
2052 2560 2299 2614 corpore,
2349 2557 2666 2615 przesentem
2711 2544 2835 2612 ﬁde,
2882 2545 3041 2600 offert
3079 2562 3336 2601 conserva
3388 2556 3474 2602 tua

1897 2638 2124 2692 Domino
2151 2638 2456 2701 Salvatori;
2486 2647 2540 2692 et
2560 2637 2690 2691 dicit
2713 2652 2830 2692 cum
2856 2637 3177 2704 Chananma,
3203 2637 3340 2690 Filia
3366 2655 3477 2692 mea

1894 2730 2025 2782 male
2051 2739 2262 2782 vexatur
2283 2745 2316 2781 a
2344 2729 2594 2781 dwmouio
2617 2727 2828 2796 (Matth.
2865 2728 2979 2797 l5).
3009 2727 3175 2782 Recte
3203 2729 3344 2782 enim
3383 2744 3478 2798 ap-

1893 2821 2100 2890 pellabo
2130 2821 2364 2874 animam
2395 2831 2557 2883 tuam,
2594 2820 2754 2873 liliam
2782 2821 2974 2874 anima:
3002 2819 3139 2888 ejus,
3167 2836 3285 2887 qua:
3312 2836 3474 2874 sexus

1893 2914 2060 2966 nescit
2130 2913 2294 2982 900
2365 2910 2730 2965 diversitatem
2765 2910 2930 2979 :quia
2979 2918 3032 2964 te
3076 2910 3228 2978 quasi
3273 2925 3470 2980 parvu-

1892 3002 2023 3066 lum,
2054 3013 2212 3070 atque
2258 3004 2568 3065 lactentem,
2607 3009 2660 3056 et
2698 3002 2925 3056 necdum
2955 3003 3220 3057 valentem
3261 3018 3474 3060 sumere

1891 3095 2092 3148 solidos
2120 3094 2288 3155 cibos,
2319 3093 2508 3146 invitat
2535 3093 2600 3146 ad
2634 3093 2713 3147 lac
2742 3092 3000 3158 infautim,
3029 3104 3083 3148 et
3127 3095 3348 3149 nutricis
3381 3097 3470 3150 tibi

1889 3184 2136 3238 alimenta
2154 3183 2482 3237 demonstrat
2508 3201 2522 3247 ;
2547 3192 2602 3236 ut
2628 3185 2802 3252 possis
2820 3184 3001 3240 dicere
3017 3200 3136 3238 cum
3162 3185 3428 3254 PrOpheta
3456 3179 3479 3240 ἴ

1891 3272 2072 3326 Erravi
2103 3275 2231 3328 sicut
2269 3274 2375 3327 ovis
2414 3273 2608 3342 perdita
2649 3289 2667 3327 :
2705 3290 2871 3341 quam:
2904 3292 3102 3329 servum
3140 3285 3301 3343 tuum,
3340 3293 3469 3346 quo-

1889 3366 2026 3418 niam
2052 3365 2293 3418 mandata
2320 3375 2406 3417 tua
2436 3381 2536 3416 non
2562 3381 2672 3417 sum
2699 3365 2880 3418 oblitus
2910 3363 3082 3437 (Psal.
3108 3365 3255 3436 118).

2316 3475 2640 3532 ειηδτοω
2683 3476 2896 3532 cxxut
2939 3475 3008 3550 (ι’)

2382 3605 2444 3642 ιιι)
2483 3603 2820 3644 Ασειιυεηιλιι
2865 3587 2966 3660 (ά).

2447 3699 2524 3752 De
2552 3699 2606 3752 Μ
2610 3701 2900 3770 onogamia.

1885 3812 2218 3882 Agerucltiam
2262 3808 2693 3861 adolescentulam
2718 3808 2922 3860 viduam
2948 3824 2980 3860 a
3003 3810 3236 3863 secundis
3275 3813 3467 3880 nuptiis

1956 3903 2269 3962 dehortatur,
2310 3899 2541 3966 rejiciens
2580 3907 2878 3966 argumenta
2908 3913 3021 3966 qua:
3062 3899 3115 3951 in
3155 3902 3466 3954 contrarium

1957 3994 2121 4062 facere
2169 3989 2484 4052 uidebantur,
2541 3997 2693 4056 atque
2739 3987 2793 4040 in
2845 3990 2979 4040 hunc
3033 3990 3263 4044 eumdem
3309 3993 3462 4060 ﬁnem

1956 4079 2132 4132 mundi
2159 4078 2473 4131 calamitates
2501 4077 2578 4130 illi
2608 4076 2670 4130 ob
2699 4076 2870 4131 oculos
2897 4095 3107 4147 ponens.

1960 4172 2008 4225 1.
2051 4170 2106 4223 lu
2137 4179 2318 4225 vetere
2346 4172 2451 4234 via,
2483 4185 2672 4224 novam
2703 4171 2949 4224 semitam
2979 4173 3287 4240 quaerimus,
3320 4183 3373 4228 et
3403 4176 3456 4229 in

1884 4260 2096 4330 antiqua
2123 4258 2423 4329 detritaque
2447 4259 2690 4324 materia,
2719 4258 2908 4316 rudem
2931 4261 3064 4317 artis
3093 4263 3458 4334 excogitamus

1948 4435 2016 4494 (ε)
2053 4433 2176 4496 Αιὶαε
2201 4435 2273 4482 11.
2298 4431 2482 4496 scripta
2505 4447 2628 4484 anno
2649 4434 2758 4485 409.

1951 4495 2026 4557 (ά)
2059 4495 2358 4560 Yariattt,_ttt
2395 4495 2456 4543 ab
2491 4497 2594 4546 aliis
2635 4510 2831 4560 quoque
2870 4497 3142 4547 adnotatum
3190 4507 3297 4560 est,
3345 4501 3457 4554 Mss.

1886 4556 2200 4625 exemplaria,
2238 4557 2349 4625 aliis
2376 4556 2667 4625 Gerontium;
2705 4556 2783 4625 vel
2815 4560 3113 4625 Gerontium,
3137 4561 3262 4625 aliis
3283 4556 3458 4623 ’νενη-

1882 4617 2127 4682 _st'am,_'_vel
2167 4618 2493 4682 uellerusiam.
2523 4619 2600 4668 vel
2627 4621 2821 4682 tandem
2846 4619 3207 4682 Achertmdi:.nt.
3249 4617 3462 4682 legenti.

1885 4680 1991 4728 bus.
2018 4679 2144 4742 Vera
2176 4686 2339 4728 tamen
2365 4693 2424 4742 es
2452 4679 2728 4742 Hieronymi
2763 4680 2996 4742 allusioue
3031 4681 3254 4740 probatur
3293 4679 3457 4742 lectio,

1886 4739 2162 4802 {merci-hia,
2189 4755 2280 4789 non
2307 4749 2358 4802 ut
2381 4739 2655 4788 Martianmo
2677 4740 2831 4787 visum
2856 4748 2931 4788 est
2953 4740 3014 4787 ab
3033 4739 3203 4801 λ’γήρως,
3232 4754 3341 4802 qtae
3367 4739 3458 4793 vox

1882 4799 2214 4854 immortalem.
2241 4801 2319 4849 vel
2353 4816 2448 4849 non
2479 4801 2753 4850 sentientem
2775 4807 3056 4848 senectutem
3089 4799 3344 4862 signiticet,
3371 4807 3458 4852 Sed

1884 4877 2064 4924 neque,
2088 4872 2142 4910 ut
2165 4862 2406 4910 Victorius
2421 4870 2576 4967 putat.
2600 4874 2626 4907 a
2651 4862 3009 4921 congregatum,
3034 4865 3158 4922 quod
3179 4861 3359 4912 Graecis
3383 4875 3461 4915 est

1884 4935 2018 4967 inim-
2041 4925 2184 4967 ducto
2205 4924 2398 4967 tmtnine
2440 4930 2683 4967 uturoruut
2701 4923 2940 4967 vaticinia.
2959 4922 3086 4967 uuod
3104 4920 3291 4967 scilicet
3314 4928 3454 4967 avizv-

1881 4920 2019 4985 ἀγιξέυ,
2041 4925 2191 4985 ducto
2205 4924 2398 4970 nomine
2421 4920 2683 4985 futurorum
2701 4920 2940 4985 vaticinia,
2959 4920 3086 4985 quod
3104 4920 3291 4971 scilicet
3314 4928 3456 4985 avito,

1881 4983 2064 5042 matris,
2103 4984 2379 5043 amitaeque,
2407 4983 2708 5042 probaturum
2734 4996 2782 5028 Ill
2805 4983 2993 5030 Christo
3017 4984 3318 5037 feminarum,
3347 4983 3454 5036 eam

1883 5046 2022 5093 turba
2044 5042 2402 5104 circumstaret;
2430 5056 2595 5104 verum
2618 5056 2644 5088 a
2669 5043 2958 5091 strenuitate
2978 5042 3220 5104 animique
3238 5056 3454 5096 cuustauo

1883 5107 1963 5168 tia,
2000 5117 2058 5152 ac
2080 5103 2381 5160 fortitudine,
2405 5111 2457 5151 ttt
2481 5103 2651 5168 Graece
2675 5111 2824 5168 sonat
2840 5117 3030 5168 nomen
3071 5115 3256 5168 ργιραεχῇι,
3283 5121 3456 5168 Agam-

1881 5158 2006 5226 gina,
2043 5176 2140 5226 quo
2168 5176 2315 5226 sensu
2339 5158 2386 5212 et
2420 5179 2446 5212 a
2481 5164 2720 5226 Gregorio
2743 5158 3148 5226 Nazianzenode'
3169 5158 3399 5224 Nouafet
3423 5184 3451 5220 a

1882 5223 2171 5286 Philostrato
2195 5225 2226 5271 l.
2250 5223 2296 5271 2.
2320 5226 2384 5273 de
2416 5226 2524 5273 Vita
2564 5223 2824 5286 Apollonii,
2853 5233 2905 5272 et
2931 5225 2992 5271 ab
3015 5223 3121 5274 aliis
3152 5223 3375 5286 sumitur,
3403 5240 3456 5282 et

1880 5286 2017 5348 Hier.
2045 5285 2155 5348 heic
2184 5287 2316 5346 quasi
2351 5286 2507 5348 digito
2531 5293 2682 5334 notat.
2716 5285 2951 5348 LeXtcum
2975 5286 3193 5335 Graecum
3219 5285 3455 5342 ineditum

1881 5346 2106 5395 mirandae
2141 5346 2424 5406 vetustatis,
2458 5348 2595 5408 cujus
2633 5346 2956 5407 ajographum
2989 5349 3112 5408 apud
3151 5362 3238 5397 nos
3271 5360 3366 5408 est,
3403 5361 3454 5404 et

1880 5421 1974 5457 κατὰ
1994 5411 2132 5469 Datum:
2153 5420 2214 5456 τὸν
2234 5420 2396 5467 θηβαῑον,
2425 5408 2674 5456 celebrem
2699 5421 2875 5469 nempe
2907 5408 3041 5456 illttm
3065 5422 3120 5457 ac
3141 5409 3447 5464 desideratis

1879 5469 2392 5538 simtunninscribitur,
2439 5469 3007 5538 ATtMc;__ittterprctatttr
3029 5480 3178 5538 eam
3209 5491 3339 5538 aulas,
3369 5475 3454 5538 qui

1878 5528 2017 5600 valde
2039 5528 2294 5594 gloriatur,
2317 5528 2427 5592 qua:
2452 5528 2699 5600 propesito
2715 5528 2880 5579 nostro
2905 5528 3194 5600 etytmlogia
3216 5528 3455 5600 ips-aquo-

1881 5605 1978 5702 que
2002 5590 2265 5653 incongrua
2307 5590 2400 5640 non
2433 5590 2700 5650 (ἐθίζουσα
2737 5600 2900 5640 autem
2939 5590 3178 5642 Victorius
3213 5590 3452 5656 virginem

1924 5653 2204 5702 aeruchiam
2227 5660 2384 5702 vocat.
2405 5655 2669 5702 memerita.
2697 5659 2751 5702 ut
2774 5653 2960 5702 videtur
2986 5655 3139 5702 lansu.
3161 5656 3355 5702 dixerit.

1924 5653 2204 5716 geruchiam
2227 5660 2384 5714 vocat,
2405 5655 2669 5715 memoria,
2697 5659 2751 5703 ut
2774 5653 2960 5704 videtur
2986 5655 3139 5718 lapsu,
3161 5653 3356 5708 dixerit.
