4026 6186
193 280 203 288 -·
229 262 253 314 1
266 262 374 320 049

224 380 466 435 viduitas
491 380 704 436 solutio.
735 376 880 434 Uxor
909 375 1139 447 alligata
1161 383 1246 431 est
1275 375 1410 440 viro,
1447 384 1502 432 et
1529 377 1607 431 vir
1635 378 1787 432 uxori

225 472 482 542 alligatus
509 479 592 525 est
617 487 632 525 :
658 471 709 524 in
728 477 952 531 tantum,
975 477 1032 522 ut
1059 466 1140 522 sui
1161 467 1405 537 corporis
1434 481 1542 522 non
1571 467 1804 522 habeant

230 573 574 633 potestatem,
604 570 657 616 et
679 561 994 615 alterutrum
1018 559 1254 614 debitum
1279 559 1522 614 reddam.
1555 559 1662 614 Nec
1684 573 1808 628 pos-

227 656 346 709 sint
375 654 566 708 habere
595 652 863 721 pudicitia:
891 651 1211 715 libertatem,
1242 650 1331 718 qui
1359 652 1599 705 serviunt
1637 650 1810 704 domi-

229 745 385 797 natui
403 742 729 810 nuptiarum.
752 741 1009 810 Quodque
1027 740 1248 804 addidit,
1274 749 1470 793 tantum
1486 741 1539 794 in
1567 739 1804 806 Domino,

223 841 475 900 amputat
500 831 845 885 Ethnicorum
868 831 1138 900 conjugia,
1161 829 1230 884 de
1255 830 1450 900 quibus
1476 831 1526 883 in
1556 831 1661 884 alio
1690 830 1809 884 loco

221 921 442 975 dixerat
474 939 488 975 :
525 921 698 976 Nolite
731 921 915 991 jugunt
962 921 1144 974 ducere
1185 937 1299 973 cum
1335 920 1648 989 inﬁdelibus.
1683 921 1811 985 Qua:

219 1013 364 1066 enim
393 1013 716 1082 participatio
735 1013 954 1082 justitiw
992 1028 1106 1065 cum
1132 1012 1428 1080 iniquitate?
1454 1012 1554 1065 Aut
1581 1027 1695 1080 qua:
1723 1027 1808 1064 so.

219 1107 387 1159 cietas
415 1105 543 1159 lucis
580 1121 694 1158 cum
731 1103 983 1158 tenebris?
1011 1104 1140 1168 Qua:
1165 1105 1428 1157 conventio
1469 1104 1660 1157 Christi
1694 1120 1809 1157 cum

217 1197 433 1252 Belial?
446 1199 548 1251 Aut
569 1214 681 1267 quia
705 1215 824 1266 pars
853 1199 992 1265 ﬁdeli
1018 1214 1131 1250 tum
1157 1197 1392 1265 infideli?
1421 1197 1522 1262 Qui
1541 1212 1811 1250 consensus

219 1289 421 1357 templo
452 1289 546 1342 Dei
584 1305 698 1342 cum
729 1289 878 1342 idolis
918 1287 995 1360 (2.
1029 1288 1145 1342 Cor.
1178 1289 1231 1343 6.
1261 1289 1348 1344 14.
1394 1297 1440 1342 et
1483 1289 1696 1359 seqq.)?
1732 1287 1830 1364 Ne

220 1381 441 1434 scilicet
470 1395 686 1434 aremus
728 1382 778 1432 in
820 1379 978 1445 bove,
1025 1388 1078 1432 et
1107 1381 1260 1432 asino
1289 1377 1519 1452 (Denter.
1551 1379 1642 1432 22.
1674 1379 1762 1447 10)
1793 1395 1806 1432 :

224 1487 299 1525 ne
324 1473 500 1524 tunica
534 1471 804 1539 nuptialis,
836 1472 985 1524 vario
1024 1471 1096 1524 sit
1125 1479 1264 1524 texta
1311 1471 1667 1540 subtegmine.
1700 1471 1807 1524 Ex-

221 1561 537 1630 temploqne
576 1561 712 1614 tollit
755 1561 897 1630 quod
935 1569 1301 1624 concesserat,
1345 1569 1400 1613 et
1443 1561 1591 1630 quasi
1636 1560 1807 1629 paeni-

225 1663 340 1708 teat
365 1668 485 1706 eum
521 1653 805 1706 sententia:
829 1667 962 1716 sum,
996 1651 1254 1705 retrahit:
1282 1650 1489 1704 Beatior
1515 1652 1624 1714 erit,
1665 1651 1711 1703 si
1737 1651 1809 1703 sic

223 1744 601 1813 permanserit;
631 1743 818 1809 suique
845 1742 947 1796 hoc
975 1742 1140 1807 magis
1163 1740 1236 1808 (a)
1270 1740 1399 1794 dicit
1424 1755 1545 1794 esse
1571 1740 1802 1793 consilii.

227 1833 388 1900 Quod
428 1850 494 1888 ne
537 1842 913 1886 contemnatur
955 1840 1011 1884 ut
1054 1830 1288 1882 hominis
1313 1847 1326 1881 :
1351 1829 1583 1898 Spiritus
1623 1830 1805 1884 Sancti

225 1924 548 1978 auctoritate
570 1921 872 1985 conﬁrmat,
899 1930 953 1974 ut
981 1936 1086 1974 non
1115 1920 1398 1989 indulgens
1419 1919 1581 1973 homo
1609 1920 1809 1989 fragili-

224 2015 326 2069 tati
347 2015 524 2067 carnis
548 2015 826 2077 humanm;
849 2011 942 2064 sed
971 2015 1022 2064 in
1047 2011 1300 2079 Apostolo
1319 2009 1548 2078 Spiritus
1577 2008 1806 2064 Sanctus

227 2106 551 2174 praecipiens
576 2105 842 2158 audiatur.
876 2104 984 2157 Nec
1018 2104 1119 2156 sibi
1148 2104 1286 2156 ineo
1316 2119 1577 2156 annorum
1605 2103 1808 2171 puella-

223 2198 371 2252 rium
413 2197 574 2250 debet
593 2197 748 2250 vidua
777 2195 1023 2259 blandiri,
1054 2196 1193 2264 quod
1232 2212 1336 2249 non
1368 2197 1544 2248 minus
1582 2210 1808 2261 sexage-

226 2281 441 2342 nariam
491 2287 614 2357 eligi
663 2289 903 2356 prmcipit
932 2288 1008 2360 (ί.
1049 2287 1186 2343 Tim.
1232 2288 1286 2342 5.
1331 2287 1407 2356 9').
1448 2287 1633 2357 Neque
1665 2290 1806 2342 enim

229 2379 511 2446 innuptas,
557 2376 640 2431 vel
675 2376 992 2445 juvenculas
1036 2377 1197 2445 cogit,
1247 2385 1304 2429 ut
1349 2377 1570 2442 nubant,
1614 2377 1702 2444 qui
1741 2376 1808 2430 de

228 2470 412 2538 nuptis
437 2484 648 2538 quoque
678 2469 910 2538 loquitur
935 2487 949 2521 :
972 2467 1194 2538 Tempus
1220 2468 1362 2521 breue
1392 2478 1465 2521 est
1494 2485 1507 2520 :
1543 2467 1803 2538 Superest.

229 2569 308 2619 ut,
358 2569 404 2611 et
441 2560 526 2625 qui
555 2559 738 2611 habent
775 2575 955 2612 uxores
996 2559 1068 2611 sic
1107 2560 1227 2625 sint,
1273 2561 1419 2628 quasi
1462 2575 1562 2612 non
1592 2557 1808 2611 habeant

230 2648 312 2718 (ι.
342 2648 460 2703 Cor.
494 2649 546 2701 7.
577 2647 708 2718 29);
738 2649 830 2702 sed
860 2649 926 2702 de
958 2649 1040 2702 his
1061 2648 1234 2702 viduis
1254 2648 1510 2717 disputat,
1539 2665 1659 2718 quae
1685 2663 1808 2702 suo-

232 2753 351 2792 rum
384 2743 686 2791 nutriuntur
714 2739 1004 2798 alimentis.
1035 2754 1154 2808 qua:
1191 2739 1437 2803 ﬁliorum,
1473 2750 1526 2794 et
1554 2751 1804 2808 nepotum

233 2832 534 2886 cervicibus
581 2833 947 2902 imponuntur.
978 2831 1180 2898 Quibus
1211 2833 1456 2902 imperat,
1499 2841 1559 2887 ut
1600 2834 1806 2886 discant

232 2921 450 2974 domum
480 2937 630 2974 suam
659 2923 859 2984 colere,
892 2932 946 2975 et
975 2937 1318 2976 remunerare
1348 2931 1592 2990 parentes
1618 2932 1671 2976 et
1695 2923 1807 2976 sul-

230 3011 478 3066 ﬁeieuter
514 3012 592 3065 eis
633 3013 890 3077 tribuere,
935 3021 994 3066 ut
1034 3028 1138 3066 non
1185 3023 1436 3081 gravetur
1465 3013 1723 3073 Ecclesia.
1754 3023 1808 3066 et

233 3105 404 3174 possit
428 3105 590 3158 certis
618 3104 791 3157 viduis
839 3105 1161 3158 ministrare.
1197 3104 1275 3159 De
1304 3106 1495 3173 quibus
1536 3106 1793 3172 scriptum

231 3202 316 3248 est
345 3209 366 3247 :
394 3191 605 3245 Honora
630 3193 831 3258 viduas,
853 3209 967 3262 qua:
991 3208 1119 3245 verte
1141 3193 1306 3246 vidua:
1333 3203 1450 3247 sunt
1476 3191 1522 3265 (Ι
1539 3233 1550 3246 .
1588 3192 1720 3246 Tim.
1750 3193 1802 3246 5.

231 3282 315 3353 3).
359 3284 460 3336 hoc
503 3291 607 3344 est,
652 3297 771 3351 qua:
809 3283 953 3336 omni
998 3297 1220 3336 suorqu
1270 3283 1471 3336 auxilio
1513 3282 1804 3347 destitutas,

231 3389 354 3444 qua:
395 3373 644 3427 manibus
681 3373 793 3427 suis
822 3373 1067 3428 laborare
1108 3388 1210 3427 non
1242 3381 1486 3441 possunt,
1517 3387 1650 3442 quas
1681 3389 1810 3441 pau—

236 3476 413 3534 pertas
437 3465 698 3528 debilitat,
726 3477 965 3534 mtasque
993 3466 1208 3521 conﬁcit
1239 3483 1255 3521 :
1286 3467 1480 3535 quibus
1508 3467 1650 3521 Deus
1686 3480 1808 3534 spes

235 3567 335 3621 est,
380 3566 433 3611 et
474 3572 633 3611 omne
676 3571 810 3627 Opus
853 3558 1049 3613 oratio.
1094 3559 1170 3612 Ex
1220 3573 1326 3628 quo
1365 3558 1522 3612 datur
1558 3560 1802 3629 intelligi,

235 3647 659 3703 adolescentulus
688 3649 893 3714 viduas,
924 3640 1162 3718 exceptis
1193 3649 1275 3702 bis
1309 3666 1444 3719 quas
1468 3660 1691 3705 excusat
1727 3653 1808 3705 iii-

238 3738 476 3800 ﬁrmitas.
504 3739 590 3793 vel
631 3753 730 3793 suo
758 3739 945 3802 labori,
978 3740 1058 3794 vel
1100 3740 1414 3807 liberorum,
1507 3737 1671 3812 905
1753 3749 1808 3796 et

239 3827 653 3898 propinquorum
679 3828 976 3882 ministerio
1001 3828 1258 3897 delegari.
1290 3830 1472 3884 Honor
1497 3840 1674 3884 autem
1704 3831 1805 3882 im-

237 3920 662 3990 prazsentiarum,
694 3919 781 3973 vel
821 3933 920 3987 pro
945 3919 1308 3990 eleemosyna,
1345 3921 1429 3973 vel
1458 3935 1556 3988 pro
1585 3937 1806 3975 munere

234 4009 513 4077 accipitur,
542 4017 601 4061 ut
629 4015 710 4062 est
737 4007 887 4071 illud,
921 4005 1210 4077 Presbyteri
1234 4008 1430 4079 duplici
1450 4009 1643 4062 honore
1665 4011 1806 4080 digni

234 4100 534 4165 habeantur,
577 4099 795 4152 maxime
819 4099 905 4167 qui
941 4098 1172 4152 laborant
1211 4101 1264 4153 in
1293 4101 1459 4166 verbo,
1491 4111 1540 4154 et
1579 4102 1806 4156 doctrina

234 4192 310 4260 (1.
352 4188 482 4243 Tim.
529 4189 721 4258 5.17).
755 4188 823 4243 Et
868 4191 919 4242 in
963 4190 1248 4259 Evangelio
1297 4190 1548 4245 Dominus
1587 4191 1805 4248 disserit

237 4279 543 4335 mandatum
595 4279 786 4350 Legis,
843 4281 893 4332 in
938 4294 1044 4349 quo
1087 4267 1316 4334 dicitur:
1354 4279 1564 4335 Honora
1601 4261 1804 4352 [patrem

237 4387 396 4438 tuum,
419 4381 464 4426 et
494 4381 702 4426 matrem
727 4381 864 4424 tuam
895 4371 1083 4440 (Exod.
1115 4372 1203 4426 20.
1231 4372 1366 4442 21);
1396 4389 1500 4426 non
1534 4374 1583 4427 in
1615 4376 1807 4430 verbo-

238 4482 349 4519 rum
381 4478 536 4527 sono,
564 4464 656 4533 qui
697 4463 927 4531 inopiam
957 4473 1255 4532 parentum,
1293 4479 1444 4519 cassa
1476 4474 1648 4533 potest
1676 4468 1804 4522 adu-

237 4557 428 4610 latione
456 4555 722 4621 frustrari,
750 4554 842 4610 sed
871 4555 921 4608 in
951 4555 1118 4610 victus
1147 4557 1468 4612 necessariis
1495 4559 1803 4613 ministran-

237 4647 316 4700 dis
356 4646 551 4702 debere
594 4646 837 4715 intelligi.
865 4644 1093 4700 Jubente
1131 4646 1276 4700 enim
1318 4647 1563 4714 Domino,
1616 4659 1673 4702 ut
1711 4650 1801 4704 lilii

236 4738 441 4792 alerent
485 4745 731 4805 parentes
781 4726 1062 4805 pauperes,
1113 4744 1168 4789 et
1210 4737 1498 4792 redderent
1545 4739 1802 4794 beneﬁcia

238 4827 471 4890 senibus,
509 4841 626 4896 qua:
655 4828 860 4895 parvuli
901 4837 1240 4896 acceperant,
1274 4827 1497 4895 Scribm,
1527 4842 1581 4884 et
1612 4829 1801 4885 Phari-

237 4916 326 4968 saei
355 4928 386 4968 e
408 4917 674 4972 contrario
699 4917 962 4973 docebant
983 4918 1143 4982 ﬁlios,
1177 4927 1234 4971 ut
1256 4921 1560 4987 parentibus
1587 4937 1804 4991 respou-

235 5007 428 5061 dcrent
458 5023 474 5060 :
506 5004 722 5073 (Iarban,
749 5007 850 5063 hoc
878 5016 980 5072 est,
1012 5007 1219 5073 donum,
1253 5007 1394 5078 quod
1421 5010 1574 5063 altari
1602 5013 1805 5080 pollici-

239 5110 320 5152 tus
361 5113 500 5160 sum.
533 5107 588 5153 et
629 5099 681 5152 in
727 5099 909 5168 templi
938 5099 1077 5154 dona
1107 5100 1347 5168 promisi,
1381 5099 1459 5170 (b)
1487 5101 1532 5154 si
1564 5109 1617 5156 tu
1658 5117 1688 5155 a
1719 5118 1804 5159 me

296 5207 368 5279 (a)_
400 5205 529 5279 Heie
563 5205 880 5279 vocemOdicit
909 5207 1228 5279 restituimus,
1256 5213 1307 5278 et
1335 5219 1478 5268 supra
1514 5216 1660 5270 atque
1685 5210 1804 5262 infra

237 5267 446 5330 quedam
467 5267 559 5316 alia
580 5268 782 5317 minoris
802 5273 1032 5316 momenti
1052 5267 1433 5316 emendavimus.
1581 5267 1594 5270 “

238 5389 272 5392 ω
300 5327 361 5392 (ἐς)
401 5328 658 5377 Libentius
679 5329 900 5392 legerem
923 5328 1012 5379 etsi
1032 5344 1063 5378 a
1086 5343 1160 5379 me
1181 5342 1272 5378 non
1295 5329 1555 5389 acceperis,
1580 5338 1634 5380 ut
1657 5333 1725 5380 eti
1741 5347 1803 5383 .m

237 5389 473 5437 V‘ictc'irius
496 5389 792 5452 eoiijecerat.
817 5391 911 5452 Hie
935 5393 1063 5439 enim
1086 5400 1162 5440 est
1185 5403 1376 5452 sensus,
1401 5404 1546 5452 quem
1571 5392 1707 5440 Hier.
1733 5397 1803 5443 in-

237 5451 405 5504 tendit.
435 5450 525 5513 etsi
551 5463 728 5511 nempe
744 5450 932 5513 templo
957 5455 1157 5513 nouitibi
1175 5451 1374 5510 dedero,
1397 5450 1617 5500 vertetur
1641 5461 1802 5502 tamen

237 5513 408 5559 donum
435 5511 482 5574 in
508 5517 640 5558 tuum
680 5511 1019 5574 refrigerium,
1043 5512 1242 5574 Gravius
1265 5513 1314 5560 in
1353 5521 1560 5561 nostram
1598 5521 1802 5563 senten-

238 5575 346 5619 tiam
381 5572 528 5634 etiam
568 5579 789 5634 veterum
803 5572 1178 5634 'exemplarium
1217 5573 1361 5622 ﬁdem
1397 5581 1712 5633 contestatur,
1751 5583 1804 5625 et

236 5633 494 5746 :irigelnis,
539 5643 606 5683 ac.
636 5632 916 5697 Hieronymi
962 5632 1012 5682 in
1055 5633 1329 5684 Mattbazum
1374 5636 1804 5699 interpretationes

253 5707 366 5742 suos
395 5733 404 5743 .

1565 261 1888 321 EPISTOLA
1927 261 2160 319 CXXIII.

3341 281 3478 338 1050

1898 378 2170 448 acceperis
2185 377 2357 446 cibos,
2393 387 2640 436 vertetur
2663 381 2717 437 in
2745 389 2890 438 tuum
2919 385 3278 457 refrigerium.
3310 397 3483 464 Atque

1910 469 1982 525 ita
2011 471 2192 536 ﬁebat,
2229 481 2286 526 ut
2316 473 2600 543 egentibus
2635 483 2810 544 patre,
2839 484 2896 531 et
2940 487 3134 543 matre,
3163 481 3486 540 sacriﬁcium

1909 561 2162 616 olferrent
2190 561 2304 630 ﬁlii,
2333 563 2476 634 quod
2516 563 2836 620 Sacerdotes
2869 565 3179 637 Scribmque
3207 585 3492 630 consume-

1909 663 2050 708 rent.
2078 655 2132 711 Si
2173 671 2298 725 ergo
2329 657 2620 725 Apostolus
2651 672 2915 727 pauperes
2941 658 3126 712 viduas
3154 660 3270 729 (eas
3311 671 3486 720 tamen

1910 760 2029 814 quae
2056 745 2468 800 adulescentula:
2494 758 2640 810 sunt,
2671 758 2728 802 et
2765 749 2908 802 nulla
2933 749 3208 805 debilitate
3232 750 3490 820 frangun-

1913 831 2016 905 tur)
2048 835 2189 904 cogit
2214 836 2323 890 suis
2349 837 2595 890 manibus
2625 837 2890 903 laborare,
2916 854 2984 893 ne
3022 850 3274 910 gravetur
3297 841 3490 897 Eccle-

1912 925 2008 987 sia,
2029 935 2082 978 et
2104 926 2270 994 possit
2288 941 2421 980 anus
2443 927 2629 980 viduas
2657 938 2994 995 sustentare;
3019 947 3119 999 qua
3143 934 3487 989 excusatione

1913 1023 2108 1080 utetur,
2140 1032 2259 1085 qua:
2293 1018 2483 1084 Opibus
2525 1017 2706 1071 mundi
2737 1018 2928 1086 afﬂuit,
2969 1036 3088 1089 qua:
3120 1032 3296 1090 potest
3325 1025 3486 1077 etiam

1911 1105 2029 1159 aliis
2060 1105 2389 1172 ministrare,
2437 1115 2493 1161 et
2519 1107 2589 1162 de
2619 1108 2802 1176 iniquo
2845 1124 3148 1163 mammona
3179 1112 3278 1164 sibi
3312 1111 3493 1167 facere

1913 1197 2135 1260 amicos,
2165 1197 2253 1266 qui
2280 1199 2486 1267 possint
2514 1214 2631 1252 eam
2663 1201 2712 1253 in
2755 1209 2952 1254 mterna
2986 1200 3327 1256 tabernacula
3357 1203 3494 1258 reci-

1916 1290 2076 1357 pere?
2119 1289 2397 1357 Simulque
2423 1290 2726 1355 considera,
2758 1292 2900 1360 quod
2927 1291 3084 1346 vidua
3127 1307 3234 1346 non
3263 1293 3491 1363 eligatur

1913 1380 2011 1434 nisi
2041 1381 2196 1434 unius
2228 1381 2325 1434 viri
2355 1395 2490 1434 uxor
2521 1391 2611 1435 :et
2639 1398 2736 1434 nos
2759 1382 2826 1452 (c)
2857 1393 3104 1452 putamus
3133 1383 3482 1437 Sacerdotuni

1912 1470 2012 1524 hoc
2046 1482 2245 1525 tantum
2276 1487 2396 1526 esse
2428 1473 2786 1542 privilegium,
2835 1483 2892 1526 tit
2921 1489 3025 1528 non
3068 1474 3380 1528 admittatur
3419 1474 3484 1527 ad

1909 1565 2096 1627 altare,
2139 1564 2238 1617 nisi
2267 1565 2354 1632 qui
2399 1579 2560 1618 unam
2590 1563 2839 1618 habuerit
2877 1581 3120 1621 uxorem.
3153 1564 3268 1620 Non
3315 1567 3488 1620 solum

1909 1655 2050 1708 enim
2074 1655 2141 1709 ab
2167 1654 2345 1708 ofﬁcio
2367 1654 2664 1709 Sacerdotii
2687 1655 2932 1724 digamus
2958 1656 3285 1721 excluditur;
3315 1657 3408 1711 sed
3435 1665 3490 1712 et

1907 1746 1974 1798 ab
2002 1746 2338 1815 eleemosyna
2371 1745 2644 1809 Ecclesixc,
2681 1745 2804 1798 dum
2838 1747 3050 1816 indigna
3075 1757 3295 1814 putatur
3321 1746 3481 1812 stipe,

1907 1850 2026 1904 qua:
2055 1835 2122 1888 ad
2168 1835 2402 1890 secunda
2438 1834 2684 1904 conjugia
2724 1834 2974 1888 devoluta
3017 1845 3120 1890 est.
3174 1836 3487 1906 Quanquam

1909 1925 2024 1994 lege
2054 1925 2384 1980 Sacerdotali
2431 1922 2510 1996 (ά)
2558 1933 2823 1990 teneatur,
2872 1935 2927 1978 et
2970 1925 3162 1989 laicus,
3194 1926 3284 1994 qui
3327 1926 3485 1980 talem

1909 2017 2149 2083 prtebere
2193 2030 2254 2069 se
2290 2015 2473 2080 debet,
2519 2025 2578 2068 ut
2618 2016 2785 2084 possit
2829 2015 2951 2084 eligi
2995 2017 3048 2068 in
3092 2014 3483 2070 Sacerdotium.

1908 2105 2022 2160 Non
2050 2106 2192 2159 enim
2218 2106 2452 2173 eligitur,
2479 2106 2522 2167 si
2550 2105 2794 2174 digainus
2815 2104 2994 2158 fuerit.
3026 2105 3194 2159 Porro
3213 2105 3486 2174 eliguntur

1908 2212 1974 2250 ex
2019 2197 2164 2249 Iaicis
2211 2189 2730 2264 sacerdotesgﬁrgo
2773 2205 2825 2249 et
2855 2195 3025 2248 laicus
3082 2203 3291 2248 tenetur
3331 2209 3480 2248 man-

1907 2285 2052 2348 dato,
2086 2300 2180 2353 per
2209 2284 2349 2352 quod
2375 2283 2451 2336 'ad
2479 2282 2840 2337 sacerdotium
2871 2283 3202 2350 pervenitur.

1979 2375 2031 2429 7.
2075 2372 2234 2427 Aliud
2262 2381 2346 2427 est
2369 2372 2510 2441 quod
2553 2372 2666 2425 vult
2691 2371 2983 2442 Apostolus
3011 2389 3025 2426 :
3056 2371 3200 2426 aliud
3236 2370 3378 2441 quod
3405 2386 3480 2428 co-

1908 2465 2050 2534 gitur
2083 2464 2240 2518 velle.
2288 2463 2357 2518 Ut
2395 2463 2656 2517 concedat
2695 2461 2929 2516 secunda
2974 2462 3312 2518 matrimonia
3355 2478 3489 2518 mem

1908 2566 1988 2610 est
2009 2555 2430 2621 incolitinentim,
2503 2553 2666 2624 905
2739 2569 2844 2608 non
2869 2553 3009 2608 illius
3030 2555 3336 2608 voluntatis.
3359 2553 3488 2608 Vult

1909 2663 2094 2700 omnes
2135 2661 2255 2701 esse
2285 2647 2422 2700 sicut
2465 2649 2725 2714 seipsum,
2768 2654 2822 2700 et
2864 2660 2925 2700 ea
2974 2646 3210 2715 cogitare
3238 2661 3356 2713 qua:
3397 2646 3487 2700 Dei

1909 2747 2054 2802 sunt,
2087 2746 2140 2791 et
2166 2737 2373 2790 solutos
2404 2751 2736 2806 nequaquam
2775 2736 2910 2790 ultra
2941 2737 3164 2804 alligari.
3193 2735 3296 2792 Sed
3333 2738 3376 2788 si
3408 2735 3487 2788 la-

1910 2829 2121 2891 bentes,
2157 2843 2251 2896 per
2289 2828 2732 2881 incontinentiam
2763 2827 2828 2880 ad
2857 2827 3166 2881 barathrum
3213 2828 3380 2895 stupri
3412 2828 3488 2880 vi-

1910 2918 2049 2972 derit
2077 2917 2392 2986 pervenire;
2429 2916 2676 2985 digamise
2717 2916 2940 2984 porrigit
2982 2932 3219 2982 manum,
3264 2925 3324 2969 ut
3363 2930 3483 2970 cum

1912 3022 2013 3061 una
2067 3007 2254 3076 magis,
2303 3021 2460 3074 quam
2501 3021 2623 3059 cum
2675 3005 2916 3075 pluribus
2964 3006 3289 3060 volutentur.
3334 3006 3486 3072 Quod

1911 3112 2244 3166 nequaquam
2278 3105 2334 3148 ut
2359 3111 2540 3150 amare
2566 3095 2785 3159 dictum,
2817 3105 2872 3150 et
2898 3104 3084 3149 contra
3126 3096 3366 3164 Apostoli
3395 3111 3483 3152 re-

1908 3190 2107 3260 gulam,
2137 3188 2406 3244 secundus
2435 3190 2708 3257 nuptiator
2735 3187 3006 3242 exaudiat.
3045 3187 3170 3242 Dum
3195 3189 3335 3242 enim
3361 3199 3487 3242 sunt

1909 3279 2152 3349 Apostoli
2186 3279 2524 3333 voluntates:
2558 3293 2660 3332 una
2699 3293 2804 3347 qua
2835 3279 3107 3348 prcecepit,
3153 3278 3281 3332 Dico
3319 3287 3486 3332 autent

1910 3370 2151 3439 innuptis,
2198 3379 2244 3423 et
2274 3369 2434 3422 viduis
2462 3385 2480 3422 :
2503 3368 2688 3422 bonum
2726 3380 2800 3422 cst
2849 3367 2956 3422 illis
2991 3370 3036 3422 si
3074 3370 3146 3422 sic
3195 3385 3488 3438 permanse-

1907 3462 2030 3524 rint,
2058 3462 2186 3514 sicut
2211 3469 2257 3535 et
2284 3476 2396 3530 ego.
2427 3460 2608 3514 Altera
2645 3475 2747 3529 qua
2777 3459 3016 3530 indulget
3045 3479 3058 3515 :
3093 3461 3156 3528 Si
3180 3473 3348 3515 autent
3387 3479 3488 3517 non

1907 3568 1960 3605 se
1994 3555 2264 3615 continent,
2309 3551 2517 3605 nubant.
2565 3550 2752 3605 Melius
2785 3560 2858 3606 est
2905 3553 3038 3605 enim
3085 3551 3292 3619 nubere,
3337 3556 3490 3623 guunt

1906 3645 2006 3697 uri.
2040 3644 2276 3698 Primum
2317 3643 2444 3711 quid
2470 3642 2641 3698 velit:
2669 3643 2864 3699 deinde
2907 3644 3034 3713 quid
3075 3656 3297 3716 cogatur
3325 3647 3485 3714 velle,

1908 3734 2266 3788 demonstrat.
2300 3733 2427 3787 Vult
2454 3747 2555 3787 nos
2586 3747 2900 3802 permanere
2932 3745 3051 3802 post
3081 3736 3316 3804 nuptias,
3350 3736 3491 3791 sicut

1908 3827 2145 3892 seipsum
2179 3833 2272 3878 :et
2294 3825 2582 3893 proposita:
2605 3822 2953 3877 beatitudinis
2991 3825 3356 3890 Apostolicum
3389 3842 3487 3894 po-

1910 3909 2328 3974 nitexetnplum.
2357 3908 2452 3960 Sin
2483 3913 2663 3959 autem
2693 3919 2792 3958 nos
2812 3903 3005 3957 viderit
3026 3904 3171 3960 nolle
3201 3907 3341 3974 quod
3373 3908 3488 3976 ipse

1907 3996 2057 4060 vult,
2112 3995 2515 4048 incontinentiae
2573 4002 2772 4048 nostra:
2827 3990 3014 4046 tribuit
3077 3993 3483 4065 indulgentiam.

1908 4089 2076 4153 Quam
2124 4100 2156 4140 e
2198 4085 2407 4139 duabus
2445 4084 2692 4153 eligimus
2736 4083 3091 4150 voluntatem,
3138 4086 3278 4156 quod
3319 4087 3487 4155 magis

1911 4179 2040 4244 vult,
2073 4187 2126 4232 et
2154 4176 2294 4246 quod
2327 4191 2423 4246 per
2452 4190 2512 4231 se
2536 4177 2736 4231 bonum
2761 4185 2844 4231 est
2874 4191 2889 4230 :
2916 4191 2983 4230 an
3007 4178 3146 4248 quod
3177 4179 3302 4234 mali
3331 4194 3485 4234 com-

1909 4268 2190 4340 paratione
2237 4265 2297 4320 ﬁt
2326 4266 2519 4332 levius,
2568 4275 2624 4321 et
2669 4267 2898 4337 quodam
2945 4269 3106 4323 modo
3147 4286 3246 4326 nec
3286 4271 3482 4326 bonum

1908 4371 2011 4426 est,
2041 4360 2164 4430 quia
2213 4360 2498 4430 prmfertur
2541 4361 2725 4417 malo?
2757 4361 2897 4431 Ergo
2941 4361 2988 4416 si
3031 4362 3294 4432 eligimus,
3341 4365 3481 4433 quod

1909 4452 2202 4522 Apostolus
2233 4468 2338 4505 non
2367 4453 2502 4518 vult,
2552 4452 2646 4507 sed
2684 4453 2824 4508 velle
2863 4454 3218 4523 compellitur,
3255 4455 3363 4508 imo
3388 4469 3480 4509 ac-

1907 4544 2134 4614 quiescit
2181 4542 2450 4598 deteriora
2501 4544 2870 4612 cupientibus,
2922 4559 3025 4596 non
3072 4543 3332 4612 Apostoli,
3381 4545 3474 4598 sed

1907 4647 2142 4689 nostram
2188 4633 2414 4689 facimus
2457 4633 2778 4688 voluntatem
2811 4634 2888 4702 (Ι)
2922 4632 3172 4702 Legimus
3217 4633 3271 4686 iii
3307 4635 3474 4688 veteri

1968 4791 2037 4853 (c)
2075 4789 2248 4842 Contra
2268 4789 2796 4853 Hieronymi_mentem
2836 4785 3028 4853 legerat
3071 4789 3238 4853 Editor
3272 4790 3480 4853 Benedi~

1904 4849 2082 4909 ctinus,
2101 4858 2156 4900 Et
2177 4863 2261 4900 nos
2283 4849 2520 4912 putamus.
2546 4849 2778 4912 Reatinus
2798 4849 2940 4910 paulo
2956 4852 3144 4912 rectius
3160 4851 3440 4912 putabamus
3463 4866 3480 4902 :

1905 4913 1992 4960 sed
2018 4926 2179 4973 neque
2205 4910 2309 4958 haec
2346 4910 2492 4958 lectio
2529 4910 2668 4975 nobis
2690 4911 2806 4959 satis
2840 4912 3080 4972 probatur,
3117 4910 3482 4975 legendumque

1905 4972 2211 5028 arbitramur,
2237 4978 2281 5020 et
2302 4983 2396 5020 non
2417 4972 2698 5029 putandum.

1969 5032 2043 5092 (ά)
2081 5032 2334 5091 Sumptum
2358 5039 2694 5092 argumentum
2732 5042 2797 5077 ex
2835 5029 3120 5092 Tertulliani
3160 5031 3246 5082 lib.
3285 5034 3349 5084 de
3381 5035 3478 5085 Ex-

1905 5090 2177 5144 hortatione
2201 5090 2452 5146 castitatis,
2477 5091 2559 5138 ubi
2599 5091 2914 5146 monogamia:
2951 5093 3022 5140 sic
3057 5095 3226 5143 astruit
3266 5099 3480 5145 necessi-

1903 5163 2069 5218 tatem,
2098 5170 2119 5196 ι
2142 5151 2342 5210 Omnes,
2388 5153 2558 5218 inquit,
2589 5164 2689 5218 _nos
2741 5151 3025 5218 Deus__vu2t
3069 5154 3322 5218 diSpositos
3346 5171 3480 5218 esse,

1905 5224 1959 5264 ut
1982 5214 2164 5274 ubique
2203 5211 2517 5275 sacramentis
2549 5212 2664 5275 eius
2689 5211 2944 5275 _obeu_udis
2987 5215 3084 5275 alti
3128 5211 3295 5264 simus.
3345 5211 3479 5268 Unus

1904 5276 2058 5328 Deus,
2081 5270 2174 5320 una
2195 5272 2331 5330 ﬁdes,
2351 5283 2442 5318 una
2461 5278 2513 5320 et
2533 5270 2800 5335 diSCiHIlla.
2831 5272 2996 5335 Usque
3018 5270 3142 5325 adeo
3164 5278 3257 5325 nisi
3297 5285 3348 5326 et
3366 5279 3476 5330 laici

1905 5349 1964 5385 ea
1987 5337 2281 5402 observent,
2308 5345 2394 5402 per
2433 5344 2544 5402 quae
2566 5334 2868 5402 _lfr_esb3'_teri
2905 5334 3202 5399 alleguntur,
3242 5343 3480 5402 quomodo

1905 5402 2050 5444 erunt
2071 5392 2350 5456 Presbyteri
2373 5392 2542 5456 qui’rde
2566 5392 2699 5442 laicis
2719 5392 3060 5456 allegunturfs

1966 5458 2038 5526 (ς)
2063 5455 2508 5526 Praisidionveteris
2529 5456 2711 5526 codicis
2733 5455 2863 5526 hunc
2882 5471 3031 5526 quem
3054 5460 3363 5526 depravamtn
3388 5477 3476 5526 pu-

1903 5515 1982 5566 tat
1997 5515 2169 5580 lucum,
2196 5516 2268 5580 sic
2284 5515 2486 5564 Gravius
2509 5518 2738 5580 restituit.
2764 5535 2786 5563 ι
2802 5515 3035 5580 Legimus
3059 5523 3106 5569 in
3120 5515 3285 5571 'veteri
3312 5515 3478 5574 Testa-

1902 5585 2071 5640 mento
2086 5577 2352 5640 Pontiﬁces
2386 5577 2545 5640 semel
2583 5580 2810 5640 maritos,
2848 5577 2901 5630 ei
2937 5581 3056 5631 ﬁlias
3091 5585 3396 5635 sacerdotum
3433 5601 3474 5634 si

1903 5639 2061 5702 vidua:
2077 5639 2272 5702 fuerint,
2300 5645 2394 5702 etc.
2412 5653 2438 5684 ι
2466 5639 2682 5702 Inquam
2708 5639 2817 5690 rem
2849 5641 3053 5694 Levitici
3085 5642 3238 5693 locum
3262 5648 3470 5702 adducit,

1909 5720 1929 5750 σ
1953 5703 2005 5752 Si
2029 5701 2125 5752 lilia
2148 5700 2426 5752 Sacerdotis
2448 5700 2651 5752 cuilibet
2677 5714 2705 5752 e
2728 5702 2905 5768 papula
2941 5712 3086 5769 nupta
3111 5705 3275 5768 fuerit,
3310 5709 3372 5757 de
3397 5700 3470 5756 his
