4026 6186
613 283 737 338 εοὸί

608 399 950 454 Testamento
979 396 1163 467 (Leuit.
1194 392 1305 455 ἥς
1337 401 1382 446 et
1423 389 1609 445 Ezech.
1643 390 1734 464 Η)
1765 409 1780 446 :
1813 392 1991 448 Semel
2019 393 2188 446 mari-

608 497 745 540 tatas
773 488 908 540 tilias
951 482 1322 547 Saecrdotum,
1368 481 1414 535 si
1457 482 1629 536 vidua:
1671 481 1890 548 fuerint,
1919 481 2060 536 vesci
2091 481 2189 536 de-

616 577 742 631 bere
777 575 844 628 de
890 571 1314 625 sacerdotalibus
1354 571 1529 626 cibis:
1559 572 1895 641 mortuisque
1943 569 2022 643 (α)
2049 573 2189 625 sicut

609 665 766 737 patri,
798 673 851 718 et
879 665 1036 716 matri
1067 664 1146 718 sic
1177 663 1539 719 exhibendum
1583 665 1895 720 inferiarum
1925 666 2185 721 cilicium.

604 755 696 808 Sin
738 763 916 806 autem
965 753 1099 808 alios
1127 755 1271 808 viros
1309 755 1638 826 acceperint,
1683 756 1890 811 alienas
1921 771 2035 820 eas,
2077 765 2132 811 et
2157 771 2187 810 a

607 858 774 915 patre,
807 855 860 900 et
906 863 934 900 a
969 848 1227 904 saerilicis
1264 849 1401 915 ﬁeri,
1443 859 1498 905 et
1543 851 1682 904 inter
1711 859 1960 904 externas
1989 847 2188 904 debere

604 937 869 1006 deputari.

677 1029 733 1083 8.
775 1028 927 1094 Quod
969 1028 1182 1098 quidem
1224 1029 1497 1095 observat,
1531 1040 1585 1084 et
1629 1030 1918 1100 gentilitas,
1969 1031 2019 1083 in
2061 1044 2188 1084 con-

605 1120 1005 1174 demnationem
1053 1121 1245 1184 nostri,
1295 1121 1337 1174 si
1390 1121 1492 1174 hoc
1543 1137 1648 1175 non
1697 1121 1950 1175 exhibeat
1991 1122 2190 1176 veritas

609 1212 850 1278 Christo,
880 1213 1022 1282 quod
1057 1213 1242 1266 tribuit
1273 1211 1608 1267 mendacium
1635 1213 1880 1276 diabolo;
1917 1211 1994 1284 (l)
2019 1215 2107 1282 qui
2135 1222 2190 1267 et

607 1307 910 1362 castitatem
964 1307 1164 1375 reperit
1208 1305 1574 1376 perditrieem.
1626 1305 1985 1372 Hierophanta
2049 1303 2190 1373 apud

609 1395 846 1451 Athenas
876 1395 952 1465 (b)
983 1397 1157 1465 cjurat
1179 1397 1372 1460 virum,
1404 1405 1458 1448 et
1483 1407 1681 1449 :eterna
1713 1397 1988 1450 debilita'e
2014 1395 2071 1449 ﬁt
2095 1411 2189 1457 ea-

610 1497 746 1540 stus.
792 1485 1016 1540 Flamen
1049 1485 1206 1539 unius
1243 1484 1424 1538 uxoris
1495 1485 1660 1556 906
1729 1484 1794 1537 ad
1832 1485 2188 1538 sacerdotium

607 1576 924 1630 admittitur.
977 1575 1248 1630 Flaminea
1299 1589 1512 1644 quoque
1554 1577 1709 1628 unius
1758 1575 1934 1628 mariti
1977 1575 2193 1643 eligitur

609 1685 764 1723 uxor.
800 1669 878 1722 Ad
909 1669 1040 1722 tauri
1074 1667 1312 1737 Egyptii
1341 1683 1489 1721 sat-ra
1519 1667 1689 1722 semrl
1716 1668 1936 1720 maritus
1958 1667 2190 1720 assumi-

612 1769 719 1813 tur.
754 1758 1080 1813 Utomittam
1113 1759 1346 1826 virgines
1375 1756 1572 1819 Vestze,
1612 1765 1667 1808 ct
1702 1757 1990 1824 Apollinis,
2017 1755 2189 1810 Juno-

611 1853 798 1918 nisque
827 1849 895 1918 (ε)
927 1847 1165 1912 Achivae,
1193 1857 1248 1901 et
1287 1848 1465 1900 Diana:
1505 1862 1569 1900 ac
1594 1846 1868 1911 Minervzc,
1911 1862 2032 1916 qute
2062 1862 2188 1915 per-

612 1951 766 2008 petua
817 1937 1104 1991 sacerdotii
1152 1937 1457 2005 virginitate
1509 1947 1869 1990 marcescunt.
1919 1936 2188 2004 Stringam

611 2031 845 2082 breviter
873 2027 1111 2095 reginam
1135 2025 1498 2096 Carthaginis,
1529 2041 1649 2095 quae
1675 2026 1842 2095 magis
1871 2027 2064 2081 ardere
2088 2041 2187 2080 vo-

615 2119 732 2180 luit,
762 2133 918 2186 quam
949 2116 1159 2170 lliarba:
1186 2115 1295 2184 regi
1327 2116 1528 2170 nubere
1555 2133 1567 2168 :
1598 2124 1652 2169 et
1681 2115 2030 2170 Hasdrubalis
2054 2132 2188 2169 uxo-

611 2226 747 2274 rem,
777 2223 894 2279 qua:
922 2207 1276 2277 apprehensis
1305 2217 1528 2276 utraque
1556 2223 1715 2260 manu
1742 2207 1946 2269 liberis,
1978 2206 2029 2260 in
2063 2207 2190 2260 sub—

603 2303 802 2372 jcetnm
828 2318 884 2356 se
904 2301 1254 2370 prmcipitavit
1272 2299 1596 2362 incendium,
1619 2314 1687 2354 ne
1707 2298 1974 2367 pudicitia:
1993 2298 2186 2352 danma

614 2395 839 2448 sentiret
873 2410 886 2446 :
916 2402 969 2446 et
993 2391 1320 2453 Lucretiam,
1345 2406 1463 2458 quie
1489 2391 1684 2444 amissa
1711 2391 1879 2459 gloria
1903 2391 2185 2457 castitatis,

618 2484 785 2538 noluit
810 2484 1025 2553 polluto
1049 2481 1396 2535 conscientia:
1422 2481 1793 2549 supervivere.
1826 2482 1904 2535 Ac
1932 2498 1996 2535 ne
2023 2483 2188 2536 multa

608 2573 768 2642 longo
795 2587 1042 2626 sermone
1072 2581 1376 2634 contexam,
1400 2585 1518 2639 qua:
1543 2579 1692 2638 potes
1716 2571 1783 2624 de
1812 2573 1982 2639 pritno
2001 2581 2188 2628 contra

609 2662 947 2718 Jovinianum
1009 2661 1280 2716 volumine
1324 2659 1391 2715 ad
1435 2660 1844 2716 :ndilicationem
1897 2671 2040 2715 tuam
2094 2678 2184 2715 su-

614 2767 783 2818 mere,
811 2767 974 2806 unum
1006 2761 1234 2814 tantum,
1266 2750 1409 2815 quod
1441 2751 1492 2804 in
1525 2752 1696 2820 patria
1731 2763 1816 2805 tua
1839 2761 2048 2821 gestum
2079 2762 2182 2820 est,

611 2854 882 2913 repetam;
916 2853 974 2897 ut
995 2845 1133 2897 scias
1159 2843 1464 2912 pudicitiam
1493 2844 1654 2897 etiam
1679 2844 1918 2898 barbaris
1944 2859 2007 2898 ac
2032 2846 2181 2912 feris,

602 2945 657 2988 et
713 2934 1066 3002 sanguinariis
1123 2933 1372 3002 gentibus
1422 2949 1543 2988 esse
1600 2935 1985 2988 venerabilem.
2037 2935 2182 2990 Gens

603 3029 942 3082 Thentomun
985 3027 1064 3098 (tt)
1095 3043 1158 3082 ex
1207 3027 1408 3081 ultimis
1449 3026 1647 3081 Oceani
1691 3035 1852 3097 atque
1881 3027 2182 3083 Germania:

602 3122 840 3191 profecta
890 3122 1179 3183 littoribus,
1229 3136 1417 3175 omnes
1469 3119 1670 3176 Gallias
1712 3121 2022 3186 inundavit;
2080 3137 2184 3176 sa:-

600 3215 828 3282 piusque
878 3213 1034 3267 exesis
1085 3213 1338 3266 Romanis
1389 3212 1746 3276 exercitibus,
1807 3212 1946 3281 apud
2001 3215 2181 3282 Aquas

604 3306 820 3362 Sextias
849 3305 1014 3360 Mario
1055 3313 1344 3374 pugnante,
1377 3313 1624 3372 superata
1667 3312 1768 3357 est.
1799 3303 2035 3370 Quorum
2075 3313 2182 3359 tre-

664 3484 736 3553 ςη)
759 3483 939 3532 Victor.
959 3483 1250 3547 mortuisque
1267 3483 1336 3534 sic
1351 3497 1381 3533 a
1397 3490 1534 3546 patre
1548 3482 1874 3534 exhibendum
1895 3481 2183 3546 inferiarum

598 3553 826 3600 animum,
853 3553 948 3593 etc.

665 3605 738 3668 (b)
773 3605 1080 3668 Martianaens
1102 3605 1266 3668 alique
1302 3605 1416 3655 editi
1453 3605 1686 3668 etfiratttr,
1711 3603 1848 3663 falso,
1868 3617 1969 3668 pro
1991 3605 2182 3668 duobus

603 3665 768 3715 verbis
787 3665 944 3721 eiurat
981 3665 1154 3724 t't'rum,
1186 3665 1263 3716 vel
1289 3673 1341 3716 ut
1363 3668 1440 3716 alii
1466 3667 1581 3716 Mss.
1607 3665 1806 3723 habent,
1827 3665 1980 3726 ejerat
2001 3665 2177 3727 rit-um,

601 3740 712 3790 qua:
737 3729 874 3790 nobis
907 3727 1058 3778 lectio
1092 3731 1316 3778 restituta
1335 3762 1350 3784 ,
1375 3741 1568 3790 unaque
1597 3740 1710 3790 vera
1739 3736 1808 3776 est
1827 3734 1921 3790 ,_et
1955 3726 2013 3776 ad
2038 3728 2180 3779 [idem

602 3786 716 3852 Mss.
736 3788 774 3852 Ν
784 3802 908 3851 eque
934 3805 1062 3838 enim
1089 3793 1301 3838 eviratus
1325 3798 1431 3839 erat
1452 3786 1576 3852 apud
1593 3789 1812 3852 Athenas
1828 3788 2176 3852 Hieropbanta,

599 3850 687 3913 sed
714 3850 867 3898 virum
906 3852 1143 3913 ejurabat.
1172 3859 1370 3910 Ejerare
1393 3850 1578 3910 autem,
1603 3851 1708 3913 sive
1742 3850 1956 3913 eiurare,
1985 3850 2181 3901 ’renun-L

601 3912 840 3984 tiareest,
867 3909 971 3984 sive
991 3909 1238 3984 abdicare,
1263 3922 1410 3984 atque
1430 3913 1554 3984 adeo
1565 3909 1732 3984 rirum
1744 3909 1953 3984 ἕξει-ατε,
1975 3913 2179 3984 perinde

601 3979 677 4019 est
699 3981 845 4083 atque
869 3976 931 4023 ab
954 3975 1081 4022 omni
1106 3969 1429 4036 generatione
1453 3975 1720 4022 abstinere.
1741 3969 1923 4036 Ejurat.,
1939 3969 2029 4036 qui
2041 3973 2181 4083 gerat

601 4034 729 4083 quod
788 4037 1076 4083 tisideratuv.
1103 4049 1129 4083 a
1154 4049 1208 4083 se
1235 4036 1449 4083 praestari
1475 4049 1567 4082 non
1596 4047 1765 4083 nosse.
1786 4037 1850 4083 ait
1874 4036 2014 4083 Sext.
2062 4039 2180 4083 ’om-

601 4034 729 4095 quod
752 4034 1076 4096 desideratur,
1103 4034 1129 4084 a
1154 4049 1208 4084 se
1235 4036 1449 4095 praestari
1475 4049 1567 4082 non
1595 4034 1850 4096 posse,'ait
1874 4034 2014 4096 Sext.
2041 4034 2180 4085 Pom-

623 4097 759 4161 ieius.
784 4095 1044 4146 Petroiiius
1073 4099 1348 4161 quoquein
1371 4095 1620 4161 Satyrit‘o’:
1644 4095 1691 4161 δὲ
1708 4095 1874 4150 eiuras
1896 4095 2180 4161 hodiernam

631 4153 759 4218 ilem,
797 4169 891 4218 una
927 4153 1236 4206 cwttab't‘mu's.
1271 4153 1469 4207 'lacitus
1500 4155 1799 4205 consulatum
1836 4165 1887 4205 et
1921 4158 2178 4218 imiterium

602 4217 809 4280 eiurari:
832 4217 973 4280 dixit.
1013 4218 1226 4266 Tandem
1253 4218 1441 4267 Seneca
1479 4221 1526 4267 in
1552 4218 1774 4280 suasoria
1813 4233 1898 4280 pro
1922 4217 1986 4265 M.
2019 4217 2179 4268 Tullio

598 4277 766 4341 Asinii
781 4276 1045 4341 Pollionis:
1081 4288 1174 4328 Nec
1199 4292 1334 4341 moro
1371 4279 1478 4341 fuit,
1518 4278 1631 4341 quin
1654 4276 1868 4340 eiuraret
1903 4292 2034 4335 suos,
2058 4292 2180 4341 quas

599 4337 909 4402 cupidissime
931 4341 1166 4402 emtderat
1187 4340 1445 4389 orationes.
1465 4337 1549 4388 ne
1579 4337 1922 4402 Hieroldiautis
1947 4337 2176 4391 vero'Ju-

601 4396 757 4446 lia'nus
791 4397 926 4447 OI‘UL
958 4396 1022 4449 'V.
1050 4409 1142 4449 ρῦτω
1160 4409 1201 4449 δι
1215 4413 1275 4449 καὶ
1304 4414 1402 4472 nupti
1426 4405 1626 4460 Ᾰοηναὶοις,
1650 4413 1684 4449 οἱ
1706 4396 1774 4451 τὸν
1803 4414 1963 4464 ἀρῥήτων
1985 4415 2178 4464 ἁπτόμενοι

597 4476 764 4520 Iuv-7d;
785 4473 872 4526 Δαισι..
895 4474 955 4526 eo.)
1026 4477 1160 4526 τούκ-ο
1200 4472 1353 4526 ﬁdique
1374 4474 1851 4526 ltpedsmgjttnpcnu
1873 4479 1991 4513 πᾶσαν
2026 4478 2092 4523 τήν
2113 4480 2176 4526 γί-

598 4544 704 4584 νεσιν.
730 4539 751 4566 ι
767 4523 905 4584 Apud
922 4522 1356 4584 Atheniensesqui
1374 4522 1543 4584 arcana
1568 4522 1645 4569 illa
1670 4522 1889 4579 tractant,
1907 4522 2176 4576 castissiiite

597 4580 930 4646 degtttit,'tttiti
958 4598 1124 4633 eorum
1142 4580 1363 4646 Antistes
1381 4583 1708 4646 Hierophanta
1732 4585 1794 4632 ab
1816 4587 1944 4632 omni
1969 4599 2178 4646 genera-

599 4644 731 4708 tione
779 4642 972 4708 prorsus
1005 4645 1235 4694 abstinet.
1260 4661 1283 4688 »
1315 4643 1400 4708 ἒΕι
1438 4642 1794 4708 qnibus_plane
1828 4642 1996 4694 videas
2032 4659 2176 4708 quam

597 4703 726 4754 male
763 4703 886 4767 apud
927 4707 1273 4766 Hieronymum
1315 4706 1404 4754 hoc
1443 4703 1663 4767 ejurandi
1690 4709 1890 4767 verbum
1929 4703 2063 4756 docti
2085 4710 2174 4758 viri

599 4766 883 4830 exturbant,
909 4778 1079 4830 contra
1100 4768 1212 4817 Mss.
1238 4781 1381 4830 quam
1409 4776 1459 4817 et
1475 4766 1570 4830 ipsi
1596 4766 1844 4830 proferunt
1866 4766 2025 4816 ﬁdem.

671 4783 883 4827 turbant,
909 4783 1073 4818 contra
1100 4783 1212 4817 tuss.
1238 4783 1381 4816 tuam
1409 4783 1459 4817 et
1484 4783 1570 4830 ipsi
1596 4783 1844 4830 prOIcl‘tInt
1866 4783 2025 4816 uucm.

664 4825 726 4892 (ε)
757 4828 1043 4892 'l‘crtullian.
1072 4829 1102 4878 l.
1144 4832 1184 4879 l.
1210 4783 1270 4878 at]
1307 4829 1522 4879 Uxorem
1545 4843 1588 4878 c.
1613 4830 1660 4892 6.
1691 4827 1859 4892 Ασζιεηξ
1882 4827 2076 4892 Jttttotn',
2097 4831 2174 4879 in-

597 4889 722 4952 quit,
748 4891 880 4954 apud
901 4892 1090 4955 j-Igium
1112 4891 1499 4955 oppidumgtirgo
1519 4889 1734 4955 sortitur.
1761 4891 1856 4955 Ριξο
1880 4889 2071 4955 ΛεΙιὶνχω
2092 4904 2175 4939 att-

593 4957 696 5018 tent
740 4952 859 5002 vcee
895 4952 1309 5018 eras-mamma
1349 4953 1612 5018 legendum
1657 4953 1864 5018 censuit,
1904 4952 2030 5018 quod
2079 4966 2173 5018 non

592 5016 826 5084 Lrobatur
852 5032 866 5076 ;
889 5015 969 5084 alii
995 5013 1206 5084 mallent:
1219 5013 1454 5070 Achaiae,
1481 5013 1882 5084 quemadmodum
1910 5013 2025 5062 alibi
2048 5014 2176 5076 apud

590 5073 882 5126 'l‘ertttllian.
913 5076 997 5127 lib.
1022 5077 1086 5126 de
1110 5077 1364 5126 Exhortat.
1389 5073 1622 5136 castitatis
1643 5073 1840 5136 legitur.

659 5137 737 5201 (ά)
779 5137 996 5201 Martiali.
1038 5146 1146 5201 post
1179 5137 1366 5201 Erasm.
1386 5149 1470 5201 ea:
1502 5135 1684 5201 ultimis
1720 5135 1964 5201 gallorum
1999 5136 2176 5187 Oceani

585 5196 728 5260 atque
756 5196 1169 5250 cermum'wJV'id.
1195 5199 1360 5248 Valcr.
1386 5197 1581 5247 Maxim.
1610 5197 1693 5245 lib.
1713 5196 1760 5245 6.
1779 5211 1885 5260 cap.
1915 5197 1959 5246 l.

582 5293 691 5340 quae
721 5282 1010 5334 sanctiﬁcata
1033 5289 1165 5339 sunt,
1183 5287 1254 5331 et
1273 5281 1338 5330 de
1363 5281 1706 5344 primitiisnon
1726 5288 1976 5344 veseetur.
2001 5278 2054 5344 Si
2086 5293 2172 5344 au-

584 5351 684 5403 tem
710 5345 852 5392 vidua
871 5379 887 5403 ,
910 5344 992 5395 vel
1016 5345 1267 5402 repudiata
1293 5350 1345 5392 et
1365 5340 1565 5403 absque
1597 5341 1768 5389 liberis
1789 5354 1991 5390 reversa
2024 5340 2174 5391 fuerit

585 5356 684 5389 tem
710 5356 852 5392 vtuua
871 5379 887 5403 ,
910 5356 992 5395 vet
1016 5356 1267 5402 repudiata
1293 5356 1345 5392 et
1377 5356 1462 5391 an'
1501 5356 1565 5389 ue
1597 5356 1768 5389 tinens
1789 5356 1991 5390 reversa
2024 5356 2174 5391 tuerit

585 5402 882 5512 ἰξῗιηὲιιέι
908 5407 1062 5512 ginis
1083 5407 1172 5467 tui,
1206 5406 1333 5454 sicut
1367 5356 1530 5465 puella
1551 5410 1892 5461 consueverat,
1927 5403 2087 5452 aletur
2109 5404 2174 5451 de

757 5478 793 5512 ra
820 5481 842 5512 l’
861 5481 887 5512 S
989 5501 1001 5512 .

588 5469 710 5512 cibis
737 5469 887 5525 patris
908 5469 1001 5515 sui.

649 5525 720 5583 (l)
741 5524 822 5572 Ex
847 5527 1131 5576 'l‘ertullian.
1157 5527 1221 5577 de
1241 5526 1496 5576 Exhortat.
1521 5526 1758 5575 ustilatis
1777 5561 1791 5582 ,
1817 5529 2016 5574 notante
2050 5524 2170 5574 Gra-

587 5583 684 5630 vio.
727 5602 748 5629 ι
789 5584 982 5648 Invenit
1004 5588 1226 5638 diabolus
1261 5594 1364 5648 post
1388 5586 1627 5636 luxuriam
1651 5588 1923 5635 castitatem
1949 5585 2171 5648 perditri-

587 5654 715 5712 cem,
743 5646 984 5704 quomodo
1006 5661 1122 5712 reus
1154 5651 1220 5701 sit
1255 5646 1555 5702 Christianus
1576 5649 1660 5710 qui
1682 5646 1959 5699 castitatem
1978 5659 2172 5696 recusa-

586 5710 711 5751 verit
740 5710 1166 5760 conservatricem.

1897 279 2138 336 SANCTI
2180 279 2562 338 HlEBONYMI

3761 283 3898 340 {051

2294 406 2464 448 centu:
2489 404 2766 460 matronae,
2798 408 2918 449 eum
2939 395 3056 449 aliis
3080 409 3136 449 se
3161 395 3286 450 viris
3313 395 3664 468 captivitatis
3694 394 3887 451 condi-

2295 485 2439 539 tione
2475 484 2760 539 tradendos
2794 501 2916 541 esse
2940 485 3268 552 didicissent,
3303 489 3545 557 primum
3590 485 3892 544 Consulem

2291 574 2590 644 deprecatze
2617 585 2761 642 sunt,
2787 586 2844 630 ut
2876 577 3077 646 templo
3102 577 3316 632 Cereris
3342 593 3407 633 ac
3435 578 3677 635 Veneris
3709 580 3766 634 in
3791 596 3892 635 ser-

2295 667 2481 718 vitium
2537 667 2900 721 traderentur.
2949 667 3102 732 Quod
3157 683 3280 722 eum
3333 684 3442 723 non
3500 669 3885 740 impetrarem,

2292 755 2646 810 submovente
2673 771 2764 812 eas
2788 757 2998 820 lictore,
3028 757 3266 827 parvulis
3291 759 3450 814 caesis
3479 758 3698 822 liberis,
3735 777 3888 815 mane

2292 855 2516 900 niortuze
2555 854 2681 900 sunt
2721 857 2968 916 repertm,
2997 847 3274 902 sull'oeatis
3310 848 3502 919 laqueo
3532 849 3810 916 faucibus,
3840 862 3886 905 et

2293 936 2490 989 mutuis
2516 936 2884 1004 complexibus
2907 951 2965 990 se
2988 946 3254 992 tenentes.

2363 1026 2416 1081 9.
2459 1027 2611 1093 Quod
2637 1029 2794 1098 igitur
2819 1029 3063 1083 barbarae
3084 1029 3314 1084 castitati
3339 1044 3445 1084 non
3476 1031 3658 1102 potuit
3685 1031 3882 1086 inferre

2294 1119 2594 1186 captivitas,
2627 1118 2730 1174 hoc
2763 1131 3006 1174 matrona
3039 1121 3236 1174 nobilis
3265 1121 3459 1176 faciet?
3489 1131 3548 1177 et
3571 1123 3881 1192 experietur

2293 1209 2528 1263 alterum
2565 1210 2760 1276 virum,
2806 1226 2926 1280 qua:
2973 1211 3205 1280 priorem
3243 1221 3337 1264 aut
3379 1211 3581 1266 bonum
3627 1213 3874 1282 perdidit,

2294 1309 2386 1351 aut
2413 1300 2609 1353 malum
2643 1309 2868 1369 experta
2918 1310 3022 1364 est,
3056 1311 3113 1354 ut
3160 1316 3372 1355 rursum
3399 1311 3592 1355 contra
3617 1301 3873 1372 judicium

2297 1390 2388 1442 Dei
2430 1387 2607 1444 facere
2639 1390 2881 1444 nitatur?
2907 1389 3045 1457 Quid
3083 1393 3126 1444 si
3158 1391 3339 1446 statim
3367 1393 3664 1446 secundum
3699 1394 3875 1462 perdi-

2292 1479 2451 1545 derit,
2481 1482 2737 1546 sortietur
2761 1491 2814 1534 et
2843 1483 3052 1536 tertium
3077 1479 3170 1553 [aL
3198 1483 3416 1536 societur
3440 1493 3488 1536 et
3511 1482 3684 1556 tertio]
3712 1485 3736 1536 ?
3763 1495 3815 1537 et
3834 1489 3872 1536 si

2297 1572 2386 1626 ille
2415 1573 2716 1636 dormierit,
2760 1572 2812 1626 in
2842 1583 3088 1643 quartum
3132 1575 3482 1644 quintumque
3513 1576 3793 1643 procedet,
3825 1587 3874 1628 Il

2295 1662 2423 1716 nihil
2495 1665 2656 1736 907
2730 1666 2800 1717 sit
2823 1680 2929 1734 quo
2965 1679 2993 1718 a
3031 1665 3405 1720 meretricibus
3441 1665 3696 1721 diﬂ'erat?
3720 1671 3870 1736 Omni

2294 1754 2501 1808 ratione
2529 1735 2700 1808 vidua:
2731 1754 3121 1823 providendum
3157 1764 3258 1819 est,
3289 1770 3355 1810 ne
3377 1756 3645 1809 castitatis
3680 1735 3876 1825 primos

2293 1846 2515 1899 excedat
2550 1847 2768 1901 limites.
2798 1847 2944 1914 Quos
2972 1847 3018 1902 si
3051 1847 3364 1910 excesserit,
3403 1856 3460 1900 et
3485 1848 3869 1902 verecundiam

2292 1935 2496 2004 ruperit
2523 1937 2894 2001 matronalem,
2926 1936 2978 1990 in
3006 1952 3223 1990 omnem
3261 1935 3679 1990 debaeehabitur
3711 1937 3871 1990 luxu-

2293 2027 2448 2089 riam,
2477 2027 2547 2081 ita
2585 2037 2644 2081 ut
2669 2028 2990 2096 Prophetam
3033 2037 3311 2082 mereatur
3333 2027 3513 2081 audire
3539 2026 3824 2081 dicentem
3856 2046 3868 2080 :

2294 2115 2473 2169 Facies
2523 2117 2797 2170 meretricis
2847 2118 2983 2184 [acta
3029 2127 3103 2170 est
3149 2115 3238 2169 tibi
3268 2114 3654 2182 :Impuderata
3711 2133 3765 2170 es
3819 2129 3868 2168 tu

2293 2208 2505 2277 (Jerem.
2535 2210 2586 2262 5.
2623 2209 2704 2280 5).
2736 2209 2871 2276 Quid
2904 2208 3066 2278 igitur
3080 2209 3104 2261 ‘t
3137 2209 3461 2262 Damnamus
3488 2207 3725 2262 secunda
3757 2224 3863 2261 ma-

2292 2300 2580 2354 trimonia?
2611 2300 2856 2364 Minime;
2903 2298 2998 2354 sed
3032 2299 3199 2368 prima
3232 2298 3534 2353 laudamus.
3575 2297 3865 2366 Abjieitnus

2290 2391 2358 2446 de
2415 2391 2654 2446 Ecclesia
2695 2390 2972 2461 digamos?
3025 2390 3180 2445 Absit
3213 2411 3226 2445 :
3254 2390 3350 2444 sed
3402 2404 3760 2458 monogamus
3804 2392 3862 2442 ad

2290 2481 2672 2537 continentiam
2715 2495 3087 2551 provocamus.
3118 2481 3174 2536 In
3215 2483 3352 2536 Area
3394 2481 3510 2536 Noe
3551 2499 3661 2536 non
3704 2482 3864 2536 solum

2291 2575 2511 2639 munda,
2550 2575 2644 2630 sed
2684 2587 2737 2631 et
2785 2575 3057 2630 immunda
3089 2573 3308 2630 fuerunt
3351 2574 3631 2628 animalia.
3685 2574 3867 2628 Habuit

2291 2665 2558 2730 homines,
2591 2665 2774 2719 habuit
2811 2674 2867 2720 et
2901 2677 3205 2736 serpentes.
3235 2665 3291 2720 ln
3319 2665 3484 2719 domo
3512 2681 3730 2734 quoque
3759 2681 3864 2718 ma-

2288 2771 2411 2825 gna,
2457 2771 2581 2810 vasa
2629 2756 2838 2810 diversa
2885 2766 3043 2820 sunt;
3089 2757 3192 2810 alia
3245 2758 3298 2811 in
3343 2757 3630 2822 honorent,
3679 2757 3778 2809 alia
3818 2759 3863 2809 in

2287 2851 2665 2906 contumeliam
2707 2853 2784 2920 (2.
2817 2851 2954 2906 Tim.
2987 2853 3042 2907 2.
3067 2852 3181 2924 20).
3221 2854 3318 2908 Est
3347 2863 3525 2909 cr..ter
3571 2855 3636 2908 ad
3682 2855 3863 2908 biben-

2288 2940 2413 2993 dum
2440 2957 2454 3003 ;
2487 2951 2565 2995 est
2595 2951 2648 2995 et
2683 2943 2882 2995 matula
2913 2942 2980 2996 ad
3007 2944 3300 2998 secretiora
3333 2954 3556 2998 naturze.
3591 2944 3724 2997 Nam
3749 2960 3861 2998 cum

2289 3031 2340 3084 in
2385 3039 2628 3086 semente
2679 3042 2837 3086 terra:
2862 3033 3036 3096 bonae,
3069 3034 3444 3098 centesimum,
3496 3043 3552 3088 et
3593 3036 3862 3103 sexagesi-

2288 3140 2453 3189 tuum,
2515 3132 2595 3179 eL
2626 3125 2959 3192 trigesimum
3019 3125 3249 3179 fructum
3303 3127 3591 3196 Evangelia
3643 3126 3865 3181 doceant

2287 3214 2501 3286 (Matth.
2545 3217 2630 3270 15.
2677 3216 2772 3285 8);
2816 3225 2871 3268 et
2909 3217 3256 3270 centenarias
3289 3231 3385 3286 pro
3413 3216 3738 3286 virginitatis
3773 3231 3862 3271 eo-

2286 3321 2437 3369 runa,
2468 3306 2700 3375 primum
2726 3306 2950 3376 gradum
2985 3315 3199 3370 teneat;
3240 3306 3621 3376 sexagenarius
3658 3323 3757 3376 pro
3788 3307 3863 3360 la-

2288 3396 2420 3452 bore
2453 3398 2757 3460 viduarum,
2790 3399 2840 3452 in
2871 3397 3108 3452 secundo
3145 3397 3216 3451 sit
3249 3412 3512 3462 numero;
3547 3399 3864 3452 tricenarius
3897 3417 3912 3434 ε

2284 3488 2484 3543 foedera
2531 3489 2857 3558 nuptiarum,
2907 3490 3018 3558 ipsa
3049 3489 3119 3558 (e)
3158 3489 3443 3558 digitorum
3488 3489 3864 3558 conjunctione

2285 3589 2530 3646 testetur,
2563 3581 2795 3650 digamia
2828 3582 2878 3635 in
2906 3596 3014 3650 quo
3040 3582 3144 3636 erit
3165 3581 3423 3636 numero?
3450 3581 3562 3635 lmo
3588 3591 3740 3636 extra
3773 3598 3861 3635 nu-

2283 3687 2513 3726 merum.
2545 3671 2703 3727 Certe
2745 3675 2795 3726 in
2828 3673 2965 3726 bona
3011 3683 3151 3728 terra
3196 3688 3302 3727 non
3331 3673 3519 3736 oritur,
3564 3673 3661 3729 sed
3694 3674 3748 3728 in
3779 3690 3865 3728 ve-

2283 3764 2496 3835 pribus,
2524 3773 2580 3819 et
2617 3765 2844 3834 spinetis
2871 3765 3131 3834 vulpium,
3171 3781 3291 3836 qua:
3320 3765 3516 3820 llerodi
3548 3767 3864 3836 inipiissimo

2281 3865 2684 3927 comparantur,
2718 3871 2776 3912 ut
2824 3859 2875 3913 in
2921 3873 2986 3913 eo
3017 3873 3076 3913 se
3102 3869 3252 3926 putet
3291 3873 3412 3913 esse
3443 3858 3787 3921 laudabilem,
3818 3859 3860 3914 si

2281 3951 2476 4003 scortis
2503 3951 2698 4004 melior
2725 3950 2794 4004 sit
2824 3968 2837 4003 :
2869 3950 2912 4004 si
2944 3949 3276 4018 publicarum
3306 3949 3589 4004 libidinum
3618 3951 3861 4005 victimas

2280 4051 2520 4111 superet,
2551 4043 2597 4096 si
2628 4043 2714 4097 uni
2741 4044 2812 4098 sit
2843 4043 3146 4113 prostituta,
3175 4060 3282 4098 non
3314 4044 3574 4114 pluribus.

2354 4134 2441 4189 lO.
2484 4133 2614 4188 Rem
2645 4135 2884 4189 dicturus
2929 4149 3045 4188 sum
3093 4135 3483 4199 incredibilem,
3516 4137 3610 4192 sed
3663 4138 3860 4192 multo.

2281 4241 2398 4278 rum
2427 4226 2749 4281 testimoniis
2791 4226 3162 4296 approbatum.
3193 4228 3333 4282 Autc
3371 4243 3542 4283 annos
3575 4229 3855 4299 plurimos,

2279 4331 2400 4371 eum
2429 4317 2482 4370 in
2509 4316 2710 4371 chartis
2738 4317 3125 4373 Eeclesiastieis
3155 4318 3396 4386 juvarem
3427 4319 3710 4374 Damasum
3749 4319 3854 4373 llo-

2281 4424 2452 4463 mana:
2488 4409 2634 4464 urbis
2660 4407 3007 4479 Episcopum,
3053 4420 3108 4464 et
3147 4409 3383 4466 Orientis
3409 4421 3573 4480 atque
3602 4410 3859 4466 Occiden-

2281 4502 2349 4555 tis
2371 4500 2662 4572 Synodicis
2683 4500 3166 4556 consultationibus
3197 4501 3602 4570 responderem,
3625 4502 3728 4556 vidi
3754 4501 3858 4554 duo

2280 4592 2418 4646 inter
2444 4607 2502 4645 se
2531 4591 2699 4660 paria,
2733 4590 3116 4644 vilissimorum
3149 4607 3178 4644 e
3209 4592 3364 4661 plebe
3402 4591 3676 4644 hominum
3703 4605 3859 4644 com-

2281 4691 2483 4753 parata,
2521 4696 2684 4734 unum
2712 4683 2804 4751 qui
2845 4681 3030 4748 viginti
3072 4681 3350 4751 sepelisset
3381 4695 3594 4748 uxores,
3625 4680 3852 4732 alteram

2277 4788 2396 4842 qua:
2438 4771 2750 4825 vicesimum
2792 4769 3085 4825 secundum
3137 4771 3410 4826 habuisset
3447 4770 3714 4834 maritum,
3764 4784 3857 4822 ex-

2276 4873 2450 4918 tremo
2479 4861 2604 4925 sibi,
2637 4870 2694 4914 ut
2737 4862 2838 4930 ipsi
2869 4861 3146 4930 putabant,
3190 4861 3524 4916 matrimonio
3552 4861 3852 4930 copulatus.

2278 4957 2492 5010 Summa
2537 4955 2776 5008 omnium
2817 4955 3149 5025 exspectatio
3189 4955 3427 5008 virorum
3456 4955 3654 5023 pariter
3683 4970 3746 5006 ac
3778 4953 3853 5007 fe-

2278 5050 2566 5112 minarum,
2594 5057 2712 5116 post
2745 5057 2919 5102 tantas
2944 5047 3105 5101 rudes
3127 5049 3245 5116 quis
3267 5063 3424 5115 quem
3457 5047 3605 5116 prius
3624 5046 3853 5101 ell'erret.

2280 5138 2419 5193 Vicit
2443 5137 2686 5204 maritus,
2723 5149 2779 5192 et
2808 5137 2968 5192 totius
2994 5135 3141 5191 urbis
3171 5136 3367 5206 populo
3405 5137 3734 5201 conﬂuente,
3769 5153 3856 5190 eo-

2345 5333 2405 5400 (e)
2434 5335 2683 5400 _Veterum
2716 5346 2905 5400 morem
2937 5345 3027 5396 per
3058 5332 3563 5400 digitosnumerandj
3605 5335 3776 5400 innuit,
3801 5332 3861 5379 dc

2277 5393 2376 5460 quo
2393 5393 2536 5459 'plura
2570 5395 2774 5445 dicenda
2797 5393 3102 5460 nobis'erunt
3120 5393 3212 5460 lib.
3244 5395 3287 5460 ρ.
3313 5394 3510 5443 advers.
3536 5393 3856 5460 Iovinianum.

2277 5453 2414 5510 Heic'
2437 5471 2584 5506 unum
2617 5464 2766 5518 atque
2813 5455 3017 5518 alterum
3052 5453 3203 5518 Beda:
3244 5455 3402 5502 locum
3443 5457 3700 5517 praestabit
3733 5468 3860 5504 reco-

2279 5521 2449 5569 luisse.
2495 5536 2518 5564 ι
2555 5517 2710 5580 Cum,
2737 5517 3149 5580 inquit,_triginta
3185 5522 3360 5564 notare
3400 5518 3640 5580 volueris.
3680 5527 3861 5579 ungues

2279 5582 2448 5646 iudicis
2485 5588 2538 5630 et
2568 5578 2758 5646 pollicis
2790 5577 2966 5628 blando
2997 5579 3265 5646 conjunges
3305 5577 3560 5646 amplexu.
3606 5581 3726 5646 Cum
3746 5577 3863 5628 ilicis

2278 5643 2535 5705 sexaginta
2553 5639 2822 5705 {pollicem
2844 5646 3089 5690 curvatum
3119 5639 3280 5688 indice
3311 5639 3637 5690 circumﬂexo
3661 5643 3859 5705 tilllgt‘tl'

2282 5714 2358 5755 ter
2380 5703 2868 5765 affronte’praacinge.
2906 5718 2927 5745 ι
