4026 6186
142 267 299 336 1053

131 414 412 480 renatus,
467 417 524 465 et
572 407 801 479 palmam
842 414 1064 470 tenens,
1103 401 1182 478 (a)
1232 401 1588 471 adoreamquc
1638 414 1734 469 per

131 505 397 575 singulos
434 500 536 556 sibi
579 499 957 562 acclamantes,
1006 495 1190 550 uxoris
1236 492 1552 548 multinnbte
1596 489 1737 545 fere-

137 606 297 650 trum
332 591 689 664 priccedebat.
721 587 858 656 Quid
885 586 1128 642 dicemus
1150 585 1241 639 tali
1267 583 1514 638 mulieri?
1534 581 1736 649 Nempe

136 690 330 756 illud,
380 684 520 755 quod
592 683 759 754 908
835 681 1095 736 Dominus
1121 672 1734 756 Samaritanzezwginti

135 782 290 836 duos
325 776 551 832 habuisti
581 777 828 837 maritos,
867 782 922 828 et
948 771 1052 826 istc
1090 785 1119 822 a
1158 784 1265 838 quo
1295 781 1436 821 nunc
1463 761 1734 834 sepeliris,

135 890 256 928 non
288 880 376 927 est
400 879 518 924 tuus
544 867 725 940 (Joan.
757 867 836 936 4).

219 964 318 1018 11.
365 961 548 1031 Itaque
577 958 807 1014 obsecro
831 965 906 1020 te,
930 952 1175 1024 religiosa
1203 951 1256 1005 in
1285 947 1500 1004 Christo
1531 947 1659 1008 lilia,
1683 954 1741 998 ut

137 1053 463 1110 testimonia
501 1053 602 1107 ista
647 1064 754 1104 non
797 1046 1034 1108 noveris,
1067 1043 1259 1114 quibus
1286 1039 1739 1096 incontinentibns

132 1156 191 1199 et
217 1144 447 1197 miseris
476 1141 791 1196 subvenitur
815 1154 830 1201 ;
856 1136 950 1191 scd
976 1136 1064 1189 illa
1088 1135 1264 1204 potius
1292 1131 1523 1196 lectites,
1547 1129 1739 1199 quibus

134 1235 414 1305 pudicitia
451 1241 760 1287 coronatur.
806 1227 1016 1284 Sufficit
1060 1225 1152 1280 tibi
1182 1223 1323 1294 quod
1353 1223 1583 1293 primum
1616 1235 1739 1288 pcr-

131 1325 336 1380 didisti
381 1322 704 1393 virginitatis
727 1318 974 1390 gradum,
1005 1324 1062 1371 et
1087 1330 1182 1385 per
1211 1313 1427 1368 tcrtiutn
1454 1310 1646 1366 venisti
1673 1308 1739 1362 ad

130 1413 478 1477 secundum,
510 1413 561 1468 id
600 1421 703 1477 est,
738 1425 832 1480 per
869 1408 1106 1463 officium
1133 1406 1436 1474 coniugale,
1465 1405 1530 1456 ad
1568 1399 1742 1454 vidui-

135 1509 270 1562 tatis
298 1505 716 1560 continentiam.
741 1503 1015 1562 Extrema,
1050 1499 1156 1551 imo
1178 1496 1385 1565 ahjccta
1409 1510 1477 1547 ne
1497 1492 1736 1560 cogites:

132 1613 239 1653 nec
268 1597 462 1652 aliena
490 1605 542 1649 et
579 1594 735 1663 longe
768 1594 935 1661 posita
961 1587 1205 1657 exempla
1231 1585 1531 1657 perquiras.
1566 1582 1742 1636 [labes

129 1691 345 1752 aviam,
411 1694 658 1748 matrem,
705 1693 758 1736 et
787 1683 1028 1742 amitam,
1058 1682 1281 1747 quarum
1329 1677 1420 1730 tibi
1466 1673 1742 1728 abundans

137 1780 386 1836 imitatio
415 1789 576 1847 atque
604 1774 869 1837 doctrina,
913 1785 968 1826 et
997 1779 1260 1840 praecepta
1291 1764 1520 1828 vivendi,
1554 1777 1740 1816 norma

141 1874 414 1926 virtutum
440 1877 545 1922 est.
577 1866 630 1922 Si
670 1865 813 1919 enim
845 1863 1027 1916 multa:
1057 1861 1106 1912 in
1139 1856 1412 1925 conjugio.
1441 1852 1741 1907 viventibus

146 1965 332 2018 adhuc
361 1961 512 2023 viris,
545 1957 844 2025 intelligunt
880 1953 1006 2007 illud
1040 1950 1281 2021 Apostoli
1309 1967 1322 2001 :
1359 1945 1545 2001 Omnia
1567 1943 1738 2005 licent,

141 2059 236 2112 sed
267 2073 375 2110 non
408 2053 582 2107 omnia
625 2051 895 2121 expediunt
929 2047 1002 2118 (l.
1036 2047 1151 2100 (lor.
1186 2046 1238 2099 6.
1273 2041 1385 2112 l2),
1425 2051 1478 2097 et
1507 2047 1744 2095 castrant

145 2165 205 2202 se
238 2155 474 2217 propter
501 2156 662 2211 regna
689 2140 973 2202 caelorum,
1016 2137 1100 2189 vel
1132 2151 1161 2188 a
1193 2133 1425 2188 secunda
1468 2132 1743 2184 nativitate

143 2251 270 2310 post
299 2240 581 2293 lavacrum
609 2249 674 2288 ex
712 2245 998 2290 consensu,
1029 2227 1114 2281 vel
1143 2234 1266 2296 post
1306 2225 1518 2292 nuptias
1544 2236 1610 2275 ex
1642 2235 1740 2273 ar-

143 2335 283 2387 dore
324 2329 494 2392 fidei;
525 2342 618 2380 cur
641 2325 796 2378 vidua
824 2337 941 2392 qua:
966 2319 1169 2391 judicio
1199 2318 1314 2382 Dei,
1340 2317 1514 2370 virum
1546 2312 1744 2368 habere

143 2425 336 2486 desiit,
366 2437 480 2476 non
513 2417 641 2473 illud
665 2413 968 2470 lmtabunda
990 2409 1354 2480 congeminet,
1381 2407 1627 2460 Dominus
1654 2407 1745 2457 de-

147 2520 243 2583 dit,
295 2514 559 2569 Dom’nus
595 2508 800 2563 abstulit
829 2505 971 2577 (Job.
1007 2503 1103 2573 l);
1137 2509 1192 2554 ct
1229 2499 1463 2554 oblatam
1503 2495 1744 2550 occasio-

149 2623 274 2664 nem
303 2603 541 2673 arripiat
565 2599 849 2663 libertatis,
890 2607 940 2649 ut
973 2593 1056 2648 sui
1101 2593 1345 2661 corporis
1375 2588 1568 2642 habeat
1595 2595 1743 2656 pote-

150 2709 376 2759 statem,
424 2709 529 2748 nec
561 2706 770 2746 rursum
801 2687 992 2741 ancilla
1042 2685 1132 2738 fiat
1174 2681 1443 2738 hominis?
1487 2679 1552 2733 Et
1592 2685 1721 2732 certi

151 2791 326 2845 multo
377 2783 705 2840 laboriosius
750 2789 853 2845 est,
899 2793 1006 2832 non
1053 2774 1157 2829 frui
1213 2788 1283 2828 eo
1329 2770 1469 2843 quod
1527 2768 1744 2835 habeas,

151 2897 314 2953 quam
348 2876 674 2933 desiderare
699 2870 842 2943 qttod
884 2867 1150 2923 amiseris.
1185 2862 1338 2919 Unde
1381 2871 1436 2918 et
1473 2858 1748 2930 virginitas

152 2952 204 3028 in
245 2967 316 3028 eo
355 2968 572 3025 facilior
600 2975 701 3028 est,
733 2960 877 3032 quod
914 2961 1088 3015 carnis
1122 2957 1385 3012 incentiva
1415 2969 1518 3008 non
1550 2952 1695 3006 novit
1727 2967 1740 3002 :

151 3074 206 3120 et
229 3063 476 3118 viduitas
517 3058 572 3111 in
611 3071 678 3110 eo
722 3050 1020 3114 sollicitior,
1050 3049 1189 3119 quod
1239 3047 1531 3117 praeteritas
1567 3043 1747 3097 animo

153 3155 346 3210 recolit
377 3149 732 3217 voluptates:
762 3157 968 3198 nutus
1009 3156 1054 3194 ει
1093 3153 1154 3193 se
1183 3141 1356 3192 virum
1396 3145 1540 3206 putet
1568 3133 1746 3203 perdi-

149 3245 317 3306 disse,
380 3254 503 3296 non
549 3234 872 3307 praemisisse
918 3248 932 3284 :
977 3245 1206 3301 quorum
1253 3227 1478 3282 alterum
1525 3224 1744 3288 doloris,

152 3337 382 3390 alterum
414 3327 601 3400 gaudii
627 3335 731 3381 est.

230 3426 325 3482 η.
367 3421 541 3479 Primi
590 3418 820 3474 hominis
869 3423 1115 3470 creatura
1167 3425 1264 3466 nos
1308 3408 1528 3472 doceat,
1571 3405 1750 3476 plures

162 3518 376 3588 nuptias
406 3511 670 3567 refutare.
712 3507 862 3563 Unus
888 3504 1081 3568 Adam,
1110 3511 1165 3557 et
1203 3515 1302 3555 una
1348 3498 1479 3560 Eva,
1510 3497 1616 3550 imo
1647 3511 1749 3549 una

163 3587 323 3663 exeo
353 3612 507 3660 costa
547 3608 826 3671 separatur
856 3598 908 3652 in
939 3597 1212 3650 feminam.
1236 3592 1579 3657 Rursumque
1607 3587 1749 3657 quod

164 3698 394 3753 divisum
424 3693 624 3755 fuerat,
656 3689 856 3758 nuptiis
878 3685 1181 3756 copulatur,
1205 3682 1417 3736 dicente
1439 3679 1711 3748 Scriptura
1734 3695 1748 3731 :

168 3789 330 3844 Erunt
361 3789 466 3842 duo
491 3786 548 3838 in
575 3797 780 3837 carnem
805 3793 996 3843 unam;
1031 3791 1134 3828 non
1165 3773 1392 3835 induas,
1419 3785 1517 3824 nec
1541 3769 1590 3822 in
1622 3779 1749 3822 tres.

169 3881 391 3946 Propter
427 3875 568 3947 quod
615 3874 862 3942 relinquet
901 3870 1050 3922 homo
1093 3875 1306 3936 patrem,
1347 3872 1391 3916 et
1427 3871 1658 3924 matrem,
1707 3867 1752 3910 et

168 3971 449 4028 adluerebit
471 3965 621 4022 uxori
645 3979 752 4018 suae
777 3959 981 4031 (Cenes.
1006 3957 1062 4011 2.
1094 3955 1183 4026 ξι)
1207 3971 1221 4019 ;
1249 3962 1394 4008 certe
1434 3969 1537 4005 nou
1569 3948 1754 4002 uxori-

171 4065 289 4120 bus.
315 4060 478 4131 Quod
510 4054 876 4112 testimonium
916 4051 1112 4104 Paulus
1138 4047 1464 4106 etlisserens,
1509 4041 1574 4096 ad
1600 4039 1756 4093 Chri-

168 4167 310 4211 stum
335 4151 529 4216 refert,
554 4157 610 4204 et
628 4147 694 4202 ad
715 4144 1011 4200 Ecclesiam
1035 4141 1113 4211 (1.
1136 4139 1254 4194 Cor.
1286 4138 1340 4192 6.
1372 4137 1456 4191 l6.
1482 4145 1528 4188 et
1554 4133 1715 4204 seqq.)
1737 4150 1752 4198 ;

172 4254 226 4300 ut
268 4243 479 4315 primus
517 4238 686 4294 Adam
737 4237 792 4290 in
846 4247 1028 4298 carne,
1066 4239 1120 4284 et
1156 4228 1423 4284 secundus
1470 4228 1522 4281 in
1561 4225 1754 4295 spiritu

173 4347 531 4405 monogamus
572 4329 660 4384 sit.
693 4326 770 4399 (l)
809 4326 890 4382 Sit
934 4339 1038 4378 una
1082 4323 1192 4378 Eva
1231 4329 1402 4376 mater
1440 4326 1754 4373 cunctorum

176 4427 490 4491 viventium,
533 4431 588 4478 et
617 4437 721 4477 una
761 4416 1000 4475 Ecclesia
1038 4429 1234 4486 parens
1284 4412 1520 4466 omnium
1592 4410 1757 4481 909

176 4517 628 4574 Christianorum.
668 4498 823 4568 Sicut
858 4508 1002 4587 illam
1057 4504 1370 4561 maledictus
1411 4500 1642 4556 [.ameeh
1705 4501 1756 4553 in

179 4608 311 4662 duas
336 4607 521 4663 divisit
547 4617 762 4666 uxores,
802 4600 879 4655 sic
918 4599 1057 4653 hanc
1082 4592 1320 4650 hmretici
1352 4594 1403 4647 in
1434 4592 1614 4661 plures
1648 4589 1764 4643 Ec-

188 4699 376 4754 clesias
401 4698 661 4758 lacerant,
689 4707 807 4763 quae
820 4691 970 4761 juxta
1001 4685 1377 4758 Apocalypsim
1408 4681 1650 4742 Joannis,
1675 4694 1762 4750 sy-

193 4806 408 4861 nagogtn
445 4789 616 4860 magis
645 4778 1203 4852 diaboliappellandze
1239 4785 1362 4832 sunt
1385 4776 1566 4846 (Apoc.
1597 4773 1653 4826 9..
1681 4769 1758 4842 9),

189 4896 348 4949 quam
390 4879 592 4935 Christi
641 4873 1010 4933 conciliabula.
1063 4868 1315 4939 Legimus
1354 4867 1405 4920 in
1455 4863 1763 4920 Carminum

188 4971 353 5034 libro,
388 4969 668 5040 Sexaginta
695 4976 811 5022 sunt
839 4965 1049 5036 reginaz,
1077 4970 1125 5015 et
1155 4959 1416 5029 octoginta
1452 4954 1762 5018 concubinae,

191 5070 236 5114 et
269 5060 678 5122 adolescentulis,
723 5072 940 5127 quarum
989 5069 1090 5107 non
1136 5061 1208 5105 est
1238 5063 1499 5102 numerus.
1549 5044 1666 5099 Una
1697 5052 1768 5097 est

193 5150 426 5205 columba
445 5166 576 5216 mea,
606 5153 825 5222 perfecta
849 5126 959 5201 inea
985 5161 999 5198 :
1032 5160 1137 5197 una
1166 5150 1237 5196 est
1279 5139 1429 5193 matri
1456 5151 1582 5200 8MB,
1615 5134 1771 5188 electa

198 5242 423 5311 genitrici
443 5258 551 5298 sure
574 5242 743 5313 (Cant.
774 5240 854 5313 6).
875 5238 959 5295 Ad
975 5250 1136 5308 quam
1158 5233 1350 5290 scribit
1375 5229 1514 5284 idem
1536 5227 1771 5283 Joannes

234 5435 338 5548 ﬂ(a)
355 5434 507 5484 Nobis
527 5435 758 5497 placeret,
777 5435 1077 5508 adoreasque
1097 5444 1185 5504 per
1199 5425 1774 5501 singulassultclamanle,

289 5511 317 5547 e
339 5498 437 5546 lcet
456 5499 650 5548 vapulo:
676 5511 782 5548 aute
807 5497 952 5546 lectio
978 5508 1041 5545 ex
1066 5507 1186 5548 ipsis
1208 5494 1320 5543 Mss.
1343 5491 1428 5539 ubt
1453 5499 1529 5539 est
1553 5490 1774 5548 adoreas-

239 5490 437 5548 tdelicet
456 5490 650 5565 populo:
676 5490 782 5559 quae
807 5497 952 5546 lectio
978 5490 1041 5545 ex
1066 5490 1186 5556 ipsis
1208 5490 1320 5543 Ms's.
1343 5491 1428 5539 ubi
1453 5499 1529 5539 est
1553 5490 1778 5537 adoreas-

239 5571 327 5610 τηε
348 5570 435 5621 pe!
456 5559 646 5621 singula
667 5558 1012 5608 subclamantes
1031 5595 1046 5616 ,
1069 5555 1312 5607 levissima
1348 5555 1616 5604 mutatione
1641 5547 1778 5599 indu-

207 5628 281 5671 cta
303 5618 564 5670 ocullcitur.

270 5682 346 5749 (ι)
378 5679 501 5744 Legi
525 5679 728 5732 Gravius
744 5681 884 5742 jubet
905 5682 974 5733 sic
996 5694 1110 5740 rma,
1138 5686 1236 5729 etc.

1469 260 1799 321 EPISTOLA
1839 257 2069 314 CXXIII.

3290 272 3423 328 1031

1849 373 2166 444 Epistulam,
2217 375 2424 444 Senior,
2453 375 2529 450 (a)
2569 375 2756 432 Electae
2790 378 3027 448 dominre,
3060 393 3107 436 et
3137 384 3258 453 ﬁliis
3305 389 3413 456 ejus

1845 468 1927 538 (2.
1953 465 2111 522 Joan.
2143 467 2215 540 1).
2243 466 2349 524 Sed
2390 478 2444 523 et
2481 469 2532 523 in
2563 470 2756 524 Arcam
2785 485 2944 538 quam
2972 471 3158 528 Petrus
3187 477 3415 541 Aposto-

1844 560 1928 615 lus
1952 562 2053 616 sub
2081 571 2206 632 typo
2232 561 2613 632 interpretatur
2641 562 2897 618 Ecclesiae
2927 565 3002 633 (ί.
3035 564 3174 618 Petr.
3205 567 3279 635 3),
3303 568 3415 624 Noe

1844 665 1966 706 cum
1995 651 2164 706 tribus
2193 652 2336 714 filiis,
2367 652 2626 719 singulas,
2661 668 2767 707 non
2813 653 2969 708 binas
3013 668 3210 710 uxores
3251 656 3416 712 intro-

1844 739 1995 794 duxit
2040 740 2248 811 (Geues.
2302 741 2380 811 6).
2435 743 2606 796 Etiam
2652 741 2719 796 de
2776 743 3062 798 immundis
3099 745 3418 802 animalibus

1844 831 1967 886 bina
1999 842 2302 898 sumuntur,
2329 833 2622 896 masculus,
2649 841 2706 887 et
2733 833 2928 887 femina
2953 853 2969 889 :
2991 843 3051 888 ιιι
3078 851 3144 889 ne
3166 836 3216 889 in
3240 836 3422 891 bestiis

1844 924 2080 993 quidem,
2113 925 2580 991 serpentibuSque,
2614 925 2924 991 crocodilis,
2970 904 3034 980 ac
3067 927 3302 990 lacertis,
3341 928 3426 980 di-

1843 1015 2017 1084 gamia
2047 1015 2240 1070 habeat
2268 1017 2466 1070 locum.
2497 1015 2652 1083 Quod
2677 1016 2720 1070 si
2749 1017 2816 1071 de
2849 1016 3061 1070 mundis
3087 1029 3306 1086 St'plcmt
3336 1034 3430 1088 po.

1848 1114 2065 1166 nuntur,
2113 1104 2162 1158 id
2210 1113 2314 1170 est,
2364 1104 2590 1174 imparia
2626 1122 2640 1160 :
2672 1114 2727 1158 et
2772 1105 2822 1157 in
2867 1106 2970 1159 hoc
3004 1107 3324 1174 virginitatis
3367 1123 3432 1160 ac

1848 1196 2112 1265 pudicitia:
2143 1197 2314 1264 palma
2347 1205 2691 1250 monstratur.
2721 1197 2980 1266 Egressus
3019 1199 3162 1252 enim
3192 1199 3259 1252 de
3286 1201 3428 1253 Area

1846 1287 1979 1351 Noe,
2010 1288 2389 1356 Deo.victimas
2434 1290 2732 1344 immolavit
2762 1307 2774 1340 :
2811 1306 2914 1344 non
2949 1291 3134 1359 utique
3179 1289 3247 1346 de
3289 1291 3428 1360 pari,

1846 1376 1940 1430 sed
1967 1377 2034 1432 de
2079 1380 2266 1447 itnpari
2313 1395 2555 1442 numero,
2589 1382 2710 1449 quia
2752 1381 2977 1436 alterum
3009 1383 3222 1437 fmtibus
3267 1394 3428 1453 atque

1846 1467 2114 1535 conjugio,
2147 1471 2370 1523 alterum
2401 1469 2662 1523 sacrificio
2699 1481 3051 1540 praeparatum
3086 1480 3190 1528 est.
3270 1481 3272 1484 ’

1919 1559 2005 1613 15.
2042 1563 2109 1613 At
2138 1559 2229 1632 [aL
2259 1560 2431 1632 Atqui]
2466 1562 2786 1617 Patriarclne
2823 1581 2926 1619 non
2955 1568 3190 1636 singulas
3219 1568 3421 1624 habue-

1849 1659 1974 1701 runt
2004 1665 2204 1704 uxores
2224 1692 2239 1713 ,
2289 1652 2398 1704 into
2424 1664 2476 1706 et
2515 1655 2840 1707 concubinas
2883 1657 3116 1712 habuere
3147 1662 3428 1728 plurimas.

1849 1738 1951 1802 Et,
2000 1756 2067 1794 ne
2114 1741 2214 1794 hoc
2249 1757 2431 1810 parum
2464 1744 2565 1807 sit,
2621 1746 2782 1798 David
2830 1747 3057 1809 multas,
3090 1759 3145 1802 et
3175 1750 3429 1805 Salomon

1848 1827 2030 1882 habuit
2072 1830 2512 1886 innumerabiles.
2555 1833 2721 1887 Judas
2764 1835 2830 1888 ad
2871 1835 3125 1900 Thamar,
3171 1841 3322 1908 quasi
3361 1841 3428 1895 ad

1759 1934 1769 1944 '
1847 1929 2080 1972 scortum
2131 1921 2446 1989 ingreditur.
2483 1923 2544 1975 Et
2569 1922 2722 1990 juxta
2767 1925 3101 1981 occidentem
3152 1929 3425 1996 litteram,

1847 2009 1985 2066 Osee
2015 2011 2277 2080 Propheta
2310 2027 2414 2066 non
2445 2014 2619 2067 solum
2648 2017 2938 2080 meretrici,
2968 2019 3060 2072 sed
3083 2020 3241 2073 etiam
3271 2021 3430 2076 adulv

1851 2109 1977 2153 tera:
2006 2102 2291 2168 copulatur
2317 2103 2470 2170 (Osee
2501 2104 2572 2172 1).
2607 2105 2760 2170 Quod
2789 2107 2832 2158 si
2874 2116 2929 2160 et
2960 2108 3113 2162 nobis
3137 2111 3258 2177 jure
3297 2127 3431 2166 con-

1849 2192 2076 2256 ceditur,
2109 2194 2484 2247 adhinniamus
2505 2195 2571 2250 ad
2595 2212 2782 2250 omnes
2811 2200 3052 2264 letninas,
3083 2211 3138 2254 et
3167 2203 3216 2255 in
3248 2218 3432 2258 exem-

1857 2283 2002 2352 plum
2053 2286 2302 2340 Sodoma:
2357 2295 2411 2338 et
2439 2285 2748 2346 Gomorraa.
2776 2289 2844 2343 ab
2876 2290 3066 2343 ultimo
3109 2291 3196 2346 die
3236 2292 3430 2363 depre-

1855 2375 2153 2431 hendamur
2173 2378 2485 2441 vendentes,
2512 2388 2566 2432 et
2588 2391 2851 2445 ementes,
2873 2383 3151 2450 nubentes,
3170 2394 3224 2438 et
3245 2388 3431 2455 nnptui

1854 2467 2126 2522 tradentes
2156 2467 2370 2538 (Matth.
2398 2469 2488 2523 24.
2521 2469 2633 2538 58),
2662 2481 2716 2524 et
2745 2481 2872 2527 tunc
2911 2475 2978 2526 sit
3021 2475 3137 2528 finis
3161 2477 3391 2546 conjugii
3413 2517 3428 2542 ,

1851 2557 2064 2625 quando
2091 2560 2348 2613 terminus
2375 2561 2516 2614 vitaz.
2557 2562 2709 2627 Quod
2738 2572 2791 2616 et
2825 2564 2868 2617 si
2900 2573 3021 2633 post
3051 2565 3348 2632 Diluvium,
3378 2577 3434 2622 et

1850 2657 1975 2704 ante
2005 2649 2266 2705 Diluvium
2298 2650 2462 2720 viguit
2491 2652 2590 2708 ista
2617 2655 2881 2709 sententia
2917 2673 2931 2709 :
2965 2656 3186 2712 Crescite
3209 2670 3256 2712 et
3295 2661 3432 2715 ntul-

1854 2738 2154 2809 tiplicamini
2173 2782 2189 2807 ,
2222 2749 2268 2794 et
2310 2743 2501 2812 replete
2531 2753 2716 2798 terram
2744 2745 2949 2817 (Cenes.
2983 2736 3034 2801 1.
3068 2747 3184 2817 28),
3211 2750 3336 2818 quid
3363 2750 3432 2805 ad

1854 2847 1952 2885 nos
1973 2873 1987 2896 ,
2020 2833 2071 2886 in
2099 2847 2236 2901 quos
2277 2833 2412 2888 lines
2457 2835 2774 2890 saeculorum
2807 2836 3196 2905 decurrerunt,
3239 2841 3434 2910 quibus

1853 2922 2046 2977 dicitur
2073 2943 2086 2977 :
2115 2923 2337 2993 Tempus
2363 2926 2507 2980 breve
2541 2937 2614 2979 es:
2645 2927 2728 3000 (I.
2767 2927 2885 2981 Cor.
2917 2931 2969 2982 7.
3009 2931 3103 2999 29)
3132 2949 3147 2988 :
3180 2932 3278 2996 Et,
3310 2932 3433 2988 lant

1851 3016 2041 3069 securis
2068 3016 2136 3068 ad
2161 3017 2358 3070 radices
2381 3019 2618 3070 arborum
2647 3019 2813 3087 posita
2843 3030 2936 3084 est,
2964 3036 3084 3088 qua:
3110 3022 3298 3076 silvam
3329 3023 3431 3080 Le-

1853 3106 1967 3173 gis,
2022 3115 2077 3159 et
2126 3105 2430 3174 nuptiarum
2490 3106 2805 3175 Evangelica
2857 3087 3103 3164 castitate
3151 3087 3435 3168 succidat?

1857 3194 2077 3265 Tempus
2102 3197 2459 3266 amplexandi,
2492 3205 2538 3250 et
2565 3207 2760 3269 tempus
2785 3199 2942 3270 longe
2961 3201 3073 3268 ﬁeri
3097 3201 3160 3254 ab
3187 3204 3437 3272 amplexi-

1853 3288 1946 3340 bus
1983 3285 2205 3358 (Eccles.
2236 3288 2288 3342 5.
2325 3287 2405 3358 5).
2451 3287 2734 3353 Jerernias,
2759 3291 3064 3358 captivitate
3095 3293 3422 3365 propinqua,

1856 3391 2074 3431 uxorem
2103 3376 2415 3446 prohibetur
2443 3377 2710 3447 accipere.
2745 3379 2995 3435 Ezechiel
3039 3382 3088 3434 in
3121 3382 3418 3452 Babylone,

1857 3467 2066 3522 Mortua
2094 3469 2393 3538 est,inquit,
2424 3485 2554 3522 uxor
2580 3486 2721 3534 mea;
2754 3481 2799 3524 et
2833 3482 3064 3541 apertum
3089 3483 3161 3528 est
3187 3490 3242 3527 os
3272 3492 3440 3529 meum

1857 3558 2069 3632 (Ezecli.
2099 3559 2189 3615 24.
2221 3559 2332 3631 28).
2409 3561 2573 3632 910
2643 3560 2753 3617 Nec
2780 3562 3034 3617 ducturus
3058 3580 3309 3631 nitorem,
3341 3582 3442 3621 nec

1858 3650 1946 3705 ille
1985 3652 2073 3720 qui
2117 3651 2376 3717 duxerat,
2411 3659 2635 3720 possunt
2678 3653 2727 3705 in
2759 3668 2922 3721 Opere
2963 3655 3230 3724 coniugali
3274 3657 3441 3712 libere

1859 3743 2198 3812 prophetare.
2219 3743 2356 3797 Olim
2375 3742 2557 3812 gloria:
2576 3753 2690 3796 erat
2710 3745 2854 3797 illum
2875 3745 3058 3799 audire
3082 3748 3402 3800 versiculum
3425 3765 3439 3802 :

1860 3831 1984 3886 Filii
2026 3834 2098 3886 tui
2124 3835 2250 3886 sicut
2291 3834 2499 3886 novella:
2537 3831 2643 3903 [ιιι.
2675 3835 2942 3887 novellatio
2973 3850 3093 3888 cum
3135 3837 3356 3904 August.
3388 3848 3444 3894 et

1861 3922 2088 3994 Hilario]
2117 3923 2401 3987 olivarum,
2432 3925 2483 3975 in
2509 3923 2720 3975 circuitu
2749 3938 2935 3976 mensa:
2958 3934 3094 3989 tute;
3127 3925 3189 3978 Et
3207 3966 3220 3987 ,
3263 3926 3443 3982 Videas

1861 4012 1998 4082 filios
2024 4013 2247 4079 ﬁliorum
2275 4022 2473 4066 tuorum
2500 4012 2674 4082 (Psal.
2703 4011 2850 4082 I27).
2885 4013 3034 4068 Nunc
3065 4015 3132 4070 de
3159 4017 3442 4073 continen-

1864 4104 2003 4158 tibus
2032 4103 2227 4158 dicitur
2257 4121 2270 4156 :
2307 4103 2407 4167 Qui
2435 4103 2658 4156 adliceret
2701 4103 2947 4170 Domino,
2979 4121 3110 4160 unus
3139 4107 3343 4176 spiritus
3372 4119 3447 4163 est

1864 4195 1940 4269 (l.
1971 4197 2091 4251 Cor.
2123 4196 2177 4250 6.
2212 4197 2320 4266 17).
2355 4195 2455 4259 Ει,
2488 4195 2712 4250 Adhazsit
2748 4197 2920 4249 anima
2956 4213 3066 4251 mea
3105 4208 3220 4268 post
3248 4210 3340 4254 te:
3369 4217 3448 4255 me

1863 4288 2080 4356 suscepit
2123 4288 2330 4340 dextera
2373 4296 2460 4339 tua
2503 4285 2631 4358 (Ps.
2665 4286 2754 4340 (i2.
2798 4286 2874 4355 9).
2916 4286 3066 4343 Tunc
3108 4289 3319 4344 oculum
3350 4306 3448 4362 pro

1866 4379 2020 4433 oculo
2048 4396 2062 4432 :
2110 4393 2251 4433 nunc
2279 4377 2583 4433 verberanti
2617 4378 2918 4446 maxillam,
2965 4381 3267 4450 pra-bemus
3294 4393 3348 4439 et
3374 4385 3451 4438 al-

1870 4479 2057 4523 teram.
2088 4469 2182 4524 lllo
2212 4480 2450 4538 tempore
2476 4468 2821 4524 bellatoribus
2843 4469 3118 4526 dicebatur
3141 4490 3155 4525 :
3183 4475 3453 4545 Accingere

1867 4559 2039 4629 gladio
2077 4569 2160 4612 tuo
2200 4575 2353 4628 super
2384 4561 2547 4629 femur
2567 4568 2727 4624 tuum,
2763 4558 3166 4633 Potentissime(
3186 4561 3328 4615 I’sal.
3357 4565 3449 4616 Η.

1869 4651 1960 4719 4);
1991 4649 2150 4703 modo
2178 4648 2325 4702 audit
2352 4649 2540 4716 Petrus
2563 4665 2576 4700 :
2608 4649 2780 4704 Conde
2804 4648 3036 4718 gladium
3064 4659 3202 4702 tuum
3229 4651 3280 4703 in
3308 4653 3451 4721 ragi-

1871 4758 2008 4795 nam.
2041 4742 2138 4806 Qui
2162 4742 2292 4794 enim
2318 4740 2490 4811 gladio
2515 4740 2745 4809 percutit,
2773 4737 2946 4808 gladio
2967 4739 3208 4792 morietur
3236 4737 3453 4808 (Matt/1.

1871 4834 1962 4888 26.
1993 4832 2103 4905 52).
2136 4832 2261 4887 Ilaec
2305 4833 2569 4895 dicimus,
2623 4843 2730 4882 non
2779 4837 3091 4897 separantes
3138 4829 3332 4900 Legem
3355 4871 3370 4895 ,
3405 4842 3458 4886 et

1874 4924 2245 4994 Evangeliunt,
2280 4931 2340 4975 ut
2369 4921 2603 4974 Marcion
2629 4921 3024 4986 calumniatur;
3055 4921 3149 4975 sed
3182 4938 3342 4976 unum
3373 4933 3460 4976 at-

1874 5033 1980 5088 que
2021 5014 2270 5071 eumdem
2313 5012 2667 5080 suscipientes
2709 5013 2910 5074 Deum,
2946 5012 3036 5080 qui
3078 5026 3174 5081 pro
3200 5015 3459 5068 varietate

1879 5119 2180 5176 temporum
2205 5114 2366 5174 atque
2409 5117 2692 5158 causarum
2733 5103 3050 5171 principium
3070 5143 3084 5166 ,
3112 5113 3166 5157 et
3195 5101 3345 5168 linis;
3377 5119 3464 5160 se-

1880 5200 1970 5264 rit,
1997 5206 2054 5250 ut
2079 5205 2279 5260 metat;
2310 5195 2532 5264 plantat.
2567 5202 2624 5247 ut
2653 5192 2845 5246 habeat
2874 5192 3016 5262 quod
3038 5194 3308 5256 suecidat;
3333 5195 3464 5264 jacit

1882 5289 2306 5351 fundamentum,
2340 5296 2399 5339 ut
2420 5284 2757 5338 aedilicationi
2779 5323 2793 5348 ,
2825 5295 3198 5339 consummato
3225 5287 3421 5340 smcnlo
3445 5328 3461 5355 ,

1883 5384 2091 5438 culmen
2125 5382 2381 5450 imponat.
2428 5377 2639 5446 Alioqui
2694 5377 2738 5430 si
2783 5377 2848 5431 ad
2901 5387 3234 5432 sacramenta
3274 5379 3460 5433 venia-

1885 5491 2034 5541 mus,
2067 5482 2123 5530 et
2160 5473 2453 5526 futurorum
2497 5479 2684 5539 typos,
2723 5485 2828 5524 non
2862 5479 3046 5525 nostro
3077 5470 3304 5526 arbitrio
3325 5513 3341 5538 ,
3373 5472 3464 5530 sed

1951 5613 2024 5675 (a)
2055 5611 2244 5662 Nomen
2271 5607 2460 5664 Electae,
2482 5613 2536 5656 ut
2554 5606 2802 5669 preprinm
2819 5607 2912 5658 hoc
2931 5605 3034 5656 loco
3050 5612 3195 5669 atque
3214 5605 3327 5657 alibi
3342 5620 3466 5669 saepe

1891 5676 2030 5727 liter.
2050 5676 2420 5734 interpretatur.
2901 5697 2906 5704 .
