4026 6186
657 252 676 304 l
689 250 794 307 055

655 362 912 432 Apostolo
935 360 1226 417 disserente
1246 358 1321 432 (a)
1345 359 1779 425 consideremus;
1806 361 1961 430 Agar,
1987 371 2040 415 et
2060 361 2214 427 Sara,

653 456 736 510 vel
767 470 916 508 mons
946 453 1090 512 Sina,
1119 461 1174 506 et
1199 453 1324 506 Sion
1347 492 1362 515 ,
1394 451 1500 504 duo
1529 451 1869 506 Testamenta
1897 452 2215 519 significant.

652 543 744 599 Lia
767 541 1102 612 lippientibus
1124 541 1312 604 oculis,
1335 551 1389 594 et
1409 541 1628 606 Rachel,
1649 557 1804 611 quam
1827 542 1988 596 Jaeoh
2009 543 2221 596 amabat

652 628 971 700 plurimum(
1001 627 1179 682 (Ie-tes.
1198 627 1269 682 29
1298 628 1337 701 ),
1361 630 1692 699 Synagogam
1726 630 2122 699 Ecclesiamque
2144 641 2220 685 te-

648 730 874 774 stantur.
891 719 1041 775 Unde
1057 729 1110 774 et
1127 726 1274 774 Anna
1295 721 1439 790 prius
1456 723 1675 788 sterilis,
1697 721 1959 776 Fennenae
1979 721 2219 776 ubertate

651 811 948 865 ftecundior
975 819 1060 865 est
1089 810 1161 884 (i.
1192 811 1320 882 Reg.
1353 813 1428 882 1).
1479 812 1626 867 Licet
1667 822 1722 868 et
1754 814 2082 882 monogamia
2121 827 2218 866 nos

647 903 697 954 in
724 902 888 966 Isaac,
921 912 974 956 et
997 901 1236 957 Rebecca
1265 904 1599 971 praicesserit
1624 921 1636 957 :
1670 903 1823 971 cujus
1851 904 2014 956 solius
2035 911 2216 973 partus

648 991 853 1045 Domini
883 993 1138 1046 revelatio
1163 1003 1265 1047 est.
1300 992 1412 1047 Nec
1439 993 1543 1047 ulla
1575 994 1674 1046 alia
1703 992 2016 1048 feminarum
2051 993 2214 1046 Deum

644 1096 742 1151 per
778 1085 1007 1151 seipsam
1039 1084 1326 1138 consuluit.
1367 1083 1502 1150 Quid
1533 1082 1721 1152 loquar
1749 1083 1814 1137 de
1853 1083 2104 1147 Thamar,
2139 1083 2215 1152 (b)

643 1185 762 1240 qua:
791 1171 1010 1235 Zaram,
1053 1183 1105 1226 et
1148 1172 1346 1227 i'harez
1384 1173 1624 1242 geminos
1666 1173 1798 1226 fudit
1845 1173 2114 1225 infantes?
2157 1172 2212 1226 in

644 1276 867 1330 quorum
893 1263 1162 1317 nativitate
1189 1264 1356 1316 divisa
1389 1264 1638 1328 maceria,
1662 1263 1796 1317 duos
1821 1264 2044 1332 populos
2065 1278 2217 1330 sepa-

642 1350 781 1404 ravit
807 1367 820 1404 :
851 1362 905 1405 et
933 1351 1090 1420 ligata
1117 1367 1307 1407 manus
1331 1353 1573 1418 coccino,
1600 1353 1978 1406 conscientiam
2005 1352 2215 1406 Judzeo-

642 1453 758 1494 rum
777 1440 886 1510 jam
916 1449 1040 1496 tunc
1061 1443 1258 1497 Christi
1285 1445 1530 1511 passione
1552 1443 1825 1511 respersit.
1857 1444 1932 1496 Ac
1951 1443 2017 1496 de
2037 1451 2214 1495 scorto

641 1533 975 1602 prophetico,
1007 1535 1157 1603 cujus
1184 1534 1475 1590 similitudo
1503 1533 1585 1588 vel
1635 1534 1926 1588 Ecclesium
1956 1533 2213 1602 signiﬁcat

639 1625 706 1679 de
730 1626 978 1695 gentibus
1005 1638 1380 1695 congregatam
1409 1642 1423 1678 :
1456 1626 1538 1680 vel
1571 1625 1746 1696 (quod
1779 1625 1878 1694 ipsi
1903 1625 2020 1679 loco
2047 1625 2212 1692 magis

637 1716 910 1786 convenit)
936 1717 1264 1786 Synagogam
1290 1717 1514 1784 primum
1537 1726 1861 1783 assumptam
1885 1716 1951 1768 de
1991 1715 2212 1768 idolola-

642 1809 740 1862 tris
767 1823 862 1878 per
886 1809 1174 1873 Abraham,
1193 1816 1249 1862 et
1265 1808 1473 1878 Moysen
1491 1826 1503 1861 :
1524 1807 1716 1861 deinde
1740 1817 1855 1875 post
1869 1805 2207 1871 adulterium,

637 1908 693 1952 et
719 1900 1057 1969 negationem
1083 1900 1390 1960 Salvatoris.
1423 1899 1694 1954 sedentem
1720 1899 1946 1967 plurimo
1971 1908 2209 1965 tempore

636 1993 752 2045 sine
777 1991 954 2057 altari,
982 1991 1362 2045 Sacerdotibus
1382 2004 1447 2042 ac
1469 1989 1767 2059 Prophetis,
1803 1999 1856 2043 et
1879 1989 1976 2042 viri
2005 1989 2208 2057 pristini

637 2081 963 2134 consortium
991 2081 1384 2151 praestolantem
1407 2095 1423 2144 ;
1452 2088 1506 2132 ut
1537 2088 1813 2147 postquam
1837 2076 2210 2131 snbintraverit

636 2169 905 2238 plenitudo
953 2170 1226 2239 gentium,
1276 2178 1400 2223 tunc
1448 2169 1622 2222 omnis
1677 2168 1836 2222 Israel
1891 2169 2066 2221 salvus
2119 2168 2209 2221 liat

634 2259 810 2332 (Rom.
839 2260 948 2332 Η).

700 2353 861 2424 91],
940 2352 1029 2406 ll.
1061 2353 1220 2419 Quasi
1244 2352 1296 2404 in
1327 2351 1471 2405 brevi
1501 2350 1693 2404 tabella
1727 2349 2012 2403 latissimos
2042 2356 2207 2402 terra-

633 2458 751 2496 l'lltlt
791 2444 924 2496 situs
950 2442 1234 2496 ostendere
1270 2440 1444 2505 volui,
1478 2450 1535 2494 ut
1567 2455 1778 2508 pergam
1807 2439 1872 2494 ad
1905 2440 2036 2492 alias
2061 2454 2204 2508 qua:-

633 2533 957 2597 stiunculas;
990 2547 1211 2600 quarum
1246 2532 1415 2599 prima
1440 2529 1506 2583 de
1534 2532 1699 2582 Anna:
1722 2529 1947 2583 consilio
1972 2537 2054 2583 est
2083 2549 2096 2583 :

703 2642 897 2696 Solane
924 2651 1169 2711 perpetua
1195 2656 1409 2693 atterens
1426 2655 1632 2709 carpere
1646 2640 1895 2708 juventa?

702 2732 811 2788 Nec
841 2733 1011 2787 dulces
1040 2742 1215 2797 natos,
1254 2729 1460 2786 Veneris
1491 2746 1579 2784 nec
1618 2730 1828 2801 prtemia
1854 2731 2025 2785 noris?

699 2823 727 2879 1
733 2827 768 2879 d
789 2827 1022 2888 cinerem,
1055 2831 1142 2876 aut
1169 2839 1342 2876 manes
1371 2823 1534 2876 credis
1559 2838 1738 2875 curare
1765 2823 1986 2893 sepultos
2002 2823 2027 2875 ?

627 2915 721 2970 Cui
753 2915 986 2970 breviter
1012 2911 1337 2982 respondeat
1361 2911 1472 2980 ipsa
1491 2952 1507 2977 ,
1535 2927 1655 2980 quae
1683 2925 1835 2979 passa
1863 2919 1946 2966 est
1978 2927 1993 2964 :

699 3005 775 3060 Tu
801 3005 1038 3076 lacrymis
1061 3005 1217 3059 euicta
1247 3005 1369 3057 meis
1393 3019 1412 3057 :
1437 3013 1490 3055 tu
1523 3003 1687 3072 prima
1715 3005 1960 3073 [urentem

703 3095 816 3158 llis,
837 3110 1100 3165 germana,
1124 3094 1273 3146 malis
1301 3094 1500 3154 oneras,
1529 3105 1676 3159 atque
1705 3093 1880 3158 obiicis
1904 3092 2052 3144 hosti.

697 3186 818 3240 Non
848 3187 990 3240 licuit
1017 3185 1230 3238 thalami
1258 3192 1514 3251 expertem
1542 3184 1650 3235 sine
1676 3183 1882 3236 crimine
1906 3183 2058 3235 vitam

692 3277 887 3348 Degere
912 3292 1047 3330 more
1077 3280 1218 3346 ferat,
1249 3275 1374 3327 tales
1399 3289 1489 3326 nec
1516 3283 1719 3341 tangere
1743 3289 1913 3326 curas.

693 3367 814 3422 Non
843 3375 1038 3421 servata
1067 3366 1193 3433 fides
1218 3365 1369 3417 cineri
1402 3364 1647 3432 promissa
1678 3364 1867 3417 Sichtei

1641 3470 1876 3540 (/Eneid.
1904 3471 1979 3542 t).

663 3563 953 3655 VProponis
998 3583 1124 3638 mihi
1166 3581 1352 3650 gaudia
1401 3581 1702 3650 nuptiarum
1734 3599 1746 3633 :
1779 3597 1876 3649 ego
1907 3583 1995 3634 tihi
2027 3597 2194 3651 oppo-

619 3697 740 3734 nam
797 3693 1016 3749 pyram,
1062 3676 1329 3746 gladium,
1375 3684 1428 3729 ct
1474 3673 1794 3744 incendium.
1827 3673 1940 3728 Non
1989 3686 2190 3728 tantum

619 3770 744 3825 boni
792 3779 875 3824 est
901 3769 953 3821 in
988 3768 1183 3837 nuptiis
1221 3765 1362 3836 quod
1393 3780 1702 3834 speramus,
1735 3777 1988 3835 quantmn
2031 3769 2186 3831 mali,

615 3860 756 3930 quod
773 3859 1015 3914 accidere
1043 3867 1233 3927 potest,
1261 3865 1316 3912 et
1343 3856 1630 3911 timendum
1659 3866 1758 3911 est.
1789 3857 1968 3912 Ltatno
1993 3871 2188 3911 rasas-

616 3965 756 4005 ACTA
781 3963 992 4018 semper
1037 3948 1121 4001 sui
1155 3948 1407 4014 relinquit
1446 3946 1831 4016 paenitudinem
1862 3967 1877 3999 :
1923 3963 2186 4016 nunquam

615 4043 867 4102 satiatur;
901 4047 957 4092 et
999 4039 1232 4092 extincta
1275 4038 1665 4092 reacccnditur.
1714 4037 1822 4092 Usu
1865 4041 2089 4103 crescit,
2136 4047 2188 4092 et

613 4127 795 4180 deficit
823 4143 836 4178 :
870 4141 969 4180 nec
997 4127 1186 4180 rationi
1228 4136 1407 4196 paret,
1449 4143 1567 4196 qua:
1597 4128 1792 4197 impetu
1823 4131 2049 4182 ducitur.
2082 4129 2183 4183 Sed

613 4221 760 4274 dices
801 4237 816 4273 :
857 4218 1062 4287 Amplzc
1108 4232 1268 4287 opes,
1316 4226 1371 4272 et
1415 4218 1742 4287 dispensatio
1789 4221 1864 4273 rei
1910 4220 2184 4274 familiaris

613 4318 773 4377 egent
792 4308 1107 4362 auctoritate
1133 4308 1254 4362 viri.
1284 4308 1500 4363 Scilicet
1528 4309 1802 4378 perierunt
1821 4311 2010 4365 domus
2035 4315 2182 4366 etalio

614 4397 763 4461 hum,
796 4404 852 4450 et
874 4396 971 4450 nisi
994 4410 1112 4449 cum
1136 4397 1360 4450 servulis
1391 4399 1494 4450 tuis
1525 4399 1636 4468 ipsa
1668 4401 1938 4464 servieris,
1969 4401 2181 4457 familiae

615 4495 718 4539 tum
750 4485 1012 4553 imperare
1039 4499 1143 4537 non
1173 4476 1550 4553 poterisr’Avia
1583 4496 1690 4550 tua,
1723 4497 1892 4542 mater
1918 4500 1970 4544 et
1997 4493 2177 4555 amita,

614 4591 792 4630 nonne
817 4574 1146 4628 auctoritatis
1173 4573 1427 4642 pristiam,
1456 4573 1778 4644 honorisque
1800 4580 2015 4646 majoris
2034 4590 2175 4646 sunt,

612 4667 736 4719 dum
767 4679 878 4729 eas,
909 4675 962 4719 et
987 4673 1095 4718 tota
1127 4663 1420 4734 provincia,
1449 4673 1503 4718 et
1532 4665 1886 4720 Ecclesiarnm
1912 4670 2178 4740 principes

608 4756 944 4826 suspiciunt?
973 4754 1112 4825 Ergo
1140 4754 1217 4825 (c)
1248 4753 1481 4821 milites,
1522 4763 1575 4808 et
1601 4755 2032 4825 peregrinantes,
2063 4759 2178 4814 sine

671 4911 744 4972 (a)
777 4910 916 4976 Hanc
949 4923 1121 4962 vocem
1159 4909 1531 4976 consideremus,
1565 4924 1675 4976 quae
1710 4912 1899 4974 deerat,
1937 4926 2011 4966 ex
2036 4917 2178 4968 editis

611 4974 956 5034 vetustioribus
990 4975 1310 5034 reposuimus.

677 5031 752 5109 (b),
776 5031 928 5109 "Tulli
953 5031 1139 5109 errore,
1153 5041 1220 5109 et
1239 5047 1388 5109 auem
1410 5041 1554 5084 antea
1573 5033 1810 5109 Reatinus
1833 5037 1988 5109 editor
2013 5050 2175 5109 emen-

603 5094 804 5145 daverat
820 5133 847 5162 ,_
854 5094 1208 5162 Benedictum!)
1237 5094 1736 5162 Erasmutrrsecutus,
1763 5105 1916 5147 Ezron
1948 5097 2075 5162 legit
2091 5114 2176 5162 pro

609 5165 802 5205 larum.
828 5156 951 5220 Vide
977 5155 1102 5220 Gen.
1127 5156 1205 5204 38.
1231 5169 1279 5204 v.
1303 5155 1366 5220 Ἃρ
1403 5163 1456 5204 et
1481 5158 1559 5206 50.
1586 5158 1722 5215 Quod
1741 5172 1904 5220 _porro
1939 5155 2103 5210 subdit
2125 5163 2175 5210 in

606 5229 774 5280 eorum
800 5217 1050 5280 nativitate
1072 5215 1195 5265 duos
1226 5215 1426 5280 populos
1446 5226 1709 5276 separatos,
1732 5215 1943 5280 Jiidteos,
1969 5227 2021 5269 et
2043 5222 2174 5270 Gen-

606 5277 720 5343 tiles
742 5277 998 5343 signiﬁcari
1019 5291 1121 5343 ,_ex
1148 5277 1370 5343 veterum
1393 5277 1588 5343 Patrum
1612 5288 1689 5329 est
1709 5293 1860 5330 sensu
1881 5316 1896 5342 ,
1931 5277 2087 5343 quem
2120 5283 2172 5331 in

605 5335 822 5400 ﬁlictia-ae
840 5352 945 5400 cap.
969 5337 1014 5386 2.
1035 5337 1332 5400 lucule_ntius
1353 5340 1566 5400 exponit.

666 5399 735 5466 (ε)
769 5398 910 5448 Olim‘
929 5412 1108 5466 nempe
1118 5398 1309 5466 milites
1331 5399 1392 5466 ah
1408 5398 1644 5466 uxoribus
1664 5401 1898 5466 ducendis
1921 5402 2036 5466 lege
2060 5417 2170 5466 pro-

604 5457 912 5524 hibebantur,
945 5457 1077 5524 quod
1118 5459 1502 5524 luculentisslme
1539 5463 1588 5510 in
1629 5465 1794 5524 primis
1833 5457 2040 5514 testatur
2061 5457 2169 5514 "Dio

605 5515 687 5586 lib.
713 5519 790 5566 60.
823 5515 907 5586 ubi
927 5515 992 5569 de
1016 5521 1212 5572 Claudio
1233 5521 1462 5583 loquens,
1488 5515 1716 5572 concessa
1737 5524 1858 5574 dixit
1881 5529 1942 5575 ab
1966 5526 2049 5575 illo
2071 5539 2169 5575 ma-

604 5581 804 5653 ritorum
828 5581 965 5653 jura.
980 5598 1068 5650 ⁸Ἔθις
1091 5581 1399 5653 σῖμπςςξμηοις,
1417 5592 1554 5653 *ιπηιδή
1583 5602 1745 5653 milia;
1784 5599 1847 5636 ob:
1879 5596 2046 5653 ωὑναγτο
2129 5614 2167 5650 γι

604 5651 672 5682 «δν
694 5647 807 5694 se,»
828 5648 915 5698 ιιιιν
935 5653 947 5686 :
971 5640 1032 5688 iis
1054 5640 1149 5703 qui
1165 5640 1427 5692 militabant
1454 5640 1675 5707 quoniam
1698 5640 1872 5697 uirores
1892 5662 1954 5697 ea:
1980 5648 2055 5712 leg
2074 5640 2160 5698 bu's

1923 245 2164 305 SANCTI
2203 243 2579 305 HIERONYMI

3775 266 3916 322 1056

2328 363 2578 417 uxoribus
2614 377 2709 418 sua
2739 364 3021 434 hospitiola
3051 382 3155 424 non
3192 382 3411 441 regunt,
3441 382 3499 429 et
3549 390 3655 432 nec
3688 377 3924 437 invitant

2325 452 2390 505 ad
2419 454 2691 520 convivia,
2740 471 2840 510 nec
2869 455 3188 514 invitantur?
3216 461 3376 529 Quasi
3413 479 3520 520 non
3564 469 3750 535 possis
3783 486 3912 540 pm-

2325 543 2461 596 hatte
2490 545 2661 598 :ctatis
2689 543 2889 600 habere
2920 549 3142 603 famulos
3161 591 3177 616 ,
3209 553 3292 606 vel
3317 554 3564 622 libertos,
3597 559 3652 611 in
3680 576 3913 629 quorum

2324 633 2519 686 nutrita
2549 650 2606 687 es
2628 635 2908 700 manibus;
2939 639 3028 707 qui
3053 641 3269 706 praesint
3296 642 3500 707 domui,
3533 647 3601 700 ad
3633 651 3908 716 publicum

2323 723 2711 791 respondeant,
2741 727 2932 780 tributa
2963 731 3306 797 persolvant;
3352 737 3441 803 qui
3483 745 3538 790 te
3565 743 3911 815 suspiciant,

2321 821 2380 866 ut
2407 824 2681 880 patronam
2705 857 2720 880 ,
2763 817 3016 887 diligant,
3050 831 3106 874 ut
3133 822 3400 878 alumnam
3419 867 3437 892 ,
3469 843 3825 903 venerentur,
3857 851 3912 893 ut

2321 913 2580 959 sanetam.
2612 907 2803 972 Qumre
2845 911 3072 978 primum
3100 929 3322 982 regnum
3352 919 3466 983 Dci,
3494 932 3550 974 et
3580 922 3703 979 haec
3725 933 3904 984 omnia

2319 993 2636 1062 adjicientur
2659 997 2748 1051 tibi
2779 997 2992 1070 (Matth.
3021 1001 3074 1055 6.
3105 1003 3216 1074 33).
3251 1008 3305 1060 Si
3335 1007 3402 1062 de
3437 1022 3587 1066 veste
3624 1018 3902 1085 cogitave-

2319 1085 2417 1148 ris,
2442 1086 2557 1177 lilia
2591 1089 2684 1142 tibi
2711 1090 2778 1145 de
2805 1092 3096 1164 Evangelio
3124 1111 3509 1166 proponuntur.
3549 1105 3605 1160 Si
3635 1107 3706 1161 de
3744 1113 3898 1177 cibo,

2319 1175 2606 1232 remitteris
2633 1179 2698 1233 ad
2724 1195 2882 1246 aves,
2915 1199 3032 1251 qua:
3059 1201 3163 1240 non
3195 1201 3416 1256 serunt,
3449 1209 3628 1264 neque
3658 1175 3895 1269 metunt,

2317 1272 2371 1318 et
2400 1265 2554 1319 Pater
2577 1276 2696 1321 tuus
2723 1271 2956 1326 ctelestis
2981 1276 3149 1342 pascit
3176 1277 3313 1332 illas.
3337 1281 3562 1345 Quantae
3587 1286 3822 1356 virgines
3847 1265 3898 1346 et

2315 1354 2476 1426 912
2548 1357 2719 1412 vidua:
2746 1360 2945 1429 absque
2992 1364 3098 1418 ulla
3121 1366 3280 1422 sorde
3301 1372 3555 1439 rumoris,
3577 1354 3735 1431 suam
3781 1380 3896 1433 sub.

2317 1447 2620 1501 stantiolam
2651 1450 3057 1518 gnbernarunt?

2391 1537 2478 1591 £5.
2511 1537 2652 1593 Cave
2693 1556 2761 1596 ne
2799 1544 3042 1612 jungat-is
3084 1547 3499 1606 adolescentulis
3533 1572 3546 1608 :
3579 1571 3650 1612 ne
3689 1559 3779 1614 his
3804 1563 3893 1614 ad—

2316 1623 2554 1690 hmreas,
2601 1639 2818 1698 propter
2861 1647 2994 1701 quas
3036 1636 3322 1703 Apostolus
3363 1643 3615 1698 concedit
3661 1652 3890 1704 secunda

2316 1717 2672 1784 matrimonia,
2701 1727 2754 1772 et
2779 1723 3043 1776 sustineas
3067 1723 3118 1777 in
3143 1726 3317 1782 media
3348 1733 3737 1801 tranquillitate
3767 1755 3891 1794 nau-

2315 1809 2553 1877 fragium.
2591 1811 2645 1865 Si
2672 1812 2956 1868 Timotheo
2985 1815 3177 1872 dicitur
3210 1837 3224 1873 :
3254 1820 3689 1881 Adolescentiores
3715 1831 3892 1884 viduas

2287 1900 2476 1954 'devita
2501 1918 2520 1956 :
2550 1902 2617 1956 Et
2645 1904 2837 1958 iterum
2868 1922 2882 1960 :
2914 1907 3042 1960 Ama
3076 1924 3224 1973 anus,
3258 1922 3312 1964 ut
3340 1925 3522 1969 matres
3542 1933 3562 1969 :
3589 1920 3884 1975 adolescen-

2312 1991 2477 2055 tulos,
2524 2002 2578 2045 ut
2615 2009 2812 2049 sorores
2855 2012 2973 2049 cum
3015 2000 3153 2052 omni
3179 2003 3439 2068 castitate;
3480 2022 3643 2074 quare
3695 2021 3754 2063 tu
3809 2031 3890 2067 me

2311 2091 2739 2138 commonentem
2771 2101 2874 2138 non
2901 2087 3120 2142 audias?
3149 2090 3291 2160 Fuge
3314 2108 3587 2162 personas,
3615 2100 3670 2151 in
3695 2103 3886 2168 quibus

2311 2179 2485 2237 potest
2514 2173 2667 2224 make
2695 2177 3118 2250 conversationis
3145 2195 3264 2234 esse
3294 2183 3557 2252 suspicio,
3593 2203 3698 2243 nec
3727 2205 3882 2259 para-

2313 2266 2418 2310 lttm
2449 2259 2646 2312 habeas
2691 2262 2814 2315 illud
2843 2278 2873 2316 e
2907 2267 3058 2318 trivio
3088 2285 3101 2320 :
3151 2267 3353 2324 Sufﬁcit
3383 2273 3509 2328 mihi
3555 2280 3878 2335 conscientia

2310 2362 2424 2400 mea
2456 2365 2606 2428 :‘non
2637 2365 2766 2404 curo
2803 2353 2927 2421 quid
2969 2355 3037 2409 de
3077 2373 3160 2410 me
3190 2359 3476 2428 loquantur
3513 2363 3786 2422 homines.
3820 2371 3878 2423 Et

2307 2423 2763 2508 eertc’Apostolus
2787 2445 3097 2512 providebat
3128 2449 3299 2515 bona,
3332 2467 3435 2505 non
3470 2463 3678 2511 tantum
3705 2473 3876 2513 coram

2307 2529 2447 2592 Deo,
2480 2530 2572 2583 sed
2600 2533 2760 2585 etiam
2791 2548 2970 2587 coram
3003 2535 3305 2594 hominibus
3334 2540 3506 2612 (Rom.
3544 2547 3656 2617 l2),
3694 2566 3759 2602 ne
3791 2567 3878 2618 per

2307 2617 2451 2671 illum
2497 2634 2689 2674 nomen
2723 2622 2812 2676 Dei
2846 2623 3300 2694 blasphemaretnr
3338 2632 3388 2684 in
3417 2636 3672 2701 gentibus
3708 2617 3870 2710 (Ibid.

2303 2706 2356 2760 2.
2381 2707 2496 2780 ει).
2526 2708 2765 2766 Habebat
2788 2713 2968 2783 utique
2994 2727 3310 2784 petestatem
3335 2735 3574 2778 sororem
3604 2706 3874 2784 mulierem

2302 2797 2756 2867 circmuduccndi,
2786 2803 2879 2857 sed
2908 2805 3118 2859 nolebat
3147 2823 3204 2862 se
3227 2807 3450 2877 jndicari
3477 2813 3546 2868 ab
3573 2814 3654 2888 (d)
3686 2819 3874 2874 infideli

2301 2891 2646 2946 conscientia.
2675 2893 2739 2946 Et
2767 2908 2885 2947 cum
2909 2905 3090 2962 posset
3119 2896 3184 2951 de
3208 2897 3499 2968 Evangelio
3526 2905 3737 2974 vivere,
3766 2910 3873 2963 die-

2303 2979 2402 3034 bus
2428 2995 2490 3034 ac
2519 2983 2767 3036 noctibus
2812 2985 3087 3040 laborabat
3135 2991 3376 3045 manibus
3413 2996 3523 3048 suis
3546 3037 3561 3061 ,
3611 3013 3681 3053 ne
3721 3015 3871 3069 quem

2299 3080 2542 3138 gravaret
2566 3072 2916 3127 credentium.
2954 3076 3016 3130 Si
3038 3079 3369 3142 scandalizat,
3405 3083 3594 3152 inquit,
3623 3104 3738 3141 esca
3768 3090 3870 3157 fra-

2301 3168 2458 3221 trem,
2502 3160 2553 3212 in
2579 3171 2822 3215 teter-nunt
2852 3180 3054 3217 carnem
3075 3183 3174 3220 non
3203 3172 3518 3225 manducabo
3549 3176 3628 3242 (i.
3663 3176 3782 3231 Cor.
3814 3180 3866 3233 2.

2302 3247 2408 3318 i5).
2440 3249 2686 3304 Dicamus
2706 3262 2759 3306 et
2787 3267 2883 3306 nos
2909 3271 2921 3305 :
2954 3254 3006 3308 Si
3033 3257 3356 3312 scandalizat
3379 3274 3554 3326 soror,
3582 3270 3665 3319 vel
3690 3265 3866 3333 frater,

2298 3353 2402 3391 non
2430 3355 2610 3404 unum,
2640 3343 2960 3406 etalterum,
2991 3345 3082 3398 sed
3113 3356 3274 3401 totam
3306 3349 3628 3419 Ecclesium;
3661 3372 3760 3410 nec
3789 3373 3870 3412 so-

2297 3443 2471 3482 rorem
2494 3430 2704 3497 videbo,
2730 3447 2825 3486 nec
2846 3431 3086 3488 fratrem.
3109 3437 3294 3491 Melius
3315 3452 3394 3494 est
3416 3457 3526 3496 rem
3553 3443 3866 3504 familiarem

2297 3520 2484 3584 minui,
2516 3537 2673 3594 quam
2701 3523 2925 3578 salutem
2953 3528 3144 3580 anima:
3174 3531 3366 3596 perire.
3397 3531 3585 3589 Melius
3615 3548 3698 3591 est
3718 3541 3868 3594 aruit-

2298 3618 2437 3674 tere,
2470 3611 2609 3677 quod
2650 3612 2902 3680 velimus,
2947 3616 3207 3681 nolimus,
3249 3621 3534 3689 aliquando
3574 3629 3865 3694 periturum

2293 3706 2394 3752 est.
2429 3698 2614 3752 Melius
2649 3709 2731 3754 est
2759 3713 2947 3770 sponte
2974 3704 3277 3772 dimittere;
3319 3725 3475 3778 quam
3509 3713 3558 3767 id
3589 3718 3862 3784 amittere,

2296 3802 2390 3853 pro
2419 3803 2523 3855 quo
2559 3791 2737 3844 omnia
2765 3791 3074 3847 dimittenda
3105 3806 3249 3850 sunt.
3291 3799 3421 3865 Quis
3452 3813 3694 3860 nostrum
3716 3849 3729 3868 ,
3760 3825 3863 3864 non

2292 3875 2462 3928 dicam
2490 3878 2748 3944 cubitum,
2779 3882 2919 3950 quod
2945 3899 3163 3940 enorme
3185 3898 3301 3952 est;
3333 3891 3426 3944 sed
3455 3894 3613 3948 unius
3642 3900 3863 3952 unciolte

2290 3965 2550 4019 decimam
2582 3977 2783 4035 partem
2824 3971 3055 4040 adjicere
3085 3986 3260 4044 potest
3284 3979 3349 4031 ad
3388 3989 3647 4037 staturam
3678 3989 3863 4042 suam?

2289 4064 2341 4106 et
2371 4055 2584 4109 solliciti
2614 4073 2796 4112 sumus
2835 4063 2958 4129 quid
2985 4063 3362 4122 manducemus
3381 4111 3396 4134 ,
3421 4081 3515 4125 aut
3553 4075 3677 4141 quid
3709 4077 3858 4130 biba-

2290 4144 2447 4196 mus?
2484 4144 2558 4198 Ne
2599 4149 2892 4215 cogitemus
2933 4165 3060 4221 ergo
3103 4153 3170 4207 de
3204 4159 3440 4211 crastino
3473 4177 3487 4214 :
3526 4161 3721 4232 Suﬁicit
3761 4167 3859 4220 diei

2288 4235 2482 4287 malitia
2508 4253 2598 4289 sua
2629 4236 2855 4309 (Matth.
2890 4241 2942 4294 6.
2987 4241 3097 4314 δι).
3146 4243 3311 4299 Jacob
3356 4247 3578 4305 fratrem
3624 4255 3853 4322 fugiens,

2288 4326 2492 4392 magnis
2523 4327 2574 4379 in
2604 4329 2768 4396 patris
2793 4329 2954 4385 domo
2983 4333 3184 4388 divitiis
3211 4335 3506 4406 derelictis,
3539 4343 3708 4396 nudus
3737 4335 3857 4410 per;

2285 4417 2361 4484 git
2388 4416 2481 4487 [αι.
2511 4418 2756 4490 profugit]
2785 4424 2836 4474 in
2864 4421 3328 4491 Mes0potamiam;
3363 4436 3416 4482 et
3445 4437 3504 4484 ut
3525 4433 3676 4485 nobis
3697 4432 3851 4487 forti.

2286 4507 2482 4561 tudinis
2511 4524 2620 4563 suae
2643 4511 2905 4578 prteberet
2927 4517 3250 4585 exemplum,
3279 4519 3451 4588 lapide
3472 4524 3632 4591 capiti
3659 4541 3856 4596 suppo-

2283 4601 2420 4664 sito,
2461 4599 2592 4654 vidit
2638 4602 2834 4655 scalam
2873 4603 2938 4658 ad
2979 4606 3174 4660 caclum
3223 4623 3391 4678 usque
3419 4612 3752 4677 subrectam,
3801 4626 3858 4670 et

2287 4689 2564 4744 Dominum
2598 4693 2910 4749 innitentem
2941 4707 3102 4765 Super
3141 4713 3259 4754 eam
3291 4715 3304 4753 :
3339 4716 3432 4770 per
3469 4717 3626 4768 quam
3653 4718 3855 4758 ascen-

2281 4777 2478 4833 debant
2507 4780 2692 4850 Angeli
2722 4790 2777 4836 et
2814 4784 3212 4841 descendebant
3241 4787 3386 4859 (Gen.
3415 4787 3502 4843 28.
3535 4789 3625 4860 5);
3661 4801 3719 4845 ut
3748 4809 3855 4849 nec

2283 4878 2528 4936 peccator
2569 4868 2817 4940 desperet
2868 4872 3126 4941 salutem,
3173 4890 3274 4932 nec
3319 4876 3485 4946 justus
3525 4878 3579 4932 in
3607 4892 3708 4934 sua
3748 4883 3854 4937 vir-

2278 5038 2575 5112 haberehnon
2610 5047 2845 5112 poterint}.
2885 5045 3144 5112 Ceterum,
3177 5049 3309 5110 quod
3346 5049 3552 5112 Gravius
3588 5058 3741 5111 notat,
3786 5067 3847 5104 ex

2277 5101 2576 5173 Ter-tulliano
2610 5101 2679 5173 de
2722 5106 3061 5173 Exhprtation.
3101 5101 3334 5173 castitatis
3375 5109 3509 5161 locus
3547 5101 3847 5173 exprimitur:

2284 5181 2307 5209 ι
2338 5163 2545 5236 Scilicet.
2572 5165 2689 5236 solis
2723 5169 3000 5236 maritorum
3032 5169 3255 5236 domibus
3289 5173 3422 5219 bene
3445 5180 3561 5222 est:
3603 5163 3849 5236 perierunt

2276 5223 2497 5294 caelibum
2523 5225 2729 5285 familiae,
2762 5229 3042 5289 spadonum,
3066 5228 3290 5285 militum.
3313 5241 3398 5280 aut
3431 5223 3845 5296 peregrinantium

2276 5297 2385 5334 sme
2420 5289 2668 5335 uxoribus.
2690 5304 2712 5331 ι

2276 5297 2385 5334 Sine
2420 5297 2668 5336 UXOI‘IDUS.
2690 5304 2712 5331 ι

2341 5345 2406 5410 (ᾳ)
2432 5346 2719 5410 Siclegisse
2734 5348 2930 5410 videtur
2945 5350 3066 5408 apud
3082 5349 3363 5410 Apostolum
3389 5351 3433 5400 l.
3452 5351 3677 5403 Corinth.
3696 5354 3748 5403 Χ.
3766 5357 3839 5403 29.

2271 5405 2554 5478 ῳξὶὴβᾳειὶ
2587 5405 2871 5478 conscientia
2892 5405 3058 5478 pro'ab
3087 5405 3278 5471 aliena;
3308 5427 3418 5478 nam
3453 5422 3508 5462 et
3541 5415 3728 5478 aliquot
3761 5417 3844 5464 La-

2273 5468 2372 5538 tini
2386 5468 2581 5538 codices
2603 5471 2710 5531 ejus
2731 5468 2966 5538 lectionis
2976 5468 3331 5538 sup_ers_unt,'et
3351 5474 3534 5538 Auctor
3557 5468 3842 5538 de'singutzn

2271 5529 2414 5578 ritate
2446 5528 2741 5594 Clerieo'rtun
2776 5532 2902 5594 inter
2934 5528 3152 5594 Cypriani
3195 5546 3362 5594 opera,
3402 5541 3457 5583 et
3491 5528 3755 5586 Primasiti's
3783 5538 3840 5585 ad

2271 5601 2384 5662 eum
2407 5589 2825 5662 modumhabettt.
2854 5589 3050 5642 Gratius
3071 5589 3267 5654 quoque
3301 5589 3438 5654 ωκ,
3475 5602 3529 5646 et
3551 5609 3741 5662 ωιιμκ
3759 5612 3842 5660 pro

2273 5651 2454 5699 inﬁdeli
2475 5650 2651 5700 alicubi
2677 5652 2924 5712 accipitur.
