4026 6186
185 267 322 326 5057

183 390 296 437 tute
324 395 544 437 securus
568 381 656 436 sit.
688 380 860 448 Atque
881 419 895 442 ,
924 386 981 432 ιιι
1006 378 1169 434 multa
1205 389 1516 448 praiteream
1545 381 1752 452 (neque

181 471 324 525 enim
351 480 558 540 tempus
580 479 664 526 est
681 511 696 535 ,
725 479 780 522 ut
803 469 1063 536 assumpti
1093 470 1382 524 testimonii
1410 470 1590 524 omnia
1613 471 1755 525 edis-

178 567 379 632 seram)
449 561 609 632 913
683 569 802 628 post
829 574 1001 614 annos
1028 560 1208 628 viginti
1232 559 1380 614 dives
1400 559 1668 624 dominus,
1696 570 1752 615 et

181 660 332 719 pater
358 650 448 725 [aL
481 647 642 721 patre]
670 649 850 713 ditior,
896 649 985 718 qui
1014 648 1213 702 dudum
1239 648 1527 702 Jordanem
1573 649 1624 702 in
1655 649 1750 703 ba-

178 740 300 794 culo
328 741 623 803 transierat,
651 754 770 791 cum
799 739 968 792 tribus
995 740 1182 792 turmis
1204 754 1422 807 gregum
1451 739 1504 793 in
1529 740 1748 807 patriam

177 831 480 884 revertitur.
511 829 753 896 ApOsloli
801 837 910 883 toto
954 830 1083 882 orbe
1128 827 1419 898 peregrini,
1450 843 1558 882 nou
1596 843 1670 882 ais
1696 829 1748 882 in

175 937 341 984 zona,
389 935 495 973 non
540 920 739 988 virgam
773 920 823 972 in
855 935 1013 972 manu
1033 959 1050 984 ,
1080 935 1183 973 non
1210 918 1406 988 caligas
1434 919 1667 972 habuere
1697 918 1747 971 in

176 1009 418 1076 pedibus,
444 1017 498 1062 et
525 1019 700 1062 tamen
731 1010 909 1063 dicere
937 1017 1220 1078 poterant:
1255 1007 1405 1062 Nihil
1427 1007 1682 1072 habentes,
1702 1017 1749 1061 et

171 1101 345 1153 omnia
377 1101 686 1170 possidentes
712 1102 790 1169 (2.
820 1099 939 1156 Cor.
971 1101 1023 1154 6.
1055 1101 1162 1171 10).
1196 1101 1295 1167 Ει,
1328 1115 1514 1154 aurum
1553 1109 1610 1154 et
1658 1116 1748 1154 ar-

169 1199 392 1257 gentum
425 1206 529 1244 non
553 1200 634 1244 est
664 1191 837 1256 nobis,
861 1190 1000 1260 quod
1025 1201 1200 1244 autem
1226 1191 1502 1254 habemus,
1529 1190 1630 1244 hoc
1657 1190 1747 1244 tibi

169 1280 404 1335 damus:
435 1282 489 1334 in
526 1283 724 1335 nomine
760 1280 886 1335 Iesu
927 1281 1112 1336 Christi
1154 1279 1442 1346 Nazareni,
1483 1298 1665 1352 surge,
1703 1291 1748 1334 et

167 1372 376 1424 ambula
406 1373 538 1441 (Act.
565 1374 618 1427 ὅ.
643 1372 721 1442 6).
745 1373 862 1426 Non
883 1374 1024 1428 enim
1045 1383 1198 1428 erant
1218 1373 1518 1428 divitiarum
1540 1374 1748 1427 sarcina

170 1463 505 1530 prmgravnti.
539 1462 604 1516 Et
631 1463 752 1518 ideo
778 1472 982 1517 stantes
1005 1463 1082 1533 (ι)
1110 1479 1232 1518 cum
1260 1464 1376 1519 Elia
1405 1465 1458 1519 itt
1487 1464 1749 1521 foramine

168 1560 359 1620 petras,
390 1565 485 1618 per
509 1553 782 1620 angustias
803 1567 931 1606 acus
955 1553 1184 1607 transire
1202 1563 1468 1622 poterant,
1497 1562 1550 1608 et
1570 1564 1750 1624 poste-

169 1643 313 1694 riora
347 1641 552 1694 Domini
582 1643 931 1711 contemplari
965 1645 1044 1712 (5.
1075 1643 1203 1714 Reg.
1234 1642 1343 1715 l9).
1375 1645 1483 1699 Nos
1507 1661 1634 1700 vero
1658 1661 1748 1699 ar-

175 1732 364 1785 demus
388 1733 631 1797 avaritia,
661 1743 716 1786 et
742 1746 924 1786 contra
951 1735 1202 1802 pecunias
1231 1735 1585 1803 disputantes,
1615 1750 1747 1788 auro

171 1823 347 1875 sinunt
375 1822 762 1891 expandimus;
792 1823 1025 1892 ttiltilqttc
1049 1824 1202 1876 nobis
1227 1825 1355 1876 satis
1379 1833 1478 1877 est.
1507 1824 1573 1876 Et
1597 1823 1744 1886 illud,

169 1912 314 1981 quod
341 1911 409 1965 de
451 1912 849 1983 Megarensibus
877 1913 1090 1976 dicitur,
1114 1912 1236 1981 jure
1264 1914 1474 1968 miseris
1510 1914 1746 1983 coaptari

171 1977 386 2072 potest:
415 1977 706 2058 ﬁdillcant
727 2005 876 2073 quasi
899 1977 1320 2074 semper'victuri
1348 2023 1362 2058 :
1393 2006 1574 2059 vivunt
1592 1977 1746 2076 quasi

168 2095 340 2148 altera
384 2093 472 2148 die
499 2095 764 2148 morituri.
798 2095 865 2148 Et
912 2095 1026 2149 haec
1069 2094 1334 2162 facimus,
1373 2097 1496 2166 quia
1540 2097 1746 2150 Domini

169 2183 356 2238 verbis
394 2199 503 2238 non
532 2184 830 2248 credimus;
879 2193 934 2237 et
978 2186 1101 2254 quia
1149 2194 1280 2239 mtas
1323 2195 1502 2254 optata
1544 2186 1750 2241 cunctis

169 2289 281 2328 non
313 2275 560 2328 viciniam
598 2275 816 2339 mortis,
863 2289 982 2344 qua:
1021 2275 1243 2331 debetur
1283 2276 1596 2330 mortalibus
1634 2276 1750 2346 lege

167 2372 416 2425 naturae;
447 2362 540 2416 sed
568 2377 716 2416 cassa
744 2377 840 2430 spe
861 2403 875 2427 ,
906 2377 1168 2417 annorum
1199 2365 1354 2419 nobis
1393 2365 1562 2433 spatia
1597 2366 1748 2434 polli-

168 2461 348 2507 cetur.
388 2453 558 2507 Nemo
587 2455 728 2507 enim
756 2462 862 2508 tam
892 2455 1072 2507 fractis
1111 2455 1342 2520 viribus,
1375 2464 1427 2509 ct
1453 2457 1530 2509 sic
1553 2455 1750 2510 decre-

172 2545 301 2613 pita:
330 2545 621 2600 senectutis
645 2553 749 2611 est,
782 2555 839 2599 ut
868 2561 974 2600 non
1005 2555 1150 2615 putet
1177 2561 1234 2601 se
1262 2563 1421 2599 unum
1449 2546 1623 2601 adhuc
1649 2562 1745 2601 ano

172 2651 304 2690 num
325 2651 445 2690 esse
466 2638 748 2691 victurum.
775 2637 926 2692 Unde
953 2638 1194 2708 subrepit
1216 2639 1413 2692 oblivio
1433 2639 1749 2692 conditionis

173 2741 306 2790 suae,
338 2735 396 2781 ut
426 2736 693 2782 terrenum
718 2728 936 2793 animal,
969 2737 1020 2782 et
1040 2728 1150 2798 jam
1173 2730 1389 2798 jamque
1408 2730 1746 2794 solvendum,

173 2819 410 2888 erigatur
439 2818 491 2872 in
522 2819 845 2887 superbiam,
879 2827 934 2873 et
959 2821 1138 2873 animo
1165 2820 1358 2874 caelum
1392 2829 1587 2875 teneat.

249 2911 338 2967 16.
367 2910 566 2966 Verum
593 2911 719 2980 quid
745 2911 882 2981 ago?
909 2910 1096 2965 Fracta
1123 2912 1242 2965 navi
1268 2911 1335 2966 de
1361 2912 1627 2967 mercibus
1651 2912 1752 2968 dis-

176 3011 328 3071 puto.
374 3003 473 3068 Qui
521 3002 767 3066 tenebat,
816 3000 883 3056 de
910 3001 1086 3056 medio
1132 3001 1217 3067 fit,
1267 3011 1321 3056 et
1348 3017 1452 3056 non
1498 3002 1750 3072 intelligi-

177 3107 299 3148 mus
328 3090 406 3163 (α)
433 3091 823 3146 Antichristum
842 3089 1291 3159 appropinquare,
1315 3107 1474 3160 quem
1497 3091 1750 3144 Dominus

174 3181 333 3237 Jesus
360 3182 602 3237 Christus
629 3182 913 3236 interliciet
938 3181 1128 3250 spiritu
1159 3180 1268 3234 oris
1295 3182 1376 3235 sui
1407 3182 1484 3249 (2.
1517 3181 1665 3235 Thes.
1692 3182 1748 3236 2.

173 3276 256 3342 8).
293 3273 379 3328 Va
398 3273 792 3342 pra'gnantibus,
821 3283 870 3326 et
898 3273 1232 3327 nutrientibus
1259 3272 1312 3325 in
1339 3273 1430 3326 illa
1452 3274 1533 3326 die
1561 3272 1748 3344 (Marc.

176 3369 270 3423 l3.
304 3367 392 3431 l7;
420 3377 467 3420 et
495 3365 620 3419 Luc.
649 3365 779 3436 2i);
808 3381 1031 3435 quorttm
1075 3375 1355 3434 utrumque
1385 3364 1452 3419 de
1493 3364 1752 3419 fructibus

179 3459 480 3528 nuptiarum
519 3467 618 3511 est.
663 3457 1011 3511 Praesentium
1055 3456 1390 3510 miseriarum
1435 3471 1598 3525 pauca
1629 3471 1750 3525 per-

175 3564 416 3604 curram.
442 3547 594 3615 Quod
624 3547 729 3601 rari
771 3547 1046 3615 hucusque
1075 3546 1402 3612 residemus,
1435 3562 1538 3598 non
1582 3547 1750 3600 nostri

179 3638 390 3704 meriti,
422 3638 516 3692 sed
545 3637 750 3693 Domini
781 3635 1159 3691 misericordiae
1189 3644 1291 3690 est.
1335 3636 1753 3691 Innumerabiles

178 3739 237 3784 et
290 3727 636 3783 ferocissima:
681 3728 923 3783 nationes
978 3728 1254 3782 universas
1289 3727 1487 3782 Gallias
1527 3741 1756 3796 occupa-

179 3829 327 3873 runt.
364 3817 630 3887 Quidquid
677 3817 815 3871 inter
844 3817 1004 3886 Alpes
1033 3827 1088 3870 et
1132 3817 1442 3887 Pyrenaeum
1472 3828 1583 3880 est,
1613 3819 1752 3886 quod

177 3913 396 3966 Oceano
416 3921 463 3964 et
490 3909 678 3963 Rheno
700 3908 1011 3974 includitur,
1033 3908 1270 3974 Quadus,
1291 3908 1603 3968 Wandalus,
1633 3909 1756 3962 Sar-

179 4011 325 4056 mata
346 4043 360 4064 ,
393 4001 617 4063 Halani,
652 3999 730 4067 (b)
777 3997 1040 4066 Gipedes,
1075 3997 1290 4060 Heruli,
1322 3997 1590 4062 Saxones,
1624 3998 1759 4051 Bur-

175 4093 517 4166 gundiones,
547 4090 819 4152 Alemaui,
852 4099 944 4153 et,
1019 4088 1182 4160 914
1253 4105 1284 4144 ο
1315 4090 1537 4159 lugenda
1569 4105 1755 4159 respu-

180 4184 357 4239 blica!
393 4181 576 4234 hostes
601 4179 860 4234 Pannonii
894 4190 1188 4233 vastarunt.
1220 4179 1420 4233 Etenim
1450 4182 1605 4233 Assur
1629 4181 1758 4234 venit

177 4294 299 4332 cum
328 4275 432 4330 illis
471 4273 640 4344 (Psal.
669 4273 759 4327 82.
788 4270 864 4342 9).
903 4271 1290 4341 Mogontiacum
1337 4270 1429 4343 [aL
1461 4271 1758 4341 Moguntin-

178 4367 341 4440 cum].
371 4367 564 4422 nobilis
591 4364 862 4436 quondam
888 4364 1098 4427 civitas,
1131 4372 1286 4432 Capta
1314 4373 1473 4431 atque
1502 4363 1758 4418 subversa

180 4470 304 4526 est,
331 4467 386 4514 et
413 4458 464 4512 in
496 4456 740 4512 Ecclesia
771 4454 936 4509 multa
981 4455 1256 4507 hominum
1284 4453 1450 4506 millia
1481 4453 1756 4507 trucidata.

254 4631 319 4698 (α)
356 4632 433 4698 Et;
465 4630 712 4694 Apostolo.
728 4629 893 4698 Δ2.]ιά
916 4628 1203 4698 _‘l‘bessalon.
1219 4628 1268 4675 2.
1293 4629 1342 4676 7.
1367 4628 1543 4698 quibus
1560 4626 1760 4698 Romani

184 4688 382 4758 imperii
407 4688 688 4758 [hiemante
713 4691 1010 4758 Antichristi
1037 4689 1297 4745 adventum
1341 4688 1594 4758 significat.
1619 4688 1760 4758 Sele-

183 4747 316 4805 mtiis
332 4768 474 4818 porro
490 4754 655 4804 istbtec
675 4760 898 4818 veterum
909 4751 1204 4818 Scriptorum
1216 4747 1456 4818 querela,
1469 4751 1515 4796 in
1539 4751 1762 4818 gravissi-

181 4820 282 4867 mis
299 4811 496 4866 suorum
520 4811 1177 4876 tempm'umcalamitatibus,
1201 4811 1546 4876 Antichristum
1579 4811 1760 4876 adven-

183 4888 299 4941 tare
335 4885 388 4925 ut
408 4872 699 4941 crederent._
725 4873 937 4924 Hilarius
957 4881 1126 4941 contra
1145 4873 1440 4941 Auxentium
1467 4885 1599 4940 num.
1626 4873 1673 4920 5.
1697 4872 1762 4920 ob

182 4939 476 4989 Arianorum
508 4936 785 4990 violentias.
822 4942 1020 4984 Necesse
1058 4939 1153 4991 est,
1187 4934 1368 4993 inquit,
1401 4934 1451 4993 in
1488 4934 1642 4993 ipsum
1677 4945 1762 4983 nos

183 5004 381 5050 wtatem
402 4995 672 5046 antichristi
684 4995 926 5046 incidisse.
943 4995 1085 5043 Paria
1107 4992 1288 5043 habent
1301 4992 1515 5054 Basilius
1536 4994 1758 5054 epist.7l.

183 5069 243 5109 et
262 5057 548 5106 Ambrosius
569 5055 653 5104 lib.
679 5056 734 5106 X.
761 5059 810 5118 i_n
827 5057 1001 5105 Lucam
1025 5068 1131 5118 cap.
1159 5052 1529 5118 lLet‘Oratione
1541 5052 1604 5100 de
1627 5054 1760 5102 obitu

182 5120 352 5181 fratris
387 5119 463 5181 sui
493 5118 668 5181 Satyri.
691 5115 941 5181 _Sulpitius
975 5113 1150 5181 Sever.
1190 5113 1382 5181 Dialog.
1408 5113 1458 5181 2.
1481 5113 1758 5181 Cbggsosto—

183 5180 483 5247 tnushmnil.
509 5174 596 5247 5’33:
612 5179 663 5227 in
685 5174 882 5247 lenam,
911 5186 964 5247 et
984 5177 1230 5247 praecipuo
1256 5174 1536 5247 Gregorius;
1558 5174 1760 5235 Magnus

185 5241 411 5304 piuribus
432 5241 567 5298 locis,
594 5247 648 5292 ut
665 5239 790 5304 alios
809 5239 1087 5304 sequiorem
1111 5239 1380 5304 temporum
1405 5239 1695 5304 omittamus.

272 5302 318 5356 bl
360 5303 412 5352 ln
436 5296 642 5356 quodam
663 5296 985 5351 Vormatiensi
1009 5296 1244 5351 Chronico
1265 5296 1534 5356 Gesipedes.

277 5354 320 5426 l)
347 5354 509 5414 Facile
525 5365 622 5434 sibi
632 5361 903 5434 persuadet
920 5361 1122 5434 Gravius
1141 5354 1391 5434 scripsisse
1414 5354 1760 5434 Hieronymi-int

180 5419 558 5490 cunt'lttogseuett
581 5419 689 5472 aliis
699 5423 997 5490 Hieronymi
1009 5422 1127 5490 locis
1143 5457 1157 5480 ,
1180 5419 1304 5490 utin
1329 5420 1586 5470 Eeclesias.
1602 5419 1659 5468 'c.
1673 5419 1756 5490 Alit.

181 5485 240 5549 5i
271 5481 426 5549 ΒομΞὶ
446 5484 625 5549 dicitur
648 5497 666 5534 :
693 5495 871 5534 Ponant
890 5481 952 5533 'te
978 5483 1028 5533 in
1048 5481 1282 5549 formnine
1304 5490 1457 5549 parte
1475 5521 1487 5539 ,
1514 5491 1610 5530 etc.
1638 5481 1758 5549 etin

181 5543 490 5608 Isaiaefcap.
515 5545 582 5608 Δ2.
620 5553 802 5608 uoyses
843 5557 1028 5608 quoque
1071 5543 1124 5593 in
1159 5543 1392 5608 foramine
1432 5549 1589 5608 peti-re
1626 5545 1760 5608 pont-

181 5560 340 5597 lsataz.
383 5560 437 5595 ca
479 5582 490 5592 .
531 5560 582 5594 z.
620 5560 802 5608 uagae:
843 5560 1028 5608 quoque
1071 5560 1124 5593 tn
1159 5560 1392 5606 [oramth
1432 5560 1585 5606 petrae
1626 5560 1756 5605 pom-

177 5615 406 5724 ἱιὲᾏῖξ.
432 5560 602 5657 Helias
637 5616 803 5656 autem
825 5606 965 5657 stetit
1007 5606 1055 5655 in
1087 5607 1213 5656 ostio
1255 5605 1534 5667 speluncae,
1559 5603 1606 5651 3.
1632 5603 1756 5664 Reg.

244 5681 320 5731 ιθ

1458 267 1788 328 ΕΡΙΞΊὈΙΑ
1826 269 2058 328 CXXIII.

3282 293 3418 349 1058

1861 385 2160 456 Vangiones
2205 385 2359 456 longa
2402 387 2681 444 obsidione
2725 389 2907 447 deleti.
2953 393 3244 456 Remorum
3294 409 3422 462 urbs

1855 485 2180 546 praepotens,
2206 477 2476 547 Ambiani,
2503 482 2817 546 Attrebataz,
2853 484 2928 556 (ε)
2960 494 3289 563 extremique
3321 497 3420 552 ho-

1852 569 2051 622 minum
2078 569 2262 625 Morini
2284 611 2298 632 ,
2343 572 2614 628 Tornacus
2635 614 2650 638 ,
2692 575 2926 633 Nemota:
2947 619 2962 644 ,
2996 581 3380 651 Argentoratus
3401 631 3415 652 ,

1855 660 2121 714 translata:
2150 661 2200 715 itt
2229 661 2590 719 Germaniam.
2625 668 2924 736 Aquitania:
2947 709 2963 736 ,
2991 671 3298 743 Novemque
3329 694 3420 746 po-

1853 750 2094 819 pulorum
2118 793 2131 816 ,
2164 752 2538 823 Lugdunensis
2559 798 2573 821 ,
2606 767 2660 812 et
2699 758 3058 817 Narbonensis
3109 768 3418 834 provincia,

1854 850 2047 909 prmter
2077 859 2272 912 paucas
2299 849 2459 902 urbes
2491 851 2737 918 populata
2777 863 2902 906 sunt
2943 863 3154 908 cuncta.
3185 855 3328 923 Quas
3368 869 3419 912 ct

1852 931 1998 1000 ipsas
2041 935 2169 989 foris
2195 936 2404 1005 gladius
2424 978 2439 1000 ,
2475 938 2616 992 intus
2637 949 2810 995 vastat
2835 940 3027 998 fames.
3058 943 3172 999 Non
3204 961 3418 1015 possunt

1851 1023 2053 1093 absque
2082 1025 2329 1098 lacrymis
2357 1027 2568 1083 Tolosae
2608 1028 2786 1084 facere
2814 1034 3139 1087 mentionem
3161 1073 3178 1099 ,
3220 1051 3339 1104 quae
3367 1044 3424 1090 ut

1852 1111 2126 1182 hucusque
2155 1131 2258 1170 non
2288 1129 2506 1183 rueret,
2527 1121 2696 1174 sancti
2737 1119 2985 1190 Episcopi
3017 1122 3272 1191 Exuperii
3304 1141 3417 1178 me-

1851 1204 1951 1256 rita
1983 1206 2362 1272 pra-stiternnt.
2406 1209 2537 1277 Ipsa:
2585 1210 2852 1280 Hispania:
2877 1212 2986 1280 jam
3020 1213 3238 1281 jamque
3277 1216 3422 1283 peri-

1855 1301 2019 1358 tura},
2049 1296 2288 1363 quotidie
2313 1301 2772 1363 contremiscunt,
2805 1302 3151 1358 recordantes
3177 1303 3256 1374 (tl)
3287 1307 3425 1360 irru-

1852 1385 2048 1453 ptionis
2076 1384 2356 1440 Cimbrica:
2375 1428 2389 1452 ,
2424 1400 2476 1443 et
2507 1391 2762 1459 quidquid
2791 1391 2882 1446 alii
2905 1395 3067 1449 semel
3094 1396 3234 1464 passi
3259 1405 3419 1460 sunt,

1853 1475 1958 1530 illa:
1987 1492 2199 1546 semper
2223 1478 2413 1532 timore
2441 1481 2730 1547 patiuntur.

1925 1568 2008 1620 l7.
2041 1567 2245 1623 Cretera
2279 1577 2451 1632 taceo,
2485 1585 2550 1624 ne
2577 1571 2758 1624 videar
2785 1573 2852 1626 de
2879 1573 2970 1628 Dei
2999 1573 3284 1645 desperare
3309 1577 3420 1633 ele-

1849 1657 2068 1709 mentia.
2101 1659 2239 1712 Olim
2270 1674 2300 1712 a
2333 1660 2466 1713 mari
2498 1660 2716 1715 Pontico
2746 1678 2912 1732 usque
2938 1664 3004 1718 ad
3033 1666 3193 1735 Alpes
3219 1667 3416 1733 Julias,

1851 1759 1956 1798 nou
1985 1755 2139 1798 erant
2161 1757 2362 1812 nostra,
2396 1765 2514 1816 quzu
2544 1760 2725 1804 nostra
2750 1759 2894 1805 sunt.
2923 1753 2990 1806 Et
3015 1769 3109 1822 per
3133 1770 3301 1809 annos
3324 1757 3420 1810 tri-

1848 1835 1993 1903 ginta
2022 1835 2192 1890 fracto
2215 1837 2438 1891 Danubii
2464 1839 2652 1904 limite,
2678 1841 2728 1894 in
2753 1841 2942 1896 mediis
2963 1843 3190 1898 Romani
3212 1846 3422 1914 imperii

1849 1926 2158 1994 regionibus
2186 1928 2537 1997 pugnabatur.
2567 1933 2836 1984 Arueruut
2865 1940 3124 1987 vetustate
3153 1933 3420 2005 lacrytnaa.

1849 2017 2050 2072 Pratter
2078 2035 2274 2086 paucos
2313 2036 2507 2086 senes,
2545 2037 2734 2077 onmes
2775 2023 2826 2076 in
2855 2024 3161 2091 captivitate
3186 2036 3239 2080 et
3272 2028 3421 2082 obsi-

1850 2108 2009 2163 dione
2043 2110 2280 2177 generati
2301 2149 2316 2173 ,
2347 2126 2452 2163 non
2483 2111 2898 2179 desiderabant,
2931 2131 3089 2184 quam
3121 2131 3225 2170 non
3254 2134 3421 2174 nove-

1849 2209 1970 2250 rant
1991 2198 2312 2252 libertatem.
2339 2199 2470 2266 Quis
2493 2200 2593 2254 hoc
2613 2201 2831 2256 credet?
2853 2219 2970 2272 qua:
2992 2205 3154 2273 digno
3175 2220 3422 2264 sermone

1853 2285 2084 2340 historia:
2106 2288 2598 2356 ebmpreheudent?
2625 2289 2848 2344 Romam
2875 2292 2927 2346 in
2947 2295 3154 2362 gremio
3174 2309 3292 2360 suo,
3315 2312 3420 2352 non

1851 2391 1948 2444 pro
1973 2377 2138 2446 gloria
2161 2419 2176 2440 ,
2210 2379 2303 2432 sed
2334 2394 2429 2446 pro
2456 2380 2628 2434 salute
2657 2384 2930 2450 pugnare?
2961 2384 3068 2437 imo
3095 2401 3161 2437 ne
3190 2401 3422 2455 pugnare

1850 2466 2062 2535 quidem
2084 2468 2225 2540 .‘sed
2266 2484 2396 2522 auro
2425 2478 2483 2524 et
2508 2481 2699 2524 cuncta
2729 2473 3061 2540 Supellectile
3089 2475 3248 2528 vitam
3279 2477 3422 2531 redi-

1851 2525 2230 2625 mere?‘6uod
2271 2576 2376 2614 non
2408 2562 2536 2615 vitio
2573 2525 2878 2631 Principum
2915 2563 3016 2633 {2),
3052 2567 3142 2635 qui
3172 2567 3254 2620 vel
3296 2568 3427 2622 reli-

1849 2649 2137 2716 giosissimi
2166 2659 2291 2703 sunt
2311 2691 2324 2712 ,
2361 2651 2454 2705 sed
2479 2653 2683 2707 scelere
2708 2655 3054 2710 scmibarbari
3082 2657 3273 2711 accidit
3301 2673 3421 2726 pro-

1850 2738 2041 2794 ditoris
2086 2740 2186 2812 (3),
2232 2742 2321 2810 qui
2369 2745 2566 2797 nostris
2606 2753 2792 2798 contra
2837 2759 2936 2798 nos
2966 2746 3156 2815 opibus
3195 2749 3422 2802 armavit

1852 2830 2116 2887 inimicos.
2149 2832 2380 2889 Eterno
2421 2835 2688 2903 quondam
2719 2835 2983 2892 d'edecore
3018 2838 3312 2894 Romanum
3340 2841 3422 2897 la-

1851 2921 2074 2977 borabat
2103 2925 2382 2992 imperium
2406 2963 2422 2989 ,
2453 2924 2595 2993 quod
2635 2924 2804 2980 Gallis
2838 2935 3026 2981 cuncta
3054 2929 3378 2985 vastantibus
3402 2969 3417 2992 .

1851 3011 2077 3083 fusoque
2115 3013 2255 3082 apud
2283 3014 2476 3068 Alliam
2505 3016 2782 3081 exercitu,
2823 3017 3044 3071 Romam
3073 3018 3316 3074 Brennus
3341 3020 3414 3074 in-

1854 3104 2031 3157 travit.
2065 3103 2175 3158 Nec
2207 3104 2485 3169 pristinam
2529 3114 2739 3173 poterat
2779 3106 2996 3162 abolere
3039 3108 3378 3177 ignominiam
3401 3149 3418 3175 ,

1851 3178 2023 3248 donec
2052 3203 2106 3250 et
2134 3194 2355 3256 Gallias,
2385 3195 2616 3264 genitale
2639 3193 2910 3250 Gallorum
2938 3198 3132 3262 solum,
3166 3207 3222 3252 et
3248 3199 3423 3254 Gallo-

1851 3287 2098 3358 grmciam
2119 3329 2133 3353 ,
2166 3289 2215 3342 in
2243 3303 2347 3358 qua
2378 3287 2731 3343 consederant
2758 3287 2992 3344 Orientis
3013 3289 3423 3362 Occidrtuisque

1852 3379 2120 3442 victores,
2167 3393 2265 3432 suo
2318 3379 2541 3448 imperio
2589 3377 2948 3447 subjugasset.
3004 3379 3301 3445 Hannibal,
3357 3382 3424 3436 de

1856 3468 2124 3537 Hispania:
2180 3469 2374 3523 finibus
2426 3479 2541 3523 orta
2598 3477 2929 3538 tetupeStas,
2985 3484 3104 3523 cum
3166 3481 3423 3524 vastasset

1857 3560 2017 3631 915
2091 3561 2330 3627 Italiam,
2375 3561 2502 3614 vidit
2557 3561 2782 3624 urbem,
2819 3577 2917 3616 nec
2953 3578 3115 3617 ausus
3143 3573 3224 3617 est
3279 3565 3423 3618 obsi-

1854 3652 2001 3706 dere.
2052 3651 2311 3722 Pyrrhum
2360 3663 2500 3706 tanta
2550 3653 2718 3706 tenuit
2760 3652 2983 3706 Romani
3025 3655 3253 3708 nominis
3279 3671 3426 3708 reve-

1855 3743 2059 3806 rentia,
2105 3751 2161 3794 ut
2189 3742 2378 3796 deletis
2422 3743 2699 3803 omnibus,
2743 3759 2774 3796 e
2821 3744 3118 3811 pr0piuquo
3159 3745 3427 3799 recederet

1855 3833 2010 3886 loco:
2045 3849 2140 3886 nec
2187 3832 2414 3886 audebat
2444 3835 2612 3885 victor
2640 3833 2900 3898 aspicere,
2932 3849 3088 3900 quatn
3121 3848 3302 3901 regum
3347 3837 3399 3888 di

1856 3924 2058 3976 dicerat
2103 3923 2393 3976 civitatem.
2442 3925 2506 3978 Et
2546 3933 2718 3976 tamen
2768 3938 2861 3989 pro
2909 3922 3008 3976 hac
3055 3924 3242 3991 injuria
3288 3926 3424 3995 (non

1857 4013 1999 4066 enim
2029 4012 2200 4064 dicam
2230 4010 2496 4082 superbia)
2546 4012 2616 4082 (e)
2660 4027 2778 4081 quae
2809 4011 2977 4065 bonos
3013 4015 3187 4068 exitus
3217 4014 3425 4080 habuit,

1857 4104 1993 4156 alter
2022 4104 2100 4172 (4)
2132 4112 2241 4156 toto
2268 4104 2398 4156 orbe
2427 4101 2682 4172 fugitivus
2702 4145 2717 4164 ,
2751 4102 2962 4156 tandem
2994 4103 3258 4174 Bithynia:
3284 4120 3427 4158 mor-

1860 4205 1965 4249 tem
1994 4211 2198 4248 Vcnctto
2228 4195 2457 4263 reperit;
2505 4195 2640 4248 alter
2671 4195 2751 4264 (5)
2791 4210 3038 4250 reversus
3080 4195 3132 4248 in
3173 4197 3426 4264 patriam,

1860 4288 1911 4340 iu
1939 4301 2039 4340 suo
2068 4301 2232 4354 regno
2258 4287 2539 4350 occubuit;
2571 4293 2625 4339 et
2649 4287 2922 4355 utriusque
2946 4287 3231 4356 provincia:
3255 4288 3430 4356 pOpuli

1858 4378 2085 4435 Romani
2129 4379 2416 4448 vectigales
2460 4386 2605 4432 sunt.
2648 4377 2801 4432 Nunc
2851 4389 2906 4432 ut
2953 4380 3131 4433 omnia
3179 4394 3432 4449 prospero

1861 4473 1966 4526 fiue
1992 4472 2272 4534 eveniant,
2302 4482 2494 4541 pra-ter
2519 4482 2696 4525 nostra
2727 4488 2846 4542 quzc
2872 4473 3165 4536 amisimus,
3199 4488 3302 4525 non
3335 4472 3431 4525 ha-

1861 4565 2049 4618 bemus
2092 4563 2231 4634 quod
2272 4565 2426 4617 victis
2473 4563 2715 4618 hostibus
2754 4564 3076 4618 auferamus.
3128 4562 3423 4616 Potentiam

1863 4656 2116 4710 Romana:
2156 4655 2332 4718 urbis,
2361 4654 2557 4708 ardens
2586 4655 2747 4709 Poeta
2782 4653 3123 4717 describens,
3155 4653 3266 4706 ait:
3298 4652 3433 4717 Quid

1858 4749 1981 4802 satis
2006 4756 2113 4814 est,
2157 4747 2203 4801 si
2233 4747 2394 4802 Roma
2423 4763 2602 4818 parum
2628 4755 2701 4799 est
2731 4743 2950 4815 (Lucan.
2973 4745 3025 4797 in
3067 4742 3125 4797 V.
3171 4743 3430 4815 Pharsal.)

1931 4979 1990 5048 lc)
2020 4982 2394 5048 Hemistiehium
2420 4988 2499 5048 est
2519 4979 2837 5048 Virgilianum
2855 4993 2922 5048 ex
2949 4979 3134 5048 inciti:
3160 4977 3244 5027 IX.
3270 4986 3434 5048 ἐξέτεισα

1860 5039 2019 5103 miipie
2041 5042 2284 5103 hominum
2321 5041 2518 5100 morini,
2550 5039 2826 5103 Mimasque
2850 5039 3078 5103 bicornis.
3093 5039 3217 5103 Tum
3253 5041 3311 5088 ad
3341 5049 3432 5103 ae.

1860 5100 2000 5164 metu:
2023 5101 2334 5164 vocabulum,
2358 5103 2606 5151 recentius
2647 5102 2783 5151 urbis
2817 5114 2995 5150 nomen
3025 5101 3205 5151 addunt
3241 5100 3434 5164 quidam

1859 5163 1998 5213 codd.
2015 5163 2068 5212 id
2087 5171 2155 5214 est
2177 5163 2334 5216 Sm’ra.

1947 5225 1996 5287 α)
2029 5223 2300 5287 Laudatum
2321 5223 2621 5287 Vermatien.
2659 5223 2882 5287 Chronic.
2904 5221 3186 5287 irruptionis
3211 5225 3401 5287 Africae.

1946 5283 1993 5352 e)
2025 5285 2350 5352 Ex_iogenio_
2365 5284 2567 5334 Gravius
2604 5285 2812 5352 negandi
2852 5283 3130 5352 particulam
3163 5283 3429 5348 interserit,

1860 5345 2082 5412 quianon
2107 5345 2246 5397 bonos
2268 5347 2442 5406 exitus,
2465 5360 2560 5410 qua
2579 5345 2694 5397 sine
2709 5345 2909 5397 sensum
2933 5346 3092 5396 vitiari
3117 5352 3267 5408 lutet.

1926 5475 1999 5538 (2)
2030 5473 2269 5538 Arcadius
2279 5480 2339 5538 _et
2358 5471 2618 5538 Honorius.

1949 5534 2000 5599 5)
2033 5535 2233 5599 Stilieon
2251 5534 2480 5599 Yandalis
2498 5541 2747 5599 cognatus.

1957 5596 1991 5647 il
2030 5596 2286 5647 Hannibal.

1949 5659 1994 5727 5)
2033 5659 2263 5722 Pyrrhus.

1927 5539 1944 5725 ἰ
