4026 6186
553 220 690 278 1059

553 339 705 406 Quod
751 353 847 396 uos
872 336 975 390 alio
1005 338 1268 386 mutemus
1295 324 1469 394 elogio
1499 339 1513 378 :
1547 320 1682 387 Quid
1714 317 1910 375 salvum
1935 325 2042 380 est,
2082 315 2126 370 si

560 430 722 484 Roma
753 426 915 498 perit?

635 541 752 594 Non
779 537 899 589 mihi
924 533 969 587 si
997 532 1185 602 lingua
1209 537 1408 582 centum
1435 527 1554 589 sint,
1585 539 1772 593 oraque
1795 529 2024 585 centum,

634 628 823 682 Ferrea
851 638 966 686 vox,
1000 635 1170 675 onmes
1199 628 1460 686 captorum
1488 616 1652 668 dicere
1678 625 1850 683 poenas
1868 651 1884 677 ,

636 714 820 770 Omnia
844 726 1088 766 ausorum
1116 723 1404 779 percurrere
1432 706 1636 758 nomina
1662 703 1869 774 possim.

1409 796 1428 866 (
1455 795 1657 850 VIRGIL.
1684 790 1896 845 ASneid.
1930 785 2025 856 6).

567 918 634 972 Et
661 916 775 971 haec
805 915 915 983 ipsa
940 927 1058 982 qua:
1085 910 1230 973 dixi,
1265 907 1560 978 periculosa
1584 912 1706 958 sunt
1727 944 1742 968 ,
1777 913 1880 956 tam
1914 901 2136 970 loquen-

567 1007 725 1071 tibus,
755 1020 912 1074 quam
938 1001 1300 1064 audientibus,
1331 1008 1386 1052 ut
1417 1012 1484 1051 ne
1511 997 1740 1065 gemitus
1764 991 1975 1063 quidem
2004 991 2138 1043 liber

566 1100 667 1162 sit,
695 1094 998 1150 nolentibus
1017 1133 1033 1159 ,
1063 1092 1170 1146 imo
1211 1103 1308 1142 nec
1335 1085 1655 1140 audentibus
1685 1084 1837 1138 nobis
1869 1080 1996 1135 ﬂere
2022 1095 2139 1148 quae

568 1189 816 1259 patiatur.

646 1279 730 1333 l8.
763 1274 1051 1345 Responde
1078 1273 1230 1334 mihi.
1262 1270 1539 1326 carissima
1568 1268 1618 1322 in
1646 1265 1860 1321 Christo
1888 1262 1992 1316 ﬁlia
2013 1302 2027 1324 ,
2057 1260 2140 1314 in-

572 1379 655 1422 ter
683 1370 780 1421 ista
822 1375 1049 1436 nuptura
1087 1363 1185 1418 es?
1224 1377 1381 1432 quem
1411 1368 1690 1428 acceptura
1729 1359 1934 1418 virum,
1978 1351 2142 1406 cedo?

574 1459 888 1528 fugiturum,
918 1470 986 1508 an
1012 1451 1404 1523 pugnaturum?
1435 1449 1567 1514 Quid
1591 1457 1873 1515 utrumque
1895 1451 2146 1512 sequatur

575 1547 847 1618 intelligis.
891 1546 957 1600 Et
997 1560 1093 1614 pro
1131 1542 1466 1597 chcenniuo
1499 1539 1738 1593 carmine
1777 1536 1857 1609 (l)
1900 1532 2147 1588 terribilis

575 1638 670 1692 tibi
698 1651 857 1691 rauco
884 1635 1060 1690 sonitu
1091 1631 1310 1686 buccina
1341 1627 1686 1697 concrepabit
1711 1643 1723 1678 :
1756 1635 1815 1679 ut
1834 1638 1964 1693 quas
1985 1621 2148 1675 babes

576 1727 864 1795 pronubas,
898 1723 1094 1776 habeas
1130 1721 1264 1774 forte
1293 1720 1555 1788 lugentes.
1588 1716 1695 1770 Aut
1723 1715 1913 1784 quibus
1945 1712 2150 1766 deliciis

578 1815 785 1875 afﬂuas,
804 1829 922 1882 quze
942 1809 1338 1880 possessionum
1359 1818 1567 1860 tuarum
1589 1805 1826 1860 redditus
1844 1801 2147 1872 perdidisti;

579 1920 697 1974 qua:
723 1903 995 1956 obsessam
1018 1899 1322 1952 familiolam
1351 1906 1514 1962 tuam,
1538 1896 1724 1951 morbo
1747 1904 1798 1948 et
1819 1893 1957 1946 fame
1980 1892 2154 1946 cernis

581 1993 998 2049 contabesceret
1037 1991 1143 2045 Sed
1170 1991 1342 2053 absit,
1379 1999 1435 2042 ut
1476 1988 1542 2042 de
1572 1995 1624 2041 te
1657 1987 1776 2040 talia
1806 1986 2028 2040 sentiam
2052 2026 2065 2049 ,
2101 1992 2157 2037 ut

582 2085 855 2138 sinistrum
895 2081 1164 2152 quippiam
1205 2079 1444 2147 Suspicer
1473 2077 1539 2131 de
1583 2091 1645 2130 ea
1668 2118 1680 2137 ,
1714 2091 1832 2144 qua:
1863 2089 2010 2127 suam
2055 2073 2159 2127 Do-

585 2175 732 2230 mino
759 2175 990 2228 animam
1029 2169 1380 2226 consecravit.
1409 2167 1524 2222 Non
1555 2175 1661 2220 tam
1691 2166 1781 2219 tibi
1804 2206 1818 2231 ,
1863 2180 2018 2234 quam
2061 2163 2159 2216 sub

585 2276 680 2323 tuo
706 2268 922 2321 nomine
942 2263 1061 2317 aliis
1081 2277 1196 2316 sum
1220 2261 1429 2315 locutus
1454 2276 1467 2313 :
1497 2273 1614 2328 qua:
1637 2257 1821 2312 otiosa:
1843 2264 1896 2310 et
1915 2254 2156 2316 curiosae,

586 2367 743 2428 atque
769 2356 1008 2411 verbosa:
1034 2354 1221 2407 domos
1245 2353 1580 2406 circumeunt
1608 2357 1970 2401 matronarum
1995 2361 2008 2398 :
2040 2360 2164 2412 qua-

589 2463 703 2500 runt
751 2445 888 2498 Deus
933 2453 1100 2496 venter
1130 2450 1236 2506 est,
1268 2450 1315 2492 et
1355 2440 1516 2510 gloria
1555 2439 1610 2491 in
1650 2439 1946 2506 confusione
1994 2450 2164 2488 earum

595 2537 851 2608 (Philipp.
892 2535 969 2603 5),
1011 2548 1130 2602 qua:
1166 2531 1296 2586 nihil
1327 2529 1470 2584 aliud
1500 2529 1567 2583 de
1595 2528 1917 2598 Scripturis,
1949 2525 2050 2580 nisi
2081 2525 2164 2578 di—

592 2628 780 2696 gamiae
810 2632 1078 2692 prmeepta
1122 2629 1418 2685 noverunt;
1449 2634 1567 2688 qua:
1606 2617 1658 2671 in
1704 2617 1878 2670 alieno
1907 2628 2129 2683 corpore
2150 2655 2165 2678 ,

594 2732 690 2771 sua
710 2715 973 2770 desideria
996 2712 1358 2776 consolantur,
1383 2720 1442 2764 ut
1462 2709 1600 2779 quod
1625 2708 1753 2776 ipsae
1774 2705 2014 2770 fecerint,
2037 2704 2168 2758 alias

595 2809 771 2863 facere
797 2804 1045 2869 videant,
1087 2813 1142 2857 et
1185 2802 1444 2856 malarum
1517 2799 1680 2870 916
1749 2798 2004 2853 societate
2053 2796 2166 2864 pal-

599 2909 811 2969 pentur.
839 2897 1074 2964 Quarum
1099 2908 1219 2949 eum
1251 2893 1629 2962 impudentiam
1655 2899 1709 2944 et
1746 2888 2133 2959 propositiones
2152 2926 2168 2952 ,

597 2989 1026 3058 Apostolicarum
1050 2985 1436 3040 sententiarum
1460 2980 1896 3050 interpretatione
1917 2978 2175 3033 contrive-

598 3079 691 3142 ris,
725 3079 886 3148 legito
913 3075 1180 3145 quomodo
1211 3073 1303 3127 tibi
1333 3072 1387 3126 in
1414 3072 1668 3127 viduitate
1695 3070 1954 3126 servanda
1990 3071 2176 3123 viven-

599 3170 724 3221 dum
755 3169 857 3231 sit,
906 3167 1096 3220 librum
1136 3163 1200 3216 ad
1245 3163 1588 3218 Eustochium
1629 3161 1695 3216 de
1725 3161 2034 3230 Virginitate
2063 3175 2176 3213 ser-

601 3258 770 3313 vanda
821 3255 1092 3326 (Epistula
1120 3252 1313 3308 XXII.
1361 3252 1429 3306 ad
1473 3252 1791 3318 Eustoch.),
1835 3263 1889 3306 et
1931 3251 2063 3305 alios
2108 3249 2173 3304 ad

602 3349 815 3403 Furiam
838 3387 854 3413 ,
885 3355 1043 3415 atque
1077 3344 1348 3399 Salvinam
1381 3341 1583 3414 (Epist.
1615 3341 1765 3394 LIV.
1798 3341 1865 3394 ad
1893 3341 2104 3394 Furiam
2131 3351 2177 3394 et

603 3436 839 3491 LXXIX
862 3437 929 3489 ad
954 3432 1261 3502 Salvinam),
1287 3447 1509 3500 quarum
1535 3432 1701 3484 altera
1729 3430 1884 3484 Probi
1912 3430 2176 3499 quondam

603 3526 838 3581 consulis
863 3537 1060 3587 nurus,
1090 3522 1256 3574 altera
1300 3519 1570 3584 Gildonis,
1599 3520 1686 3588 qui
1722 3519 1951 3572 Africam
1992 3519 2178 3584 tenuit,

607 3617 712 3670 lilia
737 3622 838 3678 est.
872 3612 971 3666 llic
1000 3610 1214 3664 libellus
1242 3609 1304 3662 de
1335 3607 1663 3677 Monogamia
1689 3608 1786 3662 sub
1821 3609 2036 3664 nomine
2065 3618 2176 3676 tuo,

609 3705 818 3760 titulum
846 3701 1160 3774 possidebit.
1697 3741 1702 3748 .

1040 3793 1382 3850 EPISTOLA'
1407 3791 1614 3848 cxxw
1648 3794 1741 3864 (a).

1183 3903 1250 3940 an
1289 3900 1483 3940 Ανιτυιι
1512 3885 1608 3956 (b).

871 3988 1005 4056 Quid
1033 3987 1309 4040 cavendum
1341 3987 1393 4039 in
1419 3983 1586 4039 Libris
1613 3996 1717 4056 περὶ
1743 3988 1918 4056 ἀρχῶν.

610 4103 817 4158 Librum
846 4099 1080 4168 Origenis
1115 4108 1220 4166 περι
1237 4097 1417 4167 ἀρχῶν,
1435 4113 1580 4167 quem
1609 4097 1803 4168 pridem
1833 4097 2063 4168 [lupinus
2099 4115 2185 4152 su-

682 4193 836 4249 blesta
857 4191 959 4260 ﬁde
980 4188 1158 4244 Latine
1183 4188 1491 4253 reddiderat,
1519 4188 1711 4243 addens
1734 4189 2069 4259 ntutilansque
2087 4191 2186 4243 ali-

683 4301 815 4356 qua,
845 4281 1186 4350 Hieronymus
1211 4297 1323 4334 cum
1351 4298 1382 4333 a
1412 4279 1746 4335 Pammachio
1776 4291 1983 4351 rogatus
2022 4283 2186 4335 denuo

683 4375 930 4438 uertisset,
954 4372 1082 4424 nihil
1112 4371 1409 4437 immutans,
1438 4386 1536 4439 quo
1562 4381 1726 4440 posset
1750 4373 1879 4426 citra
1909 4373 2025 4442 ﬁdei
2049 4374 2184 4443 peri-

682 4465 854 4521 culum
879 4465 999 4534 legi,
1027 4461 1244 4516 ostendit
1269 4475 1382 4529 qua:
1401 4461 1498 4515 sint
1517 4463 1571 4516 in
1601 4479 1658 4516 eo
1682 4464 1835 4533 impie
1859 4465 2017 4534 dicta,
2041 4475 2188 4536 atque

685 4567 738 4613 ut
764 4556 998 4612 lueretiea
1024 4554 1190 4608 caveri
1217 4552 1447 4607 debeant.

695 4679 749 4732 t.
780 4677 917 4730 Ante
942 4687 1110 4728 annos
1134 4671 1346 4726 circiter
1363 4669 1570 4736 decem,
1595 4669 1670 4741 (c)
1697 4679 1908 4726 sanctus
1933 4672 2014 4726 vir
2034 4672 2189 4727 Pam-

621 4766 861 4822 machius
885 4765 952 4820 ad
982 4781 1067 4820 me
1093 4763 1368 4835 cujusdam
1397 4761 1678 4817 schedulas
1705 4763 1882 4830 misit,
1920 4781 2038 4835 qua:
2067 4765 2186 4821 Ori-

699 4905 745 5024 (ιζ
785 4904 912 4954 Alias
934 4903 1012 4977 ὅθ.
1037 4903 1224 4976 scripta
1244 4900 1332 4953 sub
1350 4914 1477 4974 anno
1498 4903 1607 4974 ιιο.

699 4965 726 5014 lt
785 4966 921 5015 Idem
944 4965 1135 5014 videtur
1162 4973 1254 5014 Iste
1273 4967 1444 5013 Antus
1465 4977 1549 5024 qui
1573 4963 1607 5013 H

697 4962 743 5024 ω
785 4966 921 5015 Idem
944 4962 1254 5014 videtur'iste
1273 4965 1444 5013 Avitus
1465 4965 1549 5026 qui
1573 4962 1865 5026 Hieronymo
1888 4971 2054 5014 auctor
2077 4962 2186 5023 fuit,

612 5025 939 5088 ad'Salvinam
962 5035 1016 5075 ut
1041 5028 1281 5076 scriberet
1305 5025 1577 5088 ;7ot_cujus
1598 5025 1709 5088 alibi
1748 5027 1853 5088 ipse
1877 5027 2110 5088 meminit,
2140 5033 2191 5075 et

614 5063 689 5138 ἵε
694 5063 1112 5150 ῐῖὅέιέίίῖἱῖἱιμῖὁρῖἶὸ
1121 5063 1281 5148 '"chT'
1293 5063 1350 5150 ir
1357 5063 2192 5150 T_itBZ§tiGs"£ins'Xt-'itUsvﬁ'iéiiiht};

654 5150 907 5211 rigemana
936 5147 1048 5211 Vlue',
1067 5147 1267 5197 infectos
1286 5147 1574 5211 distinguit,
1599 5156 1746 5211 atque
1786 5161 1953 5196 eorum
1984 5147 2191 5211 alterum

615 5207 745 5259 nch
768 5223 880 5260 esse
906 5210 1094 5270 statuit,
1117 5211 1174 5257 ad
1197 5223 1347 5272 quem
1370 5207 1652 5271 Hieronymi
1670 5207 1838 5257 isilth
1857 5208 2056 5270 epistola
2081 5209 2191 5258 data

686 5331 746 5395 lc)
788 5330 978 5395 Recole
995 5329 1260 5395 Epistolam
1283 5329 1537 5378 LXXXIII.
1557 5331 1849 5395 Pammachii
1873 5329 1930 5379 ad
1955 5328 2191 5393 Hierony-

616 5392 766 5446 mu'ni.
789 5406 946 5455 eaque
969 5394 1018 5440 in
1044 5394 1207 5453 primis
1231 5392 1913 5455 :_qutesumusﬂrwstantium
1947 5398 2105 5455 tuam,
2141 5392 2192 5455 ut

615 5451 948 5512 supradictum
972 5451 1147 5517 librum
1169 5451 1386 5517 Origenis
1408 5453 1472 5502 ad
1495 5453 1670 5515 ﬁdem,
1705 5453 2104 5517 quemadmodum
2131 5454 2192 5502 ab

617 5523 720 5577 ῳερ
746 5519 941 5577 auctore
962 5513 1122 5562 editus
1156 5513 1348 5577 es_t,'tuo
1389 5513 1601 5563 sermone
1632 5513 1923 5576 manifestos,
1947 5521 1992 5564 et
2030 5527 2140 5577 qua:
2160 5527 2192 5564 a

620 5571 868 5637 defensore
886 5573 989 5632 ejus
1011 5575 1292 5637 interpolata
1308 5582 1430 5634 sunt,
1459 5577 1653 5637 prodas,
1682 5571 1777 5624 etc".

689 5628 754 5691 μ)
792 5628 990 5680 canum
1014 5634 1239 5694 nuptiale.

1854 198 2095 257 SANCTI
2133 189 2504 252 HIERONYMI

3691 187 3874 242 £060

2233 307 2381 380 genis
2419 316 2523 378 περι
2558 307 2714 376 ἀρχῶν
2741 299 3080 370 interpretata
3116 301 3389 357 volumina
3431 304 3828 360 continerent
3851 347 3869 371 ,

2235 403 2341 457 imo
2372 399 2588 462 vitiata;
2619 395 2719 450 hoc
2757 407 3076 463 magnopere
3118 395 3432 462 postulans,
3476 405 3536 450 ut
3575 395 3870 450 Graecam

2232 492 2510 547 veritatem
2539 487 2724 542 Latina
2747 494 2990 541 servaret
3015 487 3294 542 translatio
3315 528 3330 552 ,
3370 497 3423 542 et
3454 488 3872 557 in-utramquc

2237 589 2440 650 partem
2467 592 2562 632 seu
2587 578 2746 639 bene,
2774 590 2870 630 seu
2892 576 3027 629 male
3053 575 3280 630 dixisset
3308 577 3420 642 ille,
3458 576 3538 648 (Δ)
3569 581 3668 647 qui
3711 579 3869 631 scri-

2238 672 2378 738 psit,
2424 669 2624 735 absque
2669 665 2980 734 interpretis
3011 667 3326 733 patrocinio,
3359 667 3608 720 Romana
3648 669 3863 736 lingua

2239 766 2602 826 c0guosccret.
2637 755 2759 810 Feci
2795 765 2850 809 ut
2880 755 3076 820 voluit,
3117 757 3345 823 misique
3374 759 3422 812 ei
3455 758 3629 811 libros
3650 798 3669 824 ,
3705 774 3868 826 quos

2239 863 2362 902 cum
2394 847 2648 916 legisset,
2692 845 2992 908 exhorruit,
3020 854 3075 898 et
3109 844 3328 898 reclusit
3356 847 3579 908 scrinio,
3614 863 3687 900 ne
3723 862 3859 916 pro-

2243 939 2333 993 lati
2363 939 2414 992 in
2440 939 2646 1007 vulgus,
2679 936 2963 991 multorum
2994 936 3204 991 animos
3231 936 3603 991 vulnerarent.
3635 938 3681 991 A
3708 954 3866 1006 quo-

2242 1031 2363 1085 dam
2391 1029 2554 1084 fratre
2579 1029 2667 1098 qui
2692 1026 2919 1082 habebat
2943 1027 3115 1081 zelum
3139 1027 3254 1091 Dei,
3280 1027 3376 1083 sed
3400 1045 3504 1080 non
3529 1029 3856 1082 secundum

2242 1121 2554 1184 scientiam,
2587 1129 2802 1187 rogatus
2841 1125 2898 1172 ut
2939 1117 3173 1171 traderet
3198 1116 3265 1171 ad
3314 1117 3634 1187 legendum,
3688 1121 3858 1188 quasi

2243 1211 2421 1266 statim
2453 1209 2748 1274 reddituro,
2778 1215 2994 1277 propter
3020 1209 3315 1275 angustiam
3359 1211 3623 1279 temporis
3645 1251 3662 1274 ,
3695 1212 3855 1264 trau-

2244 1298 2365 1352 dem
2412 1313 2516 1350 non
2547 1297 2717 1366 potuit
2761 1296 3041 1363 suspicari.
3082 1295 3181 1362 Qui
3223 1306 3510 1366 acceperat
3538 1299 3810 1368 legendos
3836 1342 3850 1363 ,

2246 1387 2498 1442 adhibitis
2521 1385 2743 1442 notariis
2770 1400 2904 1454 opus
2932 1401 3092 1439 omne
3119 1385 3404 1455 descripsit
3423 1431 3438 1449 .
3464 1399 3520 1442 et
3547 1390 3726 1442 multo
3756 1405 3853 1444 ce-

2247 1480 2409 1534 lerius
2431 1493 2586 1547 quam
2615 1477 2951 1546 promiserat.
2976 1476 3215 1530 codicem
3243 1476 3494 1531 reddidit.
3528 1478 3853 1548 Eademque

2249 1570 2548 1625 temeritate
2569 1610 2584 1635 ,
2614 1577 2668 1622 ct
2709 1568 2803 1637 (ut
2827 1567 2995 1622 levius
3022 1567 3233 1636 dicam)
3263 1568 3457 1637 ineptia
3481 1609 3496 1634 ,
3526 1571 3672 1638 quod
3707 1571 3852 1623 male

2252 1662 2613 1730 surripuerat,
2659 1660 2811 1728 pejus
2840 1658 2907 1728 (ρ)
2940 1659 3058 1712 aliis
3082 1660 3327 1713 credidit.
3371 1661 3437 1714 Et
3464 1663 3586 1730 quia
3619 1662 3853 1717 difﬁcile

2251 1752 2478 1821 grandes
2502 1750 2624 1804 libri
2653 1749 2719 1804 de
2791 1749 2951 1820 917
3026 1749 3186 1804 rebus
3215 1752 3451 1818 mysticis
3474 1751 3849 1820 disputantes,

2255 1851 2497 1896 notarum
2529 1848 2748 1910 possunt
2777 1853 2995 1894 servare
3024 1839 3344 1908 compendia
3369 1881 3382 1902 ,
3426 1843 3732 1908 pra-serum
3762 1844 3852 1907 qui

2256 1931 2437 1986 furtim
2486 1931 2839 2000 celeriterque
2884 1929 3181 1994 dictantur;
3234 1929 3305 1982 ita
3367 1931 3413 1983 in
3460 1930 3565 1984 illis
3612 1931 3855 1984 confusa

2257 2032 2381 2080 sunt
2417 2023 2595 2077 omnia
2616 2063 2631 2087 ,
2662 2033 2718 2075 ut
2743 2030 2798 2076 et
2835 2020 3022 2075 ordine
3050 2021 3100 2074 in
3149 2019 3446 2091 plerisque,
3476 2032 3530 2074 et
3558 2035 3740 2074 sensu
3767 2036 3855 2074 ca-

2258 2122 2426 2169 reant.
2460 2113 2818 2179 Quamobrem
2847 2111 2981 2182 petis
3007 2153 3022 2177 ,
3055 2112 3207 2166 Avite
3231 2113 3542 2177 carissime,
3572 2121 3631 2165 ut
3675 2113 3850 2180 ipsam

2261 2205 2325 2258 ad
2355 2214 2405 2259 te
2433 2203 2708 2272 exemplar
2731 2203 2978 2272 dirigant,
3005 2202 3148 2274 quod
3177 2219 3204 2256 a
3231 2219 3318 2258 me
3346 2204 3473 2256 olim
3502 2204 3846 2268 translatum,

2262 2303 2316 2349 et
2345 2294 2471 2348 nulli
2515 2294 2604 2348 alii
2648 2293 2932 2360 traditum,
2975 2309 3007 2348 a
3051 2294 3355 2363 supradicto
3384 2293 3551 2350 fratre
3596 2310 3850 2366 perverse

2263 2387 2462 2441 editum
2495 2397 2596 2441 est.

2336 2476 2390 2528 2.
2437 2476 2632 2545 Accipe
2669 2476 2831 2544 igitur
2869 2474 3010 2546 quod
3047 2476 3224 2545 petisti
3273 2493 3286 2530 :
3332 2474 3426 2530 sed
3459 2477 3551 2543 ita,
3604 2487 3661 2530 ut
3713 2477 3851 2531 scias

2265 2566 2577 2622 detestanda
2620 2566 2713 2620 tibi
2747 2567 2798 2619 in
2839 2569 2919 2620 eis
2944 2581 3064 2621 esse
3100 2581 3256 2635 quam
3303 2566 3555 2636 plurima.
3603 2577 3656 2621 et
3706 2568 3849 2635 iuxta

2267 2672 2569 2713 sermonem
2603 2656 2832 2722 Domini,
2871 2656 3009 2710 inter
3027 2654 3336 2724 scorpiones
3356 2697 3371 2720 ,
3403 2667 3457 2710 et
3482 2656 3738 2710 colubros
3771 2658 3850 2710 in-

2269 2745 2565 2803 cedendum
2595 2744 2748 2818 (Luc.
2797 2745 2885 2815 £0)
2912 2786 2930 2811 ,
2956 2755 3016 2799 ut
3059 2754 3142 2800 est
3186 2744 3314 2798 illud
3355 2747 3534 2799 statim
3591 2747 3644 2800 in
3677 2748 3847 2816 primo

2269 2837 2536 2892 volumine
2563 2853 2577 2889 :
2606 2836 2877 2891 Christum
2903 2835 3095 2890 Filium
3118 2837 3210 2890 Dei
3239 2850 3347 2890 non
3380 2836 3432 2906 (f
3449 2836 3467 2904 )
3501 2845 3683 2889 natum
3712 2851 3845 2900 esse,

2271 2927 2364 2981 sed
2390 2927 2581 2980 factum
2615 2943 2629 2979 :
2669 2926 2832 2979 Deum
2863 2925 3074 2979 Patrem
3105 2940 3199 2994 per
3230 2937 3474 2979 naturam
3505 2926 3843 2990 invisibilcm,

2273 3018 2430 3071 etiam
2454 3032 2484 3069 a
2510 3015 2645 3069 Filio
2672 3030 2776 3068 non
2805 3015 2993 3070 videri.
3027 3014 3241 3080 Filium,
3273 3016 3361 3086 qui
3389 3017 3460 3069 sit
3498 3017 3676 3083 imago
3709 3017 3844 3070 invi-

2275 3107 2441 3161 sibilis
2466 3106 2656 3171 Patris,
2679 3114 3044 3175 comparatum
3068 3105 3232 3170 Patri,
3257 3121 3362 3158 non
3381 3121 3503 3160 esse
3523 3107 3804 3160 veritatem
3828 3125 3841 3160 :

2253 3195 2416 3266 apud
2443 3209 2540 3250 nos
2568 3205 2744 3248 autem
2777 3195 2866 3265 qui
2899 3195 2990 3249 Dei
3021 3195 3405 3264 omnipotentis
3428 3211 3532 3250 non
3567 3212 3842 3265 possumus

2277 3285 2515 3354 recipere
2536 3283 2839 3348 veritatem,
2870 3283 3236 3353 imaginariam
3256 3285 3532 3340 veritatem
3556 3285 3726 3340 videri
3751 3304 3765 3351 ς
3793 3295 3843 3339 ιη

2281 3375 2532 3444 majestas
2580 3389 2645 3428 ac
2681 3373 2989 3444 magnitudo
3032 3373 3272 3443 majoris,
3313 3375 3708 3444 quodammodo
3745 3378 3842 3430 cir-

2279 3467 2599 3535 cumscripta
2641 3467 2901 3520 sentiantur
2949 3467 2999 3520 iu
3054 3466 3212 3521 Filio.
3264 3467 3427 3522 Deum
3478 3468 3691 3522 Patrem
3735 3485 3845 3523 esse

2280 3559 2458 3613 lumen
2481 3557 3037 3628 incomprehensibile.
3060 3556 3329 3613 Christum
3352 3560 3644 3615 collatione
3667 3561 3841 3622 Patris.

2280 3648 2615 3718 Splendorem
2643 3662 2762 3702 esse
2810 3662 3125 3717 perparvum
3153 3689 3168 3714 ,
3217 3649 3308 3716 qui
3342 3648 3481 3716 apud
3511 3664 3615 3703 nos
3642 3666 3734 3718 pro
3760 3651 3843 3703 im-

2283 3737 2571 3792 becillitate
2627 3747 2807 3791 nostra
2870 3752 3091 3807 magnus
3137 3752 3256 3792 esse
3307 3738 3574 3792 videatur.
3631 3739 3842 3793 Duarum

2283 3836 2574 3881 statuarum
2597 3826 2831 3896 majoris,
2859 3835 2913 3880 et
2940 3827 3174 3896 parvula:
3199 3843 3213 3890 ;
3247 3827 3426 3890 unius,
3449 3843 3569 3897 qua:
3607 3829 3840 3882 mundum

2284 3919 2522 3986 impleat,
2551 3925 2606 3971 et
2639 3915 3002 3986 magnitudine
3039 3930 3134 3969 sua
3158 3916 3554 3984 quodammodo
3583 3917 3843 3971 invisibilis

2284 4011 2373 4073 sit,
2401 4019 2455 4063 et
2477 4008 2716 4073 alterius,
2763 4024 2880 4077 qua:
2918 4007 3019 4062 sub
3061 4007 3246 4062 oculos
3289 4007 3480 4076 cadat,
3510 4009 3658 4078 ponit
3681 4025 3843 4063 exemo

2288 4098 2427 4167 plum
2455 4112 2473 4152 :
2502 4097 2663 4167 priori
2710 4097 2942 4159 Patrem,
2977 4097 3257 4166 posteriori
3288 4096 3483 4151 Filium
3517 4111 3840 4166 comparans.

2287 4191 2454 4244 Deum
2473 4189 2680 4243 Patrem
2708 4189 3124 4256 omnipotentem
3150 4189 3386 4258 appellat
3406 4189 3624 4255 bonum,
3651 4198 3703 4245 et
3727 4206 3839 4257 per-

2287 4278 2440 4335 fecta:
2466 4280 2735 4335 bonitatis.
2775 4278 2968 4334 Filium
2997 4296 3100 4334 non
3135 4295 3256 4335 esse
3283 4280 3505 4347 bonum,
3547 4282 3638 4337 sed
3675 4297 3840 4335 auram

2288 4370 2590 4440 quamdam,
2641 4379 2697 4424 et
2739 4370 3026 4440 imaginem
3066 4370 3358 4435 bonitatis;
3402 4379 3462 4426 ut
3504 4387 3609 4427 non
3651 4372 3839 4428 dicatur

2287 4463 2534 4518 absolute
2559 4462 2749 4524 bonus,
2779 4461 2870 4516 sed
2895 4477 3014 4516 cum
3039 4461 3422 4527 additamenta,
3465 4474 3639 4533 pastor
3672 4463 3838 4527 bonus,

2289 4563 2345 4609 et
2390 4561 2604 4608 caetera.
2679 4552 2845 4624 918
2915 4551 3154 4608 Tertium
3205 4553 3504 4624 dignitate,
3557 4562 3610 4606 et
3653 4555 3842 4607 honore

2291 4724 2671 4849 ΐίέὲὶυιὲιῖἱᾳυθ
2691 4725 2952 4789 Origenes,
2975 4741 3073 4778 non
3097 4727 3331 4789 Bullinus,
3353 4733 3405 4778 ut
3423 4737 3672 4790 perperam
3692 4726 3839 4778 Victo-

2353 4848 2426 4908 (ε)
2454 4849 2614 4916 Antea
2640 4856 2751 4916 erat
2785 4848 2887 4900 alii.
2915 4850 3026 4900 Mox
3063 4850 3270 4912 Regina:
3305 4850 3410 4901 eod.
3435 4849 3542 4900 490.
3567 4851 3767 4916 grandes
3785 4852 3834 4901 li-

2293 4907 2413 4973 bras
2425 4917 2472 4973 et
2482 4908 2556 4973 de
2570 4909 2738 4973 rebus,
2765 4918 2904 4962 etc...
2929 4907 3296 4973 posseseruare.

2359 4969 2417 5032 (Γ)
2446 4969 2585 5040 _Nibil
2622 4972 2890 5040 hujusmodi
2914 4969 2981 5040 eo
2997 4973 3045 5020 in
3069 4971 3194 5040 libro
3218 4985 3282 5022 ex
3307 4973 3508 5031 Rudini,
3531 4985 3640 5036 quae
3660 4986 3751 5021 una
3767 4986 3834 5040 su-

2291 5038 2493 5096 perest,
2531 5035 2930 5096 interpretatione
2971 5035 3212 5092 invenias;
3247 5048 3344 5096 nou
3371 5035 3713 5096 lamentisque
3735 5035 3836 5096 adeo

2291 5100 2430 5140 recte
2452 5093 2516 5158 de
2539 5093 2713 5158 Christi
2738 5096 2986 5158 uativitate
3016 5096 3233 5144 sensisse
3267 5095 3567 5158 Origenem,
3592 5093 3670 5144 aut
3688 5094 3835 5158 saltem

2291 5165 2387 5200 non
2409 5154 2528 5218 satis
2549 5157 2689 5218 bonis
2709 5157 2871 5204 verbis
2892 5158 3064 5218 bonam
3084 5154 3382 5205 sententiain
3403 5157 3661 5218 protulisse
3676 5194 3688 5212 ,
3709 5156 3834 5202 multa

2291 5215 2617 5278 διιδιιίρίολβδι.
2662 5216 2843 5264 Passim
2876 5216 2944 5265 illi
2977 5218 3222 5277 objectum
3261 5227 3369 5275 est,
3404 5215 3562 5266 tuisse
3586 5229 3832 5278 persuasum

2291 5286 2466 5336 corpus
2483 5274 2655 5326 Christi
2681 5290 2982 5340 nequaquam
3006 5274 3075 5340 ei;
3094 5278 3240 5326 Maria
3263 5274 3444 5334 natum,
3471 5280 3560 5327 sed
3583 5274 3613 5327 ὸ
3634 5277 3750 5327 endis
3766 5276 3833 5340 ad-

2291 5343 2485 5400 vectum
2510 5351 2523 5386 :
2550 5351 2694 5398 quam
2718 5337 2946 5387 inSaniam
2972 5353 3031 5386 ex
3068 5339 3332 5400 iuquinutis
3357 5340 3753 5388 Marcionistarum
3773 5337 3832 5400 la-

2291 5398 2431 5462 cunis
2467 5399 2682 5462 haustam
2706 5399 2984 5462 Cennadius
3018 5398 3213 5462 quoque
3252 5401 3638 5450 hlassiliensisiu
3661 5401 3764 5449 libro
3778 5399 3830 5462 de

2291 5454 2612 5525 Pogmatibus
2633 5475 2674 5525 (ξ.
2783 5463 2831 5525 in
2855 5461 2987 5525 illuni
3019 5454 3208 5525 derivat
3228 5497 3241 5519 ,
3277 5476 3338 5525 ac,
3359 5463 3494 5525 paria
3517 5464 3583 5511 dc
3607 5466 3697 5525 ipso
3716 5460 3831 5510 tradit

2291 5515 2500 5594 'Z’iuiaras
2523 5519 2606 5569 lib.
2707 5515 3435 5594 IteliqnailePatrehinvisiE-ili
3454 5563 3467 5578 .
3495 5515 3694 5594 ejustiue
3713 5533 3832 5594 supp

2293 5577 2800 5646 Filiuinexcelleutia
2818 5577 2885 5646 fin
2917 5581 3054 5631 Notis
3088 5582 3146 5630 ad
3170 5577 3465 5646 Synodicam
3485 5577 3544 5634 ιιῖ
3559 5577 3830 5644 {expetiti-

2293 5653 2420 5690 mus.
2446 5642 2568 5691 Vide
2595 5645 2790 5706 insuper
2817 5645 2989 5691 lituum
3012 5642 3221 5705 capi-1916;
3247 5657 3354 5700 cap.
3383 5647 3428 5691 2.
3455 5649 3520 5693 de
3543 5642 3726 5695 Christo.
