4026 6186
600 246 742 305 1067

597 359 745 416 modi
795 359 1053 416 insaniam
1104 356 1465 417 sustinerent,
1511 366 1616 408 non
1656 359 1739 408 est
1767 352 1885 424 ejus
1914 355 2005 424 qui
2036 354 2174 410 nihil

595 453 710 509 vult
736 455 940 522 absque
967 452 1078 504 Deo
1103 447 1248 515 fieri,
1283 456 1337 503 et
1360 441 1541 502 omnia
1568 447 1711 503 illius
1747 447 1951 517 justitia
1979 447 2177 518 guber-

602 545 739 598 nari.
765 561 784 593 ›

671 632 723 684 9.
757 630 1098 696 Rursumque
1128 626 1198 682 de
1225 627 1425 683 mundo
1450 646 1464 682 :
1502 647 1522 682 ι
1549 627 1716 684 Nobis
1744 637 1954 696 autem,
1983 629 2172 700 inquit,

595 722 788 790 placet,
814 727 867 773 et
891 729 1016 772 ante
1047 718 1188 773 hunc
1215 718 1473 774 mundum
1497 720 1666 774 alium
1700 720 1868 776 fuisse
1895 720 2175 786 mundum,

595 821 649 866 et
681 818 804 880 post
832 811 993 864 istum
1022 809 1188 864 alium
1223 809 1482 865 futurum.
1514 810 1610 866 Vis
1635 811 1866 874 discere,
1893 810 2033 880 quod
2060 818 2180 879 post

599 904 998 973 corruptionem
1045 903 1202 973 hujus
1241 903 1425 959 mundi
1469 904 1605 958 alius
1642 906 1713 958 sit
1764 903 2014 958 futurus?
2053 901 2181 955 audi

594 993 786 1048 Isaiam
817 994 1125 1062 loquentem
1152 1011 1166 1046 :
1199 993 1320 1047 Erit
1346 993 1528 1049 caelum
1555 1010 1758 1059 novum,
1792 1003 1838 1047 et
1865 1003 2000 1047 terra
2024 1008 2174 1058 nova,

592 1100 710 1144 qua:
749 1099 838 1153 ego
881 1085 1016 1154 facio
1059 1099 1351 1152 permanere
1385 1085 1439 1136 in
1467 1093 1739 1152 conspectu
1763 1099 1873 1137 meo
1903 1081 2056 1153 (Cap.
2085 1081 2174 1135 66.

595 1174 711 1245 22).
743 1175 837 1230 Vis
865 1189 1045 1241 nosse,
1076 1175 1218 1244 quod
1245 1184 1369 1229 ante
1395 1173 1648 1230 fabricam
1676 1176 1830 1230 istius
1852 1175 2057 1239 mundi,
2087 1173 2178 1228 alii

596 1264 785 1318 mundi
832 1266 883 1318 in
914 1265 1188 1333 praeterito
1233 1264 1480 1332 fuerint?
1509 1265 1727 1320 Asculta
1771 1265 2129 1321 Ecclesiasten
2160 1281 2174 1317 :

601 1355 740 1420 Quid
765 1366 838 1410 est
865 1357 1000 1423 quod
1031 1358 1167 1427 fuit?
1194 1358 1360 1426 ipsum
1387 1357 1522 1427 quod
1547 1359 1661 1411 erit.
1691 1357 1760 1410 Et
1798 1357 1920 1427 quid
1946 1365 2016 1410 est
2041 1355 2178 1424 quod

599 1445 793 1515 factum
823 1447 940 1520 est?
970 1448 1137 1515 ipsum
1164 1448 1300 1516 quod
1325 1448 1552 1516 futurum
1577 1458 1668 1502 est.
1703 1447 1769 1501 Et
1804 1463 1903 1501 non
1933 1457 2004 1502 est
2032 1462 2179 1500 omne

590 1551 778 1591 novum
804 1537 894 1590 sub
924 1538 1052 1606 sole,
1081 1541 1219 1610 quod
1246 1539 1500 1608 loquatur,
1533 1549 1579 1593 et
1603 1541 1780 1594 dicat:
1811 1539 1944 1594 Ecce
1968 1540 2061 1594 hoc
2087 1546 2178 1592 nd-

589 1642 706 1681 vum
731 1628 959 1683 estJam
973 1631 1104 1682 enim
1129 1631 1227 1698 [uit
1253 1631 1308 1684 ir.
1331 1630 1534 1684 steculis
1561 1632 1810 1700 pristinis,
1846 1647 1959 1702 qua:
1973 1634 2178 1702 fuerunt

589 1729 708 1773 ante
735 1736 826 1773 nos
851 1720 1047 1786 (Eccle.
1080 1721 1131 1774 1.
1162 1721 1218 1774 9.
1247 1721 1357 1789 10).
1391 1720 1541 1786 Quod
1563 1721 1924 1776 testimonium
1953 1735 2057 1774 non
2084 1735 2175 1774 so-

591 1808 701 1861 lum
730 1807 917 1872 fuisse,
955 1809 1050 1862 sed
1094 1809 1306 1863 futuros
1345 1810 1574 1864 mundos
1614 1825 1733 1865 esse
1767 1819 2025 1865 testatur:
2070 1826 2173 1865 non

592 1897 736 1967 quod
767 1898 947 1957 simul,
978 1909 1031 1950 et
1070 1899 1273 1966 pariter
1304 1912 1491 1952 omnes
1532 1898 1700 1966 ﬁant,
1747 1899 1844 1954 sed
1883 1901 2019 1955 alius
2056 1909 2177 1970 post

591 1988 754 2041 alium
784 2006 796 2042 :
828 1990 1113 2058 statimque
1134 1989 1407 2060 subjungit
1433 2007 1446 2043 :
1477 1989 1557 2060 (a)
1584 1991 1882 2047 Divinitatis
1904 1992 2173 2048 habitacu-

588 2079 700 2134 lum
726 2089 780 2135 et
803 2094 985 2134 veram
1011 2080 1251 2149 requiem
1279 2081 1417 2149 apud
1447 2096 1670 2150 superos
1698 2083 1949 2138 existimo
1976 2085 2173 2139 intelli-

590 2171 665 2240 gi,
700 2171 752 2224 in
784 2185 886 2240 qua
913 2180 1178 2224 creaturae
1213 2172 1562 2227 rationabiles
1592 2183 1984 2230 commorantes
2021 2185 2174 2231 ante-

590 2276 751 2331 quam
782 2261 849 2316 ad
892 2261 1148 2317 inferiora
1179 2261 1611 2330 descenderent,
1652 2275 1706 2321 et
1731 2267 1798 2323 de
1823 2267 2174 2324 invisibilibus

590 2352 658 2406 ad
695 2351 925 2406 visibilia
960 2353 1407 2422 commigrarent,
1458 2365 1788 2425 ruentesque
1826 2356 1894 2411 ad
1936 2366 2132 2414 terram
2155 2400 2172 2427 ,

590 2445 788 2499 crassis
838 2445 1158 2514 corporibus
1203 2445 1541 2515 indigerent,
1584 2449 1799 2518 antiqua
1845 2450 2174 2506 beatitudine

591 2539 926 2593 fruebantur.
957 2537 1113 2592 Unde
1133 2537 1380 2592 conditor
1401 2539 1542 2593 Deus
1569 2539 1691 2594 fecit
1718 2540 1797 2594 eis
1818 2556 2050 2610 congrua
2070 2543 2171 2597 hu-

591 2629 807 2683 milibus
843 2628 979 2682 locis
1007 2643 1232 2697 corpora
1255 2668 1270 2694 ,
1313 2638 1368 2684 et
1409 2630 1668 2684 mundum
1707 2632 1864 2685 istum
1907 2633 2171 2688 visibilem

591 2719 884 2774 fabricatus
911 2729 993 2774 est
1026 2739 1038 2774 :
1071 2721 1450 2791 ministrosque
1505 2723 1574 2776 ob
1626 2725 1849 2779 salutem
1889 2733 1944 2780 et
1991 2741 2172 2782 corre-

593 2811 827 2878 ptionem
846 2825 1055 2875 eorum,
1074 2810 1163 2880 qui
1189 2811 1518 2879 ceciderunt,
1541 2814 1686 2868 misit
1713 2816 1763 2868 in
1787 2816 2040 2870 mundum
2067 2835 2078 2870 :
2106 2833 2172 2872 ex

591 2900 785 2969 quibus
814 2901 904 2954 alii
934 2908 1082 2954 certa
1113 2901 1422 2957 obtinerent
1448 2903 1566 2957 loca
1587 2945 1601 2968 ,
1635 2913 1689 2958 et
1718 2905 1898 2960 mundi
1940 2909 2173 2961 necessi-

594 2992 793 3047 tatibus
821 2992 1102 3046 obedirent
1128 3009 1140 3044 :
1173 2993 1261 3046 alii
1309 2993 1545 3062 injuncta
1573 2995 1674 3050 sibi
1703 2995 1878 3051 ofﬁcia
1903 3039 1916 3061 ,
1949 2996 2173 3066 singulis

593 3081 894 3150 quibusque
937 3082 1268 3152 temporibus
1287 3123 1302 3148 ,
1332 3098 1451 3153 quae
1479 3084 1628 3138 novit
1652 3085 1846 3141 artifex
1874 3087 2013 3143 Deus
2032 3129 2046 3153 ,
2089 3104 2173 3144 se-

591 3171 716 3226 dula
744 3182 925 3228 mente
953 3181 1264 3228 tractarent.
1313 3175 1378 3228 Et
1417 3189 1483 3228 ex
1514 3176 1596 3230 his
1635 3177 1946 3234 sublimiora
1989 3181 2170 3235 mundi

595 3263 711 3317 loca
737 3304 753 3328 ,
786 3265 888 3329 sol,
923 3273 976 3318 et
1003 3265 1151 3331 luna,
1181 3273 1235 3320 et
1260 3267 1450 3333 stellae,
1480 3283 1598 3337 quae
1631 3268 1698 3324 ab
1729 3272 1989 3339 Apostolo
2015 3287 2170 3328 crea-

595 3363 711 3406 tura
735 3353 1004 3418 dicuntur,
1031 3365 1369 3425 acceperunt.
1395 3357 1523 3424 Qum
1544 3369 1786 3414 creatura
1809 3362 2025 3417 vanitati
2047 3362 2173 3417 sub-

588 3444 732 3512 jecta
760 3455 839 3498 est
878 3445 1053 3516 (Rom.
1085 3446 1163 3517 8),
1195 3462 1260 3501 eo
1289 3448 1432 3516 quod
1461 3450 1659 3503 crassis
1695 3451 2018 3507 circumdata
2055 3469 2173 3508 cor-

593 3533 840 3601 poribus,
870 3545 925 3588 et
947 3536 1184 3602 aspectui
1255 3537 1419 3607 926
1493 3547 1686 3606 pateat.
1740 3541 1807 3594 Et
1851 3551 2024 3598 tamen
2066 3561 2172 3600 non

589 3630 784 3690 sponte
809 3622 1045 3691 subjecta
1078 3634 1160 3678 est
1187 3627 1405 3679 vanitati
1430 3643 1444 3679 :
1477 3628 1570 3681 sed
1600 3638 1817 3699 propter
1844 3634 2170 3690 voluntatem

591 3713 730 3782 ejus,
759 3714 852 3782 qui
874 3729 991 3768 eam
1021 3715 1248 3784 subjecit
1277 3718 1328 3771 in
1357 3733 1471 3787 spe.
1508 3720 1574 3774 Et
1601 3721 1790 3776 iterum
1817 3739 1830 3776 :
1859 3724 1946 3778 alii
1967 3741 2097 3781 vero
2119 3727 2170 3782 in

593 3806 822 3875 singulis
866 3807 997 3862 locis
1042 3817 1200 3878 atque
1243 3812 1606 3880 temporibus,
1648 3829 1768 3884 qua:
1807 3816 1952 3872 solus
1981 3819 2171 3875 artifex

593 3899 775 3963 novit,
811 3899 993 3953 mundi
1036 3900 1415 3970 gubernaculis
1455 3905 1728 3971 serviunt,
1771 3922 1906 3976 quos
1943 3911 2173 3981 Angelos

592 3991 710 4061 ejus
725 4005 842 4046 esse
861 3991 1150 4046 credimus.
1178 4011 1196 4044 ι
1218 3993 1284 4047 Ει
1301 4002 1419 4064 post
1434 3995 1703 4064 paululum
1727 4015 1740 4050 :
1767 4016 1786 4049 ι
1809 3998 1977 4066 Quem
1997 4017 2171 4057 rerum

593 4080 837 4135 ordinem
879 4081 1042 4134 totius
1080 4082 1265 4135 mundi
1307 4085 1443 4153 regit
1493 4085 1860 4154 providentia,
1887 4089 2013 4144 dum
2055 4091 2172 4146 alia:

592 4171 822 4224 virtutes
849 4169 917 4223 de
943 4171 1345 4226 sublimioribus
1369 4187 1645 4244 corruunt,
1670 4178 1789 4233 aliae
1817 4182 2068 4249 paulatim
2099 4184 2174 4239 la-

592 4261 788 4314 buntur
832 4262 883 4312 in
913 4270 1104 4314 terras.
1148 4261 1268 4316 ista:
1293 4264 1605 4322 voluntaria:
1647 4268 2010 4339 descendunt,
2054 4274 2172 4329 aliae

594 4349 997 4419 praecipitantur
1013 4349 1209 4403 invitae.
1234 4351 1325 4407 Ha:
1341 4364 1530 4421 sponte
1547 4359 1840 4429 suscipiunt
1860 4363 2168 4433 ministeria,

594 4448 652 4493 ut
665 4437 941 4492 ruentibus
961 4453 1176 4492 manum
1199 4442 1472 4511 porrigant
1497 4445 1630 4499 :illa:
1646 4461 1908 4518 coguntur
1929 4453 2168 4523 ingratae,

597 4529 674 4602 (ὁ)
703 4537 918 4584 uttanto
935 4539 1172 4600 tempore
1199 4533 1251 4585 in
1280 4545 1532 4606 suscepto
1551 4537 1728 4594 officio
1755 4556 2117 4610 perseverent.
2143 4567 2163 4600 ι

595 4627 658 4679 Et
697 4624 888 4678 iterum
915 4641 927 4676 :
963 4641 982 4674 ι
1005 4623 1082 4678 Ex
1113 4639 1219 4695 quo
1248 4627 1518 4696 sequitur,
1562 4639 1618 4684 ut
1645 4631 1714 4686 ob
1755 4636 1926 4690 varios
1956 4650 2166 4706 motus,

593 4722 727 4776 varii
753 4729 1004 4777 creentur
1037 4731 1092 4777 et
1121 4721 1339 4788 mundi,
1379 4733 1433 4778 et
1470 4734 1590 4793 post
1619 4725 1759 4782 hunc
1791 4743 1947 4798 quem
1985 4733 2170 4789 incoli-

590 4829 740 4880 mus,
771 4813 910 4869 alius
956 4813 1125 4868 multo
1165 4814 1440 4869 dissimilis
1471 4816 1700 4872 mundus
1739 4818 1849 4872 flat.
1880 4820 2169 4895 Nullusque

592 4907 730 4961 alius
757 4905 986 4960 diversis
1013 4904 1248 4972 casibus,
1277 4915 1333 4961 et
1360 4908 1703 4976 profectibus,
1729 4919 1783 4966 et
1808 4913 1890 4968 vel
1915 4914 2166 4973 virtutum

521 5007 543 5156 ἶ
590 4998 849 5069 praemiis,
874 4997 958 5053 vel
982 4998 1230 5052 vitiorum
1253 5000 1553 5070 suppliciis,
1585 5013 1642 5058 et
1666 5002 1718 5057 in
1744 5006 2011 5074 praesenti,
2038 5018 2090 5063 et
2111 5011 2166 5066 in

655 5155 728 5217 (a)
762 5153 944 5203 Locum
958 5166 1053 5217 ope
1069 5152 1216 5216 Regii
1233 5153 1412 5217 codicis
1424 5159 1742 5216 restituimus,
1761 5172 1870 5210 cum
1887 5168 2029 5213 antea
2048 5165 2167 5217 editi

587 5216 763 5265 omnes
792 5217 980 5278 ,vitiose
1024 5216 1293 5278 haberent,
1343 5216 1578 5268 Divinitus
1627 5218 1968 5272 habitaculum.
2013 5216 2168 5278 Abest

586 5281 736 5326 etiam
759 5277 822 5326 ab
860 5279 1032 5344 eodem
1071 5277 1371 5344 exemplari,
1412 5281 1605 5344 integro
1644 5290 1805 5330 tamen
1840 5298 2006 5344 sensu,
2045 5277 2168 5338 com;

584 5345 842 5401 mormttes.
888 5337 1130 5401 Caeterum
1174 5337 1235 5385 ex
1294 5337 1697 5401 interpretatione
1732 5344 1903 5394 Bullini
1947 5337 2063 5395 nihil
2102 5337 2165 5400 de

582 5411 706 5472 vero
729 5399 956 5460 Origenis
973 5411 1121 5447 sensu
1145 5399 1435 5472 constituas;
1449 5402 1627 5452 Confer
1649 5418 1757 5466 qua:
1781 5406 1907 5467 hinc,
1936 5421 2089 5472 usque
2105 5399 2164 5461 ad

583 5459 970 5520 subsequentem
995 5472 1273 5520 numerum,
1295 5471 1426 5512 sunt.

647 5518 729 5588 (ὸ)Δ
756 5518 963 5579 Regium
986 5520 1112 5569 idem
1139 5518 1407 5588 esemplar,
1434 5528 1510 5574 cut
1534 5529 1705 5588 partim
1731 5535 1873 5580 vetus
1896 5532 2045 5582 editio
2067 5534 2163 5584 suf-

583 5576 868 5655 fragatur-{cx
886 5587 938 5655 et
959 5588 1091 5655 tanto
1113 5581 1194 5631 vel
1230 5576 1362 5632 tanto
1394 5576 1634 5650 tempore
1660 5576 1708 5640 in
1743 5576 2162 5655 'susééét3"6tﬁ€ib

582 5647 921 5698 perseverant,
946 5655 968 5683 ιι
1001 5649 1097 5688 etc.

1896 241 2142 298 SANCTI
2178 241 2563 302 HlERONYMl

3740 261 3883 320 «οδε

2284 360 2482 428 futuro,
2512 370 2672 433 atque
2705 363 2759 418 in
2786 364 3036 421 omnibus
3061 373 3116 423 et
3138 374 3288 424 retro
3317 368 3394 441 (c)
3424 377 3480 426 et
3512 378 3720 442 postea
3745 385 3882 430 tem-

2284 452 2502 522 poribus
2529 462 2703 523 potest
2730 456 2921 510 merita
2942 456 3272 528 dispensare,
3295 470 3350 516 et
3369 462 3440 516 ad
3464 479 3637 518 unum
3662 482 3882 523 rursum

2285 541 2445 597 finem
2472 551 2662 598 cuncta
2695 545 3027 614 pertrahere,
3059 547 3163 602 nisi
3188 549 3336 605 solus
3354 553 3616 608 conditor
3637 558 3880 614 omnium

2285 631 2450 698 Deus,
2483 632 2572 701 qui
2603 634 2708 688 scit
2751 649 2944 691 causas
2992 647 3211 707 propter
3253 655 3384 709 quas
3417 643 3559 697 alios
3601 647 3881 714 permittat

2283 735 2378 775 sua
2403 722 2607 790 perfrui
2633 723 2931 792 voluntate,
2955 734 3010 780 et
3037 726 3105 782 de
3127 728 3418 798 majoribus
3440 731 3511 787 ad
3541 735 3739 790 ultima
3761 754 3880 808 pau-

2281 811 2428 866 latim
2454 813 2652 881 delabi,
2685 815 2822 871 alios
2850 817 3070 888 incipiat
3099 821 3322 877 visitare
3339 866 3355 890 ,
3377 834 3434 880 et
3452 827 3728 896 gradatim
3751 847 3881 901 qua-

2283 900 2329 956 si
2354 917 2512 957 manu
2537 903 2683 970 data,
2714 905 2782 960 ad
2827 908 3108 976 pristinum
3150 914 3429 971 retrahere
3467 926 3671 973 statum
3695 961 3713 986 ,
3745 900 3803 977 et
3829 925 3879 980 in

2283 991 2603 1048 sublimibus
2631 995 2918 1052 collocare.
2954 1015 2976 1049 ι

2353 1082 2404 1136 9.
2451 1082 2691 1154 Cumque
2720 1086 2787 1140 de
2817 1086 2922 1141 fine
2974 1088 3249 1160 disputare
3298 1096 3589 1166 coapisset,
3639 1101 3760 1160 haec
3792 1105 3876 1160 in-

2284 1172 2437 1227 tulit:
2474 1191 2492 1224 t
2517 1174 2649 1241 Quia
2678 1176 2762 1245 (ut
2789 1179 2980 1233 crebro
2992 1179 3104 1249 jam
3122 1181 3374 1258 diximus)
3401 1189 3726 1260 principium
3753 1211 3874 1250 rur-

2283 1275 2376 1316 sus
2396 1277 2462 1317 ex
2488 1262 2595 1318 ﬁne
2617 1275 2925 1335 generatur,
2951 1271 3210 1338 qumritur
3231 1283 3433 1340 utrum,
3463 1288 3518 1333 et
3543 1288 3675 1335 tunc
3695 1283 3872 1339 futura

2281 1354 2390 1409 sint
2414 1369 2664 1425 corpora,
2695 1372 2760 1411 an
2790 1360 2909 1416 sine
2929 1364 3244 1430 corporibus
3265 1366 3559 1437 aliquando
3582 1373 3873 1432 vivendum

2281 1445 2386 1511 sit,
2418 1460 2539 1500 cum
2581 1447 2795 1502 redacta
2838 1449 2892 1504 in
2922 1450 3146 1506 nihilum
3191 1453 3422 1524 fuerint,
3463 1469 3519 1514 et
3553 1461 3870 1533 incorpora-

2281 1535 2410 1590 lium
2438 1536 2565 1602 vita,
2597 1538 2954 1610 incorporalis
2981 1558 3104 1599 esse
3129 1546 3402 1604 credenda
3429 1551 3530 1618 sit,
3571 1555 3790 1624 qualem
3818 1567 3872 1613 et

2282 1625 2375 1680 Dei
2404 1629 2668 1683 novimus.
2694 1629 2801 1685 Nec
2827 1631 3045 1689 dubium
3061 1644 3163 1704 est,
3189 1639 3341 1707 quin,
3360 1640 3406 1694 si
3429 1643 3610 1697 omnia
3637 1660 3870 1716 corpora

2279 1717 2347 1771 ad
2374 1719 2631 1774 mundum
2659 1721 2819 1776 istum
2847 1725 3157 1781 sensibilem
3185 1731 3514 1801 pertineant,
3537 1750 3662 1806 quae
3683 1739 3870 1807 appel-

2279 1805 2455 1861 lantur
2479 1808 2547 1863 ab
2563 1810 2823 1881 Apostolo
2838 1814 3063 1870 visibilia
3077 1817 3250 1888 (Rom.
3274 1819 3348 1889 l),
3369 1821 3541 1878 futura
3559 1827 3631 1880 sit
3651 1805 3769 1883 vita
3785 1829 3871 1884 in-

2278 1902 2633 1970 corporalium
2649 1905 3016 1976 incorporalis.
3031 1928 3050 1962 i
3069 1912 3136 1966 Et
3161 1915 3317 1982 paulo
3337 1928 3455 1986 post
3478 1938 3492 1974 :
3519 1938 3540 1972 α
3564 1922 3705 1978 lllud
3733 1941 3870 1991 quo-

2279 2005 2382 2061 que
2407 1994 2548 2061 quod
2579 1996 2648 2051 ab
2675 1998 2866 2056 eodem
2889 2001 3148 2072 Apostolo
3171 2006 3404 2065 dicitur:
3430 2011 3600 2066 Omnis
3621 2027 3870 2074 creatura

2279 2084 2575 2140 liberabitur
2603 2105 2634 2140 a
2662 2091 2898 2145 servitute
2924 2098 3284 2165 corruptionis,
3310 2102 3364 2154 in
3387 2102 3663 2159 libertatem
3683 2109 3869 2178 gloria:

2277 2175 2504 2244 ﬁliorum
2531 2178 2628 2234 Dei
2661 2179 2837 2251 (Rom.
2867 2184 2920 2239 8.
2948 2185 3040 2257 21)
3060 2227 3076 2254 ,
3121 2190 3200 2244 sic
3240 2191 3587 2264 intelligimus
3608 2240 3622 2262 ,
3658 2175 3719 2254 ut
3748 2205 3861 2271 prio

2278 2282 2420 2324 mam
2451 2283 2751 2328 creaturam
2771 2277 3172 2356 rationabilium
3201 2292 3256 2338 et
3302 2284 3721 2357 incorporalium
3744 2309 3863 2351 esse

2277 2362 2540 2431 dicamus,
2571 2380 2689 2434 quae
2720 2383 2826 2422 non
2855 2373 3055 2426 serviat
3082 2358 3444 2446 corruptioni,
3485 2395 3553 2434 eo
3581 2384 3725 2452 quod
3756 2401 3860 2441 non

2278 2454 2348 2508 sit
2371 2456 2565 2510 vestita
2599 2459 2954 2529 corporibus;
2987 2472 3037 2518 et
3067 2465 3392 2538 ubicumque
3487 2473 3650 2543 927
3736 2491 3858 2530 cor-

2275 2561 2408 2616 pora
2447 2548 2673 2615 fuerint,
2709 2553 2890 2607 statim
2928 2559 3204 2626 corruptio
3243 2561 3624 2633 subsequatur.
3669 2569 3858 2626 Postea

2277 2645 2456 2690 autem
2485 2638 2800 2695 liberabitur
2827 2642 2895 2699 de
2916 2647 3176 2703 servitute
3200 2655 3563 2721 corruptionis
3582 2697 3599 2722 ,
3645 2661 3859 2728 quando

2278 2729 2583 2797 receperint
2621 2732 2849 2801 gloriam
2893 2735 3124 2792 filiorum
3159 2738 3250 2812 [al.
3299 2744 3418 2816 ﬁlii]
3455 2746 3582 2812 Dei,
3616 2759 3672 2802 et
3721 2751 3861 2807 Deus

2275 2818 2435 2874 fuerit
2459 2823 2637 2877 omnia
2664 2825 2717 2879 in
2736 2827 3003 2884 omnibus.
3031 2849 3051 2881 ι
3082 2830 3415 2890 Etineodem
3431 2837 3549 2892 loco
3578 2857 3592 2891 :
3620 2860 3638 2892 ι
3667 2842 3735 2898 Ut
3763 2859 3858 2897 an-

2279 2918 2387 2964 tem
2424 2911 2800 2983 incorporeum
2834 2919 2992 2974 finem
3023 2925 3260 2978 omnium
3304 2941 3482 2982 rerum
3514 2947 3634 2987 esse
3670 2937 3858 2990 creda-

2277 3018 2418 3069 mus,
2450 3005 2538 3059 illa
2568 3022 2666 3063 nos
2690 3010 2985 3067 Salvatoris
3010 3017 3182 3070 oratio
3211 3031 3490 3088 provocat,
3523 3025 3573 3078 in
3605 3042 3707 3095 qua
3737 3031 3811 3083 ait
3841 3048 3853 3082 :

2280 3093 2349 3148 Ut
2375 3099 2627 3162 quomodo
2669 3116 2759 3170 ego
2797 3113 2844 3156 et
2872 3113 2924 3156 tu
2953 3121 3112 3159 unum
3139 3124 3335 3177 sumus,
3363 3114 3436 3165 sic
3460 3124 3505 3166 et
3531 3093 3693 3170 islirin
3717 3123 3855 3174 nobis

2275 3202 2433 3241 unum
2457 3191 2574 3243 sint.
2608 3191 2819 3248 Etenim
2847 3196 2988 3251 scire
3013 3197 3295 3268 debemus,
3329 3203 3457 3272 quid
3488 3207 3558 3260 sit
3587 3207 3762 3274 Deus,
3804 3223 3858 3266 et

2275 3281 2403 3350 quid
2429 3283 2498 3337 sit
2525 3283 2732 3338 futurus
2763 3287 2818 3340 in
2847 3287 2954 3344 fine
2978 3289 3224 3347 Salvator
3243 3335 3258 3357 ,
3291 3305 3344 3348 et
3373 3300 3645 3366 quomodo
3687 3303 3769 3372 (Δ)
3804 3305 3854 3358 in

2275 3373 2476 3427 sanctis
2503 3375 2796 3431 similitudo
2831 3378 3034 3447 Patris,
3066 3391 3121 3438 et
3146 3384 3271 3439 Filii
3303 3390 3628 3455 repromissa
3656 3393 3760 3460 sit,
3803 3405 3857 3448 ut

2275 3463 2543 3529 quomodo
2570 3465 2622 3519 in
2652 3480 2712 3521 se
2741 3467 2817 3520 illi
2843 3485 3005 3524 unum
3029 3481 3171 3540 sunt,
3205 3477 3283 3530 sic
3312 3487 3366 3530 et
3395 3479 3480 3532 isti
3508 3481 3562 3534 in
3591 3483 3674 3537 eis
3697 3500 3853 3538 unum

2274 3555 2401 3608 sint.
2433 3557 2542 3613 Aut
2566 3559 2710 3614 enim
2738 3564 3135 3632 suscipiendum
3180 3577 3263 3622 est
3302 3571 3666 3629 universitatis
3690 3576 3852 3632 Deum

2277 3648 2460 3702 vestiri
2488 3664 2737 3720 corpore,
2770 3663 2824 3709 et
2850 3658 3121 3724 quomodo
3154 3676 3252 3716 nos
3277 3665 3550 3731 carnibus,
3586 3670 3668 3724 sic
3708 3672 3851 3727 illum

2275 3738 2510 3806 qualibet
2538 3745 2762 3798 materia
2792 3747 3150 3817 circumdari;
3180 3761 3236 3807 ut
3262 3754 3560 3812 similitudo
3589 3761 3714 3817 vita:
3739 3764 3848 3828 Dei,

2277 3827 2328 3881 in
2347 3827 2452 3885 fine
2473 3834 2672 3888 sanctis
2701 3840 2872 3904 possit
2895 3841 3094 3908 aequari
3115 3858 3129 3907 ;
3151 3853 3242 3897 aut
3269 3845 3312 3898 si
3341 3845 3446 3902 hoc
3471 3849 3727 3908 indecens
3749 3866 3845 3918 est,

2275 3922 2505 3977 maxime
2529 3926 2666 3994 apud
2699 3942 2812 3994 eos,
2844 3930 2934 3999 qni
2961 3931 3148 3987 saltem
3193 3949 3259 3990 ex
3292 3938 3513 3996 minima
3553 3953 3705 4012 parte
3755 3947 3840 4001 Dei

2275 4015 2477 4069 sentire
2506 4018 2723 4086 cupiunt
2747 4020 3100 4090 majestatem,
3133 4033 3188 4080 et
3213 4027 3466 4097 ingenitae
3491 4042 3654 4104 atque
3675 4040 3850 4091 omnia

2281 4105 2592 4161 excedentis
2623 4119 2826 4165 natura:
2854 4114 3076 4182 gloriam
3100 4119 3399 4187 suspicari;
3428 4137 3459 4176 e
3489 4125 3700 4182 duobus
3725 4129 3853 4183 alte-

2275 4209 2392 4248 rum
2421 4199 2696 4268 suscipere
2723 4203 2987 4272 cogimur,
3017 4215 3075 4260 ut
3102 4217 3194 4261 aut
3231 4209 3584 4282 desperemus
3607 4218 3853 4274 similitu-

2275 4283 2454 4341 dinem
2482 4289 2596 4355 Dei,
2624 4291 2669 4346 si
2701 4294 2886 4347 eadem
2909 4309 3126 4366 semper
3145 4314 3327 4355 sumus
3348 4317 3573 4373 corpora
3596 4307 3846 4376 habituri,

2273 4386 2367 4432 aut
2392 4380 2437 4433 si
2468 4381 2745 4438 beatitudo
2774 4386 2930 4441 nobis
2972 4388 3213 4458 ejusdem
3253 4408 3374 4448 cum
3420 4397 3532 4453 Deo
3574 4401 3696 4456 vita:
3731 4416 3855 4470 pro-

2273 4472 2524 4541 mittitur,
2553 4476 2742 4531 eadem
2769 4494 2873 4550 qua
2903 4479 3036 4538 vivit
3066 4483 3228 4552 Deus,
3259 4487 3414 4542 nobis
3439 4490 3752 4548 conditione
3780 4496 3854 4547 vi-

2274 4561 2505 4618 vendum
2537 4575 2640 4622 est.
2670 4585 2691 4618 ι

2345 4653 2434 4707 10.
2462 4654 2541 4709 Ex
2567 4657 2762 4725 quibus
2783 4661 3036 4719 omnibus
3057 4666 3402 4736 approbatur,
3430 4670 3555 4738 quid
3579 4670 3646 4725 de
3667 4687 3856 4727 resur-

2273 4746 2512 4801 rectione
2539 4751 2755 4819 sentiat,
2803 4763 2860 4808 et
2897 4757 3041 4826 quod
3081 4761 3261 4814 omnia
3304 4776 3520 4830 corpora
3560 4763 3852 4820 interitura

2272 4839 2588 4896 conﬁrmet:
2632 4853 2690 4899 ut
2733 4847 2902 4903 simus
2946 4849 3153 4921 absque
3191 4853 3529 4925 corporibus,
3572 4860 3856 4926 quomodo

2279 4930 2425 4999 prius
2449 4929 2646 4988 fuimus
2667 4975 2683 5001 ,
2711 4945 2999 5008 antequam
3030 4943 3230 4998 crassis
3267 4945 3579 5012 corporibus
3619 4949 3851 5004 vestire-

2274 5034 2415 5074 mur.
2445 5021 2789 5096 Rursumque
2815 5027 2884 5083 de
2910 5031 3230 5086 mundorum
3263 5037 3520 5092 varietate
3548 5037 3850 5108 disputans,

2272 5120 2327 5168 et
2358 5114 2444 5169 vel
2475 5130 2538 5171 ex
2570 5118 2787 5189 Angelis
2817 5119 3090 5178 daemones
3109 5164 3124 5189 ,
3157 5125 3241 5178 vel
3278 5125 3348 5180 de
3373 5126 3712 5184 daemonibus
3740 5133 3853 5185 An-

2271 5204 2442 5274 gelos,
2469 5206 2582 5262 sive
2602 5207 2848 5265 homines
2871 5209 3078 5266 futuros
3094 5227 3214 5268 esse
3234 5224 3566 5284 contestans,
3591 5230 3644 5274 et
3671 5236 3703 5276 e
3726 5235 3854 5275 con-

2336 5355 2397 5430 lc)
2437 5360 2742 5414 Martianzeus
2773 5365 2963 5428 priora,
3010 5366 3134 5430 quod
3169 5371 3538 5422 emendavimus
3562 5387 3628 5424 ex
3653 5377 3850 5429 Victorii

2269 5417 2518 5498 99‘5-‘bnet
2553 5438 2662 5498 qui?
2695 5417 2858 5498 ωέιῖθει
2882 5430 2929 5498 ίρ
3065 5417 3273 5490 μεσοίη-ά
3291 5417 3853 5498 νίσέῷὲῗαῑιόει

2267 5477 2389 5556 Ψ
2413 5477 2702 5556 θνο-’ῖῖίέτίίίὲ
2729 5487 2878 5556 Ρκυ¹⁰
2899 5477 3097 5539 inferiis
3111 5477 3849 5556 νοοειίιέρῑιῑιῑιὶέηῖξςῑήῖςῖῐῑ

2267 5546 2424 5592 veteri
2449 5546 2568 5594 edit.
2593 5548 2887 5598 sutl‘ecimus.

2331 5603 2414 5680 (d)_
2443 5606 2534 5654 Alii
2568 5609 2686 5680 editi
2723 5609 2771 5658 in
2803 5611 2988 5668 Sancti,
3027 5609 3182 5680 sedit:
3206 5614 3450 5680 particula
3471 5630 3745 5680 expuncta,
3772 5637 3850 5670 se-

2269 5674 2503 5726 quentem
2530 5677 2578 5720 ut
2610 5670 2667 5719 ad
2692 5684 2865 5721 sensus
2888 5670 3278 5735 perspicuitatem
3312 5670 3656 5738 snpplevihius
3679 5670 3708 5732 e
3733 5670 3844 5737 Mss.
