4026 6186
169 244 193 296 1
202 243 304 300 069

167 358 334 414 trario
358 371 426 413 ex
451 357 761 413 hominibus
785 353 1082 417 daemones,
1110 359 1165 408 et
1189 351 1368 406 omnia
1395 366 1461 406 ex
1487 353 1737 408 omnibus

165 455 486 509 sententiam
527 467 678 507 suam
712 449 804 504 tali
842 448 950 504 ﬁne
990 447 1313 502 conﬁrmat:
1349 465 1368 498 ι
1397 444 1505 500 Nec
1534 445 1610 517 (a)
1637 445 1737 499 du-

167 547 316 601 bium
341 556 454 612 est,
495 544 622 615 quin
665 551 789 614 post
815 541 1064 613 quaedam
1105 539 1384 595 intervalla
1415 547 1738 608 temporum,

170 652 361 693 rursus
387 637 609 692 materia
639 634 915 699 subsistat,
946 641 1005 689 et
1027 645 1256 702 corpora
1285 629 1434 697 ﬁant,
1479 637 1534 684 et
1557 626 1741 684 mundi

168 727 460 782 diversitas
485 733 850 791 construatur,
882 731 1105 795 propter
1135 723 1315 778 varias
1341 721 1643 776 voluntates
1662 731 1742 794 ra-

168 818 502 872 tionabilium
531 827 922 882 creaturarum,
953 831 1072 886 quae
1101 824 1222 886 post
1248 813 1538 884 perfectam
1568 810 1740 867 beati-

168 907 402 961 tudinem
430 922 602 976 usque
631 907 700 962 ad
730 907 889 962 ﬁnem
915 906 1156 962 omnium
1182 921 1360 962 rerum
1392 902 1644 974 paulatim
1672 899 1740 955 ad

161 995 418 1050 inferiora
446 997 690 1067 dilapsae,
721 1006 921 1052 tantam
951 998 1210 1052 malitiam
1239 1001 1580 1065 receperunt,
1609 1000 1668 1046 ut
1686 991 1741 1045 in

160 1089 491 1143 contrarium
517 1097 893 1144 verterentur:
921 1089 1047 1143 dum
1080 1089 1273 1144 nolunt
1296 1100 1514 1143 servare
1543 1081 1738 1154 princi-

157 1177 309 1246 Pium
331 1218 346 1244 ,
375 1187 432 1232 et
474 1179 839 1249 incorruptam
911 1182 1078 1252 923
1149 1178 1534 1235 beatitudinem
1562 1173 1739 1246 possi-

158 1266 317 1322 dere.
351 1268 462 1324 Nec
489 1269 591 1324 hoc
620 1270 994 1340 ignorandum,
1021 1270 1166 1342 quod
1188 1270 1370 1325 multa:
1398 1267 1741 1323 rationabiles

163 1365 456 1424 creatum,
488 1372 658 1428 usque
684 1359 750 1413 ad
780 1360 1092 1426 secundum,
1124 1368 1180 1415 et
1205 1359 1418 1415 tertium
1440 1399 1456 1424 ,
1499 1365 1552 1412 et
1577 1370 1738 1425 quar-

160 1456 274 1502 tum
317 1450 575 1504 mundum
619 1461 836 1507 servent
862 1453 1179 1522 principium
1200 1493 1216 1517 ,
1249 1468 1348 1508 nec
1378 1450 1652 1507 mutationi
1685 1449 1738 1502 in

159 1550 222 1590 se
254 1536 429 1590 locum
462 1539 715 1594 tribuant.
745 1542 878 1595 Aliae
907 1557 1034 1597 vero
1066 1552 1171 1597 tam
1200 1558 1384 1612 parum
1422 1542 1489 1596 de
1514 1541 1741 1610 pristino

160 1634 306 1679 statu
337 1627 614 1683 amissurze
644 1631 772 1698 sint,
803 1643 860 1686 ut
888 1647 1024 1701 pene
1044 1632 1176 1686 nihil
1205 1631 1502 1702 perdidisse
1525 1630 1742 1685 videan-

160 1724 273 1780 tur,
310 1725 362 1772 et
397 1720 672 1774 nonnulla;
708 1723 894 1792 grandi
935 1723 1085 1778 ruina
1120 1725 1173 1776 in
1215 1724 1461 1776 ultimum
1494 1721 1740 1791 prmcipi-

166 1809 346 1864 tandm
372 1811 475 1864 sint
498 1812 826 1869 barathrum.
850 1815 1114 1884 Novitque
1139 1814 1480 1883 dispensator
1500 1812 1740 1867 omnium

163 1900 339 1968 Deus,
375 1902 426 1956 in
455 1906 762 1960 conditione
805 1906 1127 1961 mundorum
1167 1905 1391 1975 singulis
1421 1905 1568 1960 abuti
1592 1905 1740 1974 juxta

160 1992 436 2061 meritum,
466 2003 520 2048 et
548 1997 972 2064 opportunitates
999 2006 1056 2053 et
1103 2011 1313 2063 causas,
1341 1997 1532 2067 quibus
1557 1994 1744 2050 mundi

160 2082 524 2149 gubernacula
554 2095 941 2151 sustentantur,
970 2097 1026 2143 et
1049 2089 1325 2144 initiantur
1363 2108 1378 2144 :
1420 2098 1480 2144 ut
1505 2090 1595 2158 qui
1622 2103 1742 2144 om-

163 2187 263 2227 nes
293 2175 483 2229 vicerit
512 2178 769 2246 nequitia,
796 2188 850 2232 et
873 2179 1082 2246 penitus
1103 2194 1162 2234 se
1184 2188 1341 2234 terra:
1362 2180 1742 2249 cozequaverit,

164 2264 222 2318 in
255 2267 363 2321 alio
389 2267 612 2331 mundo,
656 2269 746 2337 qui
778 2278 963 2338 postea
994 2267 1336 2325 fabricandas
1359 2279 1474 2335 est,
1509 2271 1600 2324 ﬁat
1629 2271 1746 2324 dia-

160 2356 347 2424 holus,
375 2359 690 2427 principium
723 2361 1096 2429 plasmationis
1121 2361 1368 2429 Domini,
1403 2370 1461 2417 ut
1497 2362 1750 2417 illudatur

163 2449 217 2503 ei
249 2450 686 2521 abAngelis,qui
709 2453 919 2508 exordii
939 2454 1171 2509 amisere
1188 2455 1463 2510 virtutem.
1495 2473 1514 2507 ι
1545 2454 1748 2524 Quibus

163 2539 347 2605 dictis,
371 2540 497 2608 quid
518 2541 662 2596 aliud
683 2553 910 2598 conatur
931 2543 1237 2610 ostendere,
1258 2545 1361 2600 nisi
1384 2544 1541 2615 hujus
1562 2544 1750 2599 mundi

165 2630 415 2685 homines
431 2641 760 2701 peccatores,
785 2634 838 2688 in
865 2635 974 2690 alio
990 2635 1192 2690 mundo
1206 2650 1364 2705 posse
1393 2635 1663 2691 diabolum
1694 2641 1750 2689 et

165 2720 440 2777 daemones
458 2723 602 2778 ﬁeri?
618 2723 686 2778 Et
705 2740 916 2780 rursum
937 2740 1079 2780 nunc
1099 2727 1392 2793 dremones,
1410 2726 1465 2781 in
1483 2727 1588 2781 alio
1603 2741 1752 2781 mun-

167 2810 240 2866 do
263 2827 420 2880 posse
442 2813 526 2868 vel
547 2815 803 2884 Angelos,
833 2816 918 2872 vel
944 2815 1190 2872 homines
1207 2817 1506 2887 procreari?
1533 2816 1602 2873 Et
1627 2825 1752 2888 post

167 2903 586 2973 disputationem
617 2906 1022 2976 longissimam,
1063 2924 1167 2979 qua
1197 2923 1410 2965 omnem
1445 2919 1744 2967 creaturam

167 3007 484 3062 corpoream
516 2997 569 3050 in
598 2997 896 3066 spiritualia
924 3011 1174 3068 corpora,
1203 3009 1258 3056 et
1279 3001 1456 3057 tenuia
1481 3000 1610 3056 dicit
1629 3016 1752 3059 esse

168 3088 519 3143 mutandam:
555 3099 913 3160 cunctamque
939 3090 1292 3148 substantiam
1336 3092 1388 3148 in
1429 3109 1596 3149 unum
1625 3108 1751 3150 cor-

169 3191 272 3246 pus
318 3177 730 3235 mundissimum
752 3221 768 3246 ,
801 3188 858 3235 et
896 3182 1042 3236 omni
1082 3181 1371 3250 splendore
1400 3184 1585 3253 purius
1617 3198 1750 3239 con-

167 3269 520 3334 vertendam,
567 3278 625 3325 et
665 3271 861 3336 talem,
893 3273 1106 3342 qualem
1146 3288 1288 3328 nunc
1330 3275 1558 3329 humana
1599 3289 1752 3330 mens

166 3369 350 3430 potest
374 3361 628 3431 cogitare,
655 3362 722 3418 ad
749 3372 1057 3419 extremum
1088 3366 1268 3421 intulit
1295 3383 1308 3421 :
1346 3386 1364 3420 ς
1397 3365 1462 3421 Et
1491 3370 1586 3422 erit
1615 3368 1752 3424 Deus

168 3453 344 3506 omnia
371 3453 426 3506 in
452 3454 704 3522 omnibus,
738 3463 796 3509 ut
822 3457 1074 3512 universa
1105 3466 1294 3514 natura
1322 3474 1582 3530 corporea
1605 3460 1750 3517 redi-

164 3553 326 3612 gatur
356 3545 406 3599 in
435 3559 554 3600 eam
579 3546 953 3614 substantiam,
984 3564 1104 3620 quae
1135 3535 1381 3606 omnibus
1415 3552 1605 3607 melior
1631 3565 1747 3625 est,

165 3633 224 3688 in
255 3634 490 3690 divinam
519 3637 747 3707 scilicet,
779 3656 881 3711 qua
912 3643 1059 3698 nulla
1086 3653 1171 3700 est
1199 3647 1411 3702 melior.
1442 3668 1462 3702 ι

243 3726 335 3781 11.
361 3726 518 3784 CAP.
553 3728 775 3786 lV.—ln
800 3742 993 3802 quarto
1021 3751 1232 3806 quoque
1260 3738 1416 3806 libro,
1449 3741 1542 3812 qui
1570 3744 1750 3814 operis

163 3817 289 3886 ejus
317 3827 587 3875 extremus
607 3831 710 3888 est,
734 3823 850 3879 haec
875 3825 942 3880 ab
961 3827 1202 3883 Ecclesia
1224 3829 1423 3886 Christi
1447 3832 1748 3891 damnanda

166 3909 471 3965 interserit.
525 3930 544 3964 t
568 3913 636 3966 Et
661 3913 882 3969 forsitan
912 3919 1180 3986 quomodo
1209 3921 1264 3974 in
1291 3922 1393 3977 isto
1423 3927 1621 3980 mundo
1659 3927 1749 3997 qui

160 3999 475 4054 moriuntur
501 4007 840 4071 separatione
876 4007 1052 4061 carnis
1085 4017 1138 4062 et
1190 4010 1418 4078 animae,
1441 4014 1591 4081 juxta
1617 4030 1748 4086 ope-

158 4103 286 4142 rum
311 4088 687 4156 differentiam,
713 4092 926 4148 diversa
947 4095 1086 4164 apud
1109 4096 1310 4153 inferos
1332 4100 1576 4158 obtinent
1594 4104 1710 4159 loca
1733 4123 1747 4160 :

157 4180 244 4234 sic
272 4180 364 4248 qui
392 4179 460 4234 de
485 4181 721 4238 caelestis
745 4183 1036 4241 Jerusalem
1063 4189 1082 4258 (
1104 4197 1160 4243 ut
1186 4190 1256 4244 ita
1282 4190 1493 4266 dicam)
1524 4195 1752 4253 admini-

163 4273 435 4326 stratione
459 4273 780 4341 moriuntur,
797 4275 864 4331 ad
891 4279 1059 4332 nostri
1082 4280 1263 4335 mundi
1288 4281 1492 4338 inferna
1521 4286 1750 4342 descen-

157 4361 324 4427 dunt,
353 4370 411 4435 ut
438 4377 538 4432 pro
567 4364 823 4434 qualitate
851 4369 1162 4424 meritorum
1184 4411 1198 4435 ,
1246 4371 1455 4429 diversa
1501 4375 1555 4431 in
1593 4378 1752 4434 terris

161 4454 479 4522 possideant
505 4455 642 4512 loca.
663 4476 683 4510 ›
698 4457 770 4512 Et
784 4460 974 4515 iterum
998 4480 1011 4517 :
1035 4480 1057 4516 ι
1085 4463 1152 4518 Ει
1168 4465 1286 4535 quia
1303 4471 1747 4539 comparavimus,

159 4545 236 4601 de
266 4547 371 4604 isto
394 4549 594 4606 mundo
619 4550 686 4606 ad
714 4551 921 4609 inferna
942 4569 1227 4628 pergentes
1251 4562 1460 4618 animas
1482 4604 1498 4631 ,
1540 4564 1608 4620 iis
1633 4567 1752 4622 ani-

235 4784 804 4870 !ﬂliiet‘aﬂndemulocus
821 4796 1052 4870 exemplo
1067 4802 1150 4857 sit,
1169 4814 1313 4870 quam
1329 4803 1502 4870 callide
1520 4807 1753 4870 Origenis

161 4850 369 4933 exores
388 4850 606 4933 iiuﬁinus
625 4850 1018 4933 dissin‘i‘ulaverit,
1043 4850 1579 4933 quandoquidemltauc

160 4909 504 4990 [igitlllga‘lﬂl-n
541 4915 648 4976 ejus
677 4909 1042 4990 deﬁeatoruui
1061 4909 1755 4990 lapsibii‘sjgs'éﬁiéfniiﬁiTm;

159 4976 684 5054 interpretationem?!
701 4979 930 5054 adscribit
953 4981 1059 5054 l..5.
1237 5003 1258 5030 α
1276 4976 1622 5041 Verumistam
1645 4976 1756 5054 filii:

159 5029 450 5114 {ec-tionem“
463 5029 1266 5114 ac.beatitudinem‘rationabilium
1288 5029 1756 5114 'cﬁéiiiiri'Fﬁiii,’;éi

159 5096 558 5176 ρῇξυςὲιέιξιῖηἱξξ
559 5096 785 5176 Βερνιηῇ
797 5102 990 5176 quidam
1017 5119 1311 5176 permgnere
1336 5096 1386 5157 in
1409 5096 1753 5176 statu;

160 5167 288 5238 9312‘
289 5159 442 5238 supra
449 5156 693 5238 diximus,
703 5156 894 5238 putant,
923 5166 966 5212 id
985 5156 1070 5238 ἐξὲξ.
1089 5175 1142 5218 ut
1165 5156 1325 5218 Deum
1338 5156 1500 5238 omnia
1511 5156 1754 5238 Baiani:

163 5221 220 5263 et
243 5215 495 5287 Deuseis
523 5220 588 5268 sit
621 5215 807 5287 omnia,
850 5215 893 5272 si
918 5215 1196 5279 nullatenus
1218 5215 1756 5287 eig'sbéié'és'ﬁiﬁiéi

162 5278 402 5354 corporali
439 5279 721 5354 atlmoveat.‘
744 5278 970 5354 Alioquin
996 5278 1298 5354 existimant
1326 5278 1533 5354 Tgié'riéin'

163 5337 742 5414 beatitudinisnimpediri,
767 5347 809 5394 si
835 5337 1756 5414 niatﬂerialis‘snbstanfite-int-ers‘er-at

162 5398 446 5473 admiratio.»
471 5398 597 5473 Quin
615 5408 712 5473 i_mo
730 5398 886 5467 ipsum
907 5398 1757 5473 Origedeiﬁ'ia'EBHiidfféiifiﬁd'ﬁl

161 5461 547 5542 είξεθξιέεξρτξῖις
566 5464 680 5542 :13
703 5461 800 5542 ςιάφ
830 5476 956 5542 βρεμι
981 5461 1754 5542 (imiimi?Eiiiﬁf'iie'iﬁi-

162 5532 296 5595 nere
314 5530 532 5595 semper.
559 5534 612 5574 et
633 5529 1000 5595 immutabiliter
1017 5533 1262 5586 Creatoris
1280 5529 1528 5589 voluntate
1549 5529 1756 5595 ési’ééé-

160 5582 380 5671 saera
394 5582 958 5671 rassae.
975 5582 1751 5671 ametismadidae-111;.

162 5642 376 5696 Domum
400 5645 641 5700 habemus
659 5662 754 5701 non
777 5642 1653 5716 manuraciani'aéiaxiiﬁiiiiémii'sfi

1485 238 1814 296 EPISTOLA
1853 237 2082 295 CXXIV.

3291 252 3432 310 1070

1845 351 2054 418 mabus,
2086 365 2204 420 qua:
2236 350 2303 406 de
2330 352 2594 421 superiori
2624 353 2764 409 cmlo
2805 355 2873 409 ad
2917 362 3099 412 nostra
3131 356 3432 418 habitacula

1844 441 2223 511 pervenientes
2247 440 2643 511 quodammodo
2664 451 2893 498 mortua:
2913 455 3056 510 sunt,
3080 449 3332 518 prudenti
3353 453 3435 506 in-

1842 533 2194 602 vestigatione
2234 532 2538 587 rimandum
2612 533 2778 604 929
2850 541 2970 601 est,
3008 549 3077 589 an
3121 537 3223 592 hoc
3258 539 3432 608 ipsum

1844 625 2114 695 possimus
2155 625 2319 680 etiam
2347 625 2402 679 in
2431 624 2712 682 nativitate
2736 623 2922 680 dicere
2965 625 3299 696 singularum
3321 669 3337 694 ,
3377 638 3437 685 ut

1843 712 2111 784 quomodo
2141 728 2260 784 quae
2290 714 2345 768 in
2383 713 2484 768 ista
2514 723 2658 768 terra
2682 723 2866 769 nostra
2896 723 3195 772 nascuntur
3220 717 3434 786 animae,

1843 803 1931 858 vel
1972 803 2041 860 de
2069 803 2283 860 inferno
2324 821 2538 860 rursum
2567 805 2791 861 meliora
2821 807 3138 876 cupientes,
3185 807 3254 862 ad
3279 822 3438 879 supe-

1841 894 1987 949 riora
2011 899 2254 960 veniunt,
2288 903 2342 951 et
2365 895 2658 950 humanum
2690 909 2888 965 corpus
2915 907 3230 965 assumunt,
3257 899 3343 953 vel
3371 900 3441 954 de

1843 988 2162 1044 melioribus
2188 988 2323 1043 locis
2352 988 2419 1043 ad
2446 1003 2546 1044 nos
2576 1003 2747 1058 usque
2773 988 3114 1044 descendunt
3139 1007 3154 1054 ;
3183 991 3262 1044 sic
3289 999 3346 1046 et
3372 1007 3436 1045 ea

1845 1079 1961 1133 loca
1991 1094 2110 1148 qua:
2133 1093 2296 1148 supra
2328 1087 2454 1134 sunt
2481 1079 2533 1133 in
2565 1079 2924 1144 ﬁrmamento,
2951 1081 3071 1135 alia:
3101 1081 3300 1135 animae
3324 1095 3443 1150 pos-

1843 1168 2074 1234 sideant,
2100 1185 2219 1238 quae
2235 1169 2304 1224 de
2326 1170 2529 1225 nostris
2550 1169 2767 1225 sedibus
2788 1170 2854 1225 ad
2877 1171 3098 1225 meliora
3120 1171 3438 1240 proﬁciant:

1843 1260 1963 1314 alia:
1990 1276 2109 1330 qua:
2137 1261 2205 1316 de
2229 1261 2544 1317 cmlestibus
2569 1263 2638 1318 ad
2670 1264 3068 1318 ﬁrmamentum
3098 1278 3268 1333 usque
3293 1263 3441 1318 dela-

1842 1364 1954 1420 psa:
1984 1352 2111 1414 sint,
2146 1351 2223 1421 (b)
2258 1367 2358 1408 nec
2385 1361 2589 1408 tantum
2621 1353 2800 1409 fecere
2823 1363 3122 1424 peccatum,
3151 1362 3209 1408 ut
3229 1354 3293 1408 ad
3322 1354 3440 1408 loca

1843 1455 1962 1509 qua:
2001 1440 2300 1506 incolimus,
2333 1442 2699 1498 truderentur.
2723 1443 2926 1511 Quibus
2950 1443 3108 1498 dictis
3137 1443 3322 1498 nititur
3346 1456 3441 1510 ap-

1843 1527 2090 1599 probare,
2121 1539 2176 1585 et
2203 1531 2620 1599 ﬁrmamentum,
2653 1533 2703 1586 id
2733 1543 2816 1588 est
2841 1535 3035 1588 cmlum
3057 1575 3071 1600 ,
3120 1535 3184 1588 ad
3219 1548 3442 1601 compa-

1843 1619 2106 1674 rationem
2129 1621 2422 1689 superioris
2443 1622 2565 1676 cteli
2593 1636 2712 1676 esse
2739 1623 2959 1687 inferos,
2983 1633 3037 1678 et
3060 1625 3194 1678 hanc
3217 1634 3438 1688 terram,

1843 1724 2000 1778 quam
2032 1711 2352 1776 incolimus,
2398 1712 2684 1766 collatione
2727 1712 3053 1768 ﬁrmamenti
3098 1714 3297 1768 inferos
3341 1729 3440 1782 ap-

1849 1800 2059 1867 pellari,
2093 1810 2147 1855 et
2171 1816 2390 1856 rursum
2417 1802 2482 1856 ad
2511 1804 2969 1871 comparationem
3002 1804 3316 1870 inferorum,
3349 1806 3441 1874 qui

1847 1891 2032 1945 subter
2061 1907 2156 1946 nos
2182 1901 2327 1958 sunt,
2356 1907 2456 1948 nos
2480 1894 2677 1949 ctelum
2705 1893 2840 1949 dici:
2876 1905 2933 1948 ut
2959 1895 3099 1964 quod
3129 1896 3249 1949 aliis
3276 1897 3439 1951 infer-
3464 1937 3470 1948 .

1844 1995 1944 2035 nus
1959 1988 2061 2046 est,
2084 1981 2202 2036 aliis
2217 1982 2412 2037 coelum
2430 1983 2520 2038 sit.
2553 2003 2571 2036 ›
2594 1983 2702 2038 Nec
2717 1985 2815 2039 hac
2831 1986 3194 2055 disputatione
3210 1998 3440 2042 conten-

1848 2080 1954 2137 tus,
1985 2071 2134 2136 dicit,
2169 2090 2188 2124 ι
2221 2072 2278 2126 1η
2305 2072 2414 2128 ﬁne
2441 2073 2680 2128 omnium
2709 2090 2910 2142 rerum,
2940 2077 3154 2146 quando
3171 2077 3237 2132 ad
3265 2078 3441 2132 ctele-

1846 2170 1988 2214 Stem
2029 2159 2325 2215 Jerusalem
2374 2164 2644 2217 reversuri
2689 2179 2910 2229 sumus,
2957 2165 3026 2234 (c)
3072 2166 3443 2221 adversarium

1848 2248 2244 2304 Fortitudinum
2273 2263 2459 2306 contra
2490 2253 2743 2322 populum
2772 2255 2866 2309 Dei
2906 2255 3046 2308 bella
3073 2271 3406 2326 consurgere
3424 2299 3444 2325 ,

1852 2346 1912 2393 ut
1940 2354 2048 2394 non
2079 2343 2149 2394 sit
2174 2355 2360 2395 eorum
2390 2343 2560 2398 otiosa
2590 2343 2758 2400 virtus
2779 2385 2796 2411 ,
2841 2344 2938 2400 sed
2977 2357 3332 2402 exerceantur
3373 2350 3440 2404 ad

1850 2433 2055 2502 praelia,
2086 2441 2142 2487 et
2166 2433 2399 2488 habeant
2422 2437 2701 2493 materiam
2732 2438 2946 2493 roboris
2965 2480 2981 2505 ,
3012 2441 3093 2510 (ά)
3122 2456 3280 2511 quam
3308 2456 3441 2498 con-

1849 2525 1999 2595 sequi
2043 2541 2148 2580 non
2190 2526 2434 2594 possint,
2471 2528 2574 2582 nisi
2623 2528 2791 2584 fortes
2839 2530 3070 2600 primum
3114 2533 3446 2589 adversariis

1849 2615 2143 2670 restiterint
2171 2634 2184 2671 :
2213 2635 2232 2669 ι
2271 2633 2406 2686 quos
2434 2620 2666 2687 ratione,
2693 2629 2747 2675 et
2775 2621 2996 2686 ordine,
3028 2633 3082 2679 et
3106 2625 3322 2680 solertia
3354 2643 3443 2681 re-

1851 2705 2157 2776 pugnandi,
2189 2707 2240 2761 in
2270 2706 2408 2763 libro
2431 2708 2787 2768 Numerorum
2815 2712 3044 2784 legimus
3073 2729 3196 2772 esse
3220 2731 3443 2786 supera-

1852 2806 1936 2853 tos
1964 2797 2152 2868 (Num.
2182 2799 2270 2854 10.
2297 2800 2389 2854 26.
2418 2800 2537 2871 35).

1923 2887 2011 2942 12.
2059 2887 2304 2959 Cumque
2345 2889 2570 2946 dixisset
2609 2892 2760 2961 juxta
2800 2893 3022 2950 Joannis
3060 2897 3449 2969 Apocalypsim

1850 2977 2005 3047 (Cap.
2035 2978 2089 3032 4.
2118 2994 2166 3031 υ.
2198 2977 2280 3047 6),
2311 2980 2656 3051 Evangelium
2697 2985 3105 3054 sempiternum,
3135 2987 3188 3042 id
3214 2996 3320 3054 est,
3358 2987 3448 3043 fu-

1852 3075 2029 3123 turum
2059 3068 2113 3122 in
2138 3069 2314 3137 caelis,
2333 3078 2540 3126 tantum
2563 3075 2869 3142 praecedere
2885 3076 2987 3132 hoc
3006 3088 3246 3134 nostrum
3270 3080 3449 3138 Evan-

1851 3157 2082 3228 gelium,
2133 3170 2390 3228 quantum
2441 3161 2636 3218 Christi
2683 3165 2992 3234 prmdicatio
3039 3169 3199 3241 Legis
3243 3174 3444 3229 veteris

1850 3256 2209 3313 sacramenta,
2239 3248 2304 3303 ad
2346 3259 2648 3308 extremum
2680 3254 2859 3310 intulit
2885 3256 3049 3327 (quod
3094 3269 3148 3315 et
3175 3262 3444 3333 cogitasse

1851 3339 2188 3409 sacrilegium
2239 3342 2360 3411 est)
2408 3359 2505 3413 pro
2547 3346 2722 3401 salute
2765 3348 3071 3406 daemonum
3097 3395 3111 3418 ,
3167 3354 3443 3410 Christum

1851 3433 2012 3486 etiam
2060 3434 2111 3487 in
2141 3448 2286 3499 aere,
2320 3443 2376 3490 et
2421 3436 2473 3489 in
2523 3439 2772 3506 supernis
2807 3439 2942 3496 locis
2972 3457 3092 3498 esse
3133 3460 3447 3514 passurum.

1852 3522 1922 3577 Et
1951 3523 2079 3578 licet
2107 3524 2198 3580 ille
2225 3540 2333 3580 non
2358 3525 2578 3593 dixerit,
2609 3538 2789 3584 tamen
2819 3531 2964 3601 quod
2989 3548 3325 3606 consequens
3352 3539 3444 3605 sit,

1853 3612 2177 3685 intelligitur
2204 3633 2219 3669 :
2251 3617 2390 3672 sicut
2414 3633 2510 3687 pro
2536 3618 2845 3677 hominibus
2873 3623 3034 3678 homo
3063 3625 3236 3684 factus
3263 3637 3368 3695 est,
3390 3639 3450 3685 ut

1851 3703 2098 3763 homines
2119 3707 2409 3765 liberaret:
2429 3710 2509 3766 sic
2535 3719 2590 3766 et
2616 3726 2718 3781 pro
2738 3713 2910 3769 salute
2931 3714 3257 3784 daemonum,
3279 3721 3446 3775 Deum

1852 3794 2085 3851 futurum
2105 3797 2247 3867 quod
2262 3808 2386 3854 sunt
2403 3799 2479 3866 hi,
2494 3800 2562 3854 ad
2580 3816 2714 3869 quos
2731 3811 2994 3856 venturus
3012 3815 3096 3858 est
3119 3808 3442 3865 liberandos.

1850 3883 2004 3950 Quod
2035 3900 2102 3939 ne
2127 3887 2346 3940 forsitan
2373 3887 2442 3942 de
2472 3899 2658 3942 nostro
2697 3904 2860 3944 sensu
2889 3900 3140 3959 putemur
3171 3910 3440 3964 asserere,

1852 3974 2020 4042 ipsius
2039 3975 2202 4030 verba
2233 3976 2476 4045 ponenda
2501 3986 2646 4033 sunt.
2675 3997 2693 4030 ‹
2721 3978 2870 4035 Sicut
2897 3983 3042 4036 enim
3072 3999 3168 4054 per
3195 3986 3441 4044 umbram

1852 4065 2154 4138 Evangelii,
2189 4069 2435 4124 umbram
2467 4069 2625 4140 Legis
2656 4073 2897 4142 implevit
2932 4094 2944 4129 :
2973 4077 3051 4130 sic
3082 4080 3206 4146 quia
3279 4080 3446 4152 830

1852 4157 2030 4211 omnis
2061 4157 2143 4210 lex
2183 4159 2524 4228 exemplum,
2565 4169 2619 4215 et
2662 4163 2849 4218 umbra
2883 4174 2964 4220 est
2991 4170 3440 4225 caeremoniarum

1852 4246 2176 4310 caelestium,
2227 4248 2538 4317 diligentius
2594 4253 3018 4322 requirendum,
3060 4269 3240 4315 utrum
3295 4270 3452 4318 recte

1853 4337 2214 4408 intelligamus
2268 4339 2467 4409 Legem
2519 4358 2733 4412 quoque
2784 4346 3102 4416 ctelestem,
3165 4361 3221 4407 et
3271 4367 3448 4410 ctero-

1853 4429 2063 4483 monias
2081 4430 2300 4499 superni
2321 4431 2500 4486 cultus
2529 4433 2913 4502 plenitudinem
2939 4454 3044 4494 non
3073 4441 3276 4500 habere
3305 4461 3319 4507 ;
3350 4447 3447 4503 sed

1853 4516 2098 4586 indigere
2127 4517 2404 4590 Evangelii
2432 4523 2678 4590 veritate,
2716 4525 2859 4596 quod
2892 4527 2943 4600 in
2973 4528 3196 4586 Joannis
3236 4534 3446 4602 Apoca-

1853 4609 1991 4682 lypsi
2037 4610 2385 4680 Evangelium
2418 4613 2644 4684 legimus
2689 4609 3096 4686 sempiternum,
3127 4621 3194 4676 ad
3219 4637 3447 4692 compa-

1854 4701 2116 4757 rationem
2146 4702 2398 4760 videlicet
2422 4703 2581 4775 hujus
2607 4708 2774 4761 nostri
2807 4709 3101 4779 Evangelii,
3131 4713 3272 4780 quod
3303 4723 3447 4770 tem-

1853 4793 2040 4861 porale
2074 4804 2174 4860 est,
2203 4804 2258 4850 et
2299 4797 2350 4851 in
2382 4797 2672 4852 transitura
2698 4798 2898 4854 mundo
2925 4814 2987 4854 ac
3015 4803 3213 4856 sacculo
3243 4804 3446 4873 prmdi-

1855 4893 2053 4940 catum.
2084 4885 2236 4954 Quod
2283 4887 2496 4955 quidem
2528 4890 2690 4942 etiam
2721 4891 2766 4944 si
2811 4907 2978 4961 usque
3013 4893 3082 4948 ad
3132 4896 3444 4963 passionem

1860 4976 2068 5031 Domini
2115 4975 2406 5033 Salvatoris
2451 4979 2724 5048 inquirere
2766 4983 3115 5049 Voluerimus,
3150 4986 3226 5058 (ε.)
3268 5001 3444 5058 quan-

1923 5125 2002 5198 (ὁ).
2028 5124 2236 5199 ἱξθειιιηι
2262 5127 2516 5199 exemplar
2531 5166 2544 5188 ,
2571 5143 2660 5180 nec
2683 5137 2867 5184 tantum
2888 5134 3047 5197 fecere
3065 5139 3278 5199 peccati,
3304 5145 3357 5191 ut
3378 5142 3449 5192 ad

1857 5185 1964 5236 loca
1977 5185 2220 5296 'inﬁeriara
2242 5200 2351 5259 qua:
2371 5185 2641 5250 incolimus,
2669 5201 2762 5243 etc.

1922 5249 1991 5296 (cl
2078 5250 2152 5296 inc
2170 5247 2314 5296 faeile
2337 5249 2586 5296 intellims
2609 5254 2722 5296 nnid
2761 5276 2762 5296 :

1922 5249 1992 5323 (pc).
2028 5247 2152 5323 illinc
2170 5247 2314 5323 facile
2337 5249 2586 5319 intelligas
2609 5247 2851 5323 quid-sibi
2889 5255 3102 5323 voluerit
3141 5259 3451 5323 Theophilus

1858 5306 2078 5376 Paschali
2120 5310 2166 5376 _l.
2210 5322 2319 5376 cum
2359 5306 2937 5376 somniasse'Drigenem
2981 5306 3453 5376 dixit—dsistam";

1857 5367 2043 5444 animis
2065 5369 2130 5444 qd
2156 5371 2361 5444 cretum,
2382 5376 2428 5420 et
2450 5367 2785 5436 descendere:
2805 5383 2852 5427 et
2874 5389 3000 5428 nunc
3023 5367 3446 5444 ρὲὸῇεᾶπῖέξὶῆιζξ

1858 5429 1924 5478 ad
1943 5429 2176 5490 inferiora
2199 5426 2376 5480 delabi.

1928 5491 1996 5569 (d1
2036 5492 2117 5569 Sic
2140 5494 2496 5569 restitui‘muse
2519 5495 2635 5569 Mss.
2666 5496 2882 5569 aliisque
2897 5500 3106 5564 vulgatis
3140 5517 3250 5569 cum
3268 5520 3443 5569 penes

1859 5551 2347 5630 Martiagzeum_esset
2365 5589 2400 5630 ε,
2412 5562 2562 5630 quam
2584 5564 2634 5606 ut
2658 5551 2912 5630 ronse'quj,
2955 5551 3010 5612 εἶ
3029 5551 3460 5630 maxim—libriin:

1927 5609 1985 5676 (ej
2024 5609 2536 5686 Hunc‘tocumﬁr'aeco
2561 5631 2624 5686 ex
2657 5609 2911 5686 textu'sic'
2934 5609 3447 5686 reiii'gmiﬁi"iiiiiii

1761 5747 1773 5752 _
1796 5750 1800 5754 '
1856 5673 2032 5726 manus
2055 5676 2202 5740 epist.
2227 5675 2288 5727 ad
2310 5676 2505 5730 Menam
2528 5677 2660 5732 olib.
2685 5681 2733 5733 4.
2754 5696 2834 5747 περι
2855 5673 3448 5754 ἀρχθηέἰέᾲίιῖἆέιῖἇῧξο
