4026 6186
128 188 265 246 1075

129 312 223 368 tim
252 315 486 364 meretur
509 305 694 361 audire
717 301 911 359 :Amen
931 298 1045 352 dico
1067 295 1154 350 tibi
1179 309 1196 349 :
1220 292 1369 348 hodie
1393 307 1586 345 mecum
1607 289 1704 343 eris

128 407 181 457 in
214 402 450 474 paradiso
473 399 622 471 (Luc.
655 396 744 451 23.
769 392 884 463 45).
911 389 1074 446 J‘udas
1095 388 1161 443 de
1191 382 1529 455 Apostolatus
1559 379 1703 474 fasti;

129 471 239 563 gio,
286 496 337 549 in
368 494 444 564 (a)
473 489 781 562 perditionis
811 495 1065 541 tartarum
1095 480 1310 543 labitur,
1337 485 1392 532 et
1419 489 1520 531 nec
1549 471 1704 564 famis

133 585 250 638 liari
260 595 366 639 tate
381 582 628 643 convivii,
647 595 746 635 nec
763 577 1112 633 instinctione
1124 570 1398 635 buccellae,
1417 582 1518 623 nec
1534 563 1704 622 osculi

131 677 301 746 gratia
337 676 611 744 frangitur,
635 688 701 728 ne
727 671 876 742 quasi
906 669 1178 725 hominem
1207 664 1402 727 tradat,
1427 675 1584 731 quem
1611 657 1704 713 Fi—

132 766 265 820 lium
299 767 389 820 Dei
421 772 659 819 noverat.
691 762 828 831 Quid
871 759 1206 817 Samaritana
1247 753 1447 809 vilius?
1473 750 1587 806 Non
1617 763 1706 803 soa-

129 856 242 910 lum
287 856 398 924 ipsa
443 853 690 921 credidit,
735 861 789 908 et
817 860 938 922 post
982 865 1074 905 sex
1120 848 1274 903 viros
1309 859 1471 900 unum
1501 838 1708 896 invenit

129 946 417 1000 Dominum
445 986 461 1010 ,
489 943 838 1013 Messiamque
858 942 1106 1013 cognovit
1131 940 1200 995 ad
1224 939 1444 1002 fontem,
1467 949 1625 1006 quem
1652 933 1707 987 in

128 1036 360 1106 Templa
386 1035 692 1091 Judieorum
721 1035 948 1105 populus
980 1031 1258 1103 ignorabat
1284 1049 1296 1084 :
1321 1027 1414 1084 sed
1445 1035 1498 1082 et
1521 1032 1708 1080 auctor

127 1128 190 1182 fit
219 1126 410 1182 salutis
450 1127 759 1191 multorum,
803 1136 856 1181 et
888 1124 1154 1195 Apostolis
1191 1121 1492 1178 ementibus
1517 1118 1666 1173 cibos
1689 1157 1704 1182 ,

126 1221 457 1278 esurientem
505 1219 675 1275 reﬁcit
702 1262 718 1287 ,
763 1220 1067 1287 lassumque
1106 1223 1370 1270 sustentat
1402 1211 1581 1284 (Iona.
1625 1210 1705 1278 4).

126 1315 268 1382 Qttid
317 1315 607 1370 Salomone
677 1312 1012 1382 sapientius?
1069 1312 1312 1363 Attamen
1384 1305 1548 1376 993
1621 1303 1707 1355 in-

129 1407 364 1461 fatuatur
407 1405 680 1460 amoribus
725 1404 1002 1458 mulierum
1025 1401 1100 1474 ('5.
1127 1401 1253 1471 Reg.
1283 1401 1367 1454 Η.
1398 1398 1475 1468 1).
1504 1400 1706 1450 Bonum

130 1507 213 1550 est
230 1495 642 1564 sal,nullumque
659 1493 976 1546 sacrificium
1004 1493 1202 1560 absque
1227 1490 1381 1558 hujus
1400 1487 1710 1556 aspersione

131 1585 422 1654 suscipitur
461 1582 606 1655 (Leu.
655 1581 736 1654 2).
789 1581 939 1636 Unde
983 1590 1038 1636 et
1079 1579 1365 1649 Apostolus
1412 1575 1704 1645 praecepit:

132 1677 312 1731 Sermo
343 1685 500 1729 vester
521 1691 718 1745 semper
743 1676 795 1728 in
825 1675 990 1744 gratia
1009 1673 1114 1727 sale
1138 1674 1202 1726 sit
1231 1671 1460 1723 conditus
1488 1669 1708 1739 (Coloss.

131 1769 186 1822 4.
214 1769 289 1836 6).
323 1766 472 1833 Quod
497 1767 540 1819 si
563 1765 872 1827 infatuatur,
906 1763 1047 1819 foras
1080 1763 1357 1833 projicitur
1383 1762 1578 1832 (Marc.
1608 1757 1664 1830 8)
1693 1799 1708 1824 ,

133 1859 187 1912 in
223 1867 529 1927 tantumque
573 1857 747 1927 perdit
792 1856 1020 1910 nominis
1058 1855 1387 1924 dignitatem,
1440 1861 1495 1906 ut
1539 1867 1606 1905 ne
1656 1851 1710 1904 in

133 1948 528 2018 Sterquilinium
552 1947 761 2017 quidem
783 1947 909 2000 utile
934 1947 1024 2010 sit,
1051 1960 1157 2014 quo
1180 1947 1356 1998 solent
1375 1939 1710 1997 credentium

132 2053 260 2090 arva
288 2037 514 2103 condiri,
537 2046 592 2092 et
607 2036 792 2090 sterile
816 2037 1114 2089 animarum
1142 2035 1316 2087 solum
1338 2032 1707 2102 pinguescere.

135 2128 260 2182 ilzcc
285 2127 533 2192 dicimus,
556 2136 614 2181 ut
643 2127 811 2195 prima
843 2136 916 2191 te,
948 2126 1018 2178 fili
1043 2125 1282 2190 Rustice,
1310 2124 1483 2179 fronte
1511 2123 1710 2177 docea-

133 2234 274 2282 mus,
309 2233 497 2288 magua
537 2217 779 2287 cepisse,
827 2225 881 2270 et
923 2215 1134 2269 excelsa
1178 2215 1403 2278 sectari;
1433 2222 1488 2268 et
1531 2211 1714 2266 adole-

133 2310 378 2374 scentiar,
398 2309 505 2361 imo
525 2307 820 2376 pubertatis
843 2305 1106 2360 incentiva
1123 2304 1438 2368 calcantem,
1463 2301 1714 2374 perfectae

134 2400 351 2469 quidem
380 2401 550 2454 aetatis
594 2399 816 2470 gradum
857 2399 1114 2453 scandere
1148 2414 1160 2450 :
1194 2397 1286 2452 sed
1314 2397 1572 2452 lubricum
1614 2397 1716 2452 iter

137 2506 281 2557 esse,
319 2505 414 2558 per
441 2490 583 2559 quod
611 2491 905 2560 ingrederis
931 2505 945 2552 ;
978 2504 1076 2543 nec
1105 2503 1324 2543 TANTUII
1355 2502 1504 2550 SEQUl
1535 2487 1715 2558 gloriae

142 2593 264 2653 post
288 2583 590 2649 victoriam,
619 2593 876 2652 quantum
904 2581 1208 2649 ignominiae
1239 2590 1358 2649 post
1387 2580 1615 2634 ruinam.

212 2673 266 2726 2.
299 2673 415 2728 Non
439 2673 568 2727 mihi
602 2689 740 2727 nunc
764 2689 859 2743 per
881 2674 1136 2727 virtulnm
1160 2681 1308 2743 prata
1340 2673 1614 2727 ducendus
1634 2680 1718 2726 est

141 2765 346 2822 rivulus
375 2782 388 2818 :
422 2780 518 2818 nec
544 2765 916 2832 laborandum,
947 2773 1002 2818 ut
1025 2765 1305 2819 ostendam
1330 2765 1420 2818 tibi
1450 2765 1717 2818 variorum

143 2854 593 2925 pulchritudinem
627 2854 815 2908 florum
851 2872 866 2907 :
901 2855 1026 2924 quid
1061 2855 1112 2908 in
1144 2871 1202 2909 se
1230 2856 1336 2909 lilia
1364 2855 1594 2909 habeant
1625 2869 1720 2922 pu-

142 2947 334 3012 ritatis,
366 2945 490 3016 quid
537 2961 657 3001 rosa
700 2948 1037 3002 verecundiae
1079 2947 1365 3016 possideat,
1401 2947 1533 3016 quid‘
1566 2946 1718 3001 violze

144 3052 372 3107 purpura
401 3037 673 3104 promittat
718 3038 768 3091 in
801 3053 985 3105 regno,
1016 3037 1143 3107 quid
1176 3038 1509 3092 rutilantium
1553 3053 1717 3106 spon-

145 3125 267 3180 deat
293 3127 497 3194 pictura
519 3141 871 3196 gemmarum.
895 3127 1011 3181 Jam
1030 3129 1193 3192 enim,
1214 3129 1446 3198 propitio
1470 3129 1716 3196 Domino,

143 3218 332 3270 stivam
365 3225 536 3271 tenes.
563 3217 680 3271 Jam
712 3225 908 3272 tectum
940 3228 1098 3289 atque
1128 3219 1381 3294 solarium
1411 3234 1530 3272 cum
1562 3219 1720 3274 Petro

144 3310 402 3378 Apostolo
431 3309 786 3365 conscendisti
815 3327 830 3375 ;
863 3311 949 3380 qui
982 3311 1224 3366 esuriens
1254 3313 1305 3366 in
1334 3312 1552 3378 Judteis,
1583 3311 1720 3367 Cor-

144 3400 269 3454 nelii
299 3409 571 3454 saturatur
600 3401 705 3455 fide
730 3419 744 3466 ;
772 3411 826 3456 et
854 3401 1048 3457 famem
1077 3403 1460 3458 incredulitatis
1486 3419 1670 3459 eorum
1702 3445 1718 3472 ,

143 3493 376 3562 gentium
405 3495 754 3548 conversione
780 3495 1064 3565 restinguit
1098 3513 1112 3550 :
1141 3496 1298 3566 atque
1326 3497 1376 3550 in
1400 3512 1524 3552 vase
1549 3497 1722 3551 Evan-

143 3585 406 3652 geliorum
457 3584 853 3654 quadrangulo,
898 3587 1038 3656 quod
1071 3586 1137 3641 de
1165 3588 1304 3642 caelo
1333 3588 1609 3643 descendit
1652 3590 1719 3644 ad

145 3684 366 3737 terram,
396 3674 638 3736 docetur,
665 3687 718 3732 et
749 3678 907 3731 discit
935 3693 1122 3732 omnes
1153 3679 1398 3734 homines
1429 3695 1585 3749 posse
1611 3679 1720 3733 sal-

147 3769 282 3822 vari.
313 3769 650 3839 Rursumque
665 3771 804 3840 quod
829 3771 1054 3836 viderat,
1073 3771 1124 3825 in
1151 3772 1330 3839 specie
1355 3772 1720 3827 candidissimi

145 3858 480 3913 linteaminis
497 3859 546 3912 in
569 3875 797 3928 superna
830 3861 1167 3922 transfertur,
1183 3871 1235 3915 et
1251 3862 1581 3916 credentium
1606 3871 1721 3916 tur-

143 3949 267 4003 bam
301 3949 368 4004 de
387 3950 543 4004 terris
567 3950 630 4003 ad
661 3951 854 4004 caelum
886 3955 1026 4019 rapit
1052 3970 1064 4004 :
1100 3962 1154 4005 ut
1182 3954 1490 4020 pollicitatio
1514 3955 1723 4009 Domini

143 4041 478 4108 compleatur
505 4057 518 4091 :
546 4038 694 4091 Beati
716 4041 903 4093 mundo
925 4040 1076 4093 corde
1117 4056 1134 4093 :
1171 4043 1408 4110 quoniam
1435 4044 1534 4112 ipsi
1562 4043 1726 4097 Deum

143 4131 386 4184 uidebunt
407 4127 620 4197 (Matth.
648 4128 702 4181 5.
727 4129 805 4197 8).
832 4129 1020 4183 'f‘otum
1045 4130 1184 4199 quod
1206 4133 1540 4201 apprehensa
1567 4149 1727 4188 manu

146 4221 425 4274 insinuare
456 4217 550 4270 tibi
581 4217 738 4287 cupio
757 4259 772 4283 ,
805 4217 953 4286 quod
979 4221 1128 4289 quasi
1170 4220 1358 4275 doctus
1399 4230 1579 4289 nauta,
1609 4231 1730 4291 post

147 4309 318 4364 multa
367 4307 662 4377 naufragia,
695 4307 882 4363 rudem
925 4323 1093 4364 conor
1119 4311 1385 4367 instruere
1416 4322 1683 4367 vectorem
1710 4353 1726 4381 ,

145 4399 279 4454 illud
331 4407 433 4461 est,
463 4407 522 4453 ut
565 4403 618 4453 ln
648 4415 756 4470 quo
804 4399 983 4456 littore
1021 4400 1292 4470 pudicitiae
1337 4403 1505 4473 pirata
1534 4406 1604 4460 sit
1632 4402 1727 4476 [aL

145 4495 316 4564 pirata
336 4490 457 4563 sint]
485 4491 736 4558 noveris;
768 4492 858 4546 ubi
885 4490 1206 4566 Charybdis,
1237 4504 1290 4551 et
1312 4497 1461 4550 radix
1492 4497 1728 4551 omnium

144 4585 415 4638 malorum
443 4582 701 4647 avaritia;
733 4583 822 4636 ubi
851 4585 1063 4654 Scyllaei
1095 4586 1514 4642 obtrectatorum
1545 4603 1726 4654 canes,

146 4676 216 4729 de
247 4673 442 4742 quibus
463 4673 753 4742 Apostolus
775 4674 1010 4744 loquitur
1035 4694 1049 4730 :
1082 4675 1163 4728 Ne
1189 4679 1470 4734 mordentes
1495 4681 1727 4745 invicem,

144 4775 328 4816 mutuo
401 4763 566 4834 934
634 4767 997 4819 consumamini
1035 4765 1232 4836 (Galat.
1265 4769 1342 4836 5),
1385 4771 1650 4840 quomodo
1677 4771 1730 4824 in

145 4856 330 4909 media
382 4855 762 4924 tranquillitate
803 4859 997 4922 securi,
1030 4857 1242 4930 Lybicis
1273 4861 1537 4917 interdum
1578 4863 1732 4917 vitio-

145 4962 270 5000 rum
305 4943 548 5015 Syrtibus
571 4948 897 5014 obruamur;
928 4949 1054 5019 quid
1075 4964 1456 5006 venenatorum
1493 4955 1732 5009 animan-

148 5042 310 5102 tium,
347 5036 615 5091 desertum
645 5038 802 5109 hujus
831 5041 1012 5096 saeculi
1053 5042 1254 5096 nutriat
1281 5039 1378 5117 [al.
1423 5043 1616 5099 deserta
1654 5045 1733 5100 his

147 5124 427 5198 uult-iant].

225 5223 280 5277 5.
327 5218 644 5290 Navigantes
681 5221 922 5276 Rubrum
961 5237 1138 5290 mare,
1191 5223 1250 5278 ih-
1292 5238 1404 5296 quo
1445 5225 1730 5295 optandum

152 5317 311 5370 nobis
339 5321 444 5382 est,
472 5322 532 5368 ut
571 5328 730 5370 verus
760 5315 970 5370 Pharao
992 5330 1118 5370 cum
1153 5328 1252 5372 suo
1281 5327 1551 5388 mergatur
1577 5332 1734 5374 exer-

225 5466 292 5531 ta)
331 5466 572 5542 Victorius
592 5470 760 5542 maluit.
779 5472 1066 5534 proditionis
1083 5512 1097 5534 ,
1125 5487 1240 5542 quae
1269 5475 1417 5542 lectio
1449 5481 1596 5530 proba
1635 5482 1735 5542 ipsa

231 5530 234 5531 '
283 5541 360 5600 ne
385 5535 492 5598 est:
519 5530 977 5606 elegantius-tamen
996 5543 1048 5585 et
1070 5530 1269 5608 verius,
1294 5546 1350 5612 tit
1373 5539 1489 5610 lies.
1515 5530 1696 5592 habent
1716 5577 1732 5603 ,

151 5543 444 5642 perﬂatum
457 5595 695 5642 ιωτανωιι
710 5593 885 5642 duntur
902 5635 916 5642 -
941 5610 1100 5642 mm.
1127 5599 1426 5642 m‘odzlmms-

457 5595 695 5642 Win
710 5593 885 5646 dicitur
902 5635 916 5658 ,
941 5610 1100 5660 quam,
1127 5593 1426 5660 proditionis.

1405 191 1420 206 °
1445 173 1770 232 EPISTOLA
1808 171 2016 228 CXXV.

3247 189 3386 245 1074

1809 287 1939 355 citn,
1989 287 2170 343 multis
2194 287 2594 346 difficultatibus
2622 305 2684 347 ac
2721 292 2972 362 periculis
3000 295 3066 351 ad
3096 296 3170 372 (b)
3196 283 3382 358 urbem

1810 378 2108 433 Auxumam
2164 382 2504 449 perveniunt.
2567 383 2810 453 Utroque
2855 388 2907 440 in
2957 387 3137 445 littore
3187 390 3386 447 Gentes

1808 485 1975 540 vagze,
2006 472 2113 528 imo
2141 472 2331 529 bellua:
2359 474 2596 530 habitant
2627 475 2988 534 ferocissimte.
3023 482 3248 553 Semper
3276 485 3385 538 Scl-

1808 559 1964 626 llciti,
2015 577 2230 635 semper
2270 567 2480 634 armati,
2530 569 2697 624 totius
2745 572 2870 624 anni
2911 571 3117 626 veltunt
3164 576 3381 632 cibaria.

1810 648 2126 708 Latentibus
2157 655 2302 711 saxis
2326 657 2582 728 vadisque
2607 658 2907 715 durissimis
2938 663 3093 732 plena
3123 673 3246 718 sunt
3274 683 3388 720 om-

1811 743 1919 807 nia,
1951 745 2028 799 ita
2065 753 2123 800 ut
2165 745 2234 818 (c)
2267 749 2590 818 speculator,
2615 759 2668 805 et
2711 750 2899 806 doctor
2927 753 2980 806 in
3027 768 3231 808 summa
3265 759 3388 811 mali

1811 833 2003 890 arbore
2028 836 2232 902 sedeat,
2275 847 2332 893 et
2367 839 2489 894 inde
2514 842 2784 911 regendze,
2815 852 2870 896 et
2912 845 3389 902 circumﬂectendae

1811 925 1967 980 navis
1994 928 2189 981 dictata
2220 930 2496 998 przedieet.
2528 929 2678 988 Felix
2706 949 2896 989 cursus
2941 947 3041 1002 est,
3074 937 3118 991 si
3151 949 3270 1007 post
3297 955 3388 993 sex

1813 1033 2028 1073 menses
2080 1024 2388 1090 supradich
2417 1024 2566 1080 urbis
2609 1035 2820 1094 portttm
2870 1035 3114 1094 teneant,
3144 1045 3170 1082 a
3201 1045 3306 1099 quo
3333 1045 3391 1084 se

1814 1109 2000 1178 incipit
2026 1113 2236 1180 aperire
2257 1113 2498 1170 Oceanus
2526 1131 2539 1180 ;
2571 1131 2664 1186 per
2685 1133 2839 1188 quem
2862 1120 2946 1172 vix
2975 1135 3114 1173 anno
3137 1132 3390 1189 perpetuo

1815 1200 1880 1254 ad
1915 1201 2112 1255 Indiam
2144 1209 2476 1273 pervenitur,
2510 1217 2564 1262 et
2591 1208 2657 1262 ad
2699 1208 2934 1278 Gangem
2968 1210 3182 1265 ﬂuvium
3211 1212 3390 1283 (quem

1816 1293 2014 1349 Phison
2056 1295 2250 1351 Sancta
2297 1299 2568 1368 Scriptura
2597 1304 3005 1372 commemorat)
3037 1304 3124 1372 qui
3152 1303 3394 1358 circumit

1818 1393 1980 1439 totam
2039 1395 2232 1440 terram
2286 1389 2454 1456 Evila‘,
2489 1401 2542 1444 et
2574 1392 2736 1446 multa
2768 1407 2958 1460 genera
3007 1393 3391 1462 pigmentorum

1818 1477 1887 1532 de
1915 1479 2147 1546 paradisi
2176 1480 2375 1535 dlcitur
2401 1482 2548 1536 fonte
2567 1483 2849 1538 devehere.
2885 1483 2983 1539 Ubi
3016 1485 3252 1539 nascitur
3278 1501 3396 1540 car-

1816 1567 2100 1636 bli'iCUiUS,
2134 1579 2188 1625 et
2216 1573 2567 1642 smaragdos;
2599 1582 2654 1628 et
2681 1576 2963 1645 margarita
2993 1577 3295 1643 candentia,
3343 1587 3396 1631 et

1817 1663 2065 1724 uniones,
2099 1665 2292 1731 quibus
2322 1666 2578 1718 nobilium
2614 1666 2928 1720 feminarum
2959 1669 3107 1721 ardet
3132 1669 3352 1722 ambitio
3380 1686 3390 1722 :

1818 1763 2133 1821 monteSque
2154 1757 2324 1821 aurci,
2349 1771 2483 1824 quos
2505 1757 2654 1811 adire
2681 1769 2900 1827 propter
2919 1759 3173 1829 gryphas,
3202 1769 3252 1812 ct
3274 1761 3397 1813 dra-

1816 1859 1998 1903 cones,
2025 1855 2076 1898 et
2095 1847 2473 1901 immensorum
2497 1864 2780 1917 corporum
2808 1861 3066 1915 monstra,
3095 1853 3398 1910 hominibus

1817 1934 2145 2003 impossibile
2168 1946 2247 1990 est
2278 1955 2291 1989 :
2323 1948 2377 1991 ut
2403 1940 2717 1995 ostendatur
2734 1943 2910 2009 nobis,
2941 1945 3126 2013 quales
3149 1947 3398 2003 custodes

1819 2026 2010 2082 habeat
2040 2031 2282 2082 avaritia.

1889 2119 1942 2171 4.
1975 2119 2239 2183 Quorsum
2270 2121 2414 2174 ista?
2447 2122 2792 2192 Perspicuum
2821 2136 2941 2193 est,
2971 2129 3014 2182 si
3043 2131 3399 2199 negotiatores

1821 2211 1997 2264 saeculi
2051 2220 2193 2264 tanta
2237 2213 2521 2278 sustinent,
2562 2225 2616 2267 ut
2645 2217 2709 2270 ad
2755 2217 2987 2273 incertas
3032 2223 3401 2292 periturasque

1823 2301 2034 2356 divitias
2055 2303 2389 2369 perveniant,
2410 2314 2463 2359 et
2482 2315 2694 2361 servent
2722 2324 2842 2362 cum
2864 2311 3052 2364 animm
3071 2311 3397 2380 discrimine,

1822 2406 1941 2460 qua)
1974 2391 2154 2445 multis
2187 2393 2437 2460 periculis
2466 2397 2813 2464 quazsierunt,
2846 2399 2971 2468 quid
2999 2401 3195 2456 Christi
3237 2421 3400 2474 nego-

1822 2483 1999 2536 tiatori
2049 2482 2347 2538 faciendum
2377 2495 2478 2550 est,
2515 2488 2602 2555 qui
2634 2489 2870 2542 venditis
2899 2494 3148 2546 ()llllllltllS
3174 2496 3361 2560 quaerit
3386 2539 3400 2563 ,

1824 2575 2265 2643 pretiosissimum
2295 2579 2674 2649 margaritum?
2693 2584 2780 2650 qui
2804 2583 2930 2636 totis
2959 2584 3268 2640 substantize
3294 2603 3403 2643 suae

1825 2667 2010 2733 Opibus
2032 2668 2161 2720 emit
2187 2683 2392 2737 agrum,
2422 2670 2472 2722 in
2497 2686 2603 2738 quo
2630 2672 2860 2740 reperiat
2881 2673 3213 2744 thesaurum,
3234 2693 3394 2748 quem

1823 2771 1923 2812 nec
1956 2757 2039 2811 fur
2061 2757 2316 2823 effodere,
2344 2776 2450 2815 nec
2476 2762 2611 2814 latro
2640 2765 2807 2832 possit
2836 2765 3090 2820 auferre?

1895 2850 1946 2904 5.
1981 2849 2105 2904 Scio
2148 2866 2233 2906 me
2276 2851 2598 2907 ofl‘ensurum
2645 2870 2764 2909 esse
2809 2858 3262 2927 qttamplurimos,
3315 2862 3403 2930 qui

1825 2942 2128 3012 generalem
2157 2942 2222 2997 de
2249 2944 2390 2998 vitiis
2425 2944 2861 3012 diSpututiouem,
2896 2949 2946 3001 iu
2990 2965 3139 3004 suam
3168 2952 3408 3007 referunt

1825 3033 2229 3098 contumeliam;
2306 3034 2471 3107 335'
2541 3047 2592 3090 et
2616 3036 3227 3108 dummihiirascuntur,
3255 3058 3404 3098 suam

1825 3127 2063 3181 iudicant
2107 3129 2488 3183 conscientiam
2518 3148 2528 3182 :
2554 3131 2826 3200 multoque
2855 3133 3004 3199 pejus
3030 3132 3096 3187 de
3123 3149 3181 3188 se
3201 3175 3216 3200 ,
3236 3150 3404 3205 quam

1826 3218 1894 3273 de
1927 3234 2011 3274 nte
2037 3218 2296 3288 jtttlicant.
2329 3219 2441 3282 Ego
2469 3221 2609 3275 enim
2649 3223 2918 3276 neminem
2949 3224 3236 3278 nominabo
3266 3242 3279 3282 :
3307 3242 3407 3280 nec

1826 3309 2024 3363 veteris
2059 3310 2346 3365 Comoedia“:
2374 3312 2583 3366 licentia
2615 3321 2787 3367 certas
2813 3329 3066 3383 personas
3096 3316 3286 3385 eligam
3325 3325 3407 3370 at-

1827 3415 1930 3469 quc
1959 3403 2330 3471 perstringam.
2365 3402 2666 3459 PRUDENTIS
2692 3421 2798 3459 vtnt
2825 3421 2945 3471 esr,
2969 3421 3031 3461 ac
3069 3408 3408 3477 prudentium

1827 3491 2164 3559 feminarum,
2205 3493 2575 3561 dissimulare,
2608 3497 2716 3550 imo
2759 3497 3045 3552 emendare
3088 3500 3228 3570 quod
3258 3500 3309 3555 in
3351 3515 3410 3557 se

1827 3581 2151 3652 intelligunt,
2190 3593 2243 3639 et
2273 3584 2531 3652 indignari
2571 3587 2669 3640 sibi
2717 3589 2883 3657 magis
2913 3604 3068 3658 quam
3113 3591 3280 3657 mihi;
3312 3610 3411 3649 nec

1828 3673 1880 3727 itt
1921 3677 2239 3730 monitorem
2285 3677 2562 3732 maledicta
2610 3692 2917 3747 congerere.
2951 3680 3051 3747 Qui
3095 3682 3194 3736 etsi
3221 3683 3407 3741 iisdem

1896 3899 1968 3959 (ὁ)
1988 3899 2202 3963 veteres
2223 3897 2406 3963 librarii
2421 3912 2598 3963 vocem
2614 3911 2881 3950 Auxwtmm
2903 3903 3015 3963 quid
3039 3905 3134 3954 sibi
3157 3907 3288 3955 velle
3313 3922 3408 3958 non

1831 3958 2039 4005 assecuti
2061 3994 2074 4014 ,
2101 3958 2360 4007 alamimam
2378 3994 2390 4014 ,
2415 3959 2537 4007 facili
2563 3958 2830 4008 litterarum
2855 3958 3118 4012 mutatione
3143 3969 3408 4018 substitue-

1831 4025 1973 4090 runt,
2016 4020 2096 4066 Sic
2121 4025 2282 4066 tamen
2305 4020 2599 4092 depravatus
2625 4020 2767 4092 locus
2805 4035 3002 4092 crucem
3043 4024 3145 4084 figit
3168 4027 3409 4092 Hierony-

1833 4081 2003 4146 mianis
2023 4087 2140 4146 ante
2164 4092 2256 4146 nos
2276 4080 2546 4146 editoribus
2567 4119 2580 4136 ,
2605 4081 2720 4132 dum
2743 4085 2872 4146 varia
2894 4080 3278 4146 comme‘t'ttauwr
3298 4128 3312 4146 ,
3355 4080 3412 4140 ut

1833 4154 1943 4204 quae
1963 4139 2509 4204 intelligendasiturbs
2532 4143 2635 4191 lure
2660 4143 2884 4204 innxium,
2913 4142 3170 4196 divinando
3185 4139 3406 4202 doce-ant.

1835 4200 2142 4267 Martianteus
2162 4200 2226 4248 de
2250 4201 2403 4267 vitata
2428 4207 2804 4267 interpretatur,
2843 4200 2969 4267 quod
3007 4209 3054 4255 in
3089 4207 3235 4258 Libro
3259 4200 3409 4261 Loco-

1835 4276 1943 4312 tum
1965 4263 2024 4312 ad
2047 4262 2169 4329 banc
2190 4275 2362 4329 vocem
2386 4264 2490 4329 haec
2513 4262 2738 4329 lcgantur
2758 4300 2773 4324 ,
2809 4262 2934 4318 ιυὶυιί
2972 4269 3128 4318 Rubro
3144 4307 3158 4329 ,
3198 4273 3325 4322 unde
3347 4289 3411 4324 ea:

1834 4330 2034 4395 ﬂagitio
2058 4321 2611 4395 inmdiumAntwigqtur.
2673 4321 2767 4395 alii
2806 4329 3061 4395 illi}:ii(3i0rl
3102 4321 3408 4395 conjec-tura:

1837 4383 2042 4455 Rabbayt
2069 4383 2366 4455 intelligunt,
2379 4383 2504 4446 quod
2528 4386 2632 4455 liter.
2654 4387 2840 4455 civitas,
2867 4390 3162 4455 Hieronymo
3187 4383 3334 4455 't'este,
3361 4383 3410 4446 in

1837 4458 1944 4507 cap.
1980 4446 2057 4495 23.
2098 4445 2407 4514 Ezechielis,
2451 4447 2645 4554 proprie
2685 4448 2786 4521 hoc.
2818 4445 3083 4522 appelletur
3125 4445 3334 4524 turmine.
3354 4445 3412 4510 ob

1837 4505 2243 4554 tnatmttttdmem.
2273 4507 2447 4554 Rubbut
2466 4521 2481 4554 t
2504 4521 2630 4554 enun
2655 4518 2865 4554 Manum
2885 4513 3080 4554 dmmr-
3146 4517 3246 4554 tvm
3269 4532 3406 4554 Inpn-

1837 4505 2243 4568 magnitudinem,
2273 4505 2481 4557 Rabbath
2504 4505 2630 4557 enim
2654 4505 2865 4562 .tlaa‘imd
2882 4505 3080 4561 dicitur.
3146 4505 3246 4565 Nos
3269 4505 3406 4567 men;

1835 4566 1949 4615 dum
1974 4572 2022 4616 ln
2059 4570 2160 4629 ipso
2185 4566 2413 4618 VOcabttlt)
2443 4571 2623 4619 cubare
2655 4575 2956 4629 sentientes,
2999 4587 3267 4625 mxumam
3305 4566 3413 4629 εοε-

1836 4630 2094 4694 ﬁgendum
2118 4629 2375 4694 duximus),
2405 4645 2518 4681 cum
2543 4645 2606 4680 ex
2631 4636 2792 4694 magni
2814 4637 2904 4683 viri
2925 4635 3070 4692 Lucze
3093 4637 3334 4688 Holstenii
3362 4645 3411 4692 in

1837 4687 2135 4755 Stephanum
2157 4687 2469 4755 Byuntinum
2496 4696 2621 4740 notis
2643 4687 3200 4755 coﬁiecturam'nusttam
3234 4687 3411 4752 firmari

1836 4751 2114 4818 didicimus,
2129 4760 2183 4801 ut
2199 4751 2364 4818 veram
2388 4753 2644 4802 lectionem
2653 4751 2902 4818 reponere
2923 4769 2984 4804 ex
3006 4759 3112 4818 ejus
3127 4751 3412 4812 auctoritate

1837 4826 1934 4862 non
1977 4814 2180 4882 amplius
2219 4815 2567 4863 dubitaremus.
2642 4813 2766 4882 _Erat
2812 4817 2994 4880 quippe
3032 4813 3227 4882 intumo
3254 4860 3268 4882 ,
3333 4826 3410 4873 vel

1837 4873 2100 4940 dum,»
2129 4874 2299 4940 Graece
2336 4886 2510 4940 Αὐεοῡμρ
2528 4914 2540 4932 ,
2580 4873 2658 4940 vel
2679 4873 2848 4936 Αὐεωμιξ
2881 4873 3024 4940 regia
3048 4881 3162 4933 olim
3185 4873 3413 4934 Ha’bessi-

1836 4950 2006 4998 porum
2032 4938 2180 4998 urbs,
2209 4938 2452 4998 totiusque
2476 4936 2636 4996 Regni
2659 4936 2979 4998 metmpolis',
3008 4949 3062 4991 ut
3083 4943 3341 4996 Nannenus
3364 4950 3410 4996 in

1834 4997 2064 5047 Biblioth.
2080 4996 2241 5044 Photii
2256 5009 2300 5044 c.
2380 4998 2446 5069 ait
2456 5007 2768 5069 ,Α’ρξρῡμιεπωεις
2781 4996 2862 5069 μέλ
2876 4996 3022 5062 μετῆ
3038 5017 3098 5054 ,αι
3110 5020 3183 5053 οων
3198 5021 3411 5069 mw,“

1836 5075 1903 5122 τῆς
1927 5070 2011 5115 ὅλης
2032 5070 2244 5114 Αιοιοπίας,
2286 5064 2339 5122 et
2349 5065 2425 5122 _ut_
2449 5057 2604 5122 globus
2636 5057 2933 5122 Διοςιιιιιιιηὶεί
2964 5057 3168 5114 testatur
3186 5057 3207 5122 ,’
3232 5057 3324 5116 sita
3364 5057 3411 5118 id

1838 5113 2219 5186 decimoquartp
2244 5119 2510 5186 et_tlimidio
2531 5114 2684 5186 gradu
2705 5113 2968 5186 latitudinis
2995 5139 3070 5185 set
3087 5113 3410 5186 lenti-tonans;

1839 5192 1934 5228 nec
1947 5177 2388 5250 .uisi‘quadraginta
2419 5177 2634 5249 quinque
2665 5179 2820 5250 leucis
2851 5177 3144 5250 bugmi'cis
3168 5177 3410 5243 distans}

1838 5241 1958 5288 mari
1983 5238 2178 5302 Rubro;
2202 5238 2340 5302 cujus
2360 5238 2836 5302 insigne'emporium
2859 5245 3004 5295 fuisse
3022 5249 3159 5296 tradit
3174 5238 3414 5300 Arrianus

1841 5302 1890 5349 in
1915 5299 2100 5362 periplo
2123 5299 2271 5348 maris
2291 5299 2511 5349 Erithrici
2532 5337 2546 5359 ,
2584 5299 2771 5352 ut'non
2811 5308 2928 5355 tanti
2953 5307 3168 5357 facienda
3194 5310 3412 5360 videatur

1843 5359 2176 5427 ea‘dilﬂ'eultas
2195 5397 2209 5420 ,
2234 5362 2360 5427 quod
2377 5375 2407 5427 _a
2431 5365 2549 5410 mari
2586 5364 2677 5413 hoc
2716 5366 2972 5418 intervallo
3001 5371 3158 5427 absit,
3199 5385 3307 5420 cum
3331 5359 3412 5421 re-

1840 5421 1974 5492 liqua
1993 5423 2150 5492 munia
2173 5421 2283 5484 quae
2305 5423 2416 5472 heic
2437 5433 2763 5475 memorantur
2783 5466 2796 5485 ,
2825 5429 2871 5476 ei
2894 5443 3125 5492 perquam
3150 5421 3281 5482 bene
3305 5451 3392 5483 con

1841 5487 2047 5533 veniant.

1904 5545 1972 5622 ge)
2009 5545 2161 5622 magis
2182 5545 2398 5622 placeret
2419 5544 2594 5622 (iactor
2608 5585 2622 5607 ,
2645 5553 2768 5622 sive,
2793 5558 2845 5602 ut
2869 5553 3114 5605 Victorius
3130 5556 3272 5619 legit,
3307 5567 3396 5622 Spe

1841 5605 2024 5657 ευιαωι·
2046 5607 2214 5657 doctus
2233 5607 2323 5656 sed
2343 5605 2670 5661 renitentibus
2693 5605 2788 5663 ne.
