4026 6186
627 240 768 302 1075

625 367 873 416 teneatur
892 355 1222 418 criminibus,
1261 357 1407 405 certe
1431 344 1483 402 in
1508 360 1576 402 eo
1599 343 1790 406 melior
1813 352 1917 412 est,
1945 345 2088 417 quod
2107 360 2201 401 sua

626 451 675 509 ei
707 453 848 508 mala
877 465 980 504 non
1019 447 1248 516 placent.

701 546 753 600 6.
786 541 960 598 Audio
997 538 1299 607 religiosam
1326 533 1526 591 habere
1556 541 1607 589 te
1633 540 1882 600 matrem,
1912 530 2204 587 multorum

627 647 886 691 annorum
915 629 1150 694 viduam,
1179 640 1298 698 qua:
1322 626 1474 691 aluit,
1506 640 1626 696 qua:
1653 623 1882 681 erudivit
1905 622 2202 678 infantem:

624 740 688 779 ac
715 731 835 794 post
863 721 1036 777 studia
1057 719 1370 788 Galliarum,
1397 734 1516 790 quae
1538 719 1625 775 vel
1649 717 2028 773 ﬂorentissima
2056 722 2201 783 sunt,

622 816 767 872 misit
810 815 1056 878 Romam,
1085 828 1192 867 non
1223 826 1449 882 parcens
1477 810 1798 881 sumptibus,
1827 819 1882 865 et
1909 807 2203 864 absentiam

621 907 738 975 filii,
767 921 864 977 spe
901 907 1173 961 sustinens
1217 904 1514 959 futurorum
1541 921 1556 969 ;
1583 912 1640 958 ut
1679 901 1976 958 ubertatem
2017 895 2206 955 Gallici

531 979 545 1000 ’
619 1001 957 1071 nitoremque
980 999 1264 1064 sermonis,
1289 999 1518 1068 gravitas
1543 996 1780 1051 Romana
1801 994 2081 1050 condiret:
2105 1007 2205 1048 nec

620 1095 919 1150 calcaribus
946 1095 1001 1150 in
1047 1103 1119 1161 te,
1151 1093 1244 1148 sed
1289 1091 1472 1146 framis
1499 1098 1760 1156 uteretur,
1796 1087 1938 1158 quod
1965 1094 2019 1140 et
2047 1087 2097 1140 in
2123 1085 2206 1140 di-

619 1187 930 1242 sertissimis
971 1185 1100 1238 viris
1140 1182 1360 1238 Grmcite
1406 1181 1652 1251 legimus,
1691 1178 1768 1248 (a)
1809 1176 1899 1248 qui
1947 1175 2202 1230 Asianum

622 1291 886 1336 tumorem
909 1280 1086 1334 Attico
1107 1277 1381 1333 siccabant
1401 1275 1532 1339 sale,
1555 1283 1612 1328 et
1632 1272 1961 1326 luxuriantes
1982 1268 2204 1339 flagellis

617 1375 826 1440 vineas,
861 1373 1088 1428 falcibus
1112 1369 1506 1441 reprimebant,
1539 1376 1597 1422 ut
1622 1365 1940 1436 eloquentize
1969 1365 2204 1419 torcula-

616 1467 717 1531 ria,
742 1481 847 1520 non
878 1464 1164 1519 verborum
1189 1461 1473 1532 pampinis,
1492 1458 1586 1514 sed
1608 1472 1882 1524 sensuum,
1901 1455 2052 1526 quasi
2080 1469 2206 1509 uva-

616 1573 758 1624 rum,
777 1555 1212 1628 expressionibus
1238 1551 1618 1609 redundarent.
1635 1549 1782 1604 Hanc
1806 1557 1863 1603 tu
1887 1547 2120 1616 suspice,
2148 1551 2206 1600 ut

616 1659 894 1718 parentem
927 1667 940 1702 ε
970 1664 1112 1712 ama,
1132 1657 1190 1703 υι
1209 1646 1472 1702 nutricem
1502 1659 1519 1704 ζ
1549 1657 1829 1706 venerare,
1853 1649 1912 1694 ιιι
1939 1650 2199 1696 sanctam.

617 1739 728 1795 Nec
757 1741 982 1794 aliorum
1011 1739 1236 1793 imiteris
1265 1735 1591 1807 exemplum,
1615 1732 1706 1803 qui
1730 1732 2036 1802 relinquunt
2054 1743 2200 1797 suas,

618 1841 673 1887 et
702 1833 906 1887 alienas
954 1840 1254 1901 appetunt:
1284 1844 1509 1900 quorum
1552 1827 1786 1883 dedecus
1827 1825 1879 1879 in
1923 1823 2203 1893 propatulo

615 1931 735 1987 est,
769 1923 867 1978 sub
893 1922 1196 1992 nominibus
1239 1919 1314 1992 (b)
1344 1909 1556 1990 pietatis
1580 1917 1929 1988 quaerentium
1957 1921 2204 1984 suspecta

620 2006 1076 2069 consortiaﬂNovi
1101 2027 1200 2082 ego
1221 2010 1480 2080 quasdam
1516 2009 1625 2078 jam
1658 2006 1963 2063 maturioris
1985 2006 2157 2061 aetatis
2183 2045 2199 2072 ,

618 2116 673 2161 et
695 2105 974 2176 plerasque
995 2103 1229 2158 libertini
1251 2101 1463 2173 generis
1481 2099 1908 2156 adolescentibus
1925 2097 2198 2162 delectari,

615 2204 669 2250 et
717 2195 854 2249 filios
903 2209 1144 2264 quaerere
1189 2191 1496 2262 spirituales
1538 2209 1552 2244 :
1593 2190 1954 2260 paulatimque
2000 2187 2203 2257 pudore

613 2274 888 2356 superato,
921 2299 1018 2355 per
1064 2283 1184 2338 ﬁcta
1214 2293 1447 2338 matrum
1475 2282 1691 2338 nomina
1739 2293 2021 2348 erumpere
2049 2278 2105 2332 in
2133 2275 2201 2331 li-

613 2371 842 2426 centiam
873 2368 1194 2424 maritalem.
1226 2367 1362 2422 Alia:
1399 2380 1614 2422 sorores
1643 2364 1878 2434 virgines
1902 2366 2155 2417 deserunt
2181 2401 2198 2427 ,

614 2473 668 2519 et
691 2461 927 2517 externis
950 2461 1122 2516 viduis
1142 2461 1484 2529 copulantur.
1509 2457 1645 2514 Sunt
1665 2472 1783 2526 qua:
1799 2454 2028 2511 oderunt
2047 2467 2196 2519 suos,

613 2562 670 2609 et
699 2568 802 2608 non
832 2566 1052 2609 suorum
1083 2552 1366 2620 palpantur
1395 2548 1588 2603 ali‘ectu
1617 2565 1630 2602 :
1659 2562 1885 2617 quarum
1913 2543 2200 2615 impatien-

612 2647 708 2712 tia,
756 2645 917 2701 index
961 2644 1148 2710 animi,
1193 2642 1393 2698 nullam
1437 2640 1630 2710 recipit
1671 2639 2112 2702 excusationem;
2145 2643 2202 2691 et

612 2753 766 2797 cassa
818 2738 887 2809 (c)
933 2736 1276 2808 impudicitiae
1315 2736 1643 2801 velamenta,
1689 2733 1840 2804 quasi
1882 2744 2200 2786 aranearum

615 2832 703 2888 fila
739 2831 1042 2900 disrumpit.
1088 2829 1284 2884 Videas
1324 2826 1614 2883 nonnullos
1654 2823 1910 2881 accinctis
1934 2822 2153 2878 renibus
2181 2863 2198 2890 ,

612 2923 756 2995 pulla
788 2923 985 2987 tunica,
1027 2921 1192 2976 barba
1233 2920 1439 2990 prolixa
1459 2960 1474 2985 ,
1503 2935 1532 2973 a
1564 2917 1874 2973 mulieribus
1909 2931 2016 2972 non
2043 2930 2202 2986 posse

613 3015 915 3080 discedere,
949 3013 1048 3069 sub
1077 3012 1264 3068 eodem
1295 3025 1514 3067 manere
1544 3016 1708 3076 tecto,
1730 3007 1887 3064 simul
1911 3008 2046 3064 inire
2073 3020 2203 3062 con-

617 3109 778 3174 vivia,
805 3107 1025 3163 ancillas
1046 3105 1273 3177 juvenes
1305 3103 1503 3159 habere
1530 3102 1585 3157 in
1629 3100 1949 3167 ministerio,
1980 3107 2036 3154 et
2059 3113 2200 3169 prm-

617 3211 700 3256 ter
729 3200 1041 3256 vocabulum
1114 3199 1278 3270 936
1347 3196 1692 3266 nuptiarum,
1725 3193 1904 3248 omnia
1929 3206 2050 3248 esse
2087 3205 2204 3246 ma-

620 3293 884 3347 trimonii.
916 3290 1028 3346 Nec
1050 3289 1166 3343 haec
1209 3288 1364 3360 culpa
1414 3296 1498 3344 est
1535 3285 1828 3342 Christiani
1871 3283 2123 3348 nominis,
2155 3283 2202 3339 si

618 3384 898 3438 simulator
936 3380 1206 3450 religionis
1250 3379 1304 3432 in
1351 3379 1478 3433 vitio
1526 3378 1596 3432 sit
1625 3394 1642 3432 :
1671 3377 1913 3448 quinimo
1957 3375 2202 3431 confusio

617 3474 915 3543 gentilium,
955 3488 1076 3525 cum
1122 3486 1183 3524 ea
1227 3469 1407 3524 vident
1451 3468 1706 3524 Ecclesiis
1747 3467 2054 3538 displicere,
2082 3480 2203 3536 quae

619 3562 866 3617 omnibus
896 3560 1054 3614 bonis
1081 3574 1185 3612 non
1221 3559 1448 3625 placent.

694 3655 746 3708 7.
808 3653 940 3706 Boni
992 3651 1233 3706 Monac/ti
1283 3650 1518 3720 officiunt.
1572 3678 1644 3689 —
1690 3648 1771 3702 Tu
1816 3662 1946 3704 vero
1987 3652 2034 3702 si
2082 3663 2201 3704 m0-

621 3743 826 3799 nachus
866 3757 985 3799 esse
1030 3742 1134 3810 vis,
1180 3756 1286 3796 non
1332 3740 1537 3809 videri,
1581 3739 1777 3796 habeto
1820 3754 2044 3806 curam,
2095 3755 2203 3795 non

621 3835 700 3888 rei
743 3833 1040 3901 familiaris,
1087 3831 1174 3887 cui
1219 3830 1595 3898 renuntiando,
1637 3829 1741 3886 hoc
1789 3843 1910 3886 esse
1949 3829 2156 3901 cmpisti
2183 3870 2201 3898 ,

621 3924 718 3980 sed
769 3925 962 3980 animae
1019 3932 1149 3979 tuae.
1205 3923 1451 3979 Βοιιυιωις
1506 3936 1700 3978 vssrss
1753 3921 1994 3977 candidae
2046 3937 2202 3978 men-

621 4017 693 4073 tis
740 4016 933 4072 indicia
983 4015 1092 4071 sint
1137 4032 1152 4068 :
1196 4015 1318 4069 vilis
1379 4013 1557 4069 tunica
1605 4020 1970 4083 contemptum
2018 4012 2203 4069 surculi

622 4110 813 4178 probet
841 4125 855 4160 :
886 4109 956 4161 ita
985 4107 1267 4172 duntaxat,
1298 4121 1366 4160 ne
1393 4105 1603 4160 animus
1633 4114 1853 4171 tumeat,
1883 4119 1952 4159 ne
1990 4102 2202 4158 habitus

623 4212 910 4268 sermoque
939 4195 1279 4252 dissentiant.
1312 4193 1628 4251 Balnearum
1660 4195 1896 4250 fomenta
1921 4208 2028 4248 non
2057 4208 2203 4263 quae-

622 4295 727 4355 rat,
758 4287 851 4356 qui
890 4286 1125 4340 calorem
1150 4285 1424 4355 corporis,
1450 4285 1775 4354 jejuniorum
1823 4284 1969 4354 cupit
2004 4283 2203 4352 frigore

623 4379 956 4446 extinguere.
983 4377 1113 4443 Quae
1140 4386 1194 4429 et
1232 4377 1346 4444 ipsa
1371 4375 1645 4429 moderata
1672 4375 1798 4440 sint,
1828 4389 1897 4428 ne
1923 4373 2088 4428 nimia
2108 4373 2203 4428 de-

626 4469 836 4526 bilitent
861 4465 1218 4528 stomachum,
1239 4473 1292 4520 et
1315 4465 1572 4535 majorem
1600 4466 1946 4523 refectionem
1968 4481 2201 4537 poscen-

623 4561 718 4629 tia,
751 4566 1033 4626 erumpant
1069 4556 1122 4610 in
1151 4555 1489 4620 cruditatem,
1517 4569 1637 4623 quae
1682 4569 1876 4624 parens
1921 4555 2201 4612 libidinum

624 4663 727 4710 est.
761 4653 999 4706 Mootcus
1021 4661 1086 4702 ac
1115 4653 1442 4716 temperatus
1479 4643 1630 4698 cibus
1658 4652 1712 4698 et
1738 4644 1884 4698 carni
1915 4654 1970 4700 et
2010 4647 2202 4704 anima:

625 4745 772 4802 utilis
796 4751 896 4800 est.
931 4740 1156 4796 Matrem
1180 4737 1252 4794 ita
1277 4737 1418 4805 vide,
1451 4750 1519 4791 ne
1547 4749 1643 4805 per
1671 4734 1814 4789 illam
1853 4735 1985 4792 alias
2021 4737 2202 4795 videre

689 4899 756 4964 (a)
792 4894 978 4946 Recole
999 4893 1124 4957 apud
1147 4891 1496 4964 Quintilianum
1514 4888 1600 4939 lib.
1619 4888 1695 4940 12.
1719 4902 1826 4953 cap.
1852 4889 1928 4941 10.
1955 4890 2201 4955 exempla,

621 4952 910 5024 Ciceronem
933 4952 1469 5024 quoquenipioratore.‘
1607 5012 1629 5024 ⁸
1685 5012 1715 5024 ῃ
1774 4952 1783 5024 ξ

686 5023 759 5085 (ιν)
794 5012 964 5090 Acuta
1005 5012 1233 5090 δήεςίιιδι
1255 5014 1549 5090 Agamus:
1581 5012 2202 5090 festissimvmeeeinum

659 5075 782 5133 ciuis
801 5121 814 5145 ,
838 5083 921 5144 qui
943 5075 1156 5130 caritatis
1173 5115 1187 5134 ,
1226 5075 1550 5138 sive’pietatis
1570 5076 1774 5125 obtentu
1797 5113 1810 5135 ,
1850 5075 2069 5124 illicitum
2092 5089 2202 5126 cum

659 5146 814 5167 ...ξλεμ
872 5137 1238 5167 Μηι-ξιιηκηζιηη
1295 5136 1514 5167 funal-vnn
1594 5137 1647 5167 In
1704 5136 1901 5167 nniclnlo
1948 5135 2078 5167 ΥῩΙῘ
2142 5137 2201 5167 od

619 5135 818 5194 feminis
855 5135 1241 5192 ’conuibernium
1295 5135 1535 5186 furiabant.
1594 5137 1648 5184 In
1704 5136 1904 5197 epistola
1947 5135 2097 5186 XXII,
2141 5137 2204 5187 ad

619 5205 940 5257 Eustochium
959 5206 1279 5266 Agapetarum
1301 5204 1480 5262 pestem
1504 5205 1641 5247 vocat
1677 5197 2034 5261 Nazianzenus;

870 5289 903 5338 ἡ
925 5299 1044 5350 irati
1067 5311 1132 5335 σου
1154 5297 1214 5334 καὶ
1234 5293 1392 5342 nivem
1411 5298 1520 5332 τοῦτο
1542 5293 1586 5332 τὸ
1609 5293 1736 5342 «quas

872 5365 933 5411 φιῡ
952 5388 962 5405 ,
983 5365 1044 5410 9:5
1065 5360 1114 5408 μή
1136 5372 1172 5396 τι
1194 5357 1255 5407 In
1279 5357 1339 5394 διαὶ
1360 5359 1490 5407 μιαρᾶς
1511 5355 1660 5404 ἀγάπης.

626 5437 679 5480 et
723 5437 886 5479 auctor
931 5429 1040 5478 libri
1085 5429 1149 5476 de
1191 5424 1536 5488 Singularitate
1569 5423 1895 5488 clericorum:
1949 5421 2200 5488 «nudam,

623 5493 813 5551 inquit,
855 5491 1120 5551 foeditatem
1151 5483 1436 5551 velamento
1473 5485 1817 5551 boninominis
1837 5491 2047 5551 tegunt,
2087 5483 2203 5532 dum

623 5545 749 5609 apud
775 5545 860 5598 eos
881 5552 972 5598 sub
994 5549 1110 5598 falsa
1131 5549 1392 5609 dilectione
1411 5583 1436 5609 ,Α
1450 5559 1568 5609 vera
1587 5545 1788 5609 dilectio
1808 5545 2028 5609 violatur.
2047 5560 2070 5589 ι

630 5605 670 5676 ν’
690 5608 759 5667 (c)
791 5609 1034 5658 Victorius
1056 5609 1255 5672 praefert
1272 5605 1557 5673 ριιάὶὀίιὶω,
1593 5619 1705 5669 quas
1747 5605 1896 5657 lectio
1935 5606 2203 5669 incongrua

627 5676 730 5728 Ipsa
749 5681 944 5731 quoquo
965 5683 1059 5718 non
1082 5679 1174 5721 est.

1937 227 2181 285 SANCTI
2219 229 2593 288 HIERONYMI

3788 235 3934 293 i076

2316 348 2524 416 cogaris
2553 366 2565 401 :
2593 362 2817 418 quarum
2844 349 3019 419 vultus
3039 349 3208 420 .cordi
3242 358 3333 405 tuo
3362 350 3641 417 haereant,
3688 351 3769 405 Et
3799 355 3931 406 taci-

2315 449 2418 492 tum
2434 441 2563 494 vivat
2593 441 2684 495 sub
2721 452 2920 510 pectore
2947 445 3128 499 vulnus
3150 444 3391 518 (Δὶηείὀ.
3413 446 3499 514 4).
3525 444 3792 500 Ancillas
3813 462 3927 518 qua:

2311 531 2390 587 illi
2415 532 2469 587 in
2506 533 2765 604 obsequio
2791 545 2936 604 sunt,
2968 539 3228 597 tibiscias
3253 553 3376 595 esse
3417 541 3472 594 iu
3503 540 3778 606 insidiis;
3808 544 3923 612 quia

2313 635 2511 695 quanto
2538 629 2695 684 vilior
2725 631 3184 700 earum,conditio,
3212 642 3358 687 tanto
3387 633 3607 689 facilior
3631 645 3726 690 est
3746 610 3959 689 ruinr/

2312 717 2383 774 Et
2409 720 2645 778 Joannes
2675 723 2928 796 Baptista,
2949 735 3186 798 sanetam
3214 735 3441 781 matrem
3474 726 3697 794 habuit,
3736 728 3922 783 Pcuti-

2313 812 2537 885 ficisque
2568 815 2710 870 filius
2738 828 2890 884 erat;
2918 827 2982 884 et.
3016 829 3193 874 tamen
3221 835 3319 874 nec
3346 821 3539 875 matris
3564 820 3798 884 affectu,
3830 836 3918 876 nec

2315 906 2482 973 patris
2508 908 2700 976 opibus
2739 910 3076 980 vincebatur,
3105 921 3163 965 ut
3193 912 3245 964 in
3270 912 3430 966 domo
3471 919 3770 982 parentum
3799 929 3914 967 cum

2313 998 2554 1065 periculo
2581 1000 2783 1055 viveret
2823 1003 3104 1068 castitatis.
3149 1001 3378 1057 Vivebat
3420 1003 3475 1057 in
3519 1018 3716 1058 eremo
3759 1003 3915 1071 (Luc.
3990 1006 3999 1071 ᾗ

2315 1088 2392 1160 l),
2423 1098 2476 1145 et
2500 1091 2667 1145 oculis
2693 1091 3125 1162 desiderantibus
3152 1093 3443 1159 Christum,
3473 1095 3613 1148 nihil
3641 1095 3801 1148 aliud
3841 1096 3915 1150 di-

2311 1179 2575 1250 gnabatur
2596 1183 2857 1251 aspicere.
2883 1183 3060 1256 Vestis
3077 1199 3284 1254 aspera,
3311 1199 3446 1240 zona
3469 1186 3728 1255 pellicea,
3762 1188 3912 1242 cibus

2312 1272 2554 1339 locustae,
2583 1274 2795 1344 melque
2819 1274 3069 1348 silvestre
3097 1275 3115 1344 (
3144 1274 3312 1330 Marc.
3343 1277 3366 1329 l
3410 1277 3452 1345 ),
3481 1276 3667 1330 omnia
3697 1278 3908 1344 virtuti,

2311 1374 2366 1419 et
2394 1366 2736 1422 continentia:
2783 1376 3100 1437 praeparata.
3151 1367 3273 1422 Filii
3304 1368 3696 1439 PrOphetarum
3753 1370 3911 1438 (quos

2311 1454 2608 1510 monachos
2638 1457 2692 1510 in
2722 1458 3261 1526 veteri,Testamento
3291 1458 3539 1528 legimus)
3561 1459 3910 1513 mdiﬁcabant

2312 1545 2414 1599 sibi
2461 1547 2671 1601 casulas
2715 1556 2934 1617 propter
2979 1548 3176 1608 fluenta
3205 1548 3472 1613 Jordanis,
3509 1557 3565 1604 et
3595 1549 3775 1603 turbis
3825 1566 3909 1604 ur-

2310 1635 2456 1691 bium
2483 1638 2775 1704 derelictis,
2805 1640 3040 1710 polenta,
3069 1649 3126 1710 et
3149 1638 3332 1695 herbis
3357 1640 3660 1710 agrestibus
3691 1641 3904 1695 victita-

2309 1727 2441 1783 bant
2465 1728 2540 1800 (l.
2594 1729 2718 1800 Reg.
2752 1730 2830 1800 6).
2859 1731 3123 1801 Qpamdiu
3169 1732 3220 1785 in
3248 1733 3416 1800 patria
3443 1745 3532 1786 tua
3563 1747 3653 1795 es,
3701 1732 3906 1788 habeto

2309 1819 2551 1874 cellulam
2581 1836 2677 1888 pro
2702 1821 2951 1892 paradiso
2984 1822 3170 1886 {varia
3196 1821 3590 1892 Scripturarum
3621 1837 3785 1892 poma
3815 1823 3904 1879 de-

2309 1925 2469 1982 cerpe
2498 1930 2511 1966 :
2537 1913 2625 1968 his
2665 1922 2819 1969 utere
2861 1914 3120 1989 deliciis:
3153 1914 3342 1969 harum
3382 1913 3558 1969 fruere
3586 1915 3896 1983 complexu.

2309 2001 2364 2057 Si
2381 2003 2706 2058 scandalizat
2723 2013 2773 2059 te
2789 1999 3132 2076 oculus,.pes,
3150 2020 3358 2070 manus,
3378 2006 3580 2076 projice
3594 2022 3658 2061 ea
3680 2005 3898 2076 (Matth.

2308 2091 2386 2164 5).
2415 2093 2558 2148 Nulli
2588 2109 2793 2164 parcas,
2824 2105 2881 2150 ut
2907 2096 3007 2167 soli
3053 2110 3238 2166 pareas
3267 2097 3478 2150 animae.
3524 2097 3628 2162 Qui
3674 2097 3858 2151 viderit
3879 2139 3893 2164 ,

2307 2183 2479 2253 inquit
2520 2185 2798 2253 Dominus,
2836 2187 3099 2251 mulierem
3140 2188 3209 2240 ad
3247 2188 3711 2257 concupiscendum
3745 2206 3893 2253 eam,

2305 2275 2414 2343 iam
2440 2277 2715 2332 moechatus
2743 2287 2814 2331 est
2853 2295 2963 2345 eam
2999 2279 3233 2346 inpurae
3267 2295 3380 2333 suo.
3427 2279 3553 2344 Quis
3593 2280 3898 2350 gloriabin

2307 2374 2500 2420 castum
2542 2383 2595 2421 se
2631 2366 2814 2421 habere
2837 2384 2934 2428 cor;
2967 2368 3148 2440 (Prov.
3175 2367 3265 2423 20.
3298 2367 3397 2438 9)?
3435 2371 3592 2422 Astra
3624 2385 3731 2425 non
3778 2379 3896 2424 sunt

2307 2458 2502 2512 munda
2535 2451 2586 2512 in
2618 2468 2915 2528 conspectu
2938 2461 3142 2532 Domini
3175 2477 3188 2514 :
3217 2467 3418 2529 quanto
3446 2460 3619 2530 magis
3645 2459 3892 2516 homines

2308 2548 2451 2628 (Job.
2493 2549 2584 2604 25.
2628 2550 2681 2604 5.
2716 2550 2792 2620 6),
2839 2565 3064 2619 quorum
3136 2552 3296 2622 937
3371 2552 3479 2607 vita
3511 2554 3742 2608 tentatio
3774 2553 3892 2608 est?

2307 2638 2400 2694 Va:
2426 2641 2601 2706 nobis,
2633 2643 2721 2710 qui
2748 2643 2957 2715 quoties
2986 2645 3434 2713 concupiscimus,
3467 2647 3628 2700 toties
3657 2646 3863 2702 fornica

2307 2748 2445 2788 mur.
2478 2731 2760 2788 Inebriatus
2787 2744 2875 2800 est,
2908 2735 3098 2806 inquit,
3118 2737 3319 2806 gladius
3339 2753 3481 2792 meus
3502 2739 3556 2791 in
3582 2740 3712 2793 celo
3741 2739 3889 2810 (Isai.

2307 2824 2395 2878 54.
2424 2823 2501 2894 5),
2531 2826 2698 2878 multo
2727 2825 2954 2897 amplius
2985 2825 3038 2880 in
3066 2834 3227 2892 terra,
3258 2843 3377 2896 quae
3399 2829 3605 2898 spinas,
3638 2838 3696 2882 et
3727 2830 3889 2883 tribu-

2306 2916 2388 2971 los
2413 2925 2653 2986 generat.
2688 2915 2794 2972 Vas
2820 2918 3116 2988 electiOnis,
3143 2919 3196 2972 in
3225 2918 3374 2988 cujus
3401 2935 3496 2974 ore
3535 2919 3788 2975 Christus
3813 2937 3891 2974 re-

2306 3008 2549 3075 sonabat,
2581 3017 2817 3063 macerat
2857 3025 3053 3086 corpus
3077 3024 3254 3078 suum,
3303 3019 3356 3064 et
3395 3010 3612 3080 subjicit
3649 3012 3887 3066 servituti

2307 3100 2386 3170 (1.
2419 3100 2536 3154 Cor.
2568 3099 2623 3155 9.
2667 3098 2798 3171 27);
2847 3109 2917 3174 et,
2945 3110 3120 3160 tamen
3163 3102 3335 3158 cernit
3377 3103 3677 3158 naturalem
3718 3105 3888 3158 carnis

2306 3190 2552 3246 ardorem
2580 3207 2690 3246 suae
2714 3207 3011 3262 repugnare
3037 3193 3339 3262 sententiae,
3369 3201 3426 3247 ut
3450 3194 3590 3263 quod
3618 3209 3728 3249 non
3759 3195 3884 3262 vult,

2308 3282 2411 3338 hoc
2435 3297 2594 3353 agere
2635 3284 3003 3354 compellatur,
3031 3293 3089 3344 et
3115 3285 3267 3355 quasi
3299 3283 3406 3338 vim
3437 3285 3664 3355 patiens,
3693 3286 3887 3342 vocife-

2307 3383 2475 3441 ratur,
2505 3383 2559 3430 et
2583 3374 2712 3430 dicit
2745 3393 2758 3429 :
2791 3374 2953 3448 Miser
2980 3391 3088 3446 ego.
3110 3375 3282 3443 homo,
3311 3376 3422 3446 quis
3461 3393 3540 3430 me
3569 3376 3803 3431 liberabit
3831 3378 3888 3432 de

2306 3483 2517 3537 corpore
2541 3467 2714 3520 mortis
2740 3467 2890 3537 hujus
2914 3468 3096 3544 (Rom.
3125 3467 3177 3522 7.
3198 3467 3330 3537 24)⁶3
3361 3469 3425 3522 Ει
3453 3476 3509 3522 tu
3537 3477 3591 3523 te
3619 3469 3888 3525 arbitraris

2307 3559 2506 3629 absque
2547 3559 2699 3628 lapsu
2738 3569 2793 3614 et
2839 3559 3078 3625 vulnere.
3103 3574 3261 3628 posse
3305 3559 3565 3626 transire,
3600 3561 3705 3614 nisi
3751 3561 3888 3615 omni

2307 3651 2547 3706 custodia
2571 3651 2865 3706 servaveris
2886 3665 2979 3724 eor
3006 3659 3176 3718 tuum,
3206 3661 3408 3708 etcum
3437 3652 3726 3707 Salvatore
3747 3654 3888 3708 dixe-

2306 3747 2382 3798 ris
2415 3759 2428 3795 :
2460 3741 2627 3796 Mater
2649 3758 2781 3808 mea,
2820 3751 2864 3795 et
2895 3743 3080 3812 fratres
3105 3742 3204 3796 mei
3233 3743 3285 3795 hi
3309 3750 3443 3808 sunt,
3469 3743 3556 3812 qui
3583 3748 3781 3813 faciunt
3810 3760 3886 3796 ro-

2308 3832 2551 3887 luntatem
2581 3832 2756 3888 Patris
2782 3834 2878 3887 mei
2899 3833 3110 3907 (Matth.
3146 3832 3233 3886 12.
3263 3833 3362 3896 50;
3389 3842 3436 3886 et
3468 3832 3644 3889 Marc.
3672 3835 3727 3888 5.
3759 3834 3885 3903 55)?

2307 3922 2610 3979 Crudelitas
2635 3923 2754 3988 ista,
2785 3924 2954 3996 pietas
2982 3933 3063 3980 est
3087 3940 3102 3990 ;
3135 3924 3242 3978 imo
3256 3924 3380 3993 quid
3407 3932 3513 3978 tam
3537 3927 3706 3993 pium,
3734 3940 3882 3994 quam

2307 4023 2508 4070 sancta:
2547 4015 2704 4070 matri
2729 4016 3173 4088 sanctumﬁlium
3202 4014 3515 4071 custodire?
3541 4015 3703 4086 Optat
3729 4029 3781 4072 et
3803 4019 3883 4072 illa

2307 4112 2360 4160 te
2382 4107 2642 4171 vivere,et
2661 4120 2765 4160 non
2784 4105 2964 4182 videre
2977 4105 3048 4166 ad
3063 4115 3586 4176 tempus,utsemper
3603 4122 3725 4162 cum
3743 4107 3818 4162 Ch
3827 4108 3888 4162 ri-

2305 4207 2389 4253 sto
2410 4197 2605 4254 videat.
2625 4200 2774 4254 Anna
2797 4199 3117 4266 Samttelem,
3141 4214 3248 4254 non
3271 4199 3392 4265 sibi,
3413 4199 3507 4253 sed
3520 4200 3884 4256 Tabernaculo

2305 4290 2488 4358 genuit
2511 4289 2587 4362 (l.
2615 4289 2747 4360 Reg.
2791 4289 2872 4358 2).
2906 4289 3027 4356 Filii
3052 4288 3316 4355 Ionadab,
3351 4290 3441 4360 qui
3483 4291 3690 4354 vinum,
3719 4299 3774 4343 et
3803 4292 3882 4344 si-

2306 4393 2485 4435 ceram
2530 4395 2637 4435 non
2667 4380 3079 4454 bibebant,.gui
3111 4379 3421 4436 habitabant
3449 4382 3501 4435 in
3539 4380 3798 4446 tentoriis,
3827 4391 3886 4437 et

2306 4486 2438 4541 quas
2483 4487 2587 4527 nox
2630 4459 2992 4544 compulerat,
3029 4472 3186 4545 sedes
3227 4473 3530 4540 habebant,
3579 4472 3886 4529 scribuntur

2306 4565 2359 4619 in
2385 4564 2462 4635 (ά)
2484 4564 2696 4620 Psalmo
2722 4563 3007 4634 (Psnl..70.
3029 4581 3130 4634 seq.
3158 4563 3354 4637 LXX),
3377 4567 3516 4636 quod
3538 4566 3696 4635 primi
3721 4565 3887 4635 capti-

2305 4654 2527 4710 vitatem
2571 4655 2936 4721 sustinuerint,
2977 4657 3072 4731 qui
3116 4656 3184 4711 ab
3231 4658 3460 4711 exercitu
3507 4655 3889 4711 Chaldmorum

2306 4753 2550 4800 vastante
2574 4745 2834 4813 Judzeam,
2877 4746 3038 4816 urbes,
3065 4747 3287 4804 introire
3309 4745 3558 4814 compulsi
3583 4755 3731 4799 sunt.

2375 4836 2429 4892 8.
2465 4834 2704 4891 Viderint
2745 4837 2831 4892 alii
2873 4838 2999 4907 quid
3037 4841 3284 4894 sentiant.
3325 4836 3693 4905 Unusquisque
3735 4840 3887 4894 enim

2305 4945 2405 4987 suo
2430 4944 2592 4986 sensu
2631 4930 2858 4986 ducitur.
2900 4932 3022 4996 MIHI
3049 4947 3282 4988 .OPPIDUI
3310 4943 3520 4994 carcer,
3555 4939 3611 4984 et
3650 4932 3886 4989 solitudo

2307 5023 2582 5094 paradisus
2599 5033 2700 5080 est.
2725 5023 2860 5091 Quid
2886 5023 3249 5095 desideramus
3278 5023 3482 5078 urbium
3507 5020 3884 5093 frequentiam,

2305 5119 2395 5188 qui
2430 5117 2497 5174 de
2539 5116 2900 5188 singularitate
2940 5117 3264 5171 censemur?
3290 5115 3498 5186 Moyses
3537 5123 3595 5168 ut
3634 5125 3886 5184 prmesset

2307 5211 2503 5282 populo
2530 5210 2856 5277 Iudaeorum,
2884 5207 3229 5279 quadraginta
3248 5209 3404 5261 annis
3427 5206 3669 5260 eruditur
3693 5208 3744 5260 in
3774 5221 3885 5261 cre-

2307 5319 2396 5360 mo
2422 5303 2618 5376 (Exod.
2665 5301 2719 5374 5)
2755 5319 2768 5357 :
2800 5309 2980 5373 pastor
3011 5301 3223 5367 ovium,
3271 5300 3549 5356 hominum
3598 5299 3769 5354 factus
3813 5307 3886 5354 est

2308 5531 2585 5592 inscribitur
2608 5531 2694 5589 ῖιαιν
2717 5546 2882 5598 Musas
2900 5549 2960 5586 ut
2979 5553 3049 5598 τιγ
3065 5551 3209 5595 epam
3223 5531 3584 5598 dWlm
3597 5561 3617 5598 -_
3626 5531 3887 5598 iuvius“.

2313 5587 2835 5670 ἓξίῖέὸὲῐιῆῖιὸηαᾷαιι,
2862 5587 2921 5661 'a
2958 5587 3175 5706 pribyr'am
3216 5587 3538 5655 ca'ptt'wrwn.
3601 5593 3709 5646 Vid.
3730 5587 3886 5658 Epist.

2313 5662 2484 5706 LVIII.
2511 5661 2569 5706 ad
2593 5660 2845 5706 Paulinum
2869 5670 2999 5706 num.
3059 5691 3071 5706 .
3095 5655 3187 5704 sub
3207 5654 3376 5706 tinem.

2370 5479 2450 5552 (ά).
2481 5478 2724 5551 Designat
2759 5475 2940 5526 Psalmi
2981 5475 3068 5523 70.;
3108 5470 3303 5522 titulum
3337 5474 3479 5534 juxta
3523 5469 3668 5543 LXX.
3694 5469 3886 5580 ‘quibus

2370 5543 2585 5580 :mlnlnr
2613 5554 2694 5580 um...
2717 5546 2882 5580 Ῐίιιναδᾶβ
2901 5549 2960 5580 ut
2979 5553 3049 5580 cm
3065 5551 3209 5580 {om
3223 5547 3607 5580 αινυιληιηαοίη-νο
3629 5546 3678 5580 In
3740 5531 3886 5580 uilli.

2313 5654 2484 5716 LVIII.
2511 5661 2569 5712 ad
2593 5660 2845 5710 Paulinum
2869 5654 2999 5707 num.
3022 5654 3071 5707 5.
3095 5655 3187 5704 sub
3207 5654 3376 5706 tinem.
