4026 6186
173 246 308 305 1077

170 394 354 456 pastor
380 382 529 457 (Luc.
560 382 614 440 5.
647 380 760 453 10).
786 377 1027 451 Apostoli
1052 378 1120 434 de
1142 376 1435 449 piscatione
1463 376 1610 432 lacus
1635 375 1753 433 Ce-'

172 475 443 539 nezareth,
468 473 533 528 ad
559 472 901 543 piscationem
922 470 1197 525 hominum
1222 469 1569 525 transierunt.
1599 468 1749 545 Tunc

172 558 265 638 fat.
294 568 379 637 qui
402 564 540 637 tunc]
571 565 827 619 habentes
856 571 1060 633 patrem
1081 603 1096 629 ,
1125 570 1239 618 rete
1259 603 1274 628 ,
1301 560 1601 617 naviculam
1622 601 1637 627 ,
1665 574 1751 615 se-

169 658 278 712 cuti
315 658 589 714 Dominum
614 697 628 720 ,
656 656 899 725 protinus
923 654 1101 709 omnia
1127 654 1486 725 reliquerunt,
1524 660 1748 722 portan-

169 756 253 802 tes
284 746 360 820 (a)
388 745 621 817 quotidie
648 760 862 801 crucem
901 759 1054 800 suam
1074 786 1090 813 ,
1121 752 1177 800 et
1210 759 1279 800 ne
1301 745 1503 814 virgam
1532 742 1747 813 quidem

167 839 223 894 in
250 854 405 893 manu
433 838 708 894 habentes.
736 837 863 893 Haec
885 837 1025 903 dico,
1052 846 1109 892 ut
1129 838 1289 892 etiam
1312 837 1355 890 si
1379 835 1672 891 Clericatus
1696 842 1748 890 te

166 932 346 985 titillat
377 931 721 999 desiderium,
752 932 925 987 discas
953 930 1092 1001 quod
1121 932 1295 1000 possis
1323 929 1553 995 docere;
1582 937 1636 985 et
1663 943 1749 984 ra-

165 1020 472 1076 tionabilem
520 1022 747 1077 hostiam
791 1022 984 1077 offeras
1016 1021 1227 1076 Christo
1256 1038 1269 1073 :
1302 1036 1370 1075 ne
1403 1020 1557 1075 miles
1594 1027 1747 1074 ante-

161 1127 324 1181 quam
357 1116 493 1180 tiro,
527 1129 594 1169 ne
634 1115 781 1183 prius
822 1113 1075 1183 magister
1101 1113 1173 1167 sis
1194 1153 1209 1178 ,
1240 1127 1398 1181 quam
1434 1112 1743 1181 discipulus.

158 1200 279 1257 Non
310 1212 392 1259 est
421 1203 730 1262 humilitatis
764 1219 932 1270 mete,
976 1219 1147 1274 neque
1181 1217 1483 1269 mensurae,
1508 1202 1746 1273 judicare

155 1291 230 1346 de
273 1293 531 1359 Clericis,
562 1303 617 1349 et
655 1295 723 1349 de
762 1294 1020 1348 ministris
1067 1294 1423 1348 Ecclesiarum
1470 1294 1743 1348 sinistrum

154 1384 434 1452 quippiam
465 1385 663 1440 dicere.
696 1385 937 1439 Habeant
981 1384 1056 1438 illi
1106 1383 1383 1449 ordinem,
1422 1394 1476 1439 et
1519 1384 1742 1453 gradum

155 1487 341 1537 suum,
365 1489 522 1543 quem
548 1476 594 1528 si
624 1476 877 1540 tenueris,
908 1475 1177 1545 quomodo
1248 1475 1412 1545 938
1484 1474 1576 1528 tibi
1607 1475 1658 1528 in
1679 1488 1746 1529 eo

157 1564 445 1619 vivendum
466 1566 555 1628 sit,
579 1565 752 1620 editus
774 1566 839 1619 ad
862 1565 1213 1634 Nepotianum
1236 1565 1372 1619 liber
1394 1566 1585 1635 (Epist.
1608 1565 1741 1633 LII),

156 1653 360 1709 docere
390 1662 441 1708 te
468 1655 681 1722 poterit.
713 1655 866 1709 Nunc
893 1655 1140 1709 monachi
1172 1655 1512 1723 incunabula,
1541 1672 1744 1712 mores-

154 1759 266 1815 que
295 1743 604 1799 discutimus
629 1762 643 1798 :
666 1746 855 1815 ctejus
882 1744 1148 1811 monachi,
1178 1746 1267 1814 qui
1299 1746 1607 1801 liberalibus
1631 1757 1744 1801 stu-

152 1835 262 1890 diis
291 1836 527 1890 eruditus
556 1836 610 1891 in
636 1835 1013 1904 adolescentia,
1042 1838 1227 1906 jugum
1256 1835 1453 1891 Christi
1478 1837 1617 1892 collo
1643 1852 1741 1892 suo

152 1929 434 1999 imposuit.

230 2019 287 2074 9.
313 2019 450 2074 Laus
468 2021 582 2075 vita:
599 2018 935 2076 Caenobiticw.
958 2049 1028 2061 â€”
1047 2018 1391 2090 Primumque
1409 2019 1739 2075 tractandum

152 2118 243 2165 cst
263 2152 277 2175 ,
310 2119 486 2166 utrum
518 2111 662 2165 solus
684 2153 699 2175 ,
725 2126 792 2165 an
822 2126 943 2166 cum
986 2111 1104 2166 aliis
1131 2112 1183 2165 in
1211 2111 1534 2166 monasterio
1562 2112 1741 2167 vivere

150 2203 378 2259 debeas.
423 2202 552 2257 Mihi
590 2203 804 2272 quidem
847 2203 1059 2272 placet,
1090 2210 1150 2256 ut
1191 2204 1388 2258 habeas
1424 2202 1738 2258 Sanctorum

148 2294 593 2361 contubernium,
620 2308 719 2349 nec
749 2294 863 2362 ipse
890 2302 943 2349 te
986 2294 1200 2359 doceas,
1229 2304 1282 2349 et
1307 2295 1508 2365 absque
1536 2294 1613 2367 (1)
1639 2294 1743 2351 duo

147 2393 307 2439 ctore
340 2383 655 2453 ingrediaris
680 2384 840 2449 viam,
872 2399 1031 2455 quam
1060 2400 1329 2456 nunquam
1358 2387 1628 2456 ingressus
1657 2401 1737 2455 es,

146 2477 443 2544 statimque
469 2475 561 2531 tibi
589 2476 642 2530 in
670 2485 874 2546 partem
907 2476 1132 2533 alteram
1159 2475 1530 2533 declinandum
1556 2480 1658 2546 sit,
1685 2487 1741 2535 et

148 2566 330 2622 errori
358 2574 561 2635 pateas,
593 2567 822 2637 plusque
847 2576 940 2623 aut
968 2568 1143 2624 minus
1172 2570 1435 2637 ambules,
1463 2586 1619 2642 quam
1647 2588 1742 2629 ne-

148 2669 308 2709 cesse
328 2663 442 2721 est;
468 2671 535 2711 ne
556 2665 648 2711 aut
666 2673 888 2713 currens
913 2659 1151 2721 lasseris,
1175 2667 1267 2714 aut
1288 2676 1492 2716 moram
1518 2663 1736 2731 faciens,

149 2745 481 2801 obdormias.
512 2747 569 2802 In
594 2748 880 2803 solitudine
906 2750 1013 2804 cito
1036 2750 1275 2821 subrepit
1294 2753 1541 2822 superbia
1572 2773 1584 2808 :
1612 2764 1667 2809 et
1692 2754 1739 2809 si

154 2854 447 2909 parumper
467 2839 805 2911 jejunaverit,
833 2842 1209 2913 hominemque
1229 2858 1335 2899 non
1357 2845 1568 2912 viderit,
1591 2855 1741 2917 putat

154 2944 221 2985 se
257 2930 484 3000 alicujus
522 2947 642 2987 esse
673 2934 929 2988 momenti
959 2951 974 2987 :
1002 2934 1306 3005 oblitusque
1333 2937 1451 3003 sui,
1478 2938 1619 2994 unde
1642 2980 1656 3004 ,
1684 2947 1740 2995 et

152 3038 266 3093 quo
294 3027 520 3090 venerit,
551 3025 691 3080 intus
716 3026 900 3094 corde,
935 3029 1107 3097 lingua
1146 3029 1274 3084 foris
1314 3041 1551 3101 vagatur.
1586 3032 1738 3089 Iudi-

148 3122 263 3180 cat,
287 3123 470 3171 contra
499 3113 738 3185 Apostoli
770 3118 1120 3179 voluntatem,
1150 3119 1553 3176 alienosservos
1585 3139 1599 3176 :
1632 3137 1738 3192 quo

145 3204 277 3274 gula
302 3206 567 3270 voluerit,
595 3207 818 3277 porrigit
845 3222 1057 3262 manum
1090 3225 1103 3261 :
1137 3208 1334 3265 dormit
1360 3221 1616 3282 quantum
1643 3229 1738 3269 voc

146 3295 316 3350 luerit
345 3312 359 3348 :
391 3296 594 3350 nullum
622 3306 867 3363 veretur,
908 3298 1035 3354 facit
1078 3300 1219 3371 quod
1260 3302 1516 3370 voluerit,
1549 3319 1737 3363 omnes

146 3384 438 3440 inferiores
460 3399 520 3441 se
547 3395 726 3456 putat,
751 3388 1101 3461 crebriusque
1130 3394 1183 3446 in
1210 3392 1465 3462 urbibus,
1494 3409 1652 3465 quam
1681 3398 1735 3454 in

145 3478 345 3533 cellula
372 3487 455 3533 cst
484 3495 498 3533 :
526 3488 581 3533 et
605 3480 747 3535 inter
774 3480 962 3536 fratres
987 3483 1201 3538 simulat
1224 3486 1622 3556 verecundiam,
1646 3490 1735 3559 qui

148 3568 449 3637 platearum
494 3569 662 3625 turbis
709 3570 999 3627 colliditur.
1031 3574 1167 3640 Quid
1208 3574 1400 3645 igitur?
1429 3578 1733 3636 Solitariam

142 3660 314 3714 vitam
355 3661 833 3731 reprehendimus?
876 3666 1093 3721 minime
1126 3684 1139 3720 :
1171 3669 1373 3741 quippe
1395 3685 1552 3741 quam
1591 3688 1735 3743 saepe

141 3750 505 3809 laudavimus.
551 3754 657 3809 Sed
700 3755 767 3809 de
806 3756 930 3811 ludo
972 3759 1449 3827 monasteriorum,
1482 3760 1733 3833 hujusce-

139 3844 299 3899 modi
326 3844 572 3900 volumus
597 3847 776 3915 egredi
804 3847 997 3902 milites
1015 3888 1031 3914 ,
1058 3864 1192 3918 quos
1228 3853 1395 3906 eremi
1428 3853 1560 3908 dura
1588 3856 1735 3911 rudi-

140 3946 330 3993 menta
357 3951 462 3991 non
487 3946 721 3991 terreant
744 3954 759 3989 :
782 3938 871 4006 qui
893 3938 1164 4006 specimen
1187 3945 1603 3999 conversationis
1622 3962 1733 4004 sua:

138 4028 320 4083 multo
346 4038 585 4095 tempore
603 4025 882 4080 dederint:
907 4027 996 4096 qui
1020 4028 1256 4081 omnium
1284 4028 1482 4085 fuerint
1504 4034 1730 4103 minimi,

138 4126 203 4171 ut
234 4118 397 4187 primi
419 4116 656 4170 omnium
682 4115 873 4170 fierent
897 4134 911 4170 :
930 4131 1064 4186 quos
1084 4132 1184 4173 nec
1202 4120 1407 4175 esuries
1425 4122 1728 4195 aliquando,

136 4223 244 4263 nec
265 4207 521 4263 saturitas
540 4208 810 4278 superavit
833 4226 847 4263 :
864 4210 954 4279 qui
980 4219 1288 4280 paupertate
1304 4212 1552 4269 laetantur
1568 4233 1583 4269 :
1601 4231 1733 4287 quo-

135 4313 266 4353 rum
299 4297 531 4364 habitus,
563 4311 763 4365 sermo,
795 4299 992 4366 vultus,
1034 4302 1295 4367 incessus,
1329 4302 1571 4359 doctrina
1610 4307 1733 4361 vir-

138 4396 324 4443 tutum
355 4397 437 4443 est
467 4406 482 4444 :
510 4389 597 4459 qui
626 4389 872 4444 nesciunt
902 4390 1194 4446 secundum
1223 4393 1481 4462 quosdam
1522 4393 1732 4463 ineptos

140 4481 432 4549 homines,
464 4480 766 4536 daemonum
799 4483 1142 4553 pugnantium
1170 4493 1357 4540 contra
1396 4501 1456 4541 se
1485 4495 1731 4557 portenta

136 4571 481 4643 contingere,
512 4582 570 4627 ut
597 4573 736 4644 apud
775 4574 1073 4643 imperitos,
1100 4585 1156 4631 et
1182 4577 1325 4648 vulgi
1356 4579 1598 4635 homines
1626 4580 1730 4634 mi-

135 4662 387 4718 raculum
418 4662 499 4717 sui
532 4663 747 4731 faciant,
785 4673 838 4719 et
866 4666 1058 4721 exinde
1086 4667 1230 4721 lucra
1258 4675 1549 4724 sectentur.

220 4754 314 4810 10.
345 4753 582 4811 Vidimus
610 4771 780 4825 nuper
803 4765 856 4812 et
881 4757 1200 4826 planximus,
1222 4758 1394 4822 Croesi
1420 4776 1552 4830 opes
1575 4762 1730 4817 unius

136 4855 329 4902 morte
364 4845 724 4916 deprehensas
768 4864 782 4900 :
815 4848 1066 4919 urbisque
1104 4849 1299 4919 stipes,
1340 4851 1488 4921 quasi
1518 4852 1573 4905 in
1604 4867 1730 4908 usus

135 4950 445 5009 pauperum
486 4945 859 5008 congregatas,
900 4938 1063 5009 stirpi,
1082 4947 1136 4994 et
1163 4940 1391 5008 posteris
1419 4940 1726 5000 derelictas.

214 5135 300 5198 (Î±Î»
326 5132 682 5198 Î™Î¹Î¹Î¹Î¹á½±á¾²Î¹Î¹Î¹Î¹Î¿Î¹Î¾á¾´á½¶Îµ
702 5134 877 5198 haberi
899 5140 1082 5198 tantum
1102 5134 1238 5195 juxta
1260 5131 1459 5198 antiqua
1480 5135 1729 5198 exempta-

140 5194 234 5246 riaâ€™
271 5194 417 5245 docet
454 5196 559 5258 ipse
581 5194 723 5258 Hier.
749 5196 801 5258 in
823 5208 937 5258 mox
977 5194 1313 5258 subnectenda
1336 5194 1493 5256 Epist.
1520 5194 1631 5258 12?.
1667 5198 1727 5247 ad

140 5258 443 5318 Principiam
468 5255 601 5305 num.
625 5256 709 5305 VI.
753 5256 814 5306 Et
837 5255 974 5318 locus
993 5255 1193 5318 quidem
1213 5256 1408 5305 videtur
1430 5257 1566 5304 innui
1588 5256 1731 5307 Luca

138 5320 194 5390 Îµ).
322 5315 408 5367 ubi
432 5318 878 5390 pleriqueeodices
900 5315 1199 5390 Grmeiuillud
1220 5330 1304 5367 ÎºÎ±Î¸â€™
1326 5331 1462 5390 Ws
1484 5319 1728 5379 omittunt,

140 5380 352 5441 Latinus
370 5412 385 5436 ,
409 5378 591 5441 aliique
614 5381 918 5441 interpretes
954 5378 1225 5441 exhibent;
1268 5380 1358 5427 sed
1402 5378 1470 5441 iu,
1496 5378 1731 5441 perquam

138 5438 292 5491 simili
336 5438 578 5498 sententia
617 5438 761 5498 sunt,
807 5441 890 5498 qui
934 5440 1311 5488 additamentum
1346 5439 1475 5488 istud
1497 5438 1731 5490 veterum

142 5497 562 5612 exfemllariorum
606 5504 665 5549 ad
710 5497 877 5551 Matth.
917 5499 994 5549 16.
1028 5500 1106 5548 24.
1142 5499 1223 5549 alii
1254 5500 1314 5548 ad
1346 5499 1491 5549 Lucae
1524 5502 1603 5549 14.
1650 5502 1727 5551 27.

142 5577 200 5612 re
221 5576 253 5611 e
370 5595 384 5608 .
1560 5611 1563 5612 ,

137 5568 384 5616 referant.
1560 5611 1564 5614 .

206 5625 283 5687 (1)
314 5623 483 5690 Antea
506 5630 629 5690 erat,
654 5624 865 5690 doctore,
900 5637 990 5689 pro
1020 5636 1120 5690 quo
1140 5622 1344 5677 Gravius
1365 5623 1485 5673 satis
1506 5624 1729 5688 apposite

140 5681 416 5756 legendum
437 5681 635 5739 ductore
655 5681 859 5739 monuit.

1519 241 1846 301 EPISTOLA
1882 241 2097 297 CXXV.

3295 257 3321 312 1
3332 256 3438 317 078

1850 373 2016 445 939
2087 373 2236 430 Tunc
2274 370 2348 444 (á½)
2386 373 2587 431 ferrum
2635 375 2777 446 quod
2821 377 3020 436 latebat
3052 381 3107 438 in
3136 385 3430 456 profundo,

1852 466 2216 534 supernatavit
2238 480 2410 537 aquae,
2437 473 2494 521 et
2528 466 2670 522 inter
2698 467 2995 537 palmarum
3020 473 3260 542 arbores,
3287 476 3432 532 Mer-

1851 556 1963 610 rha:
1992 558 2291 612 amaritudo
2318 567 2610 614 monstrata
2639 568 2743 614 est.
2784 560 2893 617 Nec
2923 562 3121 618 mirum
3154 583 3170 619 :
3194 568 3350 622 talem
3378 577 3437 624 et

1852 648 2058 702 socium
2085 657 2140 703 ct
2167 650 2476 719 magistrum
2508 650 2730 719 habuit,
2760 653 2850 722 qui
2887 656 3156 723 egentium
3198 658 3389 714 famem
3413 699 3434 728 ,

1851 751 1976 793 suas
2000 737 2127 794 fecit
2149 754 2272 795 esse
2298 740 2540 808 divitias;
2568 750 2623 797 et
2653 742 2868 797 miseris
2894 742 3171 812 derelicta,
3200 746 3256 800 in
3280 762 3434 803 suam

1850 832 2145 887 reservavit
2173 832 2465 888 miseriam.
2494 834 2731 901 Quorum
2757 835 2961 889 clamor
2989 837 3203 893 tandem
3244 854 3433 909 perve-

1850 922 1930 975 nit
1957 921 2023 975 ad
2055 923 2250 978 caelum
2274 963 2290 990 ,
2322 933 2376 979 et
2418 925 2830 993 patientissimas
2872 926 2967 981 Dei
2999 928 3123 982 vicit
3152 944 3344 997 aures,
3374 938 3434 986 ut

1852 1015 2047 1070 missus
2070 1016 2301 1086 Angelus
2325 1017 2609 1086 pessimus,
2630 1018 2699 1087 (c)
2725 1018 2890 1072 Nabal
2913 1018 3176 1085 Carmelio
3196 1022 3431 1080 diceret:

1852 1102 2021 1159 Stulte
2038 1146 2053 1171 ,
2081 1105 2176 1158 hac
2202 1115 2346 1160 nocte
2369 1109 2596 1177 auferent
2626 1109 2848 1161 animam
2873 1117 3010 1163 tuam
3040 1126 3071 1163 a
3097 1120 3174 1177 te;
3197 1128 3310 1183 qua:
3332 1128 3429 1167 au-

1851 1204 1948 1249 tem
1974 1199 2292 1266 praeparasti,
2322 1199 2468 1268 cujus
2495 1200 2675 1253 erunt?
2705 1199 2855 1269 (Luc.
2889 1200 2977 1255 12.
3004 1200 3085 1269 9.).

1920 1286 2009 1341 11.
2040 1287 2176 1342 Volo
2214 1303 2342 1358 ergo
2381 1298 2471 1355 te,
2515 1298 2570 1344 et
2611 1300 2829 1360 propter
2870 1307 3061 1347 causas
3099 1308 3232 1363 quas
3268 1309 3431 1364 supra

1850 1377 2101 1445 exposui,
2128 1393 2234 1433 non
2280 1379 2520 1435 habitare
2548 1395 2668 1435 cum
2700 1391 2907 1448 matre;
2936 1391 2991 1437 ct
3033 1384 3297 1453 praecipue
3316 1426 3332 1451 ,
3360 1399 3431 1441 ne

1847 1478 1939 1521 aut
1966 1468 2278 1525 offerentem
2307 1471 2564 1527 delicatos
2593 1474 2763 1539 cibos,
2791 1473 3070 1528 renuendo
3097 1476 3381 1531 contristes
3411 1493 3426 1530 :

1848 1568 1937 1615 aut
1966 1562 2008 1614 si
2040 1565 2311 1631 acceperis
2332 1606 2347 1628 ,
2379 1564 2555 1618 oleum
2587 1565 2692 1634 igni
2738 1565 2994 1634 adjicias;
3034 1575 3088 1620 et
3135 1566 3276 1622 inter
3318 1567 3464 1622 fre--

1847 1655 2116 1722 quenliam
2147 1654 2440 1723 puellarum
2470 1670 2564 1724 per
2592 1656 2733 1710 diem
2760 1657 2965 1724 videas,
2995 1657 3136 1727 quod
3162 1666 3318 1713 nocte
3339 1672 3431 1713 co-

1846 1743 2001 1811 gites.
2024 1743 2304 1813 Nunquam
2335 1744 2402 1799 de
2429 1760 2588 1798 manu
2614 1754 2670 1799 et
2696 1748 2865 1801 oculis
2896 1748 2997 1801 tuis
3026 1748 3242 1801 recedat
3269 1748 3426 1815 liber,
3460 1772 3461 1775 Î·

1845 1832 2082 1887 discatur
2105 1832 2423 1887 Psalterium
2450 1834 2516 1888 ad
2543 1836 2765 1889 verbum
2788 1852 2803 1900 ;
2828 1838 2999 1891 oratio
3025 1837 3139 1892 sine
3163 1838 3432 1892 intermis-

1844 1922 2031 1988 sione;
2057 1923 2181 1993 vigil
2210 1939 2421 1990 sensus,
2454 1940 2551 1980 nec
2583 1927 2733 1981 vanis
2770 1925 3186 1997 cogitationibus
3216 1939 3427 1999 patens.

1841 2011 2049 2084 Corpus
2072 2016 2269 2085 pariter
2288 2026 2341 2071 et
2362 2017 2570 2071 animus
2597 2018 2843 2073 tendatur
2864 2019 2931 2074 ad
2960 2021 3259 2077 Dominum.
3288 2024 3428 2082 Iram

1844 2106 1998 2161 vince
2020 2109 2274 2176 patientia
2304 2126 2317 2162 :
2345 2110 2465 2163 AIA
2486 2124 2767 2164 SCIENTIAI
2795 2111 3215 2180 Scripturarum,
3238 2125 3292 2171 et
3311 2133 3431 2172 car-

1845 2196 1930 2251 nis
1955 2199 2083 2253 vitia
2111 2214 2217 2253 non
2248 2200 2474 2255 amabis.
2502 2200 2611 2255 Nec
2639 2211 2788 2256 vacet
2813 2218 2965 2257 mens
2994 2212 3080 2257 tua
3111 2207 3274 2260 variis
3303 2224 3428 2276 per-

1846 2290 2259 2360 turbationibus,
2293 2307 2411 2361 qua:
2436 2292 2481 2347 si
2512 2293 2712 2361 pectori
2741 2294 3038 2350 insederint
3074 2296 3429 2353 dominabun-

1848 2388 1933 2435 tur
1974 2382 2083 2446 tui;
2124 2390 2179 2437 et
2223 2390 2275 2437 te
2311 2382 2578 2439 deducent
2607 2382 2684 2455 (á½±)
2715 2384 2780 2439 ad
2821 2384 3071 2441 delictum
3112 2390 3426 2445 maximum.

1845 2472 2029 2528 Facito
2055 2474 2254 2545 aliquid
2282 2475 2484 2545 operis,
2516 2484 2573 2530 ut
2602 2483 2652 2531 te
2679 2491 2895 2546 semper
2918 2478 3164 2534 diabolus
3194 2481 3430 2537 inveniat

1844 2573 2179 2636 occupatum.
2203 2565 2257 2622 Si
2282 2566 2523 2636 Apostoli
2547 2566 2806 2622 habentes
2829 2576 3143 2638 potestatem
3165 2570 3234 2625 de
3256 2572 3430 2627 Evan-

1842 2655 1980 2725 gelio
2005 2655 2187 2711 vivere
2211 2697 2227 2723 ,
2258 2656 2329 2726 (e)
2362 2656 2679 2712 laborabant
2708 2657 2956 2713 manibus
2984 2659 3097 2714 suis
3122 2701 3138 2726 ,
3170 2676 3239 2716 ne
3265 2677 3426 2731 quem

1843 2756 2155 2817 gravarent;
2185 2756 2238 2803 et
2261 2748 2379 2802 aliis
2406 2749 2711 2803 tribuebant
2749 2750 3046 2820 refrigeria,
3073 2766 3299 2822 quorum
3330 2768 3428 2820 pro

1842 2839 2203 2908 spiritualihus
2224 2839 2491 2895 debebant
2511 2849 2716 2895 metere
2735 2841 2968 2895 carnalia
2988 2841 3063 2914 (1.
3086 2841 3203 2898 Cor.
3229 2844 3281 2899 9.
3309 2844 3422 2915 11),

1842 2943 1938 2983 cur
1958 2939 2010 2983 tu
2034 2931 2085 2983 in
2113 2945 2242 2985 usus
2271 2940 2389 2985 tuos
2414 2944 2633 2985 cessura
2658 2943 2766 2983 non
2789 2945 3058 3000 praepares
3078 2933 3101 2985 ?
3122 2931 3219 2987 Vel
3246 2933 3423 2989 ï¬scel-

1844 3020 1950 3075 lam
1982 3030 2101 3076 texe
2138 3021 2337 3089 junco,
2364 3020 2449 3075 vel
2493 3021 2783 3075 canistrum
2814 3021 2974 3075 lentis
3012 3022 3184 3091 plecte
3209 3023 3425 3078 vimini-

1842 3111 1941 3165 bus
1972 3127 1988 3169 :
2018 3112 2276 3165 sarriatur
2303 3112 2497 3166 humus
2523 3129 2537 3165 :
2563 3111 2760 3165 areola:
2797 3126 2953 3181 sequo
2990 3112 3157 3167 limite
3186 3113 3428 3169 dividan-

1844 3210 1930 3255 tur
1977 3218 1991 3253 :
2042 3202 2092 3254 in
2143 3202 2334 3270 quibus
2381 3217 2502 3256 cum
2554 3202 2762 3257 olerum
2807 3201 2951 3270 jacta
2998 3202 3191 3258 fuerint
3262 3205 3427 3277 9&0

1840 3293 2066 3357 semina,
2096 3291 2181 3346 vel
2206 3292 2399 3360 planta:
2429 3307 2525 3361 per
2554 3292 2797 3347 ordinem
2820 3294 3029 3363 positas,
3055 3306 3204 3364 aquae
3226 3296 3423 3351 ducan-

1840 3392 1928 3439 tur
1968 3384 2211 3455 irriguae,
2245 3393 2303 3440 ut
2339 3384 2822 3455 pulcherrimorum
2868 3400 3120 3443 versuum
3157 3399 3427 3459 spectator

1839 3473 2058 3529 assistas
2086 3488 2103 3527 :

1946 3586 2080 3641 Ecce
2106 3588 2395 3658 supercilio,
2423 3587 2602 3644 clivosi
2630 3590 2848 3646 tramitis
2872 3591 3065 3646 undam

1944 3679 2119 3747 Elicit,
2152 3680 2245 3734 illa
2270 3680 2456 3736 cadens
2481 3698 2692 3736 raucum
2723 3700 2814 3751 per
2842 3683 2988 3737 lwvia
3015 3698 3244 3737 murmur

1947 3771 2090 3827 Saxa
2116 3772 2210 3826 ciet
2238 3773 2575 3843 scatebrisque
2597 3773 2796 3826 arentia
2823 3782 3067 3842 temperat
3094 3789 3237 3826 arva.

2924 3880 3133 3953 (Georg.
3164 3883 3202 3935 Î™.
3231 3882 3309 3951 5.)

1902 4036 1978 4100 (b)
2012 4035 2389 4100 Elegantissime
2410 4034 2588 4100 alludit
2600 4034 2849 4100 historiam
2868 4033 3089 4100 Helisaei,
3115 4037 3254 4100 cujus
3266 4049 3417 4100 opera

1837 4094 2048 4157 ferrum,
2075 4094 2200 4160 quod
2226 4099 2308 4146 uni
2321 4110 2395 4160 _ex
2421 4096 2534 4145 [iliis
2556 4096 2909 4160 Pr0pltetarum
2933 4094 3331 4158 lignaâ€”credenti,
3367 4113 3419 4150 tn

1836 4172 2008 4221 aquam
2030 4157 2239 4221 cecidit,
2275 4158 2334 4206 ad
2357 4170 2593 4221 summum
2616 4157 2797 4216 rediit,
2834 4166 2886 4221 et
2906 4157 3046 4220 aquas
3066 4162 3416 4221 supernatavit.

1838 4217 1974 4279 Quod
1999 4220 2311 4281 subsequitur
2325 4217 2534 4269 Merrluz
2554 4230 2732 4267 nomen
2750 4231 2839 4268 nos
2853 4220 2917 4269 ita
2943 4217 3005 4268 ex
3033 4217 3230 4281 ingenio
3249 4234 3419 4270 emen-

1834 4283 2074 4344 davimus,
2121 4280 2231 4344 cum
2256 4285 2401 4344 antea
2426 4292 2696 4344 pe_rpe_ram_
2728 4289 2883 4344 esset,
2920 4280 3152 4344 Ityrï¬‚tte,
3185 4281 3236 4329 in
3271 4282 3414 4332 editis

1835 4343 2061 4405 omnibus
2090 4354 2147 4405 ac
2171 4341 2284 4389 Mss.
2323 4340 2530 4405 Consule
2550 4340 2718 4405 Exod.
2750 4341 2827 4390 15.
2864 4340 2992 4393 vers.
3013 4340 3093 4392 23.
3126 4350 3177 4391 et
3197 4355 3338 4405 seqq.
3364 4350 3420 4394 ut

1834 4402 2017 4465 liquido
2034 4403 2226 4465 veritas
2237 4402 2590 4465 emendationis
2604 4406 3039 4465 constettveteres
3073 4405 3205 4453 enim
3236 4402 3419 4454 eiScri-

1835 4463 2004 4527 ptores
2034 4464 2176 4528 hujus
2206 4463 2350 4513 fontis
2381 4463 2713 4528 Merrlue,seu
2744 4464 3024 4528 ut_Vulgata
3049 4466 3222 4528 habet,
3257 4474 3413 4528 stara,

1835 4523 2014 4575 nomen
2036 4523 2316 4588 nescientes
2332 4562 2346 4586 ,
2370 4523 2717 4588 cumï¬‚yrrlta:
2732 4560 2756 4588 ,
2776 4526 2841 4588 ob
2861 4523 3193 4588 aniaritudinis
3210 4523 3215 4524 â€œ
3233 4523 3414 4588 et_noL

1834 4560 2361 4636 iniiiiEâ€˜Ã©iiiiiâ€˜iii'JJiEÃ©'th
2370 4560 3411 4646 á¿á½³á½²á¿–Î¹á½·á¼´Î·á¿—á½³á½§á¿–Î¹á½·Ï…á½²á¼•Î½á¿–Î¹á¿–á¿—á¿–Î¶â€™á¿–á½¹á¼á½²á¾Ÿá½¹á¼±Î¹á¿á½³á¼‘.

1833 4647 1967 4706 alibi,
1994 4657 2046 4698 et
2067 4646 2346 4696 Latinorum
2368 4646 2569 4696 aliortun
2587 4646 2717 4707 libri,
2741 4648 2827 4696 ubi
2850 4645 3140 4696 eum'locum
3160 4645 3413 4709 alludunt,

1834 4711 2013 4770 sepius
2032 4709 2281 4770 depravati
2304 4716 2435 4770 sunt.

1920 4773 1969 4832 c)
2001 4766 2275 4832 Veronens.
2310 4769 2435 4818 liber
2468 4768 2683 4832 voculam
2713 4767 2843 4832 sicut
2868 4766 3415 4832 prasponit__his__Nabal

1833 4827 2083 4882 Carmelio.
2140 4831 2282 4891 Hunc
2306 4844 2423 4880 vero
2446 4866 2460 4889 ,
2497 4831 2582 4891 qui
2612 4828 2765 4877 David
2800 4827 3007 4891 ejusque
3029 4829 3173 4891 sociis
3196 4827 3412 4879 alimenti

1834 4892 2012 4956 aliquid
2038 4890 2389 4956 postulantibus
2408 4889 2708 4956 denegavit,
2752 4893 2805 4956 et
2837 4889 2900 4938 ab
2926 4889 3120 4956 gangelo
3152 4902 3414 4951 percussus

1836 4947 1946 5012 est',
1988 4947 2097 5003 cum
2136 4952 2429 5012 Evangelieo
2446 4947 2602 5012 divite
2632 4947 2778 5012 simul
2818 4947 3337 5012 erudite'eomparat,_
3361 4958 3414 5001 et

1833 5009 2358 5077 utramquehistori'am
2381 5025 2477 5059 uno
2494 5010 2646 5060 verbo
2666 5011 2841 5059 innuit.
2888 5011 2985 5061 Pro
3007 5009 3221 5074 auferent
3242 5045 3257 5072 ,
3295 5009 3412 5061 alibi

1833 5072 2225 5144 repetetit,juxta
2245 5072 2517 5144 Vulgatam.
2644 5143 2647 5144 Î½
2974 5132 2987 5144 ,
3189 5124 3215 5144 _,

1897 5132 1976 5197 (Î±)
2008 5132 2210 5197 Pravam
2251 5132 2594 5197 cogitationem
2631 5143 2787 5197 Opere
2828 5132 3123 5197 cptnpletam
3173 5132 3409 5197 delictum

1832 5192 2091 5247 maximum
2110 5195 2248 5257 dicit,
2266 5192 2333 5257 ut;
2345 5195 2395 5257 in
2406 5201 2636 5257 sequent.
2654 5192 2798 5255 epist.
2806 5193 2927 5257 _130_.
2946 5192 3007 5242 ad
3018 5192 3409 5257 Demetriadem,

1835 5267 1888 5324 et
1908 5260 1962 5324 in
1978 5270 2083 5324 cap.
2110 5255 2184 5324 1t).
2211 5252 2531 5324 EcclesiastIzâ€˜
2548 5252 2782 5324 idque'ex
2805 5252 2984 5324 Psalm.
3010 5254 3086 5303 18.
3132 5252 3182 5324 si
3202 5254 3297 5324 inci
3320 5252 3412 5305 non

1831 5317 2012 5382 fuerint
2034 5313 2263 5367 eorum:
2281 5351 2296 5375 ,
2333 5316 2467 5426 [sive
2497 5313 2761 5385 dominata)
2801 5322 2915 5365 tum:
2945 5313 3279 5366 immaculatus
3300 5329 3409 5376 ,ÎµÎ»-Î¿,

1832 5388 1877 5426 et
1898 5376 2193 5426 cntundabor
2215 5392 2247 5426 a
2269 5376 2330 5426 de
2350 5383 2443 5426 tcto
2466 5389 2692 5426 mamma.

1832 5376 1877 5432 et
1898 5376 2193 5429 cmundabor
2215 5392 2247 5427 a
2269 5376 2443 5428 delicto
2466 5376 2692 5427 maxime.

1897 5440 1964 5502 (Î¹â€™)
1999 5438 2265 5502 Apostojos
2292 5439 2421 5487 inter
2460 5437 2884 5502 evangelizandum
2928 5445 3063 5502 artes
3102 5450 3217 5488 suas
3260 5451 3408 5489 excr-

1832 5498 1994 5564 cui'sse
2020 5498 2072 5549 et
2092 5498 2145 5548 S.
2170 5500 2383 5564 Isidorus
2394 5503 2454 5564 in
2474 5498 2666 5562 Regula
2684 5507 2794 5564 ,_uet
2823 5499 2915 5564 alii
2948 5501 3146 5564 quidam
3184 5502 3409 5564 tradunt;

1832 5564 1920 5613 sed
1942 5561 2086 5625 aliter
2107 5561 2357 5625 constituit
2377 5560 2676 5625 Augustinus
2696 5560 2781 5611 lib.
2806 5560 3052 5625 deiOpÃ©re
3064 5560 3408 5613 monachorum

1834 5638 1940 5686 cap.
1985 5624 2066 5673 20.
2112 5623 2199 5689 ubi
2240 5622 2729 5676 Paulum'duntaxat
2778 5630 2832 5675 et
2869 5622 3140 5677 Barnabam
3187 5625 3415 5689 manibus

1832 5683 2060 5752 Operatos
2082 5683 2243 5737 tradit.

3422 5765 3438 5797 á¼°
