4026 6186
595 179 735 236 1079

595 293 908 349 Inserantur
939 286 1015 361 (a)
1044 288 1384 343 infructuosae
1412 275 1662 339 arbores,
1689 269 1774 325 vel
1801 257 2167 361 gemmisnvel

597 385 828 443 surculis
849 426 864 451 ,
895 354 960 437 ut.
995 354 1167 450 parvo
1197 379 1314 443 post
1353 377 1597 437 tempore
1614 406 1634 436 ,_
1666 362 1866 418 laboris
1895 358 1970 451 tui
1998 354 2173 411 dulcia

602 493 762 550 poma
791 450 1062 540 decerpas.
1091 470 1260 535 Apum
1296 460 1556 516 fabricare
1581 453 1832 550 alvearia,
1863 450 1928 505 ad
1958 457 2184 550 quiante

602 537 816 626 mittunt
833 537 1128 618 Salomonis
1149 551 1431 610 Proverbia
1453 547 1710 622 (Prov..6.
1735 545 1787 600 ε.
1807 545 1954 613 iuxta
1974 537 2168 607 LXX);

599 669 653 714 et
693 650 1137 710 monasteriorum
1164 645 1405 702 ordinem
1425 683 1441 710 ,
1471 656 1534 696 ac
1574 639 1775 710 regiam
1802 633 2135 702 disciplinam
2154 670 2171 695 ,

598 745 650 803 i'n
683 743 862 816 parvis
885 741 1031 796 disce
1057 737 1391 808 corporibus.
1424 733 1694 816 Texantur
1732 738 1786 784 et
1822 728 1936 781 lina-
1957 724 2186 793 capien-r

599 813 698 893 dis-
719 833 956 905 piscibus
975 873 990 898 ,
1031 831 1334 887 scribantur
1373 826 1519 891 libri,
1551 833 1608 879 ut
1633 813 1686 878 et
1713 833 1900 876 manus
1929 823 2182 905 operetur

598 903 800 994 cibum,
823 924 1111 981 et'animus
1136 922 1376 976 lectione
1394 924 1679 972 saturetur.
1707 912 1804 984 (b).
1831 910 1897 964 In
1922 903 2183 961 desideriis

601 1031 673 1077 est
707 1021 871 1076 omnis
907 1014 1308 1086 atiosu:(Prov.
1337 1013 1425 1067 15.
1455 1011 1540 1065 14.
1578 1010 1732 1080 juxta
1768 1001 1967 1072 LXX).
2009 999 2180 1068 Egy-

602 1116 837 1185 p‘tiorum
863 1108 1177 1167 Monasteria
1213 1105 1354 1160 hunc
1397 1116 1596 1156 morem
1639 1105 1824 1153 tenent
1847 1137 1861 1160 ,
1891 1102 1949 1148 ut
1978 1092 2190 1146 nullum.

604 1182 807 1275 absque
830 1205 1008 1274 operis
1035 1201 1218 1255 labore
1241 1195 1532 1264 suscipiant
1550 1234 1563 1257 ,
1594 1200 1699 1268 non
1727 1199 1831 1242 tam
1862 1194 2077 1257 propter
2100 1182 2182 1275 vi-

605 1273 736 1354 ctus
750 1273 1140 1357 necessitatem,
1170 1305 1328 1362 quam
1366 1293 1584 1356 pr0pter
1608 1283 1800 1336 anima:
1832 1279 2077 1332 salutem.
2107 1273 2185 1328 Ne

605 1399 830 1459 vagetur
869 1383 1186 1456 perniciosis
1230 1376 1645 1450 cogitationibus.
1686 1385 1871 1437 meus,
1917 1378 1970 1424 et
2017 1369 2188 1422 instar

608 1478 917 1534 fornicantis
953 1474 1282 1538 Jerusalem,
1311 1470 1455 1525 omni
1485 1466 1781 1524 transeunti
1809 1461 2066 1518 divaricet
2093 1473 2186 1529 pe-

607 1569 702 1625 des
723 1582 848 1623 suos
873 1565 1086 1637 (Ezech.
1118 1564 1206 1619 17.
1233 1562 1349 1631 25).
1635 1549 1639 1552 ’

680 1661 769 1718 i2.
798 1661 933 1716 Dum
963 1672 1136 1714 essem
1165 1655 1374 1727 juvenis
1393 1696 1406 1718 ,
1435 1661 1490 1709 et
1528 1649 1831 1706 solitudinis
1859 1661 1946 1701 me
1979 1644 2189 1700 deserta

608 1754 910 1818 vallarent,
962 1750 1228 1806 incentiva
1279 1747 1538 1801 vitiorum
1583 1741 1934 1809 ardoremque
1985 1745 2192 1790 naturae

609 1846 751 1904 ferre
777 1860 883 1902 non
914 1842 1188 1914 poteram,
1207 1854 1364 1911 quem
1393 1854 1512 1894 cum
1540 1835 1745 1892 crebris
1784 1832 2001 1903 jejuniis
2040 1831 2190 1884 frau-

610 1952 814 2011 gerem,
831 1951 983 1993 mens
1003 1945 1180 1991 tamen
1203 1931 1610 2004 cogitationibus
1627 1928 1904 1984 aestuabat.
1932 1925 2011 1979 Ad
2032 1937 2189 1993 quam

615 2031 990 2093 edomandam,
1018 2027 1226 2082 cuidam
1269 2023 1440 2089 fratri,
1472 2021 1560 2092 qui
1589 2035 1655 2075 ex
1686 2018 1924 2074 Hebraeis
1951 2015 2194 2070 credide-

615 2130 731 2187 rat,
761 2135 847 2176 me
871 2121 924 2175 in
953 2118 1286 2188 disciplinam
1315 2114 1435 2170 dedi
1459 2156 1473 2180 ,
1505 2121 1560 2166 ut
1587 2121 1704 2181 post
1730 2106 2037 2177 Quintiliani
2065 2119 2190 2158 acu-

617 2215 779 2278 mina,
810 2209 1084 2266 Ciceronis
1119 2209 1328 2272 fluvios,
1353 2205 1776 2275 gravitatemque
1803 2198 2110 2260 Frontonis,
2143 2203 2198 2248 et

618 2304 895 2358 leuitatem
918 2301 1105 2368 Plinii,
1134 2297 1480 2370 alphabetum
1510 2294 1768 2348 discerem
1794 2332 1809 2357 ,
1839 2299 1892 2344 et
1920 2286 2195 2342 stridentia

617 2394 1030 2463 anhelantiaque
1063 2391 1226 2446 verba
1267 2388 1578 2444 meditarer.
1618 2381 1753 2451 Quid
1785 2381 1853 2435 ibi
1885 2379 2084 2433 laboris
2113 2377 2197 2429 in-

616 2486 974 2556 sumpserim,
1019 2483 1143 2554 quid
1187 2478 1528 2536 sustinuerim
1575 2473 1946 2539 difficultatis,
1990 2470 2198 2540 quoties

618 2574 1041 2646 desperaverim,
1071 2571 1386 2644 quotiesque
1411 2567 1755 2631 cessaverim,
1781 2574 1834 2619 et
1857 2561 2200 2618 contentione

620 2669 782 2742 9&1
862 2665 1105 2724 discendi
1152 2677 1340 2720 rursus
1390 2660 1678 2730 inceperim
1708 2700 1723 2723 ,
1758 2656 1906 2711 testis
1949 2664 2029 2708 est
2080 2667 2202 2707 con-

622 2763 868 2827 scientia,
905 2769 1013 2814 tam
1043 2773 1160 2813 mea
1192 2756 1281 2827 qui
1307 2768 1496 2826 passus
1519 2767 1660 2818 sum,
1696 2765 1856 2820 quam
1887 2762 2076 2803 eorum
2108 2744 2199 2815 qui

621 2869 834 2911 mecum
861 2852 1125 2908 duxerunt
1155 2850 1339 2904 vitam.
1363 2843 1432 2902 Et
1459 2844 1654 2917 gratias
1671 2858 1769 2913 ago
1791 2839 2036 2904 Domino,
2057 2835 2199 2907 quod

622 2946 690 3003 de
719 2959 905 3000 amaro
934 2944 1142 3000 semine
1172 2942 1472 2996 litterarum
1500 2977 1517 3005 ,
1549 2935 1733 2990 dulces
1783 2932 1987 2986 fructus
2013 2943 2196 2998 carpo.

695 3039 785 3094 15.
834 3037 1014 3093 Dicam
1057 3044 1112 3092 et
1158 3033 1320 3099 aliud,
1367 3033 1505 3103 quod
1540 3029 1591 3084 in
1646 3029 1882 3099 Aﬁgypto
1935 3025 2200 3079 viderim:

625 3128 845 3186 Graecus
888 3129 1202 3184 adolescens
1230 3132 1346 3179 erat
1387 3123 1438 3176 in
1492 3119 1739 3176 cteuobio
1767 3160 1781 3184 ,
1810 3117 1898 3188 qui
1933 3116 2076 3170 nulla
2107 3113 2203 3168 ab-

627 3219 878 3275 stinentia
902 3216 997 3291 [al.
1027 3210 1382 3285 continentia],
1418 3210 1560 3264 nulla
1614 3203 1794 3291 operis
1844 3202 2207 3276 magnitudine

629 3287 1140 3380 flammam—poterat
1164 3306 1341 3362 carnis
1367 3287 1698 3371 extinguere.
1730 3300 1880 3353 Hunc
1906 3295 2209 3367 periclitan-

632 3411 744 3457 tem
775 3401 931 3456 Pater
955 3397 1267 3453 monasterii
1322 3395 1421 3447 hac
1469 3402 1583 3446 arte
1608 3392 1846 3445 servavit
1879 3405 1892 3442 :
1926 3385 2209 3456 imperavit

632 3491 847 3547 cuidam
875 3490 991 3544 viro
1016 3488 1188 3557 gravi,
1217 3483 1478 3553 utjurgiis
1508 3490 1670 3550 atque
1697 3480 1952 3534 conviciis
1979 3479 2210 3530 insecta-

630 3591 781 3638 retur
825 3578 1118 3641 bominem,
1150 3583 1208 3630 et
1229 3583 1352 3644 post
1379 3573 1664 3640 irrogatam
1698 3569 1970 3638 iniuriam,
2005 3565 2209 3635 primus

633 3671 846 3726 veniret
865 3668 932 3724 ad
961 3665 1373 3740 querimoniam.
1404 3661 1588 3741 Vocati
1619 3669 1781 3714 testes
1808 3674 1902 3728 pro
1929 3673 1996 3714 eo
2023 3659 2211 3728 loque-

634 3764 849 3830 bantur,
878 3761 967 3832 qui
991 3757 1372 3816 contumeliam
1412 3756 1629 3811 iecerat.
1664 3752 1736 3826 (c)
1774 3751 1930 3807 Flere
1959 3751 2051 3806 ille
2079 3765 2213 3806 con-

636 3867 716 3913 tra
744 3854 1078 3912 mendacium
1101 3893 1118 3920 ,
1144 3850 1286 3922 quod
1313 3850 1490 3906 nullus
1519 3849 1763 3903 crederet
1788 3847 2001 3902 veritati
2029 3862 2042 3898 :
2067 3845 2216 3901 solus

639 3948 797 4002 Pater
814 3946 1183 4002 defensionem
1214 3957 1364 3997 suam
1395 3939 1586 3995 callide
1616 3953 1923 4010 opponere,
1957 3952 2023 3992 ne
2047 3937 2217 3990 abun-

639 4038 870 4094 dantiori
904 4036 1116 4092 tristitia
1151 4033 1533 4088 absorberetur
1585 4031 1767 4085 frater.
1815 4030 1952 4098 Quid
2011 4029 2218 4085 multa?

641 4131 716 4187 ita
742 4143 912 4185 anuus
935 4127 1124 4184 ductus
1138 4135 1228 4181 est
1257 4143 1270 4180 :
1301 4140 1405 4195 quo
1431 4123 1665 4194 expleto,
1695 4123 2055 4193 interrogatus
2084 4122 2218 4178 ado-

707 4285 780 4346 (a)
794 4281 906 4346 Vid.
929 4276 1342 4346 Trjttemium‘lib.
1359 4276 1424 4346 de
1439 4277 1608 4346 I_._aude
1623 4277 1918 4346 scriptorum
1927 4273 2221 4346 manualium

643 4337 748 4406 cap.
763 4337 821 4393 ’5.
885 4342 940 4406 In
975 4340 1165 4402 Regula
1202 4340 1254 4388 S.
1281 4339 1621 4406 Ferriolicap.
1647 4337 1736 4385 28$
1775 4339 2034 4406 «paginam
2059 4337 2222 4406 pingat

644 4396 814 4465 digito,
839 4404 920 4465 qui
945 4396 1122 4452 terram
1144 4413 1240 4448 non
1265 4401 1535 4465 praescrihit
1557 4396 1750 4457 aratro;
1774 4396 1896 4465 quia
1911 4399 1992 4459 qui
2016 4396 2223 4465 agricola

645 4459 812 4514 turam
841 4459 1080 4513 exercere
1117 4473 1216 4510 non
1253 4459 1414 4517 valet,
1455 4460 1662 4520 legere,
1700 4459 1954 4520 scribere,
1995 4459 2121 4521 quod
2147 4464 2225 4508 est

645 4528 943 4590 prz‘ecipuuni
966 4537 1116 4590 opus,
1158 4521 1356 4590 piscium
1394 4522 1540 4590 etiam
1564 4521 1831 4590 providere
1853 4526 2226 4590 capturamA,‘_et

681 4601 754 4636 nte
797 4579 967 4636 'similia
998 4579 1124 4635 'sun't
1159 4579 1326 4643 facere
1370 4587 1517 4643 atque
1561 4579 1772 4643 implere
1811 4579 1986 4643 potest.
2012 4596 2036 4625 ν
2087 4579 2226 4643 A_dde

647 4640 886 4722 Severum
909 4647 1167 4758 Ssglpitium
1189 4645 1238 4692 in
1260 4642 1367 4692 Vita
1392 4640 1451 4691 Sf
1471 4640 1682 4691 Martini.
1743 4640 2007 4690 Palladium
2029 4643 2080 4689 iu
2103 4640 2227 4690 Lau-

647 4725 770 4758 siaca
791 4724 894 4758 can.
986 4743 998 4757 .
1752 4745 1762 4752 .

746 4728 770 4758 il
791 4726 894 4758 can.
919 4726 998 4758 δο.
1752 4745 1762 4752 .

644 4725 770 4760 siaca
791 4724 850 4760 ea
865 4726 894 4758 ).
919 4724 998 4758 δυ.
1752 4745 1762 4752 .

646 4772 778 4840 “ibi
817 4725 934 4840 {huc
955 4767 1200 4840 sententia
1223 4763 1467 4840 profertur
1490 4777 1519 4813 a
1541 4762 2077 4840 Stephan‘ogingliegula
2091 4839 2095 4840 ν
2115 4776 2223 4840 cap.

645 4826 727 4881 38:
752 4826 803 4882 et
825 4832 1064 4882 Salomoni
1089 4826 1374 4878 adscribitur
1396 4841 1407 4875 :
1455 4844 1476 4873 α
1492 4827 1605 4889 quia
1627 4826 1812 4876 Otiosus
1833 4838 2036 4888 cet'pore
2057 4826 2228 4889 mona-

647 4896 766 4944 chus
789 4901 963 4943 mente
979 4907 1014 4942 a~
1027 4890 1234 4942 sordidis
1255 4888 1628 4950 cogitationibus
1644 4889 1888 4949 nunquam
1910 4888 2092 4948 poterit
2115 4898 2230 4936 esse

647 4959 847 5016 otiosus,
863 4955 1064 5016 dicente
1076 4949 1358 5001 Salomone:
1381 4950 1434 5016 In
1451 4951 1710 5016 desideriis
1726 4949 1971 5016 estprnnis
1985 4952 2186 4998 otiosus.
2198 4962 2222 4992 ι

650 5017 740 5066 list
759 5009 923 5068 autem
946 5017 1023 5066 hic
1043 5015 1176 5063 locus
1198 5020 1382 5062 tantum
1405 5013 1457 5060 in
1474 5013 1644 5074 Graeco
1666 5012 1790 5074 apud
1807 5009 1948 5074 LXX.
1973 5024 2009 5059 tv
2033 5022 2230 5070 metatur;

657 5090 833 5142 tecm;
1069 5075 1310 5142 Proverb;
1349 5075 1424 5124 15.
1460 5075 1539 5142 _4_._
1571 5071 1709 5142 (litat;
1739 5072 1992 5142 Cassianus
2031 5083 2230 5142 quoque

649 5133 1061 5202 Collatﬁ2fii'cap,
1082 5137 1156 5202 11.
1181 5144 1231 5185 at
1253 5135 1389 5202 Hier.
1429 5134 1542 5202 alibi
1583 5137 1643 5202 in
1666 5134 1842 5184 Ezech.
1881 5145 1985 5194 cap.
2025 5133 2102 5182 16.
2143 5144 2230 5194 pro

647 5200 801 5252 omnis
824 5196 1028 5257 otiosus",
1050 5199 1200 5247 liabet
1221 5197 1376 5247 omnis
1397 5196 1558 5246 anima
1579 5197 1742 5248 otiosa.

711 5263 780 5372 Sc)
815 5253 1124 5312 Martianzeus
1156 5257 1271 5328 [iere
1293 5258 1374 5308 ille
1397 5263 1560 5307 contra
1583 5254 1886 5314 mendacium
1910 5253 2077 5326 erepit,
2103 5253 2231 5316 quod

711 5338 714 5369 ε
737 5324 812 5372 lus
835 5325 1054 5372 crederet
1076 5325 1280 5372 veritatt,
1306 5326 1359 5369 et
1383 5332 1493 5367 mox
1516 5330 1754 5372 apponere
1777 5317 1976 5372 studuit,
2002 5330 2112 5372 quae
2135 5321 2231 5364 duo

648 5316 812 5374 nullas
835 5325 1054 5373 crederet
1076 5316 1280 5378 veritati,
1306 5326 1359 5369 et
1383 5332 1493 5367 mox
1508 5330 1754 5380 apponere
1777 5316 2112 5380 audaciaquae
2135 5321 2232 5364 duo

646 5393 811 5434 tamen
833 5387 1000 5442 verba,
1019 5381 1160 5443 carpit
1183 5388 1235 5430 et
1251 5380 1451 5442 studuit,
1475 5379 1762 5443 plerumque
1777 5379 1890 5428 Mss.
1915 5391 2008 5443 non
2030 5380 2229 5435 habent,

648 5454 731 5494 aut
771 5439 996 5495 alterum
1026 5439 1208 5494 tantum
1255 5439 1488 5499 liabent','
1518 5449 1572 5490 ut
1616 5439 1797 5490 Veron.
1842 5442 2024 5502 major,
2074 5451 2234 5502 eaque

648 5517 825 5555 revera
865 5505 1140 5568 elegantius
1176 5503 1479 5568 subintelligi
1518 5504 1706 5568 sciunt,
1745 5504 1826 5565 qui
1849 5502 2022 5568 Latine
2046 5503 2231 5568 sciunt,

650 5572 818 5628 contra
856 5563 999 5628 quam
1038 5566 1314 5616 Martiauaeo
1351 5563 1576 5626 videtur,
1617 5563 1705 5628 qui
1736 5563 1935 5618 sensum
1962 5566 2149 5627 absque
2173 5563 2232 5612 iis

653 5621 760 5672 ωιιί
771 5657 790 5686 ,
811 5621 1076 5678 et'sohmis
1093 5634 1287 5678 scatere
1305 5634 1458 5691 putat.

1893 122 2132 207 sane“
2172 136 2548 198 iilERONYMI

3735 117 3892 173 1080

2281 252 2489 308 lescens
2520 261 2681 318 super
2707 241 3112 316 cogitationibus
3132 237 3398 311 pristinis,
3430 249 3502 290 an
3535 234 3732 288 adhuc
3758 226 3890 285 mo-

2279 343 2448 400 lestiae
2471 340 2672 411 aliquid
2701 339 2993 393 sustineret
3026 353 3038 388 :
3066 348 3235 403 papae,
3269 332 3468 402 inquit,
3495 330 3707 385 vivere
3743 331 3892 385 mihi

2279 451 2386 491 non
2413 433 2580 488 licet:
2609 444 2665 487 et
2712 428 2963 486 fornicari
2992 424 3194 482 libeat?
3227 423 3328 480 Hic
3374 422 3421 478 si
3451 423 3607 479 solus
3647 420 3888 487 fuisset,

2279 543 2385 598 quo
2401 526 2644 596 adiutore
2668 519 3012 593 superasset?

2354 619 2442 672 14.
2474 615 2556 687 (d)
2609 614 2921 685 PliilosOpbi
2945 610 3124 667 seculi
3151 609 3328 664 solent
3354 621 3602 661 amorem
3629 616 3890 660 veterem

2285 723 2472 766 amore
2497 721 2657 773 novo,
2685 706 2836 774 quasi
2866 703 3079 759 clavum
3111 701 3262 756 clavo
3289 697 3602 767 expellere.
3637 695 3810 763 Quod
3841 709 3890 749 ct

2286 801 2522 855 Assuero
2562 798 2676 868 regi
2710 806 2914 867 septem
2946 794 3214 865 principes
3243 791 3424 850 fecere
3453 792 3806 854 Persarum,
3836 801 3894 843 ut

2287 889 2472 945 Vasthi
2490 888 2689 958 reginae
2714 886 3034 942 desiderium
3054 924 3072 951 ,
3098 884 3322 938 aliarum
3368 883 3676 948 puellarum
3699 896 3898 937 amore

2287 987 2691 1050 compescerent
2719 976 2890 1049 (.Esth.
2913 976 2968 1030 2.
2999 974 3073 1048 3).
3112 975 3221 1030 ιω
3248 989 3430 1031 vmmt
3465 989 3614 1030 vmo
3640 1013 3658 1040 ,
3689 988 3892 1042 pecca-

2291 1082 2510 1140 tumque
2540 1077 2762 1140 peccato
2800 1067 3156 1133 medicantur,
3211 1081 3312 1120 nos
3356 1081 3543 1121 amore
3575 1065 3847 1120 virtutum
3872 1106 3888 1129 ,

2291 1163 2416 1217 vitia
2448 1174 2785 1231 superemus.
2817 1158 3029 1213 Declina
3051 1200 3068 1226 ,
3099 1159 3192 1224 ait,
3222 1176 3256 1211 α
3297 1160 3454 1221 male,
3500 1168 3550 1211 et
3575 1158 3664 1226 [ac
3693 1161 3894 1210 bonum
3986 1157 3987 1164 “

2291 1253 2364 1324 (Ρ
2369 1272 2416 1308 ε·
2448 1254 2536 1308 56-
2567 1253 2696 1323 57):
2724 1254 2904 1320 Quwre
2930 1267 3125 1322 pacem,
3157 1259 3206 1304 et
3251 1266 3549 1320 persequere
3597 1266 3740 1304 eaut.
3774 1249 3891 1303 Nisi
3986 1263 3987 1324 ξ

2293 1344 2566 1400 oderimus
2614 1344 2856 1408 malum,
2910 1342 3109 1398 bonum
3164 1356 3348 1396 amare
3403 1357 3510 1394 non
3565 1356 3892 1409 possumus.
3986 1342 3987 1388 ι

2293 1435 2431 1502 Quin
2464 1437 2640 1504 potius
2671 1433 2972 1488 faciendum
3002 1442 3087 1488 est
3114 1434 3313 1489 bonum
3333 1474 3350 1499 ,
3394 1441 3453 1486 ut
3480 1431 3832 1487 declinemus
3860 1448 3890 1484 a

2297 1526 2457 1581 malo.
2489 1526 2596 1580 Pax
2628 1526 2935 1596 quaerenda,
2973 1535 3030 1579 ut
3076 1525 3212 1580 bella
3241 1525 3530 1594 fugiamus.
3565 1523 3680 1580 Nec
3724 1524 3888 1578 suffi-

2296 1619 2371 1672 cit
2394 1633 2513 1673 eam
2541 1633 2806 1687 qmerere,
2834 1618 2938 1672 nisi
2961 1617 3237 1672 inventam
3287 1616 3697 1686 fugientemque
3743 1619 3894 1671 omni

2296 1710 2472 1764 studio
2499 1725 2904 1779 persequamur,
2925 1725 3044 1780 quae
3065 1717 3354 1778 exsuperat
3372 1723 3588 1762 onmem
3615 1722 3852 1762 sensum
3877 1725 3890 1759 :

2295 1799 2456 1870 Μ
2531 1801 2585 1853 in
2635 1816 2740 1869 qua
2795 1799 3049 1854 habitatio
3086 1799 3178 1854 Dei
3211 1811 3314 1867 εει,
3339 1798 3552 1854 dicente
3578 1799 3890 1868 Propheta:

2299 1890 2365 1943 Et
2391 1895 2555 1960 factus
2575 1901 2646 1944 est
2668 1891 2720 1943 in
2744 1907 2868 1960 pace
2889 1892 3029 1944 locus
3046 1892 3155 1958 ejus
3178 1891 3290 1960 (75.
3305 1889 3383 1961 2).
3406 1889 3755 1958 Pulchreque
3772 1905 3893 1958 per-

2299 1982 2502 2037 secutio
2533 1983 2683 2051 pacis
2713 1982 2929 2048 dicitur,
2960 1983 3112 2050 juxta
3133 1981 3264 2036 illud
3296 1981 3548 2050 Apostoli
3579 2000 3592 2033 :
3631 1979 3890 2048 Hospita-

2301 2075 2496 2128 litatem
2524 2083 2877 2143 persequentes
2909 2072 3085 2144 illam.
3124 2073 3216 2126 i2.
3251 2071 3360 2144 l3],
3399 2082 3456 2125 ut
3482 2087 3590 2126 non
3641 2072 3750 2126 levi
3784 2073 3890 2125 usi-

2301 2174 2519 2236 tatoque
2561 2181 2832 2233 sermone,
2867 2176 2921 2220 et
2951 2167 3038 2235 (ut
3085 2164 3158 2227 ita
3210 2165 3422 2234 loquar)
3472 2164 3706 2218 summis
3735 2163 3891 2219 labiis

2302 2257 2548 2326 hospites
2577 2259 2900 2323 invitemus;
2933 2255 3027 2311 sed
3063 2264 3173 2311 toto
3221 2256 3420 2311 mentis
3460 2255 3662 2311 ardore
3694 2266 3883 2309 tenea-

2303 2361 2461 2413 mus,
2492 2346 2563 2418 (e)
2591 2348 2744 2417 quasi
2794 2345 3099 2402 auferentes
3154 2359 3336 2419 secum
3385 2345 3453 2401 de
3501 2346 3656 2400 lucro
3709 2355 3893 2400 nostra

2302 2453 2461 2514 atque
2490 2443 2832 2513 compendio.

2376 2534 2464 2588 15.
2492 2532 2645 2588 Nulla
2661 2548 2749 2587 ars
2772 2532 2974 2602 absque
2989 2531 3250 2602 magistro
3271 2529 3516 2586 discitur.
3542 2528 3725 2585 Etiam
3744 2536 3890 2582 muta

2306 2627 2599 2691 animalia,
2647 2635 2702 2681 et
2749 2625 2984 2681 ferarum
3024 2639 3235 2695 greges,
3287 2623 3541 2679 ductores
3597 2630 3894 2692 sequuntur

2306 2732 2454 2774 suos.
2488 2719 2542 2772 lu
2568 2718 2764 2788 apibus
2791 2719 3064 2788 principes
3087 2726 3217 2773 sunt
3238 2734 3252 2771 :
3273 2730 3632 2787 gruesunam
3660 2731 3896 2785 sequun-

2307 2821 2394 2866 tur
2451 2810 2534 2881 (ί)
2575 2811 2766 2866 ordine
2815 2811 3072 2866 litterato.
3115 2810 3413 2879 Imperator
3476 2821 3676 2863 unus:
3723 2806 3889 2863 lude:

2309 2916 2448 2957 unus
2478 2901 2789 2970 provinciae.
2832 2901 3002 2956 Roma
3033 2910 3090 2956 ut
3117 2900 3335 2954 condita
3366 2909 3472 2963 est,
3521 2899 3664 2953 duos
3701 2900 3890 2953 fratres

2309 2996 2469 3050 simul
2497 2994 2696 3048 habere
2734 3009 2888 3064 reges
2915 3009 3020 3049 non
3049 2994 3241 3064 potuit,
3273 3002 3329 3050 et
3354 2992 3648 3063 parricidio
3675 2993 3890 3049 dedica-

2311 3095 2417 3142 tur.
2457 3087 2512 3141 lu
2541 3086 2797 3144 Rebecca:
2827 3095 2980 3140 utero
3008 3126 3028 3152 ,.
3069 3086 3232 3151 Esau,
3262 3096 3315 3139 et
3336 3083 3502 3139 Jacob
3540 3083 3687 3140 bella
3711 3099 3892 3155 gesse-

2310 3187 2436 3234 runt
2467 3177 2621 3249 (Gen.
2652 3179 2745 3234 25.
2790 3178 2909 3249 22).
2961 3177 3164 3248 Singuli
3203 3177 3568 3233 Ecclesiarum
3604 3177 3889 3248 Episcopi,
3986 3177 3987 3190 ³

2311 3272 2507 3342 singuli
2561 3270 3027 3340 Archipresbyteri
3054 3309 3078 3333 ,.
3130 3269 3326 3338 singuli
3371 3268 3801 3325 Archidiaconi:
3843 3278 3891 3324 et

2310 3364 2490 3420 omnis
2515 3363 2650 3418 ordo
2670 3362 3082 3417 Ecclesiasticus
3117 3362 3232 3416 suis
3255 3361 3558 3417 rectoribus
3587 3360 3798 3416 nititur.
3839 3360 3891 3414 in

2314 3460 2438 3518 navi
2487 3472 2624 3513 unus
2667 3458 3034 3527 gubernator:
3062 3457 3113 3510 in
3147 3456 3312 3511 domo
3352 3470 3489 3511 unus
3517 3456 3777 3510 Dominus
3803 3473 3818 3508 :
3843 3455 3892 3509 in

2317 3553 2560 3622 quamvis
2585 3551 2774 3620 grandi
2815 3551 3092 3614 exercitu,
3124 3551 3282 3604 unius
3309 3549 3526 3618 signum
3559 3557 3890 3618 expectatur.

2317 3644 2386 3699 Et
2419 3659 2484 3697 ne
2514 3642 2667 3712 plura
2694 3642 3010 3712 replicando
3038 3642 3308 3696 fastidium
3332 3641 3536 3711 legenti
3560 3640 3779 3707 faciam,
3806 3658 3894 3712 per

2320 3733 2436 3788 haec
2461 3733 2641 3787 omnia
2673 3733 2742 3788 ad
2771 3733 2903 3787 illud
2926 3732 3096 3787 tendit
3120 3732 3324 3798 oratio;
3358 3741 3418 3786 ut
3446 3733 3673 3788 doceam
3703 3743 3776 3798 te,
3794 3749 3894 3788 non

2320 3833 2414 3880 tuo
2439 3824 2662 3879 arbitrio
2690 3822 3065 3879 dimittendum
3089 3864 3106 3889 ,
3148 3823 3242 3878 sed
3288 3824 3471 3879 vivere
3500 3824 3706 3880 debere
3743 3825 3794 3879 in
3819 3824 3890 3895 (9)

2321 3917 2648 3973 monasterio
2677 3917 2776 3971 sub
2798 3916 2962 3972 unius
2983 3916 3264 3984 disciplina
3287 3916 3483 3982 Patris,
3511 3919 3889 3986 consortioque

2322 4013 2637 4076 multorum,
2675 4017 2734 4064 ut
2773 4008 2852 4063 ab:
2870 4007 2976 4062 alio
3023 4008 3200 4062 discas
3230 4008 3626 4075 humilitatem,
3672 4009 3742 4063 ab
3783 4009 3884 4062 alio

2323 4107 2636 4177 patientiam
2665 4121 2680 4158 :
2713 4103 2802 4158 hic
2825 4111 2887 4159 te
2903 4102 3173 4158 silentium
3193 4141 3211 4167 ,
3251 4102 3344 4156 ille
3367 4101 3562 4156 doceat
3591 4112 3888 4157 mansueta

2325 4197 2528 4253 dinem.
2558 4196 2677 4252 Non
2706 4195 2870 4252 maias
2899 4196 3044 4266 quod
3079 4197 3181 4262 vis,
3215 4195 3476 4250 comedas
3503 4194 3652 4264 quod
3667 4195 3893 4264 juberis,

2412 4332 2467 4396 d)
2500 4330 2573 4396 Ex
2599 4331 2819 4396 Ciceron.
2845 4330 2879 4379 ι.
2901 4329 2950 4380 4.
2975 4330 3120 4381 Tusc.
3140 4344 3188 4379 n.
3213 4330 3292 4378 35.
3347 4330 3546 4380 «Etiam
3567 4342 3687 4396 novo
3707 4329 3900 4396 quidam

2329 4390 2418 4455 (af.
2444 4390 2672 4502 quodam‘}
2697 4405 2862 4441 amore
2887 4400 3109 4441 veterem
3132 4403 3349 4440 amorem
3383 4401 3606 4454 tanquam
3638 4390 3773 4440 clavo
3808 4393 3901 4441 cla-

2329 4468 2441 4502 vum
2464 4455 2640 4502 eiicien
2675 4467 2754 4502 um
2777 4457 2984 4502 nutant»
3012 4467 3026 4501 :
3051 4460 3104 4502 et
3127 4452 3328 4502 Ovidius
3351 4454 3403 4502 in
3429 4452 3669 4502 Remedio
3685 4467 3702 4501 :

2327 4452 2441 4505 vum
2461 4452 2754 4522 ejiciendum
2775 4457 2986 4522 putant)
3012 4467 3026 4501 ε
3051 4452 3328 4522 etovidius
3351 4454 3403 4502 in
3429 4452 3669 4503 Rémedio
3685 4467 3702 4501 :

2516 4513 2716 4563 Alterius
2738 4511 2862 4562 vires
2885 4511 3117 4565 subtrahit
3141 4512 3260 4562 alter
3284 4527 3435 4563 amor.

2395 4575 2456 4640 (e)
2495 4577 2654 4625 Antea
2679 4582 2784 4624 erat
2804 4573 2943 4637 quasi
2963 4577 3212 4638 eﬂbrentes
3233 4587 3282 4624 se
3303 4587 3410 4623 cum
3434 4574 3585 4624 lucro.
3634 4573 3738 4623 Nos
3760 4573 3898 4637 longe

2329 4637 2586 4687 meliorem
2624 4649 2823 4684 sensum
2855 4648 2919 4685 ex
2944 4637 3221 4686 Veroneusi
3239 4636 3410 4687 maiori
3432 4636 3519 4686 Ms.
3547 4635 3898 4687 tmefel'utdum

2329 4647 2586 4687 metiorem
2624 4649 2823 4684 sensum
2855 4648 2919 4685 ex
2951 4647 3410 4698 VeroneuStmajott
3433 4647 3519 4692 Ms.
3547 4647 3903 4697 Intuendum

2328 4700 2548 4769 arbitrati
2585 4710 2778 4768 sumus,
2795 4697 2961 4769 _qnasi
2997 4699 3265 4769 auferentes
3297 4709 3454 4746 secum
3485 4696 3545 4744 de
3567 4696 3902 4769 lucro‘ttestro,

2330 4771 2426 4808 non
2450 4760 2580 4808 enim
2601 4758 2737 4821 quasi
2761 4755 3028 4821 ederentes
3044 4755 3100 4807 se
3117 4794 3132 4817 ,
3164 4759 3285 4821 jure
3309 4767 3607 4806 moneremur
3641 4756 3872 4821 retinere
3889 4794 3903 4815 ,

2330 4821 2422 4929 sciti
2441 4821 2577 4929 quasi
2600 4817 2884 4929 auferentes
2903 4819 3091 4870 lucrum
3111 4817 3330 4872 nostrum
3344 4852 3360 4881 ,
3391 4825 3487 4868 ωω
3520 4817 3703 4866 mentis
3724 4817 3903 4867 ardore

2330 4894 2387 4929 re
2414 4894 2523 4929 men
2560 4896 2573 4929 ι
2597 4894 2688 4929 sun
2713 4919 2724 4928 .

2330 4889 2573 4931 retinendi
2597 4889 2724 4931 sunt.

2402 4940 2463 5006 (fi
2502 4941 2688 4991 Plinius
2711 4942 2794 4992 lib.
2822 4943 2904 5007 1ο.
2934 4957 2986 4994 c..
3017 4945 3097 4994 2'5.
3141 4939 3579 5007 gruum__ordinem
3616 4939 3670 4989 in
3707 4939 3904 4989 volando

2332 5003 2596 5074 observans
2613 5042 2627 5066 ,
2653 5018 2685 5054 α
2704 5011 2836 5074 ter_go
2854 5041 2870 5066 ,
2894 5003 3246 5074 inquitsensint
3269 5003 3497 5074 ductante
3519 5014 3570 5052 se
3603 5014 3778 5059 cuneo,
3803 5015 3904 5063 por-

2332 5017 2596 5054 onservans
2613 5042 2627 5066 ,
2653 5018 2685 5054 a
2704 5017 2776 5055 ter
2807 5018 2836 5055 ο
2854 5041 2870 5066 ,
2894 5017 3052 5068 inquit
3071 5018 3246 5055 tenam
3269 5017 3497 5054 ductante
3519 5017 3570 5052 se
3603 5017 3778 5059 cuneo,
3803 5017 3902 5063 por-

2331 5064 2508 5131 rigitur
2524 5079 2712 5129 agmen.
2739 5017 2828 5131 iga
2842 5069 3021 5131 ordine
3033 5068 3279 5131 dispositae
3297 5104 3312 5124 ,
3341 5065 3377 5113 Y
3403 5063 3611 5131 litteram
3634 5076 3902 5131 repracsen-

2334 5122 2469 5189 taiit,
2509 5122 2646 5190 cuius
2677 5129 2834 5179 aciem
2867 5128 3058 5190 ductrix
3104 5122 3530 5190 eilbrmat;__und_e
3548 5122 3906 5190 _et_Palanedis

2334 5185 2625 5252 avea'vulgo
2641 5191 2856 5252 audiunt.
2901 5187 3273 5252 Claudianusde
3295 5185 3431 5252 bello
3453 5185 3704 5252 Gildonico
3722 5222 3737 5246 ,

2525 5247 2784 5301 Ordinibus
2805 5250 2950 5302 variis
2971 5247 3056 5312 per
3078 5249 3240 5312 nubila
3262 5247 3449 5312 texitur
3471 5247 3581 5312 alia.

2526 5311 2699 5375 Littera
2720 5306 3114 5375 ,pennargimque
3134 5308 3256 5375 notis
3277 5306 3561 5375 inscribitur
3583 5321 3691 5375 agr.

2402 5374 2476 5482 ἲς)
2510 5373 2636 5463 Hinc
2657 5367 2804 5422 multa
2829 5387 2889 5423 ex
2913 5367 3206 5442 Hieronymo
3315 5369 3502 5478 aliqt‘iot
3525 5369 3580 5418 S.
3603 5369 3800 5419 Patrum
3817 5367 3904 5416 Re-

2427 5449 2466 5482 is
2501 5437 2679 5482 adsuta
2716 5443 2844 5482 sunt.
2906 5434 3012 5482 ΗΔ.
3054 5431 3362 5482 Γωηουῑάωιιι
3447 5430 3704 5482 caularum
3733 5443 3832 5482 cap.
3863 5429 3903 5477 3.

2338 5429 2469 5498 gulis
2501 5436 2694 5498 adscita»
2716 5443 2844 5484 sunt.
2906 5429 3362 5498 V‘id.‘_f‘.43ncurdiatii
3397 5429 3704 5498 lie-gulanam
3733 5429 3903 5498 mp_.__3_.

2341 5492 2625 5562 paragraph.
2670 5496 2716 5543 4.
2766 5503 2816 5544 et
2859 5508 2962 5562 cap.
3011 5493 3101 5562 28,
3157 5492 3541 5562 paragraph}.
3591 5501 3740 5562 atque
3783 5492 3902 5538 alibi.

2341 5552 2614 5608 ConlErCS.
2648 5569 2844 5620 quoque
2878 5552 3232 5620 Leandrum_d_e
3257 5552 3784 5620 institutioneVirgin.
3810 5565 3905 5614 cap.

2345 5571 2534 5608 center.
2562 5571 2614 5606 δ.
2648 5571 2844 5668 (illoque
2879 5571 3146 5602 Leanurum
3169 5571 3232 5598 uc
3258 5571 3577 5601 uisutuuone
3610 5571 3611 5574 ‘

2345 5620 2421 5669 16.
2456 5623 2550 5670 imo
2584 5627 2639 5672 et.
2683 5619 3017 5668 'beodoretum
3037 5614 3100 5665 de
3125 5613 3237 5663 vitis
3257 5611 3470 5662 Patrum
3486 5626 3534 5663 ε.
3558 5615 3611 5664 5t
