4026 6186
173 153 313 210 408!

168 268 406 324 vcstiare
422 267 564 339 quod
578 267 870 337 acceperis,
889 265 1070 336 operis
1090 265 1168 320 tui
1190 279 1411 335 pensum
1438 268 1738 336 persolvas,

167 359 483 429 subiiciaris
529 360 612 416 cui
643 373 752 414 non
791 357 890 424 vis,
944 356 1120 412 lassus
1160 356 1229 412 ad
1271 365 1496 414 stratum
1523 360 1751 426 venias,

168 449 566 520 ambulansque
590 449 867 514 dormites,
895 455 950 503 et
978 446 1208 503 necdum
1250 445 1354 517 [al.
1385 463 1477 501 nec
1511 447 1752 522 demum]

167 540 394 609 expleto
417 554 623 604 somno,
655 553 876 608 surgere
904 537 1273 607 compellaris.
1305 537 1469 593 Dicas
1482 537 1754 594 Psalmum

168 631 229 692 in
260 635 340 703 (α)
374 633 562 687 ordine
610 641 740 697 tuo;
788 647 840 686 IN
871 646 972 695 quo
1003 646 1106 687 non
1147 631 1379 686 dulcedo
1421 632 1604 699 vocis,
1660 630 1755 688 sed

165 726 374 780 mentis
399 725 615 780 allectus
640 725 921 794 quaeritur,
944 723 1156 779 dicente
1196 724 1452 794 Apostolo
1476 742 1490 778 :
1521 723 1755 778 Psallam

162 817 385 883 spiritu,
415 813 634 884 psallam
679 824 724 869 et
751 824 915 869 mente
960 815 1036 884 (l.
1067 814 1186 869 Cor.
1221 815 1309 868 M.
1345 815 1432 882 15)
1465 832 1479 868 :
1510 814 1600 882 Et,
1627 814 1756 868 Can-

163 912 338 956 tantes
366 905 418 957 in
453 904 690 962 cordibus
714 906 887 958 vestris
915 903 1158 958 Domino.
1185 903 1414 975 Legerat
1438 906 1581 960 enim
1624 920 1749 962 esse

161 995 521 1062 praeceptum,
555 993 772 1048 Psallite
803 994 1078 1064 sapienter.
1127 992 1344 1048 Servias
1413 993 1576 1065 943
1654 995 1754 1049 fra-

166 1081 372 1149 tribus,
404 1085 674 1153 hospitum
707 1084 854 1138 laves
899 1084 1096 1153 pedes;
1141 1098 1331 1152 passus
1380 1084 1631 1152 injuriam
1674 1093 1754 1138 tit-

157 1190 334 1239 ceas;
368 1175 718 1245 Praepositum
772 1175 1083 1230 monasterii
1119 1174 1310 1230 timeas
1349 1184 1404 1229 ut
1434 1174 1708 1229 dominum
1732 1216 1748 1242 ,

155 1265 364 1336 diligas
395 1275 450 1320 ut
494 1276 795 1337 parentem.
850 1266 1052 1322 Credas
1097 1266 1191 1321 tibi
1231 1268 1464 1322 salutare
1496 1267 1750 1337 quidquid

157 1354 259 1409 ille
295 1358 608 1425 princeperit
634 1374 650 1422 ;
695 1373 792 1420 nec
820 1358 886 1412 de
915 1357 1182 1426 majorum
1213 1359 1479 1412 sententia
1497 1357 1708 1426 judices
1732 1397 1749 1421 ,

156 1447 323 1516 cujus
353 1447 513 1501 officii
545 1457 627 1502 est
653 1448 893 1514 obedire,
924 1457 978 1502 et
1017 1449 1240 1517 implere
1270 1463 1390 1517 quae
1415 1450 1562 1515 jussa
1589 1457 1750 1515 sunt,

157 1537 383 1592 dicente
425 1537 604 1608 Moyse
638 1555 650 1590 :
681 1539 815 1590 Audi
842 1537 1033 1606 Israel,
1077 1548 1122 1591 et
1169 1549 1278 1592 tace
1325 1538 1501 1610 (Deut.
1551 1539 1640 1593 27.
1694 1539 1748 1594 9.

155 1630 316 1698 juxta
339 1626 535 1700 LXX).
561 1627 746 1683 Tantis
765 1631 992 1700 negotiis
1021 1639 1332 1699 occupatus,
1359 1631 1518 1684 nullis
1538 1631 1753 1686 vacabis

158 1717 601 1789 cogitationibus,
633 1730 685 1774 et
713 1721 839 1774 dum
866 1721 933 1774 ab
954 1721 1060 1774 alio
1092 1722 1285 1774 transis
1313 1720 1378 1772 ad
1404 1721 1568 1786 aliud,
1592 1736 1752 1790 opus-

160 1829 274 1882 que
315 1811 552 1866 succedit
574 1811 742 1881 operi,
771 1811 901 1867 illud
945 1813 1117 1866 solum
1142 1822 1320 1866 mente
1348 1812 1576 1879 tenebis,
1606 1812 1750 1882 quod

159 1917 328 1973 agere
365 1905 719 1972 compelleris.

224 1993 312 2048 16.
330 1991 472 2048 Falsi
485 1993 942 2050 Maneant—Vidi
955 2008 1055 2065 ego
1070 1995 1350 2064 quosdam,
1364 1995 1454 2064 qui
1465 2004 1748 2066 postquam

155 2087 541 2141 renuntiavere
565 2089 784 2153 saeculo,
813 2089 1144 2142 vestimentis
1170 2087 1432 2142 duntaxat
1456 2128 1473 2156 ,
1500 2098 1555 2144 et
1601 2091 1748 2146 vocis

155 2175 497 2246 professione
517 2217 532 2243 ,
564 2192 670 2230 non
699 2177 860 2231 rebus
880 2218 894 2242 ,
939 2176 1068 2232 nihil
1095 2177 1163 2232 de
1211 2179 1429 2247 pristina
1460 2193 1748 2234 conversa-

157 2268 313 2322 tione
339 2276 630 2321 mutarunt.
664 2266 775 2322 Res
801 2266 1084 2321 familiaris
1113 2268 1279 2336 magis
1301 2277 1454 2322 aucta
1474 2283 1632 2336 quam
1659 2269 1750 2323 im-

152 2359 391 2413 minuta.
427 2357 624 2412 Eadem
655 2357 946 2412 ministeria
971 2359 1324 2420 servulorum,
1356 2359 1496 2412 idem
1527 2374 1750 2428 appara-

154 2459 247 2505 tus
267 2450 518 2507 convivii.
549 2452 607 2505 In
627 2454 787 2517 vitro,
811 2461 864 2505 et
886 2453 1080 2520 patella
1111 2452 1259 2507 fictili
1298 2467 1487 2506 aurum
1515 2453 1748 2508 comedi.

154 2550 272 2607 tur,
307 2549 360 2596 et
391 2541 532 2596 inter
555 2543 737 2597 turbas
773 2551 826 2596 et
855 2544 1101 2596 examina
1131 2543 1521 2610 ministrorum,
1549 2558 1748 2598 nomen

158 2631 266 2686 sibi
316 2631 584 2686 vindicant
633 2633 879 2687 solitarii.
934 2633 1032 2700 Qui
1076 2648 1201 2688 vero
1227 2649 1490 2703 pauperes
1518 2644 1658 2699 sunt,
1693 2643 1748 2690 et

160 2721 311 2775 tenui
338 2721 706 2787 substantiola,
735 2723 1087 2794 videnturque
1114 2724 1215 2779 sibi
1261 2725 1450 2790 scioli;
1486 2725 1559 2796 (b)
1597 2740 1749 2795 pom-

154 2828 350 2882 parum
383 2813 596 2869 ferculis
619 2815 825 2871 similes
851 2815 1151 2885 procedunt
1175 2817 1227 2870 in
1261 2817 1552 2885 publicum,
1573 2825 1628 2871 ut
1653 2831 1744 2870 ca-

157 2905 342 2959 ninam
370 2917 657 2962 exerceant
704 2907 1030 2963 facundiam.
1063 2909 1169 2962 Alii
1213 2908 1440 2963 sublatis
1491 2909 1543 2963 in
1576 2910 1743 2965 altum

157 2996 424 3062 humeris,
465 3007 519 3052 et
567 2998 704 3052 intra
741 3013 800 3054 se
844 2999 1028 3053 nescio
1070 2997 1196 3068 quid
1231 3000 1588 3066 cornicantes,
1628 3009 1744 3056 stu-

159 3090 518 3162 pentibusque
546 3093 600 3146 in
642 3101 842 3146 terram
869 3091 1063 3158 oculis,
1096 3095 1352 3147 tumentia
1393 3095 1554 3148 verba
1584 3095 1744 3148 truti-

157 3189 368 3240 nantur
386 3178 484 3252 (c),
508 3191 566 3236 ut
585 3182 966 3237 si'i’rteconem
995 3182 1288 3249 addideris,
1319 3191 1472 3252 putes
1493 3184 1745 3242 incedere

225 3313 305 3380 (a)_
330 3311 636 3380 Estquoque
663 3313 787 3380 istud
810 3321 975 3380 nostra
996 3314 1337 3380 observatione
1356 3315 1558 3380 dignum
1573 3352 1588 3377 ,
1613 3317 1744 3380 quod

158 3382 240 3425 est
263 3374 325 3437 ab
347 3373 581 3422 hodierna
606 3373 841 3437 psallendi
866 3375 1219 3437 consuetudine
1243 3373 1452 3424 alienum
1473 3409 1487 3434 ,
1511 3373 1745 3429 duin'uno

159 3436 431 3508 incipiente
449 3467 464 3491 ,
490 3435 954 3508 seu-prwcinente,
971 3435 1112 3508 m'ulti
1133 3443 1259 3507 totos
1281 3437 1490 3508 psalmos
1512 3440 1744 3508 utrinque

160 3497 373 3546 invicem
395 3496 672 3545 decantant.
741 3496 797 3546 In
819 3496 984 3546 multis
1006 3497 1239 3546 Ecclesiis
1261 3496 1375 3545 olim
1397 3499 1614 3547 monachi
1637 3496 1743 3551 sive

156 3556 340 3620 Clerici
355 3569 451 3620 non
469 3570 638 3606 omnes
652 3558 794 3620 simul
811 3559 1066 3613 canebant,
1091 3557 1178 3608 sed
1202 3571 1344 3615 unus,
1366 3571 1462 3620 quo
1484 3559 1722 3619 psallente

157 3599 1115 3680 5n;"aenigmatista:suis;
1133 3632 1249 3667 vero
1272 3599 1649 3680 respondebant:
1673 3599 1740 3671 Td

157 3686 328 3752 autem
351 3686 426 3728 est
440 3679 750 3752 Ilieronymo,
772 3679 983 3752 aliisque
1008 3682 1116 3752 ejus
1139 3688 1190 3729 et
1209 3679 1449 3752 sequioris
1470 3684 1560 3729 aevi
1582 3691 1742 3752 aucto-

156 3741 300 3787 ribus
318 3775 332 3798 ,
357 3741 597 3789 Paulinum
621 3741 670 3789 in
692 3741 861 3790 ordine
880 3741 965 3790 suo
988 3741 1152 3790 dicere
1174 3780 1186 3796 ,
1226 3743 1330 3790 sive
1348 3741 1488 3798 juxta
1524 3743 1742 3792 ordinem

155 3812 336 3864 _s_uu.n_,
374 3801 684 3864 singillatim,
723 3814 832 3849 nam
861 3809 923 3864 ut
960 3803 1219 3864 scripserat
1256 3803 1305 3849 in
1349 3801 1637 3852 l’rasfatione
1682 3805 1740 3852 ad

157 3860 402 3924 Regulam
428 3860 479 3910 S'.
513 3862 776 3919 Pachomii,
808 3860 1148 3924 «Quicumque
1181 3864 1522 3924 monasterium
1561 3866 1743 3924 primus

157 3922 451 3984 ingreditur.
471 3925 649 3984 primus
661 3924 822 3982 sedet,
848 3925 1028 3984 primus
1045 3922 1274 3984 ambulat,
1303 3925 1491 3984 primus
1499 3922 1742 3972 Psalmum

154 3983 274 4044 dicit
294 3999 335 4044 vi
344 3996 455 4042 qua:
472 3982 525 4030 in
548 3984 653 4032 aliis
675 3995 869 4044 quoque
891 3983 1074 4044 regulis
1096 3982 1321 4044 Macharii
1339 3984 1430 4044 ,_S.
1459 3982 1737 4044 Fructuosi,

160 4051 215 4104 et
238 4043 291 4090 S.
316 4041 571 4091 Benedicti
595 4041 973 4092 continuantur:
1005 4042 1213 4090 Manavit
1236 4043 1297 4089 ab
1321 4041 1561 4104 {Egyptiis
1581 4041 1744 4094 mana?-

157 4103 265 4151 chis
289 4104 606 4162 consuetudo,
632 4104 756 4163 apud
773 4115 895 4164 quos
910 4105 1052 4150 etiam
1069 4105 1311 4163 praecipue
1328 4101 1500 4164 viguit.
1528 4101 1739 4155 Cassiani.

154 4164 244 4212 lib.
274 4166 325 4210 2.
351 4177 396 4211 c.
422 4165 470 4211 ὕ.
512 4163 859 4221 ιρυοιίάίεωοε
877 4165 1146 4211 orationum
1169 4163 1290 4212 ritus
1308 4163 1585 4212 volentibus
1605 4165 1741 4214 cele-

155 4239 323 4284 brare,
349 4237 476 4286 unus
499 4225 546 4273 in
567 4225 779 4274 medium
803 4222 1012 4286 psalmos
1030 4229 1306 4273 cantaturus
1329 4227 1541 4286 exurgit,
1567 4228 1743 4277 sedenu

156 4287 297 4335 tibus
313 4283 506 4346 cunctis
522 4320 536 4342 ,
560 4293 613 4334 ut
638 4287 783 4334 moris
804 4283 882 4346 est
903 4298 1030 4334 nunc
1051 4297 1208 4346 usque
1239 4285 1290 4332 in
1313 4283 1501 4346 ngypti
1527 4283 1743 4346 partibus

157 4354 210 4396 et
240 4349 289 4395 in
312 4344 564 4408 psallentis
587 4349 734 4396 verba
755 4345 886 4394 omni
909 4346 1068 4408 cordis
1103 4344 1582 4408 intentione'deiixis.
1600 4364 1622 4390 »
1683 4349 1745 4400 lit

159 4421 267 4468 cap.
299 4405 374 4456 i0.
407 4424 429 4454 ι
445 4405 651 4457 Tantum
673 4421 698 4455 a
724 4408 908 4456 cunctis
929 4406 1176 4468 silentium
1197 4407 1460 4468 praebetur,
1487 4414 1540 4454 ut
1561 4420 1668 4456 cum
1693 4412 1742 4460 in

157 4467 313 4516 unum
338 4477 432 4517 tam
455 4481 710 4518 numerosa
731 4467 928 4530 fratrum
963 4467 1218 4530 multitudo
1242 4468 1524 4526 conveniat,
1562 4479 1742 4530 praeter

162 4530 296 4579 illum
321 4531 403 4589 qui
426 4543 727 4591 consurgens
749 4529 981 4590 psalmum
1022 4529 1248 4578 decantat
1283 4531 1331 4577 in
1354 4530 1545 4589 medio,
1566 4529 1744 4582 nullus

160 4591 406 4640 Aoininum
433 4590 630 4640 prorsus
652 4590 826 4638 adeSSe
856 4591 1097 4640 credatur.
1123 4607 1146 4635 ι

233 4652 298 4715 (ti)
334 4651 406 4700 Ex
431 4651 647 4702 Ciceron.
677 4653 720 4699 1.
744 4651 950 4700 Oiﬁcior.
977 4665 1020 4701 c.
1165 4669 1202 4715 γι
1218 4651 1492 4702 Cavendum
1520 4659 1607 4715 est
1624 4691 1637 4715 ,
1677 4667 1745 4704 ne

160 4711 470 4779 tarditatibus
492 4723 679 4779 utamur
705 4715 752 4779 in
775 4721 947 4779 gressu
968 4711 1303 4779 mollioribus,
1329 4714 1592 4779 utnsimiles
1615 4711 1744 4779 pom-

157 4786 333 4838 parum
359 4774 554 4838 ferculis
577 4788 690 4838 esse
707 4774 973 4838 videamur.
988 4791 1008 4818 ››
1054 4775 1203 4824 Erant
1226 4778 1355 4838 enim
1379 4774 1558 4825 fercula
1582 4774 1744 4838 g'esla-

157 4835 293 4898 milia
332 4837 576 4898 quaedam,
599 4897 604 4898 ί
627 4837 689 4898 ἰοί
717 4836 895 4898 quibus
940 4835 1164 4898 Deorum,
1201 4835 1744 4898 simulacra,iho'stium

159 4891 322 4959 ειηξὶξι
341 4891 548 4959 {bisque
568 4891 822 4959 Similia'_in
859 4898 1045 4959 pompis
1080 4896 1448 4948 deferebantur.
1473 4891 1485 4897 ’
1504 4897 1657 4950 Porro
1678 4901 1744 4951 de

157 4953 337 5022 canina
348 4953 565 5022 facundia
577 4971 665 5022 seu
683 4953 912 5022 maledica
924 4953 1065 5020 Appii
1081 4959 1259 5022 dictum
1275 4971 1418 5018 supra
1433 4963 1745 5022 exposuimus

271 5012 610 5083 Q.uirit_i_liano.__
641 5018 750 5068 Alia
780 5012 1015 5083 denique
1029 5020 1278 5070 sententia
1310 5012 1544 5083 expressa
1577 5031 1656 5073 est
1677 5036 1740 5073 ex

162 5076 264 5126 illis
286 5074 451 5140 Persii
469 5079 690 5129 versibus
707 5115 721 5140 ,
914 5074 932 5083 ’
955 5097 958 5100 ’

323 5135 512 5201 obstipo
533 5141 686 5201 capite
705 5135 750 5192 et
769 5139 968 5205 figentes
987 5142 1163 5194 lumine
1185 5148 1368 5205 terrent

323 5205 473 5264 Atque
493 5201 776 5264 exporrecto
796 5201 1086 5254 ti'utatantur
1111 5204 1256 5255 verba
1278 5201 1466 5253 labello.

322 5260 490 5326 ΙῙεζςείο
511 5260 627 5326 quid
651 5270 806 5326 tecum
825 5277 971 5326 grave
995 5265 1261 5316 corniearis
1281 5302 1295 5326 ,
1322 5265 1496 5324 inepte.

232 5322 298 5383 (ε)
335 5321 651 5388 Symmachus
671 5321 934 5388 EpistCTib.
961 5327 1008 5376 1.
1032 5321 1560 5388 Ρτάεεάεϋαιγρὶωω,
1603 5327 1748 5380 adue-

167 5381 287 5448 nire
311 5381 656 5448 I-ra’fecturam
686 5381 859 5448 ubique
892 5386 1205 5439 denuntians:
1253 5396 1306 5439 et
1336 5381 1556 5439 Cassiod:
1580 5388 1744 5440 Divin.

173 5445 500 5516 iustitium}.
517 5449 559 5516 si
586 5445 868 5516 Prtefectum
891 5461 981 5516 vos;
1013 5452 1255 5516 Prpcogu‘s
1274 5449 1499 5516 enuntiet,
1523 5459 1618 5516 etc.
1640 5487 1655 5510 ,
1695 5462 1748 5504 et

169 5502 254 5553 lib.
295 5503 396 5566 γι.
427 5502 769 5557 Variarum'in
814 5508 1012 5559 formula
1062 5511 1371 5562 Praefectura
1416 5502 1746 5566 Prietoria'naa;

180 5586 200 5612 (ι
215 5567 375 5627 ipsum
387 5564 631 5639 bodieque
654 5579 848 5639 resonat
872 5585 964 5639 vox
989 5571 1232 5625 Prmonis
1251 5579 1498 5627 iustmens
1515 5564 1747 5639 judicent,

174 5640 318 5682 ncse

1501 151 1830 209 EPISTOLA
1867 152 2079 211 CXXV.

3313 171 3448 229 1082

1848 265 2249 326 Praefecturam.
2280 271 2421 329 Sunt
2472 276 2562 344 qui
2614 276 2841 337 humore
2869 282 3146 352 cellarum,
3175 285 3441 345 immode-

1869 363 2108 453 ratisque
2121 365 2358 435 jejunus,
2381 367 2540 424 taedio
2566 370 2890 441 solitudinis,
2921 389 2984 431 ac
2996 377 3162 434 nimia
3186 378 3438 453 lectione,

1863 452 1990 509 dum
2010 454 2204 514 diebus
2233 473 2299 515 ac
2324 461 2571 518 noctibus
2597 465 2815 521 auribus
2837 467 2950 522 suis
2975 479 3290 542 personant,
3313 452 3434 530 ver.

1864 553 2050 602 tantur
2066 549 2119 603 in
2151 550 2585 621 melancholiam,
2613 565 2672 610 et
2688 555 3222 630 Hippocratis‘magis
3243 561 3444 621 fomen~

1863 637 1952 704 tis,
1982 652 2142 708 quam
2165 644 2609 703 nostris-monitis
2631 646 2893 718 indigent.
2919 648 3400 720 Plerique'artibus
3419 693 3439 724 ,
3523 671 3526 674 ·

1861 736 1925 783 et
1943 732 2398 800 negotiationibus
2423 737 2666 806 pristinis
2689 751 2874 794 carere
2897 754 3005 796 non
3044 751 3288 812 possunt,
3320 758 3443 800 mu-

1864 820 2092 890 tatisque
2113 826 2424 882 nominibus
2455 829 2782 895 institorum,
2806 831 2994 888 eadem
3015 844 3440 893 exercent'com-

1859 915 2063 970 mercia
2106 934 2120 970 :
2160 933 2268 973 non
2320 920 2518 975 victum
2563 931 2618 977 et
2664 925 2946 991 vestitum,
2977 928 3120 996 quod
3152 930 3442 999 Apostolus

1860 1006 2190 1077 praecipita.
2213 1009 2345 1064 Tim.
2367 1011 2445 1083 6),
2469 1013 2564 1068 sed
2583 1014 2952 1086 majoraquam
2965 1018 3437 1090 saecull‘liomines,

1860 1094 2220 1183 emolumenta
2260 1111 2549 1158 sectantes.
2580 1105 2649 1159 Et
2688 1106 2842 1175 prius;
2875 1108 3088 1177 quidem
3134 1110 3201 1164 ab
3271 1107 3438 1183 ΜΕ.

1858 1181 2155 1253 ΛΕὰίιίδιιε,
2206 1204 2342 1259 quos
2379 1195 2694 1263 ἀγορανόμους
2733 1196 2903 1252 Graeci
2944 1199 3255 1268 appellant’,
3292 1181 3443 1255 dveni-

1859 1272 2097 1330 dentium
2127 1281 2476 1338 coercebatur
2514 1285 2718 1353 rabies,
2765 1303 2864 1342 nec
2891 1299 3005 1343 erat
3061 1290 3276 1361 impune
3313 1307 3440 1362 pec-

1857 1374 2055 1419 catum.
2095 1367 2249 1425 Nune
2273 1381 2451 1427 autem
2483 1375 2583 1428 sub
2628 1377 3082 1446 religionis-titulo
3121 1391 3438 1436 exercentur

1857 1455 2052 1525 injusta
2073 1462 2390 1531 compendia
2419 1463 2517 1536 [a|.
2546 1468 2891 1542 commercia],
2910 1485 2980 1524 ετ
3004 1485 3178 1527 ιιοκοκ
3204 1472 3437 1529 nominis

1856 1545 2148 1604 Christiani
2175 1551 2416 1609 fraudem
2466 1557 2632 1626 magis
2655 1538 2814 1624 facit,
2831 1538 2990 1629 quam
3017 1563 3234 1630 patitur.
3259 1561 3438 1630 Quod-

1856 1650 1960 1704 que
1988 1641 2154 1706 pudet
2173 1641 2354 1699 dicere
2375 1685 2390 1710 ,
2433 1647 2526 1700 sed
2558 1663 2776 1704 necesse
2804 1659 2906 1716 est,
2939 1660 2998 1706 ut
3023 1652 3212 1709 saltem
3261 1653 3340 1708 sic
3372 1652 3439 1708 ad

1855 1741 2098 1785 nosxrum
2135 1733 2519 1792 erubescamus
2546 1739 2799 1805 dedecus,
2830 1742 3042 1811 publice
3083 1746 3438 1801 extendentes

1857 1833 2047 1874 manus
2067 1861 2082 1885 ,
2111 1825 2308 1890 pannis
2341 1841 2530 1880 aurum
2559 1829 2825 1897 tegimus:
2857 1840 2912 1885 et
2953 1844 3142 1888 contra
3193 1835 3432 1890 omnium

1853 1909 2180 1978 opinionem,
2205 1914 2377 1983 plenis
2401 1919 2630 1973 sacculis
2650 1922 2912 1977 morimur
2936 1923 3151 1993 divites,
3171 1925 3262 1996 qui
3283 1927 3437 1996 quasi

1852 2014 2118 2070 pauperes
2148 2003 2395 2062 viximus.
2440 2005 2560 2063 Tibi
2588 2024 2709 2064 cum
2741 2010 2797 2064 in
2852 2015 3181 2070 monasterio
3219 2017 3390 2074 literis
3413 2059 3431 2088 ,

1854 2091 1969 2148 haec
1999 2096 2174 2151 facere
2208 2113 2314 2152 non
2337 2099 2519 2155 licebit
2549 2119 2560 2154 :
2593 2112 2646 2155 et
2671 2103 3000 2160 inolescente
3015 2108 3269 2175 paulatim
3295 2125 3433 2166 con-

1853 2185 2158 2251 suetudine,
2188 2188 2330 2256 quod
2372 2190 2598 2258 primum
2623 2193 2935 2261 cogebaris,
2960 2195 3044 2249 vel
3082 2196 3329 2266 incipies,
3377 2209 3432 2256 et

1853 2272 2140 2328 delectabit
2167 2285 2221 2330 te
2273 2277 2426 2332 labor
2455 2288 2609 2345 tuus;
2651 2282 2954 2352 oblitusque
2997 2287 3431 2359 praeteritorum,

1851 2377 2067 2431 semper
2097 2365 2272 2433 priora
2303 2369 2597 2423 sectaberis
2631 2385 2648 2425 :
2673 2385 3005 2441 nequaquam
3043 2375 3391 2433 considerans
3411 2419 3430 2446 ,

1853 2453 1979 2523 quid
2011 2454 2101 2509 alii
2127 2456 2254 2510 mali
2277 2456 2495 2524 faciant,
2517 2460 2612 2514 sed
2637 2460 2765 2530 quid
2787 2462 2913 2516 boni
2933 2472 2986 2518 tu
3009 2463 3186 2520 facere
3210 2456 3429 2524 debeas.

1929 2547 2010 2600 t7.
2031 2546 2339 2601 Clericorum
2354 2547 2744 2622 lana—Neque
2761 2568 2888 2609 vero
2911 2558 3245 2624 peccantium
3263 2558 3428 2614 duca-

1849 2635 1925 2692 ris
1950 2638 2314 2706 multitudine,
2342 2649 2397 2695 et
2424 2649 2475 2695 te
2501 2644 2839 2711 pereuntium
2867 2647 3019 2702 turba
3051 2648 3306 2705 sollicitet
3325 2693 3338 2718 ,
3373 2662 3433 2706 ut

1850 2727 2044 2783 tacitus
2077 2729 2283 2800 cogites
2305 2733 2384 2802 (1)
2415 2748 2428 2782 :
2462 2732 2636 2798 Quid?
2667 2750 2794 2804 ergo
2818 2751 3008 2792 omnes
3031 2740 3300 2807 peribunt,
3333 2742 3426 2811 qui

1850 2819 1904 2873 in
1929 2821 2148 2877 urbibus
2176 2821 2453 2877 habitant?
2497 2824 2636 2880 Ecce
2670 2827 2742 2880 illi
2792 2826 3043 2884 fruuntur
3069 2831 3186 2885 suis
3223 2833 3424 2900 rebus,

1849 2913 2155 2968 ministrant
2193 2915 2472 2981 Ecclesiis,
2506 2917 2707 2972 adeunt
2744 2919 2980 2985 balneas,
3013 2933 3280 2992 unguenta
3319 2938 3426 2979 non

1847 3015 2145 3075 spernunt;
2191 3015 2244 3060 et
2290 3010 2550 3062 tamenin
2599 3011 2839 3066 omnium
2872 3029 2966 3067 ore
2994 3023 3298 3071 versantur.
3346 3017 3428 3071 Ad

1847 3096 1989 3166 quod
2017 3107 2070 3151 et
2090 3105 2212 3152 ante
2239 3099 2514 3167 respondi,
2565 3111 2619 3155 et
2660 3117 2803 3158 nunc
2835 3103 3072 3159 breviter
3095 3107 3425 3176 respondeo,

1847 3201 1934 3241 me
1961 3187 2014 3242 in
2047 3188 2306 3256 praesenti
2350 3191 2610 3257 opusculo
2635 3207 2742 3246 non
2770 3192 2838 3248 de
2859 3192 3084 3250 Clericis
3114 3196 3424 3266 disputare,

1846 3277 1939 3332 sed
1970 3277 2289 3332 monachum
2322 3280 2620 3336 instituere.
2643 3281 2825 3338 Sancti
2867 3292 2992 3340 sunt
3013 3285 3210 3342 Clerici
3229 3296 3284 3343 et
3311 3303 3428 3343 om-

1847 3368 1995 3423 nium
2029 3369 2134 3423 vita
2163 3369 2467 3426 laudabilis.
2497 3369 2574 3425 Ita
2613 3388 2745 3444 ergo
2784 3389 2902 3445 age,
2932 3385 2984 3432 et
3007 3377 3131 3432 vive
3155 3379 3209 3433 in
3239 3393 3429 3436 mona-

1845 3460 2032 3524 sterio,
2062 3468 2119 3513 ut
2157 3459 2399 3516 Clericus
2423 3476 2548 3517 esse
2575 3465 2854 3533 merearis,
2902 3474 2960 3521 ut
3001 3468 3422 3527 adolescentiam

1848 3558 1990 3604 tuam
2042 3551 2190 3606 nulla
2218 3551 2380 3607 sorde
2403 3555 2788 3622 commacules,
2832 3566 2889 3610 ut
2925 3558 2992 3612 ad
3029 3559 3204 3616 altare
3225 3561 3425 3618 Christi

1845 3640 1994 3707 quasi
2029 3640 2097 3695 de
2129 3641 2360 3698 thalamo
2389 3643 2538 3713 virgo
2570 3645 2850 3714 procedas,
2879 3656 2931 3702 et
2975 3648 3176 3706 habeas
3201 3651 3270 3706 de
3296 3651 3425 3708 foris

1845 3731 2044 3787 bonum
2075 3735 2436 3790 testimonium
2471 3752 2486 3790 :
2513 3735 2842 3805 feminaeque
2861 3753 3054 3794 nomen
3084 3750 3232 3796 tuum
3261 3757 3428 3798 nove-

1844 3825 1970 3891 rint,
2017 3833 2072 3879 et
2117 3826 2320 3880 vultum
2347 3834 2496 3880 tuum
2548 3827 2810 3881 nesciant.
2840 3829 2972 3882 Cum
3017 3831 3085 3882 ad
3137 3833 3423 3900 perfectam

1845 3921 2055 3967 aetatem
2081 3915 2313 3976 veneris,
2341 3914 2384 3966 si
2417 3921 2591 3968 tamen
2620 3915 2726 3968 vita
2752 3929 2936 3971 eomes
2966 3916 3146 3983 fuerit,
3176 3928 3229 3973 et
3252 3928 3304 3974 te
3333 3923 3416 3976 vel

1852 4002 2096 4071 p0pulus,
2128 4003 2210 4056 vel
2234 4003 2481 4058 Pontifex
2514 4004 2772 4071 civitatis,
2805 4009 2858 4060 in
2884 4007 3151 4063 Clericum
3179 4011 3423 4081 elegerit,

1849 4094 1992 4162 agito
2013 4107 2131 4162 qua!
2165 4094 2509 4160 Clericisunt,
2537 4095 2752 4151 etinter
2819 4096 2982 4169 9“
3056 4099 3426 4168 ipsosaectare

1846 4184 2113 4238 meliores.
2144 4199 2266 4247 eum
2292 4200 2341 4239 tu
2372 4199 2499 4240 OINI
2528 4185 2837 4242 conditione
2865 4195 2921 4243 et
2959 4189 3126 4258 gradu
3145 4231 3161 4254 ,
3205 4193 3422 4262 optimis

1846 4273 2009 4328 mixta
2037 4282 2166 4330 sunt
2190 4275 2446 4344 pessima.

1918 4365 2005 4420 18.
2029 4365 2165 4430 Quid
2180 4366 2473 4420 cavendum.
2491 4366 2650 4422 —Ne
2674 4367 2740 4437 ad
2763 4369 3113 4426 scribendum
3129 4373 3235 4428 cito
3249 4375 3420 4444 prosi—

1847 4459 1964 4525 lias,
1985 4469 2037 4513 et
2053 4459 2156 4513 levi
2176 4458 2386 4514 ducaris
2414 4460 2638 4514 insania.
2658 4459 2831 4517 Multo.
2847 4465 3255 4532 tempere-disce
3279 4467 3424 4536 quod

1845 4547 2058 4602 doceas.
2079 4548 2156 4604 Ne
2165 4548 2352 4603 credas
2367 4549 2734 4606 laudatoribus
2748 4554 2872 4619 tuis,
2886 4554 2994 4607 imo
3008 4555 3422 4614 irrisoribusau-

1845 4653 1960 4694 rem
1977 4655 2043 4692 ne
2059 4639 2286 4694 libenter
2300 4641 2694 4707 accommodes;
2714 4643 2937 4710 quicum
2959 4651 3009 4696 te
3028 4642 3419 4700 adulationibus

1846 4731 2095 4798 foverint,
2113 4739 2169 4786 et
2198 4731 2594 4800 quodammodo
2611 4733 2860 4801 impotem
2884 4731 3077 4787 mentis
3107 4729 3380 4790 eﬂ‘ecerint
3400 4776 3420 4803 ,

1845 4822 1892 4878 si
1919 4823 2095 4878 subito
2118 4823 2441 4891 respexeris,
2475 4822 2552 4893 (ά)
2579 4831 2672 4875 aut
2693 4822 3020 4876 ciconiarum
3047 4821 3431 4892 deprehendes

1845 4922 1967 4983 post
2011 4922 2063 4968 te
2104 4913 2241 4968 colla
2287 4912 2534 4978 curvari,
2583 4921 2672 4965 aut
2715 4926 2875 4967 manu
2919 4913 3186 4967 auriculas
3229 4913 3430 4984 agitari

1845 5007 2015 5074 asini,
2058 5012 2150 5059 aut
2175 4999 2492 5058 aestuantem
2519 5003 2671 5058 canis
2713 5005 2960 5073 protendi
2989 5005 3245 5075 linguam.
3275 5007 3429 5062 Nulli

1847 5097 2097 5152 detrahas
2124 5108 2225 5150 nec
2251 5095 2305 5150 in
2332 5109 2398 5151 eo
2425 5105 2479 5150 te
2515 5104 2758 5151 sanctum
2786 5108 2972 5168 putes,
3007 5098 3054 5154 si
3081 5106 3306 5155 caeteros
3336 5100 3416 5155 Ia-

1916 5269 2096 5381 ἓξὲξ(
2118 5269 2275 5320 Persii
2298 5269 2453 5334 Satyr.
2481 5270 2528 5322 1.
2553 5275 2660 5321 tres
2679 5271 2836 5323 hosce
2857 5273 3275 5326 irridendi‘modos
3293 5310 3309 5338 ,
3335 5290 3430 5328 ex-

1883 5345 2032 5382 ressn
2058 5345 2070 5378 ε

1848 5345 2153 5458 Ρΐνθδὲιαὶιηε
2175 5406 2206 5442 a
2228 5399 2361 5458 tergo
2376 5405 2524 5462 quem
2544 5393 2678 5462 nitito
2700 5395 2886 5447 ciconia
2905 5397 3052 5462 pinsit
3065 5435 3080 5460 ,

1974 5463 2068 5504 Nec
2089 5467 2260 5520 manus
2276 5455 2521 5520 auriculas
2544 5457 2735 5520 imitata
2750 5465 2820 5508 est
2843 5455 3027 5511 mobilis
3048 5455 3215 5520 albas,

1975 5524 2068 5584 nec
2092 5515 2252 5584 lingua
2273 5523 2455 5584 tantum
2478 5517 2604 5584 sitiat
2627 5518 2760 5570 canis
2792 5523 2982 5584 ζιρηιιιίι,
3011 5515 3210 5574 tantum.

1915 5576 1988 5636 (1)
2022 5576 2195 5649 Gravib
2213 5579 2287 5628 sic
2306 5580 2536 5649 distingui
2569 5580 2727 5632 locum
2757 5576 2939 5645 placet:
2971 5576 3117 5646 'Quid
3139 5583 3296 5649 ergo?
3317 5595 3426 5639 om-

1853 5651 1939 5688 nes
1956 5639 2174 5700 pentiam
2195 5677 2211 5700 ,
2233 5639 2335 5701 qui,
2360 5647 2459 5690 etc.
