4026 6186
576 193 714 251 1085

579 402 843 474 metipsos
870 395 1083 457 diserti,
1113 393 1168 445 in
1207 397 1391 444 nostra
1417 389 1544 443 vitia
1576 388 1905 457 invehimur,
1934 389 2067 444 muti
2088 388 2157 444 de

580 491 954 562 eloquentibus
986 484 1310 554 judicantes.
1343 481 1672 537 Testudinco
1700 480 1976 537 Grunnius
2004 480 2154 539 ince-

579 584 740 639 debat
763 580 828 635 ad
858 575 1186 646 loquendum
1230 573 1434 645 gradu,
1480 582 1536 629 et
1566 589 1663 644 per
1691 574 1971 630 intervalla
2011 588 2159 644 quae-

576 673 722 737 dam,
756 669 840 723 vix
869 680 1035 736 pauca
1066 664 1232 720 verba
1256 664 1533 734 carpebat,
1564 672 1624 719 ut
1645 679 1766 720 eum
1797 672 2015 735 putares
2043 664 2160 718 sin-

574 763 807 832 gultire,
854 773 960 812 non
991 757 1257 828 proloqui.
1285 756 1354 810 Et
1381 766 1560 811 tamen
1594 771 1716 812 cum
1747 770 1932 811 mensa
1962 755 2154 824 posita,

574 857 836 910 librorum
881 850 1220 922 exposuisset
1271 858 1511 915 struem,
1559 848 1790 904 adducto
1838 846 2155 918 supercilio,

574 944 974 1013 contractisque
1001 941 1242 1004 naribus,
1272 955 1335 995 ac
1362 942 1535 996 fronte
1556 950 1764 1009 rugata,
1797 939 2005 994 duobus
2025 939 2158 1009 digi-

577 1038 704 1092 tulis
725 1034 1102 1104 concrepabat,
1129 1032 1234 1087 hoc
1258 1032 1411 1101 signo
1433 1030 1500 1086 ad
1519 1031 1845 1086 audiendum
1867 1029 2159 1099 discipulos

578 1143 899 1199 provocans.
933 1126 1069 1181 Tum
1099 1139 1268 1194 nugas
1306 1138 1485 1179 meras
1519 1124 1761 1190 fundere,
1794 1132 1848 1177 et
1876 1122 2158 1177 adversum

579 1220 823 1290 singulos
854 1217 1195 1273 declamare:
1227 1213 1302 1286 (a)
1333 1215 1579 1269 criticum
1616 1213 1824 1268 diceres
1862 1227 1984 1268 esse
2020 1213 2161 1267 Lon-

579 1315 783 1383 ginum,
819 1311 901 1381 (1)
930 1310 1330 1377 Censoremque
1357 1306 1617 1361 Romana:
1645 1305 1942 1371 facundite,
1971 1314 2161 1360 notare

578 1419 737 1475 quem
768 1402 963 1468 vellet,
999 1410 1053 1455 et
1085 1400 1153 1454 de
1191 1399 1389 1455 Senatu
1419 1398 1697 1454 doctorum
1725 1397 2032 1452 excludere.
2066 1397 2162 1451 llic

583 1496 723 1551 bene
751 1501 1092 1557 nummatus,
1123 1490 1199 1562 (2)
1243 1490 1363 1560 plus
1390 1488 1634 1559 placebat
1672 1488 1723 1542 in
1765 1488 2024 1557 prandiis.
2052 1486 2162 1542 Nec

583 1586 801 1652 mirum,
832 1584 877 1638 si
905 1584 995 1653 qui
1028 1583 1225 1636 multos
1248 1566 1489 1635 inescare
1517 1579 1708 1633 solitus
1732 1588 1874 1642 erat,
1908 1578 2048 1632 facto
2068 1592 2163 1632 cu-

586 1691 688 1731 neo
732 1671 1290 1741 circumstrepentium
1331 1670 1703 1740 garrulorum,
1754 1668 2080 1739 procedebat
2107 1669 2160 1723 iu

584 1767 855 1837 publicum
885 1782 898 1820 :
933 1765 1075 1819 intus
1104 1764 1266 1828 Nero,
1298 1762 1428 1817 foris
1453 1762 1609 1817 Cato.
1651 1761 1816 1816 Totus
1845 1761 2123 1831 ambiguus
2142 1802 2158 1830 ,

586 1868 646 1913 ut
674 1874 741 1913 ex
762 1856 1045 1912 contrariis
1065 1855 1398 1924 diversisque
1424 1853 1649 1920 naturis,
1675 1868 1839 1908 unum
1863 1864 2160 1909 monstrum

583 1966 881 2021 novamque
926 1949 1151 2005 bestiam
1196 1948 1406 2003 diceres
1448 1962 1568 2002 esse
1611 1955 1974 2017 compactam,
2010 1946 2160 2017 juxta

581 2042 711 2097 illud
742 2042 1006 2112 poeticum
1031 2056 1046 2095 :

644 2132 736 2203 ‘(b)
766 2130 947 2185 Prima
972 2132 1070 2198 leo,
1099 2138 1349 2200 postrema
1378 2128 1739 2196 draco,media
1760 2128 1876 2199 ipsa
1896 2127 2157 2183 chimaera.

654 2224 743 2280 19.
776 2223 1059 2294 Nunquam
1109 2238 1238 2293 ergo
1281 2222 1414 2276 tales
1454 2221 1670 2288 videas,
1715 2236 1816 2276 nec
1858 2219 2160 2291 bujusmodi

490 2347 496 2353 ~
584 2316 890 2371 hominibus
915 2314 1222 2384 appliceris,
1250 2328 1348 2368 nec
1370 2312 1607 2367 declines
1629 2327 1724 2368 cor
1750 2323 1895 2367 tuum
1924 2312 1978 2366 in
2001 2313 2161 2366 verba

584 2406 800 2461 malitia:
824 2446 840 2472 ,
872 2414 925 2460 et
949 2404 1134 2458 audias
1159 2420 1172 2458 :
1207 2403 1402 2458 Sedens
1426 2403 1665 2469 adversus
1688 2406 1894 2473 fratrem
1920 2410 2058 2455 tuum
2090 2400 2166 2455 lo-

583 2496 834 2567 quebaris,
861 2504 909 2549 et
934 2495 1171 2548 adversus
1194 2493 1359 2562 ﬁlium
1379 2494 1555 2547 matris
1586 2501 1686 2546 tute
1706 2492 1924 2559 ponebas
1951 2491 2168 2545 scanda-

585 2590 713 2644 lutn.
750 2586 821 2642 Et
847 2587 1036 2642 iterum
1067 2603 1080 2640 :
1112 2585 1239 2640 Filii
1281 2586 1568 2649 hominum,
1643 2582 1806 2654 9&6
1876 2582 2048 2636 dentes
2076 2600 2165 2637 eo-

478 2680 481 2685 ’
585 2699 702 2737 rum
738 2697 881 2735 arma
907 2690 953 2736 et
990 2680 1188 2752 sagitta!
1214 2677 1398 2750 (Psal.
1432 2677 1519 2731 56.
1561 2674 1645 2746 5).
1679 2675 1747 2729 Et
1775 2674 1897 2729 alibi
1930 2693 1944 2728 :
1977 2674 2167 2728 Molliti

585 2784 702 2831 sunt
730 2789 980 2830 sermones
1020 2774 1135 2843 ejus
1173 2788 1326 2838 super
1362 2770 1559 2833 oleum,
1608 2776 1656 2822 et
1700 2767 1801 2836 ipsi
1841 2776 1957 2821 sunt
1990 2767 2167 2837 iacula

590 2866 707 2939 (Ps.
732 2868 821 2923 54.
840 2864 955 2936 22).
981 2864 1049 2919 Et
1069 2863 1308 2934 apertius
1328 2861 1378 2915 in
1402 2860 1729 2915 Ecclesiaste
1755 2877 1768 2913 :
1799 2858 1947 2914 Sicut
1972 2860 2167 2913 mordet

585 2976 792 3028 serpens
817 2960 873 3012 in
900 2957 1131 3019 silentio,
1174 2956 1248 3009 sic
1287 2955 1374 3023 qui
1398 2953 1551 3023 fratri
1592 2968 1685 3006 suo
1715 2953 1909 3007 occulte
1947 2952 2167 3006 detrahit

590 3048 758 3117 (Eccl.
796 3048 883 3104 10.
925 3046 1038 3116 11).
1070 3044 1178 3101 Sed
1221 3043 1411 3099 dices:
1445 3042 1563 3112 Ipse
1606 3058 1712 3098 non
1759 3042 2009 3110 detraho,
2047 3043 2166 3098 aliis

617 3140 929 3210 aquentibus
956 3137 1080 3208 quid
1127 3137 1301 3191 facere
1327 3134 1586 3205 possum?
1620 3134 1701 3189 Ad
1739 3134 2054 3189 excusandas
2082 3149 2170 3189 ea:-

588 3233 869 3285 cusationes
908 3230 963 3284 in
991 3228 1210 3300 peccatis
1254 3224 1426 3298 (Psal.
1456 3222 1580 3298 N0)
1622 3225 1721 3280 ista
1761 3225 2163 3294 praetendimus.
2240 3260 2253 3264 ς

588 3322 833 3378 Christus
875 3329 989 3374 arte
1036 3334 1140 3373 non
1185 3317 1448 3373 illuditur.
1490 3316 1833 3385 Nequaquam
1879 3328 2033 3379 mea,
2071 3313 2168 3368 sed

588 3413 829 3483 Apostoli
856 3411 1119 3466 sententia
1144 3418 1263 3464 est:
1297 3408 1472 3461 Nolite
1493 3422 1661 3461 errare
1691 3421 1710 3460 :
1749 3406 1885 3460 Deus
1910 3422 2011 3460 non
2044 3406 2168 3459 irri-

590 3505 736 3557 detur
755 3500 956 3570 (Gatat.
979 3500 1033 3553 6.
1058 3499 1135 3567 7).
1161 3498 1255 3553 Ille
1277 3498 1328 3552 in
1350 3498 1533 3562 corde,
1552 3512 1653 3553 nos
1672 3497 1913 3551 videmus
1936 3499 1987 3552 in
2011 3498 2164 3555 facie.

590 3592 844 3648 Salomon
872 3589 1108 3659 loquitur
1138 3590 1190 3642 in
1223 3588 1523 3642 Proverbiis
1551 3605 1565 3642 :
1605 3587 1796 3642 Ventus
1820 3589 1990 3658 aquilo
2018 3589 2171 3644 dissi-

591 3694 678 3756 p’ll
705 3683 877 3748 nubes,
906 3689 951 3736 et
981 3682 1144 3736 vultus
1164 3680 1341 3747 tristis,
1366 3679 1565 3750 linguas
1594 3680 1961 3734 detrahentium
1984 3680 2166 3753 (Prov.

589 3778 681 3834 25.
711 3777 828 3846 25).
861 3774 1010 3831 Sicut
1035 3774 1176 3829 enim
1205 3773 1392 3843 sagitta
1423 3772 1468 3826 si
1500 3772 1740 3827 mittatur
1764 3783 1947 3828 contra
1979 3772 2167 3828 duram

592 3869 871 3924 materiam
894 3907 908 3931 ,
942 3879 1323 3933 nonnunquam
1354 3864 1406 3917 in
1437 3863 1736 3918 mittentem
1778 3864 2084 3929 revertitur,
2116 3873 2171 3921 et

592 3963 840 4018 vulnerat
886 3959 1291 4020 vulnerantem;
1348 3954 1583 4025 illudque
1629 3956 1975 4024 completur:
2019 3955 2169 4010 Facti

592 4062 707 4108 sunt
736 4051 862 4104 mihi
886 4051 939 4103 in
961 4064 1132 4102 arcum
1154 4063 1364 4117 pravum
1394 4045 1509 4117 (Ps.
1534 4048 1622 4100 77.
1647 4046 1757 4117 57).
1786 4047 1850 4100 Et
1871 4046 1995 4101 alibi
2026 4065 2038 4101 :
2070 4047 2170 4112 Qui

594 4144 742 4196 mittit
763 4143 815 4195 in
836 4139 996 4194 altum
1025 4139 1265 4207 lapidem,
1295 4138 1479 4192 recidet
1499 4138 1550 4191 in
1574 4147 1724 4209 caput
1749 4140 1859 4210 ejus
1882 4138 2049 4212 (Eccl.
2074 4138 2166 4194 27.

593 4235 689 4302 28)
717 4251 729 4287 :
760 4234 830 4286 ita
857 4230 1126 4285 detractor
1148 4243 1268 4285 cum
1290 4212 1498 4284 tristem
1522 4230 1708 4285 faciem
1728 4229 1922 4284 viderit
1946 4229 2169 4285 audien-

598 4324 701 4389 tis,
733 4322 841 4375 imo
872 4333 938 4373 ne
983 4318 1250 4373 audientis
1278 4319 1527 4387 quidem,
1558 4320 1653 4375 sed
1687 4319 1987 4376 obturantis
2014 4336 2172 4379 aures

596 4428 743 4479 suas,
770 4425 840 4467 ne
870 4408 1049 4464 audiat
1069 4407 1328 4478 judicium
1350 4409 1646 4478 sanguinis,
1671 4409 1818 4465 illico
1838 4410 2169 4479 conticescit,

596 4505 765 4578 pallet
807 4502 1023 4568 vultus,
1072 4500 1279 4556 hazrent
1307 4498 1477 4567 labia,
1525 4499 1693 4554 saliva
1735 4500 1988 4556 siccatur.
2019 4501 2174 4559 Unde

661 4665 734 4728 (a)
770 4662 928 4728 Antea
958 4661 1273 4728 vitioseuerat
1294 4656 1509 4728 creticus
1531 4695 1544 4715 ,
1569 4656 1697 4720 quod
1734 4670 1824 4728 nos
1861 4657 2177 4728 emendamus

598 4720 888 4784 ex‘ingenio
911 4729 963 4773 et
993 4722 1170 4784 Latinii
1210 4720 1520 4784 auctoritate,
1542 4732 1671 4784 naui
1686 4721 2177 4784 praeterquamun

594 4802 690 4839 nec
714 4779 934 4838 Creticus
957 4790 1063 4833 erat
1084 4783 1349 4845 Longinus,
1373 4780 1460 4830 sed
1485 4780 1609 4845 forte
1632 4779 1949 4845 Emessenus,
1975 4779 2177 4845 minime

595 4851 653 4899 ad
677 4862 784 4899 rem
809 4854 944 4897 esset
964 4846 1056 4895 hoc
1077 4846 1129 4893 in
1156 4841 1264 4893 loco
1287 4846 1394 4906 ejus
1433 4841 1633 4906 patriam
1673 4841 1975 4906 meminisse.
2001 4841 2177 4906 ΔΕθωι-

596 4913 762 4967 trario,
787 4912 912 4959 sicut
945 4907 1240 4965 Aristarchi,
1265 4902 1330 4967 ita
1368 4902 1572 4967 Longini
1612 4903 1864 4967 notissima
1899 4904 1953 4954 in
1990 4902 2180 4954 Criticis

595 4962 788 5022 nomina
810 4971 938 5032 apud
959 4969 1215 5029 Antiquos,
1228 4962 1415 5032 'qiiibus
1437 4962 1531 5032 iste
1552 4966 1599 5013 in
1621 4965 1793 5032 primis
1815 4980 2072 5032 ιρετειιώτατος
2096 4979 2180 5014 au-

596 5036 686 5084 diit
711 5026 954 5084 :Celébre
994 5026 1305 5096 est—quoque
1342 5026 1458 5096 illud
1480 5026 1635 5096 _quasi
1675 5026 1998 5076 Proverbium
2021 5040 2063 5077 ot.
2085 5039 2181 5078 κατὰ

595 5108 759 5157 λοττῖνον
772 5108 923 5157 ξρὶνιιν,
950 5091 1081 5157 quod
1101 5087 1182 5157 ῥεῖ
1203 5087 1640 5157 temere

684 5156 728 5221 b)
766 5147 1042 5221 E'xpressus
1062 5152 1144 5221 hic
1162 5147 1444 5221 versiculus
1467 5162 1531 5199 ex
1548 5148 1631 5198 illo
1654 5147 1854 5198 Hesiodi
1878 5148 2180 5211 Theogonite

664 5170 728 5221 (υ)
766 5170 1042 5266 bXﬁfeSSUS
1066 5170 1144 5224 "lc
1172 5170 1431 5201 VGI'SICIIIU:

596 5219 703 5268 323.
730 5216 813 5267 vel
880 5228 1036 5265 omen
1060 5211 1235 5264 Iliados
1256 5223 1296 5270 ζ.
1326 5211 1431 5261 181.

813 5290 1062 5341 “pedalis-fr,
1085 5282 1288 5341 inuria-8i
1304 5282 1456 5341 δράκις.
1473 5281 1655 5341 μίσυ-ιι.δί

813 5298 953 5341 Πρόσθε
963 5298 1062 5333 λων,
1085 5298 1229 5325 δίκην
1247 5298 1288 5324 6t
1304 5298 1456 5338 apum.
1473 5298 1590 5334 μου-η
1613 5298 1655 5322 οι
1701 5298 1774 5332 tua:
1828 5311 1838 5321 .

598 5339 653 5389 Id
673 5348 751 5405 est
767 5353 936 5405 capra.
952 5338 1113 5388 Habet
1136 5335 1307 5405 Latine
1332 5342 1383 5385 et
1411 5298 1736 5405 Lucret-lusit.
1960 5401 1968 5405 Α
2032 5394 2047 5405 ‘
2071 5395 2080 5405 _
2119 5392 2154 5405 ῃ

664 5402 739 5460 (1)
773 5392 977 5450 Gravius
999 5397 1277 5450 Censorium
1309 5398 1481 5459 reponi
1504 5394 1674 5446 vellet.
1699 5394 1852 5444 Paulo
1869 5401 1976 5457 post
1998 5394 2082 5444 ubi
2104 5392 2183 5442 di-

601 5462 727 5523 citur
748 5460 856 5523 plus
879 5460 1111 5523 placebat.

666 5516 942 5584 (2)'Eidém
966 5523 1128 5584 purior
1151 5521 1260 5584 haec
1280 5519 1472 5584 videtur
1494 5518 1670 5584 lectio;
1701 5517 1815 5584 Plus
1835 5517 1921 5584 illa
1943 5516 2178 5584 placebat.

603 5576 685 5629 Δι’
706 5576 836 5649 vide,
881 5576 995 5630 num
1032 5582 1299 5643 legendum
1333 5581 1463 5634 forte
1507 5580 1574 5632 sit
1610 5579 1728 5635 Plus
1758 5578 1847 5634 illa
1873 5576 2100 5643 hiempe
2124 5576 2187 5631 de

605 5640 829 5711 prandiis
852 5652 1014 5694 sermo
1037 5640 1131 5712 est,

1868 182 2108 241 SANCTI
2147 179 2525 239 HIERONYMI

576 324 754 367 ceres.
784 314 1112 368 Accusamus
1140 314 1283 368 stupe
1307 297 1448 368 quod
1474 296 1722 364 facimus,
1748 305 1804 353 et
1823 307 2012 352 contra
2031 311 2157 353 nos-
2259 298 2397 352 idem
2433 296 2515 352 vir
2551 296 2764 367 sapiens
2792 312 2806 351 :
2837 295 2962 352 Cum
2989 297 3386 367 detractoribus,
3418 297 3641 369 inquit,
3675 315 3742 352 ne
3761 302 3855 352 uti.
3952 290 3976 353 Ρ

2257 389 2443 443 scearis
2458 404 2478 442 :
2491 389 2730 458 quoniam
2745 397 2951 458 repente
2968 392 3125 444 veniet
3141 391 3357 461 perditio
3377 406 3565 445 eorum
3585 398 3638 444 et
3659 393 3851 446 ruina

2259 479 2517 550 utriusque
2542 479 2654 547 quis
2680 479 2817 534 novit
2845 478 3023 550 (Prov.
3049 479 3139 536 2L
3168 480 3261 551 2i)
3292 498 3309 536 :
3342 489 3454 536 tam
3481 480 3712 536 scilicet
3747 483 3853 551 ejus

2256 570 2347 639 qui
2377 569 2632 640 loquitur,
2662 585 2822 641 quam
2852 570 3024 640 illius,
3053 573 3143 643 qui
3169 572 3317 628 audit
3360 573 3719 644 loquentem.
3758 574 3855 630 Ya-

2257 677 2410 718 λιι-ιε
2433 677 2663 718 ANGULOS
2689 678 2794 718 non
2826 672 3000 731 amat,
3027 678 3128 719 nec
3160 665 3356 734 quaerit
3379 680 3748 721 susurrones.
3774 666 3851 722 Tt-

2259 754 2478 809 mntheo
2521 753 2718 808 dicitur
2755 771 2768 808 :
2816 755 3094 810 Adversum
3144 755 3495 826 presbyterum
3561 758 3848 812 accusatio.

2260 861 2374 898 nem
2403 844 2477 915 (c)
2505 847 2604 899 cito
2644 861 2745 899 non
2779 847 3045 915 receperis.
3084 845 3389 900 Peccantem
3431 855 3647 914 autem,
3688 865 3851 902 coras

2261 935 2491 989 omnibus
2515 952 2690 1006 argue,
2717 946 2771 990 ut
2796 946 2842 990 et
2864 937 3031 991 elateri
3057 947 3241 991 metum
3265 937 3485 992 habeant
3510 939 3599 1009 (1.
3633 939 3772 993 Tim.
3805 941 3850 995 5.

2262 1030 2350 1086 19.
2380 1040 2427 1084 et
2453 1029 2567 1101 20).
2595 1030 2709 1085 Non
2738 1039 2822 1086 est
2847 1028 3003 1086 facile
3042 1030 3110 1085 de
3138 1039 3389 1102 provecta
3418 1040 3590 1087 :ctate
3628 1033 3854 1087 creden-

2260 1122 2409 1187 dum,
2441 1137 2598 1192 quam
2624 1131 2677 1177 et
2704 1122 2811 1177 vita
2839 1122 3108 1192 prasterita
3135 1122 3392 1188 defendit,
3426 1133 3481 1177 et
3502 1122 3749 1179 honorat
3774 1139 3856 1177 vo-

2261 1211 2508 1266 cabulum
2534 1211 2826 1282 dignitatis.
2857 1210 3059 1267 Verum
3100 1213 3223 1281 quia
3264 1212 3511 1268 homines
3540 1228 3743 1267 sumus
3763 1254 3781 1279 ,
3811 1222 3857 1267 et

2262 1303 2530 1358 interdum
2569 1311 2756 1359 contra
2797 1319 3060 1359 annorum
3105 1306 3502 1372 maturitatem,
3558 1320 3856 1375 puerorum

2261 1397 2407 1452 vitiis
2448 1396 2709 1462 labimur;
2766 1397 2812 1452 si
2856 1412 2943 1452 me
2972 1398 3055 1453 vis
3100 1399 3376 1467 corrigere
3402 1398 3854 1467 delinquentem,

2262 1495 2446 1557 aperte
2476 1487 2714 1557 increpa,
2743 1495 2951 1543 tantum
2975 1503 3045 1543 ne
3068 1490 3278 1544 occulte
3304 1489 3576 1543 mordeas.
3601 1488 3856 1557 Corripiet

2262 1596 2341 1634 me
2365 1583 2529 1647 iustus
2557 1583 2610 1635 iu
2637 1581 3007 1649 misericordia,
3037 1592 3087 1637 et
3113 1583 3394 1654 increpabit
3421 1599 3440 1636 :
3469 1583 3660 1636 Oleum
3686 1594 3857 1637 autem

2264 1674 2544 1740 peccatoris
2584 1689 2685 1727 non
2725 1674 3005 1744 impinguet
3045 1684 3201 1745 caput
3238 1690 3401 1727 meum
3436 1673 3572 1739 (Ps.
3614 1674 3748 1728 140.
3782 1675 3853 1744 5).

2267 1764 2428 1830 Quem
2467 1766 2600 1819 enim
2624 1766 2793 1836 diligit
2825 1766 3096 1833 Dominus,
3171 1765 3331 1837 947
3404 1767 3619 1836 corripit
3647 1782 3668 1820 :
3699 1768 3858 1820 casti-

2263 1864 2347 1925 gat
2374 1865 2541 1908 autcm
2562 1872 2759 1910 onmem
2789 1856 2953 1924 filium
2972 1872 3120 1927 quem
3149 1857 3326 1922 recipit
3352 1853 3535 1927 (Prov.
3566 1857 3623 1911 5.
3648 1855 3768 1925 i2).
3794 1855 3857 1910 Et

2264 1960 2360 2014 per
2383 1946 2573 2000 Isaiam
2602 1947 2801 2002 clamat
2830 1947 3090 2003 Dominus
3117 1965 3130 2001 :
3164 1945 3398 2017 Populus
3432 1963 3593 2011 meus,
3623 1949 3717 2016 qui
3744 1948 3857 2001 boa-

2264 2047 2340 2091 tos
2370 2051 2457 2091 vos
2482 2037 2684 2105 dicunt,
2714 2037 2959 2092 seducunt
2988 2054 3102 2105 vos,
3143 2047 3191 2092 et
3219 2039 3424 2092 semitas
3450 2038 3639 2108 pedum
3664 2048 3856 2092 vestro-

2262 2140 2383 2184 runt
2420 2131 2749 2201 supplantant
2779 2130 2931 2200 (Isai.
2968 2131 3021 2186 5.
3054 2130 3168 2202 11).
3200 2130 3339 2198 Quid
3373 2131 3515 2186 enim
3544 2128 3680 2185 mihi
3728 2145 3855 2201 pro-

2264 2221 2414 2290 dest,
2465 2223 2510 2276 si
2552 2222 2673 2277 aliis
2713 2222 2855 2277 mala
2898 2221 3108 2278 referas
3149 2223 3304 2278 mea?
3332 2222 3389 2277 Si
3419 2238 3507 2279 me
3533 2224 3855 2289 nesciente,

2266 2317 2500 2386 peccatis
2540 2315 2674 2370 meis
2693 2357 2707 2382 ,
2737 2315 2847 2370 imo
2873 2314 3298 2371 detractionibus
3327 2313 3434 2371 tuis
3463 2314 3634 2370 alium
3664 2315 3859 2371 vulne-

2264 2421 2387 2472 res;
2421 2414 2476 2461 et
2518 2420 2639 2461 cum
2680 2406 2928 2461 certatim
2957 2406 3210 2462 omnibus
3237 2421 3460 2471 narres,
3503 2407 3586 2461 sic
3627 2407 3859 2477 singulis

2264 2498 2501 2568 loquaris
2524 2540 2540 2567 ,
2569 2499 2722 2569 quasi
2762 2498 2896 2554 nulli
2925 2498 3126 2555 dixeris
3158 2500 3357 2555 alteri?
3382 2499 3497 2556 Hoc
3526 2508 3745 2556 estnon
3771 2515 3858 2557 me

2267 2590 2555 2647 emendare
2580 2610 2593 2646 :
2626 2591 2720 2648 sed
2756 2593 2886 2648 vitio
2915 2602 3008 2648 tuo
3032 2592 3365 2649 satisfacere.
3394 2594 3651 2665 Praecipit
3677 2595 3860 2650 Domi-

2271 2698 2369 2737 nus
2389 2723 2404 2749 ,
2439 2692 2725 2752 peccantes
2747 2684 2802 2739 in
2828 2698 2889 2738 os
2912 2684 3062 2754 argui
3089 2683 3289 2740 debere
3318 2694 3551 2753 secreto,
3582 2686 3672 2740 vel
3698 2685 3859 2740 adhi-

2267 2773 2380 2828 bito
2412 2781 2575 2842 teste;
2609 2783 2663 2830 ct
2700 2774 2745 2829 si
2776 2774 2966 2831 audire
2996 2775 3270 2831 noluerint
3290 2818 3306 2844 ,
3343 2775 3539 2832 referri
3567 2776 3638 2831 ad
3668 2777 3858 2833 Eccle-

2271 2870 2402 2924 siam
2425 2912 2438 2935 ,
2469 2869 2850 2941 habendosque
2877 2869 2929 2925 in
2956 2872 3098 2927 malo
3129 2870 3449 2943 pertinaces,
3481 2871 3625 2926 sicut
3674 2870 3857 2927 ethni-

2268 2976 2361 3017 cos
2384 2970 2437 3015 et
2462 2960 2775 3033 publicanos
2803 2961 3020 3032 (Matth.
3053 2961 3165 3035 18).

2337 3077 2429 3134 20.
2497 3078 2624 3134 Haec
2677 3080 2985 3149 expressius
3038 3079 3269 3151 loquor,
3333 3087 3394 3136 ut
3449 3079 3858 3137 adolescentem

2268 3184 2480 3235 meum,
2530 3179 2584 3224 et
2623 3170 2818 3239 lingua:
2847 3179 2902 3225 et
2939 3171 3147 3224 aurium
3178 3170 3453 3243 prurigine
3493 3170 3721 3226 liberem
3751 3191 3769 3230 :
3799 3179 3860 3226 ut

2269 3268 2513 3315 renatum
2538 3260 2589 3315 in
2617 3258 2854 3324 Christo,
2886 3260 3002 3315 sine
3026 3275 3155 3331 ruga
3176 3270 3231 3317 et
3258 3250 3485 3326 macula,
3514 3264 3672 3332 quasi
3703 3262 3859 3333 pudi-

2270 3369 2386 3409 eam
2414 3353 2676 3424 virginem
2718 3351 3005 3408 exhibeam
3030 3393 3044 3418 ,
3076 3363 3279 3407 castam
3323 3361 3428 3408 tam
3469 3363 3654 3408 mente
3696 3367 3856 3423 quam

2270 3459 2532 3515 corpore;
2577 3459 2645 3499 ne
2686 3444 2802 3500 solo
2842 3443 3060 3499 nomine
3101 3443 3381 3514 glorietur,
3413 3451 3469 3499 et
3496 3442 3709 3514 absque
3737 3444 3855 3499 oleo

2270 3533 2533 3590 bonorum
2574 3549 2795 3605 operum
2818 3575 2834 3601 ,
2881 3535 3111 3589 extincta
3143 3532 3425 3603 lampade,
3471 3533 3799 3589 excludatur
3824 3547 3854 3588 ι

2271 3640 2491 3696 sponso.
2522 3624 2698 3680 Habes
2730 3625 2851 3679 istic
2890 3632 3131 3679 sanctum
3158 3622 3640 3693 doetissimumque
3668 3623 3853 3677 Ponti-

2271 3717 2425 3772 licem
2453 3716 2531 3787 (ά)
2554 3716 2861 3783 Proculum,
2885 3715 2973 3785 qui
3003 3714 3125 3769 viva
3145 3722 3200 3769 et
3222 3714 3474 3784 praesenti
3491 3729 3628 3770 voce
3648 3722 3854 3770 nostras

2271 3810 2555 3866 schedulas
2600 3819 2852 3879 superet,
2910 3806 3346 3877 quotidianisque
3388 3806 3707 3861 tractatibus
3755 3808 3855 3861 iter

2272 3912 2418 3958 tuum
2447 3901 2671 3971 dirigat;
2705 3914 2806 3956 nec
2837 3899 3067 3970 patiatur
3094 3905 3146 3954 te
3175 3898 3228 3952 in
3259 3905 3470 3967 partem
3500 3896 3731 3951 alteram
3764 3895 3856 3951 de-

2271 3997 2519 4053 clinando
2538 4037 2553 4063 ,
2583 3996 2723 4050 viam
2750 3995 3061 4065 relinquere
3103 3993 3338 4063 regiam,
3370 4007 3467 4063 per
3492 4008 3655 4063 quam
3683 3990 3847 4047 lsrael

2271 4088 2339 4142 ad
2368 4097 2567 4143 terram
2594 4085 3030 4156 repromissionis
3054 4097 3354 4155 properans
3373 4125 3389 4151 ,
3417 4098 3479 4139 se
3507 4084 3855 4139 transiturum

2272 4193 2393 4236 esse
2421 4178 2707 4250 promittit.
2744 4177 2915 4248 Atque
2946 4177 3148 4233 utinam
3189 4175 3509 4231 exaudiatur
3538 4191 3640 4231 vox
3668 4175 3857 4229 Eccle-

2273 4270 2369 4326 sise
2418 4269 2752 4342 implorantis
2789 4287 2804 4324 :
2854 4266 3106 4336 Domine,
3131 4283 3307 4338 pacem
3355 4267 3425 4321 da
3467 4268 3607 4323 nobis
3635 4280 3653 4321 :
3679 4265 3857 4320 omnia

2340 4534 2409 4598 (c)
2444 4534 2499 4584 In
2521 4534 2702 4597 quibus
2715 4533 2822 4582 haec
2843 4530 2993 4583 lectio
3012 4529 3373 4595 exemplaribus
3401 4529 3703 4589 inveniatur,
3729 4528 3859 4579 haud

2330 4598 2393 4643 io.
2420 4603 2559 4643 certe
2581 4594 2878 4643 Hieronvmo
2909 4594 3182 4643 antiquiora
3201 4628 3217 4643 .
3241 4592 3369 4643 quod
3385 4592 3629 4640 innuimus
3664 4592 3793 4639 Nota
3830 4603 3864 4639 α

2276 4603 2393 4652 SCiO,
2420 4603 2559 4645 certe
2582 4603 2878 4702 Μενοιιῖωο
2909 4603 3182 4656 antiqmora
3201 4628 3217 4654 ,
3241 4603 3369 4655 quoa
3385 4604 3629 4640 tnnutmus
3664 4603 3793 4639 nou
3830 4603 3862 4639 a

2278 4659 2326 4706 in
2364 4655 2622 4729 Epistulam
2647 4654 2839 4729 ἳςΧΥγῐ.
2874 4654 2937 4729 δέ
2966 4653 3245 4729 Marcellam
3270 4652 3729 4729 num_:d52.-9n1_ning
3734 4663 3862 4729 non

2278 4711 2605 4779 recipiendam
2629 4717 2863 4765 adversus
2897 4711 3254 4791 Presbyterum;
3282 4712 3627 4763 accusationem
3671 4711 3862 4783 praefe-

2279 4781 2452 4822 rebant
2476 4792 2487 4822 :
2513 4777 2572 4822 ad
2593 4789 2804 4822 eumaue
2828 4777 3019 4822 modum
3036 4780 3087 4822 δ.
3116 4775 3372 4822 Cvnnanus
3393 4770 3530 4822 legit.
3559 4779 3614 4820 et
3625 4784 3719 4822 aut
3746 4773 3862 4822 Am-

2279 4770 2452 4829 rebant
2476 4792 2487 4827 :
2513 4777 2573 4826 ad
2593 4789 2804 4839 eumque
2828 4777 3019 4825 modum
3036 4770 3087 4825 δ’.
3116 4775 3372 4840 Cyprianus
3393 4770 3530 4841 legit,
3559 4779 3614 4820 et
3625 4770 3719 4833 qui
3746 4773 3857 4822 Am-

2280 4841 2545 4908 brosiaster
2568 4838 2716 4908 audit,
2756 4837 2971 4908 Hilarius
3008 4832 3857 4908 Diaconus,l’rimestttsihaliique.

2280 4901 2458 4967 Noster
2482 4913 2601 4967 vero
2623 4899 2885 4967 clausulam
2920 4898 3648 4967 apponengamibiuconstituit
3665 4933 3680 4949 .
3697 4907 3761 4967 ne
3784 4907 3864 4967 re-

2282 4961 2485 5025 ceperis,
2507 4961 2603 5028 nisi
2630 4961 2716 5012 sub
2736 4954 3047 5019 duobusﬂiut
3065 4958 3237 5028 _tribtts
3259 4956 3470 5028 testibus,
3510 4955 3591 5004 cui
3628 4954 3862 5028 lectioni,

2281 5019 2425 5087 quam
2451 5024 2546 5090 etsi
2571 5022 2771 5090 Graecus
2793 5029 2957 5070 textus
2975 5028 3037 5090 _et
3065 5019 3312 5090 Vulgatus
3335 5019 3586 5090 interpres
3608 5019 3862 5090 retinent_,

2281 5076 2587 5147 recentiores
2607 5084 2804 5147 quidam
2822 5082 3112 5147 superfluam
3128 5076 3351 5147 putant;
3377 5076 3484 5147 haec
3503 5080 3607 5147 ipsa
3628 5077 3750 5138 Cito,
3772 5076 3867 5128 cal-

2281 5145 2443 5211 culum
2459 5139 2733 5211 utcumque
2742 5139 2897 5211 addit;
2911 5139 3227 5211 qugdseditlo
3251 5142 3405 5211 notari
3439 5139 3608 5211 velim.
3704 5201 3713 5210 .

2350 5206 2419 5272 (ά)
2459 5200 2694 5274 Proculus
2716 5200 2943 5254 Massilia;
2959 5200 3256 5274 Episcopus,
3288 5201 3401 5274 qui.
3399 5201 3637 5274 grandem
3674 5201 3769 5274 sibi
3800 5200 3867 5271 fa-

2282 5262 2417 5339 mam
2443 5269 2725 5339 sanctitatis
2741 5262 3103 5339 comparaverat
3121 5262 3145 5323 ,ἡ
3169 5270 3223 5339 ei
3244 5262 3323 5312 οιιῖ
3347 5262 3869 5339 _Tﬂuritienser(}onci-

2283 5330 2402 5379 lium
2427 5333 2823 5394 concesserat._,_ut
2840 5323 3103 5394 EpisoOpis,
3120 5336 3243 5394 quos
3265 5337 3291 5371 a
3308 5336 3366 5372 se
3384 5323 3586 5394 dixerat
3607 5323 3868 5394 ordinatos,

2284 5398 2511 5453 tanquam
2536 5396 2677 5453 Pater
2711 5383 2831 5453 [illis
2857 5383 3297 5453 tionot'epriinatus
3319 5384 3615 5453 _assisteret.
3643 5383 3746 5453 Sed
3777 5394 3872 5431 ma-

2283 5444 2429 5516 gna'm
2453 5444 2754 5516 postmodum
2779 5451 2868 5499 sibi
2895 5446 3138 5516 invidi-am
3167 5447 3376 5516 creavit,
3419 5452 3653 5508 usurpata
3696 5444 3875 5516 {tetru-

2285 5506 2481 5578 potitatii
2520 5512 2788 5578 dignitate,
2811 5510 2942 5578 unde
2978 5506 3654 5578 a_Z_gsimo__damnatusfest.
3698 5507 3872 5578 Coget

2286 5566 2392 5626 ires
2416 5578 2523 5635 ejus
2544 5566 2689 5637 Papae
2712 5566 2942 5638 epistolas
2961 5568 3020 5619 ad
3056 5566 3336 5618 Patroclum
3374 5568 3732 5621 Arelatensem
3764 5566 3879 5634 Epi.

2291 5650 2508 5705 scopum.

3226 5794 3259 5806 η
3292 5792 3311 5806 ’ν

3720 184 3863 241 ιοει

3956 666 3967 757 ῑ
3974 796 3975 819 ι
