4026 6186
134 221 266 278 1085

130 340 260 396 enim
289 338 372 412 (1)
403 339 590 396 dedisti
623 323 773 396 nobis
805 338 915 410 (Is.
953 337 1042 396 16.
1087 355 1189 395 sec.
1229 337 1378 394 LXX
1408 337 1450 410 ).
1486 339 1698 394 Utinam

129 431 272 500 quod
300 431 674 486 renuntiamus
701 429 926 496 saeculo,
959 430 1208 484 voluntas
1237 430 1340 495 sit,
1377 443 1484 484 non
1515 444 1704 484 neces-

127 525 298 578 sitas:
329 540 396 578 er
438 537 739 578 PAUPERTAS
780 522 976 578 habeat
1013 525 1248 592 expetita
1286 523 1543 594 gloriam,
1594 538 1701 578 non

126 609 272 668 illata
299 615 610 670 cruciatum.
641 613 905 669 Caeterum
923 615 1076 684 juxta
1101 615 1346 670 miserias
1371 615 1530 684 hujus
1565 622 1704 670 tem-

129 705 304 773 poris,
350 713 402 760 et
430 705 625 775 ubique
663 705 872 775 gladios
907 707 1224 773 sazvientes,
1254 711 1384 762 satis
1410 707 1558 763 dives
1583 716 1664 763 est
1684 749 1699 775 ,

125 795 214 864 qui
255 811 389 866 pane
416 811 523 850 non
568 796 788 867 indiget.
817 797 1049 853 Nimium
1079 809 1271 869 potens
1297 809 1414 864 est,
1461 799 1549 869 qui
1590 814 1705 854 ser-

123 889 239 942 vire
267 901 371 941 non
395 887 624 956 cogitur.
654 887 883 944 Sanctus
898 890 979 960 (α)
996 891 1319 961 Exuperius,
1349 892 1558 947 Tolosae
1579 892 1705 961 Epi-

121 990 317 1045 scopus
337 1016 353 1041 ,
393 977 569 1032 viduae
599 978 940 1050 Sareptensis
979 981 1239 1050 imitator,
1267 985 1513 1038 esuriens
1535 985 1706 1054 pascit

121 1067 253 1122 alios
279 1084 292 1119 :
324 1076 378 1122 et
399 1083 494 1124 ore
515 1070 750 1139 pallente
767 1071 1010 1140 jejuniis,
1035 1072 1174 1128 fame
1197 1082 1474 1144 torquetur
1492 1075 1665 1129 aliena
1686 1092 1700 1128 :

121 1162 450 1229 omnemque
479 1161 834 1216 substantiam
875 1162 1076 1218 Christi
1106 1165 1404 1219 visceribus
1441 1165 1703 1235 erogavit.

118 1246 265 1301 Nihil
292 1248 386 1302 illo
414 1248 577 1304 ditius
597 1289 614 1317 ,
644 1251 734 1321 qui
769 1251 979 1320 Corpus
1018 1253 1228 1307 Domini
1259 1252 1353 1325 [al.
1377 1252 1586 1326 Christi]
1615 1268 1706 1309 ca-

119 1340 296 1393 nistro
319 1341 586 1408 viminco,
625 1342 950 1414 Sanguinem
1023 1344 1188 1417 948
1259 1355 1438 1415 portat
1463 1346 1515 1400 in
1542 1347 1699 1401 vitro.

123 1428 226 1495 Qui
254 1431 532 1485 avaritiam
567 1433 724 1503 ejecit
750 1449 782 1489 e
813 1434 1037 1504 Templo
1069 1454 1082 1490 :
1117 1437 1206 1502 qui
1236 1437 1438 1508 absque
1468 1437 1706 1508 funiculo

119 1527 175 1572 et
203 1521 590 1590 increpatione,
619 1524 903 1580 cathedras
931 1526 1277 1582 vendentium
1305 1529 1580 1584 columbas
1600 1569 1616 1594 ,
1650 1528 1703 1582 id

118 1620 226 1679 est,
257 1612 396 1668 dona
431 1613 614 1670 Sancti
639 1615 904 1686 Spiritus,
952 1633 1272 1689 mensasque
1293 1621 1557 1675 subvertit
1593 1633 1706 1673 ma-

117 1717 334 1771 monae,
378 1713 433 1759 et
469 1707 946 1762 nummulariorum
979 1724 1086 1764 aera
1117 1710 1397 1781 dispersit;
1427 1720 1485 1765 ut
1512 1703 1706 1766 domus

121 1797 242 1863 Dei,
270 1797 461 1853 domus
486 1808 705 1855 vocetur
733 1803 996 1858 orationis
1014 1841 1029 1867 ,
1059 1811 1115 1857 et
1142 1818 1248 1858 non
1289 1804 1554 1858 latronum
1582 1817 1705 1873 spe-

118 1887 303 1944 lunca.
331 1889 500 1960 Hujus
523 1905 555 1946 e
584 1891 762 1945 vicino
784 1901 994 1948 sectare
1020 1894 1240 1965 vestigia
1261 1937 1276 1959 ,
1305 1903 1359 1949 et
1383 1905 1704 1951 cteterorum

119 1980 214 2048 qui
240 1979 494 2034 virtutum
523 1980 664 2036 illius
688 1981 891 2038 similes
916 1992 1063 2051 sunt,
1092 1999 1228 2054 quos
1253 1985 1627 2040 Sacerdotium
1649 1994 1707 2042 et

121 2061 446 2126 humiliores
471 2071 596 2127 facit
620 2081 675 2127 et
701 2087 983 2142 pauperes.
1013 2077 1122 2130 Aut
1154 2076 1200 2130 si
1228 2076 1462 2146 perfecta
1493 2077 1706 2133 deside-

117 2177 212 2217 ras
238 2204 251 2226 ,
285 2164 370 2218 exi
398 2177 521 2218 cum
554 2164 824 2219 Abraham
853 2165 920 2220 de
945 2169 1118 2236 patria
1149 2176 1204 2222 et
1231 2169 1547 2239 cognatione
1577 2178 1666 2223 tua
1685 2210 1703 2237 ,

116 2263 177 2310 et
205 2269 370 2326 perge
391 2271 498 2325 quo
521 2257 717 2312 nescis.
746 2258 803 2312 Si
829 2257 995 2313 habes
1015 2261 1369 2316 substantiam
1391 2304 1406 2329 ,
1430 2263 1625 2330 vende,
1653 2272 1708 2319 et

115 2345 186 2402 da
213 2347 563 2416 pauperibus.
593 2347 651 2402 Si
681 2363 789 2403 non
813 2349 1011 2418 habes,
1043 2353 1234 2421 grandi
1261 2369 1425 2410 onere
1452 2354 1708 2411 liberatus

115 2453 179 2494 es
202 2457 215 2492 :
242 2439 443 2494 nudum
459 2440 750 2507 Christum,
773 2443 948 2497 nudus
962 2458 1210 2514 sequere.
1235 2447 1459 2514 Durum,
1481 2447 1703 2518 grande,

117 2529 380 2597 difﬁcile;
410 2532 506 2588 sed
534 2548 725 2603 magna
752 2545 875 2590 sunt
901 2537 1138 2605 praemia.

565 2643 893 2700 EPISTOLA
933 2645 1147 2702 cxxvn
1187 2646 1298 2719 (θ).

375 2771 443 2809 an
470 2754 541 2825 (ο)
572 2772 942 2812 HARCELLINUH
971 2775 1038 2812 ET
1068 2774 1444 2816 ANAPSYCHIAM.

121 2844 358 2916 Exponit
387 2847 610 2901 diversas
637 2850 906 2902 sententias
931 2850 994 2903 de
1027 2853 1224 2920 origine
1249 2854 1434 2906 animae
1453 2895 1468 2920 ,
1499 2854 1708 2908 hortans

196 2949 252 2993 ut
280 2939 472 3008 reliqua
501 2948 672 3009 petant
709 2940 770 2993 ab
819 2941 1130 3012 Augustino,
1174 2952 1220 2996 et
1262 2944 1494 2999 indicans
1530 2946 1708 3016 quibus

196 3032 308 3100 ipse
333 3031 396 3083 sit
425 3041 698 3101 occupatus
728 3033 928 3086 studiis.

195 3143 443 3198 Dominis
485 3158 610 3198 vere
651 3145 850 3199 sanctis
875 3154 1032 3214 atque
1061 3147 1206 3200 omni
1233 3147 1532 3203 ofﬁciorum
1572 3149 1708 3204 cari-

120 3243 234 3291 tate
286 3235 610 3290 venerandis
661 3237 783 3290 filiis
832 3236 1272 3294 MARCELLINO
1317 3249 1372 3295 et
1409 3241 1709 3299 .ANAPSY-

117 3325 332 3393 ClllAS,
359 3324 798 3384 HIERONYMUS
829 3327 883 3381 in
912 3328 1127 3384 Christo
1153 3332 1402 3387 salutem.

197 3461 251 3515 1.
288 3460 528 3515 Tandem
571 3475 636 3516 ex
666 3460 844 3516 Africa
883 3471 1076 3517 vestrae
1107 3463 1314 3520 litteras
1342 3467 1709 3525 unanimitatis

117 3552 343 3620 accepi;
378 3559 434 3606 et
460 3566 565 3606 non
589 3567 674 3606 me
701 3553 927 3622 poenitet
954 3554 1322 3624 impudentiae,
1352 3573 1455 3629 qua
1479 3561 1706 3615 tacenti-

115 3643 224 3697 bus
252 3643 404 3699 vobis
427 3642 504 3713 (ά)
531 3645 787 3713 epistolas
826 3660 975 3702 meas
1015 3648 1331 3718 frequenter
1372 3651 1607 3722 ingessi,
1650 3662 1708 3707 ut

115 3736 447 3804 rescriptum
477 3751 736 3803 mererer,
765 3745 820 3792 et
845 3731 942 3792 vos
981 3753 1101 3795 esse
1143 3741 1412 3810 sospites,
1453 3759 1558 3798 non
1588 3745 1708 3799 aliis

115 3826 515 3892 nuntiantibus,
539 3828 634 3882 sed
654 3837 835 3883 vestro
857 3829 1190 3897 potissimum
1212 3845 1462 3887 sermone
1481 3847 1712 3903 cognos-

114 3932 328 3971 cerem.
364 3915 534 3985 Super
558 3919 751 3970 animae
776 3926 917 3970 statu
942 3919 1163 3972 memini
1193 3929 1383 3973 vestra:
1412 3925 1708 3989 quaestiun-

115 4008 283 4071 culm,
312 4007 420 4060 imo
461 4006 692 4060 maxime
716 4007 1094 4061 ecclesiastica:
1120 4010 1433 4077 quaestionis
1465 4028 1478 4063 :
1519 4011 1708 4066 Utrum

115 4099 274 4167 lapsa
303 4097 373 4151 de
393 4095 531 4150 caelo
554 4096 643 4162 sit,
670 4105 728 4150 ut
750 4096 1077 4167 Pythagoras
1098 4097 1469 4170 philosophus,
1498 4117 1711 4159 omnes-

116 4205 226 4260 que
254 4187 544 4253 Platonici,
571 4197 627 4242 et
653 4186 914 4258 Origenes
942 4199 1129 4258 putant
1160 4208 1173 4244 :
1210 4194 1288 4246 An
1315 4207 1344 4246 a
1373 4195 1585 4264 prapria
1617 4196 1711 4251 Dei

115 4279 446 4344 substantia,
472 4285 532 4333 ut
553 4277 737 4344 Stoici,
768 4279 1116 4346 Manichatus,
1150 4290 1205 4336 et
1235 4283 1466 4353 Hispana
1497 4287 1712 4342 Priscil-

114 4371 250 4424 liani
288 4369 509 4424 lueresis
534 4371 913 4439 suspicantur:
949 4373 1029 4425 An
1055 4371 1106 4425 in
1144 4373 1394 4430 thesauro
1415 4375 1712 4434 habeantur

116 4464 241 4530 Dei,
274 4463 401 4518 olim
475 4461 642 4535 949
712 4462 965 4532 conditur,
999 4473 1056 4519 ut
1098 4465 1310 4535 quidam
1335 4466 1405 4539 (e)
1444 4469 1713 4526 Ecclesia-

187 4617 267 4687 ςα)
301 4616 444 4687 Hunc
465 4617 724 4687 plurimum
755 4617 918 4668 laudat
937 4621 1116 4687 etiam
1139 4620 1191 4687 i_n
1227 4622 1475 4687 superiori
1505 4625 1711 4687 epistola

115 4679 251 4728 125.
271 4679 337 4742 ad
374 4679 731 4742 Agéruchiam,
755 4693 888 4728 num.
932 4680 1008 4729 16.
1034 4681 1120 4730 ubi
1140 4682 1205 4730 de
1227 4679 1552 4734 Barbaroruni
1587 4688 1711 4736 irru-

153 4740 380 4810 tionibus
389 4740 530 4810 paria
551 4741 628 4789 his
651 4743 906 4810 queritur;
931 4742 1236 4810 ail‘eumque
1259 4745 1369 4794 data
1401 4753 1480 4796 est
1508 4747 1711 4810 insignis

153 4755 378 4789 uomuus
401 4755 530 4801 paria
551 4755 628 4789 nis
651 4755 906 4803 queritur;
931 4755 989 4790 au
1024 4756 1236 4804 eumque
1259 4755 1369 4794 data

113 4755 568 4864 rnnocentiigPapaz
593 4801 814 4864 epistola,
839 4802 1109 4853 Consulenti
1144 4803 1245 4863 tibi,
1272 4812 1369 4856 etc.

214 4861 269 4920 ὁ)
305 4863 377 4910 Al.
401 4862 478 4911 82.
497 4861 687 4920 Scripta
709 4876 789 4912 an.
816 4863 925 4912 4H.

215 4923 268 4982 c)
303 4921 608 4987 Marcellinus
644 4926 720 4973 hic
757 4923 843 4972 ille
882 4932 959 4973 est
989 4925 1268 4987 Tribunus,
1303 4941 1359 4977 ac
1394 4929 1618 4980 Notarius
1648 4933 1710 4982 ab

114 4984 348 5052 Honorio
373 4984 423 5031 in
459 4982 663 5052 Africam
694 4987 887 5052 missus,
913 4995 967 5052 ut
991 4982 1268 5052 Collationis
1295 4988 1711 5052 Carthaginiensis

114 5051 396 5106 sequester
433 5051 606 5107 esset,
645 5059 700 5094 ac
722 5046 903 5096 Judex.
939 5049 1028 5107 Qui
1070 5062 1178 5096 cum
1215 5046 1513 5099 sententiam
1542 5062 1710 5104 contra

115 5105 411 5170 Donatistas
431 5105 666 5170 dixisset,
695 5120 862 5170 eorum
883 5105 1048 5170 contra
1079 5122 1137 5159 se
1166 5110 1276 5170 odio
1313 5113 1580 5170 concitato,
1621 5115 1710 5164 sub

116 5164 316 5218 invidia
341 5166 611 5231 tyrangtidis
644 5164 944 5220 Heracliam
967 5169 1026 5219 ab
1047 5169 1288 5220 luereticis
1326 5172 1549 5222 innocens
1570 5164 1710 5225 casus

118 5235 216 5291 est,
242 5234 298 5277 ut
320 5228 425 5290 ipse
447 5228 652 5291 Hieron.
678 5232 900 5291 queritur
925 5234 975 5280 in
1008 5232 1104 5281 fine
1139 5232 1249 5281 libri
1283 5235 1331 5282 5.
1357 5234 1588 5285 adversus
1612 5237 1708 5286 Pe-

120 5289 374 5362 lagianqs,‘
389 5292 436 5338 in
459 5304 608 5362 quem
633 5289 786 5362 locum
811 5293 1033 5362 plurande
1065 5293 1148 5362 illo
1170 5296 1522 5362 congessimus.

190 5345 294 5420 id)“
304 5345 666 5420 interciderunt
707 5345 1230 5420 hujusmodiepistolze
1255 5345 1292 5416 ,ν
1310 5369 1474 5420 neque
1513 5366 1708 5410 aetatem

118 5411 238 5463 tulit
262 5411 346 5460 illa
371 5411 637 5462 Marcellini
664 5421 716 5462 et
736 5411 1083 5478 Anapsychite',
1106 5420 1184 5466 cui
1215 5411 1343 5467 nunc
1365 5411 1516 5481 super
1537 5423 1709 5472 animae

118 5482 254 5520 statu
278 5473 560 5520 respondet.

115 5482 254 5525 statu
278 5482 560 5525 I'CSDODGCL

208 5488 254 5523 tu
278 5488 560 5535 respondet.

208 5536 260 5598 ε)
294 5533 418 5598 Puta
459 5533 760 5598 Clementem
796 5538 1180 5589 Alexandrinum
1217 5541 1508 5592 Stromatum
1547 5543 1632 5592 lib.
1656 5545 1704 5594 2.

211 5596 258 5658 1)
293 5596 457 5660 Atque
482 5596 595 5646 beic
617 5597 818 5651 Gravius
832 5604 1032 5663 mavult,
1058 5602 1318 5654 reddidisti
1342 5617 1403 5653 ex
1427 5608 1597 5658 Graeco
1619 5618 1704 5656 ἀπί-

1469 221 1798 281 EPISTOLA
1835 220 2071 278 CXXVI.

3241 234 3381 296 1086

1808 339 1928 394 stici
1957 338 2118 393 stulta
2143 336 2489 408 persuasione
2514 337 2789 394 conﬁdunt
2807 356 2820 393 :
2841 341 2923 398 An
2949 344 3186 413 quotidie
3209 363 3240 404 a
3270 353 3380 411 Deo

1806 433 1957 500 (iant,
1987 442 2042 488 et
2063 435 2341 488 mittantur
2371 433 2422 486 in
2451 448 2698 504 corpora,
2728 438 3019 493 secundum
3050 443 3202 508 illud,
3237 447 3377 514 quod

1806 523 1860 578 in
1890 524 2179 594 Evangelio
2221 525 2477 594 scriptum
2516 534 2633 590 est,
2677 526 2837 582 Pater
2866 545 3005 584 meus
3036 548 3192 601 usque
3232 540 3381 592 modo

1807 624 2068 684 aperatur,
2097 624 2144 668 et
2188 631 2280 685 ego
2325 631 2508 684 operor
2536 615 2734 687 (Joan.
2766 619 2820 673 5.
2849 620 2940 688 17)
2973 639 2985 674 :
3017 623 3101 676 An
3131 634 3274 679 certe
3316 643 3381 682 ex

1807 705 2027 760 traduce
2050 745 2066 771 ,
2096 712 2153 758 ut
2178 705 2557 771 Tertullianus,
2593 706 2672 776 (Ῑ)
2702 707 3045 776 Apollinaris,
3073 719 3128 765 et
3155 715 3385 769 maxima

1804 807 1932 864 pars
1958 793 2380 849 Occidentalium
2407 805 2720 861 autumant;
2764 806 2852 865 ut,
2894 801 3162 869 quomodo
3191 818 3385 874 corpus

1805 898 1871 939 ex
1909 899 2138 954 corpore
2160 926 2175 952 ,
2208 887 2288 940 sic
2317 887 2497 941 anima
2538 896 2792 942 nascatur
2818 904 2884 943 ex
2909 892 3108 955 anima,
3139 903 3194 948 et
3223 895 3386 949 simili

1804 988 1926 1030 cum
1953 976 2125 1030 brutis
2165 977 2528 1032 animantibus
2555 978 2865 1034 conditione
2893 980 3169 1037 subsistat.
3213 983 3387 1054 Super

1806 1080 1912 1134 quo
1951 1065 2078 1134 quid
2117 1065 2248 1120 mihi
2276 1066 2548 1122 videretur
2576 1066 2668 1138 [al.
2701 1068 2993 1142 videatur],
3037 1072 3088 1124 in
3115 1075 3386 1141 Opusculis

1805 1165 1992 1211 contra
2014 1155 2283 1212 Bullinum
2305 1158 2584 1228 scripsisse
2607 1173 2694 1213 me
2714 1160 2860 1226 novi,
2880 1160 3138 1216 adversus
3157 1178 3278 1217 eum
3306 1165 3383 1234 (2)

1805 1246 2069 1311 libellum,
2098 1259 2258 1316 quem
2284 1257 2486 1304 sancta:
2515 1249 2788 1305 memoria:
2814 1251 3100 1306 Anastasio
3122 1253 3386 1322 Episcopo

1807 1336 2062 1392 Romana:
2087 1338 2344 1394 Ecclesiae
2365 1338 2512 1394 dedit
2541 1340 2633 1411 [al.
2661 1340 2838 1413 edidit]
2864 1357 2878 1391 :
2907 1342 2959 1395 in
2983 1356 3090 1411 quo
3110 1343 3312 1399 lubrica
3333 1355 3388 1401 et.

1805 1428 2054 1496 subdola,
2085 1430 2192 1484 imo
2212 1430 2373 1486 stulta
2398 1430 2758 1497 confessione,
2786 1433 2910 1487 dum
2935 1434 3239 1491 auditorum
3261 1439 3389 1491 sim-

1806 1520 2031 1587 plicitati
2063 1519 2288 1576 illudere
2314 1521 2527 1587 nititur,
2558 1536 2669 1577 sua:
2695 1522 2840 1590 fidei,
2872 1527 2982 1579 imo
3005 1527 3242 1596 perfidiae
3266 1529 3388 1582 illu-

1805 1610 1877 1664 sit
1903 1627 1916 1663 :
1945 1624 2081 1680 quos
2106 1611 2274 1666 libros
2300 1626 2426 1666 reor
2447 1622 2695 1667 sanctum
2722 1610 3000 1682 parentem
3022 1625 3260 1671 vestrum
3289 1617 3386 1671 ba-

1806 1698 1936 1754 here
1956 1699 2250 1754 Oceanum.
2281 1700 2421 1754 Olim
2447 1702 2594 1755 enim
2621 1702 2750 1757 editi
2779 1713 2938 1769 sunt,
2981 1706 3164 1761 multis
3190 1707 3389 1762 Bufﬁni

1807 1790 1957 1846 libris
1987 1790 2242 1849 adversus
2271 1792 2570 1851 calumnias
2595 1795 3004 1866 respondentes.
3035 1799 3197 1854 Certe
3226 1799 3390 1854 habes

1806 1881 1879 1937 ibi
1905 1884 2076 1938 virum
2106 1894 2351 1940 sanctum
2378 1895 2432 1942 et
2472 1887 2743 1942 eruditum
2783 1889 3137 1958 Augustinum
3165 1889 3388 1959 Episco-

1806 1988 1934 2043 pum
1958 2014 1974 2040 ,
2007 1975 2098 2044 qui
2123 1974 2244 2030 viva
2269 2018 2285 2044 ,
2317 1986 2376 2032 ut
2401 1979 2589 2044 aiunt,
2623 1994 2756 2034 voce
2785 1979 2982 2036 docere
3013 1990 3064 2037 te
3103 1981 3301 2051 poterit
3339 1990 3393 2036 et

1806 2077 1982 2128 suam,
2011 2065 2120 2119 imo
2148 2082 2244 2134 per
2269 2082 2330 2122 se
2356 2078 2594 2123 nostram
2635 2070 2914 2138 explicare
2938 2073 3282 2128 sententiam.

1877 2152 1933 2206 2.
1992 2154 2294 2212 Ezechielis
2355 2159 2607 2214 volumen
2669 2160 2798 2215 olim
2850 2162 3064 2231 aggredi
3130 2165 3294 2230 volui,
3341 2175 3395 2220 et

1807 2246 2151 2314 sponsionem
2172 2249 2551 2304 creberrimam
2572 2252 2827 2307 studiosis
2845 2254 3128 2312 lectoribus
3146 2257 3388 2328 reddere;

1807 2335 1902 2391 sed
1933 2337 1986 2391 in
2020 2339 2138 2406 ipso
2166 2337 2402 2393 dictandi
2441 2342 2662 2396 exordio
2698 2343 2774 2398 ita
2803 2346 3013 2401 animus
3045 2363 3196 2404 meus
3239 2350 3392 2407 Occi-

1809 2426 2104 2482 dentalium
2136 2429 2552 2497 provinciarum,
2577 2442 2631 2486 et
2652 2435 2882 2490 maxime
2910 2437 3057 2492 urbis
3085 2439 3268 2496 Roma:
3291 2442 3388 2513 [al.

1809 2518 2099 2592 Romanae]
2135 2521 2430 2576 vastatione
2470 2523 2724 2580 confusus
2753 2536 2856 2592 est,
2891 2536 2970 2593 ut,
2997 2529 3144 2598 juxta
3175 2533 3392 2604 vulgare

1811 2610 2174 2677 proverbium,
2205 2614 2476 2682 proprium
2502 2631 2714 2686 quoque
2734 2620 3031 2688 ignorarem
3046 2624 3390 2682 vocabulum:

1808 2699 2007 2770 diuque
2038 2703 2198 2768 tacui,
2233 2705 2410 2760 sciens
2447 2715 2657 2777 tempus
2691 2725 2813 2766 esse
2852 2713 3230 2784 lacrymarum.
3280 2720 3392 2776 Hoc

1809 2805 1984 2848 autem
2015 2811 2156 2850 anno
2202 2812 2322 2852 cum
2353 2807 2461 2854 tres
2486 2802 2837 2870 cxplicassem
2867 2806 3048 2874 libros,
3075 2809 3280 2865 subitus
3302 2813 3394 2866 im-

1809 2897 1965 2957 petus
2013 2889 2393 2956 barbarorum,
2437 2892 2505 2948 de
2549 2895 2744 2963 quibus
2791 2905 2917 2952 tuus
2950 2900 3078 2954 dicit
3117 2901 3387 2972 Virgilius,

1809 2978 2003 3050 lateque
2028 2993 2265 3051 vagantes
2289 2981 2489 3038 Barcaei
2518 2986 2543 3054 (
2568 2985 2784 3042 zEneid.
2813 2991 2848 3044 4
2882 2991 2920 3060 ),
2951 3001 3006 3047 et
3033 3005 3215 3050 sancta
3243 2997 3390 3053 Scri-

1809 3079 1960 3139 plura
1977 3071 2044 3125 de
2064 3070 2310 3140 Ismahel,
2326 3074 2512 3129 Contra
2522 3079 2701 3148 [aciem
2719 3082 2939 3135 omnium
2958 3083 3174 3151 fratrum
3189 3104 3392 3144 suorum

1809 3161 2050 3214 habitabit
2090 3161 2245 3230 (Gen.
2279 3165 2365 3219 16.
2397 3166 2510 3238 12),
2566 3168 2642 3222 sic
2670 3169 2886 3241 Egypti
2918 3173 3140 3230 limitem
3163 3218 3178 3244 ,
3207 3178 3391 3234 Palae—

1809 3253 2292 3320 stinze,thnicis,
2339 3255 2510 3327 Syriae
2547 3263 2812 3329 percurrit
2845 3263 2912 3319 ad
2944 3265 3115 3322 instar
3143 3274 3394 3328 torrentis

1808 3352 1999 3396 cuncta
2039 3357 2224 3398 secum
2255 3346 2495 3414 trahens,
2546 3359 2605 3404 ut
2634 3351 2940 3410 vix-manus
2967 3372 3151 3412 eorum
3179 3361 3392 3416 miseri-

1808 3433 1990 3487 cordia
2011 3434 2212 3489 Christi
2244 3439 2576 3506 potuerimus
2597 3441 2847 3499 evadere.
2869 3445 3020 3513 Quod
3041 3448 3110 3516 si,
3132 3449 3282 3518 juxta
3308 3453 3391 3506 in-

1807 3525 2005 3596 clytum
2029 3535 2317 3595 oratorem,
2355 3532 2505 3584 silent
2530 3533 2661 3587 inter
2695 3551 2836 3589 arma
2871 3537 3003 3608 leges
3053 3542 3254 3610 (Cicero
3302 3562 3393 3614 pro

1810 3615 2073 3689 Milone),
2113 3631 2313 3689 quanto
2356 3623 2524 3692 magis
2567 3625 2738 3680 studia
2789 3626 3222 3699 Scripturarum?
3268 3650 3386 3704 qua:

1808 3719 1862 3763 et
1889 3709 2148 3766 librorum
2177 3715 2541 3781 multitudine,
2588 3725 2644 3772 et
2687 3720 2928 3788 silentio,
2957 3739 3020 3778 ac
3047 3725 3390 3784 librariorum

1809 3799 2118 3866 sedulitate,
2169 3803 2417 3872 quodque
2459 3807 2736 3874 proprium
2807 3810 2972 3880 950
3043 3823 3154 3879 est,
3189 3820 3395 3871 securi-

1811 3899 1920 3945 tate
1943 3899 1998 3945 et
2027 3893 2138 3945 otio
2163 3893 2477 3947 dictantium
2511 3897 2773 3964 indigent.
2826 3899 2968 3954 Duos
3006 3901 3187 3972 itaque
3224 3907 3391 3965 libros

1809 3981 1933 4034 misi
1957 3989 2157 4036 sancta:
2186 3983 2311 4037 tiliae
2340 3998 2475 4039 meae
2502 3985 2581 4057 (5)
2609 3985 2864 4054 Fabiolae,
2894 4005 3118 4060 quorum
3150 4002 3389 4068 exempla

1813 4070 1907 4142 [al.
1935 4074 2291 4147 exemplaria]
2313 4077 2358 4130 si
2385 4078 2642 4145 volueris,
2670 4081 2739 4135 ab
2763 4081 2878 4152 ipsa
2909 4087 3108 4153 poteris
3137 4095 3389 4149 mutuari.

1814 4164 1918 4220 Pro
1958 4166 2203 4236 angustia
2237 4169 2434 4239 quippe
2468 4171 2724 4240 temporis
2775 4173 2908 4230 alios
2937 4176 3242 4239 describere
3284 4201 3390 4242 non

1813 4321 1933 4395 et?»
1959 4321 2178 4395 Pierium
2214 4335 2410 4395 quoque
2426 4326 2828 4395 Alexandrinum
2855 4368 2868 4392 ,
2907 4341 2962 4383 ut
2985 4347 3047 4384 ex
3073 4337 3248 4390 Photio
3283 4344 3390 4395 cod.

1813 4381 1920 4456 ita};
1966 4381 2268 4456 corripertum
2305 4381 2404 4456 est._
2425 4387 2832 4456 Nemesium_lib.
2855 4381 3394 4456 'de'N'atu-ramhoniiiiis

1811 4456 1857 4518 ς.
1883 4443 1912 4491 2
1932 4451 1984 4518 et
2005 4446 2054 4493 5.
2079 4445 2594 4518 Nyssermmnenique
2615 4451 2680 4518 de
2703 4453 2902 4515 Opificio
2924 4443 3142 4510 hiuninisw
3164 4443 3395 4518 67252132

1811 4501 2086 4587 plergstpte
2115 4501 2572 4587 aliosromittamus.
2625 4513 2679 4561 In
2718 4501 3129 4587 tgjtjﬁég'téiiiii

1812 4569 1970 4638 ipsum
1987 4580 2203 4640 quoque.
2220 4569 2567 4640 Hieronymum
2606 4587 2671 4623 ex
2711 4569 2894 4639 aliquot
2930 4569 3392 4640 Commentariorum

1813 4627 1920 4702 ejus
1941 4627 2265 4702 ad'iiphesios
2297 4627 2424 4702 locis
2462 4635 2660 4702 trahere
2697 4627 2899 4702 conatur
2929 4627 3393 4702 alienisfi-iﬁ'ili};

1811 4690 2011 4767 reponit.
2029 4689 2274 4767 librgri2et
2296 4694 2808 4767 §.._Apologite,_atque
2831 4701 2987 4767 ipsam
3006 4689 3392 4767 «inﬁtiationem

1807 4756 2104 4858 ἒῗιὲἕαὲιεις
2128 4752 2256 4804 Vide
2293 4752 2607 4806 ΑΙΙιιίἱυωἹιι
2623 4752 2766 4807 Notis
2789 4752 3171 4812 ad'Methodium

1943 4828 1972 4858 (1
2015 4849 2024 4858 .

1814 4827 2247 4942 ξιῧοῗῗᾴεἶωθδίυε
2269 4891 2374 4940 cap.
2413 4879 2461 4942 2,
2487 4879 2810 4942 Apollinarius
2830 4887 2966 4942 putat
2993 4884 3178 4937 animos
3209 4890 3268 4938 ab
3290 4892 3394 4942 ani-

1809 4934 1904 5004 ngis
1927 4934 2076 5004 gigni,
2105 4943 2154 4984 ut
2192 4950 2220 4986 e
2245 4934 2771 5004 eoqurjibus'corpora.
2810 4934 3394 5001 Conferendusiﬁi’t'bamnzi-

1809 4995 1998 5076 ἓίυδδέ
2022 4995 2552 5076 ίίὶθῗτηὲίξοίὶέ.9¹¹τί⁵εί
2575 4995 2742 5076 centra
2756 5006 2990 5076 Fames":
3013 4995 3391 5076 attollitis—ain;

1811 5065 1913 5106 tum
1935 5071 2046 5118 quae
2065 5058 2176 5127 beic
2197 5059 2472 5127 adnectitur
2491 5061 2768 5127 _Augustini
2802 5065 3016 5127 Epistola
3042 5058 3148 5118 {31.
3175 5058 3249 5121 ad,
3264 5058 3392 5126 'Hi'e:

1811 5118 2149 5210 "°‘.‘i{“'.‘.'l}..€‘.e
2169 5118 2751 5210 ς9τέἕ1¹ξξῖὲξιίειλεεῖυιέξξξς
2770 5118 3064 5210 assess-

1875 5177 1949 5255 (ξ)
1983 5177 2142 5255 Illum.
2168 5180 2217 5255 inn
2257 5177 2484 5255 séquent.
2513 5191 2630 5255 tom.
2657 5199 2751 5255 suo
2770 5187 2875 5237 loco
2900 5177 3272 5255 exhibebimus,
3312 5199 3388 5247 cui

1809 5241 2144 5319 statiminitio
2157 5241 2418 5319 Apologia;
2441 5247 2670 5319 secundae
2692 5248 2831 5298 Hier.
2858 5253 3137 5312 respondet.
3163 5241 3280 5319 E511;
3304 5241 3392 5308 ibi;

1812 5302 1938 5368 tiu_n_r
1955 5309 2048 5368 c_s_t,
2074 5302 2247 5368 Audiui
2263 5302 2514 5368 quosdam,
2542 5316 2638 5358 etc.

1874 5363 1947 5436 (ᾗ)
1982 5362 2101 5436 Haec
2126 5362 2469 5436 cadentique
2494 5362 2806 5436 illavideam,
2825 5372 2892 5436 ad
2913 5386 3059 5436 quam
3092 5380 3262 5431 scribit.
3286 5384 3390 5433 Au-

1846 5424 2037 5501 ustinus
2059 5424 2226 5501 ξεξρὶδῑ.¹
2383 5424 2496 5501 :alia
2526 5433 2696 5501 utique
2719 5424 2885 5501 ab'i_|la
2963 5437 3022 5485 ad
3046 5424 3389 5501 quiin—ﬁciiér

1846 5438 2037 5474 usunus
2059 5438 2098 5474 1:.
2135 5438 2213 5476 Ist.
2255 5438 2366 5477 26⁷1.
2401 5438 2493 5480 alia
2526 5438 2696 5495 utique
2719 5438 2780 5482 ab
2805 5438 2885 5483 illa
2906 5471 2920 5494 ,
2963 5438 3022 5485 ad
3046 5452 3190 5501 quam
3212 5439 3389 5496 Noster

1808 5438 2175 5560 Epistola‘s‘ilfas
2196 5488 2332 5538 dedit
2367 5490 2430 5540 de
2459 5492 2611 5560 Veste
2649 5493 2974 5560 Sacerdotali,
3017 5509 3069 5549 et
3100 5501 3164 5551 de
3187 5512 3392 5556 mansio-

1811 5549 1967 5624 nibus.
2009 5547 2072 5598 Et
2097 5552 2281 5624 ⁹1111111111
2321 5559 2502 5624 tamen_
2531 5555 2676 5624 hujus
2711 5556 2924 5624 Eabiolge
2951 5547 3387 5624 'perhéée's’giiiiﬁl

1812 5609 2061 5712 eximam
2095 5611 2145 5660 in
2183 5613 2506 5677 subscquenti
2538 5609 2682 5681 hujus
2712 5617 2945 5683 Epistolas
2966 5609 3388 5680 ‘nuniéié'fxiéiﬁal
