4026 6186
632 289 769 352 1091

639 426 1025 473 unusunus:
1073 408 1297 479 virginis
1341 402 1578 471 Domini,
1602 400 1865 473 virginem
1903 409 2133 456 matrem
2155 400 2215 455 li-

635 507 740 563 lius
772 502 917 572 virgo
945 500 1257 569 susciperet.

704 596 756 648 6.
789 591 956 645 Annis
977 590 1135 659 igitur
1164 587 1407 658 plurimis
1423 586 1502 643 sic
1522 600 1672 641 suam
1703 583 1961 654 transegit
1977 591 2212 652 aetatem,

631 692 688 738 ut
713 691 838 736 ante
871 696 931 735 se
980 680 1213 735 vetulam
1256 687 1521 745 cerneret,
1555 693 1716 749 quam
1759 676 2215 733 adolescentulam

629 773 794 827 fuisse
842 770 1219 838 meminisset,
1265 770 1490 826 laudans
1538 769 1667 824 illud
1711 769 2066 834 Platonicum,
2122 768 2213 839 qui

627 861 1030 932 Philosophiam
1068 862 1470 918 meditationem
1501 862 1688 916 mortis
1714 874 1833 916 esse
1859 859 2012 918 dixit.
2059 858 2214 915 Unde

626 964 680 1011 ct
708 964 890 1011 noster
921 956 1208 1025 Apostolus
1242 973 1256 1011 :
1291 955 1546 1022 Quotidie,
1579 954 1770 1024 inquit,
1792 954 1981 1007 morior
2007 961 2215 1023 propter

624 1057 839 1102 vestram
882 1047 1098 1104 salutent
1146 1047 1221 1118 (i.
1279 1046 1398 1101 Cor.
1429 1047 1516 1101 15.
1549 1045 1664 1116 5i).
1715 1044 1784 1099 Et
1825 1044 2105 1110 Dominus,
2132 1044 2212 1115 (a)

621 1139 777 1210 juxta
815 1141 1029 1209 antiqua
1073 1138 1400 1209 exemplaria
1438 1155 1454 1194 :
1494 1137 1617 1192 Nisi
1659 1139 1773 1209 quis
1802 1138 1972 1191 tulerit
2012 1151 2214 1190 crucem

625 1246 770 1285 suam
788 1231 1032 1299 quotidie,
1051 1240 1098 1285 et
1118 1240 1320 1285 secutus
1343 1229 1497 1301 fuerit
1519 1245 1619 1296 me,
1638 1245 1739 1283 non
1770 1236 1931 1301 potest
1954 1243 2092 1282 meus
2107 1243 2213 1282 esse

627 1321 907 1394 discipulus
937 1321 1088 1393 (Luc.
1121 1322 1209 1377 14.
1238 1320 1355 1392 27.)
1410 1320 1682 1390 Multoque
1706 1328 1832 1375 ante
1852 1332 1947 1389 per
1974 1317 2213 1387 Prophe-

623 1418 730 1465 tam
775 1412 1005 1482 Spiritus
1035 1411 1303 1468 Sanctus:
1351 1410 1575 1481 Propter
1614 1420 1661 1465 te
1704 1411 2070 1478 mortiﬁcamur
2106 1418 2212 1481 tota

622 1502 724 1569 die,
752 1503 985 1557 mstimati
1009 1519 1179 1558 sumus
1206 1513 1259 1557 ut
1285 1518 1399 1558 oves
1428 1503 1693 1557 occisionis
1715 1501 1889 1573 (Rom.
1921 1504 1955 1557 8
1997 1502 2108 1571 56).
2146 1501 2213 1556 Et

621 1602 745 1664 post
782 1594 980 1649 multas
1019 1603 1207 1651 aetates
1235 1595 1326 1649 illa
1352 1596 1616 1650 sententia
1661 1611 1676 1648 :
1734 1592 1987 1648 Memento
2016 1608 2212 1663 semper

621 1687 757 1741 diem
786 1689 979 1754 mortis,
1012 1695 1059 1741 et
1088 1704 1343 1758 nunquam
1371 1688 1599 1757 peccabis
1628 1684 1818 1758 (Eccli.
1850 1687 1928 1757 7).
1960 1686 2213 1742 Disertis-

610 1776 849 1851 vsimique
873 1786 1198 1848 praeceptum
1225 1778 1297 1849 (ὁ)
1319 1777 1545 1848 Satyrici
1575 1795 1589 1833 :

667 1868 786 1923 Vive
801 1885 991 1923 menter
1007 1871 1149 1937 letlti,
1168 1871 1456 1941 fugithora,
1479 1872 1575 1925 Itoc
1595 1871 1733 1942 quod
1757 1871 1956 1941 loquor,
1973 1871 2093 1926 inde
2110 1879 2206 1928 est.

691 1959 782 2016 Sic
813 1975 942 2031 ergo
995 1961 1076 2030 (ut
1117 1960 1299 2017 dicere
1341 1964 1700 2034 coeperamus)
1727 1972 1940 2019 aetatem
1958 1963 2129 2029 duxit,
2153 1972 2210 2021 et

615 2053 768 2119 vixit,
801 2063 859 2108 ut
887 2068 1107 2124 semper
1130 2069 1190 2111 se
1214 2053 1463 2111 crederet
1488 2070 1610 2112 esse
1634 2057 1971 2112 morituram.
2011 2057 2101 2114 Sic
2126 2057 2209 2113 in-

616 2142 747 2198 duta
775 2152 857 2199 est
877 2144 1133 2207 vestibus,
1163 2152 1221 2199 ut
1244 2144 1582 2203 meminisset
1608 2147 1861 2217 sepulcri,
1889 2147 2121 2205 offerens
2146 2163 2213 2207 se

615 2234 844 2292 hostiam
873 2236 1268 2304 rationabilem,
1300 2238 1501 2309 vivam,
1533 2239 1838 2309 placentem
1868 2241 2000 2296 Deo.

684 2329 736 2383 7.
785 2328 1003 2396 Quando
1044 2329 1263 2385 Romam
1309 2332 1461 2386 venit.
1500 2361 1575 2374 ——-
1612 2332 1854 2403 Denique
1888 2347 2008 2387 cum
2037 2340 2091 2388 et
2114 2347 2207 2394 me

614 2419 842 2476 Romam
869 2435 990 2475 cum
1018 2422 1219 2476 sanctis
1248 2421 1617 2488 Pontilicibus,
1644 2422 1872 2478 Paulino
1892 2431 1948 2479 et
1973 2423 2209 2495 Epipha-

612 2511 725 2575 nio,
752 2508 1126 2564 Ecclesiastica
1155 2512 1230 2581 (c)
1254 2510 1503 2567 traxisset
1528 2513 1823 2568 necessitas
1847 2514 2094 2585 (quorum
2121 2515 2206 2570 al-

616 2609 698 2656 ter
739 2600 1135 2656 Antiochenam
1186 2602 1395 2676 Syriae,
1453 2603 1589 2660 alter
1642 2605 1987 2662 Salaminiam
2042 2607 2206 2680 Cypri

612 2691 750 2748 rexit
797 2691 1119 2764 Ecclesiam)
1158 2701 1214 2748 et
1249 2694 1550 2750 verecunde
1599 2695 1857 2752 nobilium
1886 2696 2203 2755 feminarum

612 2784 801 2840 oculos
851 2783 1200 2854 declinarem,
1251 2785 1326 2840 ita
1378 2788 1486 2857 egit
1523 2787 1819 2844 secundum
1860 2790 2199 2860 Apostolum,

609 2877 917 2947 importune,
947 2885 1229 2948 opportune
1280 2879 1358 2948 (2.
1395 2880 1527 2934 Tim.
1559 2881 1641 2950 4),
1674 2881 2003 2953 utpudorem
2022 2899 2200 2940 meum

608 2981 703 3023 sua
728 2978 1010 3039 superaret
1035 2969 1317 3025 industria.
1364 2970 1428 3025 Et
1452 2971 1577 3042 quia
1608 2972 1836 3044 alicujus
1865 2983 1991 3030 tunc
2020 2976 2198 3032 nomi-

612 3059 697 3115 nis
725 3075 846 3116 esse
916 3061 1081 3133 956
1150 3062 1499 3119 existimabar
1525 3079 1690 3134 super
1713 3067 1889 3123 studio
1907 3067 2200 3140 Scriptura-

609 3167 750 3219 rum,
798 3168 1067 3223 nunquam
1104 3157 1377 3219 convenit,
1430 3157 1555 3227 quin
1583 3158 1649 3211 de
1680 3159 1973 3229 Seripturis
1999 3162 2198 3233 aliquid

605 3242 964 3315 interrogaret
992 3262 1006 3299 :
1039 3259 1139 3302 nec
1166 3253 1222 3303 ut
1251 3247 1430 3305 statim
1483 3246 1590 3323 [ιιι.
1613 3268 1705 3306 nec
1730 3254 1936 3325 statim]
1983 3257 2199 3325 acquie-

604 3345 798 3405 sceret,
840 3337 935 3394 sed
980 3348 1220 3396 moveret
1248 3343 1570 3397 econtrario
1613 3345 1958 3413 quaestiones;
1990 3362 2094 3401 nou
2136 3358 2196 3404 ut

605 3429 977 3495 contenderet,
1026 3429 1121 3485 sed
1153 3440 1211 3486 ut
1247 3432 1539 3501 quaerendo
1582 3433 1814 3490 disceret
1839 3452 2021 3492 earum
2051 3439 2194 3495 soluo

604 3518 799 3586 lienes,
848 3535 980 3590 quas
1003 3522 1201 3591 opponi
1230 3536 1388 3591 posse
1424 3523 1775 3594 intelligebat.
1826 3526 1967 3593 Quid
2003 3528 2057 3582 in
2101 3530 2193 3586 illa

604 3612 885 3679 virtutum,
914 3612 1040 3682 quid
1070 3613 1290 3685 ingenii,
1322 3614 1450 3685 quid
1480 3616 1804 3684 sanctitatis,
1833 3618 1960 3688 quid
1991 3621 2195 3689 purita-

603 3703 670 3760 tis
691 3705 1010 3774 invenerim,
1033 3721 1226 3762 vereor
1240 3706 1441 3772 dicere,
1473 3723 1540 3764 ne
1563 3708 1722 3765 ﬁdem
1750 3711 2082 3767 credulitatis
2097 3729 2192 3771 ex-

598 3796 810 3864 cedam,
837 3807 891 3853 et
917 3798 1009 3855 tibi
1032 3799 1288 3869 majorem
1324 3799 1565 3856 dolorem
1582 3802 1859 3869 incutiam,
1882 3805 2188 3864 recordanti

598 3897 802 3959 quanto
830 3890 970 3946 bono
997 3892 1256 3947 carueris.
1296 3891 1409 3948 Hoc
1435 3894 1611 3948 solum
1643 3894 1841 3962 dicam,
1871 3898 2013 3967 quod
2032 3900 2189 3970 quid-

600 3980 728 4051 quid
751 3980 805 4035 in
832 3981 987 4037 nobis
1007 3981 1168 4053 longo
1189 3982 1287 4037 fuit
1306 3982 1483 4037 studio
1507 3994 1907 4055 congregatum,
1942 3997 1996 4043 et
2017 3989 2187 4045 medi-

600 4072 801 4127 tatione
834 4072 1104 4141 diuturna,
1132 4074 1283 4151 quasi
1310 4074 1363 4128 in
1397 4083 1641 4130 naturam
1668 4092 1905 4146 versum;
1957 4082 2059 4137 hoc
2094 4083 2186 4139 illa

597 4161 805 4227 libavit,
829 4161 932 4217 hoc
956 4162 1163 4231 didicit,
1205 4173 1363 4235 atque
1393 4167 1629 4236 possedit
1656 4185 1671 4223 :
1717 4168 1787 4225 ita
1819 4178 1878 4225 ut
1906 4181 2027 4243 post
2056 4189 2186 4245 pro-

597 4252 886 4308 fectionem
918 4264 1178 4321 nostram,
1226 4255 1272 4310 si
1297 4255 1366 4311 de
1388 4257 1571 4329 aliquo
1598 4261 1906 4318 testimonio
1944 4262 2185 4336 Scriptu-

595 4356 778 4399 rarum
836 4350 980 4397 esset
1025 4343 1211 4400 oborta
1259 4350 1573 4418 contentio,
1613 4352 1681 4408 ad
1752 4355 1897 4410 illam
1946 4357 2181 4427 judicem

596 4439 928 4504 pergeretur.
985 4434 1052 4489 Et
1078 4437 1200 4506 quia
1233 4438 1391 4494 valde
1420 4442 1655 4511 prudens
1684 4457 1799 4501 erat
1819 4488 1834 4514 ,
1877 4457 1932 4503 et
1961 4459 2181 4507 noverat

594 4523 746 4591 illud,
775 4524 917 4596 quod
946 4528 1218 4598 appellant
1243 4530 1553 4605 PIIiIOSOphi
1591 4547 1645 4592 τὸ
1666 4547 1837 4609 πρέπον
1861 4540 1915 4594 id
1949 4551 2051 4610 est,
2088 4544 2178 4599 de-

596 4632 711 4671 cere
728 4616 869 4687 quod
897 4617 1060 4673 facias
1089 4637 1102 4673 :
1133 4621 1213 4676 sic
1260 4622 1327 4677 ad
1357 4625 1679 4694 interrogata
1715 4628 2094 4697 respondebat,
2124 4642 2181 4688 ut

596 4712 757 4767 etiam
784 4724 901 4778 sua,
930 4728 1038 4768 non
1056 4729 1153 4769 sua
1180 4714 1405 4781 diceret,
1423 4717 1518 4773 sed
1538 4718 1621 4773 vel
1639 4734 1778 4785 mea,
1796 4721 1879 4776 vel
1899 4722 2181 4791 cujuslibet

593 4803 835 4873 alterius,
859 4813 917 4859 ut
937 4806 989 4861 in
1009 4821 1076 4862 eo
1099 4806 1216 4878 ipso
1240 4807 1384 4877 quod
1411 4807 1656 4874 docebat,
1681 4824 1742 4868 se
1767 4812 2077 4884 discipulam
2094 4806 2199 4897 fa-V
2279 4809 2347 4855 τὰς

592 4960 851 5023 Vulgatam
875 4962 1156 5032 editionem,
1312 4964 1479 5032 verius
1517 4962 1744 5030 plerique
1765 4968 1849 5018 alii
1873 4969 2015 5032 juxta
2038 4971 2176 5021 Grae-

594 5036 702 5073 cum
727 5037 774 5081 tt,
794 5035 846 5095 εδ
864 5032 963 5095 φα,
986 5024 1040 5074 in
1060 5037 1167 5085 sua,
1192 5024 1239 5074 id
1257 5030 1337 5075 est
1357 5025 1488 5076 inter
1510 5024 1727 5091 preprias
1749 5044 1833 5081 res
1848 5024 2094 5095 {quaeque
2116 5034 2177 5084 ad

590 5096 649 5134 88
670 5091 912 5135 snectaut.

656 5099 937 5213 (ῖςθῗὶιέξὲιίι
951 5145 1193 5213 Victorius
1208 5155 1382 5213 putare
1405 5148 1610 5213 aliquos,
1630 5151 1718 5201 sed
1744 5151 1880 5213 falso,
1897 5155 2003 5204 hac
2029 5158 2176 5207 verba

581 5206 956 5280 justapntiqua
981 5206 1291 5280 exemplaria
1320 5206 1609 5280 transposita
1642 5214 1757 5264 heic
1781 5206 1896 5280 esse
1922 5253 1935 5277 ,
1963 5225 2030 5280 et
2046 5206 2175 5280 pm;

658 5273 707 5317 nl
730 5269 920 5339 debere
943 5269 1020 5319 his
1041 5276 1087 5321 et
1111 5269 1374 5339 Dominus,
1399 5269 1754 5339 ut'rel‘erantur
1775 5278 1833 5326 ad
1870 5269 2177 5339 superiorem

611 5344 753 5402 ocum
773 5329 930 5402 Pauli,
954 5345 1101 5393 quem
1122 5331 1264 5402 Hier.
1290 5329 1432 5402 aliter
1446 5348 1598 5402 quam
1622 5334 1871 5402 vulgatum
1890 5329 2027 5389 esset
2048 5329 2176 5402 apud

593 5391 792 5462 Graecos
814 5405 875 5462 eo
898 5391 1138 5462 tempore,
1175 5395 1432 5462 citaverit;
1446 5391 1682 5462 Hodierna
1706 5391 1893 5462 Quippe
1928 5391 2177 5462 exempla-

499 5456 502 5460 '
590 5454 662 5519 ria
681 5467 768 5515 pro
788 5453 941 5519 salute
963 5453 1149 5519 habent
1170 5467 1359 5519 κώπῃσιν,
1383 5453 1607 5519 gloriam.
1633 5458 1699 5508 Ut
1720 5453 1921 5511 minime
1959 5453 2175 5516 arrideat

590 5511 698 5563 haec
719 5516 1017 5585 conjectura,
1045 5517 1155 5585 vide
1177 5511 1287 5585 quae
1321 5511 1370 5566 in
1383 5511 1632 5581 superiori
1676 5522 1884 5585 epistola
1923 5524 1982 5573 ad
2006 5511 2173 5575 Rusti;

592 5585 700 5622 cum
722 5577 855 5625 num.
884 5578 960 5625 19.
986 5586 1098 5627 nota
1122 5577 1155 5627 ά
1177 5577 1508 5629 observamus.

659 5631 834 5710 (i)).lix
860 5637 1021 5710 ηειδεῙί
1043 5639 1211 5710 Satyr.
1234 5641 1288 5710 5ζ
1309 5641 1408 5689 Sed
1444 5644 1621 5710 vitiose
1638 5643 2003 5710 _Martian._lwti
2025 5647 2169 5710 lege-

591 5701 684 5757 rat,
712 5695 763 5743 et
786 5695 927 5756 paulo
953 5707 1060 5757 post
1080 5695 1371 5748 se'voculam
1392 5709 1504 5751 ante
1527 5702 1729 5753 hostium
1751 5695 1929 5757 omisit.

658 5752 725 5819 (c)
758 5752 831 5805 Λα
854 5752 1120 5809 sedandum
1139 5762 1490 5814 Antiochenam
1524 5752 1747 5819 schisma.

1945 274 2192 333 SANCTI
2232 273 2606 335 HIEBONYMI

3808 292 3963 351 1099

2318 410 2540 458 teretur.
2559 398 2778 458 Sciebat
2793 400 2933 456 enim
2950 401 3148 457 dictum
3162 403 3230 460 ab
3247 404 3533 475 Apostolo:
3547 405 3957 469 Docereautcat

2317 493 2519 546 mulieri
2544 509 2645 546 non
2671 494 2904 562 permitto
2930 492 3008 564 (1)
3035 494 3110 563 (1.
3131 493 3271 551 Tim.
3288 495 3345 549 2.
3376 495 3436 569 2)
3453 514 3470 565 ;
3489 512 3563 554 ne
3578 500 3948 572 virilisexui,

2317 593 2373 640 et
2418 585 2685 641 interdum
2715 583 3113 652 Sacerdotibus,
3156 585 3226 642 de
3275 587 3524 645 obscuris
3564 600 3627 648 et
3655 594 3948 667 ambiguis

2315 675 2735 741 sciscitantibus,
2765 675 2942 734 facere
2970 675 3236 733 videretur
3263 678 3539 749 injuriam.

2388 766 2442 822 8.
2472 766 2530 821 In
2559 775 2803 821 nostrum
2833 767 3010 824 locum
3035 769 3216 827 statim
3248 771 3555 830 audivimus
3584 785 3642 831 te
3671 777 3834 833 illius
3855 780 3946 835 ad-

2317 859 2543 914 haesisse
2570 859 2868 927 consortio,
2886 869 2940 915 et
2958 876 3230 931 nunquam
3253 864 3321 917 ab
3342 864 3430 919 illa
3461 881 3531 921 ne
3550 876 3939 927 transversum

2317 952 2534 1022 quidem
2562 968 2816 1024 unguem,
2841 964 2900 1009 ut
2919 954 3134 1020 dicitur,
3163 957 3474 1012 recessisse.
3498 959 3713 1015 Eadem
3744 963 3938 1031 domo,

2321 1043 2399 1116 (d)
2430 1044 2619 1099 eodem
2634 1044 2881 1101 cubiculo
2903 1060 3076 1112 usam,
3105 1053 3166 1101 ut
3192 1048 3442 1106 omnibus
3470 1051 3524 1105 in
3557 1053 3705 1110 urbe
3729 1057 3938 1112 claris-

2314 1137 2449 1190 sima
2493 1147 2677 1193 notum
2718 1137 2906 1202 fieret,
2944 1147 2999 1193 et
3033 1146 3086 1193 te
3146 1148 3411 1208 matrem,
3461 1154 3514 1198 et
3555 1143 3711 1200 illam
3765 1147 3936 1205 ﬁliam

2314 1227 2601 1296 reperisse.
2621 1226 2974 1283 Suburbanus
2994 1243 3121 1300 ager
3140 1230 3294 1287 vobis
3318 1246 3414 1301 pro
3440 1240 3784 1292 monasterio
3813 1238 3932 1305 iuit,

2315 1326 2370 1373 et
2403 1332 2495 1372 rus
2542 1319 2774 1374 electum
2824 1333 2922 1389 pro
2951 1319 3258 1376 solitudine.
3306 1321 3581 1395 Multoque
3607 1327 3686 1383 ita
3716 1329 3934 1387 vixistis

2315 1417 2578 1479 tempore,
2620 1419 2677 1465 ut
2716 1425 2783 1465 ex
2824 1409 3124 1468 imitatione
3160 1415 3349 1482 vestri,
3377 1415 3455 1487 (ε)
3505 1423 3931 1479 conversatione

2312 1502 2597 1555 multarum
2624 1500 2981 1571 gauderemus
3015 1502 3241 1558 Romam
3272 1503 3466 1562 factam
3495 1507 3924 1583 Jerosolymam.

2312 1591 2513 1648 Crebra
2542 1594 2806 1664 virginum
2832 1599 3177 1663 monasteria,
3219 1602 3610 1658 monachorum
3662 1606 3923 1665 innume-

2312 1683 2495 1738 rabilis
2515 1685 2822 1753 multitudo;
2847 1695 2905 1741 ut
2931 1702 3029 1757 pro
3055 1687 3356 1759 frequentia
3383 1694 3739 1752 servientium
3788 1699 3920 1766 Deo,

2311 1776 2453 1847 quod
2507 1780 2657 1848 prius
2707 1780 3012 1850 ignominiaa
3086 1782 3250 1855 957
3322 1784 3517 1854 fuerat,
3550 1801 3705 1847 esset
3730 1802 3920 1862 postea

2310 1867 2512 1939 glorise.
2571 1870 2792 1925 Interim
2820 1871 3119 1928 absentiam
3150 1876 3321 1931 nostri
3361 1880 3560 1933 mutuis
3600 1882 3922 1939 solabamur

2310 1958 2580 2030 alloquiis,
2604 1968 2659 2015 et
2675 1961 2818 2031 quod
2837 1976 3001 2018 carne
3018 1978 3123 2019 non
3143 1974 3467 2035 poteramus,
3490 1971 3684 2039 spiritu
3711 1975 3919 2030 redde-

2309 2048 2520 2106 bamus.
2549 2050 2776 2123 Semper
2810 2053 3031 2110 obviare
3068 2057 3315 2127 epistolis
3337 2101 3353 2126 ,
3384 2074 3636 2130 superare
3666 2064 3876 2119 ofﬁciis
3897 2108 3911 2134 ,

2308 2141 2722 2199 salutationibus
2764 2146 3083 2215 praevenire.
3141 2146 3261 2203 Non
3282 2149 3503 2205 multum
3526 2152 3795 2222 perdebat
3823 2156 3914 2212 ab-

2308 2233 2502 2300 sentia,
2546 2248 2670 2304 quae
2691 2234 2908 2306 jugibus
2937 2236 3040 2291 sibi
3068 2237 3263 2295 litteris
3285 2239 3630 2312 jungebatur.

2379 2322 2433 2377 9.
2475 2322 2794 2395 Origcnt'stw.
2814 2356 2887 2367 —
2916 2325 2972 2382 In
3000 2327 3099 2383 hac
3129 2331 3550 2401 tranquillitate,
3585 2345 3643 2390 et
3684 2336 3901 2394 Domini

2319 2413 2604 2482 servitute,
2633 2415 2885 2473 haeretica
2902 2418 2958 2474 in
2974 2419 3057 2475 his
3077 2423 3365 2490 provinciis
3383 2434 3569 2480 exorta
3593 2436 3906 2502 tempestas,

2312 2514 2507 2562 cuncta
2554 2508 2817 2576 turbavit;
2849 2519 2904 2566 et
2931 2512 2986 2566 in
3016 2520 3216 2568 tantam
3247 2513 3450 2570 rabiem
3480 2519 3751 2577 concitata
3800 2532 3903 2589 est,

2309 2604 2368 2650 ut
2394 2612 2494 2652 nec
2520 2598 2644 2667 sibi,
2677 2613 2776 2655 nec
2800 2600 2895 2656 ulli
2939 2600 3203 2658 bonorum
3233 2616 3498 2674 parceret.
3530 2610 3598 2664 Et
3623 2612 3781 2691 quasi
3813 2630 3905 2685 pa-

2250 2692 2256 2699 '
2307 2704 2425 2744 rum
2452 2698 2630 2758 esset,
2668 2690 2754 2748 hic
2797 2694 3049 2750 universa
3077 2698 3330 2764 movisse,
3366 2698 3434 2771 (ι’)
3466 2690 3661 2759 navem
3691 2707 3901 2777 plenam

2304 2780 2767 2852 blasphemiarum
2816 2784 3060 2843 Romano
3111 2788 3291 2845 intulit
3346 2795 3541 2862 portui.
3592 2796 3901 2871 Invenitque

2303 2874 2553 2942 protinus
2576 2876 2771 2945 patella
2798 2880 3131 2948 cperculum,
3159 2891 3215 2938 et
3238 2882 3498 2941 Romanze
3551 2888 3678 2946 [idei
3724 2896 3898 2962 puris-

2302 2965 2498 3022 simum
2525 2966 2752 3037 fontem,
2800 2970 2972 3027 lutosa
3029 2988 3187 3029 emno
3237 2978 3603 3046 permiscuere
3647 2986 3892 3057 vestigia.

2303 3058 2414 3115 Nec
2443 3062 2636 3116 mirum
2667 3063 2710 3116 si
2741 3063 2793 3118 in
2821 3064 3032 3134 plateis,
3065 3066 3200 3122 etin
3230 3067 3349 3125 foro
3376 3087 3556 3138 rerum
3598 3079 3893 3147 venalium,

2300 3152 2455 3209 ﬁctus
2479 3154 2679 3210 ariolus
2700 3155 2983 3212 stultorum
3014 3148 3260 3217 verberet
3291 3160 3370 3235 (9)
3399 3175 3572 3233 nates,
3597 3177 3655 3225 et
3681 3172 3894 3231 obtorto

2299 3242 2439 3301 fuste
2463 3245 2650 3301 dentes
2667 3247 3021 3304 mordentium
3041 3252 3244 3321 quatiat
3269 3270 3424 3310 :cum
3454 3272 3723 3317 venenata
3743 3278 3893 3333 spur-

2297 3349 2468 3406 caque
2495 3335 2737 3393 doctrina
2760 3338 2945 3394 Romaa
2964 3340 3231 3399 invenerit
3252 3360 3389 3416 quos
3410 3348 3711 3408 induceret.
3742 3356 3889 3414 Tunc

2297 3428 2556 3485 librorum
2587 3434 2863 3503 πιριᾶρχῶν
2890 3433 3104 3491 infamis
3145 3436 3554 3510 interpretatio:
3583 3453 3715 3502 tunc
3734 3448 3887 3504 disci-

2295 3522 2453 3591 pulus
2469 3529 2654 3596 ὀλβιος,
2687 3522 2763 3595 (It)
2792 3540 2916 3581 vere
2960 3527 3192 3585 nominis
3219 3531 3322 3597 sui,
3363 3533 3410 3587 si
3439 3534 3491 3588 in
3524 3536 3693 3592 talem
3724 3543 3880 3612 magi-

2291 3620 2462 3667 strum
2494 3628 2599 3668 non
2650 3612 2979 3686 impegisset.
3017 3617 3166 3673 Tunc
3208 3631 3517 3680 nostrorum
3548 3626 3615 3696 (i)
3668 3632 3883 3695 διάλυτςς

2292 3703 2669 3772 contradictio,
2701 3715 2756 3761 et
2782 3706 2861 3780 (2)
2884 3707 3276 3767 Pharisaeorum
3308 3715 3521 3771 turbata
3565 3729 3653 3775 est
3677 3723 3878 3779 schola.

2290 3795 2441 3851 Tunc
2466 3807 2647 3851 sancta
2669 3798 2942 3870 Marcella,
2968 3819 3086 3874 qua:
3115 3803 3207 3859 diu
3226 3818 3288 3860 se
3310 3809 3648 3877 cohibuerat,
3681 3830 3748 3869 ne
3782 3830 3875 3886 per

2287 3888 2680 3945 aemulationem
2730 3892 2998 3963 quippiam
3042 3895 3219 3953 facere
3247 3898 3556 3968 videretur,
3593 3919 3874 3978 postquam

2315 4001 3383 4083 ζςάὲμοιέφὲῇξπιεξὲεηριθῖίξιμυωνίριοτίιιε
3396 4015 3660 4083 ausi-luit.
3680 4019 3871 4083 habent.

2488 4063 2641 4116 cubili
2676 4063 2862 4128 usam,"
2889 4074 2942 4118 et
2973 4063 3085 4129 alia,
3118 4072 3289 4122 eodem
3329 4063 3876 4140 ευὸίαἱιόξῶῖᾶῶὶξ

2352 4186 2702 4298 (aitxlictorius
2722 4187 2940 4252 mavult,
2984 4195 3031 4242 et
3064 4193 3391 4248 conversione.
3433 4199 3571 4259 Quod
3609 4200 3872 4273 Bollandus

2285 4259 2529 4298 εθιιυιιιιιι.

2284 4264 2630 4420 ἰθὲᾕῖιξὶῗῶηί
2673 4310 2875 4362 Romam
2917 4313 3173 4378 appulsum
3219 4325 3356 4369 notat
3372 4355 3389 4382 ,
3432 4321 3497 4373 de
3533 4333 3630 4386 quo
3682 4326 3866 4378 iterum

2451 4385 2689 4509 {beatioris
2710 4435 3037 4509 editprnNares
3059 4438 3203 4509 legit,
3225 4449 3374 4509 atque
3395 4444 3508 4496 alibi
3530 4447 3637 4509 ipse
3652 4446 3867 4500 Benedi.

2283 4494 2443 4565 ctiiius
2476 4494 2615 4565 Apol.
2644 4497 2689 4543 l.
2715 4510 2760 4545 c.
2794 4497 2840 4565 4.
2867 4496 3025 4549 Credo
3056 4494 3867 4565 equidem'ﬁctusﬁarioluswautcir-

2281 4553 2582 4632 seems.
2609 4559 2912 4632 πηργεειρυω.
2944 4553 3124 4632 ρομειιδ
3144 4565 3308 4632 τεεμηι,
3348 4553 3870 4632 mutuniatis

2280 4616 2606 4722 percutiebat,
2623 4619 2701 4666 cui
2726 4619 2878 4669 etiam
2900 4616 3164 4682 interdum,
3185 4626 3229 4674 si
3251 4616 3477 4677 mordere
3492 4616 3868 4689 ύρυέὶξὸδῖὀᾶ

2301 4680 2413 4722 uste
2435 4676 2616 4722 dentes
2632 4679 2902 4722 nuntiabat-
2929 4682 3101 4722 Simila,
3133 4687 3373 4722 nuidninm
3398 4691 3617 4722 Invanirn
3641 4699 3717 4722 ηερ
3744 4697 3867 4722 anna

2301 4676 3105 4755 infigiggtl_l:s§1tlayeltat.“8imile
3133 4676 3375 4755 quidpiam
3397 4676 3617 4737 Invenire
3629 4676 3867 4755 ’ἔρξε-ε]δυῖ

2282 4701 2413 4746 lubt?
2435 4701 2616 4746 μειιιτδ
2632 4701 2902 4739 quatleltal.
2929 4701 3101 4734 διηηιθ
3169 4701 3375 4748 ulaptam
3397 4701 3617 4737 Invenire
3641 4701 3718 4741 εει
3740 4701 3867 4755 apud

2280 4734 2595 4815 Luetntanntn
2716 4749 2879 4793 morte
2899 4701 3178 4808 Peregrini
3204 4761 3311 4798 uim
3351 4760 3413 4798 ιιι
3432 4763 3621 4810 πιόμενος
3646 4766 3800 4815 captvi
3822 4770 3869 4815 αις

2369 4810 2499 4859 suae.
2523 4811 2585 4849 καὶ
2604 4807 2701 4850 ἄλη.
2720 4814 2842 4853 πολλὰ
2864 4821 3098 4859 νηναύτιοσ.
3119 4807 3396 4859 Meneta.

2369 4832 2499 4860 hujus.
2524 4832 2585 4849 κε
2604 4832 2701 4850 ωι-
2720 4832 2842 4853 πολιαι
2864 4832 3052 4856 mm
3235 4832 3396 4859 tum.

2347 4857 2417 4922 (ἡ)
2452 4858 2712 4933 Macarium
2765 4832 3473 4933 iuuuit_R_ut§i‘nmi‘scipulum,
3515 4872 3649 4933 quod
3688 4887 3867 4926 nomen

2280 4931 2591 4997 gnatigmum
2616 4923 2792 4997 graece
2832 4934 2911 4978 est
2932 4928 3060 4997 huic
3064 4938 3203 4997 31919,,
3227 4923 3410 4997 beatus,
3436 4923 3485 4981 ei
3508 4923 3699 4997 q'uippe
3724 4923 3869 4988 inter;

2279 4983 2606 5055 pretationem
2628 4983 2743 5055 libri
2770 5000 2857 5055 κιρ
2876 5001 3005 5055 ἀηρν,
3025 4983 3242 5055 Ruﬁnus
3264 4983 3597 5055 inscripserit.

2349 5040 2401 5107 (i)
2439 5041 2657 5152 Legerat
2672 5040 3119 5123 Victoriusin'suis
3151 5040 3518 5106 uss.”s;i.;.‘.;.{.'
3531 5040 3865 5119 contradictio,

2349 5117 2491 5152 moue
2534 5114 2780 5152 ecltonem
2799 5119 3017 5152 seremus-
3039 5110 3129 5152 alia
3148 5113 3446 5152 exomnlnrin
3464 5118 3721 5152 ἰηπρηῑεεη
3737 5122 3843 5152 τεῖρε.

2282 5114 2491 5182 eamque
2514 5110 2780 5182 lectionem
2799 5119 3018 5182 secutus,
3039 5110 3448 5182 alia.ex_emplaria
3461 5118 3721 5182 invenisse
3737 5110 3862 5182 dicit,

2278 5177 2390 5274 ante
2412 5166 2503 5228 pro
2521 5166 2667 5240 latina
2689 5183 2831 5229 voce,
2856 5166 3188 5243 contradictio,
3208 5166 3655 5240 legerentGrm,

2325 5233 2438 5274 ecte
2461 5227 2681 5274 Martian.
2708 5232 3000 5274 emendant-
3042 5242 3207 5274 run..."

2325 5227 2438 5295 e_c_t_e
2461 5227 2681 5295 yartian.
2708 5227 3021 5295 emendavit,
3042 5227 3221 5295 δωλιηὲς.

2352 5285 3396 5373 tt1-assesassesrusseum
3421 5299 3558 5373 Issi:
3586 5308 3639 5373 et
3656 5316 3865 5373 seum-

2280 5350 2847 5429 ternéperiodutftgjungi
2862 5357 3375 5429 "testaturnGravius;
3412 5378 3434 5407 α
3457 5350 3558 5429 Ne
3575 5350 3709 5414 virili
3716 5350 3862 5429 ferio

2280 5412 2837 5489 segnui‘LetLiutet-‘iluui
2861 5414 3203 5489 Sacerdotibus
3217 5412 3534 5489 de_obscuris
3559 5412 3622 5474 et
3635 5412 3862 5489 ambiguis

2278 5472 2653 5545 sciscitantibus,
2682 5475 2846 5545 facere
2883 5477 3133 5545 videretur
3163 5480 3391 5545 injuriam
3416 5519 3431 5545 ,
3457 5472 3529 5534 id
3549 5472 3863 5538 ιὶόεὶἶὶιίιὶᾛ

2277 5545 2387 5581 cum
2414 5546 2501 5611 eos
2520 5536 2681 5583 statim
2707 5537 2795 5611 ire
2816 5539 2989 5611 suasit.
3008 5536 3292 5611 Audivinius
3316 5536 3439 5611 te,_§
3470 5556 3572 5611 etc.
3599 5536 3860 5611 querimini-

2277 5606 2358 5668 me
2382 5594 2581 5668 quidem
2603 5596 2849 5668 probatur
2881 5599 3051 5658 nobis,
3075 5599 3165 5647 sed
3201 5594 3723 5663 cxpcnt'lendavtafnewn
3733 5594 3859 5662 iiii-

2274 5654 2480 5716 gentius
2504 5664 2581 5705 est
2603 5654 2769 5706 lectio.
3037 5654 3045 5658 ’
3210 5672 3213 5675 ·
3270 5654 3286 5663 ⁸
3412 5654 3531 5659 ηή
3558 5654 3723 5661 mm"-
3761 5654 3834 5662 ﬂ“

2275 5777 2310 5790 η
2452 5717 3294 5790 ΙζοςιεεξρβοεῃᾳῃοδᾖΣΙρι-ῇςοδξιοο
3317 5726 3478 5779 innuit
3502 5735 3720 5787 nomine.
3747 5735 3860 5788 Con-

2273 5776 2561 5827 fcr'l’rml‘at.
2583 5778 2640 5827 ad
2664 5776 2746 5828 lib.
2778 5778 2966 5842 Didymi
2988 5780 3052 5829 de
3075 5780 3160 5843 Sp.
3185 5783 3385 5845 Sancto.
