4026 6186
162 418 327 472 sensit
373 415 528 470 fidem
568 408 855 483 apostolico
888 422 979 462 ore
1021 400 1494 468 laudatam(Roin.
1524 406 1574 457 1.
1607 405 1718 474 18),

166 508 215 557 in
243 505 507 573 plerisque
528 501 728 560 violari,
754 500 820 551 ita
853 506 910 551 ut
936 496 1238 550 sacerdotes
1258 508 1488 562 quoque,
1513 502 1564 546 et
1588 508 1725 544 non-

167 596 342 647 nullos
373 590 767 651 monachorum,
803 587 1138 654 maximeque
1167 584 1348 637 szrculi
1377 584 1638 643 homines,
1675 584 1724 633 in

166 697 442 735 assensum
474 680 553 731 sui
584 677 851 741 traheret;
880 691 944 729 ac
968 674 1288 743 simplicitati
1326 673 1571 726 illuderet
1602 672 1726 739 Epi-

166 772 311 838 scopi
334 770 429 841 (1).
453 770 539 837 qui
564 767 633 821 de
670 782 766 820 suo
794 767 1004 835 ingenio
1036 774 1256 818 cwteros
1285 764 1599 825 aestimabat,
1632 778 1727 830 pii-

166 858 300 911 blice
341 856 537 911 restitit
581 872 593 906 :
626 854 831 907 malens
872 854 980 906 Deo
1019 852 1265 921 placere,
1311 866 1467 920 quam
1495 849 1730 904 homini-

169 946 285 998 bus.

240 1035 325 1088 10.
365 1034 566 1088 Laudat
595 1033 841 1088 Salvator
866 1033 917 1086 in
964 1030 1249 1099 Evangelio
1281 1030 1513 1085 villicum
1544 1030 1734 1099 iniqui-

164 1126 308 1190 tatis,
330 1127 470 1195 quod
486 1136 666 1179 contra
680 1125 951 1177 dominum
970 1122 1182 1191 quidem
1204 1120 1588 1184 fraudulenter,
1602 1129 1735 1173 atla-

167 1232 289 1268 men
321 1230 418 1284 pro
448 1230 508 1269 se
538 1213 827 1284 prudenter
854 1212 1036 1267 fecerit
1059 1209 1205 1280 (Luc.
1236 1210 1323 1265 16.
1356 1210 1469 1278 10).
1499 1209 1735 1264 Cernen-

164 1313 248 1356 tes
303 1303 537 1357 hwretici
600 1302 667 1355 de
716 1316 875 1370 parva
925 1300 1152 1355 scintilla
1208 1299 1433 1353 maxima
1496 1299 1735 1353 incendia

162 1394 451 1454 concitari;
485 1402 538 1445 et
580 1393 908 1459 suppositam
946 1389 1146 1443 dudum
1199 1388 1469 1442 ﬂammam
1511 1389 1618 1457 jam
1669 1387 1736 1441 ad

160 1481 331 1552 958
398 1480 628 1534 culmina
668 1480 1011 1546 pervenisse;
1045 1492 1142 1531 nec
1174 1491 1329 1545 posse
1370 1477 1554 1539 latere,
1596 1476 1736 1545 quod

167 1572 367 1623 inultos
394 1568 702 1634 deceperat,
727 1578 928 1636 petunt,
962 1578 1016 1620 et
1044 1574 1327 1635 impetrant
1351 1566 1737 1619 ecclesiasticas

167 1662 458 1731 epistolas:
482 1670 539 1713 ut
561 1661 1015 1714 communicantes
1038 1660 1287 1712 Ecclesia:
1323 1658 1634 1712 discessisse
1658 1658 1739 1710 vi-

166 1755 444 1809 derentur.
474 1750 588 1805 Non
615 1751 839 1804 multum
864 1759 1071 1817 tempus
1098 1750 1147 1801 in
1177 1747 1373 1809 medio,
1404 1746 1642 1801 sucCedit
1687 1748 1739 1798 in

173 1845 531 1915 pontificatum
562 1843 642 1895 vir
666 1841 885 1910 insignis
920 1840 1263 1902 Anastasius,
1314 1852 1473 1906 quem
1519 1837 1597 1907 (a)
1653 1836 1741 1889 diu

172 1937 343 1990 Roma
383 1934 577 1987 habere
608 1948 711 1985 non
763 1932 975 1993 meruit,
1026 1944 1093 1982 ne
1122 1929 1266 1981 orbis
1308 1936 1467 1995 caput
1512 1926 1611 1979 sub
1656 1926 1743 1979 tali

170 2028 421 2096 episcopo
444 2032 795 2078 truncaretur.
826 2020 937 2073 lino
959 2020 1156 2073 idcirco
1184 2029 1367 2085 raptus
1391 2028 1550 2086 atque
1573 2026 1747 2071 trans-

172 2118 313 2167 latus
352 2122 452 2178 est,
484 2128 551 2166 ne
597 2111 763 2164 semel
804 2111 959 2162 latam
988 2108 1324 2171 sententiam,
1357 2107 1597 2173 precibus
1634 2108 1746 2160 suis

172 2206 391 2257 ﬂectere
440 2210 725 2255 conaretur
756 2217 768 2251 :
804 2199 1015 2251 dicente
1058 2198 1279 2249 Domino
1316 2196 1380 2247 ad
1418 2195 1699 2248 .Ieremiain
1730 2212 1743 2246 :

178 2294 234 2347 Ν
239 2311 265 2345 ε
293 2293 507 2346 oraveris
536 2306 628 2358 pro
652 2290 837 2358 populo
858 2290 973 2353 isto,
996 2303 1151 2355 neque
1171 2286 1449 2351 depreceris
1468 2286 1518 2336 in
1539 2284 1744 2337 bonum.

178 2384 317 2450 Quia
341 2384 383 2435 si
404 2382 762 2451 jejunaverint,
792 2395 890 2430 non
916 2378 1182 2430 exaudiam
1208 2391 1377 2443 preces
1401 2364 1589 2427 eorum.
1620 2373 1684 2426 Et
1706 2375 1749 2427 si

176 2474 472 2527 holocausta
492 2482 535 2523 et
563 2471 787 2524 victimas
810 2469 1093 2529 obtulerint,
1121 2482 1218 2518 non
1245 2466 1515 2532 suscipiam
1548 2480 1650 2517 eas.
1685 2462 1749 2516 In

175 2562 351 2632 gladio
379 2564 510 2615 enini
540 2570 588 2613 et
612 2561 745 2629 fame
767 2598 780 2619 ,
812 2569 856 2610 et
886 2556 1164 2624 pestilentia
1211 2570 1301 2623 ego
1348 2569 1634 2606 consumam
1668 2569 1751 2605 eos

174 2652 390 2723 (lerem.
424 2651 511 2704 H.
542 2650 625 2703 11.
653 2648 762 2710 12).
800 2647 974 2708 Dicas,
994 2645 1117 2714 quid
1143 2644 1253 2697 litec
1279 2642 1345 2697 ad
1379 2644 1582 2695 laudem
1611 2642 1750 2695 Mar-

176 2743 365 2797 cellas?
388 2740 745 2793 Damnationis
765 2737 1133 2790 litereticorum
1158 2734 1271 2787 lucc
1292 2732 1389 2786 l‘uit
1411 2732 1748 2801 principium:

178 2836 307 2887 dum
338 2832 549 2885 adducit
584 2839 766 2889 testes,
796 2828 884 2896 qui
914 2828 1062 2895 prius
1076 2826 1144 2879 ab
1160 2826 1236 2877 eis
1260 2824 1472 2887 eruditi,
1498 2833 1553 2877 et
1571 2831 1752 2891 postea

176 2927 249 2979 ab
280 2924 530 2977 heretico
564 2920 772 2975 fuerant
800 2934 983 2973 errore
1027 2916 1258 2985 correpti
1298 2932 1311 2968 :
1343 2916 1468 2968 dum
1523 2914 1756 2969 ostendit

180 3014 570 3070 multitudinem
596 3012 959 3079 deceptorum.
974 3010 1100 3062 dum
1122 3008 1279 3075 impia
1311 3013 1412 3076 περὶ
1427 3009 1583 3075 ἀρχῶν
1604 3006 1755 3073 inge-

180 3108 253 3160 rit
280 3104 542 3158 volumina
567 3142 583 3165 ,
615 3117 732 3169 quze
761 3099 1037 3153 emendata
1083 3113 1238 3150 manu
1268 3097 1459 3162 scorpii
1490 3094 1569 3164 (Ξ)
1597 3108 1753 3146 nion-

184 3196 497 3249 sirabantor
526 3209 537 3243 :
568 3192 690 3244 dum
711 3192 862 3243 acciti
894 3188 1254 3257 frequentibus
1279 3187 1468 3239 litteris
1497 3186 1753 3247 haeretici,

182 3296 243 3338 ut
268 3300 326 3338 se
380 3282 729 3336 defenderent
750 3318 767 3343 ,
798 3278 983 3332 venire
1014 3294 1117 3329 non
1145 3284 1269 3328 sunt
1308 3275 1422 3327 ausi
1457 3289 1472 3326 :
1504 3282 1753 3343 tantaque

182 3376 265 3428 vis
290 3369 633 3427 coiiscientiie
664 3368 778 3428 fuit,
801 3376 857 3420 ut
876 3367 949 3436 (b)
981 3366 1149 3434 magis
1168 3364 1420 3418 absentes
1440 3361 1510 3435 (c)
1532 3364 1755 3417 damna-

180 3466 248 3524 ri,
293 3476 447 3529 quam
480 3466 771 3528 praesentes
821 3457 1040 3524 coargui
1095 3452 1398 3507 maluerint.
1433 3452 1601 3521 Hujus
1650 3461 1755 3506 tam

182 3554 433 3623 gloriosa:
478 3551 712 3604 victoriie
763 3550 915 3616 origo
949 3546 1189 3601 Marcella
1227 3554 1310 3600 est
1346 3560 1361 3597 :
1395 3553 1554 3614 tuque
1600 3556 1759 3615 caput

183 3645 377 3694 lioriini
404 3652 456 3693 et
477 3654 632 3693 causa
662 3638 943 3701 bonorum,
976 3636 1081 3689 scis
1104 3650 1188 3689 me
1212 3650 1336 3688 vera
1361 3649 1577 3688 narrare
1600 3651 1614 3686 :
1638 3650 1757 3704 quae

183 3730 350 3793 nosti,
372 3730 455 3781 vix
478 3729 543 3783 de
575 3728 755 3781 multis
772 3741 934 3795 pauca
964 3741 1049 3777 me
1072 3725 1271 3788 dicere,
1297 3740 1361 3776 ne
1387 3724 1579 3792 legenti
1612 3725 1758 3778 fasti-

178 3818 333 3871 dium
356 3818 510 3871 faciat
529 3816 713 3869 odiosa
740 3813 1049 3883 replicatio;
1081 3822 1135 3867 et
1157 3812 1339 3866 videar
1357 3812 1495 3879 apud
1524 3814 1759 3867 malem-

180 3910 265 3963 los
297 3909 395 3961 sub
418 3908 695 3961 occasione
721 3906 891 3959 laudis
911 3904 1130 3957 alterius
1148 3943 1164 3969 ,
1223 3906 1555 3957 stomachum
1580 3919 1756 3959 meum

177 4000 451 4063 digerere.
482 3996 699 4062 Pergam
731 3994 796 4045 ad
824 3992 1051 4059 reliqua.

256 4088 346 4140 11.
392 4086 467 4137 De
514 4081 815 4137 Occidentis
870 4080 1111 4149 partibus
1156 4078 1223 4133 ad
1285 4078 1552 4134 Orientem
1603 4080 1758 4135 turbo

179 4187 576 4243 transgressus,
607 4170 949 4225 minitabatur
978 4170 1219 4237 plurimis
1250 4184 1440 4237 magna
1461 4168 1755 4239 naufragia.

178 4269 336 4322 Tunc
364 4264 635 4332 impletum
663 4269 746 4316 est
773 4277 787 4313 :
818 4258 985 4313 Putas
1020 4259 1217 4313 veniens
1238 4257 1406 4312 Filius
1430 4259 1645 4314 hominis
1684 4264 1753 4330 [i-

248 4396 324 4457 (a)
358 4393 591 4457 Triennio
602 4393 763 4457 enim,
802 4398 859 4457 et
884 4390 1269 4457 paucisndiebus
1296 4388 1564 4457 _Bor_nanam
1587 4394 1758 4443 sedem

173 4450 413 4511 obtinuit,
438 4462 491 4503 et
510 4454 642 4501 orbis
662 4460 824 4514 caput,
847 4450 907 4500 ω’
942 4459 1020 4514 est
1050 4450 1197 4514 Roma
1234 4452 1328 4514 sub
1350 4452 1457 4510 ejus
1477 4465 1759 4505 successore

180 4517 491 4573 Innocentio,
516 4511 784 4562 truncatum
808 4520 902 4571 est,
928 4511 1035 4573 sive
1057 4511 1139 4559 illa
1161 4524 1189 4573 a
1206 4512 1368 4573 Qotbis
1389 4520 1542 4573 capta.

255 4577 325 4641 (ὁ)
367 4570 521 4641 Abest
542 4575 666 4641 apud
692 4570 1067 4641 \"ictor._inagis,
1092 4572 1176 4635 qui
1201 4570 1508 4633 pleonasmus
1530 4580 1608 4623 est
1638 4577 1759 4625 scri-

174 4633 414 4701 ptoribus
429 4633 590 4683 latinis
612 4634 736 4681 baud
760 4633 991 4682 insolens.

252 4702 323 4759 (c)
357 4696 481 4745 Hine
505 4708 590 4756 pro
611 4702 747 4743 certo
771 4703 951 4755 ponunt
972 4692 1215 4802 plemue,
1241 4692 1479 4742 Bullinum
1503 4708 1598 4743 non
1616 4697 1758 4747 modo

252 4765 479 4802 ansatum.
513 4769 567 4802 ac
587 4756 784 4802 citatum
808 4753 1019 4802 Romam.
1056 4768 1066 4777 '
1156 4754 1302 4801 etiam
1333 4754 1607 4802 damnatum
1628 4759 1758 4802 Ana-

174 4753 479 4814 accusatuin,
507 4753 567 4803 'ae
587 4753 784 4804 citatum
808 4753 1019 4810 Romani,
1044 4753 1130 4802 sed
1156 4754 1302 4801 etiam
1333 4754 1607 4803 damnatum
1628 4759 1758 4806 Ana-

174 4819 325 4866 stasii
349 4832 483 4879 papa:
504 4814 908 4879 sententiaﬁain
934 4820 986 4861 et
1018 4814 1104 4879 liti.
1130 4815 1177 4860 2.
1204 4814 1411 4879 Apolog.
1436 4814 1623 4879 limine
1648 4832 1758 4867 eas-

172 4880 302 4943 dem
352 4873 536 4943 romani
576 4874 811 4943 pontificis
843 4873 1039 4943 litteras
1079 4873 1312 4943 ingerens
1447 4874 1644 4934 Doctor,
1668 4887 1753 4938 ut,

174 4939 365 4999 inquit,
388 4937 429 4986 si
448 4948 539 4999 non
557 4935 624 4999 vis
642 4936 812 4984 audire
828 4935 1061 4999 fratrem,
1291 4935 1563 4999 episcopum
1582 4935 1759 4989 conde-'-

174 4993 447 5047 iiiiiaittem.
472 4996 568 5045 Sed
587 4998 690 5045 base
713 5009 775 5044 ex
798 4993 906 5044 aliis
924 4996 1147 5056 ejusdem
1170 4993 1451 5056 Hieronymi
1469 4998 1759 5049 testimoniis

172 5058 437 5107 commode
476 5056 680 5118 intelligi
717 5064 943 5117 pessunt,
968 5057 1193 5118 nimirum
1231 5062 1437 5118 eatenus
1470 5057 1655 5107 dixisse
1677 5062 1759 5109 da.

176 5127 427 5175 innatum,
451 5116 690 5181 quatenus
720 5116 945 5181 damnato
981 5116 1217 5181 Origene,
1243 5117 1545 5181 condemnati
1584 5132 1755 5181 cense-

173 5187 361 5228 rentur
395 5186 448 5228 et
469 5175 539 5225 ἰιι
575 5179 659 5240 qui
700 5178 955 5240 erroribus
986 5175 1154 5240 ii5tl'ein
1193 5175 1575 5240 implicabantur.
1602 5178 1756 5240 gCerte

174 5252 351 5300 neque
374 5241 475 5300 ipsa
512 5236 748 5300 Anastasii
787 5238 987 5299 epistola
1018 5237 1176 5300 adio.
1202 5236 1489 5299 Jerosolym.
1516 5236 1756 5287 Bullinum

172 5298 494 5348 anathemate
518 5299 760 5359 percellit,
788 5298 952 5359 neque
977 5300 1023 5347 id
1054 5298 1163 5346 aliis
1187 5298 1408 5347 veterum
1430 5302 1757 5349 monumentis

172 5360 425 5420 proditum
449 5358 557 5407 est:
581 5361 696 5420 quin
732 5358 951 5420 illloillle
986 5360 1287 5420 adiiiiortem
1307 5372 1467 5420 usque
1502 5362 1756 5409 amicitiam

172 5418 335 5468 coluit
365 5418 772 5469 sanctissimorum
811 5419 1020 5467 virorum
1054 5419 1241 5467 Paulini
1280 5418 1468 5476 Nolani,
1500 5420 1755 5470 Clironiatii

169 5480 531 5541 Aquileiensis,
556 5478 815 5528 Gaudentii
835 5479 1070 5533 Brixiani.
1096 5481 1414 5541 aliorumque,
1438 5493 1641 5540 quorum
1666 5496 1754 5530 ne-

169 5541 480 5611 cessitudine
503 5541 571 5611 uti
611 5553 723 5610 eum
742 5541 1207 5647 'potuisseminiine
1247 5553 1331 5603 par
1354 5548 1430 5591 est
1466 5542 1689 5601 credere,
1713 5543 1754 5591 si

169 5603 499 5647 damnationis
521 5598 722 5647 Vinculis
761 5607 832 5647 uit
855 5608 1089 5647 irretitus.

167 5603 499 5650 damnationis
521 5598 722 5650 vinculis
742 5598 832 5648 fuit
855 5601 1089 5649 irretitus.

246 5660 315 5724 (1)
351 5661 568 5710 Siricius.
592 5660 698 5709 νεα.
724 5658 760 5706 l.
782 5661 829 5708 3.
854 5661 1060 5723 Apolog.

620 5741 664 5802 S
728 5742 1118 5807 Ηικιιοιηιιι.
1164 5746 1213 5806 l.

1463 292 1784 349 El‘lSTOl.A
1829 289 2085 346 CXXVII.

3262 295 3401 351 1091

1835 404 1947 456 dem
1974 402 2185 456 inveniet
2223 417 2373 473 super
2410 408 2593 456 (errant
2633 402 2785 475 (Luc.
2814 403 2898 458 18.
2932 406 3022 476 8)?
3069 406 3402 479 Refrigerata

1834 494 2053 547 caritate
2071 493 2376 553 multorum,
2403 494 2553 561 pauci
2575 495 2662 562 qui
2683 494 2933 549 amabant
2960 496 3080 550 fidei
3100 500 3397 564 veritatem,

1838 592 2019 634 nostro
2049 582 2197 635 lateri
2223 582 2615 651 jungebantnr,
2689 585 2855 655 959
2924 602 3149 654 quorum
3196 591 3404 656 publice

1839 670 2115 735 petebatur
2141 680 2297 737 caput
2332 690 2344 723 :
2376 681 2557 724 contra
2585 689 2718 741 qtiiis
2753 690 2883 743 opes
2908 692 3093 729 omnes
3142 679 3405 744 paraban-

1840 767 1957 822 tur;
2005 760 2072 811 ita
2124 768 2181 811 ut
2213 758 2290 830 (d)
2322 761 2587 815 Barnabas
2639 779 2848 829 quoque
2877 764 3155 817 duceretur
3184 768 3232 819 in
3265 769 3404 821 illam

1838 845 2249 907 simulationem,
2286 847 2391 899 imo
2420 857 2659 915 apertum
2691 850 3032 917 parricidium
3055 893 3069 915 ,
3114 854 3253 921 quod
3300 872 3407 909 non

1839 936 2073 996 viribus,
2113 936 2204 989 scil
2249 938 2518 990 voluntate
2564 941 2845 993 commisit.
2884 942 2948 994 Et
2992 957 3118 997 ecce
3160 950 3431 1013 universa,

1841 1032 2151 1093 tempestas,
2188 1027 2409 1080 Domino
2454 1028 2637 1091 ﬂante,
2666 1031 2840 1084 deleta
2891 1042 3007 1097 cst,
3036 1036 3399 1104 expletumque

1840 1114 2144 1167 vaticinium
2177 1116 2482 1185 prophetale
2514 1120 2757 1189 :Auferes
2772 1124 3002 1189 spiritum
3026 1142 3195 1177 eorum
3216 1138 3263 1179 et
3283 1128 3435 1195 deﬁ-_.

1841 1204 1989 1266 cient,
2031 1214 2078 1257 et
2120 1206 2173 1258 in
2200 1207 2449 1273 pulverem
2476 1226 2624 1263 suum
2669 1222 2971 1266 revertentur
2993 1212 3110 1285 (Ps.
3142 1216 3264 1271 105.
3292 1190 3385 1283 211)
3404 1190 3425 1227 ⁸

1842 1288 1910 1343 1η
1936 1291 2025 1345 illa
2047 1293 2129 1346 die
2157 1295 2387 1361 peribunt
2412 1312 2581 1351 omnes
2606 1300 2927 1368 cogitationes
2954 1317 3127 1356 eorum
3147 1302 3263 1376 (Ps.
3285 1306 3408 1362 N5.

1843 1379 1917 1450 4).
1952 1380 2016 1435 Ει
2045 1381 2171 1436 illud
2202 1383 2575 1454 Evangelicum
2609 1405 2623 1442 :
2657 1388 2842 1453 Stulte,
2866 1394 2961 1444 huc
2989 1404 3132 1449 nocte
3158 1401 3415 1466 auferetur

1843 1472 2013 1522 anima
2049 1480 2134 1524 tua
2170 1488 2200 1523 η
2242 1482 2287 1526 te
2310 1490 2328 1526 :
2372 1491 2485 1543 qua:
2529 1487 2694 1530 autem
2738 1483 3066 1550 prieparasti,
3094 1486 3241 1553 cujus
3268 1498 3416 1542 erunt

1843 1558 1994 1629 (Luc.
2026 1561 2113 1616 te.
2142 1561 2276 1631 se)?

1920 1652 2006 1705 12.
2049 1652 2179 1705 Dum
2208 1654 2322 1708 bare
2348 1667 2574 1725 aguntur
2600 1658 2652 1712 in
2677 1658 2842 1715 Jebns
2866 1662 3225 1738 (Jerusalem),
3256 1669 3417 1723 terri-

1848 1738 1967 1792 bilis
1984 1740 2051 1793 de
2064 1741 2355 1797 Occidente
2372 1760 2555 1799 rumor
2569 1747 2807 1815 affertur,
2822 1752 3058 1807 obsideri
3082 1755 3328 1823 Romam,
3344 1757 3418 1829 (e)

1848 1836 1902 1881 et
1926 1843 2055 1881 auro
2081 1831 2305 1884 salutem
2333 1829 2525 1887 civium
2556 1837 2740 1890 redimi
2767 1879 2781 1903 ,
2812 1841 3170 1913 spoliatosque
3207 1859 3419 1900 rursum

1851 1917 2193 1981 circumdari,
2219 1930 2275 1973 ut
2296 1931 2413 1990 post
2428 1923 2798 1992 subsmntiam,
2822 1929 2985 1983 vitam
3007 1946 3217 2002 quoque
3233 1935 3421 2004 perde-

1851 2014 1990 2060 rent.
2027 2007 2207 2063 Harret
2236 2026 2336 2064 vox
2364 2052 2379 2075 ,
2406 2021 2461 2067 et
2488 2015 2749 2084 singultus
2771 2017 3116 2089 intercipiunt
3140 2024 3300 2080 verba
3332 2026 3420 2081 di-

1851 2099 2061 2150 ctantis.
2092 2099 2308 2166 Capitur
2340 2100 2498 2167 Urbs,
2521 2119 2640 2172 quae
2679 2114 2845 2160 totum
2872 2112 3013 2177 cepit
3054 2112 3238 2168 orbem
3267 2133 3281 2169 :
3312 2115 3422 2170 imo

1854 2188 1991 2241 fame
2016 2191 2152 2256 perit
2176 2200 2455 2261 antequam
2482 2195 2679 2263 gladio,
2702 2205 2758 2251 et
2782 2198 2865 2251 vix
2892 2201 3041 2268 pauci
3062 2204 3151 2271 qui
3172 2219 3424 2273 caperen-

1854 2286 1939 2329 tur
1958 2317 1972 2340 ,
1998 2278 2197 2331 inventi
2222 2291 2366 2334 sunt.
2399 2280 2480 2335 Ad
2508 2282 2766 2339 nefandos
2792 2287 2941 2340 cibos
2967 2291 3143 2359 erupit
3182 2294 3425 2349 esurien-

1855 2368 1983 2420 tium
2016 2370 2191 2447 raliies
2214 2411 2228 2435 ,
2256 2379 2309 2424 et
2331 2386 2424 2425 sua
2451 2373 2675 2429 invicem
2704 2379 2938 2432 membra
2968 2380 3248 2447 laniarunt,
3295 2384 3423 2440 dum

1854 2467 2026 2512 mater
2075 2444 2180 2513 ll‘tl
2209 2462 2378 2529 parcit
2423 2462 2637 2518 lactenti
2670 2466 2926 2533 infantiae,
2958 2479 3012 2524 et
3040 2444 3353 2547 recipitﬁ[al.
3377 2486 3427 2531 et

1857 2565 1947 2599 suo
1970 2549 2181 2622 recipit]
2211 2561 2398 2615 utero,
2427 2568 2585 2622 quem
2618 2556 2775 2624 paulo
2800 2568 2925 2611 ante
2951 2559 3228 2615 eﬂuderat.
3257 2562 3428 2621 Nocte

1858 2640 2009 2694 Moab
2024 2651 2175 2711 capta
2194 2653 2296 2705 est,
2322 2654 2476 2699 nocte
2496 2647 2689 2699 cecidit
2710 2663 2892 2702 murus
2917 2652 3032 2718 ejus
3053 2650 3204 2723 (Isai.
3238 2653 3426 2725 15.1).

1860 2729 2015 2796 Deus,
2038 2743 2273 2785 venerunt
2310 2744 2476 2803 gentes
2498 2736 2551 2789 in
2582 2736 2918 2792 licereditatem
2956 2750 3112 2807 tuam,
3141 2744 3431 2814 polluerunt

1859 2820 2101 2888 templum
2128 2832 2357 2874 sanctum
2389 2833 2554 2876 tuum.
2599 2824 2881 2881 Posuerunt
2919 2828 3204 2885 Jerusalem
3242 2832 3295 2885 in
3336 2849 3431 2901 po-

1859 2927 2053 2964 morum
2079 2915 2356 2965 custodiam
2379 2930 2397 2966 :
2422 2926 2693 2983 posuerunt
2730 2919 2973 2972 cadavera
2996 2931 3281 2975 mactarunt
3319 2933 3430 2978 tuo-

1860 3018 1972 3053 rum
2000 3019 2140 3055 escas
2166 3004 2449 3057 volatilibus
2479 3006 2591 3058 caeli
2613 3048 2628 3072 ,
2664 3023 2840 3063 carnes
2878 3009 3184 3066 Sanctorum
3228 3023 3431 3069 tuoru'n

1862 3092 2025 3147 bestiis
2074 3103 2238 3147 τεῖναν.
2289 3093 2589 3160 Eﬂ'uderunt
2639 3099 2933 3168 sanguinem
2967 3116 3138 3155 eorum
3186 3112 3426 3174 tanqua't;

1860 3199 2045 3251 aquam
2067 3185 2120 3237 in
2153 3185 2364 3238 circuitu
2404 3185 2688 3242 Jerusalem
2706 3228 2722 3255 ,
2748 3199 2796 3243 et
2822 3205 2923 3244 non
2957 3201 3064 3246 erat
3090 3194 3177 3264 qui
3201 3196 3434 3267 sepeliret

1862 3274 1977 3342 (Ps.
2003 3274 2091 3329 78.
2122 3275 2171 3328 1.
2195 3284 2242 3327 et
2268 3276 2449 3347 seqq)

1937 3363 2061 3429 Quis
2086 3365 2281 3417 cladem
2301 3366 2439 3418 illius
2460 3368 2635 3431 noctis,
2660 3373 2771 3437 quis
2800 3370 2977 3437 funera
2995 3372 3152 3442 fando

1936 3452 2188 3522 Explicet,
2208 3464 2295 3505 aut
2316 3459 2470 3523 possit
2497 3456 2729 3526 lacrymis
2751 3475 2951 3528 requare
2968 3463 3191 3518 dolorem
3216 3466 3243 3520 .’

1939 3541 2069 3596 Urbs
2109 3544 2314 3613 antiqua
2353 3552 2453 3596 ruit
2475 3585 2490 3606 ,
2533 3549 2714 3601 multos
2742 3550 3001 3604 dominata
3022 3570 3109 3616 per
3131 3571 3330 3624 annos;

1938 3633 2191 3699 Plurima,
2222 3652 2402 3707 perque
2422 3638 2524 3691 vias
2559 3651 2866 3709 sparguntur
2891 3639 3071 3696 inertia
3106 3648 3295 3713 passim

1934 3724 2179 3796 Corpora,
2214 3742 2399 3795 perque
2418 3727 2614 3790 domos,
2645 3737 2691 3781 et
2712 3730 2929 3797 plurima
2953 3734 3125 3785 mortis
3142 3736 3327 3805 imago.

2590 3816 2816 3885 (VIBGIL.
2844 3820 2881 3871 ι.
2914 3835 2967 3872 ii.
3001 3818 3257 3891 £neid.).

1933 3904 2096 3972 960
2168 3904 2254 3956 15.
2293 3901 2423 3956 Cum
2452 3904 2696 3969 interim,
2744 3918 2801 3958 ιιι
2832 3906 2882 3959 in
2935 3918 3076 3962 tanta
3119 3910 3436 3970 confusione

1866 4009 2069 4060 reium,
2096 3992 2358 4047 Marcella:
2384 4009 2594 4063 quoque
2619 3994 2837 4048 domum
2864 4008 3115 4053 cruentus
3151 4005 3324 4056 victor
3352 4004 3433 4058 in-

1926 4208 2004 4275 (d)
2037 4208 2341 4275 Bullinumne
2363 4247 2377 4267 ,
2401 4220 2461 4258 an
2496 4208 3059 4275 Joannem__Jerosolym.
3083 4214 3174 4263 sub
3203 4214 3440 4267 Barnabas

1865 4270 2059 4323 notnine
2084 4270 2339 4331 intelligat,
2359 4282 2455 4318 non
2472 4280 2547 4318 est
2562 4271 2702 4319 facile
2717 4272 2951 4321 divinare.
2965 4270 3116 4324 Certe
3138 4278 3437 4328 carissimum

1865 4335 1978 4382 olim
1999 4335 2202 4380 amicum
2228 4335 2401 4401 innuit,
2424 4333 2505 4401 qui
2522 4340 2714 4401 postea.
2740 4342 2793 4381 ut
2815 4332 3058 4401 Barnabas
3073 4336 3273 4401 auPaulo
3294 4352 3438 4401 sepa-

1865 4403 1998 4442 ratus
2021 4401 2129 4451 est;
2168 4391 2295 4454 quod
2321 4391 2370 4438 in
2393 4391 2560 4454 primis
2582 4391 2769 4441 liuﬂlno
2796 4398 3050 4454 convenit.
3084 4396 3207 4445 Tum
3232 4391 3443 4449 intenta-

1865 4460 1961 4522 tam
1982 4455 2075 4522 sibi
2095 4462 2158 4500 ab
2180 4453 2241 4501 eo
2257 4453 2458 4522 _nee_em_,
2654 4458 2771 4522 item
2793 4453 2979 4522 lluﬂino
3018 4465 3225 4522 aptatur,
3252 4460 3315 4507 de
3339 4475 3441 4522 quo

1866 4516 1914 4588 in.
1937 4515 2083 4588 tertio
2105 4512 2669 4588 ,sueAroteisﬁeliMm
2696 4514 2915 4588 ’διηφίει
2940 4512 3136 4588 innuis.
3152 4512 3394 4588 manus
3420 4557 3438 4582 .

1863 4574 1958 4624 nisi
1979 4584 2186 4624 tacuero.
2213 4572 2312 4624 Sed
2350 4572 2497 4623 etiam
2517 4574 2731 4623 Joannes
2752 4572 3020 4636 liujusmodi
3042 4577 3299 4627 violentias
3320 4572 3443 4629 Hie-'-

1866 4648 2065 4710 Eoiiyiiio
2081 4637 2427 4710 intentavi-arat.
2446 4650 2499 4684 ut
2516 4650 2576 4710 ex
2598 4636 2721 4710 Ιὶιξςρ
2742 4638 2799 4710 ad
2824 4636 3195 4710 Pammacliium,
3215 4648 3266 4687 et
3286 4640 3435 4710 Epist.

1863 4695 2042 4746 82.'ad
2084 4696 2407 4759 '[heOphilum
2446 4705 2611 4746 contra
2653 4695 3033 4759 illum‘eonslat,
3071 4710 3279 4759 quicque
3318 4695 3442 4750 intra

1863 4759 2044 4815 subdit,
2066 4756 2125 4817 ad
2163 4755 2387 4806 eumdem
2411 4759 2592 4817 Optime
2629 4755 2803 4803 referri
2842 4762 3062 4817 possunt.
3089 4755 3309 4808 Boetius
3332 4760 3443 4809 Ori-

1862 4819 2060 4878 genian.
2084 4815 2119 4864 l.
2135 4818 2183 4864 2.
2208 4826 2329 4866 sect.
2352 4819 2400 4865 ‘2.
2425 4815 2661 4866 Joannem
2685 4815 3068 4877 (Ilii-ysostomum
3089 4823 3184 4866 sub
3203 4818 3439 4868 Barnabas

1865 4881 2058 4927 nomine
2083 4879 2291 4926 obscure
2333 4880 2597 4940 perstringi
2638 4885 2800 4940 iutat;
2824 4878 2950 4937 quod
2989 4890 3169 4940 nempe
3207 4880 3441 4940 illecum

1864 4940 1942 4988 50.
1968 4939 2275 4999 Origenistas
2295 4950 2321 4983 a
2334 4935 2613 5001 "l‘beopbilo
2637 4935 2869 4998 expulsos
2888 4935 3118 5001 benigne'
3134 4939 3441 5001 excepisset,

1865 5002 2010 5047 etiam
2032 4997 2320 5059 auctoritate
2332 5012 2428 5059 (sua
2450 4997 2569 5045 fovit
2598 4997 2721 5058 apud
2745 4997 3026 5059 Arcadium,
3046 5006 3099 5047 et
3130 4997 3400 5049 Eudoitiani
3424 4997 3441 5059 ζ

1862 5068 2029 5123 contra
2050 5058 2306 5123 'l‘lieopbili
2330 5057 2534 5123 legatos,
2558 5057 2638 5119 qui
2660 5060 2722 5106 de
2745 5058 2981 5107 calumnia
3004 5060 3211 5123 convicti
3234 5072 3293 5123 ac
3325 5057 3440 5123 ειτιὲ

1867 5072 2029 5107 contra
2051 5072 2081 5106 ·ι
2094 5072 2306 5164 neqqiuin
2330 5072 2534 5117 legatos,
2558 5072 2638 5119 qui
2660 5072 2722 5106 ue
2745 5072 2981 5107 calumnia
3004 5072 3211 5109 eoimcti
3234 5072 3293 5110 ac
3325 5076 3440 5123 gra-

1867 5119 2142 5181 viter_ca:si,
2204 5120 2353 5165 etrusi
2376 5126 2490 5181 sunt
2512 5120 2560 5166 in
2584 5131 2851 5175 carcerem,
2872 5128 2921 5169 et
2945 5120 3089 5181 paulo
3112 5128 3220 5181 lost
3244 5121 3290 5169 in
3311 5124 3442 5169 insu-

1861 5180 1956 5290 Εἰ]
1995 5178 2357 5226 Proconnesuin
2392 5180 2632 5240 deportati
2674 5191 2687 5225 :
2727 5180 2855 5241 quod
2892 5192 2920 5227 a
2946 5178 3046 5229 'Pal

1931 5299 1990 5363 te)
2027 5298 2263 5366 Nimirum
2303 5312 2429 5347 anno
2451 5298 2557 5366 m.
2584 5298 2649 5366 ab
2671 5298 2859 5366 Alarico
2879 5299 3164 5366 _Gothortim
3188 5315 3331 5365 rege,
3355 5306 3439 5366 qui

1864 5359 2037 5409 urbem
2078 5362 2307 5421 invadere
2344 5373 2401 5421 ac
2434 5359 2716 5421 depopulari
2765 5361 3024 5420 potuisset,
3068 5359 3445 5415 innuensa‘ai'irl

1862 5431 2017 5483 atque
2032 5420 2227 5480 argenti
2250 5422 2293 5467 vi
2309 5420 2820 5483 salutemgredemecat
2842 5421 3047 5481 pepulus
3077 5436 3322 5472 romanus.
3342 5425 3442 5474 Sed

1861 5480 1988 5530 anno
2011 5482 2287 5540 insequenti
2324 5494 2434 5528 cum
2455 5480 2641 5529 oblatas
2664 5481 2725 5528 ab
2760 5480 2935 5529 eodem
2975 5486 3105 5540 pacis
3141 5487 3445 5535 conditiones

1862 5544 2143 5609 respuisset
2158 5540 2427 5609 ιιριιᾳινίιιει
2443 5540 2529 5589 ille
2554 5541 2731 5589 iterum
2754 5541 2943 5609 obsedit
2963 5540 3189 5609 Romam,
3218 5554 3269 5594 et
3290 5547 3443 5609 depo-

1864 5602 2171 5666 iulatusest.
2200 5602 2226 5647 ι
2241 5602 2400 5666 ide_i_i_i_
2416 5602 2665 5666 hanc_rem
2688 5606 2969 5662 superiores
2992 5602 3223 5666 epistolas
3250 5602 3444 5657 ιέδξω

1868 5661 2210 5727 Ageruebiam,
2237 5671 2289 5711 et
2317 5663 2421 5711 1‘25.
2446 5663 2503 5711 ad
2530 5661 2795 5723 Rusticum,
2822 5672 2919 5714 etc.

2567 5745 3044 5831 (Trente-cinq.)

3130 5181 3178 5229 io
3216 5182 3445 5233 traditum
