4026 6186
619 256 757 325 1095

615 370 875 439 greditur.
903 370 984 426 Sit
1008 368 1127 422 milii
1147 370 1223 435 fus
1248 363 1424 414 audita
1449 362 1584 429 loqui
1609 359 1714 432 (Ex
1741 357 1943 413 VIRGIL.
1969 356 2184 411 Ai'neid.

622 458 662 512 l.
692 458 790 533 Vt),
819 459 927 512 imo
949 472 978 509 a
997 454 1199 509 sanctis
1211 450 1339 503 viris
1363 451 1468 503 visa
1499 463 1735 510 narrare,
1760 451 1852 517 qui
1900 447 2190 502 interfui-rc

618 554 930 614 praesentes,
957 543 1045 610 qui
1078 550 1130 593 te
1151 538 1334 592 dicunt
1359 538 1411 591 in
1457 538 1694 606 periculo
1714 553 1923 607 quoque
1948 538 2006 592 ei-
2025 536 2189 598 luisse

615 636 891 689 sociatam.
912 628 1184 698 Intrepido
1207 629 1352 683 vultu
1378 629 1656 697 excepisse
1676 627 1870 682 dicitur
1897 627 2188 697 introgres—

613 738 704 778 sos
741 734 1014 790 :cumque
1066 727 1375 787 posceretur
1415 732 1643 781 aurum,
1673 725 1728 771 et
1769 716 2189 785 defossas-epes

616 813 707 867 v-ili
731 821 1014 867 excusaret
1042 810 1240 872 tunica,
1270 823 1375 863 non
1405 817 1579 861 tamen
1596 806 1916 861 -fecit‘“l'idem
1946 807 2190 861 volunta-

608 902 706 954 ria:
736 901 1081 969 paupertatis.
1125 899 1330 952 Carsam
1374 896 1600 952 qutibus
1648 894 1973 965 ﬂagellisque
1997 936 2013 960 ,
2042 896 2190 948 aiunt

612 1007 717 1044 non
746 991 986 1045 sensisse
1013 998 1309 1052 tormenta;
1349 987 1443 1041 sed
1473 987 1573 1042 hoc
1597 986 1883 1056 lacrymis,
1909 985 2008 1039 hoc
2034 986 2188 1055 pedi-

614 1082 715 1135 bus
741 1095 928 1135 eorum
958 1086 1276 1148 prostratam
1317 1077 1512 1146 egisse,
1544 1090 1613 1131 ne
1643 1084 1695 1130 te
1718 1090 1748 1129 a
1783 1089 1882 1129 suo
1918 1073 2191 1129 consortio

618 1179 934 1241 separarent
964 1188 977 1223 :
1009 1185 1077 1241 ne
1102 1170 1390 1223 sustineret
1415 1167 1773 1221 adolescentia
1798 1206 1814 1230 ,
1841 1166 1981 1235 quod
2009 1166 2191 1220 senilis

613 1272 746 1316 tetas
772 1262 960 1315 timere
990 1272 1094 1312 non
1121 1265 1351 1328 poterat.
1384 1255 1635 1309 Christus
1657 1254 1789 1309 dura
1817 1254 1980 1309 corda
2009 1255 2187 1309 molli-

613 1352 718 1417 vit,
769 1359 825 1406 et
868 1351 1009 1404 inter
1033 1358 1282 1402 cruentos
1309 1345 1516 1416 gladios
1544 1345 1749 1425 invenit
1777 1344 1951 1400 locum
1998 1344 2186 1414 pietas.

610 1442 847 1509 Cumque
870 1446 926 1493 et
955 1438 1097 1492 illam
1126 1446 1179 1492 et
1196 1444 1264 1492 te
1288 1436 1354 1489 ad
1390 1434 1464 1506 (a)
1490 1435 1716 1504 apostoli
1743 1434 1890 1489 Pauli
1917 1434 2190 1490 basilicam

612 1530 823 1585 barbari
851 1528 1236 1594 deduxissent,
1280 1535 1339 1580 ut
1376 1527 1463 1581 vel
1490 1526 1718 1581 salutem
1740 1527 1897 1581 vobis
1941 1525 2191 1582 ostende-

611 1629 765 1684 rent,
798 1621 884 1675 vel
931 1618 1235 1688 sepulcrum
1258 1634 1273 1682 ;
1298 1618 1348 1671 in
1369 1624 1570 1671 tantam
1592 1617 1831 1672 laztitiam
1853 1616 2048 1671 dicitur
2060 1630 2190 1672 eru-

603 1712 750 1780 pisse
768 1749 790 1775 ,
817 1718 874 1763 ut
902 1710 1100 1781 gratias
1146 1716 1330 1777 ageret
1359 1706 1509 1772 Deo,
1536 1702 1680 1776 quod
1711 1714 1763 1762 te
1792 1706 2055 1776 integram
2086 1706 2188 1761 sibi

607 1807 972 1855 reservasset:
1002 1798 1142 1868 quod
1170 1811 1457 1867 pauperem
1488 1796 1633 1849 illam
1657 1810 1761 1849 non
1791 1794 2188 1862 lecissetcapti-

610 1894 769 1959 vitas,
799 1891 895 1947 sed
921 1882 1229 1946 "invenisset
1252 1906 1266 1942 :
1290 1887 1431 1957 quod
1472 1895 1658 1957 egeret
1696 1886 2008 1956 quotidiana
2030 1884 2184 1939 cibo:

609 1983 753 2053 quod
794 1989 1029 2037 saturata
1057 1979 1313 2042 Christo,
1348 1994 1453 2032 non
1483 1977 1709 2031 sentiret
1734 1976 1967 2031 esuriem
1999 1993 2012 2029 :
2045 1975 2186 2045 quod

606 2085 662 2129 et
689 2087 820 2127 voce
844 2080 900 2126 et
923 2085 1089 2140 opere
1122 2070 1453 2138 loqueretur,
1486 2066 1644 2120 Nuda
1669 2067 1798 2120 exivi
1819 2067 1883 2120 de
1909 2075 2049 2120 utero
2073 2083 2185 2119 ma-

608 2168 698 2219 tris
728 2180 870 2227 mea,
905 2163 1043 2216 nuda
1072 2172 1119 2215 et
1149 2163 1368 2215 redeam.
1393 2159 1537 2214 Sicut
1558 2157 1777 2212 Domino
1805 2160 1965 2211 visum
1985 2167 2092 2221 est,
2115 2161 2189 2212 ita

607 2265 653 2307 et
684 2259 878 2324 factum
905 2262 996 2308 est.
1030 2252 1111 2308 Sit
1138 2266 1321 2306 nomen
1350 2248 1557 2303 Domini
1606 2248 1917 2302 benedictum
1962 2245 2087 2315 (Job
2135 2247 2185 2302 1.

605 2348 717 2415 ait

686 2438 773 2492 14.
815 2437 942 2491 Post
974 2435 1176 2502 aliquot
1222 2433 1355 2495 dies,
1400 2445 1568 2497 sano,
1600 2430 1844 2499 integro,
1886 2439 2189 2500 vegetoque

606 2525 952 2594 corpusculo,
987 2522 1315 2577 obdormivit
1343 2523 1395 2575 in
1421 2520 1647 2575 Domino
1680 2537 1693 2573 :
1728 2529 1783 2573 et
1812 2529 1863 2574 te
1901 2528 2186 2589 pauperta-

609 2616 737 2669 ιιιιιο
786 2628 921 2679 sum,
971 2613 1079 2667 imo
1121 2627 1224 2682 per
1252 2622 1305 2665 te
1353 2623 1614 2679 pauperes
1651 2608 1869 2676 reliquit
1923 2608 2183 2672 baaredes,

598 2706 865 2762 claudens
908 2704 1095 2759 oculos
1141 2705 1193 2757 in
1220 2702 1466 2757 manibus
1495 2699 1619 2765 tuis,
1652 2700 1886 2757 reddens
1938 2701 2184 2770 spiritum

612 2798 663 2850 in
698 2798 802 2849 tuis
832 2794 1069 2859 osculis;
1120 2793 1244 2848 dum
1274 2792 1417 2847 inter
1445 2794 1711 2862 lacrymas
1735 2800 1852 2845 tuas
1870 2791 1967 2845 illa
2000 2792 2076 2860 (b)
2106 2792 2182 2845 ri-

594 2887 760 2943 ,dcret
789 2884 1117 2940 conSi-ientia
1162 2883 1287 2937 vita:
1312 2881 1489 2946 boum,
1509 2888 1567 2935 et
1597 2881 1830 2948 praamiis
1859 2880 2180 2936 futurorum.

602 2976 733 3030 .ll:ee
768 2975 881 3036 tibi.
915 2973 1163 3029 Marcella
1190 2970 1535 3035 venerabilis,
1564 2979 1617 3025 et
1648 2970 1761 3024 hac
1788 2969 1878 3023 tibi
1912 2969 2181 3038 Principia

609 3067 737 3129 lilia,
784 3080 886 3117 una
912 3076 964 3117 et
994 3063 1142 3117 brevi
1193 3060 1566 3114 lucubratione
1585 3058 1805 3121 dictavi,
1834 3073 1939 3111 non
1982 3057 2182 3126 eloquii

602 3166 906 3215 venustate,
952 3154 1045 3209 sed
1090 3154 1364 3207 voluntate
1395 3152 1446 3204 in
1474 3165 1569 3204 vos
1597 3150 1760 3203 animi
1790 3149 2101 3219 gratiSsinii,
2129 3158 2184 3204 et

609 3247 739 3311 Deo,
772 3253 827 3298 et
854 3243 1152 3312 legentibus
1178 3241 1400 3312 placere
1422 3237 1755 3293 desiderans.

890 3393 1211 3448 EPISTULA
1259 3389 1517 3445 CXXVIII
1551 3391 1647 3460 (c).
1741 3390 1899 3461 961

1147 3537 1214 3575 AD
1261 3535 1625 3577 GAUDENTIUI.

889 3630 965 3686 De
994 3630 1254 3685 Pacatula:
1298 3630 1564 3699 infantith
1586 3631 1898 3686 educatione.

606 3742 762 3797 Docet
786 3740 963 3811 quibus
983 3740 1277 3794 rudimentis
1302 3739 1570 3793 imbuenda
1593 3740 1659 3794 sit
1677 3740 1817 3796 rudis
1835 3750 1957 3797 atlas
1977 3744 2179 3813 puellae,

679 3831 952 3900 virginitati
977 3829 1259 3897 destinam,
1284 3829 1429 3898 prius
1454 3846 1604 3898 quam
1620 3829 1743 3884 boui
1767 3831 1981 3902 malique
2007 3833 2182 3888 discri-

676 3938 788 3974 men
817 3920 1025 3974 nouerit.

680 4077 729 4129 l.
771 4075 938 4128 Causa
976 4072 1243 4137 difficilis,
1296 4074 1532 4142 paivulac
1590 4073 1852 4141 scribere,
1903 4089 2022 4145 quae
2071 4091 2181 4131 non

608 4166 853 4235 intelligit
905 4162 1031 4232 quid
1089 4163 1326 4230 loquaris
1380 4178 1394 4214 :
1452 4163 1606 4233 cujus
1651 4164 1887 4218 animum
1930 4168 2179 4222 nescias:

604 4259 673 4311 de
740 4256 891 4320 cujus
938 4254 1212 4307 voluntate
1268 4252 1568 4322 periculose
1620 4254 1930 4323 promittas;
1986 4263 2045 4309 ut
2092 4271 2182 4311 se-

604 4345 838 4401 cundum
879 4342 1122 4413 praeclari
1169 4343 1409 4398 Oratoris
1436 4345 1522 4413 (ά)
1551 4345 1823 4412 exodium,
1850 4361 1975 4416 spes
2022 4347 2074 4402 in
2119 4364 2182 4403 ea

672 4515 735 4581 (a)
778 4515 829 4565 Id
847 4515 1041 4581 scilicet
1057 4512 1258 4565 Orosius
1273 4514 1446 4581 tradit._
1460 4514 1494 4564 ι.
1518 4518 1565 4565 7.
1590 4528 1635 4565 c.
1657 4515 1738 4581 εξ).
1759 4520 2051 4581 praecepisse
2069 4520 2181 4570 Ala-

601 4574 774 4644 ricinn,
799 4583 935 4639 capta
969 4577 1114 4635 urbe,
1147 4582 1243 4644 c_ut
1264 4576 1305 4624 si
1328 4577 1409 4644 qui
1436 4576 1486 4644 in_
1505 4585 1668 4644 sancta
1691 4574 1813 4644 loca.
1837 4574 2181 4644 [trgécipueque

602 4641 661 4687 ad
684 4635 958 4699 sanctorum
1003 4635 1329 4699 apostolorum
1349 4635 1507 4699 'Petri,
1535 4643 1582 4686 et
1608 4636 1744 4685 Pauli
1769 4635 1997 4688 basilicas
2015 4635 2183 4690 con't'u-

602 4698 939 4761 gissent,_hos
974 4697 1227 4761 inprimis
1265 4697 1541 4761 inviolatos,
1565 4708 1881 4761 securosque
1903 4710 2015 4749 esse
2052 4704 2184 4752 siue-

606 4756 735 4808 Feut.
762 4774 786 4802 ι
810 4757 869 4809 Ει
889 4756 1185 4808 Sozomenus
1207 4757 1241 4805 Ι.
1259 4757 1308 4807 9.
1329 4770 1373 4807 c.
1397 4756 1469 4807 10.
1494 4757 1749 4813 quamdam
1770 4756 1996 4807 feminam
2020 4769 2186 4813 narrat

603 4822 663 4869 ad
685 4820 738 4868 S.
776 4818 911 4881 Petri
937 4817 1198 4880 basilicam,
1222 4824 1279 4868 ut
1302 4818 1408 4881 ejus
1439 4817 1607 4881 pudori
1644 4825 1945 4880 parceretur,
1971 4833 2000 4869 a
2025 4824 2184 4874 milite

598 4882 753 4931 fuisse
772 4880 1070 4931 perductam.

673 4939 997 5049 gguig‘artian.
1036 4939 1218 4991 videret
1247 4952 1264 4990 :
1290 4952 1549 5003 perperam
1567 4972 1581 4998 ,
1608 4940 1699 4988 nisi
1721 4940 1763 4990 si
1787 4942 2069 5006 typographi
2110 4951 2187 4994 est

600 5015 848 5055 mendum.

692 5065 735 5124 cl
780 5062 905 5125 ilius
929 5063 1005 5125 12,
1031 5061 1217 5125 Seripta
1238 5060 1357 5111 circ.
1383 5073 1463 5125 ait.
1490 5061 1599 5110 415.

692 5121 748 5185 α’)
782 5122 924 5172 Falso
958 5121 1265 5186 Martiauaaus
1285 5130 1393 5186 post
1415 5121 1683 5186 Erasmum,
1706 5123 1978 5186 exordium.
2004 5124 2186 5176 Scitum

604 5183 751 5249 porro
790 5192 885 5249 est,
911 5183 1090 5234 exodia
1113 5183 1221 5249 ‘dici
1256 5183 1589 5249 sententiosas
1619 5183 1874 5249 clausulas,
1910 5193 2103 5249 sumpto
2125 5189 2187 5236 ab

604 5243 802 5311 antiqua
816 5246 973 5294 Scena
996 5243 1230 5311 vocabulo
1249 5243 1340 5311 ;‘iu
1356 5256 1454 5305 quo
1477 5246 1653 5304 saepius
1676 5243 2032 5311 usurpabantur'
2043 5249 2181 5311 quasi

604 5305 978 5368 diverbia,_qu:c
1001 5306 1058 5353 ad
1082 5305 1725 5368 verteuduinspectatorem
1758 5305 1821 5354 ex
1847 5308 2043 5368 tragicis
2062 5305 2183 5358 alle-

603 5367 767 5431 ctilms
788 5366 864 5431 _ad
887 5364 1223 5431 hilaritatem,
1263 5364 1439 5431 fabulae
1479 5364 1878 5431 subiiciebautur.
1915 5364 2035 5431 Tale
2069 5370 2180 5431 quid

604 5425 862 5487 Euripides
895 5428 1120 5475 omnibus
1169 5425 1275 5475 fere
1312 5424 1584 5487 Tragtediis
1620 5427 1720 5474 suis
1755 5426 1993 5487 adtexuit,
2018 5424 2179 5479 ut'est

604 5485 743 5560 illud,
770 5499 904 5560 natm
938 5501 1067 5560 μηρφρ
1102 5505 1181 5560 τρε.
1199 5485 1425 5560 ’διειξπνξυξξ
1443 5486 1570 5560 quod
1595 5488 1642 5560 in
1660 5487 1885 5560 inceste,
1910 5485 2058 5560 atque
2081 5490 2181 5537 An-

606 5544 863 5611 dromache
889 5544 1087 5611 re'peiit.
1125 5547 1235 5611 Eid.
1260 5544 1416 5611 Epist.
1444 5544 1563 5611 1:30.
1576 5547 1635 5595 ad
1660 5544 2021 5597 Demetriadem
2047 5562 2177 5597 num.

610 5603 657 5649 l.
683 5604 764 5649 ubi
790 5603 1032 5656 Ciceronis
1050 5610 1113 5656 de
1138 5608 1259 5672 Rep.
1289 5603 1444 5657 locum
1468 5607 1731 5656 indicamus

1904 247 2140 301 SANCTI
2183 246 2556 303 IIIERONYMI

2296 362 2463 429 magis
2490 359 2751 414 laudanda
2783 363 2871 427 sit,
2902 375 3059 431 quam
3085 376 3193 419 res.
3215 363 3351 432 Quid
3374 365 3523 419 enim
3547 364 3802 420 horteris
3817 366 3884 421 ad

2274 451 2695 513 continentiam,
2734 466 2853 519 qum
2884 451 3155 519 placentas
3182 452 3487 508 desiderat?
3515 468 3644 523 qua:
3670 452 3731 508 in
3763 456 3884 509 sine

3743 252 3886 309 ,σω
3980 124 3985 283 1

2280 498 2723 609 «ἶιζέῖέὲζέεζῖέέέὶη
2737 498 3172 597 ‘:.;;.'.;;it;;;;{.3
3185 498 3731 599 ὶῖέῖιίιὲἱὸτέἷηηῖ
3744 498 3884 600 mel:
3980 498 3986 613 t

2289 627 2361 690 la,
2388 644 2548 697 quam
2576 630 2786 684 verba?
2819 630 3015 685 Audiat
3035 630 3297 700 profunda
3321 634 3591 702 Apostoli,
3610 649 3742 705 qua
3768 636 3884 691 ani-

2290 715 2432 770 libus
2454 717 2622 787 magis
2642 717 2837 772 fabulis
2850 717 3169 775 delectatur?
3192 720 3585 790 Prophetarum
3615 725 3883 791 aenigma-

2290 812 2343 857 ta
2373 805 2607 871 sentiat,
2663 820 2823 873 quam
2857 807 3059 863 tristior
3105 810 3307 878 gerulae
3365 810 3547 864 vultus
3593 813 3881 880 exagitat!

2294 894 2566 962 Evangelii
2613 895 2872 966 intelligat
2919 898 3294 967 utajestatem,
3345 900 3411 954 ad
3462 900 3622 970 cujus
3669 904 3879 974 fulgura

2290 984 2465 1037 omnis
2492 985 2793 1039 mortalium
2822 1001 3014 1041 sensus
3050 986 3370 1043 hebetatur?
3398 988 3468 1044 Ut
3496 993 3712 1060 parenti
3746 994 3877 1049 sub—

2287 1071 2499 1141 jiciatur
2526 1072 2708 1128 horter
2731 1114 2747 1141 ,
2777 1090 2896 1144 qua:
2925 1090 3088 1130 manu
3122 1086 3304 1132 tenera
3333 1078 3601 1134 ridentem
3627 1082 3878 1137 verberat

2291 1164 2561 1219 matrem?
2586 1164 2767 1234 Itaque
2787 1166 3031 1221 Pacatula
3057 1177 3242 1223 nostra
3283 1168 3386 1224 hoc
3422 1171 3736 1241 epistolium
3758 1183 3879 1243 post

2290 1253 2491 1308 lectura
2506 1257 2791 1324 suscipiat.
2825 1258 3067 1321 Interim,
3096 1259 3260 1314 modo
3278 1260 3577 1316 litterarum
3608 1264 3875 1319 elementa

2289 1356 2577 1414 cognoscat
2605 1388 2621 1414 ,
2645 1347 2833 1417 jungat
2876 1349 3147 1420 syllabas,
3201 1352 3372 1405 discat
3410 1353 3671 1419 nomina,
3710 1356 3874 1410 verba

2280 1437 2567 1491 consociet
2597 1454 2610 1490 :
2639 1446 2799 1508 atque
2845 1449 2903 1493 ut
2948 1455 3080 1496 voce
3130 1440 3333 1496 tinnula
3387 1442 3488 1497 ista
3537 1445 3873 1511 meditetur,

2290 1537 2654 1595 proponantur
2679 1528 2727 1583 ei
2748 1529 2986 1584 crustula
3012 1546 3026 1582 :
3063 1531 3133 1602 (e)
3157 1533 3327 1586 mulsa
3370 1535 3609 1602 praemia,
3634 1544 3692 1590 et
3717 1534 3875 1605 quid-

2287 1615 2414 1684 quid
2436 1625 2594 1686 gustu
2617 1632 2782 1673 suave
2821 1628 2904 1674 est
2934 1636 2947 1672 :
2974 1621 3115 1689 quod
3143 1630 3331 1676 vernat
3359 1623 3411 1677 in
3458 1622 3708 1684 ﬂoribus.
3727 1627 3873 1694 quod

2275 1708 2469 1762 rutilat
2494 1710 2545 1762 in
2570 1711 2819 1779 gemmis,
2840 1712 2980 1780 quod
3006 1712 3278 1768 blanditur
3296 1715 3347 1768 in
3378 1715 3554 1784 pupis.
3582 1726 3874 1785 ὂθοθβίυη

2289 1795 2523 1853 festinet.
2551 1799 2769 1856 interim
2795 1812 3060 1859 et’tenero
3083 1814 3253 1859 tentet
3281 1807 3474 1875 pollice
3495 1807 3585 1861 ﬁla
3625 1808 3871 1865 ducere:

2287 1898 2498 1957 rumpat
2516 1904 2659 1960 smpe
2685 1893 3005 1959 Stamina,ut
3029 1896 3317 1965 aliquando
3338 1912 3443 1952 non
3471 1909 3722 1969 rumpat:
3750 1913 3874 1970 post

2287 1979 2524 2036 laborem
2552 1983 2755 2038 lusibus
2791 1986 2983 2053 gestiat
3013 2002 3027 2038 :
3054 1986 3123 2041 de
3174 1989 3360 2042 matris
3407 1989 3633 2058 pendeat
3687 1993 3869 2045 collo:

2288 2070 2459 2138 rapiat
2486 2072 2666 2125 oscula
2701 2075 3120 2144 propinquorum
3154 2095 3167 2128 :
3197 2076 3437 2131 Psahnos
3487 2080 3747 2136 mercede
3775 2083 3873 2136 de-

2287 2168 2469 2214 cantet
2512 2177 2525 2212 :
2553 2170 2697 2216 amet
2722 2162 2863 2232 quod
2884 2165 3092 2233 cogitur
3120 2165 3329 2220 discere
3347 2207 3363 2232 ,
3394 2176 3452 2221 ut
3472 2183 3580 2222 non
3604 2183 3749 2239 opus
3777 2172 3869 2237 sit,

2286 2247 2382 2303 sed
2403 2247 2711 2315 delectatio,
2737 2268 2840 2306 non
2857 2256 3193 2321 necessitas,
3220 2256 3314 2311 sed
3356 2258 3628 2312 voluntas.

2354 2337 2413 2393 2.
2455 2338 2645 2394 Solent
2671 2342 2936 2411 qua-dam,
2960 2358 3083 2399 cum
3104 2346 3333 2399 futuram
3350 2346 3614 2416 virginem
3636 2363 3873 2419 Spopon-

2260 2426 2503 2490 'derint,
2529 2429 2672 2498 pulla
2720 2432 2898 2486 tunica
2927 2446 3045 2487 eam
3116 2435 3280 2506 ωε
3354 2436 3601 2504 induere,
3631 2449 3688 2494 et
3713 2441 3868 2496 furvo

2288 2514 2402 2588 [aL
2444 2515 2638 2589 fulvo]
2685 2519 2900 2587 operire
2955 2521 3117 2589 pallio
3146 2560 3162 2586 ,
3232 2523 3446 2579 aulerre
3509 2526 3863 2583 linteamina:

2286 2604 2418 2659 nihil
2452 2606 2504 2659 in
2555 2607 2694 2661 collo
2718 2647 2734 2670 ,
2768 2607 2901 2663 nihil
2928 2609 2982 2663 in
3029 2613 3204 2682 capite
3255 2615 3372 2668 auri
3424 2615 3646 2671 sinere:
3678 2633 3867 2675 revera

2287 2696 2428 2750 bono
2477 2700 2741 2764 consilio,
2794 2715 2863 2756 ne
2903 2702 3103 2759 habere
3142 2704 3315 2760 discat
3362 2708 3416 2761 in
3472 2718 3685 2775 tenero,
3724 2712 3867 2780 quod

2286 2796 2469 2857 postea
2502 2804 2704 2857 ponere
2724 2792 3101 2863 compellatur.
3132 2793 3266 2849 Aliis
3295 2810 3425 2850 vero
3449 2808 3690 2852 econtra
3719 2801 3868 2856 vide-

2286 2889 2389 2933 tur.
2422 2879 2558 2946 Quid
2582 2881 2747 2943 enim,
2777 2882 2950 2947 aiunt,
2992 2883 3038 2937 si
3070 2883 3184 2952 ipsa
3234 2901 3339 2939 non
3354 2884 3632 2952 ‘habuerit,
3661 2887 3864 2944 haben-

2287 2979 2366 3024 tes
2394 2969 2528 3024 alias
2571 2984 2678 3025 non
2704 2970 2945 3025 videbit?
2981 2972 3055 3044 (ι’)
3080 2983 3355 3044 φιλόκοσμον
3378 2990 3552 3045 genus
3576 2976 3862 3033 femineum

2284 3071 2395 3126 est;
2446 3061 2748 3132 multasque
2797 3063 2958 3118 etiam
3005 3064 3235 3135 insignis
3284 3068 3591 3135 pudicitiae,
3622 3071 3864 3138 quamvis

2283 3155 2414 3209 nulli
2465 3156 2702 3210 virorum
2728 3195 2744 3221 ,
2793 3165 2972 3211 tamen
3021 3157 3123 3211 sibi
3154 3158 3356 3213 scimus
3394 3159 3626 3216 libenter
3660 3164 3862 3216 ornari.

2276 3245 2421 3312 Quin
2452 3247 2627 3313 potius
2657 3245 2902 3301 habendo
2927 3247 3182 3313 satietur;
3209 3260 3266 3303 et
3284 3260 3469 3304 cernat
3485 3252 3688 3306 laudari
3707 3254 3859 3320 alias,

2283 3352 2402 3405 qua:
2432 3335 2531 3390 ista
2563 3349 2668 3390 non
2690 3335 2943 3392 habeant.
2974 3337 3269 3408 Meliusque
3298 3349 3405 3405 est,
3436 3352 3492 3396 ut
3520 3344 3716 3397 satiata
3737 3360 3861 3399 con-

2286 3436 2507 3489 temnat.
2538 3442 2829 3499 quamnon
2855 3428 3131 3494 habendo,
3165 3429 3368 3485 habere
3390 3431 3691 3489 desideret.
3735 3434 3861 3491 Tale

2280 3532 2412 3571 vero
2436 3517 2561 3586 quid
2584 3526 2639 3572 et
2661 3516 2952 3573 Israelitico
2983 3517 3175 3575 fecisse
3200 3518 3276 3591 (g)
3310 3520 3507 3590 popqu
3552 3522 3859 3590 Dominum,

2277 3616 2340 3661 ut
2366 3609 2705 3677 cupientibus
2731 3609 2990 3679 aegyptios
3029 3624 3240 3675 carnes,
3264 3627 3439 3682 usque
3472 3613 3545 3669 ad
3575 3631 3858 3683 nauseam,

2282 3708 2338 3753 et
2364 3699 2625 3754 vomitum
2654 3700 2920 3770 praeberet
2954 3702 3200 3756 examina
3228 3704 3566 3760 coturnicum
3601 3723 3617 3763 :
3646 3709 3864 3763 multos-

2278 3799 2388 3856 que
2436 3787 2618 3841 szeculi
2670 3787 2819 3856 prius
2867 3788 3133 3856 homines,
3184 3790 3399 3846 facilius
3422 3807 3621 3851 carere
3646 3807 3861 3864 experta

2276 3875 2528 3946 corporis
2554 3876 2848 3947 voluptate,
2871 3894 3027 3948 quam
3050 3894 3144 3934 eos
3167 3881 3306 3950 quia
3334 3885 3564 3952 pueritia
3589 3886 3860 3942 libidinem

2285 3966 2547 4022 nesciant.
2580 3966 2664 4022 Ab
2692 3967 2812 4022 aliis
2836 3972 2985 4023 enim
3013 3980 3135 4024 nota
3167 3970 3384 4037 calcari,
3430 3974 3499 4028 ab
3533 3974 3656 4029 aliis
3686 3977 3861 4045 ignota

2280 4057 2484 4127 appeti.
2515 4055 2639 4111 Illos
2689 4057 2860 4112 vitare
2915 4058 3222 4128 paenitendo
3269 4063 3551 4117 suavitatis
3606 4064 3860 4128 insidias.

2285 4160 2421 4213 quas
2468 4146 2715 4216 fugerunt
2751 4145 2896 4201 :hos
2920 4148 3103 4202 carnis
3130 4149 3430 4215 illecebras,
3482 4151 3627 4206 dulei
3685 4155 3865 4208 titilla—

2288 4238 2432 4293 tione
2460 4238 2702 4306 corporis
2724 4237 3058 4292 blandientes
3082 4238 3211 4293 dum
3237 4240 3394 4295 mella
3418 4252 3622 4310 putant,
3656 4259 3863 4299 venena

2287 4328 2444 4381 noxia
2492 4326 2749 4395 reperire.
2801 4327 2908 4382 ilch
2932 4329 3063 4381 enim
3113 4329 3358 4384 distillare
3403 4332 3538 4384 labia
3590 4334 3864 4387 meretricis

2286 4419 2466 4489 (Prae.
2497 4419 2551 4474 5.
2576 4422 2731 4489 juxta
2757 4418 2965 4485 LXX);
3005 4420 3145 4488 quod
3192 4422 3258 4473 ad
3308 4429 3521 4490 tempus
3571 4423 3866 4492 impinguat

2288 4510 2618 4565 vescentium
2647 4507 2848 4573 fauces,
2882 4517 2938 4564 et
2964 4519 3147 4578 postea
3169 4508 3289 4562 felle
3310 4513 3545 4564 amarius
3573 4514 3861 4568 invenitur.

2291 4602 2442 4657 Unde
2488 4609 2543 4655 et
2581 4599 2635 4653 in
2669 4600 2872 4653 Domini
2904 4601 3181 4654 sacrificiis
3208 4602 3310 4654 mel
3339 4615 3446 4654 non
3489 4601 3748 4668 oll'crnnt,
3779 4619 3868 4658 ce-

2356 4757 2418 4823 (e)
2454 4751 2877 4828 Quidam
2904 4753 3225 4842 Mulsiprema,
3246 4767 3384 4817 quam
3408 4753 3666 4801 lectionem
3701 4753 3871 4827 editor

2285 4818 2634 4886 Benedictmus
2722 4813 2846 4886 libri
2857 4827 2990 4864 oram
3008 4825 3186 4886 reiecit
3202 4852 3215 4875 ,
3241 4813 3480 4886 commode
3496 4821 3666 4861 autem
3681 4813 3869 4886 relern

2356 4886 2452 4931 test
2473 4878 2531 4926 ad
2554 4874 2814 4926 crustulam
2837 4877 2986 4938 ipsam
3009 4874 3166 4926 mulso
3187 4874 3392 4938 pressam
3419 4880 3568 4934 atque
3593 4875 3864 4926 conditam.

2335 4956 2362 4991 χ
2387 4938 2590 4989 Horatio
2613 4949 2849 5005 expressa
2870 4940 3115 5005 δοριθοιβα
3139 4945 3215 5005 ρει
3241 4950 3253 4983 ³
3292 5002 3301 5005 _
3342 4995 3353 5005 .
3407 4992 3451 5005 ..
3540 4993 3573 5005 ..

2518 5005 2570 5049 ut
2592 4992 2755 5065 pueris
2774 4996 3151 5065 qttottdant_duttt
3172 4995 3385 5065 crustula
3402 4992 3573 5065 blandi

2422 5055 2669 5128 Doctores,
2690 5055 2918 5109 elementa
2938 5056 3079 5107 velint
3100 5063 3152 5107 ut
3174 5057 3359 5128 discere
3379 5056 3589 5128 prima.”
3721 5118 3732 5128 _

2353 5124 2420 5185 (ο
2444 5123 2541 5172 pro
2563 5115 2729 5185 (ξι-ω
2751 5132 2875 5185 voce
2892 5131 3119 5181 ,ιλιιοσμοη
3150 5115 3450 5185 vetustiores
3463 5117 3593 5185 editi
3623 5115 3866 5185 libri,

2286 5176 2463 5248 garum
2472 5181 2701 5248 gestiens,
2712 5176 3050 5248 moniliumque
3070 5176 3428 5248 et_nitc_llarum_,
3457 5176 3689 5239 (legerim
3702 5176 3868 5248 nutet.

2322 5197 2475 5235 arum
2510 5196 2701 5241 canens,
2712 5196 3049 5242 mentitumque
3070 5196 3116 5228 et
3135 5196 3428 5235 uucuarum,
3457 5196 3689 5239 uegertm
3714 5196 3868 5227 mua-

2288 5196 2447 5295 Zlﬂtﬂl
2473 5196 2774 5303 gutcumque
2803 5246 2975 5303 autem
2996 5242 3088 5296 sit,
3116 5242 3331 5299 ineptum
3368 5236 3614 5303 glossema
3636 5240 3778 5303 albis
3800 5242 3868 5287 vi-

2287 5298 2596 5362 detur;'nam
2619 5298 3061 5368 genusfemiueum
3224 5298 3455 5360 φλόκσιὶον,
3479 5298 3688 5360 perinde
3719 5307 3795 5348 est
3814 5312 3871 5347 ac

2287 5358 2673 5431 dicereet-natus
2694 5361 2885 5431 avidum
2905 5367 3052 5421 atque
3073 5358 3379 5431 studiosum.
3532 5417 3591 5431 ψ
3628 5427 3638 5431 Δ
3702 5421 3714 5431 .
3810 5418 3842 5431 ῃ

2352 5428 2426 5491 (g)
2458 5424 2727 5491 Vetustior_'
2743 5420 2909 5491 editio,
2934 5417 3027 5491 qua
3061 5430 3194 5491 sazpe
3232 5423 3430 5491 ptimur,
3456 5425 3511 5468 et
3532 5417 3775 5469 Victorius
3793 5418 3867 5490 di-

2285 5476 2499 5551 ctionem
2539 5483 2671 5551 vides
2709 5476 3023 5551 interseru'nt,
3063 5485 3115 5528 et
3133 5476 3283 5551 paulo
3304 5478 3439 5551 inf-ra.
3469 5492 3561 5551 prg
3582 5492 3703 5551 voce
3738 5480 3869 5551 prius

2285 5548 2459 5610 legunt
2494 5543 2723 5605 reperies,
2759 5543 2886 5591 bono
2923 5552 3062 5600 mque
3095 5550 3265 5599 sensu,
3298 5539 3388 5588 sed
3427 5539 3479 5588 in
3515 5539 3631 5589 Mss.
3660 5539 3780 5589 haud
3803 5542 3868 5589 ita

2286 5608 2577 5658 invenimus.
