4026 6186
188 308 328 367 I997

185 441 355 495 raque
385 432 706 510 captentpta,
756 434 875 488 qua:
907 417 1083 475 mellis
1111 417 1401 487 hospitium
1432 426 1514 472 est
1539 458 1553 480 ,
1581 417 1758 470 oleum

187 506 503 571 accenditur
545 515 596 567 in
621 512 820 580 templo
847 511 940 564 Dei
971 509 1155 580 (Leuit.
1185 507 1243 578 2)
1264 526 1277 572 ;
1302 508 1445 577 quod
1473 508 1539 561 de
1564 506 1760 560 amari~

189 605 378 660 tudine
427 603 739 672 exprimitur
777 602 1059 654 olivarum.
1126 598 1326 652 I‘ascha
1380 613 1592 666 quoque
1640 612 1762 651 cum

181 693 633 748 amaritudinibus
657 688 864 744 comedi
896 687 1088 758 (Exod.
1119 685 1206 757 12)
1230 688 1280 739 in
1309 687 1509 756 azymis
1541 684 1765 738 sinceri-

189 785 323 837 tatis
357 793 411 836 et
442 781 677 833 veritatis
696 780 772 847 (l.
800 776 920 833 Cor.
945 778 999 832 5.
1027 777 1079 846 8)
1113 793 1126 828 :
1153 776 1228 847 (α)
1243 789 1374 844 quas
1388 775 1476 842 qui
1501 773 1764 839 habuerit,

187 869 245 922 in
273 869 470 922 saeculo
502 867 927 934 persecutionem
945 864 1249 919 sustinebit.
1267 862 1417 918 Unde
1432 872 1485 916 et
1503 861 1766 931 Pmpheta

180 960 419 1025 mystice
445 967 624 1012 cantat
654 975 667 1011 :
701 957 953 1012 Sedebam
993 956 1148 1020 solus,
1188 955 1306 1023 quia
1326 955 1662 1007 amaritudine
1689 969 1769 1006 rc-

182 1052 353 1118 ptletus
373 1064 483 1102 sum
514 1048 726 1113 (larem.
759 1047 843 1100 15.
877 1047 990 1113 I7).

261 1140 314 1193 3.
359 1138 494 1204 Quid
524 1136 718 1206 igitur?
746 1133 1123 1188 luxuriandum
1160 1143 1247 1188 est
1286 1133 1339 1187 in
1370 1131 1764 1196 adolescentia,

178 1239 247 1285 ut
287 1238 471 1299 postea
502 1227 710 1281 luxuria
757 1226 948 1280 fortius
996 1223 1405 1279 contemnatur?
1435 1221 1587 1276 Absit
1617 1234 1765 1285 vero,

177 1325 456 1391 inquiunt,
503 1321 856 1390 Unusquisque
880 1322 1014 1375 enim
1043 1321 1096 1373 in
1123 1336 1222 1389 qua
1269 1319 1525 1372 vocatione
1566 1327 1769 1370 vocatus

177 1425 280 1476 est,
310 1415 362 1466 in
388 1430 445 1466 ea
469 1421 757 1482 permaneat
776 1413 853 1478 (i.
878 1410 996 1464 Cor.
1016 1411 1069 1463 7.
1098 1408 1215 1478 Ἡ).
1243 1407 1601 1462 Circumcisus
1625 1406 1766 1473 quis,

177 1502 239 1556 id
282 1510 386 1563 est,
435 1503 584 1568 virgo
615 1488 832 1553 vocatus
858 1508 976 1563 est,
1029 1514 1133 1551 non
1164 1497 1393 1550 adducat
1429 1495 1764 1565 praeputium,

185 1591 296 1644 hoc
315 1599 397 1642 est
430 1606 533 1642 non
560 1599 760 1658 qua-rat
786 1588 1036 1656 pelliceas
1067 1585 1271 1639 tunicas
1293 1587 1615 1655 nuptiarum,
1647 1583 1768 1652 qui-

178 1680 292 1732 bus
341 1677 510 1731 Adam
571 1678 772 1745 cjerttus
811 1676 878 1730 de
927 1675 1172 1744 paradiso
1209 1673 1527 1742 virginitatis
1555 1714 1569 1737 ,
1617 1672 1770 1725 indu-

179 1780 279 1824 tus
349 1768 511 1839 963
585 1776 686 1821 est.
710 1766 775 1818 In
795 1767 1041 1835 prwputio
1055 1765 1167 1834 quis
1195 1774 1398 1818 vocatus
1427 1777 1517 1827 est,
1538 1763 1639 1815 hoc
1661 1771 1764 1824 est.

185 1858 397 1912 habens
427 1871 692 1919 uxorem,
723 1865 776 1908 et
826 1855 1152 1908 matrimonii
1204 1853 1342 1921 pelle
1383 1849 1762 1911 circumdatus,
1795 1868 1798 1869 ν

181 1963 302 2002 non
329 1955 532 2017 quazrat
551 1945 890 2014 virgini-tatis,
936 1951 991 1998 et
1021 1953 1239 1997 interna:
1262 1941 1530 2010 pudicitia:
1560 1937 1768 1992 nudita-

185 2049 324 2101 tem,
349 2053 506 2107 quam
527 2038 691 2090 semel
724 2037 918 2089 habere
947 2034 1172 2096 desivit;
1197 2032 1289 2085 sed
1314 2041 1492 2085 utatur
1520 2045 1645 2084 vase
1671 2043 1768 2083 suo

188 2131 246 2183 in
274 2127 698 2183 sanetilicatione
723 2134 775 2178 et
810 2122 1060 2192 pudicitia
1087 2123 1161 2190 (I.
1191 2120 1370 2174 Thess.
1401 2121 1450 2174 4.
1485 2121 1565 2187 4),
1596 2119 1770 2173 bibat-

186 2235 302 2288 que
329 2219 397 2272 de
429 2216 661 2270 fontibus
691 2215 801 2267 suis
827 2254 844 2278 ,
873 2221 927 2266 et
971 2227 1075 2264 non
1105 2219 1307 2280 qumrat
1336 2210 1594 2263 cisternas
1621 2207 1769 2275 lupa-

183 2327 312 2365 rum
344 2309 649 2376 dissipatas,
679 2321 796 2374 quze
819 2304 1130 2371 purissimas
1159 2315 1324 2369 aquas
1351 2297 1615 2368 pudicitiae
1633 2313 1769 2350 con-

183 2402 369 2455 tinere
395 2414 500 2453 non
543 2404 765 2467 possunt
791 2394 972 2463 (Prov.
1002 2394 1079 2460 5).
1111 2391 1263 2447 Unde
1303 2399 1360 2444 et
1387 2390 1525 2442 idem
1578 2387 1770 2441 Paulus

190 2492 246 2546 in
263 2489 452 2544 eodem
475 2486 729 2555 capitulo,
748 2484 814 2538 de
835 2483 1159 2552 virginitate,
1185 2490 1239 2534 et
1256 2481 1449 2548 nuptiis
1469 2477 1766 2546 disputans,

188 2593 388 2634 servos
412 2577 590 2630 carnis
615 2582 769 2628 vocat
797 2573 849 2626 in
877 2571 1216 2625 matrimonio
1242 2571 1559 2623 constitutos
1590 2587 1601 2620 :
1634 2568 1769 2622 libe~

193 2685 286 2724 ros
316 2683 440 2734 eos,
479 2666 568 2735 qui
597 2666 798 2733 absque
823 2663 951 2731 jngo
978 2662 1280 2729 nuptiarum
1304 2700 1323 2726 ,
1377 2669 1485 2713 tota
1546 2659 1771 2712 Domino

189 2761 435 2814 serviunt
461 2756 726 2810 libertate.
751 2753 902 2822 Quod
936 2754 1222 2822 loquimur,
1255 2767 1356 2804 nou
1387 2751 1438 2804 in
1463 2751 1769 2803 universum

189 2849 482 2918 loquimur,
515 2846 608 2900 sed
635 2845 685 2898 in
710 2854 860 2914 parte
891 2853 1179 2897 tractamus
1211 2857 1225 2893 :
1258 2855 1358 2894 nec
1395 2840 1461 2894 de
1485 2839 1767 2904 omnibus,

192 2938 292 2992 sed
311 2937 380 2991 de
399 2935 712 3005 quibusdam
732 2931 980 2986 dicimus.
1005 2931 1084 2984 Ad
1104 2940 1386 2999 utrumque
1403 2929 1544 2984 enim
1562 2943 1768 2992 sexum,

196 3045 307 3082 non
335 3026 508 3081 solum
537 3025 601 3078 ad
634 3040 726 3078 vas
759 3025 1051 3086 inlirmum,
1081 3030 1266 3074 noster
1292 3035 1471 3074 sermo
1503 3019 1768 3086 dirigitur.

197 3118 363 3187 Virgo
401 3131 459 3170 es
485 3156 498 3178 ,
552 3114 678 3184 quid
725 3123 776 3166 te
805 3111 1046 3166 mulieris
1073 3111 1302 3164 delectat
1331 3110 1596 3163 societas?
1648 3109 1771 3177 quid

193 3210 460 3278 fragilem,
489 3215 543 3260 et
563 3204 635 3274 (b)
661 3202 876 3256 sutilem
903 3211 1071 3255 ratem
1103 3201 1308 3268 magnis
1334 3199 1622 3252 committis
1670 3199 1772 3252 llu-

192 3300 399 3363 ctibus,
431 3304 488 3349 et
512 3295 714 3362 grande
743 3291 1036 3360 periculum
1075 3289 1422 3357 navigationis
1448 3290 1662 3340 incertae
1686 3301 1775 3340 se-

192 3400 362 3443 curus
397 3382 677 3438 ascendis?
703 3381 888 3436 Nescis
941 3379 1066 3446 quid
1119 3378 1430 3441 desideres,
1481 3387 1537 3430 et
1599 3387 1772 3430 tamen

195 3477 278 3530 sic
300 3477 372 3545 (c)
403 3476 450 3528 ei
471 3472 730 3542 jungeris,
782 3470 933 3540 quasi
962 3478 1053 3521 aut
1077 3477 1201 3521 ante
1229 3467 1619 3521 desideraveris
1641 3507 1654 3529 ,
1683 3476 1776 3519 aut

203 3571 286 3636 (ut
316 3564 581 3619 levissime
602 3560 798 3631 dicam)
827 3569 1009 3628 postea
1034 3557 1435 3612 desideraturus
1458 3557 1550 3610 sis.
1576 3555 1680 3610 Sed
1706 3556 1774 3609 ad

195 3655 555 3710 ministerium
584 3651 688 3704 iste
725 3663 886 3705 sexus
913 3658 995 3702 est
1019 3649 1214 3717 aptior.
1243 3646 1392 3715 Elige
1441 3662 1570 3715 ergo
1613 3663 1773 3700 anum

193 3745 517 3808 deformem,
569 3742 705 3811 elige
757 3740 992 3808 probata:
1024 3738 1074 3792 in
1127 3737 1356 3791 Domino
1408 3736 1770 3791 continentiae.

195 3835 339 3902 Quid
372 3844 423 3888 te
442 3831 859 3894 adulescentula,
891 3828 1016 3898 quid
1064 3829 1310 3897 pulchra,
1342 3827 1469 3895 quid
1505 3826 1773 3880 luxuriosa

193 3921 467 3977 delectat?
498 3919 676 3976 Uteris
696 3919 919 3980 balneis,
961 3925 1082 3970 cute
1123 3916 1307 3978 nitida,
1345 3916 1654 3968 rubicundis
1680 3929 1774 3982 ge-

199 4016 284 4068 nis
314 4010 536 4070 incedis,
554 4008 802 4062 carnibus
819 4007 1070 4067 vesceris,
1093 4004 1267 4057 afﬂuis
1284 4003 1504 4066 divitiis,
1542 4005 1775 4072 pretiosa

195 4112 348 4157 veste
376 4097 742 4162 circumdaris,
793 4106 845 4149 et
885 4096 1035 4163 juxta
1085 4101 1388 4162 serpentem
1442 4093 1772 4147 mortiferum

196 4204 390 4246 secure
410 4188 642 4241 dormire
670 4195 719 4238 te
745 4184 957 4238 credis?
1007 4188 1072 4236 At
1115 4184 1220 4236 n'on
1265 4183 1472 4236 habitas
1502 4184 1556 4238 in
1585 4184 1774 4237 eodem

200 4281 453 4350 hospitio.
485 4278 541 4331 In
570 4285 724 4330 nocte
746 4277 1040 4350 dumtaxat.
1073 4272 1338 4326 Cancrum
1372 4281 1513 4327 totos
1560 4272 1676 4326 dies
1720 4273 1773 4326 in

199 4371 362 4440 hujus
426 4365 855 4421 confabulatione
899 4363 1192 4417 consumis.
1247 4364 1422 4429 Quare
1460 4363 1608 4416 solus
1653 4379 1774 4416 cum

197 4461 338 4524 sola,
364 4466 552 4512 etnon
588 4469 710 4508 cum
740 4454 955 4506 arbitris
981 4451 1172 4518 sedes,
1225 4463 1282 4505 ut
1335 4467 1454 4505 cum
1507 4452 1618 4521 ipse
1665 4468 1771 4507 non

203 4563 414 4619 pecces,
441 4546 558 4600 aliis
588 4559 806 4612 peccare
828 4543 1055 4596 videaris
1086 4557 1101 4594 ;
1135 4552 1191 4594 ut
1214 4541 1461 4610 exemplo
1500 4543 1574 4596 sis
1609 4542 1774 4596 mise-

199 4643 299 4706 ris,
327 4639 415 4708 qui
445 4639 674 4692 nominis
696 4637 770 4689 tui
793 4635 1110 4688 auctoritate
1138 4633 1491 4702 delinquant?
1529 4633 1608 4687 Tu
1639 4649 1774 4702 quo-

197 4746 308 4801 que
338 4731 508 4798 virgo,
537 4728 620 4780 vel
643 4726 818 4786 vidua.
871 4739 966 4778 cur
1016 4735 1120 4776 tam
1171 4726 1326 4794 longo
1375 4739 1621 4778 sermone
1672 4727 1769 4780 viri

200 4815 496 4872 retineris?
525 4830 622 4870 cur
661 4828 780 4866 cum
809 4813 926 4864 solo
953 4812 1135 4865 relicta
1163 4828 1266 4864 non
1299 4813 1523 4866 metuis?
1569 4813 1769 4868 Saltem

195 4909 305 4964 alvi
336 4917 408 4974 te,
430 4915 483 4960 et
504 4905 721 4960 vessieae
740 4912 895 4972 cogat
923 4905 1232 4966 necessitas,
1257 4915 1313 4956 ut
1337 4920 1498 4959 exeas
1520 4907 1682 4972 foras,
1715 4917 1774 4961 ut

192 4999 422 5054 deseras
443 4996 495 5050 in
520 4995 618 5050 hac
638 5010 696 5048 re
724 5010 870 5058 eum,
889 5008 1009 5046 cum
1028 5005 1132 5061 quo
1160 4991 1427 5060 licentius,
1458 5009 1617 5063 quam
1648 5011 1772 5050 cum

285 5173 338 5234 (ι)
370 5171 552 5234 Iterum
574 5165 966 5234 Victoriusaddit
973 5165 1192 5234 iubetur.

285 5173 338 5234 ιι)
370 5173 552 5220 Iterum
574 5173 819 5241 Victorius
835 5173 966 5238 addit
973 5173 1192 5236 jubetar.
1531 5227 1545 5237 θ

258 5173 338 5296 fit)
372 5232 553 5296 Eadem
579 5232 695 5296 edi}.
723 5225 1316 5296 etytctgrtuSJubttleyt';
1339 5238 1434 5275 non
1455 5234 1576 5296 satis
1597 5227 1729 5296 bene
1754 5265 1768 5289 ,

198 5302 255 5343 et
271 5287 602 5341 renitentibus
624 5289 738 5351 Mss.
762 5288 992 5350 Virgilius
1014 5287 1206 5336 Aiueid.
1232 5287 1316 5336 VI.
1338 5287 1515 5351 gemuit
1545 5287 1630 5337 sub
1653 5287 1771 5350 poné

198 5357 319 5404 dere
346 5353 516 5407 cymba
539 5350 713 5407 Sutilis,
740 5358 837 5399 etc.

263 5366 319 5402 re
346 5366 376 5401 c
409 5364 516 5399 mou
539 5364 713 5407 sumis,
740 5364 837 5399 etc.

263 5415 335 5476 (c)
371 5364 675 5462 glartianaaus
690 5425 798 5476 cum
821 5411 1036 5476 Erasmo,
1058 5409 1303 5476 eis,_quasi
1329 5422 1423 5458 non
1447 5416 1590 5476 antea
1612 5409 1772 5476 Victo-

196 5470 669 5540 rius'rescripsisset
691 5472 754 5540 ei,
788 5473 833 5519 id
857 5470 1190 5540 estrmulleri,’
1208 5471 1504 5540 cujussupra
1537 5472 1771 5540 improbat

197 5532 507 5587 societateml
540 5532 651 5593 Mox
691 5535 835 5581 etiam
859 5539 994 5590 erat,
1017 5538 1121 5593 post
1138 5545 1197 5580 ea
1219 5532 1518 5582 desideratus
1550 5532 1632 5588 sis,
1658 5546 1722 5592 qu
1737 5546 1770 5580 e

197 5599 506 5649 coluerenter
527 5592 884 5654 exveronensi
919 5592 1084 5654 majOri
1117 5593 1204 5642 Ms.
1230 5601 1281 5642 et
1305 5594 1513 5643 Victoria
1537 5593 1720 5641 emend
1753 5617 1766 5628 -

196 5661 375 5718 vimus,
395 5661 557 5719 postea
577 5653 936 5702 desideraturam
952 5653 1032 5702 ris.
1278 5657 1288 5669 '

1488 300 1814 359 EPISTOLA
1854 300 2132 358 CXXVIII.

3306 315 3439 372 1098

1864 431 2120 485 germano
2161 433 2174 470 :
2208 417 2376 474 multo
2423 419 2831 477 inverecundius
2855 461 2868 486 ,
2907 439 3064 492 quam
3092 440 3214 482 cum
3245 431 3442 484 marito

1866 507 2041 575 egisti.
2071 507 2178 562 Sed
2209 509 2276 565 de
2304 509 2597 578 Scripturis
2626 513 2827 566 sanctis
2868 515 3068 582 aliquid
3099 518 3394 588 interrogas
3425 541 3438 573 :

1868 593 2139 666 Interroga
2172 597 2417 665 publice;
2463 599 2681 653 audiant
2712 601 3065 670 pedissequrc,
3097 605 3313 660 audiant
3346 623 3442 662 co-

1869 685 2026 740 tnitcs
2094 685 2259 758 964
2332 697 2455 742 tute.
2480 688 2641 744 Omne
2679 691 2815 760 quod
2854 693 3224 761 manifestatur,
3258 695 3348 749 lita:
3369 706 3444 751 est

1869 772 2084 842 (Ephes.
2117 777 2171 829 5.
2204 777 2312 844 15).
2339 792 2501 832 BONUS
2531 792 2702 833 senio
2725 789 2931 834 secreta
2957 795 3060 834 non
3083 782 3295 850 quierit,
3314 787 3443 853 quin

1870 863 2044 928 potius
2063 862 2360 918 delectatur
2381 865 2626 920 laudibus
2655 868 2768 922 suis
2793 876 2848 921 et
2871 868 3176 924 testimonio
3191 871 3446 941 plurimo-

1869 943 2008 1006 rum.
2064 953 2321 1024 Magister
2371 959 2615 1026 egregius
2665 961 2959 1014 contemnit
3011 963 3173 1026 viros,
3221 963 3448 1034 despicit

1868 1037 2079 1106 fratres,
2107 1052 2162 1096 et
2211 1043 2264 1096 in
2320 1047 2476 1100 unius
2527 1048 2850 1104 muliercula:
2889 1047 3094 1105 secreta
3145 1054 3445 1109 eruditione

1869 1126 2113 1184 desudat.

1940 1221 1993 1275 3.
2039 1222 2306 1278 Declinavi
2336 1241 2620 1295 parumper
2637 1227 2703 1282 de
2751 1244 2868 1284 mea
2898 1230 3283 1300 disputatione,
3307 1235 3444 1287 alin-

1868 1325 1985 1363 rum
2007 1313 2325 1379 occasione;
2361 1324 2413 1368 et
2443 1315 2570 1370 dum
2607 1315 2862 1372 infantem
2887 1319 3446 1388 Pacatulaminstituo,

1870 1400 1978 1454 into
2003 1410 2057 1456 et
2085 1404 2280 1468 nutrio,
2311 1405 2594 1460 multarum
2617 1408 2796 1462 subito
2815 1409 2940 1462 mihi
2966 1409 3104 1464 male
3135 1423 3442 1479 pacatarum

1872 1491 2012 1546 bella
2042 1494 2276 1562 suscepi.
2310 1495 2570 1550 Revertar
2592 1497 2656 1551 ad
2681 1498 3012 1566 prapositum
3041 1515 3056 1551 :
3089 1501 3258 1555 Sexus
3288 1500 3444 1555 femi-
3494 1574 3497 1578 _

1870 1596 2003 1635 neus
2052 1596 2151 1636 suo
2175 1583 2431 1654 jungatur
2479 1588 2627 1641 sexui
2658 1605 2672 1642 ;
2701 1589 2923 1653 nesciat,
2958 1589 3064 1642 imo
3093 1591 3275 1645 timeat
3323 1609 3446 1646 cum
3491 1587 3498 1610 "

1870 1671 2052 1738 pueris
2084 1671 2291 1727 ludere.
2322 1672 2535 1727 Nullum
2568 1676 2896 1744 impudicum
2927 1679 3147 1732 verbum
3204 1683 3445 1746 noverit;

1866 1767 1926 1812 et
1971 1759 2014 1812 si
2046 1758 2183 1814 forte
2218 1761 2270 1814 in
2319 1763 2546 1822 tumultu
2600 1763 2814 1817 familia:
2851 1764 3201 1820 discurrentis
3248 1768 3448 1836 aliquid

1867 1847 2069 1911 audiat,
2099 1863 2205 1902 non
2256 1849 2542 1918 intelligat.
2589 1851 2770 1905 Matris
2801 1864 2987 1906 nutum
3020 1869 3118 1923 pro
3161 1855 3340 1908 verbis
3386 1871 3450 1910 ac

1867 1941 2120 2006 monitis,
2152 1951 2206 1996 et
2239 1957 2337 2011 pro
2368 1942 2594 2012 imperio
2624 1943 2840 1998 habeat.
2867 1945 3027 1999 Amet
3051 1957 3108 1998 ιιι
3147 1955 3446 2015 parentem,

1869 2028 2184 2098 subjiciatur
2213 2039 2273 2084 ut
2301 2030 2556 2097 dominae,
2615 2033 2800 2087 timeat
2828 2042 2886 2088 ut
2938 2035 3269 2105 magistram.
3312 2037 3450 2092 Cum

1868 2127 2046 2172 autem
2090 2120 2459 2188 virgunculam
2492 2122 2678 2176 rudem
2717 2131 2774 2176 et
2817 2123 3143 2192 edentulam,
3190 2129 3450 2195 septimus

1869 2208 2047 2262 aetatis
2068 2223 2241 2264 annus
2268 2210 2562 2278 exceperit,
2603 2218 2659 2264 et
2685 2211 2888 2280 ceperit
2929 2213 3244 2267 erubescere
3266 2255 3279 2278 ,
3312 2217 3452 2269 scire

1870 2297 1997 2366 quid
2028 2306 2222 2364 taceat,
2248 2300 2494 2353 dubitare
2523 2300 2647 2369 quid
2675 2300 2816 2355 dicat
2842 2318 2856 2352 :
2885 2301 3054 2356 discat
3085 2302 3162 2369 (Δ)
3194 2305 3451 2357 memmi-

1871 2397 1952 2441 ter
1977 2388 2314 2454 Psalterium,
2347 2399 2400 2443 et
2431 2405 2599 2459 usque
2625 2390 2693 2444 ad
2714 2405 2885 2446 annos
2925 2393 3241 2462 pubertatis,
3283 2394 3449 2448 libros

1870 2475 2172 2530 Salomonis
2201 2495 2214 2530 :
2245 2477 2554 2546 Evangelia,
2581 2480 2867 2546 Apostolos
2889 2521 2903 2543 ,
2933 2491 2988 2534 et
3018 2480 3312 2548 Prophetas
3367 2482 3448 2534 sui

1870 2566 2048 2620 cordis
2094 2566 2402 2621 thesaurum
2452 2568 2630 2622 faciat.
2681 2569 2790 2624 Nec
2821 2569 3042 2624 liberius
3091 2571 3343 2641 procedat
3379 2572 3450 2626 ad

1872 2655 2160 2722 publicum,
2188 2671 2286 2709 nec
2312 2671 2527 2726 semper
2557 2659 2906 2713 ecclesiarum
2935 2671 3140 2729 qtnerat
3168 2662 3449 2715 celebrita-

1874 2752 1998 2797 tem.
2029 2745 2085 2799 ln
2115 2746 2360 2801 cubiculo
2382 2761 2480 2800 suo
2508 2755 2646 2802 totas
2671 2748 2891 2804 delicias
2911 2749 3122 2806 habeat.
3172 2751 3450 2822 Nunquam

1871 2833 2204 2903 iuvenculos,
2246 2852 2516 2906 nunquam
2557 2839 2891 2893 cincinnatos
2916 2841 3108 2905 videat,
3155 2842 3301 2895 vocis
3329 2842 3455 2896 dul-

1872 2923 2088 2978 cedines
2118 2939 2214 2992 per
2248 2940 2435 2977 aurem
2473 2927 2705 2978 animam
2735 2927 3102 2987 vulnerantes.
3135 2930 3458 2996 puellarum-

1873 3028 1978 3080 que
2007 3013 2219 3066 lascivia
2240 3013 2587 3081 repellantur.
2607 3014 2736 3080 Qua:
2753 3026 2951 3084 quanto
2974 3017 3217 3071 licentius
3231 3019 3453 3083 adeunt,

1877 3111 2022 3154 tanto
2048 3101 2314 3155 difficilius
2336 3104 2604 3157 evitantur
2635 3122 2646 3154 :
2677 3115 2730 3158 et
2756 3105 2895 3174 quod
2915 3105 3240 3171 didicerunt,
3269 3124 3422 3164 secre
3443 3137 3456 3152 ε

1877 3201 1931 3244 ιο
1979 3191 2203 3256 docent,
2263 3193 2630 3262 inclusamque
2667 3196 2878 3250 Danaen
2925 3197 3064 3267 vulgi
3118 3200 3455 3253 sermonibus
3529 3227 3532 3230 ~

1875 3284 2093 3334 violant.
2114 3282 2193 3336 Sit
2218 3283 2263 3336 ci
2289 3284 2536 3352 magistra
2559 3299 2762 3349 eomes,
2796 3286 3080 3357 paedagoga
3102 3299 3284 3343 custos
3306 3305 3319 3338 :
3345 3306 3454 3344 non

1879 3375 2046 3426 multo
2075 3374 2198 3426 vino
2225 3373 2400 3426 dedita
2436 3391 2448 3425 :
2476 3390 2602 3437 non,
2623 3375 2773 3444 juxta
2797 3379 3134 3447 Ap0stolum,
3166 3381 3337 3434 otiosa
3369 3393 3454 3435 at-

1876 3478 1981 3531 que
2011 3464 2268 3527 verbosa;
2293 3463 2385 3517 sed
2410 3465 2611 3530 sobria,
2643 3466 2840 3532 gravis,
2891 3467 3122 3536 laniﬁca,
3153 3479 3208 3524 et
3243 3486 3304 3524 ea
3337 3481 3458 3525 tan-

1877 3560 1989 3604 tum
2022 3552 2270 3621 loquens,
2316 3569 2435 3621 qua:
2465 3556 2700 3607 animum
2755 3557 3044 3624 puellarem
3094 3559 3159 3612 ad
3203 3561 3455 3614 virtn‘em

1876 3641 2177 3696 instituant.
2211 3642 2279 3696 Ut
2307 3643 2448 3696 enim
2474 3659 2609 3711 aqua
2649 3646 2702 3697 in
2734 3646 2915 3700 areola
2946 3646 3169 3716 digitum
3217 3653 3459 3719 sequitur

1876 3732 2292 3800 praecedentem,
2320 3733 2392 3786 ita
2418 3745 2548 3788 retas
2579 3736 2777 3800 mollis,
2814 3745 2868 3789 et
2898 3746 3078 3791 tenera
3098 3724 3149 3792 in
3178 3751 3458 3807 utramque

1876 3832 2081 3890 partem
2104 3822 2361 3877 ﬂexibilis
2381 3832 2483 3886 est,
2508 3833 2562 3876 et
2582 3838 2918 3892 quocumque
2937 3824 3177 3892 duxeris,
3207 3829 3453 3883 trahitur.

1876 3913 2063 3966 Solent
2092 3912 2274 3964 lascivi
2301 3921 2356 3965 et
2394 3912 2650 3979 comptuli
2676 3913 2901 3980 juvenes
2933 3912 3010 3985 (ι)
3037 3915 3416 3974 blandimentis
3435 3961 3452 3986 ,

1878 4002 2215 4065 affabilitate,
2249 4002 2602 4066 munusculis,
2631 4002 2834 4057 aditum
2853 4004 2955 4059 sibi
2984 4022 3079 4075 per
3103 4011 3338 4064 nutrices
3365 4024 3457 4067 aut

1877 4092 2122 4144 alumnas
2139 4105 2421 4159 quaerere;
2449 4101 2654 4146 etcum
2679 4093 2975 4150 clementer
3017 4097 3352 4166 intraverint,
3386 4103 3456 4158 de

1879 4181 2126 4234 scintillis
2159 4181 2410 4236 incendia
2457 4185 2771 4253 concitare,
2822 4189 3181 4260 paulatimque
3229 4194 3456 4258 prolice-

1881 4287 1939 4325 re
2008 4271 2170 4342 965
2243 4274 2309 4325 ad
2351 4274 2731 4342 impudentiam
2767 4291 2866 4333 :et
2917 4296 3250 4351 nequaquam
3295 4300 3454 4353 pos-t2

1880 4361 2172 4430 prohiberi,
2217 4363 2309 4416 illo
2356 4363 2411 4416 in
2455 4379 2516 4419 se
2568 4367 2833 4422 versiculo
2876 4372 3259 4440 comprobato:
3288 4374 3454 4446 ὥρη

1877 4451 2214 4522 reprehendas
2236 4493 2251 4518 ,
2299 4453 2434 4520 quod
2459 4455 2583 4508 sinis
2605 4471 2946 4512 consuescere.
2996 4461 3165 4516 νειόθι
3219 4462 3403 4518 dicere
3433 4482 3449 4519 ε

1877 4552 1932 4596 et
1965 4552 2140 4597 tamen
2170 4541 2457 4607 dicendum
2484 4556 2568 4598 est
2596 4561 2612 4598 :
2641 4545 2856 4601 Nobiles
2895 4548 3110 4621 feminze
3134 4591 3150 4615 ,
3196 4552 3279 4619 (2)
3331 4570 3451 4620 qtne

1879 4633 2167 4686 nobiliores
2191 4634 2425 4687 habuere
2453 4634 2714 4703 neglectui
2740 4651 2950 4704 procos.
2977 4639 3247 4691 vili~siuta2
3268 4642 3453 4693 coitdi-

1881 4728 2036 4782 tionis
2086 4727 2427 4793 hominibus,
2461 4735 2514 4780 et
2561 4728 2787 4781 servulis
2839 4729 3187 4796 copulantur;
3237 4745 3298 4782 ac
3351 4737 3452 4786 sub

1878 4817 2094 4871 nomine
2121 4817 2412 4886 religionis,
2442 4824 2498 4869 et
2525 4816 2710 4868 umbra
2745 4815 3088 4870 continentia:
3120 4859 3132 4879 ,
3179 4819 3446 4874 interdum

1877 4907 2133 4960 deserunt
2163 4907 2305 4958 viros
2327 4943 2342 4964 .
2375 4905 2592 4957 Helenae
2619 4915 2911 4972 sequuntur
2941 4907 3272 4961 Alexandros
3291 4948 3304 4971 ,
3351 4926 3449 4964 nec

1879 4997 2147 5052 Menelaos
2193 4995 2593 5064 pertimescunt.
2631 4995 2891 5048 Videntur
2939 4998 3084 5062 ita-c,
3141 5000 3444 5068 pinguntur,

1875 5094 1934 5139 et
2002 5100 2105 5137 non
2160 5081 2494 5135 vindicantur
2540 5097 2554 5133 :
2604 5083 2727 5150 quia
2779 5084 3062 5137 multitudo
3108 5089 3440 5154 peccantium

1878 5171 2128 5243 peccandi
2157 5170 2422 5224 licentiam
2450 5171 2832 5226 subministrat.

1934 5351 1994 5412 (ά
2045 5351 2182 5399 Paria
2204 5349 2353 5397 habet
2375 5349 2421 5396 in
2443 5350 2670 5411 sequenti
2703 5351 2846 5411 epist.
2874 5351 2977 5400 130.
3001 5352 3060 5400 ad
3082 5352 3383 5404 Demetriad.

1935 5352 2014 5474 (ιζ
2044 5411 2121 5458 ΑΙ.
2145 5408 2414 5474 comitialis,
2435 5417 2490 5457 ut
2511 5417 2562 5474 et
2583 5423 2692 5458 mox
2717 5411 2824 5458 libri
2844 5410 2943 5472 alii,
2969 5412 3302 5464 blandimentis
3323 5421 3383 5474 an

1923 5473 1942 5520 Ι

2044 5411 2121 5458 ΑΙ.
2145 5408 2414 5479 comatulis,
2435 5417 2490 5457 ut
2511 5408 2562 5478 et
2583 5423 2692 5458 mox
2717 5408 2824 5458 libri
2844 5410 2943 5472 alii,
2969 5412 3302 5464 blandimenta
3323 5420 3446 5479 «Ira-

1913 5473 1942 5521 t!
2029 5483 2120 5522 em.
2146 5469 2437 5519 munusculis
2459 5469 2660 5522 aditum.
2687 5479 2781 5520 etc.

1875 5469 2120 5525 uilitatem.
2146 5469 2437 5519 munusculis
2459 5469 2660 5528 aditum,
2687 5479 2781 5520 etc.
2930 5469 2938 5472 ⁷
3353 5469 3380 5479 “”

1935 5533 2010 5603 (2)
2044 5531 2245 5603 Quidam
2267 5530 2381 5603 Mss:
2405 5527 2590 5603 nobiles
2607 5529 2800 5603 [endure
2809 5530 3060 5603 nobiliores
3083 5534 3320 5603 habitune
3337 5551 3448 5597 pro-

1871 5589 2046 5706 gmin
2067 5589 2244 5654 quibus
2268 5591 2408 5652 paulo
2431 5589 2548 5638 infra
2572 5589 2659 5640 nec
2683 5594 2912 5653 particula
2942 5603 3057 5646 ante
3093 5589 3445 5652 Meiteluos'non

2021 5667 2093 5702 ur.
