4026 6186
652 227 671 302 ι
687 224 790 280 099

716 345 768 396 4.
805 343 946 398 Proh
978 342 1122 396 nefas
1142 381 1155 404 ,
1179 337 1324 392 orbis
1349 348 1607 392 terrarum
1641 339 1781 403 ruit,
1830 340 1880 394 in
1912 333 2067 403 nabis
2101 357 2229 410 pec-

648 443 764 485 cata
788 448 893 486 non
918 438 1091 484 ruunt.
1114 427 1250 482 Urbs
1271 427 1465 496 inclyta
1491 436 1543 480 et
1576 428 1797 482 Romani
1825 429 2029 498 imperii
2047 441 2224 498 caput,

647 523 971 576 miohausta
1014 527 1095 570 est
1137 515 1403 571 inccndio.
1434 517 1582 570 Nulla
1637 529 1720 574 est
1764 521 1930 589 regio,
1971 536 2091 590 qua:
2120 537 2224 575 non

643 609 827 662 exules
842 606 1118 660 Roinanus
1159 605 1369 661 haheat.
1399 606 1456 659 in
1483 606 1693 662 cineres
1731 623 1793 662 ac
1821 607 2030 664 favillas
2057 624 2224 666 sacra:

638 696 905 766 quondam
949 695 1203 751 Ecclesia:
1227 696 1594 764 conciderunt,
1640 709 1695 752 ct
1743 710 1917 756 tamen
1945 703 2222 759 studemus

635 787 892 840 avaritiae.
938 785 1274 856 (a)‘V|vnws
1300 801 1450 851 QUAS]
1494 790 1659 845 altera
1708 789 1796 845 die
1839 793 2115 858 morituri,
2165 804 2220 849 et

633 876 959 931 aedificamus
981 879 1129 947 quasi
1157 893 1369 948 semper
1391 879 1441 933 in
1473 879 1574 934 hoc
1599 884 1796 936 sarculo
1833 884 2042 938 victuri.
2074 887 2218 939 Auro

632 968 1027 1036 parietes.auro
1054 969 1343 1038 laquearia,
1367 985 1496 1024 auro
1517 970 1716 1040 fulgent
1740 974 1913 1043 capita
1937 976 2212 1029 columna-

628 1072 770 1122 rum,
792 1068 846 1113 et
866 1058 1038 1113 nudus
1063 1067 1223 1126 atque
1248 1061 1490 1114 esuriens
1515 1070 1640 1115 ante
1661 1061 1803 1116 fores
1823 1071 2034 1118 nostras
2060 1065 2213 1118 Chri-

626 1157 743 1202 stus
768 1149 820 1202 in
852 1163 1085 1216 paupere
1127 1149 1370 1204 moritur.
1405 1149 1650 1216 Legimus
1693 1152 1868 1205 Aaron
1900 1152 2213 1208 Pontificem

630 1239 737 1292 isse
763 1237 973 1291 obviaut
1007 1238 1572 1302 furentilmsflammis,
1596 1249 1645 1292 et
1665 1255 1892 1295 accenso
1919 1241 2208 1307 thuribulo,

625 1329 718 1382 Dei
749 1328 880 1382 iram
911 1328 1215 1383 cohibuisse
1235 1329 1254 1399 (
1276 1328 1440 1383 Num.
1468 1329 1535 1383 16
1556 1332 1593 1398 ).
1618 1329 1774 1385 Stetit
1803 1331 1940 1389 inter
1960 1342 2207 1398 mortem,

620 1426 676 1470 et
713 1416 874 1471 vitam
917 1415 1176 1472 Sacerdos
1206 1433 1448 1488 magnus,
1483 1434 1581 1474 nec
1627 1420 1763 1473 ultra
1820 1423 2039 1492 vestigia
2093 1424 2209 1490 ejus

618 1507 758 1576 ignis
783 1507 1072 1577 procedere
1099 1522 1260 1561 ausus
1304 1516 1406 1562 est.
1431 1507 1595 1578 Moysi
1636 1510 1868 1578 loquitur
1895 1511 2032 1564 Deus
2065 1529 2079 1566 :
2107 1512 2206 1565 Di-

615 1597 757 1672 mitte
798 1613 896 1662 me,
940 1607 985 1650 et
1015 1596 1187 1650 delebo
1230 1598 1472 1665 populum
1502 1601 1654 1651 istum
1703 1598 1904 1668 (Exod.
1938 1601 2027 1655 52.
2073 1602 2202 1672 i0).

615 1668 840 1751 Quando
881 1685 1004 1740 dicit
1038 1703 1050 1738 :
1078 1685 1272 1738 dimitte
1305 1702 1383 1738 me
1402 1727 1418 1749 ,
1444 1687 1679 1740 ostendit
1704 1703 1762 1740 se
1791 1690 1957 1742 teneri
2007 1668 2168 1758 poSse
2187 1733 2200 1754 ,

615 1790 685 1828 ne
711 1774 1025 1842 faciatquotl
1057 1776 1286 1827 minatus
1301 1784 1404 1840 cst,
1435 1776 1526 1829 Dei
1550 1777 1690 1829 enim
1733 1781 2024 1845 potentiam
2063 1784 2202 1834 servi

614 1877 802 1931 preces
829 1863 1204 1939 impediebant.
1235 1864 1366 1939 Quis
1388 1875 1540 1930 putas
1571 1864 1658 1916 ille
1685 1865 1785 1918 sub
1809 1867 1948 1919 coelo
1978 1876 2079 1930 est,
2112 1869 2200 1937 qui

613 1964 757 2005 nunc
785 1951 878 2005 iraa
906 1951 995 2005 Dei
1027 1951 1194 2020 possit
1232 1952 1554 2005 occurrere?
1579 1953 1667 2020 qui
1697 1953 1912 2010 obviare
1936 1955 2202 2011 flammis?

609 2051 662 2095 at
690 2058 810 2096 cum
861 2043 1118 2112 Apostoio
1141 2043 1319 2096 dicere
1339 2083 1352 2103 ,
1403 2043 1652 2111 Optabam
1679 2061 1769 2114 ego
1804 2049 2072 2100 anathema
2097 2066 2203 2104 esse

609 2149 702 2202 pro
721 2132 962 2203 fratribus
983 2137 1102 2184 ntets
1134 2133 1151 2199 (
1175 2131 1323 2186 itam.
1352 2131 1402 2186 9.
1431 2133 1497 2200 5)
1519 2134 1543 2185 ?
1564 2133 1792 2188 Pereunt
1820 2151 1939 2190 cum
1970 2139 2196 2207 pastori-

607 2225 708 2278 bus
729 2237 940 2293 greges,
971 2224 1092 2292 quia
1118 2222 1254 2275 sicut
1286 2223 1530 2292 papuins,
1559 2223 1636 2277 sic
1680 2224 1963 2280 Sacerdos.
1988 2226 2197 2297 Moyses

605 2314 992 2385 compassionis
1036 2315 1349 2384 loquebatur
1377 2314 1568 2370 affectu
1609 2333 1621 2369 :
1653 2316 1715 2370 Si
1759 2318 1968 2371 dimittis
2007 2322 2196 2389 popqu

604 2408 743 2466 huic,
765 2405 959 2457 dimitte
977 2420 994 2456 :
1011 2405 1088 2456 sin
1111 2415 1300 2465 autem,
1325 2404 1436 2457 dele
1456 2421 1532 2458 me
1553 2406 1615 2458 de
1633 2405 1761 2460 libro
1779 2416 1864 2460 tua
1883 2407 2076 2477 (Ea‘od.
2102 2410 2188 2464 52.

603 2497 692 2549 51.
724 2495 846 2564 52).
883 2493 1006 2547 Vult
1035 2495 1209 2562 perire
1254 2510 1374 2548 cum
1422 2496 1790 2563 pereuntibus,
1834 2513 1933 2552 nec
1980 2503 2190 2569 propria

602 2583 771 2638 Salute
795 2593 1078 2638 contentus
1106 2592 1210 2638 est.
1260 2583 1436 2637 Gloria
1481 2586 1675 2654 quippe
1718 2589 1868 2659 regis,
1917 2592 2191 2645 multitudo

601 2675 778 2745 populi
801 2674 819 2744 (
841 2673 993 2728 I’rov.
1021 2675 1087 2728 14
1108 2673 1150 2744 ).
1195 2674 1286 2728 liis
1315 2675 1559 2730 Pacatula
1588 2689 1770 2731 nostra
1802 2690 1922 2735 nala
1943 2689 2028 2735 est
2051 2691 2188 2736 tcm-

601 2765 842 2836 porihns.
868 2765 1011 2819 Inter
1037 2765 1150 2818 iure
1192 2765 1479 2832 crepundia
1515 2766 1736 2833 primam
1765 2771 2184 2837 carpitaetatem,

599 2865 722 2909 ante
768 2855 1029 2925 lacrymas
1081 2853 1316 2916 scitura,
1362 2869 1519 2923 quam
1570 2856 1778 2923 risum;
1817 2859 1963 2927 prius
2004 2859 2184 2916 fletum

596 2945 764 3016 966
837 2959 1080 3009 sensura,
1125 2959 1284 3013 quam
1331 2943 1604 3014 gaudium.
1634 2945 1871 3001 Necdum
1916 2949 2181 3013 introitus,

592 3035 702 3105 jam
730 3035 920 3088 exilus.
950 3033 1136 3088 Talem
1183 3049 1395 3101 semper
1422 3045 1568 3103 putet
1594 3035 1756 3090 fuisse
1778 3038 2056 3092 mundum.
2083 3039 2186 3092 Νι·-

595 3128 731 3180 sciat
777 3125 1078 3194 pra-terila,
1122 3123 1284 3193 fugiat
1306 3125 1623 3192 ‘przesentia,
1681 3127 1855 3181 futura
1895 3129 2181 3184 desideret.

595 3217 723 3271 llaec
749 3226 806 3269 nt
833 3216 1176 3268 tumultuario
1220 3230 1465 3269 sermone
1493 3217 1769 3279 dictarem,
1802 3230 1855 3273 et
1883 3232 1998 3288 post
2025 3237 2183 3276 net-es

595 3306 909 3366 amicorum,
940 3305 1244 3373 luctumque
1272 3315 1604 3374 perpetuum.
1630 3307 1812 3361 infanti
1836 3325 1995 3364 senex
2025 3311 2183 3378 intth

593 3397 920 3468 postliminio
945 3396 1256 3457 scriberem,
1301 3407 1408 3457 tua.
1446 3396 1708 3452 Gaudenti
1749 3398 1928 3461 frater,
1973 3401 2180 3470 impulit

592 3487 832 3540 caritas:
879 3485 1149 3552 maluiqne
1200 3499 1406 3552 parum,
1463 3501 1618 3554 quam
1646 3485 1781 3540 nihil
1827 3490 2044 3544 omnino
2083 3507 2179 3560 po-

593 3578 759 3631 scenti
787 3575 962 3628 'dare‘:
991 3575 1110 3643 quia
1139 3574 1190 3627 in
1233 3574 1405 3627 altera
1434 3575 1676 3630 voluntas
1703 3591 1962 3646 oppressa
2003 3579 2176 3648 luctu,

595 3668 650 3722 in
675 3668 844 3722 altero
865 3665 1109 3720 amicitia:
1129 3664 1482 3720 dissimulatio
1507 3676 1610 3718 est.

1025 3753 1352 3811 EPISTULA
1402 3756 1612 3812 cxxut
1646 3758 1744 3828 (ι).

1131 3884 1199 3923 so
1224 3884 1516 3924 .nsnmauu
1554 3871 1645 3940 (c).

1053 3981 1132 4035 De
1151 3979 1318 4035 Terra
1354 3982 1716 4050 promissionis.

595 4101 800 4154 frrrmn
832 4095 1175 4167 promissionis
1197 4111 1296 4148 non
1333 4111 1445 4148 eam
1469 4111 1593 4159 esse,
1621 4112 1772 4165 quam
1808 4096 1981 4152 Judaei
2009 4115 2178 4167 posse-

664 4189 844 4242 derunt
875 4200 894 4239 :
921 4183 1010 4238 sed
1045 4182 1200 4235 aliam
1246 4181 1494 4236 caelestem
1539 4184 1946 4255 intelligendum,
1990 4197 2177 4242 terram

661 4291 839 4344 nempe
859 4273 1143 4335 viventium,
1174 4272 1373 4327 mitibus
1406 4273 1458 4327 in
1484 4271 1761 4344 Evangelia
1799 4280 2173 4346 repromissum.

663 4365 840 4436 Neque
863 4365 1018 4418 aliam
1042 4379 1245 4417 causam
1272 4365 1586 4418 miseriarum
1611 4375 1657 4420 et
1683 4377 1886 4420 teterna:
1907 4370 2174 4437 captivita-

664 4458 726 4511 tis
753 4454 1052 4510 Jttdtearum
1079 4468 1203 4519 esse,
1228 4469 1378 4522 quant
1406 4455 1614 4522 sanguis
1657 4454 1845 4510 Christi
1877 4456 2094 4524 e/fusus,
2127 4470 2175 4513 ct

655 4547 935 4604 execrabile
959 4545 1175 4617 facinus,
1201 4559 1300 4612 quo
1325 4553 1532 4597 ntartem
1546 4544 1644 4614 ipsi
1667 4546 1855 4616 inferre
1875 4565 1974 4602 non
1996 4551 2177 4604 timue-

655 4649 796 4694 runt.

662 4750 716 4804 i.
754 4747 964 4815 Qtimris
1009 4743 1286 4810 Dardano,
1341 4742 1762 4798 Christianorum
1803 4745 2168 4819 nobilissime,

588 4852 644 4897 et
680 4838 761 4911 (d)
803 4837 1055 4893 nobilium
1090 4834 1553 4902 ebristianissime,
1581 4851 1698 4904 quae
1724 4835 1792 4890 sit
1823 4845 1958 4891 terra
1986 4855 2173 4910 repro-

651 4972 724 5035 (a)
760 4968 1014 5035 Perquaru
1040 4964 1185 5035 simili
1220 4967 1465 5035 sententia
1501 4965 1693 5035 dictum
1717 4965 1782 5016 de
1805 4965 2176 5035 Megarensibus

585 5025 732 5083 traiii't
755 5025 900 5093 epist'.
928 5027 1036 5093 125.
1061 5026 1119 5075 ad
1135 5025 1459 5093 Ageruchiam
1477 5040 1610 5093 num.
1639 5028 1712 5093 15.
1731 5028 1858 5093 quod
1882 5025 2176 5083 :édificareut

621 5094 723 5142 nasi
763 5087 1429 5160 semper.victurifviverept
1449 5089 1585 5160 quasi
1621 5087 1773 5160 altera
1808 5089 1892 5160 die
1930 5093 2169 5142 morituri.

585 5107 723 5198 30351
763 5107 961 5199 semxer
984 5107 1173 5147 \‘lClUI'l,
1203 5107 1429 5136 Vlvcreut
1449 5107 1585 5160 quasi
1621 5107 1773 5137 altera
1808 5107 1892 5161 alt:
1930 5107 2169 5142 morituri.

585 5186 608 5201 ..
626 5153 759 5216 unite
774 5152 856 5213 qui
903 5151 1050 5216 etiam
1067 5149 1290 5216 invenias
1306 5147 1566 5216 in_ani_am
1581 5149 1788 5211 quodam
1802 5163 2171 5216 epigrammate,

585 5213 715 5276 quod
743 5208 848 5274 ipse
872 5213 1019 5260 etiam
1041 5222 1104 5258 ex
1129 5209 1331 5258 Socrate
1352 5208 1529 5258 hausit.

623 5289 626 5292 ’
712 5276 762 5332 ἀς
783 5283 1034 5334 "MEng
1048 5289 1120 5322 16v
1141 5288 1212 5322 οὖν
1234 5282 1374 5332 ἀγαθὼ
1393 5281 1568 5327 ἀπόλεμ-ιι,

833 5338 884 5391 is;
907 5341 950 5384 δι
970 5345 1202 5394 Imagines,
1222 5338 1340 5394 ᾳὶδω
1366 5348 1438 5380 σῦν
1461 5344 1626 5381 nam.

648 5393 722 5478 (ὑὶ
757 5393 833 5468 At.
859 5393 968 5444 129.
993 5400 1182 5454 scripta
1203 5392 1533 5468 circa'an‘num
1555 5391 1664 5466 41ρτ
1743 5452 1756 5462 υ
1827 5452 2132 5478 “unum.

652 5457 700 5478 ι..
765 5454 856 5478 ιι...
913 5460 984 5478 Α...
1031 5453 1090 5478 nr
1120 5451 1426 5478 svnnmvg
1463 5451 1793 5478 uncus.an

651 5451 857 5562 (cl).liic
883 5460 990 5526 ,ρει
1031 5451 1428 5531 CDAVDIANVS
1456 5451 1795 5529 DQSTVMVS
1827 5452 2169 5528 DARDANVS

584 5512 650 5585 γ.
841 5516 941 5585 *ΕΤ
975 5513 1285 5585 ΡΑἸΚΙῼΙᾸΕ
1306 5512 1700 5585 _Dhl.GMil_\TiS,
1725 5521 2172 5585 gt__ve_tns_mscn-

584 5581 632 5633 pl
642 5575 686 5644 ip
695 5577 856 5644 habet
867 5611 883 5634 ,
891 5589 1048 5644 quam
1070 5573 1330 5644 proferunt
1341 5573 1639 5644 Sirmondnsl
1647 5575 1756 5644 et_(‘-
1764 5573 2062 5644 otbofredus.

651 5633 730 5694 (tt)
763 5633 876 5685 Duo
891 5633 995 5686 hinc
1017 5633 1188 5700 verba,
1207 5633 1433 5687 nobilium
1460 5634 1874 5695 (‘ltristi‘tmisst'ma
1899 5640 2168 5688 vetust‘ssi-

1938 227 2177 284 ssnon
2218 189 2594 286 Iustiomm

2465 140 2490 149 ι.

2340 346 2625 410 missionis,
2658 360 2814 416 quam
2855 347 3022 402 Judaei
3049 351 3332 408 redeuntes
3353 367 3422 409 ex
3472 354 3722 429 Egypto
3755 376 3936 429 posse-

2335 433 2546 497 derunt,
2571 450 2691 489 eum
2723 452 2750 490 a
2783 437 3074 507 majoribus
3096 457 3280 496 eorum
3315 445 3428 514 jam
3457 446 3792 516 foerigante
3817 469 3932 522 pos-

2331 537 2502 584 sossa.
2529 524 2592 578 ac
2630 527 2852 595 proinde
2880 544 2985 582 non
3027 531 3092 584 sit
3121 535 3401 601 promissa,
3432 537 3528 591 sed
3556 540 3814 596 reddita?
3847 545 3933 600 His

2328 614 2469 667 enim
2499 616 2674 669 verbis
2699 619 2865 671 uteris
2892 619 2942 672 in
2971 622 3117 677 calce
3160 624 3400 694 epistola:
3425 637 3549 683 tum.
3577 631 3742 698 Quod
3773 636 3930 692 inter-

2328 718 2542 772 rogans,
2588 706 2786 761 videris
2814 708 2941 763 illud
2968 712 3187 776 sentire,
3230 715 3370 783 quod
3411 718 3659 785 plurimis
3710 735 3925 780 nostro-

2324 807 2440 846 rum
2473 794 2667 863 placct,
2713 797 2872 851 aliam
2913 802 3347 867 repromissionis
3375 815 3572 871 terram
3619 825 3750 868 esse
3781 830 3922 884 qna:-

2323 883 2565 945 rendam.
2601 885 2669 938 de
2698 901 2801 954 qua
2829 898 2881 940 et
2911 888 3074 943 David
3103 890 3338 960 loquitur
3384 895 3438 948 in
3480 899 3698 966 psalmo
3727 921 3742 954 :
3766 883 3921 960 Credo

2318 971 2486 1026 videre
2505 973 2635 1026 bona
2659 974 2862 1029 Domini
2879 1019 2894 1043 ,
2927 980 2978 1032 in
3005 990 3141 1033 terra
3169 983 3432 1038 viventium
3457 985 3630 1058 (Psal.
3660 992 3758 1047 Ἆὶ.
3797 997 3862 1050 i3
3881 999 3916 1066 ).

2319 1058 2386 1111 Et
2417 1061 2669 1117 Dominus
2698 1063 2751 1118 in
2781 1064 3068 1136 Evangelia
3101 1087 3116 1122 :
3146 1068 3293 1124 Beati
3336 1075 3512 1142 mites,
3541 1081 3796 1145 quoniam
3828 1058 3919 1153 ipsi

2316 1150 2636 1240 possidebunt
2652 1163 2835 1208 terram
2860 1157 2878 1226 (
2898 1156 3083 1212 Matth.
3104 1160 3157 1214 5.
3182 1163 3214 1215 4
3230 1161 3273 1232 ).
3297 1162 3489 1234 Utique
3519 1167 3686 1224 David
3704 1150 3913 1240 quando

2315 1237 2431 1293 inec
2458 1243 2704 1297 cantabat
2735 1245 2786 1298 in
2813 1247 3025 1315 spiritu,
3051 1249 3105 1302 in
3136 1259 3276 1306 terra
3304 1237 3747 1322 repromissionis
3783 1275 3908 1329 erat,

2311 1336 2367 1382 et
2392 1344 2496 1384 non
2525 1332 2696 1386 solum
2727 1333 2779 1388 in
2805 1334 3008 1390 Judzete
3040 1337 3234 1393 finibus
3270 1344 3598 1413 morabatur,
3628 1350 3729 1404 sed
3779 1357 3911 1408 mul-

2312 1426 2484 1474 tarum
2517 1421 2570 1474 in
2617 1423 2842 1478 circuitu
2891 1427 3164 1481 nationum
3197 1430 3366 1484 victor
3385 1435 3675 1502 extiterat,
3719 1457 3845 1508 q;e
3881 1460 3905 1495 .1

2312 1517 2546 1566 torrente
2580 1511 2832 1583 Egypti,
2878 1517 2966 1585 qui
3012 1527 3096 1571 est
3142 1518 3561 1589 Rhinocorurze,
3619 1543 3798 1598 usque
3845 1534 3906 1585 ad

2310 1599 2634 1668 Euphratem
2655 1604 2869 1658 fluvium
2897 1607 3281 1674 tendebantur;
3310 1613 3494 1666 dicens
3525 1618 3575 1669 in
3601 1618 3716 1673 alio
3746 1623 3864 1675 loco
3889 1641 3901 1676 :

2309 1690 2373 1745 In
2406 1693 2687 1748 ldumwam
2717 1698 3386 1754 extendamcalceamentum
3458 1707 3620 1779 967
3699 1727 3866 1766 meum
3887 1731 3904 1766 :

2306 1785 2430 1836 mihi
2453 1786 2757 1858 alienigene
2783 1788 2858 1859 (e)
2880 1791 3133 1860 servient(
3161 1791 3306 1862 Psql.
3339 1795 3427 1849 59.
3456 1798 3525 1851 49
3545 1799 3583 1867 ).
3617 1800 3902 1866 Quomodo

2303 1887 2429 1945 ergo
2459 1893 2516 1931 se
2545 1879 2799 1933 credebat
2823 1881 3068 1950 accipere
3087 1922 3102 1948 ,
3128 1885 3266 1952 quod
3301 1886 3410 1954 jam
3464 1889 3690 1944 victoria
3724 1896 3898 1963 possi-

2301 1966 2507 2021 debat?
2535 1969 2599 2022 Et
2624 1985 2691 2024 ne
2736 1970 2960 2025 forsitan
3000 1972 3299 2042 legentibus
3336 1976 3533 2032 Judwis
3584 1984 3896 2052 ambiguum

2300 2057 2651 2128 derelinquat,
2676 2076 2794 2130 quae
2822 2063 2890 2114 sit
2918 2062 3008 2117 illa
3036 2072 3198 2127 terra,
3229 2081 3388 2134 quam
3417 2070 3600 2125 videre
3620 2077 3893 2142 cupiebat,

2299 2148 2415 2216 ipso
2442 2163 2691 2204 sermone
2719 2150 3069 2216 demonstrat,
3097 2153 3281 2208 dicens
3314 2173 3327 2208 :
3360 2156 3521 2212 Credo
3561 2163 3729 2216 videre
3766 2164 3895 2218 bona

2298 2235 2524 2303 Domini,
2569 2239 2621 2292 in
2662 2249 2794 2292 terra
2822 2241 3110 2295 viventium.
3147 2243 3284 2311 Ergo
3316 2255 3456 2300 terra
3499 2247 3721 2315 ludam,
3770 2269 3890 2322 qua:

2296 2326 2512 2381 ditionis
2554 2328 2698 2383 illius
2723 2341 2860 2397 erat,
2893 2345 2999 2385 non
3050 2342 3131 2404 est
3161 2345 3300 2388 terra
3331 2337 3649 2406 viventium,
3709 2343 3760 2396 id
3812 2355 3892 2399 ea

2294 2418 2583 2484 Abraham,
2614 2419 2780 2485 Isaac,
2804 2432 2856 2476 et
2875 2422 3061 2488 Jacob,
3081 2423 3149 2479 de
3171 2412 3362 2495 quibus
3387 2427 3642 2484 Dominus
3671 2432 3723 2485 in
3745 2451 3889 2501 qua:-

2292 2511 2466 2564 stione
2496 2510 2924 2567 Resnrreetiouis
2944 2515 3110 2569 dicit:
3144 2515 3262 2571 Non
3287 2529 3363 2572 est
3390 2518 3524 2574 Deus
3547 2535 3886 2590 mortuarum,

2290 2599 2380 2651 sud
2406 2601 2670 2652 viventium
2697 2601 2715 2670 (
2743 2601 2930 2657 Matth.
2962 2602 3056 2656 22.
3088 2603 3194 2675 52)
3226 2623 3239 2657 :
3267 2622 3451 2661 verum
3492 2619 3635 2665 terra
3662 2622 3716 2666 et
3739 2617 3889 2684 regio

2291 2697 2658 2752 mortuorum,
2713 2691 2782 2744 de
2833 2693 3027 2761 quibus
3076 2694 3311 2764 loquitur
3364 2696 3614 2754 Ezechiel
3652 2719 3666 2753 :
3701 2705 3887 2759 Animo

2287 2792 2401 2845 qute
2419 2780 2711 2846 peccaverit,
2737 2781 2847 2850 ipsa
2869 2784 3109 2837 morietur
3128 2784 3146 2856 (
3164 2784 3352 2838 Ezech.
3381 2787 3470 2840 i8.
3497 2790 3531 2843 4
3556 2791 3594 2856 ).
3625 2791 3730 2844 Et:
3762 2793 3884 2847 Non

2288 2868 2470 2919 mortui
2521 2868 2796 2923 laudabunt
2840 2881 2886 2924 te
2939 2870 3186 2938 Domine,
3246 2876 3336 2928 sed
3377 2892 3470 2930 nos
3524 2881 3613 2947 qui
3672 2883 3884 2938 vivimus

2287 2952 2356 3025 (Ῑ)
2389 2954 2574 3027 (Psai.
2627 2959 2754 3023 “3,
2782 2960 2868 3013 i7.
2902 2970 2946 3013 et
2988 2961 3092 3032 i8)
3123 2979 3137 3016 :
3172 2963 3260 3031 qui
3290 2975 3344 3018 et
3389 2963 3441 3019 in
3487 2973 3884 3028 resurrectione

2284 3047 2556 3100 oceursuri
2584 3057 2710 3101 sunt
2740 3048 2966 3102 Domino
2995 3051 3256 3106 Saivatori
3276 3093 3292 3118 ,
3323 3055 3533 3111 dicente
3578 3061 3878 3128 Apostolo:

2286 3132 2334 3185 Η
2341 3150 2400 3186 ac
2421 3135 2552 3188 enim
2573 3135 2685 3188 dico
2707 3136 2840 3189 vobis
2862 3139 2913 3190 in
2933 3155 3160 3193 sermone
3178 3140 3401 3202 Domini,
3424 3148 3660 3214 quoniam
3683 3166 3774 3202 nos
3793 3153 3883 3220 qui

2283 3224 2505 3288 vivimus,
2529 3227 2616 3292 qui
2638 3228 2969 3298 relinquimur
2989 3231 3042 3283 in
3070 3231 3339 3286 adventum
3363 3233 3588 3299 Domini,
3615 3255 3714 3292 non
3739 3259 3879 3309 prte-

2281 3316 2532 3368 veniemus
2557 3332 2640 3370 eos
2686 3320 2772 3383 qui
2799 3320 2874 3389 (g)
2905 3321 3158 3374 dormiunt
3183 3322 3266 3390 (1.
3311 3321 3488 3377 Thess.
3533 3327 3592 3382 4.
3624 3329 3732 3399 Η)
3763 3347 3776 3381 :
3811 3331 3877 3386 de

2280 3405 2474 3472 quibus
2507 3414 2563 3459 et
2586 3405 2844 3462 Jeremias
2871 3409 3104 3478 loquitur
3134 3427 3148 3465 :
3183 3411 3596 3483 Dereliuquentes
3621 3429 3688 3484 te,
3725 3437 3876 3489 super

2281 3505 2466 3547 terram
2491 3495 2766 3550 scribentur
2793 3496 2944 3566 (Jer.
2981 3501 3068 3556 i7.
3111 3502 3237 3571 15).
3269 3505 3527 3574 Quodque
3559 3507 3729 3563 David
3754 3527 3873 3580 pro-

2281 3585 2444 3638 mittit
2473 3603 2487 3639 :
2517 3583 2679 3646 Credo
2708 3587 2873 3642 videre
2901 3586 3034 3641 bona
3062 3587 3302 3654 Domini,
3337 3593 3402 3646 ad
3433 3595 3733 3662 spiritalem
3776 3615 3871 3655 nos

2282 3673 2558 3742 perspicue
2599 3675 2761 3729 trahit
2807 3676 3232 3747 intelligentiam.
3265 3680 3395 3746 Quae
3423 3684 3566 3737 enim
3610 3685 3748 3740 bona
3779 3704 3868 3743 res

2279 3761 2380 3815 alia
2411 3763 2730 3832 requirebat,
2760 3773 2851 3818 aut
2871 3780 2977 3835 quo
3000 3766 3287 3836 indigebat,
3318 3770 3408 3839 qui
3436 3780 3598 3826 tantze
3622 3779 3869 3842 potentia:

2282 3851 2394 3916 fuit,
2431 3861 2486 3906 nt
2516 3854 2682 3922 partis
2711 3869 2807 3924 per
2835 3855 2983 3910 illum
3023 3857 3212 3926 opibus
3236 3900 3250 3923 ,
3279 3858 3534 3915 Salomon
3587 3864 3729 3918 ﬁlius
3755 3867 3867 3934 ejus
3918 3926 3921 3930 ,

2281 3944 2300 4015 (
2325 3961 2430 4013 quo
2464 3943 2642 4000 nullus
2672 3946 2722 3999 in
2766 3946 2898 4001 orbe
2940 3957 3200 4002 terrarum
3230 3949 3390 4004 ditior
3418 3949 3512 4004 fuit
3537 3951 3558 4023 )
3585 3965 3867 4012 contentus

2278 4037 2454 4091 esset?
2480 4035 2584 4091 Sed
2630 4037 2680 4091 in
2741 4046 2880 4093 terra
2931 4039 3219 4095 viventium
3268 4041 3405 4096 bona
3454 4043 3538 4098 illa
3569 4049 3865 4114 quaerebat,

2277 4139 2397 4194 qua:
2436 4139 2534 4180 nec
2562 4126 2748 4181 oculos
2769 4126 2932 4194 vidit,
2963 4142 3063 4183 nec
3087 4130 3230 4182 auris
3257 4131 3458 4185 audivit
3479 4173 3496 4194 ,
3526 4149 3625 4187 nec
3680 4136 3730 4188 in
3774 4151 3868 4191 cor

2279 4213 2509 4269 hominis
2533 4216 2910 4283 ascenderunt,
2935 4234 3054 4286 qtae
3084 4223 3400 4288 pra'paravif.
3428 4222 3566 4277 Deus
3590 4225 3862 4294 diligenti-

2280 4303 2378 4358 bus
2398 4319 2476 4359 se.
2505 4304 2657 4371 Quod
2679 4314 2853 4361 autem
2881 4307 2932 4360 in
2962 4307 3252 4378 Evangelia
3279 4311 3471 4366 (Πρίηπ-
3489 4330 3502 4364 ;
3523 4313 3662 4365 Beati
3690 4317 3861 4382 mites,

2277 4397 2515 4464 quoniam
2543 4397 2640 4462 ipsi
2662 4396 2983 4467 possidebunt
3013 4407 3196 4452 terram
3229 4400 3450 4469 (Matth.
3479 4403 3531 4456 5.
3571 4404 3605 4457 ι
3628 4406 3680 4471 );
3707 4404 3861 4474 juxta

2275 4483 2510 4541 litteram
2539 4486 2638 4539 sibi
2661 4485 2869 4541 videtur
2887 4502 3007 4542 esse
3025 4490 3372 4545 contrarimn.
3397 4491 3512 4547 Non
3539 4496 3682 4548 enim
3707 4507 3861 4550 terra:

2277 4577 2547 4646 possessio
2567 4588 2964 4633 mansuetormu
2994 4589 3076 4635 est
3101 4590 3152 4634 et
3179 4583 3402 4645 mitium,
3424 4585 3511 4652 qui
3537 4601 3685 4653 stt-pe
3703 4589 3861 4642 etiam

2275 4681 2306 4718 a
2341 4666 2646 4734 parentibus
2684 4667 2940 4722 derelicta
2985 4670 3210 4738 perdunt
3239 4682 3451 4741 propter
3486 4679 3862 4732 mansuetudi-

2275 4771 2398 4826 nem
2429 4773 2442 4809 :
2470 4755 2566 4811 sed
2613 4757 2847 4812 virorum
2875 4759 3092 4816 fortium
3117 4771 3174 4818 et
3201 4764 3540 4818 violentorum
3561 4803 3574 4828 ,
3607 4766 3701 4833 qui
3730 4780 3864 4824 sunt

2275 4925 2383 4976 mus
2394 4910 2601 4976 Reginae
2619 4913 2726 4976 eod.
2743 4914 2855 4966 215.
2879 4929 2974 4966 non
2986 4917 3159 4976 habet;
3177 4926 3288 4968 sunt
3304 4926 3458 4968 tamen
3478 4932 3542 4966 ex
3560 4919 3861 4976 Hieronymi

2277 4973 2493 5044 ingenio,
2519 4975 2604 5035 qui
2619 4975 3063 5044 _e_t__Pammachium
3179 4979 3433 5044 compellat
3450 4981 3598 5044 epist.
3618 4981 3700 5031 8|.
3727 4973 3861 5034 (ﬁbri;

2274 5034 2920 5097 stiauorum’nobilissimnm,
2947 5047 2998 5087 et
3015 5039 3247 5088 nobilium
3272 5034 3739 5092 christianissimnm.
3759 5045 3861 5095 Nec

2275 5106 2535 5160 moramur,
2572 5097 2713 5160 quoii
2739 5111 2768 5146 e
2806 5101 3046 5160 contrario
3086 5101 3314 5149 Sidonius
3347 5101 3642 5160 Apollinaris
3681 5103 3769 5154 lib.
3809 5108 3855 5154 5.

2273 5154 2498 5228 Epist._
2523 5154 2653 5228 hunc
2687 5158 3344 5228 Dardanumneqnissimum
3378 5154 3629 5212 hominem
3651 5162 3784 5228 facit,
3807 5168 3858 5216 in

2272 5215 2372 5278 quo
2390 5215 2475 5278 alii
2489 5218 2657 5278 omnia
2676 5217 2819 5278 simul
2839 5219 3044 5270 crimina
3063 5215 3426 5270 execrarentur.

2343 5275 2421 5342 (ej,
2446 5277 2564 5326 illud
2587 5277 2792 5342 servient
2831 5293 2994 5342 neque
3014 5280 3246 5342 fontibus
3266 5282 3480 5331 Hebrmo
3503 5288 3556 5332 et
3579 5283 3754 5335 Graeco
3774 5301 3854 5336 re-

2273 5337 2496 5408 spuudet,
2524 5351 2688 5400 neque
2711 5341 2758 5387 in
2784 5337 2936 5389 veteri
2976 5341 3074 5390 nlla
3108 5341 3277 5390 Latina
3302 5345 3530 5392 versione
3560 5349 3852 5399 invenimus.

2273 5398 2384 5446 Vni.
2411 5397 2562 5456 Epist.
2594 5400 2696 5450 i06.
2721 5401 2779 5448 ad
2802 5401 3031 5450 Snnniam
3069 5409 3122 5450 et
3142 5401 3393 5452 Fretelam
3415 5417 3465 5452 ιι.
3499 5403 3582 5453 69.
3621 5405 3771 5456 Forte
3808 5411 3852 5456 in

2320 5412 2384 5446 tu.
2411 5412 2562 5453 must.
2594 5412 2696 5450 tuo.
2721 5412 2779 5448 au
2802 5412 3031 5450 suntnam
3069 5412 3122 5450 el.
3142 5412 3393 5452 r‘retelam
3415 5417 3465 5452 ιι.
3499 5412 3582 5453 69.

2281 5414 2384 5446 για.
2411 5414 2562 5458 διοιδι.
2594 5414 2696 5450 tuo.
2721 5414 2779 5448 au
2802 5414 3031 5450 annonam
3069 5414 3122 5450 et
3142 5414 3393 5452 r‘retelam
3415 5417 3465 5452 ιι.
3499 5414 3582 5453 συ.
3621 5414 3771 5458 Forte
3808 5414 3856 5462 ia

2271 5459 2433 5531 aliqua
2649 5462 2914 5531 esemptari
3075 5467 3182 5531 erat
3195 5475 3486 5531 ὓςιταῇςοντιι
3505 5479 3598 5528 pro
3618 5477 3853 5531 ίιιιτάτῃιν.

2336 5519 2400 5584 (n
2415 5520 2633 5593 Addunt
2654 5519 2839 5570 Erasm.
2867 5529 2926 5593 et
2941 5521 3121 5593 Victor.
3145 5519 3474 5574 benezsicimtts
3502 5519 3719 5586 Domina,
3738 5519 3853 5593 qua

2273 5579 2396 5645 Mss:
2415 5579 2525 5645 libri
2551 5594 2645 5645 non
2668 5590 2951 5645 agnoscunt.
2978 5581 3085 5645 Mox
3110 5596 3276 5645 sumus
3299 5599 3389 5645 pro
3410 5593 3538 5636 sunt.

2334 5642 2406 5703 (g)
2443 5641 2586 5702 Editi,
2613 5650 2664 5694 ct
2685 5641 2874 5706 quidam
2898 5642 3009 5691 Mss.
3033 5641 3352 5695 dormierunt.

3813 249 3938 306 1100
