  <div class='ocr_page' id='page_1' title='image "/cluster/home/n/w/nwhite01/storage/ocr_20150623/22/uva.x000826587/634.png"; bbox 0 0 4026 6186; ppageno 0'>
   <div class='ocr_carea' id='block_1_1' title="bbox 171 360 307 418">
    <p class='ocr_par' dir='ltr' id='par_1_1' title="bbox 171 360 307 418">
     <span class='ocr_line' id='line_1_1' title="bbox 171 360 307 418; baseline 0.007 -1"><span class='ocrx_word' id='word_1_1' title='bbox 171 360 307 418; x_wconf 58' lang='lat' dir='ltr'><strong>ibi)!</strong></span> 
     </span>
    </p>
   </div>
   <div class='ocr_carea' id='block_1_2' title="bbox 174 477 1752 549">
    <p class='ocr_par' dir='ltr' id='par_1_2' title="bbox 174 477 1752 549">
     <span class='ocr_line' id='line_1_2' title="bbox 174 477 1752 549; baseline -0.003 -16"><span class='ocrx_word' id='word_1_2' title='bbox 174 483 243 535; x_wconf 83' lang='lat' dir='ltr'><strong>ad</strong></span> <span class='ocrx_word' id='word_1_3' title='bbox 270 480 410 535; x_wconf 86' lang='lat' dir='ltr'><strong>bella</strong></span> <span class='ocrx_word' id='word_1_4' title='bbox 438 478 837 549; x_wconf 76' lang='lat' dir='ltr'><strong>promptissimi.</strong></span> <span class='ocrx_word' id='word_1_5' title='bbox 868 479 1104 547; x_wconf 83' lang='lat' dir='ltr'><strong>Denique</strong></span> <span class='ocrx_word' id='word_1_6' title='bbox 1133 487 1187 531; x_wconf 86' lang='lat' dir='ltr'><strong>et</strong></span> <span class='ocrx_word' id='word_1_7' title='bbox 1213 478 1263 530; x_wconf 87' lang='lat' dir='ltr'><strong>itt</strong></span> <span class='ocrx_word' id='word_1_8' title='bbox 1295 477 1498 545; x_wconf 79' lang='lat' dir='ltr'><strong>psalmo</strong></span> <span class='ocrx_word' id='word_1_9' title='bbox 1525 477 1752 545; x_wconf 85' lang='lat' dir='ltr'><strong>quadra-</strong></span> 
     </span>
    </p>
   </div>
   <div class='ocr_carea' id='block_1_3' title="bbox 173 567 1751 640">
    <p class='ocr_par' dir='ltr' id='par_1_3' title="bbox 173 567 1751 640">
     <span class='ocr_line' id='line_1_3' title="bbox 173 567 1751 640; baseline -0.001 -18"><span class='ocrx_word' id='word_1_10' title='bbox 173 573 380 638; x_wconf 83' lang='lat' dir='ltr'><strong>gesimo</strong></span> <span class='ocrx_word' id='word_1_11' title='bbox 409 581 612 640; x_wconf 89' lang='lat' dir='ltr'><strong>quarto,</strong></span> <span class='ocrx_word' id='word_1_12' title='bbox 642 571 729 638; x_wconf 86' lang='lat' dir='ltr'><strong>qui</strong></span> <span class='ocrx_word' id='word_1_13' title='bbox 775 571 873 624; x_wconf 89' lang='lat' dir='ltr'><strong>sub</strong></span> <span class='ocrx_word' id='word_1_14' title='bbox 900 572 1111 624; x_wconf 82' lang='lat' dir='ltr'><strong>nomine</strong></span> <span class='ocrx_word' id='word_1_15' title='bbox 1130 568 1429 624; x_wconf 86' lang='lat' dir='ltr'><strong>Salomonis</strong></span> <span class='ocrx_word' id='word_1_16' title='bbox 1458 567 1522 620; x_wconf 90' lang='lat' dir='ltr'><strong>ad</strong></span> <span class='ocrx_word' id='word_1_17' title='bbox 1556 568 1751 620; x_wconf 77' lang='lat' dir='ltr'><strong>Christi</strong></span> 
     </span>
    </p>
   </div>
   <div class='ocr_carea' id='block_1_4' title="bbox 176 659 1749 730">
    <p class='ocr_par' dir='ltr' id='par_1_4' title="bbox 176 659 1749 730">
     <span class='ocr_line' id='line_1_4' title="bbox 176 659 1749 730; baseline -0.003 -15"><span class='ocrx_word' id='word_1_18' title='bbox 176 661 536 730; x_wconf 69' lang='lat' dir='ltr'><strong>Ecclesiteque</strong></span> <span class='ocrx_word' id='word_1_19' title='bbox 562 662 677 727; x_wconf 86' lang='lat' dir='ltr'><strong>ejus</strong></span> <span class='ocrx_word' id='word_1_20' title='bbox 721 674 1112 715; x_wconf 89' lang='lat' dir='ltr'><strong>sacramentum</strong></span> <span class='ocrx_word' id='word_1_21' title='bbox 1152 659 1409 724; x_wconf 75' lang='lat' dir='ltr'><strong>refertur,</strong></span> <span class='ocrx_word' id='word_1_22' title='bbox 1457 660 1749 711; x_wconf 72' lang='lat' dir='ltr'><strong>scribitur:</strong></span> 
     </span>
    </p>
   </div>
   <div class='ocr_carea' id='block_1_5' title="bbox 174 741 1750 822">
    <p class='ocr_par' dir='ltr' id='par_1_5' title="bbox 174 741 1750 822">
     <span class='ocr_line' id='line_1_5' title="bbox 174 741 1750 822; baseline -0.003 -17"><span class='ocrx_word' id='word_1_23' title='bbox 174 753 447 822; x_wconf 77' lang='lat' dir='ltr'><strong>Accingere</strong></span> <span class='ocrx_word' id='word_1_24' title='bbox 481 750 650 819; x_wconf 77' lang='lat' dir='ltr'><strong>gladio</strong></span> <span class='ocrx_word' id='word_1_25' title='bbox 678 760 763 804; x_wconf 85' lang='lat' dir='ltr'><strong>tuo</strong></span> <span class='ocrx_word' id='word_1_26' title='bbox 791 767 943 819; x_wconf 89' lang='lat' dir='ltr'><strong>super</strong></span> <span class='ocrx_word' id='word_1_27' title='bbox 987 751 1152 818; x_wconf 76' lang='lat' dir='ltr'><strong>femur</strong></span> <span class='ocrx_word' id='word_1_28' title='bbox 1189 741 1351 813; x_wconf 77' lang='lat' dir='ltr'><strong>tuum,</strong></span> <span class='ocrx_word' id='word_1_29' title='bbox 1378 749 1750 802; x_wconf 83' lang='lat' dir='ltr'><strong>Potetttissime.</strong></span> 
     </span>
    </p>
   </div>
   <div class='ocr_carea' id='block_1_6' title="bbox 175 840 1754 910">
    <p class='ocr_par' dir='ltr' id='par_1_6' title="bbox 175 840 1754 910">
     <span class='ocr_line' id='line_1_6' title="bbox 175 840 1754 910; baseline -0.003 -15"><span class='ocrx_word' id='word_1_30' title='bbox 175 842 360 910; x_wconf 80' lang='lat' dir='ltr'><strong>Specie</strong></span> <span class='ocrx_word' id='word_1_31' title='bbox 383 849 469 893; x_wconf 83' lang='lat' dir='ltr'><strong>tua</strong></span> <span class='ocrx_word' id='word_1_32' title='bbox 495 849 541 894; x_wconf 89' lang='lat' dir='ltr'><strong>et</strong></span> <span class='ocrx_word' id='word_1_33' title='bbox 567 840 744 894; x_wconf 87' lang='lat' dir='ltr'><strong>decore</strong></span> <span class='ocrx_word' id='word_1_34' title='bbox 777 850 893 905; x_wconf 87' lang='lat' dir='ltr'><strong>tuo,</strong></span> <span class='ocrx_word' id='word_1_35' title='bbox 943 841 1177 901; x_wconf 83' lang='lat' dir='ltr'><strong>intende,</strong></span> <span class='ocrx_word' id='word_1_36' title='bbox 1234 850 1282 892; x_wconf 88' lang='lat' dir='ltr'><strong>et</strong></span> <span class='ocrx_word' id='word_1_37' title='bbox 1325 855 1619 908; x_wconf 78' lang='lat' dir='ltr'><strong>prosperare</strong></span> <span class='ocrx_word' id='word_1_38' title='bbox 1642 880 1657 900; x_wconf 89' lang='lat'><strong>,</strong></span> <span class='ocrx_word' id='word_1_39' title='bbox 1706 847 1754 891; x_wconf 91' lang='lat' dir='ltr'><strong>et</strong></span> 
     </span>
    </p>
   </div>
   <div class='ocr_carea' id='block_1_7' title="bbox 170 929 1750 1000">
    <p class='ocr_par' dir='ltr' id='par_1_7' title="bbox 170 929 1750 1000">
     <span class='ocr_line' id='line_1_7' title="bbox 170 929 1750 1000; baseline -0.001 -19"><span class='ocrx_word' id='word_1_40' title='bbox 170 946 352 999; x_wconf 80' lang='lat' dir='ltr'><strong>regna.</strong></span> <span class='ocrx_word' id='word_1_41' title='bbox 377 929 596 1000; x_wconf 82' lang='lat' dir='ltr'><strong>PrOpter</strong></span> <span class='ocrx_word' id='word_1_42' title='bbox 620 932 1054 983; x_wconf 86' lang='lat' dir='ltr'><strong>mansuetudinem</strong></span> <span class='ocrx_word' id='word_1_43' title='bbox 1077 941 1125 983; x_wconf 88' lang='lat' dir='ltr'><strong>et</strong></span> <span class='ocrx_word' id='word_1_44' title='bbox 1137 931 1391 997; x_wconf 83' lang='lat' dir='ltr'><strong>justitiam</strong></span> <span class='ocrx_word' id='word_1_45' title='bbox 1408 939 1455 982; x_wconf 88' lang='lat' dir='ltr'><strong>et</strong></span> <span class='ocrx_word' id='word_1_46' title='bbox 1477 930 1750 992; x_wconf 85' lang='lat' dir='ltr'><strong>veritatem,</strong></span> 
     </span>
    </p>
   </div>
   <div class='ocr_carea' id='block_1_8' title="bbox 169 1020 1222 1074">
    <p class='ocr_par' dir='ltr' id='par_1_8' title="bbox 169 1020 1222 1074">
     <span class='ocr_line' id='line_1_8' title="bbox 169 1020 1222 1074; baseline 0.002 -3"><span class='ocrx_word' id='word_1_47' title='bbox 169 1030 220 1072; x_wconf 89' lang='lat' dir='ltr'><strong>et</strong></span> <span class='ocrx_word' id='word_1_48' title='bbox 246 1020 457 1071; x_wconf 85' lang='lat' dir='ltr'><strong>deducet</strong></span> <span class='ocrx_word' id='word_1_49' title='bbox 480 1030 527 1072; x_wconf 91' lang='lat' dir='ltr'><strong>te</strong></span> <span class='ocrx_word' id='word_1_50' title='bbox 552 1021 847 1073; x_wconf 87' lang='lat' dir='ltr'><strong>mirabiliter</strong></span> <span class='ocrx_word' id='word_1_51' title='bbox 870 1021 1073 1074; x_wconf 73' lang='lat' dir='ltr'><strong>dextera</strong></span> <span class='ocrx_word' id='word_1_52' title='bbox 1114 1031 1222 1073; x_wconf 90' lang='lat' dir='ltr'><strong>tua.</strong></span> 
     </span>
    </p>
   </div>
   <div class='ocr_carea' id='block_1_9' title="bbox 165 1107 1749 1178">
    <p class='ocr_par' dir='ltr' id='par_1_9' title="bbox 165 1107 1749 1178">
     <span class='ocr_line' id='line_1_9' title="bbox 165 1107 1749 1178; baseline 0 -17"><span class='ocrx_word' id='word_1_53' title='bbox 165 1109 262 1177; x_wconf 85' lang='lat' dir='ltr'><strong>qui</strong></span> <span class='ocrx_word' id='word_1_54' title='bbox 291 1120 344 1162; x_wconf 78' lang='lat' dir='ltr'><strong>et</strong></span> <span class='ocrx_word' id='word_1_55' title='bbox 372 1111 423 1163; x_wconf 93' lang='lat' dir='ltr'><strong>in</strong></span> <span class='ocrx_word' id='word_1_56' title='bbox 452 1110 559 1163; x_wconf 91' lang='lat' dir='ltr'><strong>alio</strong></span> <span class='ocrx_word' id='word_1_57' title='bbox 595 1110 798 1177; x_wconf 81' lang='lat' dir='ltr'><strong>psalmo</strong></span> <span class='ocrx_word' id='word_1_58' title='bbox 840 1111 1185 1178; x_wconf 75' lang='lat' dir='ltr'><strong>loquebatur:</strong></span> <span class='ocrx_word' id='word_1_59' title='bbox 1213 1108 1486 1171; x_wconf 82' lang='lat' dir='ltr'><strong>Memento,</strong></span> <span class='ocrx_word' id='word_1_60' title='bbox 1514 1107 1749 1172; x_wconf 79' lang='lat' dir='ltr'><strong>Domine,</strong></span> 
     </span>
    </p>
   </div>
   <div class='ocr_carea' id='block_1_10' title="bbox 170 1194 1750 1268">
    <p class='ocr_par' dir='ltr' id='par_1_10' title="bbox 170 1194 1750 1268">
     <span class='ocr_line' id='line_1_10' title="bbox 170 1194 1750 1268; baseline 0.001 -21"><span class='ocrx_word' id='word_1_61' title='bbox 170 1196 362 1261; x_wconf 83' lang='lat' dir='ltr'><strong>David,</strong></span> <span class='ocrx_word' id='word_1_62' title='bbox 403 1207 450 1250; x_wconf 89' lang='lat' dir='ltr'><strong>et</strong></span> <span class='ocrx_word' id='word_1_63' title='bbox 501 1199 663 1250; x_wconf 81' lang='lat' dir='ltr'><strong>ontnis</strong></span> <span class='ocrx_word' id='word_1_64' title='bbox 711 1198 1105 1249; x_wconf 82' lang='lat' dir='ltr'><strong>mansuetudinis</strong></span> <span class='ocrx_word' id='word_1_65' title='bbox 1144 1199 1255 1264; x_wconf 97' lang='lat' dir='ltr'><strong>ejus</strong></span> <span class='ocrx_word' id='word_1_66' title='bbox 1299 1195 1483 1268; x_wconf 84' lang='lat' dir='ltr'><strong>(Psal.</strong></span> <span class='ocrx_word' id='word_1_67' title='bbox 1512 1196 1633 1249; x_wconf 79' lang='grc'><strong>151.</strong></span> <span class='ocrx_word' id='word_1_68' title='bbox 1664 1194 1750 1262; x_wconf 91' lang='grc'><strong>1).</strong></span> 
     </span>
    </p>
   </div>
   <div class='ocr_carea' id='block_1_11' title="bbox 169 1284 1750 1353">
    <p class='ocr_par' dir='ltr' id='par_1_11' title="bbox 169 1284 1750 1353">
     <span class='ocr_line' id='line_1_11' title="bbox 169 1284 1750 1353; baseline 0.001 -17"><span class='ocrx_word' id='word_1_69' title='bbox 169 1285 239 1337; x_wconf 74' lang='lat' dir='ltr'><strong>Et</strong></span> <span class='ocrx_word' id='word_1_70' title='bbox 269 1286 459 1338; x_wconf 87' lang='lat' dir='ltr'><strong>iterum</strong></span> <span class='ocrx_word' id='word_1_71' title='bbox 486 1303 500 1338; x_wconf 91' lang='lat'>:</span> <span class='ocrx_word' id='word_1_72' title='bbox 531 1286 803 1340; x_wconf 83' lang='lat' dir='ltr'><strong>Assumens</strong></span> <span class='ocrx_word' id='word_1_73' title='bbox 839 1298 1122 1339; x_wconf 83' lang='lat' dir='ltr'><strong>mansuetos</strong></span> <span class='ocrx_word' id='word_1_74' title='bbox 1147 1285 1394 1339; x_wconf 79' lang='lat' dir='ltr'><strong>Dominus</strong></span> <span class='ocrx_word' id='word_1_75' title='bbox 1419 1285 1439 1353; x_wconf 94' lang='lat'><strong>(</strong></span> <span class='ocrx_word' id='word_1_76' title='bbox 1463 1284 1606 1337; x_wconf 86' lang='lat' dir='ltr'><strong>Psal.</strong></span> <span class='ocrx_word' id='word_1_77' title='bbox 1629 1284 1750 1338; x_wconf 73' lang='grc'><strong>146.</strong></span> 
     </span>
    </p>
   </div>
   <div class='ocr_carea' id='block_1_12' title="bbox 164 1375 1753 1444">
    <p class='ocr_par' dir='ltr' id='par_1_12' title="bbox 164 1375 1753 1444">
     <span class='ocr_line' id='line_1_12' title="bbox 164 1375 1753 1444; baseline -0.001 -16"><span class='ocrx_word' id='word_1_78' title='bbox 164 1375 262 1441; x_wconf 80' lang='lat' dir='ltr'><strong>ti).</strong></span> <span class='ocrx_word' id='word_1_79' title='bbox 318 1377 384 1428; x_wconf 89' lang='lat' dir='ltr'><strong>Et</strong></span> <span class='ocrx_word' id='word_1_80' title='bbox 422 1378 658 1444; x_wconf 77' lang='lat' dir='ltr'><strong>apertius</strong></span> <span class='ocrx_word' id='word_1_81' title='bbox 714 1377 765 1429; x_wconf 93' lang='lat' dir='ltr'><strong>in</strong></span> <span class='ocrx_word' id='word_1_82' title='bbox 814 1377 1101 1444; x_wconf 84' lang='lat' dir='ltr'><strong>Evangelio</strong></span> <span class='ocrx_word' id='word_1_83' title='bbox 1141 1396 1152 1429; x_wconf 94' lang='lat'><strong>:</strong></span> <span class='ocrx_word' id='word_1_84' title='bbox 1188 1375 1376 1428; x_wconf 77' lang='lat' dir='ltr'><strong>Discite</strong></span> <span class='ocrx_word' id='word_1_85' title='bbox 1410 1393 1440 1427; x_wconf 90' lang='lat' dir='ltr'><strong>a</strong></span> <span class='ocrx_word' id='word_1_86' title='bbox 1482 1392 1580 1438; x_wconf 79' lang='lat' dir='ltr'><strong>uie,</strong></span> <span class='ocrx_word' id='word_1_87' title='bbox 1634 1376 1753 1444; x_wconf 83' lang='lat' dir='ltr'><strong>quia</strong></span> 
     </span>
    </p>
   </div>
   <div class='ocr_carea' id='block_1_13' title="bbox 164 1464 1749 1533">
    <p class='ocr_par' dir='ltr' id='par_1_13' title="bbox 164 1464 1749 1533">
     <span class='ocr_line' id='line_1_13' title="bbox 164 1464 1749 1533; baseline 0.002 -18"><span class='ocrx_word' id='word_1_88' title='bbox 164 1467 380 1516; x_wconf 82' lang='lat' dir='ltr'><strong>humilis</strong></span> <span class='ocrx_word' id='word_1_89' title='bbox 432 1483 563 1525; x_wconf 88' lang='lat' dir='ltr'><strong>sum,</strong></span> <span class='ocrx_word' id='word_1_90' title='bbox 605 1475 651 1518; x_wconf 90' lang='lat' dir='ltr'><strong>et</strong></span> <span class='ocrx_word' id='word_1_91' title='bbox 693 1476 980 1518; x_wconf 83' lang='lat' dir='ltr'><strong>mansuetus</strong></span> <span class='ocrx_word' id='word_1_92' title='bbox 1020 1468 1168 1519; x_wconf 86' lang='lat' dir='ltr'><strong>corde</strong></span> <span class='ocrx_word' id='word_1_93' title='bbox 1211 1466 1433 1533; x_wconf 75' lang='lat' dir='ltr'><strong>(Matth.</strong></span> <span class='ocrx_word' id='word_1_94' title='bbox 1482 1466 1567 1518; x_wconf 84' lang='grc'><strong>11.</strong></span> <span class='ocrx_word' id='word_1_95' title='bbox 1621 1465 1691 1518; x_wconf 78' lang='grc'><strong>29</strong></span> 
     </span>
    </p>
   </div>
   <div class='ocr_carea' id='block_1_14' title="bbox 168 1553 1748 1624">
    <p class='ocr_par' dir='ltr' id='par_1_14' title="bbox 168 1553 1748 1624">
     <span class='ocr_line' id='line_1_14' title="bbox 168 1553 1748 1624; baseline 0.001 -19"><span class='ocrx_word' id='word_1_96' title='bbox 168 1555 230 1605; x_wconf 86' lang='lat' dir='ltr'><strong>In</strong></span> <span class='ocrx_word' id='word_1_97' title='bbox 292 1556 445 1618; x_wconf 85' lang='lat' dir='ltr'><strong>cujus</strong></span> <span class='ocrx_word' id='word_1_98' title='bbox 512 1564 691 1622; x_wconf 80' lang='lat' dir='ltr'><strong>typum</strong></span> <span class='ocrx_word' id='word_1_99' title='bbox 756 1563 829 1606; x_wconf 83' lang='lat' dir='ltr'><strong>et&#39;</strong></span> <span class='ocrx_word' id='word_1_100' title='bbox 864 1555 1071 1624; x_wconf 83' lang='lat' dir='ltr'><strong>Moyses</strong></span> <span class='ocrx_word' id='word_1_101' title='bbox 1132 1555 1366 1606; x_wconf 89' lang='lat' dir='ltr'><strong>omnium</strong></span> <span class='ocrx_word' id='word_1_102' title='bbox 1442 1553 1748 1618; x_wconf 85' lang='lat' dir='ltr'><strong>hominum,</strong></span> 
     </span>
    </p>
   </div>
   <div class='ocr_carea' id='block_1_15' title="bbox 166 1645 1753 1711">
    <p class='ocr_par' dir='ltr' id='par_1_15' title="bbox 166 1645 1753 1711">
     <span class='ocr_line' id='line_1_15' title="bbox 166 1645 1753 1711; baseline 0.001 -16"><span class='ocrx_word' id='word_1_103' title='bbox 166 1646 260 1711; x_wconf 80' lang='lat' dir='ltr'><strong>qui</strong></span> <span class='ocrx_word' id='word_1_104' title='bbox 298 1651 467 1700; x_wconf 57' lang='lat' dir='ltr'><strong>ierant</strong></span> <span class='ocrx_word' id='word_1_105' title='bbox 512 1657 672 1711; x_wconf 83' lang='lat' dir='ltr'><strong>super</strong></span> <span class='ocrx_word' id='word_1_106' title='bbox 718 1653 941 1707; x_wconf 88' lang='lat' dir='ltr'><strong>terram,</strong></span> <span class='ocrx_word' id='word_1_107' title='bbox 1004 1645 1458 1698; x_wconf 78' lang='lat' dir='ltr'><strong>mansuetissimus</strong></span> <span class='ocrx_word' id='word_1_108' title='bbox 1503 1645 1753 1699; x_wconf 82' lang='lat' dir='ltr'><strong>scribitur</strong></span> 
     </span>
    </p>
   </div>
   <div class='ocr_carea' id='block_1_16' title="bbox 168 1731 610 1805">
    <p class='ocr_par' dir='ltr' id='par_1_16' title="bbox 168 1731 610 1805">
     <span class='ocr_line' id='line_1_16' title="bbox 168 1731 610 1805; baseline 0 -20"><span class='ocrx_word' id='word_1_109' title='bbox 168 1736 194 1802; x_wconf 94' lang='lat'><strong>(</strong></span> <span class='ocrx_word' id='word_1_110' title='bbox 218 1732 374 1786; x_wconf 81' lang='lat' dir='ltr'><strong>Nam.</strong></span> <span class='ocrx_word' id='word_1_111' title='bbox 416 1734 501 1786; x_wconf 83' lang='grc'><strong>12.</strong></span> <span class='ocrx_word' id='word_1_112' title='bbox 526 1731 610 1805; x_wconf 92' lang='grc'><strong>5).</strong></span> 
     </span>
    </p>
   </div>
   <div class='ocr_carea' id='block_1_17' title="bbox 243 1811 1749 1891">
    <p class='ocr_par' dir='ltr' id='par_1_17' title="bbox 243 1811 1749 1891">
     <span class='ocr_line' id='line_1_17' title="bbox 243 1811 1749 1891; baseline 0.002 -16"><span class='ocrx_word' id='word_1_113' title='bbox 243 1824 300 1876; x_wconf 86' lang='grc'><strong>2.</strong></span> <span class='ocrx_word' id='word_1_114' title='bbox 329 1825 452 1877; x_wconf 72' lang='lat' dir='ltr'><strong>Haec</strong></span> <span class='ocrx_word' id='word_1_115' title='bbox 479 1833 581 1887; x_wconf 90' lang='lat' dir='ltr'><strong>est,</strong></span> <span class='ocrx_word' id='word_1_116' title='bbox 625 1833 683 1878; x_wconf 88' lang='lat' dir='ltr'><strong>ut</strong></span> <span class='ocrx_word' id='word_1_117' title='bbox 720 1824 975 1880; x_wconf 76' lang='lat' dir='ltr'><strong>diximus.</strong></span> <span class='ocrx_word' id='word_1_118' title='bbox 1020 1834 1158 1877; x_wconf 87' lang='lat' dir='ltr'><strong>terra</strong></span> <span class='ocrx_word' id='word_1_119' title='bbox 1204 1811 1509 1889; x_wconf 85' lang='lat' dir='ltr'><strong>viventium,</strong></span> <span class='ocrx_word' id='word_1_120' title='bbox 1562 1825 1613 1878; x_wconf 89' lang='lat' dir='ltr'><strong>in</strong></span> <span class='ocrx_word' id='word_1_121' title='bbox 1648 1840 1749 1891; x_wconf 77' lang='lat' dir='ltr'><strong>qua</strong></span> 
     </span>
    </p>
   </div>
   <div class='ocr_carea' id='block_1_18' title="bbox 165 1914 1750 1983">
    <p class='ocr_par' dir='ltr' id='par_1_18' title="bbox 165 1914 1750 1983">
     <span class='ocr_line' id='line_1_18' title="bbox 165 1914 1750 1983; baseline -0.001 -16"><span class='ocrx_word' id='word_1_122' title='bbox 165 1915 372 1968; x_wconf 89' lang='lat' dir='ltr'><strong>sanctis</strong></span> <span class='ocrx_word' id='word_1_123' title='bbox 400 1914 527 1967; x_wconf 80' lang='lat' dir='ltr'><strong>viris</strong></span> <span class='ocrx_word' id='word_1_124' title='bbox 552 1924 712 1983; x_wconf 88' lang='lat' dir='ltr'><strong>atque</strong></span> <span class='ocrx_word' id='word_1_125' title='bbox 736 1916 1024 1967; x_wconf 75' lang='lat' dir='ltr'><strong>mansuetis</strong></span> <span class='ocrx_word' id='word_1_126' title='bbox 1051 1916 1184 1967; x_wconf 86' lang='lat' dir='ltr'><strong>bona</strong></span> <span class='ocrx_word' id='word_1_127' title='bbox 1215 1914 1417 1967; x_wconf 89' lang='lat' dir='ltr'><strong>Domini</strong></span> <span class='ocrx_word' id='word_1_128' title='bbox 1446 1928 1750 1982; x_wconf 66' lang='lat' dir='ltr'><strong>prmparan-</strong></span> 
     </span>
    </p>
   </div>
   <div class='ocr_carea' id='block_1_19' title="bbox 166 2004 1749 2071">
    <p class='ocr_par' dir='ltr' id='par_1_19' title="bbox 166 2004 1749 2071">
     <span class='ocr_line' id='line_1_19' title="bbox 166 2004 1749 2071; baseline 0.001 -15"><span class='ocrx_word' id='word_1_129' title='bbox 166 2014 257 2057; x_wconf 84' lang='lat' dir='ltr'><strong>tur</strong></span> <span class='ocrx_word' id='word_1_130' title='bbox 294 2022 308 2059; x_wconf 91' lang='lat'><strong>:</strong></span> <span class='ocrx_word' id='word_1_131' title='bbox 337 2020 453 2071; x_wconf 64' lang='lat' dir='ltr'><strong>quae</strong></span> <span class='ocrx_word' id='word_1_132' title='bbox 482 2014 605 2057; x_wconf 84' lang='lat' dir='ltr'><strong>ante</strong></span> <span class='ocrx_word' id='word_1_133' title='bbox 628 2004 915 2057; x_wconf 84' lang='lat' dir='ltr'><strong>adventum</strong></span> <span class='ocrx_word' id='word_1_134' title='bbox 946 2004 994 2056; x_wconf 89' lang='lat' dir='ltr'><strong>in</strong></span> <span class='ocrx_word' id='word_1_135' title='bbox 1018 2020 1177 2058; x_wconf 87' lang='lat' dir='ltr'><strong>carne</strong></span> <span class='ocrx_word' id='word_1_136' title='bbox 1209 2005 1411 2059; x_wconf 86' lang='lat' dir='ltr'><strong>Domini</strong></span> <span class='ocrx_word' id='word_1_137' title='bbox 1435 2004 1749 2071; x_wconf 88' lang='lat' dir='ltr'><strong>Salvatoris,</strong></span> 
     </span>
    </p>
   </div>
   <div class='ocr_carea' id='block_1_20' title="bbox 167 2095 1748 2164">
    <p class='ocr_par' dir='ltr' id='par_1_20' title="bbox 167 2095 1748 2164">
     <span class='ocr_line' id='line_1_20' title="bbox 167 2095 1748 2164; baseline 0.001 -17"><span class='ocrx_word' id='word_1_138' title='bbox 167 2111 274 2149; x_wconf 84' lang='lat' dir='ltr'><strong>nec</strong></span> <span class='ocrx_word' id='word_1_139' title='bbox 314 2096 603 2159; x_wconf 79' lang='lat' dir='ltr'><strong>Abraham,</strong></span> <span class='ocrx_word' id='word_1_140' title='bbox 639 2110 736 2149; x_wconf 87' lang='lat' dir='ltr'><strong>nec</strong></span> <span class='ocrx_word' id='word_1_141' title='bbox 765 2095 929 2160; x_wconf 89' lang='lat' dir='ltr'><strong>lsaac,</strong></span> <span class='ocrx_word' id='word_1_142' title='bbox 963 2111 1059 2149; x_wconf 88' lang='lat' dir='ltr'><strong>nec</strong></span> <span class='ocrx_word' id='word_1_143' title='bbox 1091 2095 1286 2158; x_wconf 85' lang='lat' dir='ltr'><strong>Jacob,</strong></span> <span class='ocrx_word' id='word_1_144' title='bbox 1322 2111 1419 2149; x_wconf 86' lang='lat' dir='ltr'><strong>nec</strong></span> <span class='ocrx_word' id='word_1_145' title='bbox 1448 2095 1748 2164; x_wconf 76' lang='lat' dir='ltr'><strong>Prophetze,</strong></span> 
     </span>
    </p>
   </div>
   <div class='ocr_carea' id='block_1_21' title="bbox 165 2183 1752 2252">
    <p class='ocr_par' dir='ltr' id='par_1_21' title="bbox 165 2183 1752 2252">
     <span class='ocr_line' id='line_1_21' title="bbox 165 2183 1752 2252; baseline 0.002 -16"><span class='ocrx_word' id='word_1_146' title='bbox 165 2195 226 2236; x_wconf 86' lang='lat' dir='ltr'><strong>et</strong></span> <span class='ocrx_word' id='word_1_147' title='bbox 282 2184 371 2236; x_wconf 87' lang='lat' dir='ltr'><strong>alii</strong></span> <span class='ocrx_word' id='word_1_148' title='bbox 410 2183 537 2251; x_wconf 87' lang='lat' dir='ltr'><strong>justi</strong></span> <span class='ocrx_word' id='word_1_149' title='bbox 586 2185 683 2243; x_wconf 61' lang='lat' dir='ltr'><strong>tiri</strong></span> <span class='ocrx_word' id='word_1_150' title='bbox 730 2184 982 2251; x_wconf 76' lang='lat' dir='ltr'><strong>consequi</strong></span> <span class='ocrx_word' id='word_1_151' title='bbox 1036 2194 1339 2251; x_wconf 75' lang='lat' dir='ltr'><strong>patuerunt.</strong></span> <span class='ocrx_word' id='word_1_152' title='bbox 1403 2185 1636 2252; x_wconf 86' lang='lat' dir='ltr'><strong>Denique</strong></span> <span class='ocrx_word' id='word_1_153' title='bbox 1697 2194 1752 2239; x_wconf 91' lang='lat' dir='ltr'><strong>et</strong></span> 
     </span>
    </p>
   </div>
   <div class='ocr_carea' id='block_1_22' title="bbox 165 2272 1752 2337">
    <p class='ocr_par' dir='ltr' id='par_1_22' title="bbox 165 2272 1752 2337">
     <span class='ocr_line' id='line_1_22' title="bbox 165 2272 1752 2337; baseline 0 -12"><span class='ocrx_word' id='word_1_154' title='bbox 165 2272 478 2337; x_wconf 79' lang='lat' dir='ltr'><strong>Abraham,</strong></span> <span class='ocrx_word' id='word_1_155' title='bbox 521 2274 640 2326; x_wconf 89' lang='lat' dir='ltr'><strong>licet</strong></span> <span class='ocrx_word' id='word_1_156' title='bbox 687 2273 913 2325; x_wconf 72' lang='lat' dir='ltr'><strong>diversis</strong></span> <span class='ocrx_word' id='word_1_157' title='bbox 955 2274 1105 2334; x_wconf 80' lang='lat' dir='ltr'><strong>locis,</strong></span> <span class='ocrx_word' id='word_1_158' title='bbox 1142 2288 1261 2326; x_wconf 90' lang='lat' dir='ltr'><strong>cum</strong></span> <span class='ocrx_word' id='word_1_159' title='bbox 1313 2272 1515 2325; x_wconf 82' lang='lat' dir='ltr'><strong>Lazaro</strong></span> <span class='ocrx_word' id='word_1_160' title='bbox 1543 2272 1752 2326; x_wconf 87' lang='lat' dir='ltr'><strong>videtur</strong></span> 
     </span>
    </p>
   </div>
   <div class='ocr_carea' id='block_1_23' title="bbox 163 2359 1746 2429">
    <p class='ocr_par' dir='ltr' id='par_1_23' title="bbox 163 2359 1746 2429">
     <span class='ocr_line' id='line_1_23' title="bbox 163 2359 1746 2429; baseline 0.001 -16"><span class='ocrx_word' id='word_1_161' title='bbox 163 2361 311 2428; x_wconf 84' lang='lat' dir='ltr'><strong>apud</strong></span> <span class='ocrx_word' id='word_1_162' title='bbox 342 2361 540 2414; x_wconf 75' lang='lat' dir='ltr'><strong>inferos</strong></span> <span class='ocrx_word' id='word_1_163' title='bbox 579 2360 741 2425; x_wconf 91' lang='lat' dir='ltr'><strong>(an.</strong></span> <span class='ocrx_word' id='word_1_164' title='bbox 770 2359 876 2429; x_wconf 84' lang='grc'><strong>16)</strong></span> <span class='ocrx_word' id='word_1_165' title='bbox 907 2370 999 2413; x_wconf 88' lang='lat' dir='ltr'><strong>:et</strong></span> <span class='ocrx_word' id='word_1_166' title='bbox 1031 2360 1196 2413; x_wconf 82' lang='lat' dir='ltr'><strong>Jacob</strong></span> <span class='ocrx_word' id='word_1_167' title='bbox 1242 2361 1322 2413; x_wconf 84' lang='lat' dir='ltr'><strong>vir</strong></span> <span class='ocrx_word' id='word_1_168' title='bbox 1358 2361 1531 2429; x_wconf 89' lang='lat' dir='ltr'><strong>justus</strong></span> <span class='ocrx_word' id='word_1_169' title='bbox 1578 2361 1705 2415; x_wconf 88' lang='lat' dir='ltr'><strong>dicit</strong></span> <span class='ocrx_word' id='word_1_170' title='bbox 1732 2379 1746 2415; x_wconf 91' lang='lat'><strong>:</strong></span> 
     </span>
    </p>
   </div>
   <div class='ocr_carea' id='block_1_24' title="bbox 165 2447 1748 2518">
    <p class='ocr_par' dir='ltr' id='par_1_24' title="bbox 165 2447 1748 2518">
     <span class='ocr_line' id='line_1_24' title="bbox 165 2447 1748 2518; baseline 0 -17"><span class='ocrx_word' id='word_1_171' title='bbox 165 2448 374 2518; x_wconf 85' lang='lat' dir='ltr'><strong>Lugens</strong></span> <span class='ocrx_word' id='word_1_172' title='bbox 401 2460 446 2501; x_wconf 89' lang='lat' dir='ltr'><strong>et</strong></span> <span class='ocrx_word' id='word_1_173' title='bbox 480 2466 679 2518; x_wconf 88' lang='lat' dir='ltr'><strong>gemens</strong></span> <span class='ocrx_word' id='word_1_174' title='bbox 708 2449 1005 2500; x_wconf 76' lang='lat' dir='ltr'><strong>descendam</strong></span> <span class='ocrx_word' id='word_1_175' title='bbox 1037 2448 1104 2500; x_wconf 89' lang='lat' dir='ltr'><strong>ad</strong></span> <span class='ocrx_word' id='word_1_176' title='bbox 1154 2447 1421 2517; x_wconf 78' lang='lat' dir='ltr'><strong>lnfernum</strong></span> <span class='ocrx_word' id='word_1_177' title='bbox 1448 2450 1465 2516; x_wconf 96' lang='lat'><strong>(</strong></span> <span class='ocrx_word' id='word_1_178' title='bbox 1492 2448 1621 2502; x_wconf 80' lang='lat' dir='ltr'><strong>Gen.</strong></span> <span class='ocrx_word' id='word_1_179' title='bbox 1658 2450 1748 2503; x_wconf 89' lang='grc'><strong>57.</strong></span> 
     </span>
    </p>
   </div>
   <div class='ocr_carea' id='block_1_25' title="bbox 165 2538 1752 2609">
    <p class='ocr_par' dir='ltr' id='par_1_25' title="bbox 165 2538 1752 2609">
     <span class='ocr_line' id='line_1_25' title="bbox 165 2538 1752 2609; baseline 0 -17"><span class='ocrx_word' id='word_1_180' title='bbox 165 2541 240 2594; x_wconf 82' lang='grc'><strong>55</strong></span> <span class='ocrx_word' id='word_1_181' title='bbox 259 2540 301 2609; x_wconf 93' lang='grc'><strong>).</strong></span> <span class='ocrx_word' id='word_1_182' title='bbox 352 2541 575 2593; x_wconf 61' lang='grc' dir='ltr'><strong>ὃλκουιε</strong></span> <span class='ocrx_word' id='word_1_183' title='bbox 625 2540 879 2601; x_wconf 82' lang='lat' dir='ltr'><strong>Cttttts&#39;rt,</strong></span> <span class='ocrx_word' id='word_1_184' title='bbox 905 2539 1069 2591; x_wconf 82' lang='lat' dir='ltr'><strong>clavis</strong></span> <span class='ocrx_word' id='word_1_185' title='bbox 1110 2538 1336 2605; x_wconf 81' lang='lat' dir='ltr'><strong>paradisi</strong></span> <span class='ocrx_word' id='word_1_186' title='bbox 1383 2548 1498 2602; x_wconf 85' lang='lat' dir='ltr'><strong>est,</strong></span> <span class='ocrx_word' id='word_1_187' title='bbox 1526 2539 1752 2594; x_wconf 86' lang='lat' dir='ltr'><strong>dicentis</strong></span> 
     </span>
    </p>
   </div>
   <div class='ocr_carea' id='block_1_26' title="bbox 165 2628 1747 2699">
    <p class='ocr_par' dir='ltr' id='par_1_26' title="bbox 165 2628 1747 2699">
     <span class='ocr_line' id='line_1_26' title="bbox 165 2628 1747 2699; baseline -0.001 -16"><span class='ocrx_word' id='word_1_188' title='bbox 165 2633 236 2684; x_wconf 85' lang='lat' dir='ltr'><strong>ad</strong></span> <span class='ocrx_word' id='word_1_189' title='bbox 268 2632 523 2685; x_wconf 75' lang='lat' dir='ltr'><strong>latronum</strong></span> <span class='ocrx_word' id='word_1_190' title='bbox 560 2648 579 2681; x_wconf 67' lang='grc' dir='ltr'>ι</span> <span class='ocrx_word' id='word_1_191' title='bbox 606 2630 771 2682; x_wconf 82' lang='lat' dir='ltr'><strong>Hodie</strong></span> <span class='ocrx_word' id='word_1_192' title='bbox 790 2646 985 2683; x_wconf 87' lang='lat' dir='ltr'><strong>mecum</strong></span> <span class='ocrx_word' id='word_1_193' title='bbox 1010 2629 1106 2681; x_wconf 85' lang='lat' dir='ltr'><strong>eris</strong></span> <span class='ocrx_word' id='word_1_194' title='bbox 1134 2630 1184 2681; x_wconf 88' lang='lat' dir='ltr'><strong>in</strong></span> <span class='ocrx_word' id='word_1_195' title='bbox 1212 2629 1450 2697; x_wconf 90' lang='lat' dir='ltr'><strong>paradiso</strong></span> <span class='ocrx_word' id='word_1_196' title='bbox 1476 2628 1634 2699; x_wconf 92' lang='lat' dir='ltr'><strong>(Luc.</strong></span> <span class='ocrx_word' id='word_1_197' title='bbox 1656 2629 1747 2683; x_wconf 89' lang='grc'><strong>25.</strong></span> 
     </span>
    </p>
   </div>
   <div class='ocr_carea' id='block_1_27' title="bbox 165 2722 1751 2789">
    <p class='ocr_par' dir='ltr' id='par_1_27' title="bbox 165 2722 1751 2789">
     <span class='ocr_line' id='line_1_27' title="bbox 165 2722 1751 2789; baseline -0.001 -12"><span class='ocrx_word' id='word_1_198' title='bbox 165 2723 239 2777; x_wconf 78' lang='grc'><strong>42</strong></span> <span class='ocrx_word' id='word_1_199' title='bbox 258 2728 297 2789; x_wconf 91' lang='grc'><strong>).</strong></span> <span class='ocrx_word' id='word_1_200' title='bbox 322 2724 421 2776; x_wconf 90' lang='lat' dir='ltr'><strong>Ista</strong></span> <span class='ocrx_word' id='word_1_201' title='bbox 448 2733 549 2783; x_wconf 89' lang='lat' dir='ltr'><strong>est,</strong></span> <span class='ocrx_word' id='word_1_202' title='bbox 582 2732 638 2776; x_wconf 91' lang='lat' dir='ltr'><strong>ut</strong></span> <span class='ocrx_word' id='word_1_203' title='bbox 665 2723 915 2782; x_wconf 82' lang='lat' dir='ltr'><strong>diximus,</strong></span> <span class='ocrx_word' id='word_1_204' title='bbox 945 2730 1086 2775; x_wconf 86' lang='lat' dir='ltr'><strong>terra</strong></span> <span class='ocrx_word' id='word_1_205' title='bbox 1115 2722 1423 2786; x_wconf 77' lang='lat' dir='ltr'><strong>viventium,</strong></span> <span class='ocrx_word' id='word_1_206' title='bbox 1451 2730 1587 2775; x_wconf 86' lang='lat' dir='ltr'><strong>terra</strong></span> <span class='ocrx_word' id='word_1_207' title='bbox 1617 2722 1751 2775; x_wconf 83' lang='lat' dir='ltr'><strong>divi-</strong></span> 
     </span>
    </p>
   </div>
   <div class='ocr_carea' id='block_1_28' title="bbox 168 2810 1751 2880">
    <p class='ocr_par' dir='ltr' id='par_1_28' title="bbox 168 2810 1751 2880">
     <span class='ocr_line' id='line_1_28' title="bbox 168 2810 1751 2880; baseline 0 -15"><span class='ocrx_word' id='word_1_208' title='bbox 168 2814 364 2865; x_wconf 82' lang='lat' dir='ltr'><strong>tiaram</strong></span> <span class='ocrx_word' id='word_1_209' title='bbox 395 2824 447 2866; x_wconf 89' lang='lat' dir='ltr'><strong>et</strong></span> <span class='ocrx_word' id='word_1_210' title='bbox 476 2814 735 2865; x_wconf 89' lang='lat' dir='ltr'><strong>bonorum</strong></span> <span class='ocrx_word' id='word_1_211' title='bbox 773 2812 862 2864; x_wconf 86' lang='lat' dir='ltr'><strong>Dei</strong></span> <span class='ocrx_word' id='word_1_212' title='bbox 890 2811 989 2880; x_wconf 86' lang='grc' dir='ltr'><strong>(α).</strong></span> <span class='ocrx_word' id='word_1_213' title='bbox 1017 2826 1173 2878; x_wconf 87' lang='lat' dir='ltr'><strong>quam</strong></span> <span class='ocrx_word' id='word_1_214' title='bbox 1200 2811 1405 2880; x_wconf 88' lang='lat' dir='ltr'><strong>primus</strong></span> <span class='ocrx_word' id='word_1_215' title='bbox 1433 2810 1598 2863; x_wconf 86' lang='lat' dir='ltr'><strong>Adam</strong></span> <span class='ocrx_word' id='word_1_216' title='bbox 1627 2826 1751 2879; x_wconf 86' lang='lat' dir='ltr'><strong>per-</strong></span> 
     </span>
    </p>
   </div>
   <div class='ocr_carea' id='block_1_29' title="bbox 165 2900 1750 2970">
    <p class='ocr_par' dir='ltr' id='par_1_29' title="bbox 165 2900 1750 2970">
     <span class='ocr_line' id='line_1_29' title="bbox 165 2900 1750 2970; baseline 0.002 -19"><span class='ocrx_word' id='word_1_217' title='bbox 165 2900 327 2964; x_wconf 86' lang='lat' dir='ltr'><strong>didit,</strong></span> <span class='ocrx_word' id='word_1_218' title='bbox 358 2909 411 2954; x_wconf 91' lang='lat' dir='ltr'><strong>et</strong></span> <span class='ocrx_word' id='word_1_219' title='bbox 436 2901 700 2954; x_wconf 90' lang='lat' dir='ltr'><strong>secundus</strong></span> <span class='ocrx_word' id='word_1_220' title='bbox 736 2902 903 2954; x_wconf 81' lang='lat' dir='ltr'><strong>Adam</strong></span> <span class='ocrx_word' id='word_1_221' title='bbox 936 2900 1135 2953; x_wconf 85' lang='lat' dir='ltr'><strong>invenit</strong></span> <span class='ocrx_word' id='word_1_222' title='bbox 1166 2916 1179 2952; x_wconf 90' lang='lat'>:</span> <span class='ocrx_word' id='word_1_223' title='bbox 1210 2900 1316 2953; x_wconf 89' lang='lat' dir='ltr'><strong>imo</strong></span> <span class='ocrx_word' id='word_1_224' title='bbox 1344 2902 1411 2953; x_wconf 83' lang='lat' dir='ltr'><strong>ab</strong></span> <span class='ocrx_word' id='word_1_225' title='bbox 1441 2900 1529 2953; x_wconf 90' lang='lat' dir='ltr'><strong>illo</strong></span> <span class='ocrx_word' id='word_1_226' title='bbox 1575 2901 1750 2970; x_wconf 88' lang='lat' dir='ltr'><strong>pcrdi-</strong></span> 
     </span>
    </p>
   </div>
   <div class='ocr_carea' id='block_1_30' title="bbox 170 2990 1748 3060">
    <p class='ocr_par' dir='ltr' id='par_1_30' title="bbox 170 2990 1748 3060">
     <span class='ocr_line' id='line_1_30' title="bbox 170 2990 1748 3060; baseline 0.002 -18"><span class='ocrx_word' id='word_1_227' title='bbox 170 3002 279 3043; x_wconf 91' lang='lat' dir='ltr'><strong>tam</strong></span> <span class='ocrx_word' id='word_1_228' title='bbox 308 2991 406 3043; x_wconf 90' lang='lat' dir='ltr'><strong>iste</strong></span> <span class='ocrx_word' id='word_1_229' title='bbox 438 2990 913 3053; x_wconf 88' lang='lat' dir='ltr'><strong>restitnit,dicente</strong></span> <span class='ocrx_word' id='word_1_230' title='bbox 940 2992 1195 3056; x_wconf 78' lang='lat' dir='ltr'><strong>Apostolo</strong></span> <span class='ocrx_word' id='word_1_231' title='bbox 1225 3007 1239 3045; x_wconf 92' lang='lat'>:</span> <span class='ocrx_word' id='word_1_232' title='bbox 1275 2992 1515 3060; x_wconf 81' lang='lat' dir='ltr'><strong>Regnavit</strong></span> <span class='ocrx_word' id='word_1_233' title='bbox 1537 3008 1668 3045; x_wconf 86' lang='lat' dir='ltr'><strong>mors</strong></span> <span class='ocrx_word' id='word_1_234' title='bbox 1688 2993 1748 3045; x_wconf 88' lang='lat' dir='ltr'><strong>ab</strong></span> 
     </span>
    </p>
   </div>
   <div class='ocr_carea' id='block_1_31' title="bbox 167 3082 1746 3152">
    <p class='ocr_par' dir='ltr' id='par_1_31' title="bbox 167 3082 1746 3152">
     <span class='ocr_line' id='line_1_31' title="bbox 167 3082 1746 3152; baseline 0.003 -20"><span class='ocrx_word' id='word_1_235' title='bbox 167 3082 337 3133; x_wconf 79' lang='lat' dir='ltr'><strong>Adam</strong></span> <span class='ocrx_word' id='word_1_236' title='bbox 366 3098 523 3150; x_wconf 80' lang='lat' dir='ltr'><strong>usque</strong></span> <span class='ocrx_word' id='word_1_237' title='bbox 547 3084 613 3135; x_wconf 88' lang='lat' dir='ltr'><strong>ad</strong></span> <span class='ocrx_word' id='word_1_238' title='bbox 646 3082 855 3152; x_wconf 80' lang='lat' dir='ltr'><strong>Moysen</strong></span> <span class='ocrx_word' id='word_1_239' title='bbox 884 3085 1018 3151; x_wconf 90' lang='lat' dir='ltr'><strong>(sub</strong></span> <span class='ocrx_word' id='word_1_240' title='bbox 1046 3083 1197 3150; x_wconf 87' lang='lat' dir='ltr'><strong>cujus</strong></span> <span class='ocrx_word' id='word_1_241' title='bbox 1227 3098 1451 3151; x_wconf 85' lang='lat' dir='ltr'><strong>persona</strong></span> <span class='ocrx_word' id='word_1_242' title='bbox 1480 3084 1562 3138; x_wconf 80' lang='lat' dir='ltr'><strong>lex</strong></span> <span class='ocrx_word' id='word_1_243' title='bbox 1592 3084 1746 3137; x_wconf 79' lang='lat' dir='ltr'><strong>intel-</strong></span> 
     </span>
    </p>
   </div>
   <div class='ocr_carea' id='block_1_32' title="bbox 166 3171 1750 3241">
    <p class='ocr_par' dir='ltr' id='par_1_32' title="bbox 166 3171 1750 3241">
     <span class='ocr_line' id='line_1_32' title="bbox 166 3171 1750 3241; baseline 0.002 -18"><span class='ocrx_word' id='word_1_244' title='bbox 166 3171 388 3238; x_wconf 88' lang='lat' dir='ltr'><strong>ligitur)</strong></span> <span class='ocrx_word' id='word_1_245' title='bbox 415 3172 465 3223; x_wconf 89' lang='lat' dir='ltr'><strong>in</strong></span> <span class='ocrx_word' id='word_1_246' title='bbox 491 3171 867 3224; x_wconf 77' lang='lat' dir='ltr'><strong>similitudinem</strong></span> <span class='ocrx_word' id='word_1_247' title='bbox 896 3173 1323 3238; x_wconf 64' lang='lat' dir='ltr'><strong>praevaricationis</strong></span> <span class='ocrx_word' id='word_1_248' title='bbox 1354 3173 1535 3234; x_wconf 80' lang='lat' dir='ltr'><strong>Adam,</strong></span> <span class='ocrx_word' id='word_1_249' title='bbox 1564 3175 1648 3241; x_wconf 83' lang='lat' dir='ltr'><strong>qui</strong></span> <span class='ocrx_word' id='word_1_250' title='bbox 1678 3181 1750 3226; x_wconf 86' lang='lat' dir='ltr'><strong>est</strong></span> 
     </span>
    </p>
   </div>
   <div class='ocr_carea' id='block_1_33' title="bbox 166 3258 1747 3331">
    <p class='ocr_par' dir='ltr' id='par_1_33' title="bbox 166 3258 1747 3331">
     <span class='ocr_line' id='line_1_33' title="bbox 166 3258 1747 3331; baseline 0.003 -20"><span class='ocrx_word' id='word_1_251' title='bbox 166 3260 335 3325; x_wconf 80' lang='lat' dir='ltr'><strong>[arma</strong></span> <span class='ocrx_word' id='word_1_252' title='bbox 370 3260 527 3328; x_wconf 79' lang='lat' dir='ltr'><strong>futuri</strong></span> <span class='ocrx_word' id='word_1_253' title='bbox 563 3258 751 3330; x_wconf 83' lang='lat' dir='ltr'><strong>(Rom.</strong></span> <span class='ocrx_word' id='word_1_254' title='bbox 779 3261 831 3314; x_wconf 84' lang='lat'><strong>5.</strong></span> <span class='ocrx_word' id='word_1_255' title='bbox 864 3262 989 3331; x_wconf 76' lang='grc' dir='ltr'><strong>Μ).</strong></span> <span class='ocrx_word' id='word_1_256' title='bbox 1037 3260 1296 3314; x_wconf 76' lang='lat' dir='ltr'><strong>Volumus</strong></span> <span class='ocrx_word' id='word_1_257' title='bbox 1343 3263 1482 3315; x_wconf 88' lang='lat' dir='ltr'><strong>scire</strong></span> <span class='ocrx_word' id='word_1_258' title='bbox 1527 3263 1747 3315; x_wconf 78' lang='lat' dir='ltr'><strong>manife-</strong></span> 
     </span>
    </p>
   </div>
   <div class='ocr_carea' id='block_1_34' title="bbox 166 3348 1750 3418">
    <p class='ocr_par' dir='ltr' id='par_1_34' title="bbox 166 3348 1750 3418">
     <span class='ocr_line' id='line_1_34' title="bbox 166 3348 1750 3418; baseline 0.003 -19"><span class='ocrx_word' id='word_1_259' title='bbox 166 3349 324 3409; x_wconf 86' lang='lat' dir='ltr'><strong>stius,</strong></span> <span class='ocrx_word' id='word_1_260' title='bbox 354 3362 473 3415; x_wconf 62' lang='lat' dir='ltr'><strong>quae</strong></span> <span class='ocrx_word' id='word_1_261' title='bbox 494 3350 563 3400; x_wconf 90' lang='lat' dir='ltr'><strong>sit</strong></span> <span class='ocrx_word' id='word_1_262' title='bbox 588 3348 702 3402; x_wconf 58' lang='lat' dir='ltr'><strong>ba&#39;c</strong></span> <span class='ocrx_word' id='word_1_263' title='bbox 723 3359 882 3412; x_wconf 89' lang='lat' dir='ltr'><strong>terra,</strong></span> <span class='ocrx_word' id='word_1_264' title='bbox 908 3350 1142 3418; x_wconf 83' lang='lat' dir='ltr'><strong>legamus</strong></span> <span class='ocrx_word' id='word_1_265' title='bbox 1169 3350 1220 3402; x_wconf 92' lang='lat' dir='ltr'><strong>in</strong></span> <span class='ocrx_word' id='word_1_266' title='bbox 1243 3349 1496 3403; x_wconf 83' lang='lat' dir='ltr'><strong>Malacltia</strong></span> <span class='ocrx_word' id='word_1_267' title='bbox 1525 3368 1537 3403; x_wconf 91' lang='lat'><strong>:</strong></span> <span class='ocrx_word' id='word_1_268' title='bbox 1570 3349 1750 3403; x_wconf 81' lang='lat' dir='ltr'><strong>Beatos</strong></span> 
     </span>
    </p>
   </div>
   <div class='ocr_carea' id='block_1_35' title="bbox 166 3437 1749 3511">
    <p class='ocr_par' dir='ltr' id='par_1_35' title="bbox 166 3437 1749 3511">
     <span class='ocr_line' id='line_1_35' title="bbox 166 3437 1749 3511; baseline 0.002 -22"><span class='ocrx_word' id='word_1_269' title='bbox 166 3454 257 3490; x_wconf 80' lang='lat' dir='ltr'><strong>vos</strong></span> <span class='ocrx_word' id='word_1_270' title='bbox 283 3437 446 3490; x_wconf 82' lang='lat' dir='ltr'><strong>dicent</strong></span> <span class='ocrx_word' id='word_1_271' title='bbox 468 3454 658 3502; x_wconf 86' lang='lat' dir='ltr'><strong>omnes,</strong></span> <span class='ocrx_word' id='word_1_272' title='bbox 686 3439 807 3490; x_wconf 84' lang='lat' dir='ltr'><strong>dicit</strong></span> <span class='ocrx_word' id='word_1_273' title='bbox 839 3439 1083 3492; x_wconf 84' lang='lat' dir='ltr'><strong>Dominus</strong></span> <span class='ocrx_word' id='word_1_274' title='bbox 1110 3456 1129 3493; x_wconf 90' lang='lat'><strong><em>:</em></strong></span> <span class='ocrx_word' id='word_1_275' title='bbox 1154 3440 1389 3509; x_wconf 84' lang='lat' dir='ltr'><strong>quoniam</strong></span> <span class='ocrx_word' id='word_1_276' title='bbox 1409 3441 1549 3493; x_wconf 85' lang='lat' dir='ltr'><strong>eritis</strong></span> <span class='ocrx_word' id='word_1_277' title='bbox 1567 3458 1650 3493; x_wconf 86' lang='lat' dir='ltr'><strong>vos</strong></span> <span class='ocrx_word' id='word_1_278' title='bbox 1676 3440 1749 3511; x_wconf 93' lang='lat' dir='ltr'><strong>(b)</strong></span> 
     </span>
    </p>
   </div>
   <div class='ocr_carea' id='block_1_36' title="bbox 167 3514 1747 3600">
    <p class='ocr_par' dir='ltr' id='par_1_36' title="bbox 167 3514 1747 3600">
     <span class='ocr_line' id='line_1_36' title="bbox 167 3514 1747 3600; baseline 0.003 -23"><span class='ocrx_word' id='word_1_279' title='bbox 167 3527 223 3577; x_wconf 87' lang='lat' dir='ltr'><strong>in</strong></span> <span class='ocrx_word' id='word_1_280' title='bbox 253 3535 386 3578; x_wconf 88' lang='lat' dir='ltr'><strong>terra</strong></span> <span class='ocrx_word' id='word_1_281' title='bbox 412 3527 695 3579; x_wconf 77' lang='lat' dir='ltr'><strong>voluntaria</strong></span> <span class='ocrx_word' id='word_1_282' title='bbox 738 3526 999 3596; x_wconf 76' lang='lat' dir='ltr'><strong>(Malach.</strong></span> <span class='ocrx_word' id='word_1_283' title='bbox 1033 3529 1088 3583; x_wconf 89' lang='grc'><strong>5.</strong></span> <span class='ocrx_word' id='word_1_284' title='bbox 1135 3529 1231 3596; x_wconf 86' lang='grc'><strong>12)</strong></span> <span class='ocrx_word' id='word_1_285' title='bbox 1256 3514 1362 3600; x_wconf 64' lang='lat' dir='ltr'><strong>(al.</strong></span> <span class='ocrx_word' id='word_1_286' title='bbox 1395 3528 1747 3599; x_wconf 69' lang='lat' dir='ltr'><strong>voluptaria],</strong></span> 
     </span>
    </p>
   </div>
   <div class='ocr_carea' id='block_1_37' title="bbox 167 3615 1750 3688">
    <p class='ocr_par' dir='ltr' id='par_1_37' title="bbox 167 3615 1750 3688">
     <span class='ocr_line' id='line_1_37' title="bbox 167 3615 1750 3688; baseline 0.006 -24"><span class='ocrx_word' id='word_1_287' title='bbox 167 3629 291 3682; x_wconf 76' lang='lat' dir='ltr'><strong>qua:</strong></span> <span class='ocrx_word' id='word_1_288' title='bbox 311 3615 691 3683; x_wconf 82' lang='lat' dir='ltr'><strong>signiﬁcantius</strong></span> <span class='ocrx_word' id='word_1_289' title='bbox 717 3616 901 3670; x_wconf 75' lang='lat' dir='ltr'><strong>Grznce</strong></span> <span class='ocrx_word' id='word_1_290' title='bbox 930 3618 1225 3687; x_wconf 87' lang='lat' dir='ltr'><strong>appellatur</strong></span> <span class='ocrx_word' id='word_1_291' title='bbox 1253 3628 1447 3683; x_wconf 73' lang='grc' dir='ltr'><strong>θελητὴ,</strong></span> <span class='ocrx_word' id='word_1_292' title='bbox 1478 3636 1637 3688; x_wconf 83' lang='lat' dir='ltr'><strong>quam</strong></span> <span class='ocrx_word' id='word_1_293' title='bbox 1669 3620 1750 3674; x_wconf 74' lang='lat' dir='ltr'><strong>vel</strong></span> 
     </span>
    </p>
   </div>
   <div class='ocr_carea' id='block_1_38' title="bbox 166 3704 1753 3780">
    <p class='ocr_par' dir='ltr' id='par_1_38' title="bbox 166 3704 1753 3780">
     <span class='ocr_line' id='line_1_38' title="bbox 166 3704 1753 3780; baseline 0.005 -22"><span class='ocrx_word' id='word_1_294' title='bbox 166 3704 352 3758; x_wconf 82' lang='lat' dir='ltr'><strong>Sancti</strong></span> <span class='ocrx_word' id='word_1_295' title='bbox 384 3706 707 3770; x_wconf 70' lang='lat' dir='ltr'><strong>desiderant,</strong></span> <span class='ocrx_word' id='word_1_296' title='bbox 740 3709 818 3760; x_wconf 86' lang='lat' dir='ltr'><strong>vel</strong></span> <span class='ocrx_word' id='word_1_297' title='bbox 846 3725 965 3777; x_wconf 72' lang='lat' dir='ltr'><strong>qua:</strong></span> <span class='ocrx_word' id='word_1_298' title='bbox 991 3711 1193 3779; x_wconf 88' lang='lat' dir='ltr'><strong>placeat</strong></span> <span class='ocrx_word' id='word_1_299' title='bbox 1242 3711 1368 3765; x_wconf 88' lang='lat' dir='ltr'><strong>Deo.</strong></span> <span class='ocrx_word' id='word_1_300' title='bbox 1428 3711 1590 3764; x_wconf 84' lang='lat' dir='ltr'><strong>Isaias</strong></span> <span class='ocrx_word' id='word_1_301' title='bbox 1617 3727 1753 3780; x_wconf 86' lang='lat' dir='ltr'><strong>quo-</strong></span> 
     </span>
    </p>
   </div>
   <div class='ocr_carea' id='block_1_39' title="bbox 167 3794 1751 3861">
    <p class='ocr_par' dir='ltr' id='par_1_39' title="bbox 167 3794 1751 3861">
     <span class='ocr_line' id='line_1_39' title="bbox 167 3794 1751 3861; baseline 0.007 -16"><span class='ocrx_word' id='word_1_302' title='bbox 167 3809 277 3861; x_wconf 85' lang='lat' dir='ltr'><strong>que</strong></span> <span class='ocrx_word' id='word_1_303' title='bbox 311 3794 360 3846; x_wconf 91' lang='lat' dir='ltr'><strong>in</strong></span> <span class='ocrx_word' id='word_1_304' title='bbox 390 3794 501 3849; x_wconf 68' lang='lat' dir='ltr'><strong>hmc</strong></span> <span class='ocrx_word' id='word_1_305' title='bbox 530 3797 687 3849; x_wconf 85' lang='lat' dir='ltr'><strong>verba</strong></span> <span class='ocrx_word' id='word_1_306' title='bbox 724 3800 1019 3861; x_wconf 72' lang='lat' dir='ltr'><strong>consentit,</strong></span> <span class='ocrx_word' id='word_1_307' title='bbox 1046 3800 1229 3854; x_wconf 87' lang='lat' dir='ltr'><strong>dicens</strong></span> <span class='ocrx_word' id='word_1_308' title='bbox 1258 3818 1270 3852; x_wconf 90' lang='lat'><strong>:</strong></span> <span class='ocrx_word' id='word_1_309' title='bbox 1302 3800 1369 3852; x_wconf 75' lang='lat' dir='ltr'><strong>Et</strong></span> <span class='ocrx_word' id='word_1_310' title='bbox 1411 3802 1504 3854; x_wconf 88' lang='lat' dir='ltr'><strong>erit</strong></span> <span class='ocrx_word' id='word_1_311' title='bbox 1533 3802 1607 3854; x_wconf 84' lang='lat' dir='ltr'><strong>vir</strong></span> <span class='ocrx_word' id='word_1_312' title='bbox 1635 3802 1751 3856; x_wconf 82' lang='lat' dir='ltr'><strong>abs-</strong></span> 
     </span>
    </p>
   </div>
   <div class='ocr_carea' id='block_1_40' title="bbox 166 3884 1752 3956">
    <p class='ocr_par' dir='ltr' id='par_1_40' title="bbox 166 3884 1752 3956">
     <span class='ocr_line' id='line_1_40' title="bbox 166 3884 1752 3956; baseline 0.005 -21"><span class='ocrx_word' id='word_1_313' title='bbox 166 3884 391 3937; x_wconf 86' lang='lat' dir='ltr'><strong>condens</strong></span> <span class='ocrx_word' id='word_1_314' title='bbox 430 3901 681 3939; x_wconf 83' lang='lat' dir='ltr'><strong>sermones</strong></span> <span class='ocrx_word' id='word_1_315' title='bbox 709 3902 847 3951; x_wconf 89' lang='lat' dir='ltr'><strong>suos,</strong></span> <span class='ocrx_word' id='word_1_316' title='bbox 871 3897 913 3938; x_wconf 86' lang='lat' dir='ltr'><strong>et</strong></span> <span class='ocrx_word' id='word_1_317' title='bbox 935 3890 1195 3956; x_wconf 81' lang='lat' dir='ltr'><strong>apparebit</strong></span> <span class='ocrx_word' id='word_1_318' title='bbox 1228 3890 1279 3941; x_wconf 89' lang='lat' dir='ltr'><strong>in</strong></span> <span class='ocrx_word' id='word_1_319' title='bbox 1301 3899 1434 3942; x_wconf 81' lang='lat' dir='ltr'><strong>terra</strong></span> <span class='ocrx_word' id='word_1_320' title='bbox 1461 3890 1609 3950; x_wconf 89' lang='lat' dir='ltr'><strong>Sion,</strong></span> <span class='ocrx_word' id='word_1_321' title='bbox 1626 3893 1752 3943; x_wconf 87' lang='lat' dir='ltr'><strong>sicut</strong></span> 
     </span>
    </p>
   </div>
   <div class='ocr_carea' id='block_1_41' title="bbox 166 3976 1750 4052">
    <p class='ocr_par' dir='ltr' id='par_1_41' title="bbox 166 3976 1750 4052">
     <span class='ocr_line' id='line_1_41' title="bbox 166 3976 1750 4052; baseline 0.004 -25"><span class='ocrx_word' id='word_1_322' title='bbox 166 3976 355 4043; x_wconf 76' lang='lat' dir='ltr'><strong>ﬂuvius</strong></span> <span class='ocrx_word' id='word_1_323' title='bbox 375 3978 622 4046; x_wconf 83' lang='lat' dir='ltr'><strong>gloriosus</strong></span> <span class='ocrx_word' id='word_1_324' title='bbox 638 3980 689 4029; x_wconf 89' lang='lat' dir='ltr'><strong>in</strong></span> <span class='ocrx_word' id='word_1_325' title='bbox 712 3988 842 4030; x_wconf 85' lang='lat' dir='ltr'><strong>terra</strong></span> <span class='ocrx_word' id='word_1_326' title='bbox 858 3979 1043 4031; x_wconf 85' lang='lat' dir='ltr'><strong>sitienti</strong></span> <span class='ocrx_word' id='word_1_327' title='bbox 1075 3979 1225 4049; x_wconf 88' lang='lat' dir='ltr'><strong>(lsai.</strong></span> <span class='ocrx_word' id='word_1_328' title='bbox 1249 3979 1337 4034; x_wconf 89' lang='grc'><strong>52.</strong></span> <span class='ocrx_word' id='word_1_329' title='bbox 1356 3979 1412 4033; x_wconf 86' lang='grc'><strong>2.</strong></span> <span class='ocrx_word' id='word_1_330' title='bbox 1435 3997 1532 4033; x_wconf 87' lang='lat' dir='ltr'><strong>sec.</strong></span> <span class='ocrx_word' id='word_1_331' title='bbox 1555 3980 1649 4033; x_wconf 82' lang='lat' dir='ltr'><strong><em>LX</em></strong></span> <span class='ocrx_word' id='word_1_332' title='bbox 1654 3981 1750 4052; x_wconf 64' lang='grc' dir='ltr'><strong>Χ).</strong></span> 
     </span>
    </p>
   </div>
   <div class='ocr_carea' id='block_1_42' title="bbox 167 4066 1754 4136">
    <p class='ocr_par' dir='ltr' id='par_1_42' title="bbox 167 4066 1754 4136">
     <span class='ocr_line' id='line_1_42' title="bbox 167 4066 1754 4136; baseline 0.003 -17"><span class='ocrx_word' id='word_1_333' title='bbox 167 4066 301 4132; x_wconf 71' lang='lat' dir='ltr'><strong>Qua:</strong></span> <span class='ocrx_word' id='word_1_334' title='bbox 321 4077 403 4119; x_wconf 80' lang='lat' dir='ltr'><strong>est</strong></span> <span class='ocrx_word' id='word_1_335' title='bbox 429 4075 569 4118; x_wconf 63' lang='lat' dir='ltr'><strong>terra</strong></span> <span class='ocrx_word' id='word_1_336' title='bbox 583 4067 732 4129; x_wconf 87' lang='lat' dir='ltr'><strong>Sion,</strong></span> <span class='ocrx_word' id='word_1_337' title='bbox 756 4069 806 4119; x_wconf 94' lang='lat' dir='ltr'><strong>in</strong></span> <span class='ocrx_word' id='word_1_338' title='bbox 828 4083 929 4134; x_wconf 91' lang='lat' dir='ltr'><strong>qua</strong></span> <span class='ocrx_word' id='word_1_339' title='bbox 948 4069 1222 4135; x_wconf 86' lang='lat' dir='ltr'><strong>apparebit</strong></span> <span class='ocrx_word' id='word_1_340' title='bbox 1246 4068 1438 4122; x_wconf 82' lang='lat' dir='ltr'><strong>ﬂuvius</strong></span> <span class='ocrx_word' id='word_1_341' title='bbox 1454 4071 1754 4136; x_wconf 75' lang='lat' dir='ltr'><strong>gloriosus?</strong></span> 
     </span>
    </p>
   </div>
   <div class='ocr_carea' id='block_1_43' title="bbox 168 4155 1769 4229">
    <p class='ocr_par' dir='ltr' id='par_1_43' title="bbox 168 4155 1769 4229">
     <span class='ocr_line' id='line_1_43' title="bbox 168 4155 1769 4229; baseline 0.004 -21"><span class='ocrx_word' id='word_1_342' title='bbox 168 4157 259 4208; x_wconf 79' lang='lat' dir='ltr'><strong>illa</strong></span> <span class='ocrx_word' id='word_1_343' title='bbox 289 4155 557 4217; x_wconf 87' lang='lat' dir='ltr'><strong>videlicet,</strong></span> <span class='ocrx_word' id='word_1_344' title='bbox 595 4156 661 4209; x_wconf 92' lang='lat' dir='ltr'><strong>de</strong></span> <span class='ocrx_word' id='word_1_345' title='bbox 688 4172 791 4226; x_wconf 90' lang='lat' dir='ltr'><strong>qua</strong></span> <span class='ocrx_word' id='word_1_346' title='bbox 825 4158 961 4210; x_wconf 87' lang='lat' dir='ltr'><strong>idem</strong></span> <span class='ocrx_word' id='word_1_347' title='bbox 1002 4158 1168 4210; x_wconf 83' lang='lat' dir='ltr'><strong>David</strong></span> <span class='ocrx_word' id='word_1_348' title='bbox 1199 4160 1248 4211; x_wconf 90' lang='lat' dir='ltr'><strong>itt</strong></span> <span class='ocrx_word' id='word_1_349' title='bbox 1281 4160 1385 4212; x_wconf 88' lang='lat' dir='ltr'><strong>alio</strong></span> <span class='ocrx_word' id='word_1_350' title='bbox 1429 4162 1635 4229; x_wconf 86' lang='lat' dir='ltr'><strong>psalmo</strong></span> <span class='ocrx_word' id='word_1_351' title='bbox 1660 4177 1769 4222; x_wconf 59' lang='grc' dir='ltr'><strong>οπο,</strong></span> 
     </span>
    </p>
   </div>
   <div class='ocr_carea' id='block_1_44' title="bbox 169 4244 1750 4310">
    <p class='ocr_par' dir='ltr' id='par_1_44' title="bbox 169 4244 1750 4310">
     <span class='ocr_line' id='line_1_44' title="bbox 169 4244 1750 4310; baseline 0.006 -11"><span class='ocrx_word' id='word_1_352' title='bbox 169 4248 250 4299; x_wconf 87' lang='lat' dir='ltr'><strong>nit</strong></span> <span class='ocrx_word' id='word_1_353' title='bbox 282 4263 294 4297; x_wconf 88' lang='lat'><strong>:</strong></span> <span class='ocrx_word' id='word_1_354' title='bbox 327 4244 560 4299; x_wconf 77' lang='lat' dir='ltr'><strong>Gloriosa</strong></span> <span class='ocrx_word' id='word_1_355' title='bbox 589 4247 725 4300; x_wconf 86' lang='lat' dir='ltr'><strong>dicta</strong></span> <span class='ocrx_word' id='word_1_356' title='bbox 751 4258 866 4300; x_wconf 87' lang='lat' dir='ltr'><strong>sunt</strong></span> <span class='ocrx_word' id='word_1_357' title='bbox 896 4249 959 4300; x_wconf 89' lang='lat' dir='ltr'><strong>de</strong></span> <span class='ocrx_word' id='word_1_358' title='bbox 988 4260 1051 4310; x_wconf 88' lang='lat' dir='ltr'><strong>te,</strong></span> <span class='ocrx_word' id='word_1_359' title='bbox 1077 4251 1249 4303; x_wconf 77' lang='lat' dir='ltr'><strong>civitas</strong></span> <span class='ocrx_word' id='word_1_360' title='bbox 1282 4250 1394 4304; x_wconf 88' lang='lat' dir='ltr'><strong>Dei.</strong></span> <span class='ocrx_word' id='word_1_361' title='bbox 1428 4253 1490 4307; x_wconf 87' lang='lat' dir='ltr'><strong>Et</strong></span> <span class='ocrx_word' id='word_1_362' title='bbox 1522 4256 1710 4308; x_wconf 80' lang='lat' dir='ltr'><strong>iterum</strong></span> <span class='ocrx_word' id='word_1_363' title='bbox 1737 4272 1750 4308; x_wconf 92' lang='lat'><strong>:</strong></span> 
     </span>
    </p>
   </div>
   <div class='ocr_carea' id='block_1_45' title="bbox 168 4335 1755 4407">
    <p class='ocr_par' dir='ltr' id='par_1_45' title="bbox 168 4335 1755 4407">
     <span class='ocr_line' id='line_1_45' title="bbox 168 4335 1755 4407; baseline 0.005 -18"><span class='ocrx_word' id='word_1_364' title='bbox 168 4336 356 4403; x_wconf 85' lang='lat' dir='ltr'><strong>Diligit</strong></span> <span class='ocrx_word' id='word_1_365' title='bbox 383 4335 628 4390; x_wconf 85' lang='lat' dir='ltr'><strong>Dominus</strong></span> <span class='ocrx_word' id='word_1_366' title='bbox 671 4351 842 4407; x_wconf 83' lang='lat' dir='ltr'><strong>portas</strong></span> <span class='ocrx_word' id='word_1_367' title='bbox 867 4338 1016 4404; x_wconf 87' lang='lat' dir='ltr'><strong>Sion,</strong></span> <span class='ocrx_word' id='word_1_368' title='bbox 1060 4357 1212 4407; x_wconf 85' lang='lat' dir='ltr'><strong>super</strong></span> <span class='ocrx_word' id='word_1_369' title='bbox 1239 4344 1407 4394; x_wconf 86' lang='lat' dir='ltr'><strong>omnia</strong></span> <span class='ocrx_word' id='word_1_370' title='bbox 1433 4343 1755 4397; x_wconf 89' lang='lat' dir='ltr'><strong>tabernacula</strong></span> 
     </span>
    </p>
   </div>
   <div class='ocr_carea' id='block_1_46' title="bbox 167 4425 1757 4504">
    <p class='ocr_par' dir='ltr' id='par_1_46' title="bbox 167 4425 1757 4504">
     <span class='ocr_line' id='line_1_46' title="bbox 167 4425 1757 4504; baseline 0.008 -27"><span class='ocrx_word' id='word_1_371' title='bbox 167 4426 332 4478; x_wconf 86' lang='lat' dir='ltr'><strong>Jacob</strong></span> <span class='ocrx_word' id='word_1_372' title='bbox 375 4425 544 4497; x_wconf 83' lang='lat' dir='ltr'><strong>(Psal.</strong></span> <span class='ocrx_word' id='word_1_373' title='bbox 591 4428 680 4481; x_wconf 88' lang='lat'><strong>86.</strong></span> <span class='ocrx_word' id='word_1_374' title='bbox 728 4429 829 4496; x_wconf 85' lang='grc'><strong>5).</strong></span> <span class='ocrx_word' id='word_1_375' title='bbox 886 4428 1146 4497; x_wconf 84' lang='lat' dir='ltr'><strong>Numquid</strong></span> <span class='ocrx_word' id='word_1_376' title='bbox 1199 4431 1325 4485; x_wconf 77' lang='lat' dir='ltr'><strong>istas</strong></span> <span class='ocrx_word' id='word_1_377' title='bbox 1376 4443 1555 4500; x_wconf 87' lang='lat' dir='ltr'><strong>portas</strong></span> <span class='ocrx_word' id='word_1_378' title='bbox 1588 4435 1757 4504; x_wconf 77' lang='lat' dir='ltr'><strong>diligit</strong></span> 
     </span>
    </p>
   </div>
   <div class='ocr_carea' id='block_1_47' title="bbox 174 4517 1751 4583">
    <p class='ocr_par' dir='ltr' id='par_1_47' title="bbox 174 4517 1751 4583">
     <span class='ocr_line' id='line_1_47' title="bbox 174 4517 1751 4583; baseline 0.005 -14"><span class='ocrx_word' id='word_1_379' title='bbox 174 4517 336 4577; x_wconf 84' lang='lat' dir='ltr'><strong>Deus,</strong></span> <span class='ocrx_word' id='word_1_380' title='bbox 368 4532 499 4583; x_wconf 89' lang='lat' dir='ltr'><strong>quas</strong></span> <span class='ocrx_word' id='word_1_381' title='bbox 530 4519 768 4572; x_wconf 87' lang='lat' dir='ltr'><strong>videmus</strong></span> <span class='ocrx_word' id='word_1_382' title='bbox 807 4520 858 4572; x_wconf 91' lang='lat' dir='ltr'><strong>in</strong></span> <span class='ocrx_word' id='word_1_383' title='bbox 902 4521 1110 4573; x_wconf 84' lang='lat' dir='ltr'><strong>cineres</strong></span> <span class='ocrx_word' id='word_1_384' title='bbox 1135 4530 1189 4575; x_wconf 92' lang='lat' dir='ltr'><strong>et</strong></span> <span class='ocrx_word' id='word_1_385' title='bbox 1236 4521 1440 4577; x_wconf 80' lang='lat' dir='ltr'><strong>favillas</strong></span> <span class='ocrx_word' id='word_1_386' title='bbox 1479 4540 1597 4578; x_wconf 73' lang='lat' dir='ltr'><strong>esse</strong></span> <span class='ocrx_word' id='word_1_387' title='bbox 1623 4542 1751 4577; x_wconf 79' lang='lat' dir='ltr'><strong>rou-</strong></span> 
     </span>
    </p>
   </div>
   <div class='ocr_carea' id='block_1_48' title="bbox 171 4607 1751 4681">
    <p class='ocr_par' dir='ltr' id='par_1_48' title="bbox 171 4607 1751 4681">
     <span class='ocr_line' id='line_1_48' title="bbox 171 4607 1751 4681; baseline 0.006 -25"><span class='ocrx_word' id='word_1_388' title='bbox 171 4610 401 4660; x_wconf 70' lang='lat' dir='ltr'><strong>versas?</strong></span> <span class='ocrx_word' id='word_1_389' title='bbox 424 4607 538 4660; x_wconf 80' lang='lat' dir='ltr'><strong>Non</strong></span> <span class='ocrx_word' id='word_1_390' title='bbox 566 4609 685 4662; x_wconf 89' lang='lat' dir='ltr'><strong>dico</strong></span> <span class='ocrx_word' id='word_1_391' title='bbox 726 4609 1093 4678; x_wconf 87' lang='lat' dir='ltr'><strong>prudentibus,</strong></span> <span class='ocrx_word' id='word_1_392' title='bbox 1126 4614 1217 4664; x_wconf 85' lang='lat' dir='ltr'><strong>sed</strong></span> <span class='ocrx_word' id='word_1_393' title='bbox 1249 4627 1312 4665; x_wconf 89' lang='lat' dir='ltr'><strong>ne</strong></span> <span class='ocrx_word' id='word_1_394' title='bbox 1338 4613 1513 4666; x_wconf 86' lang='lat' dir='ltr'><strong>stultis</strong></span> <span class='ocrx_word' id='word_1_395' title='bbox 1537 4614 1751 4681; x_wconf 82' lang='lat' dir='ltr'><strong>quidem</strong></span> 
     </span>
    </p>
   </div>
   <div class='ocr_carea' id='block_1_49' title="bbox 172 4700 1750 4772">
    <p class='ocr_par' dir='ltr' id='par_1_49' title="bbox 172 4700 1750 4772">
     <span class='ocr_line' id='line_1_49' title="bbox 172 4700 1750 4772; baseline 0.004 -20"><span class='ocrx_word' id='word_1_396' title='bbox 172 4700 280 4754; x_wconf 86' lang='lat' dir='ltr'><strong>hoc</strong></span> <span class='ocrx_word' id='word_1_397' title='bbox 310 4700 613 4767; x_wconf 86' lang='lat' dir='ltr'><strong>persuaderi</strong></span> <span class='ocrx_word' id='word_1_398' title='bbox 642 4710 834 4769; x_wconf 89' lang='lat' dir='ltr'><strong>potest.</strong></span> <span class='ocrx_word' id='word_1_399' title='bbox 874 4702 987 4770; x_wconf 82' lang='lat' dir='ltr'><strong>Ego</strong></span> <span class='ocrx_word' id='word_1_400' title='bbox 1008 4702 1240 4756; x_wconf 89' lang='lat' dir='ltr'><strong>arbitror</strong></span> <span class='ocrx_word' id='word_1_401' title='bbox 1265 4714 1318 4758; x_wconf 92' lang='lat' dir='ltr'><strong>et</strong></span> <span class='ocrx_word' id='word_1_402' title='bbox 1346 4704 1495 4761; x_wconf 91' lang='lat' dir='ltr'><strong>illud.</strong></span> <span class='ocrx_word' id='word_1_403' title='bbox 1527 4705 1665 4772; x_wconf 90' lang='lat' dir='ltr'><strong>quod</strong></span> <span class='ocrx_word' id='word_1_404' title='bbox 1698 4706 1750 4758; x_wconf 93' lang='lat' dir='ltr'><strong>iu</strong></span> 
     </span>
    </p>
   </div>
   <div class='ocr_carea' id='block_1_50' title="bbox 168 4790 1746 4859">
    <p class='ocr_par' dir='ltr' id='par_1_50' title="bbox 168 4790 1746 4859">
     <span class='ocr_line' id='line_1_50' title="bbox 168 4790 1746 4859; baseline 0.002 -16"><span class='ocrx_word' id='word_1_405' title='bbox 168 4790 505 4857; x_wconf 80' lang='lat' dir='ltr'><strong>sexagesimo</strong></span> <span class='ocrx_word' id='word_1_406' title='bbox 529 4799 717 4858; x_wconf 89' lang='lat' dir='ltr'><strong>quarto</strong></span> <span class='ocrx_word' id='word_1_407' title='bbox 748 4791 960 4844; x_wconf 84' lang='lat' dir='ltr'><strong>Psaltno</strong></span> <span class='ocrx_word' id='word_1_408' title='bbox 990 4791 1211 4857; x_wconf 83' lang='lat' dir='ltr'><strong>legimus</strong></span> <span class='ocrx_word' id='word_1_409' title='bbox 1243 4814 1255 4846; x_wconf 88' lang='lat'><strong>:</strong></span> <span class='ocrx_word' id='word_1_410' title='bbox 1302 4792 1523 4846; x_wconf 84' lang='lat' dir='ltr'><strong>Visitasti</strong></span> <span class='ocrx_word' id='word_1_411' title='bbox 1544 4803 1746 4859; x_wconf 86' lang='lat' dir='ltr'><strong>terram,</strong></span> 
     </span>
    </p>
   </div>
   <div class='ocr_carea' id='block_1_51' title="bbox 166 4880 1749 4951">
    <p class='ocr_par' dir='ltr' id='par_1_51' title="bbox 166 4880 1749 4951">
     <span class='ocr_line' id='line_1_51' title="bbox 166 4880 1749 4951; baseline 0.006 -21"><span class='ocrx_word' id='word_1_412' title='bbox 166 4889 215 4930; x_wconf 88' lang='lat' dir='ltr'><strong>et</strong></span> <span class='ocrx_word' id='word_1_413' title='bbox 237 4880 492 4932; x_wconf 83' lang='lat' dir='ltr'><strong>iuebriasti</strong></span> <span class='ocrx_word' id='word_1_414' title='bbox 526 4898 636 4934; x_wconf 88' lang='lat' dir='ltr'><strong>eam</strong></span> <span class='ocrx_word' id='word_1_415' title='bbox 667 4896 686 4935; x_wconf 90' lang='lat'><strong><em>:</em></strong></span> <span class='ocrx_word' id='word_1_416' title='bbox 712 4882 1060 4949; x_wconf 85' lang='lat' dir='ltr'><strong>multiplicasti</strong></span> <span class='ocrx_word' id='word_1_417' title='bbox 1090 4882 1397 4951; x_wconf 87' lang='lat' dir='ltr'><strong>locupletare</strong></span> <span class='ocrx_word' id='word_1_418' title='bbox 1428 4886 1589 4938; x_wconf 85' lang='lat' dir='ltr'><strong>illam.</strong></span> <span class='ocrx_word' id='word_1_419' title='bbox 1618 4885 1749 4939; x_wconf 78' lang='lat' dir='ltr'><strong>Flu-</strong></span> 
     </span>
    </p>
   </div>
   <div class='ocr_carea' id='block_1_52' title="bbox 165 4970 1748 5042">
    <p class='ocr_par' dir='ltr' id='par_1_52' title="bbox 165 4970 1748 5042">
     <span class='ocr_line' id='line_1_52' title="bbox 165 4970 1748 5042; baseline 0.004 -20"><span class='ocrx_word' id='word_1_420' title='bbox 165 4972 282 5023; x_wconf 75' lang='lat' dir='ltr'><strong>vius</strong></span> <span class='ocrx_word' id='word_1_421' title='bbox 354 4970 517 5042; x_wconf 76' lang='lat'><strong>969</strong></span> <span class='ocrx_word' id='word_1_422' title='bbox 591 4971 684 5025; x_wconf 87' lang='lat' dir='ltr'><strong>Dei</strong></span> <span class='ocrx_word' id='word_1_423' title='bbox 703 4973 919 5040; x_wconf 88' lang='lat' dir='ltr'><strong>repletus</strong></span> <span class='ocrx_word' id='word_1_424' title='bbox 937 4983 1008 5025; x_wconf 88' lang='lat' dir='ltr'><strong>est</strong></span> <span class='ocrx_word' id='word_1_425' title='bbox 1025 4974 1167 5041; x_wconf 84' lang='lat' dir='ltr'><strong>aquis</strong></span> <span class='ocrx_word' id='word_1_426' title='bbox 1197 4988 1215 5025; x_wconf 84' lang='lat'><strong>.&#39;</strong></span> <span class='ocrx_word' id='word_1_427' title='bbox 1237 4976 1427 5041; x_wconf 85' lang='lat' dir='ltr'><strong>parasti</strong></span> <span class='ocrx_word' id='word_1_428' title='bbox 1447 4976 1609 5028; x_wconf 86' lang='lat' dir='ltr'><strong>cibum</strong></span> <span class='ocrx_word' id='word_1_429' title='bbox 1629 4977 1748 5029; x_wconf 86' lang='lat' dir='ltr'><strong>illo-</strong></span> 
     </span>
    </p>
   </div>
   <div class='ocr_carea' id='block_1_53' title="bbox 164 5064 1745 5134">
    <p class='ocr_par' dir='ltr' id='par_1_53' title="bbox 164 5064 1745 5134">
     <span class='ocr_line' id='line_1_53' title="bbox 164 5064 1745 5134; baseline 0.004 -22"><span class='ocrx_word' id='word_1_430' title='bbox 164 5076 307 5122; x_wconf 84' lang='lat' dir='ltr'><strong>rum,</strong></span> <span class='ocrx_word' id='word_1_431' title='bbox 331 5064 568 5128; x_wconf 86' lang='lat' dir='ltr'><strong>quoniam</strong></span> <span class='ocrx_word' id='word_1_432' title='bbox 592 5064 664 5116; x_wconf 84' lang='lat' dir='ltr'><strong>sic</strong></span> <span class='ocrx_word' id='word_1_433' title='bbox 692 5074 763 5116; x_wconf 87' lang='lat' dir='ltr'><strong>est</strong></span> <span class='ocrx_word' id='word_1_434' title='bbox 794 5064 1101 5133; x_wconf 65' lang='lat' dir='ltr'><strong>pra’paratio</strong></span> <span class='ocrx_word' id='word_1_435' title='bbox 1139 5064 1252 5134; x_wconf 83' lang='lat' dir='ltr'><strong>ejus</strong></span> <span class='ocrx_word' id='word_1_436' title='bbox 1278 5079 1299 5116; x_wconf 85' lang='lat'><strong><em>:</em></strong></span> <span class='ocrx_word' id='word_1_437' title='bbox 1328 5065 1492 5116; x_wconf 85' lang='lat' dir='ltr'><strong>sulcos</strong></span> <span class='ocrx_word' id='word_1_438' title='bbox 1519 5067 1631 5134; x_wconf 85' lang='lat' dir='ltr'><strong>ejus</strong></span> <span class='ocrx_word' id='word_1_439' title='bbox 1663 5068 1745 5119; x_wconf 85' lang='lat' dir='ltr'><strong>iu-</strong></span> 
     </span>
    </p>
   </div>
   <div class='ocr_carea' id='block_1_54' title="bbox 167 5151 1750 5222">
    <p class='ocr_par' dir='ltr' id='par_1_54' title="bbox 167 5151 1750 5222">
     <span class='ocr_line' id='line_1_54' title="bbox 167 5151 1750 5222; baseline 0.003 -19"><span class='ocrx_word' id='word_1_440' title='bbox 167 5151 331 5214; x_wconf 80' lang='lat' dir='ltr'><strong>ebria,</strong></span> <span class='ocrx_word' id='word_1_441' title='bbox 359 5152 639 5219; x_wconf 85' lang='lat' dir='ltr'><strong>multiplica</strong></span> <span class='ocrx_word' id='word_1_442' title='bbox 667 5154 922 5222; x_wconf 87' lang='lat' dir='ltr'><strong>genimina</strong></span> <span class='ocrx_word' id='word_1_443' title='bbox 947 5153 1085 5207; x_wconf 84' lang='lat' dir='ltr'><strong>illius</strong></span> <span class='ocrx_word' id='word_1_444' title='bbox 1112 5169 1131 5205; x_wconf 91' lang='lat'><strong><em>:</em></strong></span> <span class='ocrx_word' id='word_1_445' title='bbox 1152 5156 1202 5204; x_wconf 86' lang='lat' dir='ltr'><strong>in</strong></span> <span class='ocrx_word' id='word_1_446' title='bbox 1224 5154 1498 5207; x_wconf 87' lang='lat' dir='ltr'><strong>stillicidiis</strong></span> <span class='ocrx_word' id='word_1_447' title='bbox 1524 5156 1631 5216; x_wconf 86' lang='lat' dir='ltr'><strong>eius</strong></span> <span class='ocrx_word' id='word_1_448' title='bbox 1660 5157 1750 5209; x_wconf 74' lang='grc' dir='ltr'><strong>ιω-</strong></span> 
     </span>
    </p>
   </div>
   <div class='ocr_carea' id='block_1_55' title="bbox 165 5240 1749 5311">
    <p class='ocr_par' dir='ltr' id='par_1_55' title="bbox 165 5240 1749 5311">
     <span class='ocr_line' id='line_1_55' title="bbox 165 5240 1749 5311; baseline 0.004 -18"><span class='ocrx_word' id='word_1_449' title='bbox 165 5240 363 5293; x_wconf 88' lang='lat' dir='ltr'><strong>tabitur</strong></span> <span class='ocrx_word' id='word_1_450' title='bbox 388 5242 713 5311; x_wconf 85' lang='lat' dir='ltr'><strong>germinans;</strong></span> <span class='ocrx_word' id='word_1_451' title='bbox 762 5242 883 5296; x_wconf 91' lang='lat' dir='ltr'><strong>huic</strong></span> <span class='ocrx_word' id='word_1_452' title='bbox 926 5242 1106 5296; x_wconf 82' lang='lat' dir='ltr'><strong>sensui</strong></span> <span class='ocrx_word' id='word_1_453' title='bbox 1147 5245 1449 5296; x_wconf 69' lang='lat' dir='ltr'><strong>convcu‘re.</strong></span> <span class='ocrx_word' id='word_1_454' title='bbox 1488 5242 1579 5296; x_wconf 84' lang='lat' dir='ltr'><strong>illa</strong></span> <span class='ocrx_word' id='word_1_455' title='bbox 1608 5246 1749 5299; x_wconf 73' lang='lat' dir='ltr'><strong>enim</strong></span> 
     </span>
    </p>
   </div>
   <div class='ocr_carea' id='block_1_56' title="bbox 168 5332 1753 5400">
    <p class='ocr_par' dir='ltr' id='par_1_56' title="bbox 168 5332 1753 5400">
     <span class='ocr_line' id='line_1_56' title="bbox 168 5332 1753 5400; baseline 0.001 -16"><span class='ocrx_word' id='word_1_456' title='bbox 168 5342 318 5384; x_wconf 89' lang='lat' dir='ltr'><strong>terra</strong></span> <span class='ocrx_word' id='word_1_457' title='bbox 347 5332 582 5400; x_wconf 89' lang='lat' dir='ltr'><strong>quotidie</strong></span> <span class='ocrx_word' id='word_1_458' title='bbox 615 5334 852 5386; x_wconf 89' lang='lat' dir='ltr'><strong>visitatur</strong></span> <span class='ocrx_word' id='word_1_459' title='bbox 881 5350 908 5384; x_wconf 94' lang='lat' dir='ltr'><strong>a</strong></span> <span class='ocrx_word' id='word_1_460' title='bbox 941 5333 1069 5391; x_wconf 81' lang='lat' dir='ltr'><strong>Deo,</strong></span> <span class='ocrx_word' id='word_1_461' title='bbox 1099 5341 1151 5385; x_wconf 89' lang='lat' dir='ltr'><strong>et</strong></span> <span class='ocrx_word' id='word_1_462' title='bbox 1183 5332 1493 5395; x_wconf 89' lang='lat' dir='ltr'><strong>inebriatur,</strong></span> <span class='ocrx_word' id='word_1_463' title='bbox 1520 5334 1753 5387; x_wconf 80' lang='lat' dir='ltr'><strong>cunctis-</strong></span> 
     </span>
    </p>
   </div>
   <div class='ocr_carea' id='block_1_57' title="bbox 169 5420 1749 5492">
    <p class='ocr_par' dir='ltr' id='par_1_57' title="bbox 169 5420 1749 5492">
     <span class='ocr_line' id='line_1_57' title="bbox 169 5420 1749 5492; baseline 0 -17"><span class='ocrx_word' id='word_1_464' title='bbox 169 5437 279 5489; x_wconf 86' lang='lat' dir='ltr'><strong>que</strong></span> <span class='ocrx_word' id='word_1_465' title='bbox 307 5421 459 5489; x_wconf 88' lang='lat' dir='ltr'><strong>plena</strong></span> <span class='ocrx_word' id='word_1_466' title='bbox 486 5431 569 5475; x_wconf 89' lang='lat' dir='ltr'><strong>est</strong></span> <span class='ocrx_word' id='word_1_467' title='bbox 593 5420 810 5475; x_wconf 87' lang='lat' dir='ltr'><strong>divitiis.</strong></span> <span class='ocrx_word' id='word_1_468' title='bbox 856 5422 928 5476; x_wconf 87' lang='lat' dir='ltr'><strong>De</strong></span> <span class='ocrx_word' id='word_1_469' title='bbox 966 5421 1063 5475; x_wconf 89' lang='lat' dir='ltr'><strong>hac</strong></span> <span class='ocrx_word' id='word_1_470' title='bbox 1102 5420 1297 5475; x_wconf 80' lang='lat' dir='ltr'><strong>ﬂuvius</strong></span> <span class='ocrx_word' id='word_1_471' title='bbox 1324 5423 1594 5492; x_wconf 83' lang='lat' dir='ltr'><strong>egreditur</strong></span> <span class='ocrx_word' id='word_1_472' title='bbox 1627 5423 1749 5487; x_wconf 84' lang='lat' dir='ltr'><strong>Dei,</strong></span> 
     </span>
    </p>
   </div>
   <div class='ocr_carea' id='block_1_58' title="bbox 232 5551 1753 5616">
    <p class='ocr_par' dir='ltr' id='par_1_58' title="bbox 232 5551 1753 5616">
     <span class='ocr_line' id='line_1_58' title="bbox 232 5551 1753 5616; baseline 0.003 -17"><span class='ocrx_word' id='word_1_473' title='bbox 232 5552 307 5616; x_wconf 78' lang='grc' dir='ltr'><strong>(α)</strong></span> <span class='ocrx_word' id='word_1_474' title='bbox 341 5551 663 5616; x_wconf 68' lang='lat' dir='ltr'><strong>Hartianaaus,</strong></span> <span class='ocrx_word' id='word_1_475' title='bbox 690 5565 798 5613; x_wconf 76' lang='lat' dir='ltr'><strong>qua:</strong></span> <span class='ocrx_word' id='word_1_476' title='bbox 815 5553 1000 5616; x_wconf 85' lang='lat' dir='ltr'><strong>primus</strong></span> <span class='ocrx_word' id='word_1_477' title='bbox 1025 5554 1195 5612; x_wconf 69' lang='lat' dir='ltr'><strong>Adam,</strong></span> <span class='ocrx_word' id='word_1_478' title='bbox 1222 5560 1273 5604; x_wconf 90' lang='lat' dir='ltr'><strong>et</strong></span> <span class='ocrx_word' id='word_1_479' title='bbox 1295 5568 1404 5603; x_wconf 74' lang='lat' dir='ltr'><strong>mox</strong></span> <span class='ocrx_word' id='word_1_480' title='bbox 1424 5554 1520 5603; x_wconf 90' lang='lat' dir='ltr'><strong>imo</strong></span> <span class='ocrx_word' id='word_1_481' title='bbox 1540 5552 1753 5616; x_wconf 85' lang='lat' dir='ltr'><strong>perdita,</strong></span> 
     </span>
    </p>
   </div>
   <div class='ocr_carea' id='block_1_59' title="bbox 165 5610 1365 5671">
    <p class='ocr_par' dir='ltr' id='par_1_59' title="bbox 165 5610 1365 5671">
     <span class='ocr_line' id='line_1_59' title="bbox 165 5610 1365 5671; baseline 0.002 -9"><span class='ocrx_word' id='word_1_482' title='bbox 165 5610 397 5662; x_wconf 80' lang='lat' dir='ltr'><strong>referens</strong></span> <span class='ocrx_word' id='word_1_483' title='bbox 416 5612 477 5659; x_wconf 88' lang='lat' dir='ltr'><strong>ad</strong></span> <span class='ocrx_word' id='word_1_484' title='bbox 501 5610 757 5671; x_wconf 49' lang='lat' dir='ltr'><strong>bona,&#39;non</strong></span> <span class='ocrx_word' id='word_1_485' title='bbox 780 5610 838 5660; x_wconf 83' lang='lat' dir='ltr'><strong>ad</strong></span> <span class='ocrx_word' id='word_1_486' title='bbox 862 5621 1060 5663; x_wconf 85' lang='lat' dir='ltr'><strong>terram.</strong></span> <span class='ocrx_word' id='word_1_487' title='bbox 1186 5610 1191 5612; x_wconf 72' lang='grc'><em>’</em></span> <span class='ocrx_word' id='word_1_488' title='bbox 1358 5629 1365 5632; x_wconf 67' lang='lat'><em>‘</em></span> 
     </span>
    </p>
   </div>
   <div class='ocr_carea' id='block_1_60' title="bbox 232 5673 1753 5735">
    <p class='ocr_par' dir='ltr' id='par_1_60' title="bbox 232 5673 1753 5735">
     <span class='ocr_line' id='line_1_60' title="bbox 232 5673 1753 5735; baseline 0.003 -14"><span class='ocrx_word' id='word_1_489' title='bbox 232 5674 300 5735; x_wconf 68' lang='lat' dir='ltr'><strong>(bl</strong></span> <span class='ocrx_word' id='word_1_490' title='bbox 342 5673 545 5735; x_wconf 72' lang='lat' dir='ltr'><strong>Grzecus</strong></span> <span class='ocrx_word' id='word_1_491' title='bbox 580 5681 745 5735; x_wconf 76' lang='lat' dir='ltr'><strong>autem</strong></span> <span class='ocrx_word' id='word_1_492' title='bbox 782 5673 1027 5723; x_wconf 68' lang='lat' dir='ltr'><strong>Malacbia:</strong></span> <span class='ocrx_word' id='word_1_493' title='bbox 1063 5682 1227 5724; x_wconf 77' lang='lat' dir='ltr'><strong>textus</strong></span> <span class='ocrx_word' id='word_1_494' title='bbox 1246 5712 1259 5732; x_wconf 86' lang='lat'><strong>,</strong></span> <span class='ocrx_word' id='word_1_495' title='bbox 1283 5684 1365 5724; x_wconf 84' lang='lat' dir='ltr'><strong>aut</strong></span> <span class='ocrx_word' id='word_1_496' title='bbox 1395 5675 1637 5726; x_wconf 71' lang='lat' dir='ltr'><strong>Hebrzcus</strong></span> <span class='ocrx_word' id='word_1_497' title='bbox 1660 5690 1753 5726; x_wconf 91' lang='lat' dir='ltr'><strong>non</strong></span> 
     </span>
    </p>
   </div>
   <div class='ocr_carea' id='block_1_61' title="bbox 164 5732 1411 5797">
    <p class='ocr_par' dir='ltr' id='par_1_61' title="bbox 164 5732 1411 5797">
     <span class='ocr_line' id='line_1_61' title="bbox 164 5732 1411 5797; baseline -0.002 -12"><span class='ocrx_word' id='word_1_498' title='bbox 164 5732 350 5785; x_wconf 61' lang='lat' dir='ltr'><strong>habent</strong></span> <span class='ocrx_word' id='word_1_499' title='bbox 372 5733 422 5783; x_wconf 77' lang='grc' dir='ltr'><strong><em>ἱη</em></strong></span> <span class='ocrx_word' id='word_1_500' title='bbox 445 5741 596 5792; x_wconf 81' lang='lat' dir='ltr'><strong>terra,</strong></span> <span class='ocrx_word' id='word_1_501' title='bbox 620 5732 708 5783; x_wconf 67' lang='grc' dir='ltr'><strong>δρα]</strong></span> <span class='ocrx_word' id='word_1_502' title='bbox 731 5740 862 5782; x_wconf 80' lang='lat' dir='ltr'><strong>lt‘t&#39;rtt</strong></span> <span class='ocrx_word' id='word_1_503' title='bbox 885 5736 1166 5797; x_wconf 74' lang='lat' dir='ltr'><strong>simpliciter</strong></span> <span class='ocrx_word' id='word_1_504' title='bbox 1192 5743 1235 5785; x_wconf 83' lang='lat' dir='ltr'><strong>iu</strong></span> <span class='ocrx_word' id='word_1_505' title='bbox 1262 5748 1411 5793; x_wconf 76' lang='lat' dir='ltr'><strong>,&#39;&quot;t&quot;tt.</strong></span> 
     </span>
    </p>
   </div>
   <div class='ocr_carea' id='block_1_62' title="bbox 1465 359 2057 438">
    <p class='ocr_par' dir='ltr' id='par_1_62' title="bbox 1465 359 2057 438">
     <span class='ocr_line' id='line_1_62' title="bbox 1465 359 2057 438; baseline -0.005 -22"><span class='ocrx_word' id='word_1_506' title='bbox 1465 361 1782 438; x_wconf 68' lang='lat' dir='ltr'><strong>cristam</strong></span> <span class='ocrx_word' id='word_1_507' title='bbox 1826 359 2057 416; x_wconf 76' lang='lat' dir='ltr'><strong>cxxux.</strong></span> 
     </span>
    </p>
   </div>
   <div class='ocr_carea' id='block_1_63' title="bbox 1295 1018 1807 1089">
    <p class='ocr_par' dir='ltr' id='par_1_63' title="bbox 1295 1018 1807 1089">
     <span class='ocr_line' id='line_1_63' title="bbox 1295 1018 1807 1089; baseline 0 -19"><span class='ocrx_word' id='word_1_508' title='bbox 1295 1019 1469 1089; x_wconf 67' lang='lat'><strong>963</strong></span> <span class='ocrx_word' id='word_1_509' title='bbox 1536 1018 1631 1071; x_wconf 87' lang='lat' dir='ltr'><strong>llic</strong></span> <span class='ocrx_word' id='word_1_510' title='bbox 1673 1024 1755 1071; x_wconf 87' lang='lat' dir='ltr'><strong>cst</strong></span> <span class='ocrx_word' id='word_1_511' title='bbox 1794 1020 1807 1031; x_wconf 79' lang='lat'><strong><em>’</em></strong></span> 
     </span>
    </p>
   </div>
   <div class='ocr_carea' id='block_1_64' title="bbox 3300 329 3437 423">
    <p class='ocr_par' dir='ltr' id='par_1_64' title="bbox 3300 329 3437 423">
     <span class='ocr_line' id='line_1_64' title="bbox 3300 329 3437 423; baseline 0.015 -2"><span class='ocrx_word' id='word_1_512' title='bbox 3300 329 3437 423; x_wconf 61' lang='lat' dir='ltr'><strong>nos</strong></span> 
     </span>
    </p>
   </div>
   <div class='ocr_carea' id='block_1_65' title="bbox 1868 472 3432 545">
    <p class='ocr_par' dir='ltr' id='par_1_65' title="bbox 1868 472 3432 545">
     <span class='ocr_line' id='line_1_65' title="bbox 1868 472 3432 545; baseline 0.006 -21"><span class='ocrx_word' id='word_1_513' title='bbox 1868 476 1935 526; x_wconf 76' lang='lat' dir='ltr'><strong>de</strong></span> <span class='ocrx_word' id='word_1_514' title='bbox 1959 490 2063 544; x_wconf 89' lang='lat' dir='ltr'><strong>quo</strong></span> <span class='ocrx_word' id='word_1_515' title='bbox 2089 475 2343 540; x_wconf 83' lang='lat' dir='ltr'><strong>scriptum</strong></span> <span class='ocrx_word' id='word_1_516' title='bbox 2373 482 2457 530; x_wconf 90' lang='lat' dir='ltr'><strong>est</strong></span> <span class='ocrx_word' id='word_1_517' title='bbox 2484 492 2498 528; x_wconf 90' lang='lat'><strong>:</strong></span> <span class='ocrx_word' id='word_1_518' title='bbox 2530 472 2785 527; x_wconf 79' lang='lat' dir='ltr'><strong>Fluminis</strong></span> <span class='ocrx_word' id='word_1_519' title='bbox 2816 473 3031 541; x_wconf 80' lang='lat' dir='ltr'><strong>impetus</strong></span> <span class='ocrx_word' id='word_1_520' title='bbox 3058 476 3281 545; x_wconf 70' lang='lat' dir='ltr'><strong>lctiﬁcat</strong></span> <span class='ocrx_word' id='word_1_521' title='bbox 3306 480 3432 534; x_wconf 74' lang='lat' dir='ltr'><strong>ciri-</strong></span> 
     </span>
    </p>
   </div>
   <div class='ocr_carea' id='block_1_66' title="bbox 1863 561 3435 637">
    <p class='ocr_par' dir='ltr' id='par_1_66' title="bbox 1863 561 3435 637">
     <span class='ocr_line' id='line_1_66' title="bbox 1863 561 3435 637; baseline 0.006 -24"><span class='ocrx_word' id='word_1_522' title='bbox 1863 574 2015 615; x_wconf 74' lang='lat' dir='ltr'><strong>tatnn</strong></span> <span class='ocrx_word' id='word_1_523' title='bbox 2038 562 2132 615; x_wconf 87' lang='lat' dir='ltr'><strong>Dei</strong></span> <span class='ocrx_word' id='word_1_524' title='bbox 2159 564 2327 631; x_wconf 82' lang='lat' dir='ltr'><strong>(Psal.</strong></span> <span class='ocrx_word' id='word_1_525' title='bbox 2352 564 2441 618; x_wconf 75' lang='grc'><strong>45.</strong></span> <span class='ocrx_word' id='word_1_526' title='bbox 2470 564 2564 633; x_wconf 83' lang='lat'><strong>5);</strong></span> <span class='ocrx_word' id='word_1_527' title='bbox 2592 563 2682 633; x_wconf 90' lang='lat' dir='ltr'><strong>qui</strong></span> <span class='ocrx_word' id='word_1_528' title='bbox 2710 571 2765 617; x_wconf 92' lang='lat' dir='ltr'><strong>et</strong></span> <span class='ocrx_word' id='word_1_529' title='bbox 2790 562 2842 616; x_wconf 92' lang='lat' dir='ltr'><strong>itt</strong></span> <span class='ocrx_word' id='word_1_530' title='bbox 2872 561 3230 632; x_wconf 84' lang='lat' dir='ltr'><strong>descriptione</strong></span> <span class='ocrx_word' id='word_1_531' title='bbox 3251 569 3435 637; x_wconf 87' lang='lat' dir='ltr'><strong>templi</strong></span> 
     </span>
    </p>
   </div>
   <div class='ocr_carea' id='block_1_67' title="bbox 1868 651 3434 725">
    <p class='ocr_par' dir='ltr' id='par_1_67' title="bbox 1868 651 3434 725">
     <span class='ocr_line' id='line_1_67' title="bbox 1868 651 3434 725; baseline 0.003 -20"><span class='ocrx_word' id='word_1_532' title='bbox 1868 654 2111 707; x_wconf 75' lang='lat' dir='ltr'><strong>Ezechiel</strong></span> <span class='ocrx_word' id='word_1_533' title='bbox 2140 659 2361 725; x_wconf 79' lang='lat' dir='ltr'><strong>mystico</strong></span> <span class='ocrx_word' id='word_1_534' title='bbox 2387 669 2633 709; x_wconf 85' lang='lat' dir='ltr'><strong>sermone</strong></span> <span class='ocrx_word' id='word_1_535' title='bbox 2659 661 2901 708; x_wconf 89' lang='lat' dir='ltr'><strong>narratur</strong></span> <span class='ocrx_word' id='word_1_536' title='bbox 2927 653 2946 722; x_wconf 98' lang='lat'><strong>(</strong></span> <span class='ocrx_word' id='word_1_537' title='bbox 2968 651 3155 706; x_wconf 76' lang='lat' dir='ltr'><strong>Ezech.</strong></span> <span class='ocrx_word' id='word_1_538' title='bbox 3196 655 3263 708; x_wconf 74' lang='grc'><strong>47</strong></span> <span class='ocrx_word' id='word_1_539' title='bbox 3288 656 3307 722; x_wconf 97' lang='grc'><strong>)</strong></span> <span class='ocrx_word' id='word_1_540' title='bbox 3340 673 3354 709; x_wconf 89' lang='lat'><strong>:</strong></span> <span class='ocrx_word' id='word_1_541' title='bbox 3381 659 3434 710; x_wconf 88' lang='lat' dir='ltr'><strong>in</strong></span> 
     </span>
    </p>
   </div>
   <div class='ocr_carea' id='block_1_68' title="bbox 1862 743 3433 813">
    <p class='ocr_par' dir='ltr' id='par_1_68' title="bbox 1862 743 3433 813">
     <span class='ocr_line' id='line_1_68' title="bbox 1862 743 3433 813; baseline 0.001 -18"><span class='ocrx_word' id='word_1_542' title='bbox 1862 744 2015 811; x_wconf 83' lang='lat' dir='ltr'><strong>enjns</strong></span> <span class='ocrx_word' id='word_1_543' title='bbox 2044 743 2174 811; x_wconf 81' lang='lat' dir='ltr'><strong>ripis</strong></span> <span class='ocrx_word' id='word_1_544' title='bbox 2199 745 2418 797; x_wconf 89' lang='lat' dir='ltr'><strong>arbores</strong></span> <span class='ocrx_word' id='word_1_545' title='bbox 2444 751 2586 807; x_wconf 88' lang='lat' dir='ltr'><strong>sunt,</strong></span> <span class='ocrx_word' id='word_1_546' title='bbox 2611 758 2674 796; x_wconf 82' lang='lat' dir='ltr'><strong>ex</strong></span> <span class='ocrx_word' id='word_1_547' title='bbox 2708 751 2929 810; x_wconf 87' lang='lat' dir='ltr'><strong>utraque</strong></span> <span class='ocrx_word' id='word_1_548' title='bbox 2956 752 3105 810; x_wconf 90' lang='lat' dir='ltr'><strong>parte</strong></span> <span class='ocrx_word' id='word_1_549' title='bbox 3132 757 3226 811; x_wconf 89' lang='lat' dir='ltr'><strong>per</strong></span> <span class='ocrx_word' id='word_1_550' title='bbox 3251 744 3433 813; x_wconf 84' lang='lat' dir='ltr'><strong>singu-</strong></span> 
     </span>
    </p>
   </div>
   <div class='ocr_carea' id='block_1_69' title="bbox 1866 832 3434 902">
    <p class='ocr_par' dir='ltr' id='par_1_69' title="bbox 1866 832 3434 902">
     <span class='ocr_line' id='line_1_69' title="bbox 1866 832 3434 902; baseline 0.003 -17"><span class='ocrx_word' id='word_1_551' title='bbox 1866 833 1944 885; x_wconf 77' lang='lat' dir='ltr'><strong>los</strong></span> <span class='ocrx_word' id='word_1_552' title='bbox 1971 847 2181 887; x_wconf 87' lang='lat' dir='ltr'><strong>menses</strong></span> <span class='ocrx_word' id='word_1_553' title='bbox 2208 835 2357 886; x_wconf 87' lang='lat' dir='ltr'><strong>novis</strong></span> <span class='ocrx_word' id='word_1_554' title='bbox 2388 834 2621 902; x_wconf 78' lang='lat' dir='ltr'><strong>frugibus</strong></span> <span class='ocrx_word' id='word_1_555' title='bbox 2651 832 3003 887; x_wconf 85' lang='lat' dir='ltr'><strong>abundantes.</strong></span> <span class='ocrx_word' id='word_1_556' title='bbox 3051 832 3128 886; x_wconf 89' lang='lat' dir='ltr'><strong>De</strong></span> <span class='ocrx_word' id='word_1_557' title='bbox 3161 848 3261 900; x_wconf 89' lang='lat' dir='ltr'><strong>qua</strong></span> <span class='ocrx_word' id='word_1_558' title='bbox 3296 843 3434 889; x_wconf 85' lang='lat' dir='ltr'><strong>terra</strong></span> 
     </span>
    </p>
   </div>
   <div class='ocr_carea' id='block_1_70' title="bbox 1861 921 3439 992">
    <p class='ocr_par' dir='ltr' id='par_1_70' title="bbox 1861 921 3439 992">
     <span class='ocr_line' id='line_1_70' title="bbox 1861 921 3439 992; baseline 0.001 -17"><span class='ocrx_word' id='word_1_559' title='bbox 1861 934 1914 975; x_wconf 89' lang='lat' dir='ltr'><strong>ct</strong></span> <span class='ocrx_word' id='word_1_560' title='bbox 1943 924 1992 975; x_wconf 91' lang='lat' dir='ltr'><strong>in</strong></span> <span class='ocrx_word' id='word_1_561' title='bbox 2023 923 2323 977; x_wconf 86' lang='lat' dir='ltr'><strong>Proverbiis</strong></span> <span class='ocrx_word' id='word_1_562' title='bbox 2350 924 2433 978; x_wconf 77' lang='lat' dir='ltr'><strong>vir</strong></span> <span class='ocrx_word' id='word_1_563' title='bbox 2458 924 2669 991; x_wconf 89' lang='lat' dir='ltr'><strong>scripsit</strong></span> <span class='ocrx_word' id='word_1_564' title='bbox 2694 924 3120 992; x_wconf 89' lang='lat' dir='ltr'><strong>sapientissimus</strong></span> <span class='ocrx_word' id='word_1_565' title='bbox 3144 940 3159 976; x_wconf 89' lang='lat'><strong>:</strong></span> <span class='ocrx_word' id='word_1_566' title='bbox 3186 921 3288 989; x_wconf 85' lang='lat' dir='ltr'><strong>Qui</strong></span> <span class='ocrx_word' id='word_1_567' title='bbox 3315 940 3439 991; x_wconf 87' lang='lat' dir='ltr'><strong>ape-</strong></span> 
     </span>
    </p>
   </div>
   <div class='ocr_carea' id='block_1_71' title="bbox 1862 1010 3433 1083">
    <p class='ocr_par' dir='ltr' id='par_1_71' title="bbox 1862 1010 3433 1083">
     <span class='ocr_line' id='line_1_71' title="bbox 1862 1010 3433 1083; baseline 0.004 -22"><span class='ocrx_word' id='word_1_568' title='bbox 1862 1022 2004 1063; x_wconf 84' lang='lat' dir='ltr'><strong>ratur</strong></span> <span class='ocrx_word' id='word_1_569' title='bbox 2032 1020 2215 1063; x_wconf 89' lang='lat' dir='ltr'><strong>terram</strong></span> <span class='ocrx_word' id='word_1_570' title='bbox 2237 1029 2403 1076; x_wconf 90' lang='lat' dir='ltr'><strong>suam,</strong></span> <span class='ocrx_word' id='word_1_571' title='bbox 2433 1013 2723 1081; x_wconf 86' lang='lat' dir='ltr'><strong>implebitur</strong></span> <span class='ocrx_word' id='word_1_572' title='bbox 2750 1012 2961 1081; x_wconf 86' lang='lat' dir='ltr'><strong>panibus</strong></span> <span class='ocrx_word' id='word_1_573' title='bbox 2988 1010 3172 1081; x_wconf 85' lang='lat' dir='ltr'><strong>(Prov.</strong></span> <span class='ocrx_word' id='word_1_574' title='bbox 3204 1011 3294 1067; x_wconf 90' lang='grc'><strong>12.</strong></span> <span class='ocrx_word' id='word_1_575' title='bbox 3322 1015 3433 1083; x_wconf 84' lang='grc'><strong>11).</strong></span> 
     </span>
    </p>
   </div>
   <div class='ocr_carea' id='block_1_72' title="bbox 1860 1099 3435 1173">
    <p class='ocr_par' dir='ltr' id='par_1_72' title="bbox 1860 1099 3435 1173">
     <span class='ocr_line' id='line_1_72' title="bbox 1860 1099 3435 1173; baseline 0.006 -25"><span class='ocrx_word' id='word_1_576' title='bbox 1860 1099 2008 1165; x_wconf 85' lang='lat' dir='ltr'><strong>Quod</strong></span> <span class='ocrx_word' id='word_1_577' title='bbox 2030 1101 2073 1153; x_wconf 89' lang='lat' dir='ltr'><strong>si</strong></span> <span class='ocrx_word' id='word_1_578' title='bbox 2099 1099 2167 1154; x_wconf 88' lang='lat' dir='ltr'><strong>de</strong></span> <span class='ocrx_word' id='word_1_579' title='bbox 2194 1101 2291 1154; x_wconf 86' lang='lat' dir='ltr'><strong>hac</strong></span> <span class='ocrx_word' id='word_1_580' title='bbox 2316 1110 2454 1155; x_wconf 88' lang='lat' dir='ltr'><strong>terra</strong></span> <span class='ocrx_word' id='word_1_581' title='bbox 2480 1116 2636 1170; x_wconf 90' lang='lat' dir='ltr'><strong>quam</strong></span> <span class='ocrx_word' id='word_1_582' title='bbox 2664 1101 2931 1155; x_wconf 88' lang='lat' dir='ltr'><strong>cernimus</strong></span> <span class='ocrx_word' id='word_1_583' title='bbox 2950 1143 2965 1166; x_wconf 94' lang='lat'><strong>,</strong></span> <span class='ocrx_word' id='word_1_584' title='bbox 2992 1110 3047 1157; x_wconf 90' lang='lat' dir='ltr'><strong>et</strong></span> <span class='ocrx_word' id='word_1_585' title='bbox 3071 1117 3188 1171; x_wconf 66' lang='lat' dir='ltr'><strong>qua:</strong></span> <span class='ocrx_word' id='word_1_586' title='bbox 3213 1106 3381 1173; x_wconf 83' lang='lat' dir='ltr'><strong>magis</strong></span> <span class='ocrx_word' id='word_1_587' title='bbox 3404 1123 3435 1157; x_wconf 91' lang='lat' dir='ltr'><strong>a</strong></span> 
     </span>
    </p>
   </div>
   <div class='ocr_carea' id='block_1_73' title="bbox 1862 1192 3437 1262">
    <p class='ocr_par' dir='ltr' id='par_1_73' title="bbox 1862 1192 3437 1262">
     <span class='ocr_line' id='line_1_73' title="bbox 1862 1192 3437 1262; baseline 0.004 -21"><span class='ocrx_word' id='word_1_588' title='bbox 1862 1192 2229 1257; x_wconf 81' lang='lat' dir='ltr'><strong>peccatoribus</strong></span> <span class='ocrx_word' id='word_1_589' title='bbox 2243 1192 2468 1259; x_wconf 75' lang='lat' dir='ltr'><strong>possidet</strong></span> <span class='ocrx_word' id='word_1_590' title='bbox 2480 1209 2559 1256; x_wconf 91' lang='lat' dir='ltr'><strong>ur,</strong></span> <span class='ocrx_word' id='word_1_591' title='bbox 2573 1193 2638 1245; x_wconf 92' lang='lat' dir='ltr'><strong>de</strong></span> <span class='ocrx_word' id='word_1_592' title='bbox 2655 1208 2757 1261; x_wconf 88' lang='lat' dir='ltr'><strong>qua</strong></span> <span class='ocrx_word' id='word_1_593' title='bbox 2773 1194 3023 1262; x_wconf 90' lang='lat' dir='ltr'><strong>scriptum</strong></span> <span class='ocrx_word' id='word_1_594' title='bbox 3041 1194 3437 1248; x_wconf 75' lang='lat' dir='ltr'><strong>est:Maledicta</strong></span> 
     </span>
    </p>
   </div>
   <div class='ocr_carea' id='block_1_74' title="bbox 1864 1280 3435 1353">
    <p class='ocr_par' dir='ltr' id='par_1_74' title="bbox 1864 1280 3435 1353">
     <span class='ocr_line' id='line_1_74' title="bbox 1864 1280 3435 1353; baseline 0.005 -24"><span class='ocrx_word' id='word_1_595' title='bbox 1864 1290 1997 1331; x_wconf 85' lang='lat' dir='ltr'><strong>terra</strong></span> <span class='ocrx_word' id='word_1_596' title='bbox 2022 1280 2074 1331; x_wconf 91' lang='lat' dir='ltr'><strong>in</strong></span> <span class='ocrx_word' id='word_1_597' title='bbox 2102 1282 2335 1347; x_wconf 84' lang='lat' dir='ltr'><strong>operibus</strong></span> <span class='ocrx_word' id='word_1_598' title='bbox 2362 1281 2459 1334; x_wconf 87' lang='lat' dir='ltr'><strong>tuis</strong></span> <span class='ocrx_word' id='word_1_599' title='bbox 2485 1281 2646 1351; x_wconf 79' lang='lat' dir='ltr'><strong>(Gen.</strong></span> <span class='ocrx_word' id='word_1_600' title='bbox 2678 1283 2730 1334; x_wconf 90' lang='grc'><strong>5.</strong></span> <span class='ocrx_word' id='word_1_601' title='bbox 2762 1284 2826 1336; x_wconf 83' lang='grc'><strong>17</strong></span> <span class='ocrx_word' id='word_1_602' title='bbox 2850 1284 2890 1351; x_wconf 86' lang='grc'><strong>),</strong></span> <span class='ocrx_word' id='word_1_603' title='bbox 2919 1284 3111 1351; x_wconf 87' lang='lat' dir='ltr'><strong>aliquis</strong></span> <span class='ocrx_word' id='word_1_604' title='bbox 3138 1285 3435 1353; x_wconf 71' lang='lat' dir='ltr'><strong>intelligen-</strong></span> 
     </span>
    </p>
   </div>
   <div class='ocr_carea' id='block_1_75' title="bbox 1858 1368 3427 1446">
    <p class='ocr_par' dir='ltr' id='par_1_75' title="bbox 1858 1368 3427 1446">
     <span class='ocr_line' id='line_1_75' title="bbox 1858 1368 3427 1446; baseline 0.003 -25"><span class='ocrx_word' id='word_1_605' title='bbox 1858 1368 1984 1421; x_wconf 87' lang='lat' dir='ltr'><strong>dum</strong></span> <span class='ocrx_word' id='word_1_606' title='bbox 2009 1377 2187 1436; x_wconf 84' lang='lat' dir='ltr'><strong>putat;</strong></span> <span class='ocrx_word' id='word_1_607' title='bbox 2218 1370 2537 1437; x_wconf 88' lang='lat' dir='ltr'><strong>respondeat</strong></span> <span class='ocrx_word' id='word_1_608' title='bbox 2554 1370 2820 1438; x_wconf 87' lang='lat' dir='ltr'><strong>quomodo</strong></span> <span class='ocrx_word' id='word_1_609' title='bbox 2839 1373 3004 1446; x_wconf 82' lang='lat' dir='ltr'><strong>possit</strong></span> <span class='ocrx_word' id='word_1_610' title='bbox 3022 1373 3133 1425; x_wconf 77' lang='lat' dir='ltr'><strong>lucc</strong></span> <span class='ocrx_word' id='word_1_611' title='bbox 3149 1384 3291 1428; x_wconf 88' lang='lat' dir='ltr'><strong>stare</strong></span> <span class='ocrx_word' id='word_1_612' title='bbox 3312 1391 3427 1427; x_wconf 61' lang='lat' dir='ltr'><strong>seu.</strong></span> 
     </span>
    </p>
   </div>
   <div class='ocr_carea' id='block_1_76' title="bbox 1861 1458 3428 1533">
    <p class='ocr_par' dir='ltr' id='par_1_76' title="bbox 1861 1458 3428 1533">
     <span class='ocr_line' id='line_1_76' title="bbox 1861 1458 3428 1533; baseline 0.004 -21"><span class='ocrx_word' id='word_1_613' title='bbox 1861 1460 2019 1512; x_wconf 81' lang='lat' dir='ltr'><strong>tentia</strong></span> <span class='ocrx_word' id='word_1_614' title='bbox 2045 1476 2057 1511; x_wconf 94' lang='lat'><strong>:</strong></span> <span class='ocrx_word' id='word_1_615' title='bbox 2084 1458 2181 1523; x_wconf 87' lang='lat' dir='ltr'><strong>Qui</strong></span> <span class='ocrx_word' id='word_1_616' title='bbox 2217 1471 2454 1529; x_wconf 85' lang='lat' dir='ltr'><strong>operatur</strong></span> <span class='ocrx_word' id='word_1_617' title='bbox 2479 1470 2662 1513; x_wconf 87' lang='lat' dir='ltr'><strong>terram</strong></span> <span class='ocrx_word' id='word_1_618' title='bbox 2686 1478 2832 1514; x_wconf 88' lang='lat' dir='ltr'><strong>suam</strong></span> <span class='ocrx_word' id='word_1_619' title='bbox 2866 1460 3155 1529; x_wconf 86' lang='lat' dir='ltr'><strong>implebitur</strong></span> <span class='ocrx_word' id='word_1_620' title='bbox 3194 1465 3428 1533; x_wconf 84' lang='lat' dir='ltr'><strong>panibus.</strong></span> 
     </span>
    </p>
   </div>
   <div class='ocr_carea' id='block_1_77' title="bbox 1858 1546 3429 1617">
    <p class='ocr_par' dir='ltr' id='par_1_77' title="bbox 1858 1546 3429 1617">
     <span class='ocr_line' id='line_1_77' title="bbox 1858 1546 3429 1617; baseline 0.003 -17"><span class='ocrx_word' id='word_1_621' title='bbox 1858 1546 2049 1612; x_wconf 86' lang='lat' dir='ltr'><strong>Quanti</strong></span> <span class='ocrx_word' id='word_1_622' title='bbox 2078 1548 2220 1601; x_wconf 91' lang='lat' dir='ltr'><strong>enim</strong></span> <span class='ocrx_word' id='word_1_623' title='bbox 2248 1559 2537 1617; x_wconf 89' lang='lat' dir='ltr'><strong>operantur</strong></span> <span class='ocrx_word' id='word_1_624' title='bbox 2563 1558 2778 1614; x_wconf 89' lang='lat' dir='ltr'><strong>terram,</strong></span> <span class='ocrx_word' id='word_1_625' title='bbox 2811 1561 2862 1604; x_wconf 90' lang='lat' dir='ltr'><strong>et</strong></span> <span class='ocrx_word' id='word_1_626' title='bbox 2889 1564 3142 1605; x_wconf 82' lang='lat' dir='ltr'><strong>exercent</strong></span> <span class='ocrx_word' id='word_1_627' title='bbox 3171 1568 3388 1607; x_wconf 81' lang='lat' dir='ltr'><strong>vomere</strong></span> <span class='ocrx_word' id='word_1_628' title='bbox 3417 1573 3429 1605; x_wconf 92' lang='lat'>:</span> 
     </span>
    </p>
   </div>
   <div class='ocr_carea' id='block_1_78' title="bbox 1858 1636 3430 1709">
    <p class='ocr_par' dir='ltr' id='par_1_78' title="bbox 1858 1636 3430 1709">
     <span class='ocr_line' id='line_1_78' title="bbox 1858 1636 3430 1709; baseline 0.004 -20"><span class='ocrx_word' id='word_1_629' title='bbox 1858 1645 1909 1689; x_wconf 92' lang='lat' dir='ltr'><strong>et</strong></span> <span class='ocrx_word' id='word_1_630' title='bbox 1934 1646 2107 1688; x_wconf 90' lang='lat' dir='ltr'><strong>tamen</strong></span> <span class='ocrx_word' id='word_1_631' title='bbox 2133 1636 2310 1689; x_wconf 90' lang='lat' dir='ltr'><strong>multis</strong></span> <span class='ocrx_word' id='word_1_632' title='bbox 2333 1637 2744 1705; x_wconf 89' lang='lat' dir='ltr'><strong>impedientibus</strong></span> <span class='ocrx_word' id='word_1_633' title='bbox 2768 1640 2941 1692; x_wconf 84' lang='lat' dir='ltr'><strong>causis</strong></span> <span class='ocrx_word' id='word_1_634' title='bbox 2961 1680 2975 1701; x_wconf 94' lang='lat'><strong>,</strong></span> <span class='ocrx_word' id='word_1_635' title='bbox 3001 1650 3236 1709; x_wconf 77' lang='lat' dir='ltr'><strong>egestate</strong></span> <span class='ocrx_word' id='word_1_636' title='bbox 3262 1645 3430 1695; x_wconf 86' lang='lat' dir='ltr'><strong>conli—</strong></span> 
     </span>
    </p>
   </div>
   <div class='ocr_carea' id='block_1_79' title="bbox 1857 1724 3433 1799">
    <p class='ocr_par' dir='ltr' id='par_1_79' title="bbox 1857 1724 3433 1799">
     <span class='ocr_line' id='line_1_79' title="bbox 1857 1724 3433 1799; baseline 0.006 -23"><span class='ocrx_word' id='word_1_637' title='bbox 1857 1724 2068 1777; x_wconf 90' lang='lat' dir='ltr'><strong>ciuutur</strong></span> <span class='ocrx_word' id='word_1_638' title='bbox 2111 1734 2165 1778; x_wconf 90' lang='lat' dir='ltr'><strong>et</strong></span> <span class='ocrx_word' id='word_1_639' title='bbox 2206 1726 2469 1792; x_wconf 73' lang='lat' dir='ltr'><strong>penuria?</strong></span> <span class='ocrx_word' id='word_1_640' title='bbox 2513 1727 2617 1779; x_wconf 80' lang='lat' dir='ltr'><strong>St&#39;d</strong></span> <span class='ocrx_word' id='word_1_641' title='bbox 2662 1729 3125 1792; x_wconf 85' lang='lat' dir='ltr'><strong>considerandum,</strong></span> <span class='ocrx_word' id='word_1_642' title='bbox 3162 1732 3433 1799; x_wconf 78' lang='lat' dir='ltr'><strong>Scriptura</strong></span> 
     </span>
    </p>
   </div>
   <div class='ocr_carea' id='block_1_80' title="bbox 1855 1811 3433 1889">
    <p class='ocr_par' dir='ltr' id='par_1_80' title="bbox 1855 1811 3433 1889">
     <span class='ocr_line' id='line_1_80' title="bbox 1855 1811 3433 1889; baseline 0.009 -28"><span class='ocrx_word' id='word_1_643' title='bbox 1855 1811 1979 1877; x_wconf 88' lang='lat' dir='ltr'><strong>quid</strong></span> <span class='ocrx_word' id='word_1_644' title='bbox 2006 1811 2186 1865; x_wconf 84' lang='lat' dir='ltr'><strong>dicat:</strong></span> <span class='ocrx_word' id='word_1_645' title='bbox 2218 1813 2318 1877; x_wconf 87' lang='lat' dir='ltr'><strong>Qui</strong></span> <span class='ocrx_word' id='word_1_646' title='bbox 2360 1825 2599 1881; x_wconf 84' lang='lat' dir='ltr'><strong>operatur</strong></span> <span class='ocrx_word' id='word_1_647' title='bbox 2640 1825 2825 1868; x_wconf 89' lang='lat' dir='ltr'><strong>terram</strong></span> <span class='ocrx_word' id='word_1_648' title='bbox 2863 1834 3036 1881; x_wconf 87' lang='lat' dir='ltr'><strong>suam,</strong></span> <span class='ocrx_word' id='word_1_649' title='bbox 3073 1835 3191 1885; x_wconf 75' lang='lat' dir='ltr'><strong>qua:</strong></span> <span class='ocrx_word' id='word_1_650' title='bbox 3223 1823 3433 1889; x_wconf 81' lang='lat' dir='ltr'><strong>proprie</strong></span> 
     </span>
    </p>
   </div>
   <div class='ocr_carea' id='block_1_81' title="bbox 1850 1899 3493 1975">
    <p class='ocr_par' dir='ltr' id='par_1_81' title="bbox 1850 1899 3493 1975">
     <span class='ocr_line' id='line_1_81' title="bbox 1850 1899 3493 1975; baseline 0.007 -24"><span class='ocrx_word' id='word_1_651' title='bbox 1850 1899 1985 1969; x_wconf 88' lang='lat' dir='ltr'><strong>juris</strong></span> <span class='ocrx_word' id='word_1_652' title='bbox 2014 1902 2094 1953; x_wconf 92' lang='lat' dir='ltr'><strong>sui</strong></span> <span class='ocrx_word' id='word_1_653' title='bbox 2125 1910 2229 1964; x_wconf 88' lang='lat' dir='ltr'><strong>est,</strong></span> <span class='ocrx_word' id='word_1_654' title='bbox 2255 1902 2321 1956; x_wconf 92' lang='lat' dir='ltr'><strong>de</strong></span> <span class='ocrx_word' id='word_1_655' title='bbox 2345 1919 2447 1972; x_wconf 86' lang='lat' dir='ltr'><strong>qua</strong></span> <span class='ocrx_word' id='word_1_656' title='bbox 2471 1920 2737 1973; x_wconf 87' lang='lat' dir='ltr'><strong>nunquam</strong></span> <span class='ocrx_word' id='word_1_657' title='bbox 2760 1906 2878 1974; x_wconf 91' lang='lat' dir='ltr'><strong>ejici</strong></span> <span class='ocrx_word' id='word_1_658' title='bbox 2905 1917 3080 1975; x_wconf 83' lang='lat' dir='ltr'><strong>potest</strong></span> <span class='ocrx_word' id='word_1_659' title='bbox 3105 1926 3116 1960; x_wconf 95' lang='lat'><strong>:</strong></span> <span class='ocrx_word' id='word_1_660' title='bbox 3140 1912 3430 1963; x_wconf 90' lang='lat' dir='ltr'><strong>secundum</strong></span> <span class='ocrx_word' id='word_1_661' title='bbox 3483 1924 3493 1939; x_wconf 63' lang='grc'><strong><em>⁵</em></strong></span> 
     </span>
    </p>
   </div>
   <div class='ocr_carea' id='block_1_82' title="bbox 1855 1992 3433 2067">
    <p class='ocr_par' dir='ltr' id='par_1_82' title="bbox 1855 1992 3433 2067">
     <span class='ocr_line' id='line_1_82' title="bbox 1855 1992 3433 2067; baseline 0.008 -27"><span class='ocrx_word' id='word_1_662' title='bbox 1855 2003 2013 2057; x_wconf 89' lang='lat' dir='ltr'><strong>quem</strong></span> <span class='ocrx_word' id='word_1_663' title='bbox 2037 2004 2254 2043; x_wconf 85' lang='lat' dir='ltr'><strong>sensum</strong></span> <span class='ocrx_word' id='word_1_664' title='bbox 2275 2002 2329 2045; x_wconf 89' lang='lat' dir='ltr'><strong>et</strong></span> <span class='ocrx_word' id='word_1_665' title='bbox 2356 1992 2485 2045; x_wconf 90' lang='lat' dir='ltr'><strong>illud</strong></span> <span class='ocrx_word' id='word_1_666' title='bbox 2506 1993 2759 2061; x_wconf 90' lang='lat' dir='ltr'><strong>scriptum</strong></span> <span class='ocrx_word' id='word_1_667' title='bbox 2783 2003 2868 2048; x_wconf 91' lang='lat' dir='ltr'><strong>est</strong></span> <span class='ocrx_word' id='word_1_668' title='bbox 2891 2013 2903 2047; x_wconf 88' lang='lat'><strong>:</strong></span> <span class='ocrx_word' id='word_1_669' title='bbox 2930 1995 3229 2067; x_wconf 83' lang='lat' dir='ltr'><strong>Redemptio</strong></span> <span class='ocrx_word' id='word_1_670' title='bbox 3248 2001 3433 2053; x_wconf 80' lang='lat' dir='ltr'><strong>auium:</strong></span> 
     </span>
    </p>
   </div>
   <div class='ocr_carea' id='block_1_83' title="bbox 1854 2079 3427 2151">
    <p class='ocr_par' dir='ltr' id='par_1_83' title="bbox 1854 2079 3427 2151">
     <span class='ocr_line' id='line_1_83' title="bbox 1854 2079 3427 2151; baseline 0.006 -22"><span class='ocrx_word' id='word_1_671' title='bbox 1854 2079 1947 2129; x_wconf 80' lang='lat' dir='ltr'><strong>viri</strong></span> <span class='ocrx_word' id='word_1_672' title='bbox 1971 2119 1986 2139; x_wconf 93' lang='lat'><strong>,</strong></span> <span class='ocrx_word' id='word_1_673' title='bbox 2017 2081 2239 2147; x_wconf 74' lang='lat' dir='ltr'><strong>propria:</strong></span> <span class='ocrx_word' id='word_1_674' title='bbox 2266 2080 2453 2133; x_wconf 71' lang='lat' dir='ltr'><strong>divitia:</strong></span> <span class='ocrx_word' id='word_1_675' title='bbox 2481 2080 2663 2149; x_wconf 84' lang='lat' dir='ltr'><strong>(Prov.</strong></span> <span class='ocrx_word' id='word_1_676' title='bbox 2688 2083 2775 2136; x_wconf 80' lang='grc'><strong>15.</strong></span> <span class='ocrx_word' id='word_1_677' title='bbox 2803 2082 2883 2151; x_wconf 91' lang='grc'><strong>8).</strong></span> <span class='ocrx_word' id='word_1_678' title='bbox 2921 2083 2988 2137; x_wconf 82' lang='grc' dir='ltr'><strong>Ει</strong></span> <span class='ocrx_word' id='word_1_679' title='bbox 3013 2084 3112 2139; x_wconf 90' lang='lat' dir='ltr'><strong>hoc</strong></span> <span class='ocrx_word' id='word_1_680' title='bbox 3138 2092 3427 2141; x_wconf 84' lang='lat' dir='ltr'><strong>secundum</strong></span> 
     </span>
    </p>
   </div>
   <div class='ocr_carea' id='block_1_84' title="bbox 1856 2166 3432 2237">
    <p class='ocr_par' dir='ltr' id='par_1_84' title="bbox 1856 2166 3432 2237">
     <span class='ocr_line' id='line_1_84' title="bbox 1856 2166 3432 2237; baseline 0.006 -18"><span class='ocrx_word' id='word_1_681' title='bbox 1856 2166 2083 2221; x_wconf 87' lang='lat' dir='ltr'><strong>litteram</strong></span> <span class='ocrx_word' id='word_1_682' title='bbox 2104 2170 2285 2223; x_wconf 88' lang='lat' dir='ltr'><strong>sentiri</strong></span> <span class='ocrx_word' id='word_1_683' title='bbox 2315 2185 2417 2221; x_wconf 86' lang='lat' dir='ltr'><strong>non</strong></span> <span class='ocrx_word' id='word_1_684' title='bbox 2444 2179 2637 2237; x_wconf 89' lang='lat' dir='ltr'><strong>potest.</strong></span> <span class='ocrx_word' id='word_1_685' title='bbox 2691 2171 2881 2237; x_wconf 85' lang='lat' dir='ltr'><strong>Quanti</strong></span> <span class='ocrx_word' id='word_1_686' title='bbox 2911 2173 3051 2229; x_wconf 80' lang='lat' dir='ltr'><strong>enim</strong></span> <span class='ocrx_word' id='word_1_687' title='bbox 3083 2176 3269 2228; x_wconf 88' lang='lat' dir='ltr'><strong>alienis</strong></span> <span class='ocrx_word' id='word_1_688' title='bbox 3296 2178 3432 2228; x_wconf 86' lang='lat' dir='ltr'><strong>ami-</strong></span> 
     </span>
    </p>
   </div>
   <div class='ocr_carea' id='block_1_85' title="bbox 1854 2256 3430 2328">
    <p class='ocr_par' dir='ltr' id='par_1_85' title="bbox 1854 2256 3430 2328">
     <span class='ocr_line' id='line_1_85' title="bbox 1854 2256 3430 2328; baseline 0.006 -21"><span class='ocrx_word' id='word_1_689' title='bbox 1854 2269 2145 2324; x_wconf 90' lang='lat' dir='ltr'><strong>corumque</strong></span> <span class='ocrx_word' id='word_1_690' title='bbox 2174 2256 2507 2310; x_wconf 89' lang='lat' dir='ltr'><strong>redimuntur</strong></span> <span class='ocrx_word' id='word_1_691' title='bbox 2530 2259 2805 2325; x_wconf 86' lang='lat' dir='ltr'><strong>pecuniis?</strong></span> <span class='ocrx_word' id='word_1_692' title='bbox 2835 2260 2998 2328; x_wconf 76' lang='lat' dir='ltr'><strong>I&#39;lttjits</strong></span> <span class='ocrx_word' id='word_1_693' title='bbox 3023 2271 3175 2315; x_wconf 77' lang='lat' dir='ltr'><strong>terra:</strong></span> <span class='ocrx_word' id='word_1_694' title='bbox 3196 2265 3430 2319; x_wconf 81' lang='lat' dir='ltr'><strong>cultores</strong></span> 
     </span>
    </p>
   </div>
   <div class='ocr_carea' id='block_1_86' title="bbox 1855 2345 3430 2417">
    <p class='ocr_par' dir='ltr' id='par_1_86' title="bbox 1855 2345 3430 2417">
     <span class='ocr_line' id='line_1_86' title="bbox 1855 2345 3430 2417; baseline 0.006 -21"><span class='ocrx_word' id='word_1_695' title='bbox 1855 2352 1910 2397; x_wconf 89' lang='lat' dir='ltr'><strong>et</strong></span> <span class='ocrx_word' id='word_1_696' title='bbox 1933 2345 2197 2413; x_wconf 57' lang='lat' dir='ltr'><strong>agricola),</strong></span> <span class='ocrx_word' id='word_1_697' title='bbox 2232 2346 2469 2413; x_wconf 84' lang='lat' dir='ltr'><strong>Apostoli</strong></span> <span class='ocrx_word' id='word_1_698' title='bbox 2510 2356 2652 2409; x_wconf 74' lang='lat' dir='ltr'><strong>sunt,</strong></span> <span class='ocrx_word' id='word_1_699' title='bbox 2679 2349 2871 2417; x_wconf 88' lang='lat' dir='ltr'><strong>quibus</strong></span> <span class='ocrx_word' id='word_1_700' title='bbox 2905 2350 3098 2403; x_wconf 87' lang='lat' dir='ltr'><strong>dicitur</strong></span> <span class='ocrx_word' id='word_1_701' title='bbox 3128 2368 3143 2405; x_wconf 88' lang='lat'><strong>:</strong></span> <span class='ocrx_word' id='word_1_702' title='bbox 3183 2350 3284 2405; x_wconf 85' lang='lat' dir='ltr'><strong>Vos</strong></span> <span class='ocrx_word' id='word_1_703' title='bbox 3310 2355 3430 2406; x_wconf 85' lang='lat' dir='ltr'><strong>estis</strong></span> 
     </span>
    </p>
   </div>
   <div class='ocr_carea' id='block_1_87' title="bbox 1853 2432 3429 2514">
    <p class='ocr_par' dir='ltr' id='par_1_87' title="bbox 1853 2432 3429 2514">
     <span class='ocr_line' id='line_1_87' title="bbox 1853 2432 3429 2514; baseline 0.006 -29"><span class='ocrx_word' id='word_1_704' title='bbox 1853 2433 1933 2485; x_wconf 89' lang='lat' dir='ltr'><strong>sal</strong></span> <span class='ocrx_word' id='word_1_705' title='bbox 1952 2442 2099 2486; x_wconf 72' lang='lat' dir='ltr'><strong>terrae</strong></span> <span class='ocrx_word' id='word_1_706' title='bbox 2129 2432 2338 2501; x_wconf 79' lang='lat' dir='ltr'><strong>(Matth.</strong></span> <span class='ocrx_word' id='word_1_707' title='bbox 2368 2436 2421 2490; x_wconf 88' lang='grc'><strong>5.</strong></span> <span class='ocrx_word' id='word_1_708' title='bbox 2451 2436 2574 2514; x_wconf 38' lang='grc'><strong>15)..</strong></span> <span class='ocrx_word' id='word_1_709' title='bbox 2597 2436 2663 2489; x_wconf 83' lang='grc' dir='ltr'><strong>Ει</strong></span> <span class='ocrx_word' id='word_1_710' title='bbox 2691 2437 2868 2490; x_wconf 86' lang='lat' dir='ltr'><strong>inalio</strong></span> <span class='ocrx_word' id='word_1_711' title='bbox 2900 2438 3018 2491; x_wconf 87' lang='lat' dir='ltr'><strong>loco</strong></span> <span class='ocrx_word' id='word_1_712' title='bbox 3052 2457 3065 2492; x_wconf 91' lang='lat'>:</span> <span class='ocrx_word' id='word_1_713' title='bbox 3100 2439 3165 2493; x_wconf 86' lang='lat' dir='ltr'><strong>In</strong></span> <span class='ocrx_word' id='word_1_714' title='bbox 3186 2442 3429 2510; x_wconf 86' lang='lat' dir='ltr'><strong>patientia</strong></span> 
     </span>
    </p>
   </div>
   <div class='ocr_carea' id='block_1_88' title="bbox 1854 2524 3432 2599">
    <p class='ocr_par' dir='ltr' id='par_1_88' title="bbox 1854 2524 3432 2599">
     <span class='ocr_line' id='line_1_88' title="bbox 1854 2524 3432 2599; baseline 0.006 -26"><span class='ocrx_word' id='word_1_715' title='bbox 1854 2532 2033 2585; x_wconf 79' lang='lat' dir='ltr'><strong>vestra,</strong></span> <span class='ocrx_word' id='word_1_716' title='bbox 2060 2524 2377 2590; x_wconf 88' lang='lat' dir='ltr'><strong>possidebitis</strong></span> <span class='ocrx_word' id='word_1_717' title='bbox 2407 2526 2605 2578; x_wconf 88' lang='lat' dir='ltr'><strong>animas</strong></span> <span class='ocrx_word' id='word_1_718' title='bbox 2634 2537 2823 2580; x_wconf 75' lang='lat' dir='ltr'><strong>vestras</strong></span> <span class='ocrx_word' id='word_1_719' title='bbox 2852 2526 2999 2591; x_wconf 85' lang='lat' dir='ltr'><strong>(Luc.</strong></span> <span class='ocrx_word' id='word_1_720' title='bbox 3028 2528 3120 2585; x_wconf 86' lang='grc'><strong>21.</strong></span> <span class='ocrx_word' id='word_1_721' title='bbox 3146 2532 3281 2599; x_wconf 73' lang='lat' dir='ltr'><strong>i9);</strong></span> <span class='ocrx_word' id='word_1_722' title='bbox 3301 2549 3432 2599; x_wconf 85' lang='lat' dir='ltr'><strong>quo-</strong></span> 
     </span>
    </p>
   </div>
   <div class='ocr_carea' id='block_1_89' title="bbox 1855 2614 3431 2688">
    <p class='ocr_par' dir='ltr' id='par_1_89' title="bbox 1855 2614 3431 2688">
     <span class='ocr_line' id='line_1_89' title="bbox 1855 2614 3431 2688; baseline 0.006 -23"><span class='ocrx_word' id='word_1_723' title='bbox 1855 2627 1973 2665; x_wconf 87' lang='lat' dir='ltr'><strong>rum</strong></span> <span class='ocrx_word' id='word_1_724' title='bbox 1997 2626 2149 2672; x_wconf 84' lang='lat' dir='ltr'><strong>unus,</strong></span> <span class='ocrx_word' id='word_1_725' title='bbox 2175 2628 2266 2665; x_wconf 84' lang='lat' dir='ltr'><strong>vas</strong></span> <span class='ocrx_word' id='word_1_726' title='bbox 2292 2614 2585 2675; x_wconf 88' lang='lat' dir='ltr'><strong>electionis,</strong></span> <span class='ocrx_word' id='word_1_727' title='bbox 2604 2616 3058 2671; x_wconf 78' lang='lat' dir='ltr'><strong>conﬁdentissime</strong></span> <span class='ocrx_word' id='word_1_728' title='bbox 3079 2618 3431 2688; x_wconf 79' lang='lat' dir='ltr'><strong>loquebatur?</strong></span> 
     </span>
    </p>
   </div>
   <div class='ocr_carea' id='block_1_90' title="bbox 1854 2700 3434 2776">
    <p class='ocr_par' dir='ltr' id='par_1_90' title="bbox 1854 2700 3434 2776">
     <span class='ocr_line' id='line_1_90' title="bbox 1854 2700 3434 2776; baseline 0.008 -23"><span class='ocrx_word' id='word_1_729' title='bbox 1854 2700 1950 2753; x_wconf 86' lang='lat' dir='ltr'><strong>Dei</strong></span> <span class='ocrx_word' id='word_1_730' title='bbox 1977 2703 2107 2753; x_wconf 89' lang='lat' dir='ltr'><strong>enim</strong></span> <span class='ocrx_word' id='word_1_731' title='bbox 2129 2715 2477 2771; x_wconf 83' lang='lat' dir='ltr'><strong>cooperatores</strong></span> <span class='ocrx_word' id='word_1_732' title='bbox 2497 2722 2691 2770; x_wconf 86' lang='lat' dir='ltr'><strong>sumus,</strong></span> <span class='ocrx_word' id='word_1_733' title='bbox 2717 2705 2812 2757; x_wconf 88' lang='lat' dir='ltr'><strong>Dei</strong></span> <span class='ocrx_word' id='word_1_734' title='bbox 2834 2708 3163 2776; x_wconf 85' lang='lat' dir='ltr'><strong>agricultura,</strong></span> <span class='ocrx_word' id='word_1_735' title='bbox 3184 2709 3281 2763; x_wconf 85' lang='lat' dir='ltr'><strong>Dei</strong></span> <span class='ocrx_word' id='word_1_736' title='bbox 3305 2712 3434 2766; x_wconf 73' lang='lat' dir='ltr'><strong>tedi-</strong></span> 
     </span>
    </p>
   </div>
   <div class='ocr_carea' id='block_1_91' title="bbox 1853 2793 3429 2867">
    <p class='ocr_par' dir='ltr' id='par_1_91' title="bbox 1853 2793 3429 2867">
     <span class='ocr_line' id='line_1_91' title="bbox 1853 2793 3429 2867; baseline 0.007 -24"><span class='ocrx_word' id='word_1_737' title='bbox 1853 2793 2023 2858; x_wconf 80' lang='lat' dir='ltr'><strong>[icatio</strong></span> <span class='ocrx_word' id='word_1_738' title='bbox 2050 2794 2167 2847; x_wconf 88' lang='lat' dir='ltr'><strong>estis</strong></span> <span class='ocrx_word' id='word_1_739' title='bbox 2195 2794 2270 2865; x_wconf 87' lang='grc'><strong>(1.</strong></span> <span class='ocrx_word' id='word_1_740' title='bbox 2295 2794 2411 2848; x_wconf 81' lang='lat' dir='ltr'><strong>Cor.</strong></span> <span class='ocrx_word' id='word_1_741' title='bbox 2436 2796 2489 2849; x_wconf 90' lang='grc'><strong>5.</strong></span> <span class='ocrx_word' id='word_1_742' title='bbox 2522 2794 2609 2864; x_wconf 82' lang='lat'><strong>9);</strong></span> <span class='ocrx_word' id='word_1_743' title='bbox 2642 2807 2694 2848; x_wconf 92' lang='lat' dir='ltr'><strong>et</strong></span> <span class='ocrx_word' id='word_1_744' title='bbox 2723 2798 2885 2851; x_wconf 89' lang='lat' dir='ltr'><strong>multa</strong></span> <span class='ocrx_word' id='word_1_745' title='bbox 2912 2799 3011 2851; x_wconf 89' lang='lat' dir='ltr'><strong>alia</strong></span> <span class='ocrx_word' id='word_1_746' title='bbox 3038 2840 3053 2863; x_wconf 95' lang='lat'><strong>,</strong></span> <span class='ocrx_word' id='word_1_747' title='bbox 3084 2815 3203 2867; x_wconf 74' lang='lat' dir='ltr'><strong>qua:</strong></span> <span class='ocrx_word' id='word_1_748' title='bbox 3230 2801 3429 2855; x_wconf 84' lang='lat' dir='ltr'><strong>idcirco</strong></span> 
     </span>
    </p>
   </div>
   <div class='ocr_carea' id='block_1_92' title="bbox 1854 2882 3432 2955">
    <p class='ocr_par' dir='ltr' id='par_1_92' title="bbox 1854 2882 3432 2955">
     <span class='ocr_line' id='line_1_92' title="bbox 1854 2882 3432 2955; baseline 0.007 -21"><span class='ocrx_word' id='word_1_749' title='bbox 1854 2896 1957 2934; x_wconf 82' lang='lat' dir='ltr'><strong>non</strong></span> <span class='ocrx_word' id='word_1_750' title='bbox 1990 2882 2210 2950; x_wconf 88' lang='lat' dir='ltr'><strong>replico,</strong></span> <span class='ocrx_word' id='word_1_751' title='bbox 2240 2900 2307 2937; x_wconf 90' lang='lat' dir='ltr'><strong>ne</strong></span> <span class='ocrx_word' id='word_1_752' title='bbox 2336 2899 2549 2938; x_wconf 84' lang='lat' dir='ltr'><strong>sensum</strong></span> <span class='ocrx_word' id='word_1_753' title='bbox 2574 2884 2752 2937; x_wconf 87' lang='lat' dir='ltr'><strong>videar</strong></span> <span class='ocrx_word' id='word_1_754' title='bbox 2777 2885 3001 2955; x_wconf 84' lang='lat' dir='ltr'><strong>legentis</strong></span> <span class='ocrx_word' id='word_1_755' title='bbox 3027 2888 3342 2953; x_wconf 88' lang='lat' dir='ltr'><strong>obtundere,</strong></span> <span class='ocrx_word' id='word_1_756' title='bbox 3375 2901 3432 2944; x_wconf 89' lang='lat' dir='ltr'><strong>ct</strong></span> 
     </span>
    </p>
   </div>
   <div class='ocr_carea' id='block_1_93' title="bbox 1853 2974 2578 3029">
    <p class='ocr_par' dir='ltr' id='par_1_93' title="bbox 1853 2974 2578 3029">
     <span class='ocr_line' id='line_1_93' title="bbox 1853 2974 2578 3029; baseline 0.006 -4"><span class='ocrx_word' id='word_1_757' title='bbox 1853 2974 2124 3028; x_wconf 67' lang='lat' dir='ltr'><strong>memoriae</strong></span> <span class='ocrx_word' id='word_1_758' title='bbox 2155 2974 2294 3028; x_wconf 91' lang='lat' dir='ltr'><strong>illius</strong></span> <span class='ocrx_word' id='word_1_759' title='bbox 2315 2975 2578 3029; x_wconf 82' lang='lat' dir='ltr'><strong>diitidere.</strong></span> 
     </span>
    </p>
   </div>
   <div class='ocr_carea' id='block_1_94' title="bbox 1925 3062 3430 3138">
    <p class='ocr_par' dir='ltr' id='par_1_94' title="bbox 1925 3062 3430 3138">
     <span class='ocr_line' id='line_1_94' title="bbox 1925 3062 3430 3138; baseline 0.006 -20"><span class='ocrx_word' id='word_1_760' title='bbox 1925 3066 1959 3118; x_wconf 92' lang='grc'><strong>5</strong></span> <span class='ocrx_word' id='word_1_761' title='bbox 2011 3062 2143 3118; x_wconf 88' lang='lat' dir='ltr'><strong>lllttd</strong></span> <span class='ocrx_word' id='word_1_762' title='bbox 2172 3080 2383 3134; x_wconf 84' lang='lat' dir='ltr'><strong>quoque</strong></span> <span class='ocrx_word' id='word_1_763' title='bbox 2413 3068 2640 3122; x_wconf 87' lang='lat' dir='ltr'><strong>sollicita</strong></span> <span class='ocrx_word' id='word_1_764' title='bbox 2671 3078 2844 3123; x_wconf 88' lang='lat' dir='ltr'><strong>tuente</strong></span> <span class='ocrx_word' id='word_1_765' title='bbox 2874 3076 3182 3138; x_wconf 80' lang='lat' dir='ltr'><strong>tractemus,</strong></span> <span class='ocrx_word' id='word_1_766' title='bbox 3211 3081 3264 3128; x_wconf 92' lang='lat' dir='ltr'><strong>et</strong></span> <span class='ocrx_word' id='word_1_767' title='bbox 3288 3073 3430 3129; x_wconf 83' lang='lat' dir='ltr'><strong>Scri-</strong></span> 
     </span>
    </p>
   </div>
   <div class='ocr_carea' id='block_1_95' title="bbox 1855 3154 3421 3231">
    <p class='ocr_par' dir='ltr' id='par_1_95' title="bbox 1855 3154 3421 3231">
     <span class='ocr_line' id='line_1_95' title="bbox 1855 3154 3421 3231; baseline 0.01 -28"><span class='ocrx_word' id='word_1_768' title='bbox 1855 3162 2124 3220; x_wconf 90' lang='lat' dir='ltr'><strong>pturarum</strong></span> <span class='ocrx_word' id='word_1_769' title='bbox 2153 3169 2248 3207; x_wconf 91' lang='lat' dir='ltr'><strong>nos</strong></span> <span class='ocrx_word' id='word_1_770' title='bbox 2268 3154 2457 3208; x_wconf 90' lang='lat' dir='ltr'><strong>doceat</strong></span> <span class='ocrx_word' id='word_1_771' title='bbox 2483 3158 2788 3221; x_wconf 85' lang='lat' dir='ltr'><strong>auctoritas,</strong></span> <span class='ocrx_word' id='word_1_772' title='bbox 2818 3170 3031 3213; x_wconf 91' lang='lat' dir='ltr'><strong>sanctos</strong></span> <span class='ocrx_word' id='word_1_773' title='bbox 3060 3162 3216 3231; x_wconf 89' lang='lat' dir='ltr'><strong>hujus</strong></span> <span class='ocrx_word' id='word_1_774' title='bbox 3244 3172 3421 3228; x_wconf 63' lang='lat' dir='ltr'><strong>terrae,</strong></span> 
     </span>
    </p>
   </div>
   <div class='ocr_carea' id='block_1_96' title="bbox 1853 3242 3425 3316">
    <p class='ocr_par' dir='ltr' id='par_1_96' title="bbox 1853 3242 3425 3316">
     <span class='ocr_line' id='line_1_96' title="bbox 1853 3242 3425 3316; baseline 0.008 -23"><span class='ocrx_word' id='word_1_775' title='bbox 1853 3259 2008 3308; x_wconf 89' lang='lat' dir='ltr'><strong>quam</strong></span> <span class='ocrx_word' id='word_1_776' title='bbox 2048 3242 2215 3296; x_wconf 65' lang='lat' dir='ltr'><strong>Judtei</strong></span> <span class='ocrx_word' id='word_1_777' title='bbox 2261 3254 2454 3297; x_wconf 89' lang='lat' dir='ltr'><strong>terram</strong></span> <span class='ocrx_word' id='word_1_778' title='bbox 2500 3248 2927 3314; x_wconf 87' lang='lat' dir='ltr'><strong>repromissionis</strong></span> <span class='ocrx_word' id='word_1_779' title='bbox 2965 3258 3278 3316; x_wconf 88' lang='lat' dir='ltr'><strong>autumant,</strong></span> <span class='ocrx_word' id='word_1_780' title='bbox 3321 3268 3425 3306; x_wconf 92' lang='lat' dir='ltr'><strong>non</strong></span> 
     </span>
    </p>
   </div>
   <div class='ocr_carea' id='block_1_97' title="bbox 1855 3332 3427 3411">
    <p class='ocr_par' dir='ltr' id='par_1_97' title="bbox 1855 3332 3427 3411">
     <span class='ocr_line' id='line_1_97' title="bbox 1855 3332 3427 3411; baseline 0.007 -25"><span class='ocrx_word' id='word_1_781' title='bbox 1855 3332 2179 3389; x_wconf 88' lang='lat' dir='ltr'><strong>habitatores</strong></span> <span class='ocrx_word' id='word_1_782' title='bbox 2216 3352 2356 3399; x_wconf 82' lang='lat' dir='ltr'><strong>esse,</strong></span> <span class='ocrx_word' id='word_1_783' title='bbox 2397 3336 2488 3390; x_wconf 79' lang='lat' dir='ltr'><strong>sed</strong></span> <span class='ocrx_word' id='word_1_784' title='bbox 2532 3337 2740 3391; x_wconf 86' lang='lat' dir='ltr'><strong>accolas</strong></span> <span class='ocrx_word' id='word_1_785' title='bbox 2781 3349 2939 3408; x_wconf 89' lang='lat' dir='ltr'><strong>atque</strong></span> <span class='ocrx_word' id='word_1_786' title='bbox 2983 3342 3308 3411; x_wconf 84' lang='lat' dir='ltr'><strong>peregrinos.</strong></span> <span class='ocrx_word' id='word_1_787' title='bbox 3352 3346 3427 3397; x_wconf 75' lang='lat' dir='ltr'><strong>Ex</strong></span> 
     </span>
    </p>
   </div>
   <div class='ocr_carea' id='block_1_98' title="bbox 1849 3423 3428 3503">
    <p class='ocr_par' dir='ltr' id='par_1_98' title="bbox 1849 3423 3428 3503">
     <span class='ocr_line' id='line_1_98' title="bbox 1849 3423 3428 3503; baseline 0.008 -27"><span class='ocrx_word' id='word_1_788' title='bbox 1849 3423 1975 3492; x_wconf 60' lang='grc' dir='ltr'>ἱππ»ιί</span> <span class='ocrx_word' id='word_1_789' title='bbox 2006 3426 2103 3478; x_wconf 88' lang='lat' dir='ltr'><strong>viri</strong></span> <span class='ocrx_word' id='word_1_790' title='bbox 2136 3442 2355 3493; x_wconf 86' lang='lat' dir='ltr'><strong>persona</strong></span> <span class='ocrx_word' id='word_1_791' title='bbox 2380 3428 2599 3496; x_wconf 88' lang='lat' dir='ltr'><strong>lcginuts</strong></span> <span class='ocrx_word' id='word_1_792' title='bbox 2634 3447 2646 3481; x_wconf 91' lang='lat'><strong>:</strong></span> <span class='ocrx_word' id='word_1_793' title='bbox 2673 3429 2875 3482; x_wconf 76' lang='lat' dir='ltr'><strong>Advena</strong></span> <span class='ocrx_word' id='word_1_794' title='bbox 2898 3447 3009 3482; x_wconf 87' lang='lat' dir='ltr'><strong>sum</strong></span> <span class='ocrx_word' id='word_1_795' title='bbox 3032 3448 3124 3501; x_wconf 89' lang='lat' dir='ltr'><strong>ego</strong></span> <span class='ocrx_word' id='word_1_796' title='bbox 3143 3442 3188 3486; x_wconf 91' lang='lat' dir='ltr'><strong>et</strong></span> <span class='ocrx_word' id='word_1_797' title='bbox 3209 3436 3428 3503; x_wconf 80' lang='lat' dir='ltr'><strong>peregri-</strong></span> 
     </span>
    </p>
   </div>
   <div class='ocr_carea' id='block_1_99' title="bbox 1855 3520 3425 3595">
    <p class='ocr_par' dir='ltr' id='par_1_99' title="bbox 1855 3520 3425 3595">
     <span class='ocr_line' id='line_1_99' title="bbox 1855 3520 3425 3595; baseline 0.005 -23"><span class='ocrx_word' id='word_1_798' title='bbox 1855 3535 1973 3584; x_wconf 86' lang='lat' dir='ltr'><strong>nus,</strong></span> <span class='ocrx_word' id='word_1_799' title='bbox 2003 3520 2130 3572; x_wconf 83' lang='lat' dir='ltr'><strong>sicut</strong></span> <span class='ocrx_word' id='word_1_800' title='bbox 2165 3537 2333 3573; x_wconf 88' lang='lat' dir='ltr'><strong>omnes</strong></span> <span class='ocrx_word' id='word_1_801' title='bbox 2361 3531 2529 3589; x_wconf 85' lang='lat' dir='ltr'><strong>patres</strong></span> <span class='ocrx_word' id='word_1_802' title='bbox 2560 3524 2653 3574; x_wconf 89' lang='lat' dir='ltr'><strong>mei</strong></span> <span class='ocrx_word' id='word_1_803' title='bbox 2684 3521 2701 3591; x_wconf 94' lang='lat'><strong>(</strong></span> <span class='ocrx_word' id='word_1_804' title='bbox 2729 3520 2870 3575; x_wconf 77' lang='lat' dir='ltr'><strong>I’sal.</strong></span> <span class='ocrx_word' id='word_1_805' title='bbox 2895 3524 2984 3577; x_wconf 88' lang='grc'><strong>58.</strong></span> <span class='ocrx_word' id='word_1_806' title='bbox 3014 3525 3083 3580; x_wconf 80' lang='grc'><strong>15</strong></span> <span class='ocrx_word' id='word_1_807' title='bbox 3177 3527 3275 3593; x_wconf 86' lang='lat' dir='ltr'><strong>Qui</strong></span> <span class='ocrx_word' id='word_1_808' title='bbox 3305 3543 3425 3583; x_wconf 76' lang='lat' dir='ltr'><strong>cum</strong></span> 
     </span>
    </p>
   </div>
   <div class='ocr_carea' id='block_1_100' title="bbox 1855 3609 3427 3685">
    <p class='ocr_par' dir='ltr' id='par_1_100' title="bbox 1855 3609 3427 3685">
     <span class='ocr_line' id='line_1_100' title="bbox 1855 3609 3427 3685; baseline 0.006 -24"><span class='ocrx_word' id='word_1_809' title='bbox 1855 3609 1943 3662; x_wconf 82' lang='lat' dir='ltr'><strong>diu</strong></span> <span class='ocrx_word' id='word_1_810' title='bbox 1974 3610 2024 3663; x_wconf 87' lang='lat' dir='ltr'><strong>in</strong></span> <span class='ocrx_word' id='word_1_811' title='bbox 2049 3620 2204 3665; x_wconf 75' lang='lat' dir='ltr'><strong>terra:</strong></span> <span class='ocrx_word' id='word_1_812' title='bbox 2226 3611 2378 3679; x_wconf 87' lang='lat' dir='ltr'><strong>lmjus</strong></span> <span class='ocrx_word' id='word_1_813' title='bbox 2408 3613 2640 3665; x_wconf 81' lang='lat' dir='ltr'><strong>tenebris</strong></span> <span class='ocrx_word' id='word_1_814' title='bbox 2665 3623 2985 3675; x_wconf 84' lang='lat' dir='ltr'><strong>versaretur,</strong></span> <span class='ocrx_word' id='word_1_815' title='bbox 3008 3613 3255 3669; x_wconf 85' lang='lat' dir='ltr'><strong>ﬂebiliter</strong></span> <span class='ocrx_word' id='word_1_816' title='bbox 3280 3617 3427 3685; x_wconf 82' lang='lat' dir='ltr'><strong>inge-</strong></span> 
     </span>
    </p>
   </div>
   <div class='ocr_carea' id='block_1_101' title="bbox 1857 3698 3428 3773">
    <p class='ocr_par' dir='ltr' id='par_1_101' title="bbox 1857 3698 3428 3773">
     <span class='ocr_line' id='line_1_101' title="bbox 1857 3698 3428 3773; baseline 0.006 -22"><span class='ocrx_word' id='word_1_817' title='bbox 1857 3700 2029 3752; x_wconf 85' lang='lat' dir='ltr'><strong>tttiscit</strong></span> <span class='ocrx_word' id='word_1_818' title='bbox 2057 3708 2111 3753; x_wconf 89' lang='lat' dir='ltr'><strong>et</strong></span> <span class='ocrx_word' id='word_1_819' title='bbox 2137 3700 2283 3761; x_wconf 89' lang='lat' dir='ltr'><strong>dicit,</strong></span> <span class='ocrx_word' id='word_1_820' title='bbox 2325 3698 2431 3751; x_wconf 82' lang='lat' dir='ltr'><strong>&quot;eu</strong></span> <span class='ocrx_word' id='word_1_821' title='bbox 2460 3717 2557 3762; x_wconf 85' lang='lat' dir='ltr'><strong>me,</strong></span> <span class='ocrx_word' id='word_1_822' title='bbox 2580 3702 2695 3769; x_wconf 83' lang='lat' dir='ltr'><strong>quia</strong></span> <span class='ocrx_word' id='word_1_823' title='bbox 2719 3704 3055 3770; x_wconf 86' lang='lat' dir='ltr'><strong>peregrinatio</strong></span> <span class='ocrx_word' id='word_1_824' title='bbox 3081 3720 3191 3756; x_wconf 87' lang='lat' dir='ltr'><strong>mea</strong></span> <span class='ocrx_word' id='word_1_825' title='bbox 3217 3707 3428 3773; x_wconf 81' lang='lat' dir='ltr'><strong>prolon-</strong></span> 
     </span>
    </p>
   </div>
   <div class='ocr_carea' id='block_1_102' title="bbox 1856 3789 3424 3861">
    <p class='ocr_par' dir='ltr' id='par_1_102' title="bbox 1856 3789 3424 3861">
     <span class='ocr_line' id='line_1_102' title="bbox 1856 3789 3424 3861; baseline 0.006 -25"><span class='ocrx_word' id='word_1_826' title='bbox 1856 3798 1973 3856; x_wconf 88' lang='lat' dir='ltr'><strong>gata</strong></span> <span class='ocrx_word' id='word_1_827' title='bbox 1999 3797 2091 3852; x_wconf 83' lang='lat' dir='ltr'><strong>est,</strong></span> <span class='ocrx_word' id='word_1_828' title='bbox 2121 3789 2338 3840; x_wconf 74' lang='lat' dir='ltr'><strong>habitari</strong></span> <span class='ocrx_word' id='word_1_829' title='bbox 2358 3805 2472 3841; x_wconf 88' lang='lat' dir='ltr'><strong>cum</strong></span> <span class='ocrx_word' id='word_1_830' title='bbox 2544 3790 2709 3858; x_wconf 81' lang='lat' dir='ltr'><strong>97o</strong></span> <span class='ocrx_word' id='word_1_831' title='bbox 2782 3792 3121 3843; x_wconf 77' lang='lat' dir='ltr'><strong>habitantibus</strong></span> <span class='ocrx_word' id='word_1_832' title='bbox 3144 3794 3327 3852; x_wconf 72' lang='lat' dir='ltr'><strong>bedar,</strong></span> <span class='ocrx_word' id='word_1_833' title='bbox 3352 3796 3424 3861; x_wconf 88' lang='lat' dir='ltr'><strong>(c)</strong></span> 
     </span>
    </p>
   </div>
   <div class='ocr_carea' id='block_1_103' title="bbox 1858 3876 3431 3947">
    <p class='ocr_par' dir='ltr' id='par_1_103' title="bbox 1858 3876 3431 3947">
     <span class='ocr_line' id='line_1_103' title="bbox 1858 3876 3431 3947; baseline 0.004 -20"><span class='ocrx_word' id='word_1_834' title='bbox 1858 3876 2068 3928; x_wconf 84' lang='lat' dir='ltr'><strong>multum</strong></span> <span class='ocrx_word' id='word_1_835' title='bbox 2093 3876 2257 3928; x_wconf 88' lang='lat' dir='ltr'><strong>incola</strong></span> <span class='ocrx_word' id='word_1_836' title='bbox 2280 3877 2374 3941; x_wconf 82' lang='lat' dir='ltr'><strong>[nit</strong></span> <span class='ocrx_word' id='word_1_837' title='bbox 2397 3878 2567 3928; x_wconf 87' lang='lat' dir='ltr'><strong>anima</strong></span> <span class='ocrx_word' id='word_1_838' title='bbox 2590 3894 2699 3927; x_wconf 80' lang='lat' dir='ltr'><strong>mea</strong></span> <span class='ocrx_word' id='word_1_839' title='bbox 2727 3876 2896 3943; x_wconf 78' lang='lat' dir='ltr'><strong>(l’sal.</strong></span> <span class='ocrx_word' id='word_1_840' title='bbox 2928 3877 3047 3931; x_wconf 81' lang='grc'><strong>119.</strong></span> <span class='ocrx_word' id='word_1_841' title='bbox 3073 3878 3153 3947; x_wconf 87' lang='lat'><strong>5).</strong></span> <span class='ocrx_word' id='word_1_842' title='bbox 3184 3879 3401 3934; x_wconf 84' lang='lat' dir='ltr'><strong>Ubicutn</strong></span> <span class='ocrx_word' id='word_1_843' title='bbox 3421 3911 3431 3917; x_wconf 94' lang='lat'><strong>-</strong></span> 
     </span>
    </p>
   </div>
   <div class='ocr_carea' id='block_1_104' title="bbox 1858 3964 3428 4033">
    <p class='ocr_par' dir='ltr' id='par_1_104' title="bbox 1858 3964 3428 4033">
     <span class='ocr_line' id='line_1_104' title="bbox 1858 3964 3428 4033; baseline 0.006 -21"><span class='ocrx_word' id='word_1_844' title='bbox 1858 3980 1961 4032; x_wconf 88' lang='lat' dir='ltr'><strong>que</strong></span> <span class='ocrx_word' id='word_1_845' title='bbox 1980 3977 2156 4017; x_wconf 89' lang='lat' dir='ltr'><strong>autem</strong></span> <span class='ocrx_word' id='word_1_846' title='bbox 2180 3964 2438 4017; x_wconf 86' lang='lat' dir='ltr'><strong>habitator</strong></span> <span class='ocrx_word' id='word_1_847' title='bbox 2459 3974 2613 4017; x_wconf 73' lang='lat' dir='ltr'><strong>terrm</strong></span> <span class='ocrx_word' id='word_1_848' title='bbox 2639 3966 2845 4032; x_wconf 68' lang='lat' dir='ltr'><strong>legitur,</strong></span> <span class='ocrx_word' id='word_1_849' title='bbox 2865 3974 2918 4017; x_wconf 85' lang='lat' dir='ltr'><strong>et</strong></span> <span class='ocrx_word' id='word_1_850' title='bbox 2941 3966 3135 4033; x_wconf 79' lang='lat' dir='ltr'><strong>priora,</strong></span> <span class='ocrx_word' id='word_1_851' title='bbox 3159 3977 3207 4021; x_wconf 93' lang='lat' dir='ltr'><strong>et</strong></span> <span class='ocrx_word' id='word_1_852' title='bbox 3233 3970 3428 4029; x_wconf 83' lang='lat' dir='ltr'><strong>media,</strong></span> 
     </span>
    </p>
   </div>
   <div class='ocr_carea' id='block_1_105' title="bbox 1859 4055 3432 4126">
    <p class='ocr_par' dir='ltr' id='par_1_105' title="bbox 1859 4055 3432 4126">
     <span class='ocr_line' id='line_1_105' title="bbox 1859 4055 3432 4126; baseline 0.003 -21"><span class='ocrx_word' id='word_1_853' title='bbox 1859 4065 1913 4105; x_wconf 91' lang='lat' dir='ltr'><strong>et</strong></span> <span class='ocrx_word' id='word_1_854' title='bbox 1937 4064 2170 4106; x_wconf 78' lang='lat' dir='ltr'><strong>extrema</strong></span> <span class='ocrx_word' id='word_1_855' title='bbox 2202 4062 2488 4106; x_wconf 84' lang='lat' dir='ltr'><strong>tractemus</strong></span> <span class='ocrx_word' id='word_1_856' title='bbox 2510 4094 2524 4114; x_wconf 93' lang='lat'><strong>,</strong></span> <span class='ocrx_word' id='word_1_857' title='bbox 2553 4064 2606 4106; x_wconf 82' lang='lat' dir='ltr'><strong>ct</strong></span> <span class='ocrx_word' id='word_1_858' title='bbox 2637 4055 2833 4121; x_wconf 90' lang='lat' dir='ltr'><strong>liquido</strong></span> <span class='ocrx_word' id='word_1_859' title='bbox 2858 4055 3256 4123; x_wconf 76' lang='lat' dir='ltr'><strong>St-ripturaruttt</strong></span> <span class='ocrx_word' id='word_1_860' title='bbox 3280 4069 3432 4126; x_wconf 80' lang='lat' dir='ltr'><strong>pote-</strong></span> 
     </span>
    </p>
   </div>
   <div class='ocr_carea' id='block_1_106' title="bbox 1861 4141 3434 4216">
    <p class='ocr_par' dir='ltr' id='par_1_106' title="bbox 1861 4141 3434 4216">
     <span class='ocr_line' id='line_1_106' title="bbox 1861 4141 3434 4216; baseline 0.004 -21"><span class='ocrx_word' id='word_1_861' title='bbox 1861 4143 1930 4195; x_wconf 90' lang='lat' dir='ltr'><strong>rit</strong></span> <span class='ocrx_word' id='word_1_862' title='bbox 1958 4141 2134 4211; x_wconf 86' lang='lat' dir='ltr'><strong>regula</strong></span> <span class='ocrx_word' id='word_1_863' title='bbox 2162 4143 2518 4209; x_wconf 86' lang='lat' dir='ltr'><strong>comprobari,</strong></span> <span class='ocrx_word' id='word_1_864' title='bbox 2541 4158 2754 4211; x_wconf 85' lang='lat' dir='ltr'><strong>semper</strong></span> <span class='ocrx_word' id='word_1_865' title='bbox 2778 4143 3101 4199; x_wconf 84' lang='lat' dir='ltr'><strong>habitatores</strong></span> <span class='ocrx_word' id='word_1_866' title='bbox 3131 4155 3284 4200; x_wconf 74' lang='lat' dir='ltr'><strong>terrae</strong></span> <span class='ocrx_word' id='word_1_867' title='bbox 3308 4163 3434 4216; x_wconf 86' lang='lat' dir='ltr'><strong>pec-</strong></span> 
     </span>
    </p>
   </div>
   <div class='ocr_carea' id='block_1_107' title="bbox 1860 4231 3434 4304">
    <p class='ocr_par' dir='ltr' id='par_1_107' title="bbox 1860 4231 3434 4304">
     <span class='ocr_line' id='line_1_107' title="bbox 1860 4231 3434 4304; baseline 0.003 -19"><span class='ocrx_word' id='word_1_868' title='bbox 1860 4242 2068 4285; x_wconf 87' lang='lat' dir='ltr'><strong>catores</strong></span> <span class='ocrx_word' id='word_1_869' title='bbox 2108 4231 2401 4300; x_wconf 88' lang='lat' dir='ltr'><strong>appellari:</strong></span> <span class='ocrx_word' id='word_1_870' title='bbox 2435 4231 2502 4285; x_wconf 89' lang='lat' dir='ltr'><strong>de</strong></span> <span class='ocrx_word' id='word_1_871' title='bbox 2532 4233 2721 4299; x_wconf 85' lang='lat' dir='ltr'><strong>quibus</strong></span> <span class='ocrx_word' id='word_1_872' title='bbox 2762 4234 2812 4284; x_wconf 93' lang='lat' dir='ltr'><strong>iu</strong></span> <span class='ocrx_word' id='word_1_873' title='bbox 2856 4233 3170 4304; x_wconf 74' lang='lat' dir='ltr'><strong>Apocalypsi</strong></span> <span class='ocrx_word' id='word_1_874' title='bbox 3213 4233 3434 4290; x_wconf 80' lang='lat' dir='ltr'><strong>Joannis</strong></span> 
     </span>
    </p>
   </div>
   <div class='ocr_carea' id='block_1_108' title="bbox 1862 4321 3429 4398">
    <p class='ocr_par' dir='ltr' id='par_1_108' title="bbox 1862 4321 3429 4398">
     <span class='ocr_line' id='line_1_108' title="bbox 1862 4321 3429 4398; baseline 0.005 -24"><span class='ocrx_word' id='word_1_875' title='bbox 1862 4322 1989 4375; x_wconf 92' lang='lat' dir='ltr'><strong>illud</strong></span> <span class='ocrx_word' id='word_1_876' title='bbox 2021 4322 2321 4389; x_wconf 80' lang='lat' dir='ltr'><strong>exemplum</strong></span> <span class='ocrx_word' id='word_1_877' title='bbox 2353 4332 2435 4376; x_wconf 70' lang='lat' dir='ltr'><strong>est</strong></span> <span class='ocrx_word' id='word_1_878' title='bbox 2467 4341 2481 4376; x_wconf 88' lang='lat'><strong>:</strong></span> <span class='ocrx_word' id='word_1_879' title='bbox 2516 4321 2605 4376; x_wconf 76' lang='lat' dir='ltr'><strong>Va:</strong></span> <span class='ocrx_word' id='word_1_880' title='bbox 2643 4323 3009 4378; x_wconf 80' lang='lat' dir='ltr'><strong>habitatoribus</strong></span> <span class='ocrx_word' id='word_1_881' title='bbox 3049 4335 3197 4380; x_wconf 69' lang='lat' dir='ltr'><strong>terra:</strong></span> <span class='ocrx_word' id='word_1_882' title='bbox 3224 4329 3243 4397; x_wconf 97' lang='lat'><strong>(</strong></span> <span class='ocrx_word' id='word_1_883' title='bbox 3269 4327 3429 4398; x_wconf 81' lang='lat' dir='ltr'><strong>Apoc.</strong></span> 
     </span>
    </p>
   </div>
   <div class='ocr_carea' id='block_1_109' title="bbox 1861 4414 3433 4489">
    <p class='ocr_par' dir='ltr' id='par_1_109' title="bbox 1861 4414 3433 4489">
     <span class='ocr_line' id='line_1_109' title="bbox 1861 4414 3433 4489; baseline 0.004 -21"><span class='ocrx_word' id='word_1_884' title='bbox 1861 4416 1914 4468; x_wconf 79' lang='lat'><strong>8.</strong></span> <span class='ocrx_word' id='word_1_885' title='bbox 1949 4414 2075 4483; x_wconf 85' lang='grc'><strong>15).</strong></span> <span class='ocrx_word' id='word_1_886' title='bbox 2118 4414 2386 4467; x_wconf 85' lang='lat' dir='ltr'><strong>Abraham</strong></span> <span class='ocrx_word' id='word_1_887' title='bbox 2427 4414 2492 4467; x_wconf 85' lang='lat' dir='ltr'><strong>ad</strong></span> <span class='ocrx_word' id='word_1_888' title='bbox 2528 4431 2683 4484; x_wconf 73' lang='lat' dir='ltr'><strong>quem</strong></span> <span class='ocrx_word' id='word_1_889' title='bbox 2724 4418 2947 4484; x_wconf 89' lang='lat' dir='ltr'><strong>printum</strong></span> <span class='ocrx_word' id='word_1_890' title='bbox 2974 4416 3110 4471; x_wconf 79' lang='lat' dir='ltr'><strong>facta</strong></span> <span class='ocrx_word' id='word_1_891' title='bbox 3135 4428 3218 4473; x_wconf 87' lang='lat' dir='ltr'><strong>est</strong></span> <span class='ocrx_word' id='word_1_892' title='bbox 3245 4435 3433 4489; x_wconf 79' lang='lat' dir='ltr'><strong>repro-</strong></span> 
     </span>
    </p>
   </div>
   <div class='ocr_carea' id='block_1_110' title="bbox 1862 4502 3434 4567">
    <p class='ocr_par' dir='ltr' id='par_1_110' title="bbox 1862 4502 3434 4567">
     <span class='ocr_line' id='line_1_110' title="bbox 1862 4502 3434 4567; baseline 0.006 -12"><span class='ocrx_word' id='word_1_893' title='bbox 1862 4504 2066 4567; x_wconf 81' lang='lat' dir='ltr'><strong>missio,</strong></span> <span class='ocrx_word' id='word_1_894' title='bbox 2094 4502 2305 4556; x_wconf 89' lang='lat' dir='ltr'><strong>dicentc</strong></span> <span class='ocrx_word' id='word_1_895' title='bbox 2335 4505 2593 4557; x_wconf 78' lang='lat' dir='ltr'><strong>Detttiuo;</strong></span> <span class='ocrx_word' id='word_1_896' title='bbox 2622 4504 2735 4557; x_wconf 87' lang='lat' dir='ltr'><strong>Tibi</strong></span> <span class='ocrx_word' id='word_1_897' title='bbox 2764 4506 2895 4560; x_wconf 84' lang='lat' dir='ltr'><strong>dabo</strong></span> <span class='ocrx_word' id='word_1_898' title='bbox 2925 4517 3108 4560; x_wconf 86' lang='lat' dir='ltr'><strong>terram</strong></span> <span class='ocrx_word' id='word_1_899' title='bbox 3137 4509 3268 4562; x_wconf 80' lang='lat' dir='ltr'><strong>hanc</strong></span> <span class='ocrx_word' id='word_1_900' title='bbox 3290 4522 3335 4563; x_wconf 89' lang='lat' dir='ltr'><strong>et</strong></span> <span class='ocrx_word' id='word_1_901' title='bbox 3356 4529 3434 4563; x_wconf 85' lang='lat' dir='ltr'><strong>sc-</strong></span> 
     </span>
    </p>
   </div>
   <div class='ocr_carea' id='block_1_111' title="bbox 1861 4592 3433 4664">
    <p class='ocr_par' dir='ltr' id='par_1_111' title="bbox 1861 4592 3433 4664">
     <span class='ocr_line' id='line_1_111' title="bbox 1861 4592 3433 4664; baseline 0.005 -19"><span class='ocrx_word' id='word_1_902' title='bbox 1861 4594 1982 4646; x_wconf 87' lang='lat' dir='ltr'><strong>mini</strong></span> <span class='ocrx_word' id='word_1_903' title='bbox 2010 4603 2094 4647; x_wconf 90' lang='lat' dir='ltr'><strong>tuo</strong></span> <span class='ocrx_word' id='word_1_904' title='bbox 2122 4592 2271 4663; x_wconf 74' lang='lat' dir='ltr'><strong>(Gen.</strong></span> <span class='ocrx_word' id='word_1_905' title='bbox 2297 4594 2380 4647; x_wconf 77' lang='grc'><strong>12.</strong></span> <span class='ocrx_word' id='word_1_906' title='bbox 2405 4596 2485 4664; x_wconf 84' lang='lat'><strong>7),</strong></span> <span class='ocrx_word' id='word_1_907' title='bbox 2510 4596 2656 4662; x_wconf 79' lang='lat' dir='ltr'><strong>juxta</strong></span> <span class='ocrx_word' id='word_1_908' title='bbox 2684 4596 2939 4663; x_wconf 84' lang='lat' dir='ltr'><strong>Stephani</strong></span> <span class='ocrx_word' id='word_1_909' title='bbox 2962 4597 3116 4664; x_wconf 89' lang='lat' dir='ltr'><strong>primi</strong></span> <span class='ocrx_word' id='word_1_910' title='bbox 3140 4599 3192 4651; x_wconf 91' lang='lat' dir='ltr'><strong>in</strong></span> <span class='ocrx_word' id='word_1_911' title='bbox 3218 4599 3433 4653; x_wconf 72' lang='lat' dir='ltr'><strong>Clu-isto</strong></span> 
     </span>
    </p>
   </div>
   <div class='ocr_carea' id='block_1_112' title="bbox 1862 4683 3433 4754">
    <p class='ocr_par' dir='ltr' id='par_1_112' title="bbox 1862 4683 3433 4754">
     <span class='ocr_line' id='line_1_112' title="bbox 1862 4683 3433 4754; baseline 0.004 -19"><span class='ocrx_word' id='word_1_912' title='bbox 1862 4684 2110 4752; x_wconf 87' lang='lat' dir='ltr'><strong>martyris</strong></span> <span class='ocrx_word' id='word_1_913' title='bbox 2132 4683 2445 4737; x_wconf 82' lang='lat' dir='ltr'><strong>concionem</strong></span> <span class='ocrx_word' id='word_1_914' title='bbox 2467 4727 2481 4747; x_wconf 91' lang='lat'><strong>,</strong></span> <span class='ocrx_word' id='word_1_915' title='bbox 2510 4702 2575 4738; x_wconf 87' lang='lat' dir='ltr'><strong>ne</strong></span> <span class='ocrx_word' id='word_1_916' title='bbox 2608 4684 3127 4754; x_wconf 56' lang='lat' dir='ltr'><strong>veatiaiumquidem</strong></span> <span class='ocrx_word' id='word_1_917' title='bbox 3155 4686 3305 4754; x_wconf 84' lang='lat' dir='ltr'><strong>pedis</strong></span> <span class='ocrx_word' id='word_1_918' title='bbox 3332 4688 3433 4741; x_wconf 91' lang='lat' dir='ltr'><strong>hu-</strong></span> 
     </span>
    </p>
   </div>
   <div class='ocr_carea' id='block_1_113' title="bbox 1854 4772 3429 4842">
    <p class='ocr_par' dir='ltr' id='par_1_113' title="bbox 1854 4772 3429 4842">
     <span class='ocr_line' id='line_1_113' title="bbox 1854 4772 3429 4842; baseline 0.004 -19"><span class='ocrx_word' id='word_1_919' title='bbox 1854 4773 1942 4841; x_wconf 87' lang='lat' dir='ltr'><strong>jus</strong></span> <span class='ocrx_word' id='word_1_920' title='bbox 1983 4781 2137 4827; x_wconf 77' lang='lat' dir='ltr'><strong>terra:</strong></span> <span class='ocrx_word' id='word_1_921' title='bbox 2174 4773 2368 4827; x_wconf 71' lang='lat' dir='ltr'><strong>dicitur</strong></span> <span class='ocrx_word' id='word_1_922' title='bbox 2402 4774 2705 4840; x_wconf 72' lang='lat' dir='ltr'><strong>accepisse-</strong></span> <span class='ocrx_word' id='word_1_923' title='bbox 2738 4774 2808 4825; x_wconf 88' lang='lat' dir='ltr'><strong>Ita</strong></span> <span class='ocrx_word' id='word_1_924' title='bbox 2838 4774 2979 4827; x_wconf 90' lang='lat' dir='ltr'><strong>enim</strong></span> <span class='ocrx_word' id='word_1_925' title='bbox 3017 4772 3271 4842; x_wconf 89' lang='lat' dir='ltr'><strong>scriptum</strong></span> <span class='ocrx_word' id='word_1_926' title='bbox 3301 4788 3385 4831; x_wconf 85' lang='lat' dir='ltr'><strong>est</strong></span> <span class='ocrx_word' id='word_1_927' title='bbox 3418 4799 3429 4830; x_wconf 90' lang='lat'>:</span> 
     </span>
    </p>
   </div>
   <div class='ocr_carea' id='block_1_114' title="bbox 1863 4862 3437 4933">
    <p class='ocr_par' dir='ltr' id='par_1_114' title="bbox 1863 4862 3437 4933">
     <span class='ocr_line' id='line_1_114' title="bbox 1863 4862 3437 4933; baseline 0.003 -19"><span class='ocrx_word' id='word_1_928' title='bbox 1863 4862 2004 4915; x_wconf 84' lang='lat' dir='ltr'><strong>Tum:</strong></span> <span class='ocrx_word' id='word_1_929' title='bbox 2023 4879 2250 4933; x_wconf 86' lang='lat' dir='ltr'><strong>egressus</strong></span> <span class='ocrx_word' id='word_1_930' title='bbox 2267 4864 2329 4915; x_wconf 89' lang='lat' dir='ltr'><strong>de</strong></span> <span class='ocrx_word' id='word_1_931' title='bbox 2347 4872 2481 4915; x_wconf 87' lang='lat' dir='ltr'><strong>terra</strong></span> <span class='ocrx_word' id='word_1_932' title='bbox 2498 4863 2852 4915; x_wconf 78' lang='lat' dir='ltr'><strong>Chaldwormn</strong></span> <span class='ocrx_word' id='word_1_933' title='bbox 2869 4863 3109 4916; x_wconf 76' lang='lat' dir='ltr'><strong>habitavit</strong></span> <span class='ocrx_word' id='word_1_934' title='bbox 3132 4864 3184 4917; x_wconf 87' lang='lat' dir='ltr'><strong>in</strong></span> <span class='ocrx_word' id='word_1_935' title='bbox 3201 4864 3397 4917; x_wconf 86' lang='lat' dir='ltr'><strong>Carran</strong></span> <span class='ocrx_word' id='word_1_936' title='bbox 3421 4884 3437 4917; x_wconf 84' lang='grc'><strong>.-</strong></span> 
     </span>
    </p>
   </div>
   <div class='ocr_carea' id='block_1_115' title="bbox 1858 4953 3433 5023">
    <p class='ocr_par' dir='ltr' id='par_1_115' title="bbox 1858 4953 3433 5023">
     <span class='ocr_line' id='line_1_115' title="bbox 1858 4953 3433 5023; baseline 0.004 -22"><span class='ocrx_word' id='word_1_937' title='bbox 1858 4963 1903 5004; x_wconf 83' lang='lat' dir='ltr'><strong>et</strong></span> <span class='ocrx_word' id='word_1_938' title='bbox 1940 4954 2059 5007; x_wconf 86' lang='lat' dir='ltr'><strong>inde</strong></span> <span class='ocrx_word' id='word_1_939' title='bbox 2082 4994 2097 5016; x_wconf 94' lang='lat'><strong>,</strong></span> <span class='ocrx_word' id='word_1_940' title='bbox 2137 4963 2398 5020; x_wconf 80' lang='lat' dir='ltr'><strong>postquam</strong></span> <span class='ocrx_word' id='word_1_941' title='bbox 2430 4962 2653 5004; x_wconf 88' lang='lat' dir='ltr'><strong>mortuus</strong></span> <span class='ocrx_word' id='word_1_942' title='bbox 2678 4965 2748 5003; x_wconf 81' lang='lat' dir='ltr'><strong>est</strong></span> <span class='ocrx_word' id='word_1_943' title='bbox 2773 4963 2915 5018; x_wconf 84' lang='lat' dir='ltr'><strong>pater</strong></span> <span class='ocrx_word' id='word_1_944' title='bbox 2943 4953 3052 5021; x_wconf 86' lang='lat' dir='ltr'><strong>ejus</strong></span> <span class='ocrx_word' id='word_1_945' title='bbox 3074 4993 3089 5017; x_wconf 93' lang='lat'><strong>,</strong></span> <span class='ocrx_word' id='word_1_946' title='bbox 3118 4953 3350 5023; x_wconf 86' lang='lat' dir='ltr'><strong>migravit</strong></span> <span class='ocrx_word' id='word_1_947' title='bbox 3380 4957 3433 5007; x_wconf 88' lang='lat' dir='ltr'><strong>in</strong></span> 
     </span>
    </p>
   </div>
   <div class='ocr_carea' id='block_1_116' title="bbox 1860 5028 3434 5110">
    <p class='ocr_par' dir='ltr' id='par_1_116' title="bbox 1860 5028 3434 5110">
     <span class='ocr_line' id='line_1_116' title="bbox 1860 5028 3434 5110; baseline 0.003 -19"><span class='ocrx_word' id='word_1_948' title='bbox 1860 5051 2062 5101; x_wconf 84' lang='lat' dir='ltr'><strong>terram,</strong></span> <span class='ocrx_word' id='word_1_949' title='bbox 2093 5043 2145 5093; x_wconf 86' lang='lat' dir='ltr'><strong>in</strong></span> <span class='ocrx_word' id='word_1_950' title='bbox 2178 5028 2275 5109; x_wconf 78' lang='lat' dir='ltr'><strong>qua</strong></span> <span class='ocrx_word' id='word_1_951' title='bbox 2314 5056 2398 5091; x_wconf 85' lang='lat' dir='ltr'><strong>vos</strong></span> <span class='ocrx_word' id='word_1_952' title='bbox 2428 5056 2559 5090; x_wconf 85' lang='lat' dir='ltr'><strong>num:</strong></span> <span class='ocrx_word' id='word_1_953' title='bbox 2585 5038 2820 5091; x_wconf 86' lang='lat' dir='ltr'><strong>habitatis</strong></span> <span class='ocrx_word' id='word_1_954' title='bbox 2845 5055 2862 5092; x_wconf 92' lang='lat'><strong><em>:</em></strong></span> <span class='ocrx_word' id='word_1_955' title='bbox 2883 5049 2934 5093; x_wconf 83' lang='lat' dir='ltr'><strong>et</strong></span> <span class='ocrx_word' id='word_1_956' title='bbox 2954 5056 3056 5093; x_wconf 70' lang='lat' dir='ltr'><strong>non</strong></span> <span class='ocrx_word' id='word_1_957' title='bbox 3081 5039 3218 5094; x_wconf 85' lang='lat' dir='ltr'><strong>dedit</strong></span> <span class='ocrx_word' id='word_1_958' title='bbox 3242 5041 3289 5094; x_wconf 88' lang='lat' dir='ltr'><strong>ei</strong></span> <span class='ocrx_word' id='word_1_959' title='bbox 3317 5059 3434 5110; x_wconf 89' lang='lat' dir='ltr'><strong>pos-</strong></span> 
     </span>
    </p>
   </div>
   <div class='ocr_carea' id='block_1_117' title="bbox 1859 5129 3434 5200">
    <p class='ocr_par' dir='ltr' id='par_1_117' title="bbox 1859 5129 3434 5200">
     <span class='ocr_line' id='line_1_117' title="bbox 1859 5129 3434 5200; baseline 0 -15"><span class='ocrx_word' id='word_1_960' title='bbox 1859 5135 2151 5195; x_wconf 81' lang='lat' dir='ltr'><strong>sessionem,</strong></span> <span class='ocrx_word' id='word_1_961' title='bbox 2173 5147 2234 5184; x_wconf 82' lang='lat' dir='ltr'><strong>ite</strong></span> <span class='ocrx_word' id='word_1_962' title='bbox 2254 5131 2519 5200; x_wconf 81' lang='lat' dir='ltr'><strong>vestigium</strong></span> <span class='ocrx_word' id='word_1_963' title='bbox 2532 5129 2733 5198; x_wconf 79' lang='lat' dir='ltr'><strong>quidem</strong></span> <span class='ocrx_word' id='word_1_964' title='bbox 2757 5130 2896 5196; x_wconf 86' lang='lat' dir='ltr'><strong>pedis</strong></span> <span class='ocrx_word' id='word_1_965' title='bbox 2916 5170 2929 5191; x_wconf 91' lang='lat'><strong>,</strong></span> <span class='ocrx_word' id='word_1_966' title='bbox 2956 5147 3106 5198; x_wconf 82' lang='lat' dir='ltr'><strong>quam</strong></span> <span class='ocrx_word' id='word_1_967' title='bbox 3144 5135 3434 5199; x_wconf 79' lang='lat' dir='ltr'><strong>repromisit</strong></span> 
     </span>
    </p>
   </div>
   <div class='ocr_carea' id='block_1_118' title="bbox 1860 5221 3433 5293">
    <p class='ocr_par' dir='ltr' id='par_1_118' title="bbox 1860 5221 3433 5293">
     <span class='ocr_line' id='line_1_118' title="bbox 1860 5221 3433 5293; baseline 0.001 -18"><span class='ocrx_word' id='word_1_968' title='bbox 1860 5228 1984 5275; x_wconf 80' lang='lat' dir='ltr'><strong>dare</strong></span> <span class='ocrx_word' id='word_1_969' title='bbox 2011 5223 2057 5277; x_wconf 86' lang='lat' dir='ltr'><strong>ei</strong></span> <span class='ocrx_word' id='word_1_970' title='bbox 2096 5222 2150 5273; x_wconf 86' lang='lat' dir='ltr'><strong>in</strong></span> <span class='ocrx_word' id='word_1_971' title='bbox 2180 5221 2569 5288; x_wconf 84' lang='lat' dir='ltr'><strong>possessionem,</strong></span> <span class='ocrx_word' id='word_1_972' title='bbox 2600 5228 2646 5272; x_wconf 89' lang='lat' dir='ltr'><strong>et</strong></span> <span class='ocrx_word' id='word_1_973' title='bbox 2670 5222 2853 5273; x_wconf 81' lang='lat' dir='ltr'><strong>semini</strong></span> <span class='ocrx_word' id='word_1_974' title='bbox 2872 5223 2980 5291; x_wconf 83' lang='lat' dir='ltr'><strong>ejus</strong></span> <span class='ocrx_word' id='word_1_975' title='bbox 3007 5232 3117 5288; x_wconf 85' lang='lat' dir='ltr'><strong>post</strong></span> <span class='ocrx_word' id='word_1_976' title='bbox 3160 5239 3273 5275; x_wconf 90' lang='lat' dir='ltr'><strong>eum</strong></span> <span class='ocrx_word' id='word_1_977' title='bbox 3294 5225 3433 5293; x_wconf 81' lang='lat' dir='ltr'><strong>(Act.</strong></span> 
     </span>
    </p>
   </div>
   <div class='ocr_carea' id='block_1_119' title="bbox 1862 5310 3435 5383">
    <p class='ocr_par' dir='ltr' id='par_1_119' title="bbox 1862 5310 3435 5383">
     <span class='ocr_line' id='line_1_119' title="bbox 1862 5310 3435 5383; baseline 0.003 -18"><span class='ocrx_word' id='word_1_978' title='bbox 1862 5315 1913 5365; x_wconf 83' lang='lat'><strong>7.</strong></span> <span class='ocrx_word' id='word_1_979' title='bbox 1941 5314 1994 5365; x_wconf 77' lang='grc'><strong>4.</strong></span> <span class='ocrx_word' id='word_1_980' title='bbox 2025 5320 2071 5364; x_wconf 90' lang='lat' dir='ltr'><strong>et</strong></span> <span class='ocrx_word' id='word_1_981' title='bbox 2097 5311 2278 5379; x_wconf 81' lang='lat' dir='ltr'><strong>seqq.).</strong></span> <span class='ocrx_word' id='word_1_982' title='bbox 2304 5312 2378 5364; x_wconf 78' lang='lat' dir='ltr'><strong>Ac</strong></span> <span class='ocrx_word' id='word_1_983' title='bbox 2407 5326 2473 5365; x_wconf 87' lang='lat' dir='ltr'><strong>ne</strong></span> <span class='ocrx_word' id='word_1_984' title='bbox 2504 5310 2722 5364; x_wconf 80' lang='lat' dir='ltr'><strong>forsitan</strong></span> <span class='ocrx_word' id='word_1_985' title='bbox 2753 5312 2969 5366; x_wconf 86' lang='lat' dir='ltr'><strong>lectoris</strong></span> <span class='ocrx_word' id='word_1_986' title='bbox 2996 5314 3149 5367; x_wconf 80' lang='lat' dir='ltr'><strong>tacita</strong></span> <span class='ocrx_word' id='word_1_987' title='bbox 3181 5315 3435 5383; x_wconf 89' lang='lat' dir='ltr'><strong>cogitatio</strong></span> 
     </span>
    </p>
   </div>
   <div class='ocr_carea' id='block_1_120' title="bbox 1864 5400 3441 5472">
    <p class='ocr_par' dir='ltr' id='par_1_120' title="bbox 1864 5400 3441 5472">
     <span class='ocr_line' id='line_1_120' title="bbox 1864 5400 3441 5472; baseline 0.003 -16"><span class='ocrx_word' id='word_1_988' title='bbox 1864 5403 2035 5457; x_wconf 83' lang='lat' dir='ltr'><strong>trahat</strong></span> <span class='ocrx_word' id='word_1_989' title='bbox 2064 5416 2184 5454; x_wconf 84' lang='lat' dir='ltr'><strong>eum</strong></span> <span class='ocrx_word' id='word_1_990' title='bbox 2210 5400 2275 5453; x_wconf 89' lang='lat' dir='ltr'><strong>ad</strong></span> <span class='ocrx_word' id='word_1_991' title='bbox 2303 5400 2445 5453; x_wconf 83' lang='lat' dir='ltr'><strong>illaut</strong></span> <span class='ocrx_word' id='word_1_992' title='bbox 2475 5400 2897 5471; x_wconf 55' lang='lat' dir='ltr'><strong>intelligentiam,</strong></span> <span class='ocrx_word' id='word_1_993' title='bbox 2928 5413 2983 5456; x_wconf 88' lang='lat' dir='ltr'><strong>ttt</strong></span> <span class='ocrx_word' id='word_1_994' title='bbox 3023 5403 3165 5472; x_wconf 90' lang='lat' dir='ltr'><strong>quod</strong></span> <span class='ocrx_word' id='word_1_995' title='bbox 3209 5420 3313 5460; x_wconf 88' lang='lat' dir='ltr'><strong>non</strong></span> <span class='ocrx_word' id='word_1_996' title='bbox 3355 5416 3441 5460; x_wconf 83' lang='lat' dir='ltr'><strong>est</strong></span> 
     </span>
    </p>
   </div>
   <div class='ocr_carea' id='block_1_121' title="bbox 1922 5551 3440 5624">
    <p class='ocr_par' dir='ltr' id='par_1_121' title="bbox 1922 5551 3440 5624">
     <span class='ocr_line' id='line_1_121' title="bbox 1922 5551 3440 5624; baseline 0.008 -25"><span class='ocrx_word' id='word_1_997' title='bbox 1922 5552 2327 5624; x_wconf 71' lang='lat' dir='ltr'><strong>(c)Vetustiorem</strong></span> <span class='ocrx_word' id='word_1_998' title='bbox 2363 5551 2632 5624; x_wconf 78' lang='lat' dir='ltr'><strong>lectionem</strong></span> <span class='ocrx_word' id='word_1_999' title='bbox 2645 5555 2853 5624; x_wconf 70' lang='lat' dir='ltr'><strong>exhibet</strong></span> <span class='ocrx_word' id='word_1_1000' title='bbox 2884 5556 3088 5624; x_wconf 61' lang='lat' dir='ltr'><strong>Regina:</strong></span> <span class='ocrx_word' id='word_1_1001' title='bbox 3111 5559 3185 5610; x_wconf 80' lang='lat' dir='ltr'><strong>Ms</strong></span> <span class='ocrx_word' id='word_1_1002' title='bbox 3227 5562 3440 5624; x_wconf 76' lang='lat' dir='ltr'><strong>peregri-</strong></span> 
     </span>
    </p>
   </div>
   <div class='ocr_carea' id='block_1_122' title="bbox 1859 5613 3441 5683">
    <p class='ocr_par' dir='ltr' id='par_1_122' title="bbox 1859 5613 3441 5683">
     <span class='ocr_line' id='line_1_122' title="bbox 1859 5613 3441 5683; baseline 0.006 -20"><span class='ocrx_word' id='word_1_1003' title='bbox 1859 5613 1991 5683; x_wconf 74' lang='lat' dir='ltr'><strong>natio</strong></span> <span class='ocrx_word' id='word_1_1004' title='bbox 2011 5626 2115 5683; x_wconf 79' lang='lat' dir='ltr'><strong>mea</strong></span> <span class='ocrx_word' id='word_1_1005' title='bbox 2138 5615 2273 5683; x_wconf 80' lang='lat' dir='ltr'><strong>longe</strong></span> <span class='ocrx_word' id='word_1_1006' title='bbox 2298 5614 2424 5683; x_wconf 53' lang='lat' dir='ltr'><strong>facta</strong></span> <span class='ocrx_word' id='word_1_1007' title='bbox 2446 5622 2531 5666; x_wconf 72' lang='lat' dir='ltr'><strong>est.</strong></span> <span class='ocrx_word' id='word_1_1008' title='bbox 2559 5617 2633 5662; x_wconf 65' lang='lat' dir='ltr'><strong>cui</strong></span> <span class='ocrx_word' id='word_1_1009' title='bbox 2656 5617 2763 5683; x_wconf 63' lang='lat' dir='ltr'><strong>fore</strong></span> <span class='ocrx_word' id='word_1_1010' title='bbox 2781 5613 3441 5683; x_wconf 43' lang='lat' dir='ltr'><strong>concinitAugustinus,Iuni</strong></span> 
     </span>
    </p>
   </div>
   <div class='ocr_carea' id='block_1_123' title="bbox 1865 5674 3443 5750">
    <p class='ocr_par' dir='ltr' id='par_1_123' title="bbox 1865 5674 3443 5750">
     <span class='ocr_line' id='line_1_123' title="bbox 1865 5674 3443 5750; baseline -0.004 -14"><span class='ocrx_word' id='word_1_1011' title='bbox 1865 5674 1986 5736; x_wconf 63' lang='lat'><strong>&#39;98“</strong></span> <span class='ocrx_word' id='word_1_1012' title='bbox 2021 5674 2275 5750; x_wconf 61' lang='grc' dir='ltr'><strong>μπιθῐμιιιηιι</strong></span> <span class='ocrx_word' id='word_1_1013' title='bbox 2310 5676 2440 5750; x_wconf 53' lang='lat' dir='ltr'><strong>(“PM</strong></span> <span class='ocrx_word' id='word_1_1014' title='bbox 2475 5684 2561 5735; x_wconf 64' lang='lat'><strong>&#39;5’.</strong></span> <span class='ocrx_word' id='word_1_1015' title='bbox 2594 5687 2701 5750; x_wconf 55' lang='lat' dir='ltr'><strong>33ml</strong></span> <span class='ocrx_word' id='word_1_1016' title='bbox 2728 5677 2950 5742; x_wconf 73' lang='lat' dir='ltr'><strong>Vulgata,</strong></span> <span class='ocrx_word' id='word_1_1017' title='bbox 2989 5674 3149 5733; x_wconf 71' lang='lat' dir='ltr'><strong>incola</strong></span> <span class='ocrx_word' id='word_1_1018' title='bbox 3184 5682 3289 5746; x_wconf 79' lang='lat' dir='ltr'><strong>fuit,</strong></span> <span class='ocrx_word' id='word_1_1019' title='bbox 3319 5674 3443 5731; x_wconf 61' lang='lat' dir='ltr'><strong>&#39;ctim</strong></span> 
     </span>
    </p>
   </div>
   <div class='ocr_carea' id='block_1_124' title="bbox 1865 5736 2705 5800">
    <p class='ocr_par' dir='ltr' id='par_1_124' title="bbox 1865 5736 2705 5800">
     <span class='ocr_line' id='line_1_124' title="bbox 1865 5736 2705 5800; baseline 0.004 -14"><span class='ocrx_word' id='word_1_1020' title='bbox 1865 5738 2060 5786; x_wconf 56' lang='lat' dir='ltr'><strong>excusis</strong></span> <span class='ocrx_word' id='word_1_1021' title='bbox 2082 5736 2223 5785; x_wconf 66' lang='lat' dir='ltr'><strong>a&#39;ntea</strong></span> <span class='ocrx_word' id='word_1_1022' title='bbox 2248 5736 2335 5799; x_wconf 66' lang='lat' dir='ltr'><strong>et&#39;j</strong></span> <span class='ocrx_word' id='word_1_1023' title='bbox 2355 5736 2568 5800; x_wconf 70' lang='lat' dir='ltr'><strong>let-isque</strong></span> <span class='ocrx_word' id='word_1_1024' title='bbox 2594 5738 2705 5789; x_wconf 81' lang='lat' dir='ltr'><strong>Mss.</strong></span> 
     </span>
    </p>
   </div>
  </div>
