4026 6186
250 269 409 329 ιτιοε

249 400 287 439 ι
329 381 552 439 meridie
587 380 750 436 maris
790 373 1086 435 Salinarum
1118 393 1213 448 per
1243 378 1321 451 (a)
1363 379 1493 435 Sina
1537 389 1592 433 et
1635 378 1836 434 Cades-

146 516 153 541 ι
252 473 457 537 Barue,
483 487 647 542 usque
666 469 734 525 ad
764 478 1053 524 torrentem
1081 469 1316 541 Egypti,
1339 469 1428 540 qui
1453 470 1602 539 juxta
1637 469 1839 523 Rhino-

249 578 507 620 eoruram
528 564 659 617 mari
681 576 873 632 magno
894 561 1171 626 inﬂuit;et
1240 561 1404 633 973
1468 562 1537 615 ab
1560 560 1838 616 occidente

250 653 437 722 ipsum
456 669 622 716 mare,
649 650 792 721 quod
815 651 1134 717 Palaestinae,
1157 651 1419 714 Pliasuici,
1442 651 1612 722 Syriae
1633 649 1832 716 lees,

248 744 561 811 Ciliciaeque
583 739 661 816 (b)
684 742 1045 812 protenditur;
1068 742 1136 795 ab
1154 743 1403 811 aquilone
1421 742 1658 796 Taurum
1685 757 1838 795 tuon-

245 843 439 889 temet
462 833 783 904 Zephyrium
809 848 976 903 usque
1000 832 1215 894 Ematb,
1243 848 1362 903 qua:
1382 833 1685 901 appellatur
1709 832 1834 899 Epi-

242 923 446 993 phania
487 924 683 995 Syrize;
724 923 790 977 ad
830 924 1091 978 orientem
1120 938 1249 977 vero
1288 938 1386 992 per
1410 922 1750 977 Antiochiam
1778 929 1834 975 et

238 1012 423 1067 lacum
461 1012 724 1069 Ceneretlt
748 1054 764 1079 ,
787 1029 908 1084 quae
945 1028 1086 1067 nunc
1123 1012 1383 1084 Tyberias
1419 1012 1740 1083 appellatur,
1778 1021 1834 1066 et

233 1104 537 1160 Jordanem
558 1147 574 1172 ,
604 1107 695 1175 qui
739 1105 875 1161 mari
922 1104 1096 1159 inﬂuit
1131 1103 1474 1169 Salinarum,
1503 1104 1645 1174 quod
1688 1117 1834 1158 nunc

232 1194 514 1251 Mortuum
548 1197 777 1262 dicitur;
809 1207 958 1251 trans
983 1196 1275 1252 Iordanem
1313 1206 1490 1251 autem
1517 1197 1745 1251 duarum
1775 1205 1832 1252 et

230 1286 412 1340 semis
441 1286 673 1341 tribuum
703 1287 972 1355 possessio
995 1296 1100 1353 est,
1130 1286 1316 1341 Ruben
1348 1296 1402 1341 et
1426 1285 1567 1352 Gad,
1592 1296 1648 1341 et
1673 1287 1833 1340 dimi-

231 1376 350 1430 diae
372 1376 540 1431 tribus
561 1377 820 1431 Mauassc.
852 1377 917 1430 Et
937 1391 1036 1445 ego
1058 1374 1265 1430 fatebor
1286 1375 1403 1429 haec
1429 1376 1521 1428 tibi
1548 1376 1830 1444 repromis-

233 1481 301 1520 sa
322 1506 341 1532 ,
372 1481 477 1520 non
506 1467 697 1521 tradita
721 1484 736 1518 :
759 1467 804 1521 si
830 1467 1175 1521 observasses
1209 1464 1458 1519 mandata
1504 1464 1636 1528 Dei,
1680 1473 1735 1519 et
1773 1465 1825 1518 in

236 1557 526 1625 praeceptis
555 1556 694 1609 illius
721 1554 1100 1618 ambulasses;
1125 1555 1171 1609 si
1201 1570 1306 1608 non
1334 1569 1433 1623 pro
1458 1555 1827 1623 omnipotente

236 1646 360 1701 Deo
378 1646 635 1699 coluisses
657 1644 989 1713 Beelpbegor
1007 1654 1062 1698 et
1089 1644 1163 1714 (ο)
1188 1643 1414 1707 Baalim,
1448 1643 1750 1698 Beelzebub
1772 1653 1828 1697 et

234 1733 506 1797 Clmmos;
538 1747 671 1802 quos
702 1734 824 1802 quia
867 1732 1146 1801 prmtulisti
1186 1732 1330 1796 Deo,
1355 1732 1535 1785 omnia
1573 1747 1694 1801 quae
1732 1732 1825 1785 tibi

235 1824 505 1892 promissa
546 1824 793 1887 fuerant,
828 1821 1124 1891 perdidisti.
1167 1822 1233 1875 Et
1270 1821 1406 1874 milii
1444 1822 1495 1875 in
1536 1822 1825 1890 Evangelia

234 1914 625 1982 promittuntur
651 1927 813 1980 regna
838 1911 1122 1973 ccelorum,
1146 1927 1264 1979 quae
1292 1911 1706 1966 instrumentum
1734 1926 1826 1966 ve-

237 2014 327 2058 tus
347 2004 566 2058 omnino
584 2018 688 2056 non
711 2004 970 2057 nominat.
999 2001 1107 2056 Sed
1132 2003 1175 2054 si
1207 2017 1313 2055 non
1338 2001 1519 2056 fecero
1542 2019 1663 2072 qua:
1686 2018 1824 2072 prae-

232 2104 393 2162 cepta
422 2106 567 2155 sunt,
590 2108 925 2161 nequaquam
949 2093 1052 2146 erit
1071 2092 1228 2161 culpa
1255 2092 1309 2146 in
1338 2092 1822 2160 protnitteute,sed

232 2185 295 2238 in
323 2200 410 2239 me
432 2185 523 2254 qui
562 2186 886 2252 promissum
913 2184 1157 2253 accipere
1183 2198 1289 2236 non
1320 2185 1512 2237 merui.
1554 2183 1650 2238 Ubi
1677 2184 1821 2238 enim

236 2278 391 2346 optio
419 2276 732 2345 proponitur
756 2275 824 2330 ad
854 2274 1158 2344 eligendum
1178 2314 1201 2341 ,
1228 2276 1318 2344 qui
1352 2276 1570 2345 operari
1598 2277 1778 2331 renuis
1797 2318 1819 2343 ,

232 2367 435 2422 frustra
462 2367 644 2435 cupias
673 2365 814 2436 quod
844 2365 1169 2432 promissum
1205 2372 1306 2419 est.
1328 2351 1476 2433 Lege
1511 2366 1703 2421 librum
1729 2366 1821 2421 Jo-

232 2471 336 2513 sne
358 2465 412 2511 et
433 2456 703 2519 Iudicum,
733 2465 784 2510 et
804 2454 1017 2524 quantis
1041 2455 1439 2522 possessionum
1463 2456 1724 2523 angustiis
1743 2457 1818 2510 sis

232 2555 559 2612 coarctatus,
581 2545 866 2615 intelliges.
891 2545 1030 2611 Quid
1051 2545 1382 2600 diversarum
1406 2546 1616 2600 urbium
1637 2547 1820 2602 alieni-

231 2653 402 2711 genas
437 2652 893 2703 commemorem,
927 2652 1063 2703 quos
1100 2638 1330 2707 populus
1364 2637 1671 2692 Iudaeorum
1712 2653 1821 2693 non

232 2729 403 2799 quivit
429 2728 699 2797 expellere
735 2725 803 2782 de
828 2725 1046 2782 urbibus
1070 2736 1125 2781 et
1149 2726 1365 2781 sedibus
1393 2728 1526 2791 suis,
1550 2741 1675 2781 cum
1703 2727 1817 2796 ipsa

234 2818 548 2887 metropolis
578 2827 663 2873 tua
693 2817 842 2887 prius
860 2816 1023 2872 Jebus
1040 2857 1055 2880 ,
1080 2824 1264 2885 postea
1294 2815 1472 2873 Salem
1492 2858 1507 2880 ,
1538 2818 1697 2871 tertio
1719 2817 1817 2872 Je-

235 2909 526 2980 rosolyma,
547 2917 603 2964 et
627 2923 771 2963 nunc
799 2906 962 2972 Elia,
992 2907 1269 2962 Jebuszeos
1296 2908 1569 2977 expellere
1596 2924 1700 2964 non
1728 2924 1821 2962 va-

234 3000 423 3063 luerit;
447 2999 543 3054 sed
563 3000 821 3055 manserit
838 3012 961 3052 cum
980 2999 1061 3054 eis
1082 2999 1134 3052 in
1156 2999 1468 3053 scandalum
1490 3001 1817 3068 exemplum-

235 3103 341 3160 tpte
372 3089 663 3147 vicinorum
689 3106 703 3144 :
738 3087 1000 3141 intant'um
1031 3096 1089 3141 ut
1122 3087 1192 3142 ibi
1224 3086 1484 3156 templum
1512 3096 1659 3141 tuum
1688 3105 1813 3143 eon-

235 3179 405 3233 ditum
450 3179 555 3242 sit,
589 3177 677 3232 ubi
717 3191 844 3231 area
885 3176 1030 3232 Orne
1070 3175 1232 3231 fuerit
1254 3177 1510 3242 .lebusaai,
1543 3187 1597 3232 et
1639 3179 1816 3248 ipsum

237 3268 492 3336 templum
523 3267 861 3336 septuaginta
882 3266 1104 3320 millium
1128 3267 1209 3336 (d)
1233 3267 1574 3330 latomormn,
1596 3277 1651 3322 et
1670 3280 1816 3323 octo-

235 3360 377 3428 ginta
402 3359 625 3413 millium
642 3368 940 3423 vectorum,
956 3357 1057 3411 hoc
1073 3368 1176 3422 est,
1194 3367 1409 3412 centum
1430 3360 1817 3430 quinquaginta

236 3446 489 3511 millium,
507 3447 747 3516 exceptis
768 3446 1069 3515 praepositis
1085 3459 1305 3514 operum
1318 3485 1334 3511 ,
1356 3461 1465 3514 prae
1479 3447 1818 3504 multitudine

235 3535 588 3590 habitantium
614 3546 787 3591 tecum
818 3535 1342 3600 incircumcisorum,
1372 3536 1447 3591 ab
1468 3536 1697 3592 ethnicis
1723 3552 1820 3593 ex-

236 3635 470 3681 tructum
498 3626 590 3680 sit.

306 3716 361 3770 6.
398 3714 508 3772 Nee
545 3716 647 3772 hoc
684 3715 806 3772 dico
842 3715 897 3770 in
929 3716 1350 3787 suggillationem
1392 3726 1549 3773 terra:
1583 3718 1817 3785 Iudaeae,

237 3815 299 3860 ut
338 3806 618 3860 haereticus
660 3806 987 3877 sycophanta
1018 3806 1303 3871 mentitur;
1333 3815 1426 3861 aut
1450 3821 1559 3876 quo
1582 3809 1817 3864 auferam

233 3895 471 3951 historiae
497 3895 770 3949 veritatem
795 3933 812 3958 ,
838 3909 957 3962 qua:
987 3893 1383 3948 fundamentum
1407 3903 1490 3948 est
1515 3895 1817 3964 intelligen-

235 3989 322 4041 tia;
343 3984 620 4055 Spiritalis,
642 3986 733 4038 sed
756 3992 816 4038 ut
838 3984 1101 4038 decutiam
1125 3983 1466 4052 supercilium
1488 3982 1819 4052 ludzeorum,

233 4075 320 4147 qui
368 4086 649 4145 synagoga:
685 4071 952 4140 angustias
974 4112 990 4139 ,
1026 4071 1280 4127 Ecclesia:
1319 4070 1579 4127 latitudini
1623 4072 1817 4142 praefe-

241 4174 387 4222 rnnt.
415 4164 471 4219 Si
497 4164 639 4218 enim
664 4162 993 4218 occidentem
1025 4171 1224 4218 tantum
1250 4173 1544 4234 sequuntur
1610 4164 1777 4238 975,

244 4258 513 4319 litteram,
540 4264 594 4309 et
622 4270 726 4308 non
751 4254 992 4323 spiritum
1014 4254 1386 4320 vivificantem,
1405 4256 1686 4311 ostendant
1713 4267 1819 4312 ter-

233 4361 350 4400 ram
394 4345 823 4414 repromissionis
869 4343 1008 4399 lacte
1051 4352 1107 4399 et
1150 4344 1310 4400 melle
1353 4355 1675 4401 manantem.
1723 4347 1817 4403 Sin

298 4501 373 4562 (a)
397 4498 485 4562 Sic
504 4499 701 4562 quidem
726 4498 846 4562 editi
871 4509 927 4545 ac
948 4497 1064 4547 Mss.
1088 4504 1235 4562 atque
1256 4496 1529 4562 Eucberius
1551 4499 1659 4560 ipse
1695 4500 1822 4562 legit

235 4557 366 4610 sitia.
390 4559 488 4608 Sed
513 4557 884 4621 emendandum,
906 4557 1168 4621 cogiendit'
1197 4557 1444 4621 Relandus
1484 4557 1650 4621 vocem
1671 4557 1783 4610 Sina
1803 4596 1827 4621 ,.

240 4628 293 4682 et
313 4620 543 4669 substitui
564 4619 664 4679 sin,
690 4618 940 4682 necenim
960 4618 1197 4682 βίῳ-ϋηο
1220 4620 1452 4682 pertinet,
1478 4626 1531 4668 et
1562 4617 1821 4682 liquetSiu

245 4680 511 4742 legendum
533 4678 737 4730 esseex
755 4679 897 4729 Num.
913 4678 993 4742 54,
1007 4679 1055 4727 4.
1070 4678 1173 4742 Ego
1196 4678 1314 4727 vero
1336 4678 1496 4742 malim
1519 4678 1821 4732 subétituen-

242 4739 357 4788 dum
377 4749 529 4789 sanna
565 4754 649 4801 pro
668 4741 779 4801 Sina
803 4754 866 4789 ex
893 4739 1067 4801 eodem
1088 4739 1433 4801 Numerorum
1461 4740 1591 4791 loco.
1607 4743 1648 4789 Α
1672 4751 1821 4793 meri-

234 4800 320 4849 die
345 4802 474 4849 enim
494 4799 638 4849 maris
650 4800 917 4859 salsisimi,
935 4800 1013 4848 vel
1031 4799 1290 4849 salinarum
1314 4814 1401 4859 per
1417 4800 1580 4850 Senna
1599 4810 1652 4851 et
1666 4804 1821 4855 Cades

234 4860 660 4922 Barnetransitur,
686 4870 782 4911 etc.
809 4859 1019 4922 Consule
1034 4874 1269 4922 mappam.
1293 4859 1433 4922 Hier.
1464 4863 1631 4912 iisdem
1656 4867 1821 4914 verbis

236 4921 357 4986 iu_c.
389 4921 470 4986 4].
508 4922 779 4986 Ezechielis
814 4921 945 4971 hunc
978 4920 1302 4986 Numerorum
1338 4920 1496 4969 locum
1533 4923 1782 4986 explicans
1802 4963 1815 4984 ,

244 4999 268 5027 ι
288 4981 332 5029 Α
363 4981 621 5032 solitudine
643 4983 727 5033 Sin
742 4995 889 5043 ,rqnte
906 4988 992 5043 est
1006 4982 1153 5043 juxta
1174 4980 1435 5043 Edam"...
1457 4996 1546 5042 per
1566 4980 1819 5034 ascensum

237 5043 535 5105 Scorpionis,
560 5053 613 5092 et
649 5040 964 5105 per'SlgNNA
981 5040 1074 5100 ,‘et
1096 5040 1509 5105 Cades-Barne.1..
1528 5049 1820 5105 pervenitur

235 5114 396 5165 usque
418 5103 484 5167 ad;
500 5103 769 5167 torrentem
791 5103 1005 5167 :Egypti,
1026 5104 1110 5166 qui
1142 5104 1287 5166 juxta
1320 5103 1494 5151 urbem
1521 5103 1819 5155 Rhinocoru-

237 5164 339 5214 ratn
363 5165 479 5212 mari
502 5164 675 5213 influit.
699 5179 722 5208 ι

304 5222 376 5283 (b)
407 5224 756 5285 Bonamantea
779 5224 1020 5285 editorum
1045 5222 1307 5285 lectionem
1335 5223 1571 5285 depravat
1593 5225 1815 5277 Martian.

237 5282 415 5346 legens
442 5282 767 5346 ρΙιωηὶι-ἰδξγγει
787 5282 1487 5346 pertenditur._llesarcitur'ex
1503 5290 1679 5336 nostris
1701 5288 1817 5337 Mss.

236 5344 336 5409 i_nio
373 5346 519 5395 etiam
558 5356 622 5409 ex
657 5344 964 5409 pluuiacensi
1000 5344 1125 5409 apud
1165 5346 1412 5407 eumdem,
1454 5352 1507 5396 et
1543 5346 1733 5398 laudata
1756 5349 1817 5398 ad

239 5404 471 5474 Faustum
490 5404 723 5474 epistola.

300 5467 372 5587 ﬁt?
407 5465 624 5516 Veteres
640 5467 765 5538 editi
787 5469 920 5516 Baat.

360 5527 379 5586 )
412 5525 657 5577 Numerus
676 5527 911 5577 artiﬁcum

360 5527 379 5586 )
412 5525 657 5590 Numerus
676 5527 911 5577 artiﬁcum
947 5528 996 5577 iu
1012 5526 1260 5590 Scriptura
1277 5528 1424 5578 etiam
1442 5529 1678 5579 versionis
1697 5529 1816 5579 Hie-

238 5597 345 5635 ron.
369 5588 563 5652 ponitur
596 5589 705 5637 vice
741 5601 908 5652 versa,
934 5588 1137 5651 nempe'
1158 5607 1180 5652 ς
1201 5592 1513 5652 septuaginta
1549 5591 1699 5639 millia
1727 5606 1813 5639 eo-

238 5660 345 5699 rum
365 5648 451 5711 qui
474 5660 625 5699 onera
649 5649 920 5711 portabant,
946 5656 999 5701 et
1019 5648 1273 5712 octoginta
1285 5648 1434 5702 millia
1459 5651 1761 5703 latomorum.
1790 5670 1812 5698 ι

1593 267 1917 325 EPISTULA
1955 269 2192 325 CXXIX.

3382 281 3523 336 “06

1943 392 2119 434 autem
2171 396 2267 450 per
2320 383 2662 452 trupolngiam
2712 382 2912 438 dictum
2970 395 3154 453 putant
3199 402 3293 456 pro
3340 402 3517 444 rerum

1943 470 2179 524 omnium
2244 472 2563 527 abundantia
2610 489 2626 525 :
2672 482 2726 527 et
2776 487 2874 527 nos
2929 484 3122 529 terram
3172 478 3521 533 confessioiiis

1944 567 2245 629 terramque
2290 563 2573 616 viventium
2603 604 2619 627 ,
2671 570 2825 617 terra:
2861 564 3099 632 veprium
3143 564 3514 631 prtelerennts,
3558 605 3565 636 ί

1940 646 2151 703 dicente
2188 651 2413 705 Domino
2452 651 2517 705 ad
2554 652 2766 720 Moysen
2801 651 2868 706 de
2907 652 3203 720 altjcctione
3231 651 3438 707 lsraelis
3467 665 3523 709 et
3558 656 3564 662 “

1938 742 2297 809 assumptione
2315 743 2583 812 gentium,
2614 742 2822 796 Dimitte
2847 759 2946 809 me,
2976 754 3028 797 ut
3055 745 3249 797 deleam
3276 746 3520 814 populum

1938 826 2108 890 istum,
2135 841 2181 883 et
2207 833 2394 900 faciam
2420 842 2468 885 te
2492 833 2546 885 in
2571 844 2767 902 gentem
2793 849 3028 903 magnam
3051 832 3245 903 (Exod.
3277 832 3367 887 32.
3402 835 3516 904 l0).

1939 916 2005 971 Et
2031 918 2217 974 eodem
2257 920 2413 976 Patre
2437 922 2505 976 ad
2534 924 2693 975 liliutn
2713 964 2729 987 ,
2764 922 2977 978 Postulo
3002 941 3034 977 a
3063 940 3174 989 me,
3201 934 3247 978 et
3274 925 3404 979 dabo
3432 926 3521 978 tibi

1936 1009 2281 1066 hereditatem
2308 1023 2469 1080 tuam,
2489 1024 2535 1068 et
2561 1016 2919 1080 possessionem
2946 1026 3085 1069 tuam
3111 1017 3348 1071 terminos
3376 1026 3522 1070 terra:

1936 1099 2112 1164 (Psai.
2140 1102 2196 1157 ε.
2224 1104 2304 1172 8).
2336 1105 2401 1160 Et
2425 1106 2660 1175 apertius
2687 1091 2782 1177 per
2810 1107 3033 1171 Isaiam,
3066 1106 3260 1160 Parum
3291 1107 3377 1160 tibi
3402 1117 3474 1160 est
3503 1146 3520 1171 ,

1934 1201 1989 1243 ut
2016 1193 2087 1246 sis
2116 1210 2241 1262 puer
2267 1211 2406 1251 meas
2432 1197 2504 1250 ad
2525 1197 2846 1251 suscitandas
2868 1199 3025 1251 tribus
3050 1194 3210 1251 Jarob
3229 1238 3244 1260 ,
3272 1206 3319 1251 et
3350 1201 3479 1267 feces
3505 1236 3519 1254 .

1934 1281 2019 1335 vel
2075 1285 2313 1354 reliquias
2368 1286 2535 1342 Israel
2573 1289 2968 1359 eoagregandas.
3009 1288 3144 1343 Dedi
3185 1298 3232 1341 te
3272 1289 3323 1341 in
3355 1287 3516 1341 lucem

1930 1375 2122 1429 cunctis
2160 1379 2388 1445 gentibus
2410 1419 2425 1442 ,
2458 1388 2513 1432 ut
2553 1380 2623 1434 sis
2650 1380 2874 1435 salvator
2920 1381 3164 1433 universa:
3195 1389 3342 1433 terra:
3364 1380 3382 1448 (
3404 1378 3514 1432 lsa.

1930 1461 2019 1518 49.
2047 1463 2139 1533 6).
2174 1465 2251 1520 Ex
2276 1482 2380 1536 quo
2404 1469 2680 1537 perspicue
2708 1468 3106 1524 demonstratur
3123 1510 3140 1532 ,
3167 1467 3346 1521 omnia
3374 1467 3515 1520 illius

1932 1553 2110 1620 popttli
2153 1554 2206 1607 itt
2247 1556 2430 1610 umbra
2474 1566 2527 1611 et
2566 1568 2692 1629 typo
2715 1598 2731 1622 ,
2773 1566 2828 1612 et
2867 1558 3095 1627 imagine
3132 1558 3470 1628 praecessisse
3498 1597 3513 1619 ,

1929 1639 2122 1707 scripta
2159 1652 2340 1697 autem
2374 1658 2495 1699 esse
2534 1659 2630 1715 pro
2668 1646 2858 1711 nobis,
2904 1647 2957 1699 in
2993 1660 3127 1715 quos
3163 1648 3298 1699 lines
3330 1645 3514 1700 saeculi

1927 1726 2299 1783 decurrerunt.
3350 1788 3355 1791 _

1998 1816 2052 1869 7.
2091 1816 2275 1881 Multa,
2305 1820 2511 1886 Judtce,
2542 1822 2745 1876 scelera
2774 1823 3109 1890 commisisti,
3137 1822 3344 1877 cunctis
3370 1821 3511 1876 circa

1928 1916 1980 1960 te
2005 1908 2213 1963 servisti
2237 1912 2555 1967 nationibus.
2578 1913 2659 1969 Ob
2678 1915 2817 1984 quod
2842 1914 3075 1970 factum?
3096 1902 3277 1984 utique
3297 1924 3515 1984 propter

1927 1996 2297 2053 idololatrian].
2341 2000 2581 2073 Cumque
2609 2004 2872 2060 servisses
2899 2005 3089 2060 crebro
3112 2045 3131 2071 ,
3157 2004 3408 2058 misertus
3438 2004 3514 2056 tui

1925 2095 2006 2137 est
2036 2084 2193 2150 Deus,
2226 2098 2279 2141 et
2309 2092 2452 2144 misit
2478 2091 2691 2148 .ludices
2716 2102 2771 2147 et
2797 2094 3112 2156 salvatores,
3139 2094 3229 2164 qui
3260 2100 3311 2147 te
3336 2092 3404 2147 de
3430 2091 3511 2145 fa-

1926 2174 2125 2228 mulatu
2152 2175 2499 2232 Moabitarunt
2525 2193 2579 2236 et
2604 2166 3050 2248 Amtnonitarum,
3074 2182 3354 2238 Pliilistiim
3376 2197 3512 2252 quo-

1923 2280 2029 2334 que
2053 2275 2108 2321 et
2133 2267 2463 2324 diversarum
2487 2273 2722 2341 gentium
2747 2273 3059 2328 liberarunt.
3091 2272 3387 2328 Novissime
3402 2270 3511 2326 "sub

1924 2355 2139 2425 regibus
2184 2357 2448 2414 offendisti
2497 2361 2704 2428 Deum,
2748 2370 2802 2418 et
2848 2344 3021 2416 omnis
3064 2371 3151 2417 tua
3197 2361 3509 2432 provincia,

1922 2455 2080 2516 gente
2104 2446 2173 2518 (ε)
2203 2448 2520 2520 Babylonica
2547 2460 2808 2517 vastante,
2834 2453 3009 2509 deleta
3035 2461 3138 2508 est.
3166 2451 3272 2507 Per
3294 2459 3513 2520 septua-

1921 2538 2065 2606 ginta
2106 2553 2277 2593 annos
2317 2541 2496 2609 templi
2537 2542 2768 2597 solitudo
2800 2544 3108 2612 permansit.
3140 2542 3184 2595 Α
3213 2530 3353 2611 Cyro
3382 2553 3511 2607 rege

1923 2624 2205 2682 Persarum
2233 2637 2317 2699 est
2353 2629 2528 2684 laxata
2555 2632 2852 2700 captivitas.
2889 2633 3088 2690 Esdras
3119 2630 3222 2685 hoc
3249 2638 3304 2686 et
3329 2628 3508 2684 Nelte-

1924 2714 2058 2787 mias
2099 2716 2402 2785 planissime
2444 2720 2699 2775 referunt.
2742 2722 3082 2777 Exstructum
3119 2727 3204 2775 est
3248 2718 3504 2787 templum

1922 2805 2023 2859 sub
2047 2805 2206 2862 Dario
2227 2823 2352 2878 rege
2376 2808 2656 2865 Persarum
2684 2820 2844 2882 atque
2865 2812 3134 2867 Medorum
3161 2825 3193 2865 a
3213 2807 3508 2863 Zorobabel

1924 2892 2032 2947 lilio
2058 2894 2343 2964 Salatliiel,
2371 2908 2427 2953 et
2447 2898 2572 2954 Jesu
2605 2901 2713 2955 lilio
2736 2900 2962 2957 Josedec
2988 2900 3264 2956 sacerdote
3291 2913 3505 2969 magno.

1922 2981 2052 3048 Qua:
2079 2986 2221 3052 passi
2248 2986 2365 3041 sitis
2387 3003 2416 3040 a
2444 2987 2635 3056 Medis,
2659 2989 2923 3062 Egyptiis
2939 3032 2954 3057 ,
2981 2990 3461 3059 Macedonibusque
3486 3030 3504 3056 ,

1918 3085 2030 3148 non
2054 3086 2330 3128 enumera.
2360 3075 2467 3131 Nec
2493 3078 2585 3132 tibi
2611 3079 2870 3151 adducam
2902 3080 2956 3134 in
2984 3080 3293 3134 memoriam
3319 3079 3508 3134 Antiu-

1922 3162 2080 3218 cltum
2101 3164 2427 3233 Epipliauem
2442 3170 2865 3225 crudelissimum
2882 3173 3118 3226 omnium
3137 3179 3502 3242 tyrannorum,

1923 3266 2022 3305 nec
2057 3252 2159 3306 Gn.
2202 3253 2511 3323 Pompeium
2538 3297 2553 3321 ,
2581 3258 2625 3313 G
2644 3260 2861 3314 tbiniutu
2884 3302 2900 3325 ,
2934 3264 3196 3316 Scaurum
3222 3301 3238 3326 ,
3271 3260 3463 3315 Varum
3487 3301 3503 3325 ,

1921 3343 2163 3398 Cassium
2189 3386 2217 3410 ν
2245 3346 2562 3418 Susianique
2601 3353 2867 3419 replicabo
2893 3394 2910 3419 ,
2945 3354 3034 3423 qui
3075 3353 3177 3408 tuis
3206 3352 3425 3409 urbibus
3453 3365 3509 3405 et

1925 3436 2187 3504 praecipue
2214 3435 2561 3508 Jerosolymae
2606 3440 2944 3497 insultavere.
2974 3442 3056 3497 Ad
3085 3450 3382 3500 extremum
3408 3442 3509 3495 sub

1924 3522 2251 3593 Vespasiano
2280 3537 2335 3580 et
2364 3528 2482 3582 'I‘ito
2514 3532 2639 3585 urbs
2670 3543 2819 3604 capta
2846 3575 2862 3600 ,
2893 3536 3255 3606 templumque
3282 3534 3503 3590 subver.

1921 3629 2042 3669 sum
2065 3625 2168 3669 est.
2204 3617 2401 3673 Deinde
2423 3621 2653 3676 civitatis
2677 3640 2842 3692 usque
2867 3625 2933 3679 ad
2964 3625 3285 3680 Hadrianum
3312 3624 3509 3695 princi-

1923 3720 2043 3773 pem
2073 3721 2168 3774 per
2199 3706 2575 3778 quinquaginta
2611 3727 2782 3765 annos
2815 3727 3059 3768 mansere
3083 3715 3340 3782 reliquiae.
3381 3713 3509 3766 Post

1921 3801 2254 3855 eversionem
2296 3801 2501 3872 Templi
2547 3806 2703 3871 paulo
2742 3806 2917 3858 minus
2961 3822 3055 3874 per
3091 3805 3507 3876 quadringentos

1920 3890 2087 3962 975
2159 3906 2332 3945 annos
2379 3902 2432 3946 et
2488 3894 2632 3947 urbis
2662 3905 2715 3947 et
2760 3897 2939 3966 templi
2970 3898 3139 3952 ruina:
3165 3907 3503 3966 permanent.

1922 3977 2003 4033 0b
2039 3978 2180 4048 quod
2210 3988 2411 4036 tantum
2453 3981 2697 4036 facinus?
2724 3983 2884 4040 Certe
2912 4001 3014 4040 non
3041 3986 3174 4041 colis
3201 3985 3339 4040 idola
3358 4026 3377 4053 ,
3407 3987 3505 4041 sed

1922 4070 2082 4124 etiam
2121 4071 2360 4125 serviens
2389 4072 2566 4127 Persis
2593 4085 2751 4143 atque
2780 4075 3033 4129 [tertianis
3054 4116 3071 4140 ,
3101 4085 3156 4130 et
3184 4075 3508 4146 captivitatis

1923 4173 2139 4230 pressus
2159 4160 2308 4232 jugo,
2332 4163 2547 4232 ignoras
2571 4164 2781 4220 alienos
2799 4166 2950 4222 deus.
2978 4166 3255 4233 Quomodo
3272 4168 3509 4224 clemen-

1926 4250 2161 4305 tissimus
2180 4252 2444 4320 quondam
2473 4253 2634 4319 Deus,
2657 4258 2745 4324 qui
2775 4271 3040 4325 nunquam
3067 4257 3142 4311 tui
3165 4258 3358 4317 oblitus
3383 4267 3461 4314 est
3491 4276 3504 4313 :

1924 4355 2067 4394 nunc
2087 4356 2181 4407 per
2204 4352 2347 4396 tanta
2372 4347 2539 4413 spatia
2564 4353 2861 4413 temporum
2886 4347 3117 4419 miseriis
3155 4349 3256 4402 tuis
3277 4364 3382 4403 non
3408 4349 3506 4405 ad-

1922 4428 2225 4494 ducitur,ut
2249 4432 2419 4485 solvat
2444 4435 2582 4501 capti
2593 4435 2833 4502 vitalem,
2849 4444 2902 4489 et
2929 4446 2985 4490 ut
3011 4438 3187 4492 verius
3211 4437 3511 4505 dicam,ex-

1928 4528 2194 4589 pectatmu
2217 4523 2307 4576 tibi
2332 4524 2508 4578 mittat
2528 4524 2947 4579 Anticliristum?
2967 4525 3047 4581 Ob
3079 4524 3244 4595 quod,
3268 4528 3507 4596 inquam,
3543 4527 3547 4531 ’

1925 4610 2128 4666 facinus
2151 4653 2165 4674 ,
2194 4625 2248 4668 et
2284 4624 2389 4666 tam
2425 4615 2727 4670 execrabile
2764 4616 2942 4669 scelus
2968 4616 3160 4669 avertit
3183 4630 3213 4669 a
3243 4624 3298 4671 te
3323 4617 3508 4672 oculos

1924 4704 2090 4757 suos?
2136 4705 2384 4774 Ignoras?
2428 4706 2695 4760 Memento
2738 4704 2883 4757 vocis
2929 4713 3208 4771 parentum
3251 4713 3504 4771 tuorum,

1927 4794 2153 4862 Sanguis
2173 4795 2280 4863 ejus
2306 4809 2456 4861 super
2485 4809 2576 4846 nos
2600 4833 2613 4852 ,
2642 4801 2688 4845 et
2713 4808 2866 4859 super
2890 4793 3025 4859 ﬁlios
3050 4804 3249 4848 nostros
3273 4794 3293 4865 (
3316 4794 3505 4849 Matth.

1923 4881 2010 4936 27-
2045 4884 2161 4949 25).
2199 4885 2281 4945 lit,
2324 4881 2497 4933 l’enite
2522 4882 2807 4933 occidamus
2832 4898 2973 4940 eum.
3006 4894 3053 4935 et
3082 4893 3254 4936 nostra
3281 4886 3374 4937 erit
3402 4885 3509 4939 Ita!-

1923 4975 2111 5025 redims
2143 4969 2318 5039 (Ibid.
2358 4970 2450 5023 2|.
2485 4970 2579 5036 8).
2625 4970 2685 5022 Et
2711 5011 2723 5027 .
2756 4959 2854 5023 non
2898 4972 3135 5024 habemus
3172 4990 3378 5043 regem,
3407 4978 3506 5032 nisi

1923 5058 2170 5114 Ca'surrm
2198 5056 2392 5126 (Joun.
2428 5058 2513 5113 l9.
2549 5061 2613 5111 l5
2635 5069 2676 5127 ).
2710 5059 2882 5112 "alios
2912 5064 3049 5128 quol
3077 5064 3305 5131 elengli,
3338 5082 3505 5137 usque

1923 5149 1989 5201 ad
2022 5148 2175 5200 finem
2209 5147 2387 5200 mundi
2418 5148 2711 5202 serviturus
2734 5164 2792 5203 es
2821 5150 3039 5215 Cn-sat'i,
3070 5153 3243 5211 donec
3264 5159 3497 5226 gentium
3554 5177 3561 5188 '

1924 5241 2146 5295 introeat
2179 5238 2450 5307 plenitudo
2473 5281 2487 5303 ,
2514 5249 2567 5296 et
2593 5240 2670 5294 sic
2697 5242 2871 5295 omnis
2900 5243 3058 5299 Israel
3086 5246 3262 5300 salvus
3290 5249 3381 5304 llat
3402 5293 3418 5316 ,
3449 5262 3507 5308 ut

1921 5330 2010 5399 qui
2038 5329 2303 5398 quondam
2330 5338 2439 5383 erat
2474 5330 2526 5384 in
2552 5332 2744 5400 capite,
2773 5344 3007 5388 vertatur
3037 5336 3088 5388 in
3115 5338 3359 5394 caudam;

1992 5421 2046 5475 8.
2086 5418 2210 5474 Haec
2237 5420 2350 5483 tibi,
2379 5420 2926 5491 vireloquentissime,
2952 5424 3002 5478 in
3025 5426 3093 5497 (Ῑ)
3110 5425 3334 5495 duplicis
3365 5432 3507 5487 Prae-

1986 5530 2054 5604 (ς)
2088 5528 2315 5604 anedam
2340 5537 2533 5581 vetusta
2572 5531 2787 5595 exempl.
2814 5536 2939 5596 apud
2964 5534 3106 5587 Mart.
3134 5537 3394 5602 Babylonio
3415 5555 3505 5604 pm

1917 5598 2054 5654 gente
2090 5589 2392 5654 [febylomcm
2724 5589 2738 5595 “
2818 5589 2857 5653 γ’
3234 5589 3260 5602 "
3320 5614 3339 5627 .-

1984 5653 2058 5714 (f)
2090 5652 2174 5703 Bis
2190 5652 2385 5731 nempe
2411 5657 2559 5717 Puer.
2586 5652 2821 5708 νρηειοδὶσ
2843 5655 3111 5710 Galliarum
3134 5658 3243 5712 fuit.
3267 5662 3329 5715 ist
3352 5674 3505 5728 pinna
