4026 6186
1893 275 2133 333 SANCTI

2269 277 2548 336 ERONYMI
3727 290 3758 347 I
3773 289 3890 350 108

2275 388 2413 458 quod
2442 389 2510 443 ad
2539 389 2968 458 iinprecationem
2993 391 3070 461 (ά)
3099 392 3384 462 pontificis,
3410 395 3740 454 flammeum
3770 387 3896 456 vir-

2273 479 2498 546 giualem
2527 487 2760 534 sanctum
2787 482 3053 548 operuerit
3077 490 3266 548 caput;
3293 492 3346 539 et
3371 485 3502 541 illud
3542 489 3887 557 apostolica

2273 567 2417 619 vocis
2448 567 2683 634 insigne,
2707 568 3032 622 celebratum
3062 571 3130 622 sit
3160 590 3173 625 :
3210 569 3335 626 Volo
3364 587 3534 630 autem
3563 593 3653 632 vos
3687 594 3885 638 omnes

601 280 736 336 “07

597 393 812 446 tectura:
839 392 1037 446 honore
1061 395 1346 451 transacto,
1366 386 1577 440 nuncin
1597 387 1809 441 Chrish
1834 388 2164 447 honoratior.

596 482 935 536 tumultuaria
961 488 1014 532 et
1041 478 1188 531 brevi
1217 476 1579 530 lucubratione
1607 476 1799 531 dictavi
1823 519 1839 544 ,
1872 495 1938 532 ne
1962 478 2171 532 viderer

597 572 814 625 omnino
851 568 1091 621 reticere.
1131 564 1334 619 Eodem
1361 564 1503 618 enim
1536 573 1776 635 tempore
1799 607 1814 632 ,
1846 568 1952 619 imo
1979 567 2168 620 eodem

595 659 723 713 mihi
751 656 839 710 die
861 696 876 718 ,
905 664 955 709 et
987 654 1174 708 litteras
1203 661 1305 706 tua:
1329 653 1549 708 redditae
1574 664 1716 721 sunt,
1745 665 1800 709 et
1827 669 1960 709 mea:
1987 656 2060 724 (α)
2078 669 2169 706 cx-

543 791 554 822 ;
595 746 791 814 petitur,
823 752 991 796 utaut
1021 743 1299 797 tacendum
1331 742 1520 809 fuerit,
1547 752 1638 798 aut
1665 745 1933 814 incompto
1957 745 2168 811 eloquio

592 829 1020 898 respondendum
1062 848 1075 882 :
1113 845 1338 900 quorum
1383 831 1607 886 alterunt
1648 831 1902 901 pudoris,
1942 832 2166 886 alterum

590 920 828 974 caritatis
852 929 953 974 est.

1040 1027 1367 1084 EPISTOLA
1405 1027 1600 1084 cxxx
1622 1029 1720 1101 (ὁ).

1114 1141 1194 1193 An
1233 1139 1640 1192 DEIETRIADEI.

1032 1248 1111 1303 De
1137 1249 1383 1302 servanda
1420 1246 1739 1318 Virginitate.

589 1360 792 1415 Laudat
821 1361 1186 1415 Demetriadem
1221 1358 1493 1428 Virginem,
1516 1358 1742 1414 Iuliam:
1767 1361 1946 1428 filiam,
1973 1367 2170 1429 neptem

662 1444 847 1498 Proba
868 1485 883 1509 ,
910 1444 1046 1513 quod
1070 1460 1124 1496 se
1149 1442 1346 1496 Christo
1371 1443 1710 1507 consecrarit;
1740 1441 1946 1495 hortans
1974 1451 2029 1494 ut
2055 1457 2171 1511 per-

659 1546 842 1589 severet
862 1545 1058 1604 ,utque
1079 1534 1250 1588 statim
1273 1533 1397 1588 obsit
1421 1533 1734 1586 instinctibus
1760 1531 1948 1586 diaboli
1973 1532 2168 1586 sollici-

660 1629 814 1680 tantis
838 1628 906 1679 ad
930 1628 1118 1694 turpia.
1147 1625 1225 1679 De
1248 1625 1437 1688 studio,
1466 1625 1528 1678 de
1546 1625 1762 1694 jejunio.
1785 1625 1848 1678 de
1866 1623 2164 1690 obedientia,

659 1715 723 1768 de
751 1715 1000 1784 fugiendis
1020 1715 1152 1784 jocis
1175 1755 1188 1777 ,
1216 1714 1508 1780 caeterisque
1530 1714 1698 1780 rebus,
1729 1728 1843 1783 quae
1867 1713 1936 1764 ad
1960 1714 2168 1783 virginis

661 1805 942 1857 institutum
970 1806 1216 1873 pertinent
1240 1845 1256 1868 ,
1289 1804 1534 1872 prwcipit.

660 1895 713 1947 1.
767 1892 906 1947 Inter
949 1908 1135 1947 omnes
1177 1894 1464 1958 materias,
1517 1907 1648 1962 quas
1695 1893 1762 1947 ab
1809 1893 2166 1948 adolescentia

588 1997 757 2053 usque
785 1981 850 2035 ad
879 1983 1013 2036 hanc
1037 1991 1268 2046 :ctatem,
1293 1981 1375 2034 vel
1405 1997 1542 2047 inea,
1577 1983 1656 2035 vel
1688 1983 2012 2036 notariorum
2042 1984 2168 2037 scri-

588 2073 670 2140 psi
741 2071 907 2142 976
978 2085 1176 2135 manu,
1224 2070 1350 2124 nihil
1393 2073 1637 2138 prmsenti
1675 2087 1839 2141 opere
1879 2071 2162 2127 difficilius.

588 2163 894 2226 Scripturus
929 2161 1071 2216 enim
1109 2163 1176 2214 ad
1217 2161 1610 2215 Demetriadem
1642 2163 1896 2231 virginem
1926 2162 2122 2218 Chriin
2148 2207 2163 2232 ,

585 2268 705 2320 qua:
728 2259 784 2304 et
808 2249 1079 2304 nobilitate
1108 2258 1160 2302 et
1185 2248 1402 2313 divitiis,
1433 2249 1598 2317 prima
1628 2259 1710 2304 est
1739 2251 1790 2303 in
1820 2253 1948 2304 orbe
1975 2251 2166 2305 Itoma-

585 2357 658 2394 nu
678 2383 690 2404 ,
724 2342 766 2394 si
797 2351 986 2396 cuncta
1015 2340 1294 2392 virtutibus
1318 2337 1432 2406 ejus
1458 2353 1688 2408 congrua
1712 2340 1898 2394 dixero
1919 2382 1934 2406 ,
1963 2342 2164 2397 adulari

583 2430 813 2498 putabor
839 2446 854 2483 :
881 2430 926 2484 si
955 2427 1196 2499 quazdam
1234 2427 1547 2482 subtraxero
1569 2469 1584 2493 ,
1614 2443 1681 2483 ne
1719 2429 2046 2484 incredibilia
2079 2432 2160 2484 vi-

584 2520 832 2585 deantur,
847 2517 1097 2572 damnum
1121 2516 1362 2571 laudibus
1377 2516 1492 2586 ejus
1508 2533 1624 2572 mea
1645 2519 1797 2574 faciet
1819 2519 2163 2577 verecundia.

584 2607 722 2673 Quid
745 2607 902 2677 igitur
921 2605 1148 2661 faciam?
1167 2605 1316 2672 Quod
1340 2605 1561 2675 implere
1584 2621 1687 2660 non
1712 2621 1948 2676 possum,
1973 2625 2166 2679 negare

585 2711 693 2750 non
721 2697 893 2752 audeo
921 2715 934 2750 :
965 2704 1107 2749 tanta
1137 2704 1220 2749 est
1246 2695 1376 2748 aviae
1405 2695 1522 2763 ejus
1551 2705 1604 2749 et
1629 2696 1812 2750 matris
1836 2737 1852 2762 ,
1881 2697 2162 2766 insignium

582 2786 899 2841 feminarum
923 2827 938 2850 ,
969 2785 1020 2838 in
1043 2784 1277 2855 jubendu
1306 2784 1590 2838 auctoritas
1609 2825 1625 2848 ,
1652 2785 1704 2838 in
1733 2784 1961 2854 petendo
1986 2785 2122 2840 fides
2144 2828 2160 2854 ,

584 2876 638 2930 in
665 2875 1031 2945 extorquendo
1059 2873 1467 2943 perseverantia.
1499 2871 1679 2942 Neque
1708 2873 1848 2928 enim
1878 2882 1938 2928 ut
1966 2889 2160 2930 novum

583 2973 642 3020 et
668 2966 988 3034 prmcipuum
1013 2963 1262 3034 quiddam
1281 2977 1311 3016 a
1333 2976 1418 3016 me
1438 2961 1700 3030 ﬂagitant,
1723 2965 1873 3031 cujus
1894 2963 2161 3032 ingenium

583 3056 640 3108 in
680 3053 1042 3124 hujuscemodi
1067 3051 1321 3112 ,materiis
1357 3066 1500 3122 saepe
1537 3051 1787 3107 detritum
1815 3061 1897 3106 est
1926 3069 1942 3106 :
1971 3053 2065 3108 sed
2096 3070 2162 3110 ne

582 3145 728 3199 vocis
751 3159 905 3208 mese,
935 3159 1030 3212 pro
1057 3142 1189 3195 virili
1221 3150 1390 3210 parte,
1417 3140 1555 3195 desit
1581 3140 1939 3195 testimonium
1969 3143 2021 3196 in
2045 3143 2160 3212 ejus

581 3234 866 3288 virtutibus
897 3231 1226 3298 explicandis
1248 3271 1264 3295 ,
1299 3231 1448 3298 cujus
1478 3238 1536 3282 ut
1572 3229 1753 3300 inclyti
1788 3232 2013 3286 oratoris
2043 3241 2161 3286 utar

581 3323 845 3377 sententia
871 3362 885 3385 ,
915 3321 984 3390 (τ)
1013 3321 1145 3387 Spes
1190 3319 1355 3387 magis
1398 3317 1655 3372 laudanda
1702 3330 1822 3385 est,
1850 3335 2008 3391 quam
2049 3337 2157 3377 res.

581 3411 894 3480 Quanquam
939 3410 1195 3476 puellares
1221 3420 1390 3460 annos
1419 3406 1540 3459 fidei
1564 3406 1757 3461 ardore
1783 3413 2078 3477 superarit;
2106 3421 2162 3467 et

581 3499 705 3552 inde
729 3497 969 3565 coeperit,
991 3495 1128 3548 unde
1145 3495 1276 3547 alias
1299 3492 1526 3559 desisse,
1553 3492 1800 3562 perfectae
1823 3511 2160 3554 consumma-

583 3599 754 3654 t:cqnc
780 3585 985 3637 virtutis
1011 3593 1114 3635 est.

652 3676 707 3728 2.
751 3674 938 3728 Procul
963 3671 1054 3744 [aL
1079 3672 1141 3723 sit
1165 3667 1363 3740 procul]
1384 3669 1699 3725 obtrectatio
1729 3689 1742 3724 :
1772 3672 1996 3728 facessat
2025 3676 2158 3732 invi-

579 3765 684 3817 dia.
709 3763 916 3817 Nullum
941 3762 990 3814 in
1011 3760 1296 3814 ambitione
1317 3758 1386 3812 sit
1403 3757 1626 3812 crimen.
1652 3759 1820 3829 ignoti
1839 3763 1903 3816 ad
1926 3763 2158 3833 ignotam

580 3856 883 3918 scribimus,
899 3852 1173 3905 dumtaxat
1183 3849 1331 3918 juxta
1347 3847 1530 3901 faciem
1544 3850 1898 3918 corporalem.
1909 3853 2157 3924 Alioquin

579 3945 803 4002 interior
820 3943 999 4006 homo,
1016 3940 1233 4011 pulchre
1247 3936 1346 3992 sibi
1362 3937 1604 4006 cognitus
1618 3950 1700 3993 est
1721 3940 1805 3993 illa
1829 3943 2035 4010 notitia,
2053 3960 2156 4014 qua

579 4045 633 4088 et
654 4034 845 4087 Paulus
867 4030 1140 4101 apostolus
1153 4026 1497 4081 Colossenses
1509 4026 1809 4098 multosque
1821 4032 2153 4089 credentium

581 4130 822 4187 noverat,
844 4135 978 4189 quos
1003 4129 1126 4172 ante
1151 4130 1256 4169 non
1281 4114 1503 4168 viderat.
1526 4114 1792 4182 Quantum
1813 4122 1884 4176 sit
1903 4123 2041 4195 apud
2066 4141 2156 4181 me

580 4214 849 4273 meritum,
877 4212 983 4264 imo
1010 4207 1322 4262 miraculum
1347 4206 1564 4275 virginis
1587 4217 1802 4276 nostrae,
1831 4211 1955 4269 hinc
1981 4225 2155 4285 potest

579 4301 868 4364 :cstimari,
918 4297 1059 4367 quod
1105 4304 1390 4364 occupatus
1439 4295 1492 4349 iu
1539 4297 1907 4365 explanatione
1949 4303 2154 4374 Templi

580 4388 897 4450 Ezechielis,
929 4386 1070 4455 quod
1094 4400 1225 4454 opus
1254 4383 1307 4437 in
1338 4384 1582 4438 omnibus
1606 4386 1894 4458 Scripturis
1918 4395 2118 4450 sanctis
2136 4436 2153 4462 ,

581 4478 664 4532 vel
691 4475 1062 4530 difficillimum
1101 4481 1299 4528 est:et
1335 4472 1390 4525 in
1424 4486 1486 4526 ea
1526 4485 1672 4542 parte
1708 4477 1930 4547 delubri,
1966 4484 2022 4537 in
2053 4499 2156 4554 qua

578 4571 773 4624 Sancta
797 4577 1127 4630 sanctorum,
1154 4573 1209 4619 et
1234 4564 1590 4634 thymiamatis
1613 4566 1781 4624 altare
1807 4570 2153 4643 describitur,

579 4659 739 4714 malui
761 4673 1049 4729 parumper
1071 4656 1143 4710 uti
1162 4655 1262 4710 hoc
1278 4654 1610 4721 diverticulo,
1634 4664 1692 4710 ut
1714 4655 1782 4712 de
1803 4659 1956 4715 altari
1985 4673 2157 4719 trans-

581 4753 712 4806 irem
747 4749 815 4803 ad
855 4749 1042 4810 altare,
1070 4757 1122 4802 et
1151 4746 1374 4801 hostiam
1398 4744 1592 4811 vivam,
1617 4748 1912 4815 placentem
1942 4750 2070 4818 Deo,
2094 4768 2156 4808 ac

579 4841 696 4895 sine
719 4838 823 4893 ulla
846 4837 1072 4904 macula,
1095 4846 1310 4890 :eternze
1331 4832 1598 4903 pudicitiae
1617 4850 2006 4895 consecrarem.
2033 4841 2158 4898 Scio

512 5021 518 5027 ’
578 5025 780 5084 quidem
814 5019 1110 5084 Prcheclura
1127 5021 1409 5084 _i_n__a_n_num
1447 5019 1613 5084 incidit
1633 5020 1743 5084 499.
1780 5028 1836 5071 ut
1857 5025 2042 5084 optime
2065 5023 2159 5074 Go-

580 5080 834 5136 thofredus
865 5095 931 5132 ex
956 5081 1092 5144 Lege
1117 5080 1315 5131 CLXXI.
1340 5081 1438 5144 Tit.
1479 5083 1524 5144 l.
1561 5082 1625 5144 de
1649 5080 2022 5144 Centurionibus
2047 5100 2061 5144 ;
2085 5086 2156 5134 al-

581 5156 688 5196 tera
714 5155 832 5193 vero
865 5146 914 5191 in
937 5155 1016 5191 an.
1034 5141 1148 5191 ⁷413.
1176 5151 1234 5205 ut
1254 5155 1318 5191 ex
1341 5141 1684 5204 Olympiodoro
1704 5143 1830 5205 apud
1851 5141 2082 5194 Photium
2109 5149 2157 5196 in

580 5210 739 5266 gestis
775 5205 919 5264 hujus
947 5205 1087 5266 anui,
1128 5212 1179 5252 et
1201 5204 1392 5266 Tironis
1415 5205 1643 5266 Prosperi
1675 5204 1913 5266 Chronico
1950 5209 2157 5256 eruitur.

581 5265 652 5316 Ad
679 5265 956 5316 Dardanum
981 5265 1108 5314 hunc
1142 5265 1392 5326 epistolam
1415 5265 1586 5314 scribit
1609 5265 1756 5313 etiam
1778 5265 2094 5326 Augustinus.

645 5329 719 5390 (α)
745 5325 893 5392 Forte
917 5328 1101 5374 rectius
1124 5327 1270 5373 habet
1293 5325 1494 5392 Regina:
1519 5325 1788 5388 exemplar,
1811 5333 1856 5375 et
1866 5325 2000 5376 mea:
2016 5341 2161 5392 expe-

578 5387 718 5448 Jitie',
742 5387 921 5448 idest,
946 5394 1186 5448 exaratis,
1206 5387 1447 5448 conm-ue.

671 5445 720 5508 ὁ)
748 5445 875 5508 dias
897 5448 945 5503 8,
967 5446 1153 5508 Scripta
1176 5445 1448 5496 eodJauno.
1467 5445 1576 5494 4l4.

671 5450 699 5497 b
748 5450 875 5494 Alias
897 5450 945 5503 8,
967 5450 1153 5508 Scripta
1176 5450 1285 5496 eod.
1309 5460 1448 5495 mino.
1467 5450 1576 5494 414.

644 5450 720 5570 ξας
742 5505 1002 5571 Ciceronis
1023 5508 1158 5571 haue
1190 5508 1354 5571 fuisse
1373 5509 1663 5571 sententiam
1689 5509 1735 5556 in
1758 5508 1950 5571 Dialog.
1975 5508 2039 5558 de
2061 5508 2158 5571 Be-

725 5566 870 5614 docet
892 5567 1095 5616 Servius
1127 5570 1174 5616 in
1199 5569 1283 5617 \‘l.
1307 5569 1561 5622 Aineidos,
1584 5570 1666 5617 ubi
1697 5582 1806 5619 eam
1837 5566 1971 5619 his'ce
1997 5570 2162 5620 verbis

580 5629 778 5674 mauu.
810 5625 896 5690 s_0
923 5627 1071 5690 lj‘anni
1110 5643 1252 5678 ausa
1286 5627 1520 5686 difﬁcilis,
1555 5628 1753 5679 laudare
1788 5643 2024 5690 puerum,
2065 5643 2160 5680 non

589 5698 722 5738 suam
737 5695 820 5735 res
844 5683 1092 5749 laudanda,
1116 5690 1203 5738 sed
1228 5703 1342 5744 st-es
1367 5697 1460 5738 cst.
1487 5683 1516 5735 »⁷
1538 5690 1754 5740 Affertur
1777 5683 1924 5741 etiam
1947 5702 1975 5739 a
2009 5683 2159 5750 Quiu-

2272 655 2510 724 virginem
2533 666 2720 708 castam
2744 655 2971 710 exhibere
2993 655 3213 714 Christo.
3233 659 3454 728 Quando
3479 659 3651 722 astitit
3677 672 3880 738 regina

2273 757 2302 794 a
2329 742 2527 796 dextris
2556 745 2691 810 ejus,
2726 744 2775 797 in
2805 746 2992 798 realitu
3020 745 3294 813 deaurato,
3324 749 3654 808 «ircumdata
3685 760 3880 813 varie-

2274 839 2396 884 tate.
2465 831 2578 898 Qua
2625 843 2769 886 veste
2819 833 3103 903 polymita,
3153 845 3208 889 et
3265 841 3548 895 multarum
3597 846 3878 902 virtutum

2271 919 2430 990 977
2503 919 2811 976 diversitate
2840 932 3108 988 contexta,
3141 925 3353 981 indutus
3390 927 3494 984 fuit
3525 941 3581 985 et
3611 933 3827 1004 Josepb
3852 978 3869 1002 ,

2271 1021 2326 1063 et
2374 1025 2555 1077 regum
2603 1013 2870 1080 quondam
2920 1016 3203 1068 utebantur
3246 1017 3385 1073 filizc.
3443 1021 3598 1079 Unde
3641 1036 3701 1078 et
3752 1030 3869 1096 ipsa

2273 1113 2466 1167 sponsa
2481 1100 2690 1154 matur
2709 1116 2772 1155 ac
2791 1101 2957 1156 dicit:
2984 1101 3277 1159 Introduxit
3301 1122 3378 1160 me
3392 1125 3482 1163 rea:
3497 1112 3548 1164 in
3562 1115 3869 1170 cubiculum

2271 1205 2419 1241 smmi
2448 1190 2633 1259 (Cant.
2668 1191 2718 1245 1.
2749 1193 2782 1244 5
2800 1191 2844 1258 ).
2876 1191 3251 1262 Sodaliumque
3292 1200 3578 1265 rcSpoudet
3607 1203 3817 1260 chorus
3850 1225 3865 1260 :

2275 1275 2451 1330 Omnis
2491 1279 2654 1347 gloria
2677 1280 2801 1347 ﬁliae
2823 1281 2953 1350 regis
2978 1283 3278 1337 intrinsecus
3303 1284 3320 1355 (
3349 1287 3436 1340 Ps.
3461 1289 3548 1344 44.
3586 1292 3718 1362 14).
3755 1295 3867 1351 Sed

2271 1376 2325 1420 et
2355 1378 2530 1422 nostra
2586 1370 2756 1422 oratio
2789 1369 2934 1424 dabit
2961 1372 3157 1440 aliquid
3182 1377 3544 1433 emolumenti.
3578 1381 3867 1453 Equorum

2270 1471 2457 1510 cursus
2485 1456 2660 1510 favore
2690 1459 2952 1526 pernicior
2981 1461 3058 1517 fit.
3091 1461 3329 1530 Pugilum
3371 1467 3621 1522 fortitudo
3646 1472 3868 1528 clamo-

2271 1546 2416 1600 ribus
2446 1547 2719 1601 incitatur:
2743 1559 2952 1616 paratas
2977 1549 3042 1603 ad
3072 1552 3308 1618 praelium
3340 1558 3501 1622 acies,
3531 1560 3871 1631 strictosque

2270 1650 2550 1688 mucrones
2573 1677 2586 1697 ,
2619 1652 2794 1689 sermo
2840 1637 3177 1704 Imperatoris
3215 1643 3473 1699 accendit.
3522 1645 3688 1713 Igitur
3717 1659 3780 1704 et
3809 1652 3866 1705 in

2270 1736 2318 1782 ο,
2342 1739 2430 1774 ore
2463 1726 2728 1788 pra-scuti,
2757 1726 2870 1777 avia
2898 1726 3108 1793 quidem
3139 1739 3407 1798 materque
3438 1733 3860 1804 plantaverunt;

2269 1810 2361 1862 sed
2383 1821 2432 1862 el
2458 1827 2556 1865 nos
2576 1812 2883 1881 rigabimus,
2907 1827 2959 1869 et
2987 1816 3242 1872 Dominus
3269 1820 3657 1880 incrementum
3683 1829 3860 1885 dabit.

2339 1898 2390 1950 5.
2434 1896 2728 1954 Ιίιιειυηιω
2764 1901 3038 1972 disciplina
3073 1915 3156 1960 est
3178 1948 3192 1972 ,
3220 1909 3289 1962 ab
3324 1911 3435 1966 avis
3462 1921 3516 1967 et
3547 1918 3766 1985 atavis,
3805 1931 3862 1975 et

2269 1987 2412 2040 omni
2453 1999 2596 2043 retro
2641 1991 2951 2062 nobilitate,
2982 2009 3174 2052 ornare
3201 1996 3473 2069 (e)quem
3515 2003 3710 2062 laudes
3735 2051 3754 2074 ,
3801 2021 3859 2066 ut

2268 2093 2535 2131 ramorum
2571 2081 2900 2136 sterilitatem
2924 2123 2940 2150 ,
2970 2085 3118 2139 radix
3149 2087 3388 2144 foecunda
3413 2106 3732 2162 compenset
3756 2139 3773 2164 ,
3803 2109 3857 2155 et

2268 2167 2408 2235 quod
2433 2172 2485 2222 in
2516 2169 2684 2224 fructu
2712 2186 2816 2226 non
2846 2181 3048 2239 teneas,
3079 2176 3285 2233 mireris
3310 2179 3364 2233 in
3393 2189 3602 2238 trunco.
3631 2185 3857 2244 Scilicet

2267 2273 2406 2311 nunc
2439 2257 2567 2313 mihi
2598 2259 2892 2317 Proborum
2923 2273 2976 2318 et
3008 2261 3344 2336 Olybriorum
3378 2271 3521 2326 clara
3559 2279 3853 2344 repetenda
3910 2332 3916 2337 ,

2267 2356 2390 2401 sniit
2429 2350 2643 2404 nomina
2674 2369 2688 2406 :
2716 2362 2770 2406 et
2809 2352 3010 2408 illustre
3038 2357 3208 2411 Anicii
3249 2362 3518 2430 sanguinis
3553 2381 3724 2433 genus
3750 2410 3766 2434 ,
3801 2369 3851 2423 in

2266 2452 2372 2504 quo
2399 2446 2492 2491 aut
2516 2439 2715 2507 nullus,
2745 2450 2837 2496 aut
2865 2457 3017 2497 rarus
3041 2455 3142 2511 est,
3169 2447 3259 2516 qui
3290 2463 3398 2504 non
3426 2456 3684 2510 meruerit
3710 2456 3855 2511 Con.

2266 2529 2514 2580 sulatum.
2544 2530 2649 2582 Aut
2678 2529 3110 2604 proferenduslf)
3130 2534 3380 2606 Olybrius
3403 2541 3623 2610 virginis
3651 2557 3851 2601 nostra:

2267 2623 2435 2683 pater,
2467 2632 2622 2685 quem
2656 2619 2932 2675 immatura
2963 2633 3134 2678 morte
3161 2625 3490 2684 subtractum
3521 2630 3695 2686 Roma
3721 2650 3850 2689 con-

2264 2705 2478 2772 gemuit.
2511 2706 2710 2762 Vcreor
2735 2709 2883 2778 plura
2907 2710 3103 2775 dicere.
3130 2729 3198 2768 ne
3221 2727 3418 2772 sancta:
3443 2723 3628 2775 matris
3657 2726 3850 2780 vulnus

2263 2808 2574 2862 exasperem
2599 2837 2616 2862 ,
2646 2807 2700 2851 et
2729 2799 2978 2853 virtutum
3007 2801 3124 2870 ejus
3152 2805 3450 2866 recordatio
3473 2848 3487 2872 ,
3523 2810 3615 2864 flat
3646 2813 3847 2869 doloris

2263 2881 2594 2940 instauratio.
2621 2886 2744 2940 Pius
2765 2888 2921 2949 filius.
2944 2890 3026 2944 vir
3043 2893 3305 2960 amabilis,
3325 2895 3562 2953 clemens
3575 2900 3843 2970 dominus,

2262 2977 2394 3029 civis
2418 2976 2657 3041 affabilis,
2684 2979 2880 3035 Consul
2902 2981 3111 3050 quidem
3139 2984 3191 3038 iu
3221 2989 3474 3055 pueritia;
3504 2991 3600 3047 sed
3628 3010 3834 3050 morum

2263 3062 2495 3117 bonitate
2522 3063 2747 3121 Senator
2774 3068 3046 3124 illustrior.
3081 3071 3226 3127 Felix
3255 3086 3423 3131 morte
3453 3092 3549 3133 sua
3571 3122 3586 3146 ,
3615 3084 3704 3151 qui
3737 3099 3842 3138 nor

2262 3154 2391 3206 vidit
2438 3156 2658 3221 patriam
2697 3169 3067 3225 corruentcm;
3111 3161 3218 3215 imo
3261 3163 3462 3220 felicior
3499 3169 3723 3237 sobole,
3750 3175 3841 3241 qui

2263 3241 2610 3298 thttelriadis
2635 3247 2864 3314 proavize
2893 3248 3222 3304 nobilitatem
3249 3291 3264 3315 ,
3292 3251 3634 3323 insigniorem
3667 3260 3846 3315 reddi-

2261 3333 2355 3396 dit,
2388 3332 2730 3388 Demetriadis
2761 3335 2881 3389 filizc
2907 3347 3156 3405 perpetua
3184 3341 3444 3396 castitate.

2331 3421 2384 3474 4.
2418 3419 2609 3475 Verum
2631 3423 2752 3492 quid
2774 3425 2906 3493 ago?
2926 3425 3134 3480 Oblitus
3164 3431 3438 3496 propositi,
3461 3433 3588 3487 dum
3609 3434 3842 3493 admiror

2254 3509 2526 3578 juvenem,
2561 3511 2770 3567 laudavi
2800 3513 2997 3583 aliquid
3033 3515 3293 3571 bonorum
3323 3523 3656 3577 smcularium
3677 3565 3694 3588 ,
3721 3542 3839 3583 cum

2261 3599 2312 3652 in
2338 3614 2403 3650 eo
2427 3599 2554 3653 mihi
2583 3601 2728 3671 virgo
2753 3605 2919 3671 magis
2946 3613 3125 3657 nostra
3151 3605 3412 3662 laudanda
3439 3610 3528 3675 sit,
3555 3614 3699 3682 quod
3730 3616 3841 3672 lucc

2262 3687 2504 3742 universa
2531 3691 2936 3760 contempserit,
2967 3692 3104 3760 quod
3131 3708 3189 3746 se
3215 3709 3322 3748 nou
3349 3698 3602 3764 nobilem,
3631 3716 3735 3756 non
3757 3704 3841 3758 di-

2259 3781 2399 3834 vitiis
2429 3783 2824 3850 prmpollentem
2846 3822 2861 3848 ,
2889 3783 2984 3838 sed
3020 3784 3285 3839 hominem
3313 3789 3578 3858 cogitarit.
3608 3789 3836 3846 Incredi-

2257 3869 2381 3924 bilis
2405 3870 2568 3924 animi
2599 3868 2872 3937 fortitudo,
2899 3871 3034 3926 inter
3061 3888 3298 3942 gemmas
3320 3885 3374 3929 et
3403 3878 3632 3934 sericum
3661 3897 3674 3933 :
3701 3881 3836 3936 inter

2259 3959 2622 4013 cunuchorum
2646 3967 2701 4013 et
2728 3959 3016 4027 puellarum
3037 3971 3308 4028 eatervas,
3329 3975 3379 4017 et
3401 3966 3752 4022 adulationem
3773 3985 3837 4025 ac

2259 4046 2552 4102 ministeria
2579 4045 2790 4102 familia:
2817 4053 3217 4118 perstrepentis,
3245 4060 3299 4105 et
3324 4056 3614 4123 exquisitas
3637 4059 3833 4126 epulas,

2259 4151 2391 4204 quas
2434 4137 2622 4206 amplae
2666 4136 2856 4190 domus
2900 4139 3169 4207 praebebat
3204 4141 3546 4210 abundantia,
3577 4150 3836 4216 appetisse

2259 4239 2375 4277 eam
2400 4224 2720 4294 jejuniorum
2750 4224 3006 4290 laborem,
3033 4230 3374 4297 asperitatem
3401 4235 3639 4300 vestium,
3666 4239 3834 4292 victus

2259 4315 2654 4368 continentiam.
2694 4315 2918 4384 Legerat
2975 4316 3116 4371 enim
3181 4319 3386 4375 Domini
3440 4324 3591 4374 verba
3663 4324 3827 4396 978

2263 4404 2490 4460 dicentis
2519 4419 2534 4459 :
2567 4404 2668 4471 Qui
2707 4405 2941 4460 mollibus
2975 4408 3253 4461 vestiuntur
3275 4451 3290 4476 ,
3329 4411 3381 4464 in
3413 4411 3635 4466 domibus
3659 4431 3831 4484 regum

2261 4513 2376 4553 sunt
2399 4500 2611 4570 (Matth.
2637 4501 2722 4554 11.
2750 4500 2824 4568 8).
2856 4501 3110 4570 Stupebat
3133 4501 3198 4555 ad
3222 4507 3680 4559 converSaIiuncm
3711 4508 3833 4562 Elia:

2259 4600 2313 4645 et
2358 4591 2569 4646 loannis
2601 4590 2885 4658 Baptistre,
2916 4607 3140 4660 quorum
3182 4603 3400 4662 uterque
3443 4609 3576 4647 zona
3618 4597 3832 4664 pellicea

2260 4682 2502 4735 astrinxit
2540 4689 2594 4734 et
2635 4679 2972 4734 mortificavit
3007 4680 3217 4735 lomlios
3258 4696 3380 4736 suos
3407 4699 3421 4734 :
3453 4682 3591 4736 alter
3626 4686 3837 4740 venisse

2262 4779 2504 4825 narratur
2531 4769 2580 4822 in
2606 4768 2792 4838 spiritu
2818 4779 2868 4822 et
2895 4769 3086 4824 virtute
3113 4770 3263 4836 Eliso,
3287 4785 3572 4840 pra-cursor
3595 4771 3831 4840 Domini,

2261 4961 2429 5025 tiliano
2461 4959 2495 5010 l.
2525 4961 2598 5009 10.
2627 4975 2672 5010 c.
2697 4961 2744 5010 5.
2765 4961 2856 5010 Vid
2896 4963 3199 5025 superiorem
3238 4965 3378 5025 epist.
3419 4965 3476 5012 ad
3508 4964 3834 5018 Gaudentium

2265 5023 2420 5071 initio.

2327 5082 2405 5145 (d)
2439 5080 2669 5148 intelligo
2692 5082 2942 5148 Aurelium
2961 5083 3236 5146 Carthagin.
3267 5100 3315 5147 ej
3337 5087 3572 5148 iscopum.
3595 5087 3711 5137 Mox
3737 5099 3837 5140 erat

2265 5157 2420 5207 penes
2444 5144 2856 5207 llart.operuit._
3017 5203 3028 5207 _
3144 5144 3154 5146 ἡ
3228 5205 3237 5207 _
3303 5144 3333 5207 ’λ
3441 5144 3456 5183 7

2330 5206 2398 5274 (ς)
2431 5205 2545 5274 Alit.
2576 5203 2719 5266 quam
2741 5203 3040 5274 taudathvel'
3055 5216 3207 5274 quem
3219 5205 3412 5274 laudas:

2329 5267 2404 5326 (1⁸)
2436 5265 2597 5329 Antea
2627 5265 3159 5329 eratAOlzbriiaVetus
3196 5268 3446 5329 inscriptio
3486 5269 3655 5318 Musa-i
3693 5274 3834 5319 nostri

2264 5325 2518 5389 domestici
2563 5325 2835 5389 Itali/(trium
2861 5327 3097 5389 exhibet,
3121 5331 3328 5388 aspirata
3346 5325 3515 5389 'priori
3552 5329 3729 5380 littera.
3753 5331 3836 5380 Hic

2267 5401 2410 5449 porro
2425 5385 2751 5449 Demetriadis
2773 5396 2907 5449 pater
2926 5385 3230 5436 Consulatum
3251 5385 3459 5449 egit'an.
3484 5391 3580 5440 ωδ
3601 5405 3709 5440 cum
3733 5393 3834 5439 Atti-

2264 5446 2341 5514 git
2375 5446 2785 5514 l’rohin_i_fra_tre.
2813 5446 3179 5514 Czeterumaiun
3228 5446 3832 5514 Διζρξιὶἱ,Α(ιιιεξιιιεδόῐηοιιιιιη

2264 5506 2449 5576 lirasm.
2479 5515 2529 5555 et
2562 5508 2777 5576 blartian.
2803 5506 2894 5576 sed
2922 5505 3096 5576 Anicii,
3137 5505 3466 5576 utaildus‘in'
3489 5511 3833 5576 Orgiographla

2267 5575 2432 5636 intonet
2469 5582 2532 5636 ex
2569 5567 2842 5636 (hjiiwlitiis
2878 5566 3140 5636 lapidibus,
3168 5566 3834 5636 aliisque_apud_l}el§adu.ui,

2266 5629 2572 5691 sxihcndum
2613 5627 2704 5691 est.
2727 5627 2851 5691 Vide
2890 5627 3225 5691 (irritet-ianum
3265 5627 3480 5691 lapidein
3519 5632 3754 5684 CCCLlll.
3787 5627 3831 5684 ι

2269 5690 2321 5738 in
2344 5700 2441 5753 quo
2465 5688 2609 5737 multa
2635 5687 2811 5751 Olybrii
2835 5687 3036 5741 nominis
3058 5688 3238 5736 deocra
3263 5687 3599 5745 continentur.
