4026 6186
134 260 261 319 ηοο

128 376 182 430 in
206 381 352 427 utero
362 363 697 437 prOphetans
711 364 969 435 parentis,
988 372 1175 421 etante
1192 363 1332 420 diem
1350 362 1554 433 iudicii,
1565 364 1707 435 judi-

129 462 203 517 cis
224 472 347 514 voce
373 456 387 509 l
410 453 929 524 audatt18(l).Ann;e
960 454 1081 509 tiliae
1110 454 1392 509 Phanuelis
1420 455 1707 508 mirabatur

129 552 386 611 ardorem,
430 559 546 614 quae
569 545 891 601 orationibus
916 553 1077 613 atque
1101 543 1319 612 jejuniis
1346 559 1511 614 usque
1534 543 1600 596 ad
1627 543 1709 597 ul-

140 643 316 696 timatn
341 644 669 691 senectutem
696 636 745 688 in
798 634 993 702 templo
1019 635 1240 689 Domino
1262 634 1544 688 serviebat.
1570 634 1710 701 Qua.

142 739 260 783 tuor
287 724 540 792 virginum
571 722 794 775 ﬁliarum
824 722 1051 791 Philippi
1080 722 1414 777 desiderabat
1442 721 1662 776 chorum
1687 758 1704 785 ,

139 826 192 871 et
219 826 371 867 unam
400 824 458 864 se
486 809 691 863 illarum
720 824 838 864 esse
867 804 1143 878 cupiebat,
1170 824 1288 879 qua:
1318 809 1564 879 pudicitia
1594 810 1703 862 vir‘

137 903 313 973 ginali,
342 899 637 969 Pr0phetize
661 901 882 970 gratiam
909 909 1209 954 consecuta:
1233 906 1376 953 sunt.
1410 884 1503 952 llis
1526 908 1579 951 et
1611 897 1710 950 hu-

133 987 428 1062 juscemodi
467 988 874 1056 cogitationibus
912 988 1155 1056 pascebat
1181 988 1414 1040 animum
1440 1025 1455 1048 ,
1482 986 1611 1040 nihil
1638 985 1709 1039 ita

137 1087 397 1141 metuens,
423 1092 581 1145 quam
605 1068 777 1130 aviam
808 1088 1135 1146 matremque
1160 1078 1235 1146 (a)
1256 1073 1542 1129 oll‘endere.
1565 1074 1709 1139 Qua-

134 1181 247 1219 rum
267 1180 389 1218 cum
423 1165 727 1219 incitaretur
751 1166 1016 1236 exemplo,
1038 1164 1302 1218 voluntate
1320 1172 1374 1217 et
1392 1162 1580 1215 studiis
1606 1172 1711 1215 ter-

116 1230 383 1309 'rebatur:
410 1268 513 1308 non
534 1270 639 1323 qtto
662 1254 966 1322 displiceret
989 1254 1066 1308 eis
1090 1265 1328 1308 sanctum
1358 1252 1709 1321 propositum,

136 1342 225 1395 sed
255 1341 397 1409 quod
431 1357 526 1410 pro
554 1342 630 1396 rei
662 1344 1053 1411 magnitudine,
1081 1353 1265 1411 optare
1300 1341 1352 1395 id
1380 1351 1433 1394 et
1460 1349 1712 1410 appetere

138 1448 237 1486 non
263 1430 543 1485 auderent.
572 1432 852 1486 ZEstuabat
875 1432 1073 1487 Christi
1098 1432 1392 1503 tyruncula.
1417 1430 1613 1485 Oderat
1635 1444 1713 1483 or-

140 1530 315 1575 natum
334 1534 490 1574 suum
511 1537 526 1585 ;
545 1532 731 1576 etcum
756 1522 953 1576 Esther
968 1522 1282 1592 loquebatur
1301 1520 1367 1574 ad
1390 1521 1669 1574 Dominum
1695 1534 1710 1572 :

138 1610 216 1665 Tit
240 1611 373 1664 nosti
400 1611 535 1679 quod
562 1610 751 1664 oderim
777 1613 969 1681 insigne
995 1612 1174 1680 capitis
1200 1611 1296 1664 mei
1321 1609 1459 1680 (hoc
1488 1618 1570 1663 est
1597 1608 1712 1662 dia-

140 1701 309 1765 dema,
335 1714 442 1768 quo
469 1700 713 1753 utebatur
735 1701 883 1769 quasi
909 1700 1127 1770 regina)
1154 1710 1200 1754 et
1229 1709 1383 1753 tanta:
1409 1700 1586 1751 ducam
1614 1698 1713 1750 iiu-

138 1790 412 1856 munditiis,
430 1788 565 1842 velut
593 1806 815 1859 pannum
844 1800 1161 1842 menstruam:
1185 1788 1204 1861 (
1227 1788 1426 1841 Esther.
1458 1788 1527 1840 M
1580 1786 1646 1840 16
1668 1786 1711 1855 ).

141 1879 297 1932 Aiunt
321 1887 524 1932 sanctae
552 1887 607 1931 et
631 1879 835 1931 nobiles
861 1878 1071 1931 lumina:
1091 1919 1105 1941 ,
1136 1894 1253 1945 qua!
1281 1892 1396 1929 eam
1428 1876 1712 1939 viderunt,

139 1983 252 2037 qua:
289 1977 529 2034 norunt,
559 1983 691 2037 quas
722 1968 790 2022 de
821 1969 992 2022 littore
1021 1969 1305 2023 Galliarum
1338 1968 1402 2020 ad
1436 1967 1716 2020 habitatio-

140 2071 255 2111 nem
283 2066 590 2115 sanctorum
620 2057 904 2121 Locorum,
935 2058 1159 2111 hostium
1192 2074 1286 2128 per
1311 2058 1543 2113 Africam
1570 2072 1716 2111 Com-

141 2145 264 2214 pulit
308 2161 447 2199 saava
499 2154 815 2215 tempestas,
860 2146 1106 2200 noctibus
1147 2157 1200 2199 et
1235 2155 1462 2211 secreto,
1489 2146 1716 2200 consciis

140 2244 334 2289 tautmn
358 2236 655 2305 virginibus
678 2236 803 2301 Dei,
828 2252 944 2303 qua:
966 2236 1017 2288 in
1040 2236 1221 2289 matris
1243 2246 1295 2287 et
1313 2237 1444 2288 avi-.12
1465 2235 1716 2288 comitatu

139 2337 303 2387 erant,
329 2342 601 2396 nunquam
630 2341 744 2380 eam
774 2326 1096 2390 linteamine,
1125 2341 1389 2394 nunquam
1420 2325 1714 2393 plumarum

142 2434 281 2472 usam
313 2418 566 2482 mollitie;
594 2417 686 2471 sed
714 2418 996 2471 ciliciolum
1028 2417 1079 2470 in
1110 2416 1247 2469 nuda
1281 2416 1440 2468 lnnno
1469 2414 1717 2468 habuisse

141 2524 231 2577 pro
256 2517 444 2571 strato,
475 2508 687 2576 iugibus
708 2507 1112 2575 faciem~rigasse
1137 2506 1401 2577 lacrymis,
1425 2506 1716 2559 Salvatoris

142 2597 352 2664 genibus
380 2608 564 2650 mente
590 2596 887 2649 advolutam
912 2636 928 2660 ,
959 2606 1014 2647 ut
1042 2611 1194 2648 suum
1227 2598 1485 2663 reciperet
1515 2612 1710 2664 propo-

142 2687 326 2748 situm,
356 2696 410 2740 ut
442 2686 691 2755 impleret
720 2684 1070 2750 desiderium,
1103 2684 1313 2738 ut‘aviae
1340 2684 1573 2738 animum
1602 2699 1716 2736 ma-

146 2775 337 2846 trisque
365 2776 621 2829 molliret.

208 2864 260 2918 5.
298 2863 432 2929 Quid
468 2864 607 2917 ultra
633 2861 860 2916 differo?
889 2861 1018 2916 Cum
1051 2862 1159 2930 jam
1191 2862 1488 2928 nuptiarum
1519 2876 1717 2929 appro-

145 2951 414 3021 pinquaret
440 2951 561 3006 dies
580 2992 594 3013 ,
622 2960 677 3004 et
706 2951 881 3004 futuro
908 2952 1243 3004 matrimonio
1270 2952 1531 3005 thalamus
1561 2966 1718 3020 para-

146 3052 282 3098 retur
307 3061 320 3097 :
350 3051 564 3098 secreto
588 3050 642 3095 et
667 3042 864 3110 absque
890 3042 1101 3094 arbitris
1123 3081 1138 3104 ,
1170 3050 1485 3110 noctemque
1519 3041 1720 3094 habens

148 3148 236 3201 pro
271 3136 462 3188 solatio
486 3174 502 3197 ,
533 3132 721 3187 talibus
750 3148 808 3186 se
838 3133 1001 3185 fertur
1025 3147 1261 3185 armasse
1286 3131 1541 3183 consiliis.
1582 3129 1715 3196 Quid

146 3221 604 3289 agis,Demetrias?
626 3237 720 3274 cur
740 3220 1040 3288 pudicitiam
1064 3230 1207 3273 tanto
1229 3235 1419 3287 pavore
1440 3218 1719 3272 defendis?

147 3308 406 3365 Libertate
446 3324 580 3377 Opus
622 3320 703 3363 est
739 3318 792 3363 et
834 3309 1069 3362 audacia.
1113 3308 1241 3373 Quze
1311 3310 1475 3380 979
1546 3310 1621 3362 sic
1665 3310 1716 3363 in

148 3417 267 3467 pace
295 3402 508 3466 metuis,
534 3400 658 3470 quid
687 3400 887 3454 faceres
914 3401 963 3453 in
989 3402 1239 3470 martyrio
1258 3401 1717 3470 (b)perpeticndo?

147 3490 267 3558 Qum
294 3503 503 3546 tuorum
531 3492 727 3544 vultum
756 3490 890 3543 ferre
918 3508 1020 3543 non
1051 3503 1222 3560 potes,
1246 3490 1513 3559 quomodo
1560 3491 1717 3543 susti-

147 3594 294 3635 neres
322 3580 600 3635 tribunalia
632 3579 1066 3648 persecuturum?
1096 3578 1149 3633 Si
1185 3588 1233 3632 te
1266 3580 1495 3631 virorum
1528 3594 1717 3632 exent-

146 3669 225 3736 pla
256 3686 359 3724 non
393 3679 717 3739 provocant,
747 3668 985 3721 hortetur
1010 3667 1269 3736 faciatque
1298 3684 1536 3721 securam
1564 3666 1715 3720 beata

147 3770 340 3830 martyr
365 3764 543 3829 Agnes
590 3776 718 3829 qua}.
734 3769 786 3813 et
812 3768 1019 3811 :t'latetn
1051 3758 1208 3821 vicit,
1240 3770 1289 3811 et
1326 3769 1603 3828 tyrannum
1623 3800 1635 3819 ,
1664 3767 1715 3811 et

146 3849 343 3903 titulum
365 3849 622 3903 castitatis
646 3848 900 3917 martyrio
920 3847 1270 3901 consecravit.
1296 3846 1475 3900 Nescis
1501 3847 1713 3908 misera,

145 3940 312 3993 nescis
354 3941 438 3994 cui
486 3938 836 4007 virginitatem
884 3947 1024 3989 tuam
1069 3936 1285 3989 debeas.
1336 3935 1537 3988 Dudutn
1580 3936 1716 3986 inter

142 4024 392 4081 barbaras
439 4026 694 4079 tremuisti
740 4038 956 4085 manus,
986 4023 1116 4075 avie
1154 4022 1439 4089 matrisque
1477 4022 1594 4074 sinu
1621 4062 1635 4086 ,
1663 4030 1715 4075 et

145 4114 313 4179 palliis
354 4112 635 4182 tegebaris.
670 4111 854 4164 Vidisti
898 4123 947 4164 te
984 4111 1283 4179 captivam,
1324 4118 1377 4162 et
1414 4110 1713 4177 pudicitiam

146 4209 277 4255 tuam
304 4243 318 4266 ,
351 4218 457 4255 non
496 4210 596 4253 tute
637 4200 931 4268 potestatis.
972 4197 1230 4251 llorruisti
1271 4207 1445 4251 truces
1486 4198 1712 4252 hostium

146 4295 309 4342 vultus
341 4307 353 4342 :
381 4299 560 4356 raptas
585 4288 812 4357 virgines
844 4288 931 4339 Dei
959 4288 1156 4356 gemitu
1185 4288 1341 4339 tacito
1367 4289 1710 4355 Conspexisti.

147 4374 273 4432 Urbs
297 4389 405 4442 tua,
435 4378 697 4448 quondam
720 4378 862 4431 orbis
886 4386 1059 4446 caput,
1088 4376 1307 4429 Romani
1334 4380 1506 4446 populi
1535 4382 1713 4448 sepul-

145 4479 282 4519 crum
313 4478 429 4532 est;
459 4477 512 4521 et
537 4478 588 4521 tu
616 4467 665 4520 in
695 4466 888 4537 Libyen
915 4467 1109 4530 littore,
1138 4466 1345 4518 exulem
1375 4468 1563 4533 virum,
1590 4471 1712 4523 exul

146 4552 248 4621 ipsa
287 4558 553 4627 accipies?
583 4559 746 4622 Quam
783 4557 1018 4609 habitura
1062 4556 1391 4624 pronubam?
1416 4574 1520 4625 quo
1550 4559 1715 4612 dedu-

146 4646 301 4699 cenda
344 4646 633 4700 comitatu?
670 4645 875 4699 S.ridor
912 4644 1121 4698 Punici:
1152 4645 1343 4713 lingua:
1372 4647 1612 4714 procacia
1646 4650 1713 4700 ti-

145 4728 194 4783 bi
238 4732 305 4804 (c)
353 4734 685 4790 Fescennina
729 4733 979 4789 cantabit.
1029 4733 1237 4802 Rumpe
1280 4750 1457 4789 meras
1503 4751 1711 4792 omnes.

175 4841 272 4911 ,(α)
305 4842 420 4892 Mss.
446 4844 642 4906 quidam
664 4843 914 4911 ostendere
928 4876 950 4911 ,_
966 4843 1095 4891 unde
1122 4844 1281 4911 verior
1307 4843 1508 4911 fortasse
1529 4854 1580 4896 et
1601 4860 1714 4896 con-

146 4904 326 4949 cinuior
345 4904 523 4970 sensus
559 4906 829 4959 exorietur,
864 4904 914 4970 si
939 4904 1076 4964 legas
1092 4904 1217 4970 yria:
1238 4904 1509 4970 matrique;
1537 4923 1713 4970 nempe

147 4973 305 5029 earum
340 4964 845 5029 fugiebat_a5pectum
882 4964 1188 5029 Demetrias,
1227 4964 1405 5029 negab'
1428 4964 1715 5016 austerioris

148 5025 521 5089 yiuepmposito
556 5025 915 5089 deterreretur,
956 5025 1229 5089 cuixasque
1258 5026 1316 5089 ad
1341 5026 1500 5074 Deum
1538 5042 1713 5089 preces

148 5080 389 5153 fundebat",
416 5096 469 5134 ut
486 5086 622 5153 grite
643 5087 855 5136 animant
888 5080 1160 5146 matrisque"
1179 5084 1402 5142 molliret,
1440 5080 1567 5149 quod
1592 5092 1712 5139 'ud'ra

146 5144 350 5200 proditur
371 5146 688 5196 manifestius.
1073 5144 1079 5146 ⁷
1457 5144 1470 5149 '
1497 5175 1517 5185 η

205 5201 275 5264 (b)
309 5204 646 5315 είὲλιιυηειυε
672 5208 785 5257 Mss.
808 5213 955 5269 atque
983 5208 1129 5268 editi,
1155 5214 1206 5255 at
1229 5206 1446 5257 Martian.
1471 5221 1581 5257 cum
1603 5209 1712 5260 aliis

146 5271 361 5320 perpetrat
431 5281 475 5315 ο,

205 5275 475 5322 rprtrando.

206 5322 272 5384 (ε)
304 5325 480 5392 Notum
505 5343 644 5389 quam
670 5328 864 5392 licentia
894 5338 1061 5392 essent
1091 5342 1149 5376 ac
1170 5327 1366 5392 lasciva
1386 5329 1705 5392 Fescennina,

146 5393 247 5455 qua:
270 5389 590 5455 captabantur
626 5392 673 5437 in
696 5389 893 5450 nuptiis.
920 5391 1212 5455 Prudentius
1244 5393 1293 5438 in
1328 5389 1705 5455 Hamartigcnia,

144 5453 161 5486 t
178 5445 382 5510 cupiente
405 5448 604 5498 calentis
626 5445 830 5497 (arinen
852 5452 1078 5510 nequitia:
1099 5459 1255 5499 vocat.

202 5503 501 5575 (l)_Annotat
519 5510 667 5575 __Grav.
687 5503 991 5575 ex_Cypriaui
1014 5512 1100 5560 lib.
1120 5512 1184 5560 de
1215 5530 1237 5556 α
1260 5510 1568 5575 Eleemosyn.
1589 5513 1709 5562 i‘dnl-

145 5566 237 5635 tntn
271 5567 606 5635 beatanmlier
631 5578 683 5635 et
712 5566 938 5635 gloriosa,
965 5586 1059 5635 qua
1083 5574 1227 5623 etiam
1253 5583 1366 5625 ante
1389 5566 1518 5624 diem
1539 5576 1707 5635 indic“

142 5628 310 5675 meruit
327 5628 498 5689 jttdicis
524 5645 637 5681 voce
658 5628 855 5681 laudari.
882 5650 903 5685 η

1454 248 1781 312 EPISTULA
1822 249 2037 307 CXXX.

3248 261 3392 318 illo

1811 364 2047 435 Perfecta
2076 363 2171 419 Dei
2193 364 2412 431 dilectio,
2446 369 2585 436 foras
2609 366 2761 420 mittit
2785 366 3015 425 timorem
3038 370 3113 443 (Ι.
3142 370 3299 428 Joan.
3326 378 3384 432 4.

1812 454 1880 509 18
1907 458 1945 523 ).
1974 456 2200 511 Assume
2228 464 2433 509 scutum
2464 455 2585 510 fidei
2609 495 2625 521 ,
2658 457 2874 510 loricam
2899 459 3115 526 iustitia:
3138 502 3154 528 ,
3180 463 3385 531 galeam

1766 596 1771 601 ,
1811 544 2013 610 salutis,
2042 544 2265 613 procede
2288 544 2354 599 ad
2386 546 2643 613 prtulium.
2674 545 2838 600 liabet
2865 558 2921 600 et
2946 559 3151 603 servata
3180 552 3390 619 pudici-

1815 632 1883 685 tia
1924 633 2231 703 martyrium
2272 647 2447 688 snum.
2490 633 2624 699 Quid
2665 635 2859 687 metuis
2888 637 3100 689 aviam?
3124 640 3247 706 quid
3280 640 3389 694 for-

1812 721 1982 776 mitias
2024 724 2330 791 parentem?
2375 723 2616 777 Forsitan
2656 734 2709 778 et
2750 726 2876 793 ipsze
2912 727 3110 791 velint,
3153 729 3295 797 quod
3338 740 3391 786 te

1813 811 1949 864 velle
1978 827 2081 864 non
2120 812 2361 866 credunt.
2403 812 2493 865 llis
2519 822 2573 866 et
2599 812 2715 866 aliis
2743 814 3140 881 quatnplut'ibus
3176 818 3386 870 inflam-

1814 909 1953 951 mata
1982 900 2207 953 stimulis
2232 940 2246 963 ,
2277 915 2486 954 omnem
2526 902 2765 969 corporis
2801 902 3001 955 cultmn
3030 944 3043 963 ,
3074 913 3127 957 et
3156 905 3389 960 habitum

1813 989 2141 1051 saecularem,
2164 988 2310 1058 quasi
2338 991 2587 1058 prapositi
2608 989 2689 1044 sui
2713 990 3110 1058 impedimenta,
3135 991 3389 1061 projecit:

1813 1076 2049 1132 Pretiosa
2077 1078 2314 1143 monilia,
2338 1088 2392 1132 et
2417 1093 2605 1147 graves
2629 1079 2875 1132 censibus
2905 1079 3128 1133 uniones
3149 1120 3163 1143 ,
3192 1080 3389 1134 arden-

1816 1173 1998 1235 tesque
2025 1180 2269 1235 gemmte,
2299 1167 2589 1221 redduntur
2615 1167 2827 1221 scriniis
2855 1184 2867 1219 :
2896 1168 2985 1220 vili
3013 1167 3187 1222 tunica
3216 1170 3393 1223 indui-

1817 1263 1902 1308 tur
1922 1295 1938 1317 ,
1969 1256 2140 1317 viliori
2170 1256 2359 1325 tegitur
2387 1256 2544 1325 pallio
2576 1272 2589 1309 :
2619 1266 2669 1309 et
2701 1257 2965 1324 insperata
2993 1257 3123 1309 avia:
3151 1258 3395 1325 geuubus

1815 1355 2032 1410 repente
2069 1346 2426 1413 provolvitur,
2473 1346 2596 1399 lletu
2633 1355 2834 1398 tantum
2863 1356 2913 1396 et
2950 1346 3244 1412 planctibus
3273 1360 3393 1413 qua:

1816 1443 1956 1485 esset
1976 1433 2226 1488 ostendit.
2249 1432 2528 1502 Obstupuit
2552 1444 2732 1488 sancta
2754 1444 2807 1486 et
2823 1435 2995 1501 gravis
3020 1434 3235 1498 femina,
3255 1435 3390 1487 alie-

1819 1537 1948 1575 num
1973 1520 2209 1576 habitum
2237 1522 2287 1575 in
2316 1534 2470 1591 nepte
2494 1523 2846 1591 conspiciens.
2877 1522 3041 1575 Mater
3063 1521 3255 1591 gaudio
3280 1533 3391 1575 sta-

1815 1610 1906 1665 bat
1929 1614 2171 1664 attonita.
2197 1610 2431 1680 Utraque
2454 1626 2633 1665 verum
2656 1627 2758 1664 non
2781 1611 3018 1672 credere,
3041 1610 3179 1678 quod
3204 1625 3388 1664 verum

1816 1713 1934 1754 esse
1958 1701 2254 1766 cupiebant.
2293 1699 2456 1753 llzesft
2479 1716 2575 1753 vox
2611 1700 2865 1761 faucibus,
2896 1710 2948 1753 et
2979 1701 3116 1753 inter
3144 1700 3392 1753 ruborem

1816 1796 1870 1840 et
1914 1787 2166 1854 pallorem
2206 1796 2508 1855 metumque
2547 1796 2703 1856 atque
2743 1789 2979 1840 lictitiam
3002 1826 3017 1852 ,
3046 1788 3395 1855 cogitationes

1817 1875 1977 1928 varia:
2004 1876 2277 1927 nutabant.

1888 1964 1941 2017 6.
1982 1962 2444 2018 Succumbeudum
2473 1973 2553 2017 est
2581 1962 2701 2017 huic
2728 1963 2864 2027 loco,
2894 1978 3063 2032 neque
3085 1960 3146 2034 [f.
3173 1963 3397 2035 nequid]

1818 2068 2035 2108 narrare
2071 2055 2380 2124 aggrediar,
2412 2056 2549 2122 quod
2594 2056 2819 2109 dicendo
2859 2058 3030 2109 minus
3072 2054 3282 2109 faciam.
3315 2056 3397 2108 Ad

1818 2143 2179 2211 explicandam
2230 2144 2553 2197 incredibilis
2607 2145 2783 2213 gaudii
2834 2145 3292 2214 magnitudinem,
3342 2154 3401 2199 et

1819 2229 2043 2285 Tulliani
2073 2231 2263 2286 ﬂuvius
2289 2233 2574 2287 siccaretnr
2604 2234 2817 2303 ingenii,
2842 2245 2894 2287 et
2922 2245 3175 2287 contorta:
3205 2236 3401 2288 Demo-

1818 2322 2021 2376 sthenis
2048 2323 2367 2393 vibraturque
2407 2325 2685 2378 sententia:
2708 2365 2722 2386 ,
2754 2324 2952 2378 tardius
2990 2325 3390 2394 languidiusque

1820 2412 2106 2467 ferrentur.
2138 2414 2399 2483 Quidquid
2429 2423 2600 2483 potest
2625 2400 2858 2484 cogitare
2881 2413 3109 2476 animus,
3137 2413 3393 2482 quidquid

1818 2503 1983 2573 980
2053 2518 2231 2557 sermo
2261 2512 2435 2572 potest
2458 2502 2478 2574 [
2505 2504 2575 2557 al.
2603 2520 2705 2557 non
2731 2511 2887 2572 potest
2915 2501 2936 2574 ]
2961 2502 3226 2571 explicare
3244 2541 3258 2562 ,
3301 2501 3392 2555 illo
3436 2502 3445 2505 “

1826 2594 1877 2646 ἰιι
1899 2605 2135 2663 tempore
2158 2592 2349 2646 factum
2368 2601 2469 2647 est.
2490 2592 2745 2647 Certatim
2767 2593 2817 2645 in
2843 2591 3023 2646 oscula
3042 2590 3231 2659 neptis,
3251 2588 3328 2660 (ά)
3346 2599 3403 2644 et

1821 2684 1947 2748 lilia,
1975 2693 2163 2749 mater,
2190 2692 2242 2738 et
2267 2685 2383 2737 avia
2410 2691 2587 2736 ruunt.
2616 2681 2855 2738 Ubertim
2883 2680 3009 2734 llere
3035 2695 3142 2749 prae
3166 2680 3394 2748 gaudio,

1815 2773 2078 2842 jaceutetn
2106 2788 2262 2826 manu
2288 2772 2562 2836 attollere,
2593 2770 2985 2839 amplexarique
3015 2769 3391 2835 trepidantem.

1821 2862 2210 2932 Agnoscerein
2244 2861 2384 2914 illius
2413 2859 2685 2929 proposito
2713 2868 2943 2912 mentem
2972 2871 3119 2910 suam
3146 2895 3162 2919 ,
3193 2863 3247 2908 et
3274 2869 3399 2923 gra-

1822 2952 1975 3005 tulari
2000 2993 2015 3015 ,
2047 2950 2186 3019 quod
2219 2950 2445 3003 nobilem
2480 2948 2729 3000 familiam
2754 2986 2770 3012 ,
2800 2948 2947 3015 virgo
2972 2943 3269 3014 virginitate
3298 2958 3393 2996 sua

1822 3042 2139 3095 nobiliorem
2188 3040 2400 3092 faceret.
2456 3037 2726 3091 lnvenisse
2772 3052 2887 3090 eam
2933 3042 3073 3105 quod
3126 3042 3399 3103 pra-staret

1821 3134 2040 3202 generi,
2068 3131 2207 3201 quod
2248 3130 2498 3183 [tomanze
2531 3130 2677 3182 urbis
2710 3129 2916 3181 cineres
2950 3127 3232 3195 mitigaret.
3270 3123 3397 3178 .lesu

1821 3227 1980 3289 hune,
2008 3225 2131 3294 quid
2161 3223 2288 3277 illud
2320 3223 2370 3276 iu
2401 3231 2506 3275 tota
2533 3222 2693 3275 domo
2715 3219 3053 3275 exultationis
3079 3216 3210 3270 fuit?
3235 3216 3395 3284 Quasi

1823 3333 1886 3372 ex
1914 3316 2090 3370 radice
2120 3313 2385 3378 foecunda,
2413 3312 2592 3367 multa:
2617 3312 2771 3364 simul
2801 3311 3030 3378 virgines
3060 3308 3399 3376 pullularunt,

1822 3411 2224 3476 exemplumque
2265 3417 2501 3477 patrona:
2534 3416 2585 3459 et
2612 3404 2841 3457 dominae
2892 3411 3069 3455 secuta
3100 3410 3181 3455 est
3228 3401 3398 3454 clien-

1823 3508 1932 3552 tum
1966 3498 2112 3550 turba
2136 3508 2291 3565 atque
2318 3494 2649 3547 famularum.
2682 3494 2781 3545 l'er
2803 3507 2986 3545 onmes
3010 3491 3195 3543 domos
3222 3490 3394 3543 ferve-

1822 3590 1910 3644 bat
1934 3588 2249 3657 virginitatis
2281 3585 2577 3654 professio:
2602 3598 2814 3647 QUABUI
2842 3596 2946 3635 cun
2975 3581 3144 3648 impar
3169 3590 3309 3633 esset
3341 3578 3395 3633 in

1820 3696 1979 3733 carne.
2003 3677 2255 3741 conditio,
2284 3690 2444 3728 unum
2466 3682 2578 3726 erat
2607 3673 2875 3741 priemium
2899 3669 3173 3723 castitatis.
3200 3668 3391 3722 Parnm

1821 3770 2029 3840 loquor.
2058 3769 2274 3821 Cunctte
2304 3781 2396 3833 per
2422 3764 2655 3819 Africam
2684 3762 2934 3816 Ecclesia:
2975 3760 3202 3827 quodam
3249 3760 3398 3813 exul-

1823 3870 2000 3912 tavere
2024 3858 2273 3924 triptnlio.
2300 3855 2413 3908 Non
2440 3854 2610 3906 solum
2634 3852 2698 3903 ad
2725 3850 2901 3911 urbes,
2925 3848 3134 3914 Oppida,
3161 3847 3396 3899 viculos-

1820 3946 2063 4015 que:st
2085 3945 2149 3998 ad
2174 3945 2283 4012 ipsa
2302 3958 2510 4011 quoque
2532 3941 2750 4008 magalia
2775 3937 2862 4009 [aL
2886 3935 3152 4007 mapalia],
3170 3937 3399 3991 celebris

1821 4039 1957 4092 fama
1990 4038 2299 4107 penetravit.
2328 4036 2527 4090 Onmes
2555 4035 2691 4088 inter
2717 4033 2950 4086 Africam
2983 4024 3291 4096 Italiamque
3318 4028 3400 4079 in.

1820 4130 1948 4182 Sttlm
1971 4170 1986 4193 ,
2021 4128 2122 4181 hoc
2165 4142 2378 4180 rumore
2414 4126 2689 4194 completa:
2729 4123 2839 4195 [al.
2880 4120 3118 4193 repletae]
3146 4129 3269 4174 sunt
3292 4159 3308 4185 ,
3330 4127 3397 4173 .et

1822 4217 2079 4271 inoffenso
2105 4216 2257 4285 pede,
2288 4216 2493 4283 longius
2518 4213 2705 4282 gaudia
2733 4228 3035 4267 cucurrere.
3065 4211 3216 4265 'l‘unc
3244 4211 3394 4278 Iugu-

1820 4306 1943 4361 bres
1973 4315 2145 4378 vestes
2187 4304 2331 4357 Italia
2374 4305 2625 4367 mutavit,
2657 4314 2711 4358 et
2746 4305 2997 4357 semiruta
3029 4302 3174 4355 urbis
3208 4300 3395 4355 Roma

1820 4397 2037 4459 muenia,
2070 4396 2343 4463 pristinum
2366 4411 2428 4447 ex
2462 4406 2609 4464 parte
2636 4409 2883 4460 recepere
2914 4393 3396 4464 fulgorem,'propi-

1822 4487 1948 4540 tium
1979 4486 2079 4539 sibi
2108 4486 2471 4539 existimantes
2501 4485 2687 4561 Deum,
2719 4485 2768 4537 in
2799 4487 3023 4538 alumna:
3052 4483 3398 4537 eotivcrsiono

1820 4574 2073 4644 perfecta.
2116 4574 2333 4628 Putares
2369 4576 2655 4629 extinctam
2699 4574 3014 4629 Gottborum
3060 4587 3309 4633 inanem,
3342 4580 3397 4623 et

1818 4668 2098 4720 colluviem
2121 4664 2454 4735 perfugarum
2474 4675 2630 4734 atque
2645 4682 2915 4718 servorum
2942 4663 3147 4716 Domini
3169 4662 3399 4728 desuper

1817 4756 2105 4811 iulonantis
2136 4756 2354 4810 fulmine
2382 4757 2697 4809 concidisse.
2720 4753 2834 4807 Non
2864 4754 2941 4805 sic
2973 4767 3088 4820 poSt
3112 4752 3355 4805 Trebiam
3374 4738 3399 4813 ν,

1817 4846 2257 4918 Thrasymennm,
2277 4857 2327 4901 et
2347 4846 2586 4908 Cannas;
2611 4847 2659 4897 iii
2683 4846 2873 4912 quibus
2898 4843 3023 4895 locis
3040 4843 3394 4895 Romanorum

1815 4941 2141 4994 exercituum
2166 4954 2299 4991 ctesa
2319 4946 2441 4991 sunt
2460 4937 2640 4995 millia,
2661 4937 2736 5003 (Ι)
2754 4934 2978 4988 Marcelli
3002 4933 3227 5002 primum
3252 4931 3390 5001 apud

1816 5028 2001 5082 Nolam
2044 5028 2264 5097 prmlio,
2306 5041 2363 5080 se
2403 5026 2624 5094 populus
2668 5025 2937 5079 Romanus
2976 5025 3163 5077 erexit.
3203 5021 3394 5076 Minori

1815 5121 1961 5190 prius
1988 5118 2177 5189 gaudio
2205 5127 2367 5171 strata
2393 5117 2663 5171 Gallorum
2694 5117 2923 5187 agmina,
2955 5131 3086 5168 auro
3115 5115 3389 5180 redempta

1876 5272 1954 5334 (ά)
1978 5272 2050 5334 ita
2073 5284 2134 5334 ex
2162 5271 2378 5331 ingenio,
2395 5268 2641 5319 levissima
2659 5275 2823 5334 tamen
2847 5269 3197 5334 immutatione,
3224 5280 3394 5334 einen-

1811 5328 1947 5384 dare'
1968 5332 2170 5396 placuit,
2212 5328 2323 5396 cum
2358 5339 2501 5396 antea
2537 5338 2672 5379 esset
2702 5332 2991 5396 inconcinna
3014 5343 3181 5385 sensu,
3206 5337 3248 5378 rt
3272 5328 3392 5396 filio:

1810 5391 1981 5443 mater:
2007 5394 2129 5455 Heic
2149 5393 2329 5455 quippe
2354 5394 2539 5455 neptim
2571 5405 2682 5441 cum
2706 5392 2817 5453 lilia,
2847 5400 2899 5441 et
2919 5400 3123 5440 matrem
3148 5403 3260 5439 eum
3280 5391 3391 5438 avia

1811 5457 2051 5517 componit
2074 5453 2434 5517 ilict-onymus;
3054 5512 3082 5517 __
3248 5510 3260 5517 _
3348 5508 3358 5517 ,

1874 5510 1941 5576 (η
1970 5510 2301 5576 ExCiccrorie
2327 5512 2567 5576 in__l_3ruto,
2592 5519 2696 5576 post
2717 5519 3006 5576 (arumnam
3028 5512 3161 5576 illam
3183 5510 3396 5561 cationi.

1814 5572 1959 5625 tatem
1982 5575 2189 5643 primum
2214 5572 2428 5642 ,πω-τεαὶ
2451 5575 2516 5622 ad
2542 5572 2705 5624 Nolam
2728 5574 2899 5638 pra’lio
2921 5573 3122 5639 populus
3143 5587 3194 5627 se
3216 5579 3386 5626 Romu-

1818 5652 1901 5687 mt~
1925 5652 1965 5686 ιη
1980 5637 2093 5687 urit.
2122 5637 2237 5685 Grai
2252 5639 2338 5683 ius.
