3986 6184
622 349 906 415 nobilitas,
932 359 983 404 et
1010 346 1351 402 seminarium
1379 344 1583 399 romani
1625 346 1835 416 generis
1865 347 1916 401 in
1946 362 2069 402 arce
2095 360 2190 399 co-

620 440 821 507 gnovit.
846 435 1140 491 Penetravit
1161 433 1246 487 hic
1264 447 1445 487 rumor
1463 433 1694 488 Orientis
1715 435 1908 499 littora,
1931 443 1986 489 et
2007 435 2058 488 in
2082 451 2197 489 me-

620 526 930 580 diterraneis
958 536 1165 591 quoque
1196 522 1412 576 urbibus
1429 563 1443 586 ,
1462 523 1766 579 christiana
1791 524 1972 595 gloria:
2001 525 2190 578 trium~

619 614 754 681 phus
779 613 985 665 auditus
1013 623 1113 665 est.
1146 611 1273 677 Quae
1302 611 1564 681 virginum
1588 611 1787 666 Christi
1816 628 1917 667 non
1946 611 2102 681 hujus
2131 626 2191 665 se

614 704 868 757 societate
902 702 1158 770 jactavit?
1194 718 1311 772 qua:
1352 714 1522 756 mater
1561 719 1662 756 non
1710 713 1855 756 tttunt
1884 743 1899 766 ,
1937 703 2141 757 Juliana
2166 741 2182 766 ,

613 792 826 845 beatum
851 791 1095 844 clamavit
1123 793 1368 846 uterum?
1396 792 1596 846 Incerta
1635 793 1775 860 apud
1816 792 2054 847 inﬁdeles
2083 791 2185 846 sint

611 881 827 949 prmmia
887 874 1201 938 futurorum.
1257 884 1381 937 Plus
1436 884 1643 938 interim
1704 884 1948 952 recepisti
1997 883 2187 952 virgo,

607 986 765 1039 quam
805 968 1060 1027 obtulisti.
1095 972 1265 1039 Quam
1295 984 1542 1041 sponsam
1577 972 1804 1027 hominis
1840 987 1943 1025 una
1983 982 2190 1026 tantum

608 1061 876 1128 provincia
897 1070 1133 1125 noverat,
1152 1062 1404 1131 virginem
1422 1059 1618 1116 Christi
1640 1070 1779 1115 totus
1798 1061 1942 1115 orbis
1961 1061 2178 1115 audivit.

605 1150 789 1206 Solent
806 1153 982 1205 miseri
1003 1163 1273 1221 parentes,
1293 1162 1466 1207 etnon
1488 1155 1658 1222 plena:
1682 1154 1799 1209 lidei
1830 1154 1991 1225 981
2020 1154 2179 1209 Chri-

605 1238 801 1303 stiano,
825 1239 1091 1294 deformes
1115 1250 1169 1294 et
1188 1241 1365 1311 aliquo
1391 1241 1629 1296 membro
1654 1242 1856 1297 debiles
1883 1245 2034 1309 tilias,
2058 1244 2179 1313 quia

603 1326 791 1396 dignos
812 1344 1037 1398 generos
1064 1344 1166 1384 non
1198 1331 1504 1395 inveniunt;
1533 1332 1816 1401 virginitati
1846 1333 2073 1388 tradere.
2099 1333 2181 1405 (ιι)

602 1418 754 1472 Tanti
778 1459 794 1483 ,
839 1430 893 1473 ιιι
920 1420 1111 1473 dicitur
1130 1461 1146 1487 ,
1173 1423 1359 1475 vitrum
1381 1463 1396 1486 ,
1423 1423 1603 1491 quanti
1635 1424 1992 1492 margaritum.
2022 1425 2179 1481 Certe

600 1512 690 1579 qtti
724 1511 1077 1581 religiosiores
1104 1514 1202 1565 sibi
1230 1513 1506 1574 videntur,
1538 1529 1698 1582 parvo
1726 1523 1938 1583 sumptu
1963 1556 1978 1580 ,
2006 1525 2060 1570 et
2087 1518 2175 1586 qui

599 1602 687 1653 vix
733 1603 799 1655 ad
844 1602 1093 1655 alimenta
1137 1602 1398 1667 sufﬁciat,
1440 1603 1731 1672 virginibus
1768 1602 1926 1668 dato,
1959 1620 2173 1660 omnem

595 1705 810 1743 conisum
843 1692 894 1744 in
926 1700 1145 1759 utroque
1172 1707 1328 1757 sexu,
1356 1684 1695 1746 saecularibus
1724 1693 1905 1747 liberis
1933 1694 2171 1765 largiun-

595 1785 700 1828 tur.
730 1776 880 1842 Quod
909 1793 1073 1846 nuper
1097 1778 1147 1831 in
1178 1777 1276 1831 hac
1317 1779 1445 1832 urbe
1468 1778 1617 1833 dives
1641 1780 1852 1850 quidam
1886 1781 2004 1835 fecit
2048 1783 2176 1839 l’re-

592 1866 774 1935 shyter
799 1866 1000 1921 utduas
1027 1868 1160 1922 tilias
1178 1869 1228 1920 in
1251 1870 1518 1938 proposito
1539 1871 1777 1939 virginali
1803 1872 1987 1940 inopes
2012 1874 2173 1928 relin-

590 1968 796 2025 queret,
826 1968 878 2012 ct
902 1959 1123 2012 aliorum
1149 1960 1214 2012 ad
1241 1974 1450 2012 onniem
1473 1963 1676 2029 copiam
1705 1963 1927 2016 ﬁliorum
1954 1964 2172 2019 lusurize

589 2059 747 2117 atque
776 2050 979 2105 deliciis
1009 2050 1327 2119 provideret.
1361 2050 1625 2105 Fecerunt
1659 2053 1757 2107 hoc
1786 2054 1964 2108 multa:
1988 2095 2004 2120 ,
2037 2056 2173 2124 proh

586 2137 741 2191 dolor
765 2178 781 2204 ,
812 2142 976 2192 nostri
1010 2141 1260 2208 propositi
1292 2139 1537 2207 feminte;
1578 2151 1734 2211 atque
1760 2144 1959 2197 utinam
1990 2161 2166 2199 rarum

584 2236 729 2280 esset
751 2231 1071 2298 exemplum,
1099 2230 1242 2300 quod
1267 2240 1464 2299 quanto
1488 2233 1726 2286 crebrius
1748 2244 1849 2297 est,
1880 2245 2026 2289 tanto
2054 2240 2167 2291 isne

583 2316 847 2374 feliciores
872 2361 887 2387 ,
914 2336 1033 2391 qua:
1070 2335 1139 2375 ne
1180 2321 1523 2391 plurimarum
1558 2324 1770 2393 quidem
1806 2326 2045 2396 exempla
2079 2341 2165 2383 se-

580 2419 718 2464 cuta:
743 2419 886 2464 sunt.

653 2498 704 2550 7.
739 2497 961 2563 Fertur,
992 2506 1046 2552 et
1081 2500 1319 2553 omnium
1366 2500 1778 2556 christianorum
1811 2503 1976 2561 laude
2008 2507 2156 2561 ceic-

580 2586 788 2652 bratnr,
813 2588 1069 2658 quidquid
1095 2588 1266 2643 fuerat
1290 2591 1485 2660 nuptiis
1512 2603 1888 2663 prtcparatum,
1918 2612 1947 2648 a
1975 2609 2155 2652 sancta

579 2672 779 2731 Christi
813 2677 889 2749 (b)
917 2679 1166 2749 synoride
1191 2680 1381 2750 virgini
1406 2682 1680 2749 traditum,
1702 2700 1767 2738 ne
1787 2699 1987 2754 sponso
2009 2687 2159 2744 ﬁeret

578 2766 945 2837 injuriazimo
991 2779 1048 2824 ut
1091 2769 1269 2825 dotata
1322 2773 1559 2840 pristinis
1606 2774 1795 2843 opibus
1839 2777 2043 2831 veniret
2089 2778 2154 2832 ad

580 2872 838 2926 sponsum
874 2879 886 2914 :
922 2861 1001 2915 E'r
1021 2877 1156 2925 quon
1185 2878 1235 2917 IN
1268 2879 1431 2919 assus
1458 2866 1639 2918 mundi
1670 2868 1961 2935 peritnrmn
2000 2879 2150 2937 erat,

579 2949 1002 3004 domesticorum
1049 2953 1145 3006 Dei
1200 2963 1524 3008 sustentaret
1569 2955 1821 3024 inopiam.
1874 2956 2003 3024 Quis
2050 2959 2153 3015 hoc

574 3039 798 3094 credat?
818 3041 894 3111 (c)
919 3042 1087 3095 l’rolia
1119 3044 1205 3096 illa
1234 3045 1469 3098 omnium
1496 3044 1834 3115 dignitatum,
1864 3057 1919 3100 et
1943 3059 2151 3103 cuncta:

576 3130 870 3184 nobilitatis
913 3132 962 3185 in
1002 3133 1132 3187 orbe
1173 3150 1395 3189 romano
1451 3152 1643 3189 nomen
1677 3137 1966 3202 illustrius,
1997 3142 2150 3207 cujus

575 3219 830 3272 sanctitas
858 3230 909 3272 et
944 3221 994 3273 in
1027 3224 1306 3276 universos
1335 3223 1499 3277 el‘l'usa
1530 3225 1738 3278 bonitas
1762 3267 1775 3287 ,
1804 3228 1964 3282 etiam
2008 3229 2148 3297 apud

574 3305 832 3363 harharos
875 3311 1195 3364 venerabilis
1238 3311 1371 3375 fuit;
1413 3329 1572 3382 quam
1614 3318 1769 3369 trium
1818 3318 2143 3385 liberorum,

574 3396 787 3451 l’robini
815 3440 830 3465 ,
861 3398 1064 3470 Olybrii
1093 3440 1109 3464 ,
1140 3411 1193 3455 et
1223 3402 1377 3456 Probi
1403 3443 1419 3467 ,
1448 3419 1553 3458 non
1579 3404 1865 3474 fatigarunt
1890 3409 2142 3464 ordinarii

570 3484 930 3549 Consulatus;
977 3504 1100 3541 cum
1136 3486 1228 3559 [aL
1273 3499 1317 3542 et
1361 3490 1498 3563 cum]
1544 3492 1778 3547 incensis
1821 3495 2146 3566 direptisque

571 3576 823 3631 omnibus
868 3577 919 3630 in
966 3576 1108 3633 Urbe
1150 3580 1434 3648 captivitas
1484 3582 1587 3649 sit,
1621 3598 1764 3638 nunc
1810 3583 1890 3657 (d)
1936 3587 2144 3643 habitas

567 3664 877 3722 venundare
947 3666 1144 3723 dicitur
1200 3671 1569 3738 possessiones
1607 3712 1622 3737 ,
1693 3682 1749 3728 et
1809 3675 1985 3731 facere
2041 3678 2140 3732 sibi

567 3754 774 3808 amicos
832 3755 901 3810 de
946 3756 1127 3825 iniquo
1185 3773 1474 3825 mamona,
1525 3760 1615 3830 qui
1665 3776 1725 3816 se
1778 3764 2035 3833 recipiant
2087 3768 2138 3821 in

568 3855 766 3899 aeterna
799 3847 1132 3903 tabernacula
1160 3867 1174 3913 ;
1208 3866 1273 3905 υτ
1302 3866 1637 3907 ειιυιιεεωιιτ
1672 3870 1826 3909 onsts
1882 3857 2140 3912 Ecclesia-

569 3937 685 3989 stici
719 3937 996 3992 ministerii
1028 3941 1242 4008 gradus,
1263 3952 1310 3994 ct
1331 3957 1480 3996 cassa
1513 3945 1726 3997 nomina
1758 3948 2136 4005 monachorum

562 4044 744 4083 emere
773 4031 967 4098 pra-dia
990 4072 1004 4095 ,
1036 4041 1177 4085 tanta
1206 4032 1478 4088 nobilitate
1507 4036 1789 4091 vendente.
1822 4037 1917 4092 Vix
1944 4043 2136 4095 barba-

628 4154 693 4219 (α)
732 4156 1050 4229 Pyoverbium
1073 4161 1180 4234 fere
1203 4163 1396 4213 obvium
1423 4166 1469 4213 in
1493 4166 1705 4234 Auctore
1728 4179 1894 4234 nostro
1911 4210 1926 4230 ,
1951 4175 2033 4234 qui
2063 4176 2134 4224 vi-

560 4217 851 4296 Lqi'upmi‘uel
859 4234 1079 4289 gemmas
1102 4226 1431 4296 vitreas,.quae
1454 4241 1595 4296 veras
1615 4217 2131 4296 imitenturjntl'l—lig‘i't.

560 4276 992 4354 §ic:l'ertttlliaittts
1022 4286 1179 4343 capite
1214 4285 1261 4332 3.
1284 4276 1413 4354 'ttiig-t
1447 4276 2129 4354 τιάῄιικτιςιέέῖτῖιίιιῖῗιῐξ

559 4339 787 4410 vitreum,
806 4342 970 4399 quanti
992 4339 1160 4410 verum
1179 4348 1485 4405 margaritum
1508 4349 1533 4395 ‘t
1555 4339 1783 4410 quis'non
1807 4339 2131 4406 lbeulissin—to

559 4403 745 4473 tantum
771 4411 858 4459 pro
876 4402 1194 4473 .vero.habe_at
1214 4402 1443 4473 erogare,
1461 4402 1691 4473 quantum
1708 4410 1791 4473 alii
1817 4426 1904 4473 pro
1929 4415 2045 4464 talso
2061 4402 2123 4465 ii;

557 4454 628 4532 iis
666 4454 920 4507 Anastasio
947 4463 1091 4531 etiam
1124 4454 1336 4532 definit"
1371 4454 2127 4532 Doniiﬁcumﬂdiseit'nus,“eivvi:

556 4524 689 4588 trees
709 4531 929 4588 gemmas
950 4522 997 4570 in
1022 4525 1177 4588 pretio
1195 4522 1343 4588 fuisse
1365 4526 1544 4588 aliquo.

618 4577 688 4640 (b)
715 4577 892 4656 aviam
917 4577 1139 4656 intelliget
1163 4594 1210 4656 et
1236 4577 1527 4656 Matretn'sic
1551 4590 1678 4637 enim
1701 4602 1809 4652 par,
1853 4603 2011 4656 ευνμρις,
2044 4599 2124 4646 vel

549 4766 699 4841 atque
734 4764 952 4841 impressi
978 4765 1056 4814 alii
1095 4764 1293 4841 habent,
1318 4780 1462 4841 quam
1480 4764 1618 4841 juncta
1642 4764 1987 4835 Martianteum,
2006 4764 2121 4828 1.1;;

548 4827 633 4893 είδιὲ
662 4824 1032 4893 η.]ιιι)ι1ςι·ῇιὶο.ςιιι.ιι
1056 4835 1147 4893 est,
1163 4840 1263 4893 pro
1281 4824 1462 4891 σ-νιὶειϐι,
1480 4824 1580 4878 imo
1599 4856 1644 4881 συ
1663 4840 1789 4893 cpida.-
1974 4824 1986 4835 ’
2016 4824 2027 4826 ⁷

613 4884 697 4960 (ε)
718 4884 898 4960 Anicia"
922 4884 1315 4960 rationarium
1348 4884 1488 4960 Sexti
1519 4892 1676 4960 triten
1694 4884 2118 4960 'Petrpniirmbi,

545 4944 838 5021 quiﬂuCottsul
877 4946 967 5021 fuit
996 4951 1222 5021 a.n._.37l.
1247 4965 1387 5009 uxor,
1413 4952 1518 5002 avia
1542 4944 1869 5021 Demetriadis
1902 4944 2116 5021 virginis:

544 5005 794 5076 tisiusque
819 5009 986 5076 matris
1005 5009 1213 5076 Juliante
1235 5024 1333 5061 non
1358 5005 1477 5061 vere
1510 5022 1683 5076 mater,
1721 5016 1808 5065 sed
1831 5005 2120 5074 εοα-ιιξξιιί

543 5076 616 5140 ει.
633 5066 1012 5140 Augustinelih.
1035 5071 1100 5120 de
1122 5071 1261 5122 Dono
1285 5075 1528 5140 viduitatis
1543 5066 1967 5140 c.‘l9'.gcolligitttr.
1993 5066 2119 5133 Τι’έὲ

538 5133 706 5197 autem
726 5131 923 5197 peperit
944 5129 1083 5191 ﬁlios,
1102 5147 1307 5197 quorum
1323 5135 1455 5197 pri_or
1476 5136 1673 5186 Anicius
1694 5129 2116 5197 Hermum-uiantis

795 5184 1004 5259 Elttliante
1022 5184 1267 5259 maritus,
1294 5184 1348 5259 e't
1383 5184 1907 5259 Demetriadisviiatcr.“
1919 5184 2111 5252 ὣπῖέὶίῐ

536 5247 615 5313 an.
641 5247 748 5313 393.
781 5250 922 5313 Alter
942 5254 1140 5302 Aab-ins
1162 5247 1401 5305 Probinus
1425 5258 1598 5305 eodem
1620 5247 2113 5312 anuo'i‘ainsnlvfil‘ver;

534 5307 854 5383 finitimam
873 5312 1061 5383 (Probus
1083 5313 1274 5383 consul.
1299 5328 1395 5383 an._
1417 5318 1526 5383 ωδ.
1544 5319 1755 5383 Quidam
1769 5307 2112 5383 fateamini).

534 5371 683 5443 fliam
708 5369 1035 5443 Deniet'riadis
1055 5378 1208 5423 aviam
1230 5377 1518 5443 cum_l_’roha
1542 5369 1791 5443 Falconia',
1815 5369 2113 5443 quasla'uda-

535 5426 769 5538 asinus?
786 5431 1221 5538 Vigiliocentonem
1243 5438 1307 5486 de
1329 5436 1522 5488 Christo
1545 5426 2112 5505 οοσιρυειιῖιῆιὲι-ρἶἶιξιῖη

611 5507 621 5533 ι
647 5502 675 5535 ιι
746 5506 807 5538 ttll
836 5529 849 5538 .

534 5498 849 5542 contundunt.

597 5547 685 5626 (‘rt‘i
710 5551 834 5598 (thin
860 5562 963 5602 erat
984 5553 1150 5626 Invitas,
1170 5571 1311 5617 quam
1337 5556 1600 5610 lectionem
1623 5568 1735 5612 sunt
1756 5564 1837 5626 qui
1860 5571 2104 5625 tueantur,

532 5608 619 5651 sed
645 5607 755 5656 Mss.
782 5626 917 5675 sequ:
941 5607 1152 5675 praestat;

1902 233 2143 291 S.\NCTI
2182 230 2553 293 IIIERONYMI

2296 439 2528 507 virgines
2554 439 2794 504 ﬂeverat.
2819 457 2943 497 cum
2974 443 3150 502 subito
3178 444 3528 513 intolerabili,
3555 447 3714 518 quod
3744 466 3889 505 nun-

2294 542 2452 596 quam
2477 529 2744 593 timuerat,
2776 531 2846 602 (e)
2873 534 3227 589 amantissimi
3252 535 3349 590 ﬁlii
3374 536 3620 593 orbitate
3646 541 3889 608 percuti-

2295 627 2413 681 tur,
2440 629 2493 672 et
2533 621 2684 690 quasi
2755 622 2918 693 982
2992 622 3166 679 futura
3212 625 3433 696 virginis
3468 626 3679 681 Christi
3725 630 3882 692 avia,

2291 722 2388 775 spe
2417 707 2715 764 futurorum
2751 712 3084 767 mortiferum
3128 714 3319 770 vulnus
3359 716 3616 786 excepit:
3641 718 3881 787 probans

2292 796 2343 849 in
2371 810 2430 851 se
2460 812 2643 852 verum
2671 814 2811 865 esse,
2837 802 2979 871 quod
3006 803 3060 857 in
3092 804 3258 874 lyrica
3282 804 3525 861 carmine
3549 820 3729 876 super
3751 806 3895 875 justi.

3749 244 3904 303 ιω

2299 234 2553 293 ΒΟΝῊΠ
3749 244 3904 303 ιηιι

2299 363 2480 404 rorum
2507 349 2765 421 ell'ugerat
2802 364 3024 418 manus;
3049 359 3103 407 et
3128 351 3344 408 avuISas
3366 351 3437 409 de
3460 355 3762 426 complexu
3790 374 3891 415 suo
3984 332 3986 363 ¹

2299 439 2528 507 virgines
2554 439 2794 504 ﬂeverat.
2819 457 2943 497 cum
2974 443 3150 502 subito
3178 444 3528 513 intolerabili,
3555 447 3714 518 quod
3744 466 3889 505 nun-

2299 542 2452 596 quam
2477 529 2744 593 timuerat,
2776 531 2846 602 (e)
2873 534 3227 589 amantissimi
3252 535 3349 590 ﬁlii
3374 536 3620 593 orbitate
3646 541 3889 608 percuti-

2299 627 2413 681 tur,
2440 629 2493 672 et
2533 621 2684 690 quasi
2755 622 2918 693 982
2992 622 3166 679 futura
3212 625 3433 696 virginis
3468 626 3679 681 Christi
3725 630 3882 692 avia,

2299 722 2388 775 spe
2417 707 2715 764 futurorum
2751 712 3084 767 mortiferum
3128 714 3319 770 vulnus
3359 716 3616 786 excepit:
3641 718 3881 787 probans

2299 796 2343 849 in
2371 810 2430 851 se
2460 812 2643 852 verum
2671 814 2811 865 esse,
2837 802 2979 871 quod
3006 803 3060 857 in
3092 804 3258 874 lyrica
3282 804 3525 861 carmine
3549 820 3729 876 super
3751 806 3895 875 justi,

2299 890 2559 956 praeconio
2576 888 2771 945 dicitur
2789 908 2810 945 :

2290 890 2559 957 praeconio
2576 888 2771 945 dicitur
2789 908 2810 945 :

2428 1041 2492 1097 Si
2515 1047 2711 1114 fractus
2733 1046 2977 1101 illabatur
3005 1048 3164 1113 orbis,
3878 1069 3883 1095 ι

2425 1132 2749 1206 lmpavidum
2785 1139 2963 1208 ferient
3005 1140 3189 1194 ruinte.

2636 1246 2867 1318 (Hann.
2893 1250 2980 1303 lib.
3002 1251 3056 1305 3.
3101 1250 3273 1309 Carm.
3315 1250 3451 1306 Oda.
3482 1250 3565 1322 ὅ).

2280 1413 2527 1484 Legimus
2557 1418 2608 1472 in
2636 1421 2909 1477 volumine
2935 1422 3040 1477 Job
3065 1440 3079 1476 :
3101 1422 3283 1478 Adhuc
3309 1427 3405 1479 isto
3434 1426 3697 1497 loquente,
3730 1440 3876 1481 venir

2277 1506 2411 1558 alius
2446 1510 2654 1562 nuntius
2702 1509 2823 1581 (Job
2864 1511 2939 1583 1).
2969 1513 3038 1566 Et
3082 1514 3137 1568 in
3180 1515 3368 1569 eodem
3398 1533 3413 1567 :
3445 1515 3719 1583 Tentatio,
3750 1519 3877 1572 sive

2279 1594 2359 1666 (ut
2399 1599 2589 1654 melius
2618 1601 2842 1658 habetur
2879 1604 2932 1657 in
2965 1606 3246 1679 Hehraico)
3274 1609 3457 1661 militia
3499 1620 3579 1663 est
3634 1612 3740 1664 vita
3768 1612 3860 1664 Iro—

2276 1686 2426 1739 minis
2449 1704 2601 1756 super
2627 1699 2812 1744 terram
2845 1692 3004 1761 (Ibid.
3038 1697 3093 1749 7.
3132 1694 3207 1766 l).
3240 1697 3319 1751 Ad
3345 1696 3447 1752 hoc
3474 1699 3619 1751 enim
3648 1699 3860 1753 labora.

2276 1790 2395 1829 mus
2414 1817 2430 1841 ,
2458 1786 2512 1831 et
2541 1776 2595 1831 in
2625 1781 2808 1835 srecnli
2853 1781 3011 1851 hujus
3061 1786 3426 1853 periclitamur
3450 1788 3644 1842 militia
3663 1829 3677 1851 ,
3715 1799 3777 1843 ut
3805 1790 3870 1843 iur

2273 1864 2452 1920 futuro
2477 1870 2675 1923 smeulo
2699 1886 3041 1929 coronemur.
3080 1876 3191 1932 Nec
3235 1878 3428 1933 mirum
3458 1879 3563 1934 hoc
3587 1880 3658 1935 de
3683 1879 3856 1935 homi-

2273 1955 2428 2009 nibus
2453 1958 2697 2025 credere,
2725 1976 2846 2015 cum
2872 1962 3126 2020 Dominus
3152 1966 3267 2036 ipse
3292 1976 3527 2023 tentatus
3547 1969 3618 2022 sit
3637 1968 3860 2040 (Matth-

2269 2044 2348 2113 4).
2380 2046 2444 2100 Et
2475 2048 2542 2101 de
2584 2049 2851 2104 Abraham
2893 2051 3172 2122 Scriptura
3221 2066 3447 2112 testatur
3476 2076 3489 2110 :
3517 2060 3662 2129 quod
3709 2061 3852 2115 Deus

2273 2139 2556 2189 tentaverit
2607 2152 2729 2192 eum
2780 2137 2987 2212 (Cenes.
3031 2142 3145 2214 22).
3184 2144 3354 2211 Quam
3409 2148 3479 2201 ob
3530 2164 3750 2203 causam
3795 2160 3855 2204 et

2269 2227 2557 2293 Apostolus
2604 2230 2881 2298 loquitur:
2918 2231 3203 2290 Guudentes
3251 2239 3305 2292 in
3352 2239 3701 2295 tribulatione.
3732 2242 3799 2296 Et
3826 2284 3846 2307 ,

2264 2315 2493 2381 scientes,
2521 2318 2657 2387 quod
2675 2320 2940 2375 tribulatio
2958 2325 3253 2391 patientiam
3280 2338 3521 2395 operatur
3538 2344 3563 2382 :
3577 2332 3851 2397 patientia,

2264 2405 2607 2472 probationem
2632 2424 2651 2463 :
2672 2412 2923 2476 probatio,
2952 2430 3133 2483 spent:
3149 2433 3265 2482 spes
3290 2427 3459 2472 autem
3485 2436 3589 2474 non
3618 2425 3841 2489 confun-

2263 2495 2337 2547 dit
2363 2495 2539 2564 (Iiom.
2571 2498 2623 2552 5.
2652 2509 2700 2552 et
2727 2498 2914 2572 αρνιμ).
2945 2504 3011 2557 Et
3040 2504 3221 2559 iu-alio
3245 2506 3365 2561 loco
3387 2527 3400 2561 :
3424 2507 3551 2574 Quis
3576 2526 3670 2565 nos
3696 2527 3849 2581 sepe-

2259 2586 2390 2639 rabit
2414 2604 2444 2640 a
2468 2590 2680 2643 caritate
2715 2589 2809 2643 Dei
2839 2591 2936 2664 [aL
2963 2591 3196 2667 Cltristi.]
3215 2598 3241 2649 .’
3277 2598 3555 2664 tribulatio,
3582 2617 3653 2654 an
3677 2618 3838 2671 angu-

2259 2677 2357 2728 stia
2374 2678 2400 2730 .9
2428 2695 2492 2730 an
2521 2684 2799 2748 persecutio
2815 2683 2841 2736 ?
2859 2699 2926 2737 an
2951 2686 3109 2754 fames
3126 2686 3152 2739 .9
3172 2704 3239 2740 an
3263 2689 3467 2742 auditas
3484 2690 3510 2742 .’
3536 2707 3608 2743 an
3638 2694 3838 2758 pericu-

2258 2766 2362 2819 lum
2384 2769 2409 2821 ?
2435 2786 2501 2821 an
2529 2770 2775 2837 gladius?
2804 2773 2951 2827 Sicut
2981 2776 3225 2845 scripturn
3249 2762 3322 2831 est
3345 2796 3364 2832 :
3389 2779 3523 2842 Quia
3554 2793 3761 2850 propter
3789 2793 3849 2836 te

2256 2859 2622 2925 mortiﬁcamur
2646 2871 2752 2914 tota
2773 2864 2873 2927 die,
2900 2866 3134 2919 utilitati
3155 2884 3327 2921 sumus
3349 2879 3404 2922 ut
3426 2884 3542 2925 ores
3568 2873 3841 2927 occisionis

2255 2945 2430 3017 (Rom.
2475 2949 2531 3002 8.
2568 2951 2655 3004 55.
2702 2952 2816 3022 36).
2861 2954 2925 3008 Et
2971 2955 3136 3011 Isaias
3175 2957 3539 3028 hujuscemodi
3585 2962 3843 3020 homines

2253 3037 2599 3102 cohortatur,
2630 3042 2813 3098 dicens
2844 3062 2857 3100 :
2889 3045 2988 3112 Qui
3028 3049 3267 3105 ablactati
3314 3054 3430 3107 estis
3475 3072 3509 3107 a
3547 3056 3680 3110 lacte
3700 3098 3716 3120 ,
3743 3060 3833 3128 qui

2250 3129 2414 3181 avulsi
2435 3128 2497 3182 ab
2527 3132 2709 3199 ubere,
2742 3136 3111 3191 tribulationem
3139 3159 3290 3207 super
3325 3144 3701 3203 tribulationem
3738 3168 3828 3205 ex.

2247 3230 2467 3287 spectate
2496 3237 2515 3276 :
2543 3239 2681 3291 spent
2707 3242 2860 3291 super
2888 3244 3025 3294 spem
3049 3228 3200 3301 (lsai.
3230 3232 3321 3288 28.
3342 3236 3393 3288 7.
3418 3236 3531 3306 10).
3559 3237 3680 3292 Non
3707 3252 3835 3295 sunt

2248 3309 2515 3378 condigna'
2538 3317 2797 3380 passiones
2821 3318 2970 3380 huius
2990 3323 3231 3390 temporis
3249 3324 3318 3376 ad
3336 3325 3563 3393 futuram
3579 3331 3818 3399 gloriam,

2245 3416 2359 3470 qtae
2392 3404 2689 3459 revelabitur
2713 3407 2767 3460 in
2792 3408 2933 3464 nobis
2962 3409 3135 3482 (Rom.
3167 3414 3223 3469 8.
3256 3417 3365 3485 l8).
3395 3416 3504 3473 Cur
3532 3421 3634 3476 ista
3661 3425 3819 3493 repli-

2244 3497 2475 3551 caverint
2496 3539 2511 3563 ,
2544 3513 2774 3566 sequens
2799 3515 2978 3557 sermo
3012 3508 3348 3562 monstrabit.
3377 3510 3509 3575 Quae
3535 3513 3606 3567 de
3649 3518 3833 3572 medio

2244 3586 2379 3640 mari
2420 3586 2708 3644 fumantem
2749 3591 2955 3647 viderat
2985 3597 3209 3663 patriam
3232 3639 3248 3664 ,
3290 3608 3346 3652 et
3376 3600 3553 3670 fragili
3574 3605 3783 3674 cymba:
3800 3624 3825 3671 ,1

2243 3675 2474 3730 salutem
2519 3691 2669 3733 suam
2715 3694 3039 3751 suorumque
3089 3687 3470 3755 commiserat,
3516 3693 3823 3749 crudeliora

2244 3764 2445 3819 invenit
2476 3766 2670 3824 Africae
2714 3769 2915 3824 littora.
2958 3772 3233 3842 Excipitur
3261 3778 3402 3831 enim
3442 3780 3514 3835 ab
3556 3798 3624 3836 eo
3660 3799 3827 3851 quem

2241 3856 2451 3909 nescias
2474 3897 2489 3921 ,
2520 3866 2698 3914 utrum
2728 3861 2939 3915 avarior
2964 3904 2979 3926 ,
3006 3878 3076 3918 au
3105 3866 3375 3922 crudelior
3400 3866 3565 3925 fuerit
3586 3872 3673 3943 (l)
3695 3891 3708 3925 :
3730 3876 3816 3927 cui

2241 3943 2369 3998 nihil
2414 3946 2572 4002 dulce
2612 3957 2807 4016 praeter
2834 3951 3051 4017 vinmn,
3080 3963 3135 4008 et
3174 3956 3443 4024 pretium;
3483 3971 3540 4014 et
3580 3964 3671 4031 qui
3716 3965 3823 4017 sub

2239 4036 2522 4091 occasione
2568 4038 2796 4108 partium
2828 4042 3231 4099 clementissimi
3272 4046 3535 4116 Principis
3560 4049 3641 4119 (2)
3665 4091 3681 4115 ,
3707 4067 3808 4105 sae-

2236 4126 2489 4181 vissimus
2522 4130 2761 4184 omnium
2791 4132 2972 4186 extitit
3002 4142 3386 4205 tyrannorum;
3414 4149 3467 4193 et
3496 4138 3575 4211 (ut
3613 4144 3817 4211 aliquid

2235 4215 2422 4285 loquar
2449 4217 2517 4272 de
2552 4218 2742 4274 fabulis
2772 4221 3078 4294 Poetarum)
3108 4228 3259 4295 quasi
3290 4227 3457 4283 Orcus
3485 4231 3536 4282 in
3566 4240 3831 4293 tartaro,.

2233 4320 2339 4359 non
2376 4307 2680 4377 tricipitem,
2705 4311 2796 4365 sed
2827 4313 3112 4368 multorum
3137 4318 3369 4385 capitum
3398 4318 3574 4372 habuit
3599 4317 3805 4375 Cerbe.

2232 4413 2346 4451 rum
2418 4400 2582 4470 983
2654 4401 2742 4470 qui
2788 4414 2978 4457 cuncta
3022 4406 3255 4460 traheret
3297 4423 3360 4463 ac
3406 4410 3659 4463 laceraret
3702 4413 3804 4479 (5).

2232 4485 2332 4541 Hic
2365 4501 2582 4542 matrum
2613 4492 2816 4560 gremiis
2846 4494 3093 4548 abducere
3131 4508 3344 4566 pactas;
3388 4500 3809 4569 negotiatoribus

2227 4585 2281 4630 et
2309 4578 2632 4634 avidissimis
2661 4581 2964 4636 mortalium
3001 4585 3169 4654 Syris,
3203 4588 3460 4642 nobilium
3505 4591 3804 4657 puellarmn

2228 4669 2440 4735 nuptias
2477 4669 2707 4722 vendere
2735 4687 2748 4722 :
2780 4687 2884 4725 non
2932 4675 3244 4743 papillarum
3266 4717 3281 4737 ,
3331 4693 3435 4730 non
3485 4677 3765 4733 viduarum
3786 4722 3801 4747 ,

2225 4772 2333 4811 non
2361 4759 2619 4826 virgintttn
2652 4759 2851 4814 Christi
2882 4763 3072 4831 inopia:
3095 4778 3313 4833 parcere
3334 4807 3348 4827 ,
3374 4766 3643 4834 magisque
3680 4784 3800 4820 tna-

2223 4862 2323 4900 nos
2365 4847 2661 4915 rogantium
2703 4860 2945 4917 spectare
2988 4868 3143 4920 quant
3193 4853 3383 4906 vultus.
3433 4852 3583 4908 lianc
3629 4854 3800 4911 ieram

2218 4938 2541 5010 Charybdim
2561 4980 2578 5005 ,
2605 4941 2946 5013 Scyllamque
2973 4946 3296 4999 succinctam
3326 4945 3508 4999 multis
3532 4948 3762 5002 canibus
3779 4989 3795 5013 ,

2219 5030 2425 5100 fugiens
2465 5031 2718 5088 barbaros
2764 5043 3004 5089 malrooa
3054 5036 3339 5100 sustinuit;
3383 5038 3471 5106 qui
3515 5053 3619 5093 nec
3664 5055 3790 5092 itait-

2217 5120 2397 5191 lragiis
2451 5133 2775 5192 parcerent,
2829 5139 2928 5179 nec
2977 5105 3373 5193 captivitatibus
3430 5127 3791 5184 ﬂecterentur.

2214 5209 2430 5265 Imitare
2487 5210 2720 5266 crudelis
2784 5213 2971 5266 saltem
3032 5213 3239 5268 hostem
3309 5213 3538 5270 Romani
3623 5219 3789 5287 impe-

2447 5445 2706 5495 demortui.

2304 5506 2348 5577 ξ)
2379 5504 2697 5577 ξξθηοςὶειηιιε
2718 5503 2891 5553 Africae
2912 5505 3100 5555 Comes.
3195 5535 3199 5539 ι

2298 5565 2346 5619 ξι
2379 5566 2637 5614 Honorius.

2274 5568 2353 5688 ἱό)
2386 5627 2591 5675 Sabinus
2615 5625 2886 5676 Herculiani
2909 5636 3082 5688 gener.

2210 5354 2814 5495 δέθὶώἳθέἓέξοΐῇῑῖὺῆι,
2839 5385 2921 5449 qui
2945 5384 3278 5438 Demetriatlis
3320 5368 3464 5453 pater
3502 5399 3628 5455 erat,
3663 5394 3785 5444 circa

2275 5505 2296 5564 (
