3986 6184
163 295 320 352 Hi3

159 407 350 476 rii.(a)
362 405 600 460 Brennus
616 397 782 453 nostri
798 393 1073 467 temporis,
1090 399 1291 446 tantum
1307 383 1447 456 quod
1470 385 1746 436 invenerat

163 471 301 553 tulit
363 506 416 551 tu
440 492 632 564 quteris
653 490 792 560 quod
821 503 925 542 non
952 485 1176 540 invenis.
1204 481 1272 535 Et
1293 479 1551 532 mirantur
1571 471 1747 525 annuli

168 589 374 657 (virtus
423 585 564 639 enim
612 595 824 647 Semper
875 577 1088 632 invidiae
1137 572 1302 640 patet)
1345 584 1440 621 cur
1484 573 1746 618 tant-trum

164 691 360 732 secum
400 672 704 745 pudicitiam
745 671 900 722 tacita
946 662 1333 736 proscriptione
1376 665 1605 711 mercata
1643 652 1744 716 sit,

165 782 302 822 cum
341 772 396 819 et
433 762 523 816 ille
551 771 752 830 partem
781 757 1028 827 dignatus
1052 753 1122 806 sit
1147 751 1390 817 accipere
1415 786 1429 808 ,
1458 746 1546 812 qui
1579 751 1748 796 totmn

166 864 351 935 potuit
374 860 588 916 auferre
611 874 625 910 :
649 865 702 910 et
729 855 843 908 haec
866 850 1015 921 quasi
1047 846 1236 899 Comiti
1266 856 1458 910 negare
1489 853 1592 892 nou
1622 848 1749 888 ausa

138 923 264 1016 Qu.
294 966 412 1022 qua:
440 964 499 1004 se
527 943 854 1014 intelligebat
878 940 973 994 sub
998 936 1213 991 nomine
1241 933 1456 1001 privata:
1481 923 1750 995 dignitatis

169 1053 406 1114 tyranno
443 1032 802 1093 servientem?
831 1029 1016 1085 Sentio
1057 1041 1142 1080 me
1187 1023 1524 1078 inimicorum
1569 1025 1750 1088 patere

165 1105 494 1186 morsibus?
533 1125 674 1195 quod
718 1120 922 1177 adulari
949 1117 1135 1171 videar
1172 1111 1486 1168 clarissima:
1512 1116 1566 1162 et
1595 1105 1749 1159 nobi—

165 1221 400 1276 lissimae
438 1218 686 1277 feminae;
724 1212 812 1282 qui
843 1223 1094 1264 accusare
1124 1220 1228 1259 non
1273 1208 1552 1271 poterunt,
1593 1198 1634 1250 si
1666 1211 1752 1249 me

168 1311 405 1366 scierint
433 1308 529 1380 [aL
557 1309 712 1360 scient
745 1302 767 1374 ]
799 1306 1071 1368 hucusque
1103 1297 1352 1350 tacuisse.
1388 1291 1568 1360 Neque
1609 1289 1751 1342 enim

172 1400 396 1457 Eaudavi
427 1400 477 1452 in
509 1412 569 1450 ea
601 1408 832 1464 unquam
883 1390 1250 1458 antiquitatem
1277 1384 1508 1454 generis,
1540 1381 1751 1434 divitia-

170 1505 306 1545 tum
346 1498 401 1543 et
449 1486 699 1555 potentia:
741 1479 1197 1550 magnitudinem,
1252 1476 1368 1528 viro
1413 1474 1624 1525 vivente
1669 1469 1752 1522 vel

175 1589 416 1640 mortuo,
445 1592 563 1644 quae
585 1577 672 1630 alii
703 1571 924 1626 forsitan
947 1567 1270 1623 mercenaria
1299 1565 1540 1619 oratione
1570 1560 1755 1614 lauda-

171 1671 374 1725 verint.
394 1667 518 1720 Mihi
540 1665 866 1734 propositum
891 1671 970 1714 est
991 1659 1129 1729 stylo
1155 1654 1519 1711 ecclesiastico
1539 1651 1757 1705 laudare

175 1763 358 1815 aviam
391 1757 608 1826 virginis
637 1770 792 1817 mea’,
821 1761 874 1805 et
898 1751 1096 1819 gratias
1132 1762 1310 1816 agere,
1341 1745 1482 1810 quod
1513 1746 1754 1794 volunta-

178 1861 295 1906 tem
340 1849 454 1915 ejus
480 1887 494 1910 ,
524 1861 618 1899 sua
658 1841 920 1910 adjuverit
963 1838 1253 1890 voluntate.
1289 1832 1535 1900 Alioquin
1565 1829 1755 1884 cellula

181 1937 518 1998 monasterii.
549 1935 667 1988 vilis
695 1933 866 1994 cibus,
900 1929 1163 1995 vestisque
1188 1932 1514 1990 contempta,
1545 1929 1600 1974 et
1629 1929 1760 1974 tetas

175 2032 356 2084 vicina
379 2029 486 2098 jam
510 2025 690 2087 morti,
713 2021 997 2087 brevisque
1021 2014 1245 2084 tempori
1271 2013 1545 2074 viaticum,
1572 2017 1757 2063 carent

179 2120 332 2174 omni
362 2113 742 2171 assentationis
775 2109 1012 2163 infamia.
1041 2107 1285 2174 Denique
1315 2104 1366 2156 in
1397 2101 1612 2169 reliquis
1641 2113 1760 2167 par-

180 2211 331 2265 tibus
351 2250 367 2273 ,
399 2206 572 2260 oumis
611 2203 739 2256 mihi
781 2214 958 2254 sermo
993 2197 1057 2249 ad
1097 2197 1352 2264 virginem
1382 2193 1638 2258 dirigetur
1661 2229 1676 2253 ,
1708 2195 1763 2241 et

178 2302 448 2370 virginem
481 2297 736 2354 nobilem,
766 2302 822 2345 et
855 2288 1086 2342 nobilem
1120 2301 1225 2338 non
1257 2285 1432 2336 utilius
1458 2280 1759 2343 sanctitate,

182 2406 345 2460 quam
378 2401 572 2456 genere
593 2406 605 2437 ς
630 2396 785 2437 CUJUS
813 2393 1024 2442 quau-ro
1049 2374 1327 2430 sublimior
1355 2385 1610 2428 ascensus
1639 2377 1722 2423 est
1744 2408 1762 2432 ,

185 2489 340 2532 tanto
371 2477 550 2546 lapsus
582 2470 950 2541 ju-riculosior.

186 2571 260 2640 (b)
291 2568 458 2623 Unum
484 2567 612 2620 illud
641 2564 727 2617 tibi
746 2572 866 2614 nata
889 2558 993 2612 Deo
1009 2573 1028 2610 :
1045 2571 1245 2626 prwque
1269 2553 1496 2608 omnibus
1517 2566 1690 2604 unum.

267 2659 576 2719 Prtedicam,
596 2666 640 2708 et
663 2661 911 2717 repetens,
936 2651 1215 2714 iterumque
1234 2645 1512 2711 iterumque
1533 2639 1761 2703 monebo,

187 2765 248 2810 tit
273 2755 507 2808 animum
541 2758 684 2801 tuum
713 2757 879 2797 sacra:
907 2737 1151 2824 lect'qmis
1174 2751 1356 2790 amore
1377 2748 1604 2800 occupes
1629 2749 1642 2785 :
1669 2744 1767 2784 nec

189 2850 244 2903 in
263 2847 400 2899 bona
420 2854 558 2897 terra
576 2836 804 2907 pectoris
1114 2829 1187 2882 tui
1206 2837 1503 2882 sementem
1521 2823 1765 2876 Ioliiave-

190 2948 485 3004 nurumque
500 2929 790 2998 suscipias:
815 2939 880 2976 ne
900 2920 1196 2976 dormiente
1219 2914 1594 2986 patrefamilias
1619 2930 1631 2965 :
1657 2911 1766 2982 (qui

191 3042 275 3088 est
291 3040 410 3090 νοῦς,
431 3027 480 3080 id
497 3033 598 3086 est,
614 3022 835 3082 animus,
853 3017 960 3069 Deo
973 3026 1185 3080 semper
1201 3008 1504 3076 adlnerens)
1522 3005 1769 3059 inimicus

194 3122 358 3176 homo
395 3113 595 3170 zizania
641 3104 1067 3176 supersetninet;
1099 3098 1192 3153 sed
1239 3112 1453 3164 semper
1493 3093 1765 3162 loquaris:

194 3211 262 3266 In
293 3207 520 3263 noctibus
547 3199 752 3272 qutrsivi
778 3210 923 3266 quem
943 3193 1118 3245 dilexit
1142 3188 1232 3260 [aL
1259 3184 1443 3255 diligit]
1471 3185 1641 3236 animo
1662 3197 1771 3234 mea

197 3301 371 3370 (Cant.
397 3299 450 3351 5.
475 3296 554 3361 1),
581 3291 664 3344 tibi
696 3287 878 3358 pascis,
903 3283 984 3335 ubi
1015 3281 1166 3334 cubas
1191 3280 1243 3330 in
1267 3277 1472 3330 meridie
1509 3274 1527 3345 (
1558 3273 1690 3326 Ibitl.
1718 3273 1770 3327 1.

197 3365 282 3456 li)?
299 3390 383 3452 Et,
401 3383 610 3437 Iuhtesit
626 3387 734 3448 post
747 3386 793 3427 te
809 3373 976 3427 anima
990 3385 1121 3429 mea,
1135 3383 1213 3419 me
1229 3365 1444 3433 suscepit
1467 3365 1670 3416 dextera
1687 3369 1772 3412 tua

197 3480 316 3553 (Ps.
331 3477 421 3539 62,
438 3475 515 3541 9).
533 3463 1023 3537 llludqueJeremize
1045 3478 1060 3514 :
1082 3456 1200 3511 Non
1223 3455 1446 3510 laboravi
1467 3467 1678 3519 sequens
1704 3462 1770 3515 te,

199 3543 358 3641 neque
373 3568 503 3621 enim
517 3574 588 3618 est
605 3561 750 3615 dolor
767 3559 817 3611 in
831 3553 1010 3616 Iacob,
1028 3567 1116 3604 nec
1133 3549 1274 3604 labor
1293 3548 1344 3600 in
1359 3545 1526 3599 Israel
1559 3543 1770 3612 (Jerem.

201 3663 316 3729 i7).
345 3654 569 3726 Quando
611 3665 732 3706 eras
777 3650 828 3703 in
868 3643 1100 3708 sa‘culo,
1141 3657 1202 3695 ea
1243 3654 1362 3708 qua:
1398 3645 1552 3692 erant
1594 3634 1773 3689 saaculi

147 3755 150 3757 λ
201 3749 480 3818 diligebas.
517 3742 693 3797 Polire
731 3737 919 3791 faciem
952 3730 1268 3801 purpurisso
1291 3767 1308 3793 ,
1346 3735 1400 3782 et
1426 3738 1644 3780 cerussa
1682 3737 1775 3776 ora

203 3815 527 3910 depingere;
556 3846 750 3886 ornare
770 3829 990 3888 crinem,
1015 3833 1070 3877 et
1090 3819 1280 3875 alienis
1300 3817 1508 3887 capillis
1529 3815 1777 3870 turritum

202 3903 458 3987 verticem
505 3932 732 3977 struere.
781 3915 846 3970 Ut
892 3924 1094 3966 taceam
1143 3909 1210 3962 de
1255 3907 1518 3960 inaurium
1560 3903 1776 3972 pretiis,

204 4021 439 4080 candore
471 4011 897 4080 margaritarum,
923 4000 1087 4054 Rubri
1113 3997 1276 4052 maris
1299 3992 1559 4063 profunda
1583 3999 1779 4045 testan-

207 4116 338 4170 tium
366 4149 382 4172 ,
422 4098 824 4168 smaragdorum
865 4093 1042 4146 virore
1067 4128 1080 4149 ,
1111 4086 1483 4140 cerauniorum
1515 4081 1778 4145 ﬂammis,

210 4170 624 4268 hiacynthorum
670 4186 892 4254 pelago,
924 4178 990 4232 ad
1031 4191 1150 4246 quae
1191 4173 1382 4227 ardent
1424 4179 1479 4226 et
1514 4170 1786 4224 insaniunt

211 4258 385 4346 studia
431 4289 814 4336 matronarum.
847 4270 995 4323 Nunc
1033 4275 1207 4318 autem
1249 4263 1369 4331 quia
1411 4258 1664 4314 szcculum
1695 4273 1784 4312 re-

212 4377 450 4452 liquisti,
491 4381 546 4427 et
592 4365 828 4424 secundo
876 4371 992 4430 post
1038 4357 1355 4425 baptismmn
1395 4352 1596 4422 gradu.
1642 4347 1785 4402 inisti

115 4466 123 4475 ’
215 4439 425 4545 pactum
474 4478 595 4519 cum
644 4453 951 4512 adversario
1007 4460 1135 4509 tuo,
1180 4445 1363 4498 dit-ens
1407 4441 1453 4495 ei
1487 4459 1500 4494 :
1536 4439 1787 4492 Renuntio

215 4530 324 4629 libi,
355 4555 576 4619 diabole,
611 4561 653 4604 et
683 4545 874 4602 stucqu
896 4553 1001 4602 tuo,
1033 4550 1076 4591 et
1106 4530 1307 4608 pompa:
1333 4543 1452 4596 tuaz,
1485 4542 1528 4584 et
1557 4530 1790 4600 operibus

218 4623 322 4728 [δι’
345 4647 543 4721 opibus)
573 4644 670 4696 tuis
690 4682 703 4705 ,
737 4651 889 4692 serva
920 4631 1094 4688 foedus
1124 4626 1263 4698 quod
1297 4623 1561 4695 pepigisti,
1594 4632 1648 4677 et
1675 4634 1790 4676 esto

303 4803 354 4864 α)
379 4797 620 4864 meum
641 4787 884 4850 intentae,
911 4775 1582 4864 θοεηρτυεξξ,¹ξιῖξεπξξε.ε.“εξι
1595 4771 1794 4864 fitfit?

639 4831 1058 4916 Ei'é'b'ipiupmt
1075 4839 1240 4916 ,lquqd
1264 4831 1474 4916 uiterque
1500 4831 1671 4916 i’ojuli
1697 4831 1793 4916 ita:

222 4893 1327 4976 KZ;ti;“,'htLi-qiie_'_ndiion3_(iisetiam,
1356 4893 1564 4976 uterqpe
1589 4899 1642 4976 ut
1665 4893 1796 4976 obsi:

221 4956 772 5034 5
788 4956 990 5034 Populo
1010 4965 1234 5034 lintrium)”
1248 4967 1452 5028 argento
1485 4956 1692 5034 donatu‘s
1713 4959 1794 5000 srt.

224 4988 417 5034 ilionent
443 4984 685 5028 eximeret
704 5012 717 5031 ,
744 4988 772 5021 a
811 4984 876 5018 r0
899 4984 990 5014 .uto
1015 4984 1226 5012 nuutuuu
1248 4984 1452 5020 argento
1485 4984 1692 5002 υυιιαιυο
1713 4984 1794 5000 οη.

224 5048 450 5107 l‘ejorem
469 5047 649 5107 autem
680 5037 726 5082 in
763 5046 824 5082 eo
837 4984 1194 5101 .lleraclianuut.
1203 5019 1323 5107 facit
1531 5013 1800 5107 transfuga:

821 5094 845 5107 l,
872 5103 878 5107 .
907 5104 940 5107 ν-.
957 5095 1016 5107 .--ι
1093 5095 1180 5107 nun
1202 5093 1302 5107 suun
1364 5093 1373 5107 |
1431 5095 1438 5103 ι
1527 5091 1549 5107 ε
1588 5105 1594 5107 Α
1632 5089 1711 5107 ’ξηιι
1740 5088 1766 5107 ιε

227 5084 677 5169 i,§i.§,‘£{{ii"biimia
713 5092 1054 5156 perdiderant,
1093 5084 1325 5146 Spoliaret
1363 5084 1551 5124 infamis
1583 5084 1798 5123 avarittte

224 5181 385 5217 ausa.

290 5195 470 5286 iii'Ex
492 5217 683 5286 Virgilii
719 5212 950 5286 ιεηθίειοξ
980 5208 1142 5286 litt-,5:
1159 5202 1394 5286 9913‘}:
1413 5203 1674 5286 3251.???

228 5258 951 5350 (μιξδξ,πῖξ;χ]ἄ.ᾞίρτοηξιιιὶξλῶ
978 5261 1684 5350 ι›ι’ἰυι·οιιι,ξθ¹ι;διξξξι,ἱιιιιὶιυιριιὶις
1707 5258 1804 5303 imo

820 5349 823 5350 ν
949 5344 1069 5350 ob”-.-
1091 5345 1099 5350 .
1171 5339 1182 5350 ι
1229 5343 1252 5350 ..
1348 5338 1363 5350 ο
1385 5337 1414 5350 II
1437 5334 1498 5350 “Il
1519 5333 1548 5350 ΙΙ
1602 5330 1671 5350 ton
1717 5330 1804 5350 nrn

231 5322 896 5399 éiiiﬁéhlieugmu.
934 5322 1122 5399 ωτι-ονεἶ
1165 5322 1550 5399 tlludtibinata
1577 5327 1688 5377 lico,
1709 5330 1806 5399 [pro

797 5379 1249 5465 uitumipra'aicum,
1395 5384 1640 5474 L’tlautem
1660 5379 1807 5474 eiul:-

386 5471 393 5474 λ
634 5464 662 5474 -'
780 5458 812 5474 γι
911 5458 926 5474 ι
947 5457 1289 5474 .--.:-._--........_...
1346 5459 1448 5474 nn...
1477 5457 1568 5474 ,ηηι
1593 5454 1650 5474 an

233 5440 747 5528 ililis'f'iZESrhIXLiati.
761 5440 882 5528 ὀιιῲ
895 5440 1291 5528 quuisgramen'se
1309 5442 1569 5528 Conciltmn
1592 5454 1669 5510 an.
1694 5440 1803 5528 §l|6.

233 5500 586 5582 ἒῗῖἶῗ
601 5500 723 5577 Pio,
739 5500 1079 5582 quodeleiti:
1087 5500 1192 5562 loco
1218 5510 1402 5582 reliqua
1427 5505 1570 5582 hujus
1592 5516 1638 5561 οι
1657 5500 1807 5582 istoin:

235 5562 415 5650 ἷιῒεξείῦἷ.
672 5562 1072 5639 υὶεὶιοὶὶνὶιξῶωίι
1097 5584 1148 5626 et
1171 5562 1340 5622 melior
1353 5562 1640 5630 tptanjoque
1665 5562 1809 5610 lectio

237 5654 529 5704 restituitur.

1492 268 1820 330 EPISTULA
1857 262 2072 320 CXXX.

3278 253 3422 310 HM

1849 373 2226 438 consentiens,
2260 380 2576 441 pactmnque
2608 362 2913 418 custodiens
2944 377 3066 418 cum
3111 361 3426 418 adversario.

1851 475 1962 527 tuo,
1995 463 2120 517 dum
2160 477 2218 515 es
2250 464 2300 514 in
2333 460 2413 512 via
2445 457 2605 525 hujus
2641 453 2822 507 sazculi
2847 492 2862 514 .
2896 468 2963 507 ne
3001 454 3136 506 forte
3164 454 3340 507 tradat
3365 463 3417 507 te

1849 555 2036 624 jndici,
2061 562 2114 607 et
2145 563 2196 606 te
2217 550 2284 606 de
2306 565 2403 603 suo
2427 545 2623 615 aliquid
2653 556 2936 612 usurpasse
2963 541 3282 596 convincat:
3311 552 3422 596 tra-

1852 645 2103 712 darisqne
2134 643 2383 696 ministro
2405 680 2418 700 ,
2450 639 2539 706 qui
2571 640 2683 704 ipse
2713 645 2824 697 est,
2860 642 2914 687 et
2956 633 3204 686 inimicus
3231 641 3284 685 et
3313 633 3434 685 vin-

1854 735 1953 790 dex
1978 752 1992 799 ;
2023 744 2078 788 et
2108 734 2333 788 mittaris
2360 733 2412 784 in
2434 743 2704 784 carcerem
2724 724 2933 795 (Matth.
2956 725 3012 792 5)
3031 734 3079 776 et
3107 725 3156 775 iu
3181 724 3434 775 tenebras

1851 825 2166 887 exteriores,
2194 837 2315 890 qua:
2341 828 2540 888 quanto
2570 833 2600 870 a
2627 815 2844 870 Christo
2876 828 3006 866 vero
3037 813 3237 865 lumine
3268 827 3428 878 sepa-

1854 926 2060 979 rantur,
2095 923 2243 967 tanto
2270 927 2366 965 nos
2394 910 2580 978 majori
2607 907 2828 960 horrore
2849 904 3215 967 circumdant;
3246 912 3300 957 et
3322 918 3428 955 non

1854 1005 1982 1058 inde
2009 1015 2204 1068 exeas,
2236 1001 2336 1054 nisi
2367 1001 2548 1054 solvas
2579 996 2925 1050 novissimum
2956 993 3303 1064 quadrantem
3330 1031 3345 1053 ,
3378 991 3432 1044 id

1853 1104 1934 1150 est
1961 1135 1975 1157 ,
2008 1093 2287 1147 minimum
2314 1090 2564 1160 quodque
2593 1089 2844 1141 delictum
2872 1104 2885 1139 :
2909 1087 3030 1153 quia
3057 1093 3110 1137 et
3138 1098 3233 1152 pro
3259 1082 3433 1135 otioso

1855 1185 2020 1237 verbo
2046 1181 2309 1237 reddituri
2335 1194 2521 1234 sumus
2542 1177 2804 1231 rationem
2832 1175 2884 1228 in
2906 1174 2992 1228 die
3009 1172 3195 1242 judicii
3247 1169 3430 1239 (Ibid.

1858 1274 1944 1329 19..
1973 1275 2087 1341 36).
3013 1240 3022 1242 ἡ
3107 1240 3126 1248 ’

1926 1365 1980 1420 8.
2014 1365 2134 1418 Ilaec
2159 1363 2298 1417 dicta
2325 1362 2450 1423 sint,
2477 1374 2580 1412 non
2610 1358 2838 1412 infausto
2859 1367 3042 1408 contra
3075 1363 3127 1408 te
3151 1351 3427 1409 vaticinio.

1857 1453 1930 1522 (c)
1960 1453 2053 1506 sed
2085 1451 2258 1521 pavidi
2290 1450 2540 1518 cautique
2584 1447 2863 1521 monitoris
2894 1444 3072 1498 oflicio
3091 1483 3107 1507 ,
3135 1457 3196 1495 ea
3224 1453 3438 1508 quoque

1857 1545 1911 1598 in
1943 1555 1992 1598 Ie
2015 1584 2029 1606 ,
2059 1558 2178 1611 qua:
2207 1551 2315 1594 tuta
2355 1549 2482 1594 sunt
2521 1537 2875 1591 furmidantis.
2915 1535 2976 1588 Si
3004 1533 3210 1603 spiritus
3241 1530 3434 1598 inquit,

1859 1639 2149 1702 potestatem
2198 1631 2423 1682 habentis
2467 1627 2750 1681 ascenderit
2787 1641 2940 1694 super
2979 1634 3059 1686 te,
3094 1624 3260 1676 locum
3296 1631 3438 1672 tuum

1859 1738 1921 1774 ue
1944 1721 2195 1773 dimiseris
2220 1719 2444 1787 (Eccles.
2476 1717 2564 1770 10.
2595 1715 2673 1784 4).
2706 1714 2866 1780 Quasi
2897 1715 2947 1764 in
2971 1712 3269 1781 procinctu,
3301 1717 3356 1762 et
3384 1708 3437 1760 itt

1859 1812 1974 1863 acie
2002 1819 2204 1861 stamus
2236 1821 2448 1872 semper
2476 1805 2540 1856 ad
2575 1818 2828 1872 pugnam.
2861 1800 2987 1854 Vult
3032 1813 3130 1850 nos
3158 1799 3279 1851 loco
3319 1810 3436 1848 mo-

1860 1913 1984 1952 vere
2032 1896 2223 1960 hostis,
2254 1905 2308 1949 et
2348 1894 2416 1947 de
2455 1893 2620 1962 gradu
2667 1889 2963 1952 decedere;
3012 1887 3106 1942 sed
3160 1884 3439 1940 solidanda

1859 1987 2078 2055 vestigia
2100 1995 2244 2046 sunt,
2269 1995 2322 2038 et
2343 1981 2652 2036 dicendum.
2679 1979 2873 2035 Statuit
2894 1994 3050 2046 supra
3072 1987 3266 2046 petram
3289 1975 3442 2043 pedes

1861 2093 1997 2128 meos
2027 2075 2145 2144 (Ps.
2177 2074 2266 2128 39.
2303 2074 2399 2140 3);
2437 2073 2537 2133 Et,
2569 2069 2727 2123 Petra
2752 2069 3008 2137 refugium
3037 2067 3292 2134 leporibus
3318 2065 3437 2134 (Ps.

1865 2167 1990 2221 105.
2024 2167 2117 2234 18)
2144 2205 2158 2227 ,
2196 2179 2292 2233 pro
2324 2177 2431 2230 quo
2461 2161 2610 2216 multi
2646 2159 2956 2218 Herinaccos
2985 2159 3185 2225 legunt.
3222 2155 3444 2208 Herina-

1863 2257 1969 2309 cios
2009 2252 2205 2320 animal
2279 2251 2444 2323 985
2519 2265 2738 2319 parvum
2761 2288 2775 2311 ,
2803 2256 2856 2302 et
2887 2247 3059 2314 fugas,
3088 2253 3143 2298 et
3171 2247 3442 2312 Spinarnm

1864 2347 2111 2402 sentibus
2137 2352 2550 2414 praegravatum.
2593 2341 2696 2396 Sed
2744 2340 2865 2393 ideo
2905 2337 3061 2392 Jesus
3089 2337 3258 2404 spinis
3282 2350 3442 2388 coro-

1867 2448 2025 2491 natus
2064 2445 2146 2490 est
2169 2475 2186 2500 ,
2225 2443 2278 2488 et
2317 2443 2497 2487 nostra
2533 2431 2727 2485 delicta
2755 2429 3020 2498 portavit,
3068 2437 3121 2480 et
3165 2441 3260 2495 pro
3291 2425 3446 2480 nobis

1865 2525 2056 2589 doluit,
2091 2535 2146 2578 ut
2177 2525 2244 2578 de
2272 2523 2512 2577 sentibus
2543 2531 2597 2574 et
2627 2518 3064 2572 tribulationibus
3091 2516 3401 2570 feminarum
3424 2553 3447 2582 ,

1866 2618 1932 2674 ad
1969 2633 2102 2686 quas
2143 2615 2374 2678 dicitur,
2416 2612 2483 2665 In
2511 2609 2849 2664 anxietatibus
2873 2648 2887 2667 .
2921 2618 2968 2661 et
3001 2607 3257 2660 doloribus
3283 2605 3450 2674 paries

1868 2711 2080 2776 mulier,
2115 2719 2159 2761 ct
2187 2709 2254 2760 ad
2282 2708 2442 2760 virum
2468 2704 2544 2773 (d)
2567 2703 2825 2756 conversio
2853 2710 2959 2763 tua,
2989 2710 3034 2753 et
3060 2699 3170 2764 ipse
3190 2698 3261 2750 tui
3287 2695 3449 2749 donti—

1869 2805 2070 2858 nabitur
2097 2801 2305 2868 (Cenes.
2339 2800 2418 2866 5),
2449 2811 2584 2850 rosa:
2612 2793 2953 2861 virginitatis,
2985 2799 3037 2843 et
3062 2789 3166 2842 lilia
3189 2786 3452 2841 castitatis

1871 2901 2240 2947 nascerentur.
2274 2887 2428 2942 Unde
2454 2895 2506 2939 et
2536 2898 2764 2952 sponsus
2797 2882 3030 2950 pascitur
3057 2877 3196 2930 inter
3217 2875 3324 2928 lilia
3351 2915 3366 2937 ,
3395 2883 3452 2928 et

1871 2986 2011 3038 inter
2038 2997 2133 3036 eos
2160 2981 2247 3048 qui
2279 2978 2590 3031 vestimenta
2636 2987 2730 3026 sua
2775 2986 2878 3025 non
2925 2967 3406 3035 coinquinaverunt
3430 3004 3446 3029 ,

1874 3073 2110 3142 virgines
2139 3070 2279 3122 enim
2324 3070 2768 3135 permanserunt.
2814 3059 3200 3124 audieruntque
3246 3068 3450 3122 pracce-
3501 3074 3504 3077 ·

1873 3175 2019 3232 ptum
2049 3181 2062 3216 :
2089 3157 2322 3214 Candida
2357 3157 2458 3208 sint
2498 3167 2695 3218 semper
2731 3149 3023 3202 vestimenta
3067 3155 3156 3198 tua
3192 3142 3358 3214 (Eccl.
3391 3141 3452 3195 9.

1874 3255 1932 3317 8)
1958 3292 1972 3314 ,
2002 3261 2056 3305 et
2096 3249 2245 3319 quasi
2285 3255 2471 3300 auctor
2497 3241 2818 3311 virginitatis
2853 3247 2907 3292 et
2934 3237 3182 3305 princeps
3216 3233 3450 3301 loquitur

1874 3341 2254 3397 confidenter:
2289 3336 2400 3406 Ego
2447 3335 2543 3402 ﬂos
2590 3330 2798 3398 campi,
2849 3336 2895 3381 et
2942 3325 3105 3378 liliunt
3149 3321 3457 3377 convallium

1877 3430 2049 3501 (Cant.
2080 3429 2135 3482 2.
2171 3430 2245 3496 l).
2280 3427 2435 3480 Petra
2465 3422 2628 3492 igitur
2653 3421 2896 3488 leporum
2928 3424 3048 3480 est,
3081 3415 3168 3483 qui
3197 3415 3248 3466 in
3277 3424 3458 3480 perse-

1875 3499 2178 3576 cutiouibus
2215 3517 2424 3585 fugiunt
2452 3512 2521 3566 de
2547 3509 2765 3564 civitate
2805 3507 2858 3560 in
2905 3506 3209 3566 civitatem;
3250 3515 3348 3554 nec
3387 3499 3456 3553 ti-

1880 3624 2025 3668 luent
2055 3611 2185 3665 illud
2215 3607 2594 3677 Proplteticum
2619 3622 2632 3658 :
2663 3602 2818 3656 Periit
2855 3603 2978 3670 fuga
3007 3615 3038 3651 α
3066 3613 3144 3650 me
3182 3594 3299 3665 (Ps.
3329 3593 3454 3647 με.

1879 3708 1957 3774 5).
1991 3704 2189 3758 Montes
2219 3711 2385 3755 autem
2411 3696 2596 3752 excelsi
2617 3695 2800 3758 cervis,
2823 3705 3049 3761 quorum
3077 3686 3280 3742 colubri
3306 3683 3462 3737 cibus

1879 3773 2024 3860 sunt,
2054 3809 2188 3864 quos
2214 3791 2390 3846 educit
2415 3803 2546 3858 puer
2573 3784 2821 3855 parvulus
2842 3781 2910 3835 de
2940 3778 3216 3839 foramine,
3244 3773 3460 3842 quando

1883 3863 2085 3955 pardus,
2117 3891 2170 3936 et
2209 3880 2398 3933 haedos
2428 3876 2775 3945 requiescunt
2816 3868 3012 3930 simul;
3053 3877 3106 3920 et
3150 3865 3247 3917 bos
3285 3872 3340 3916 et
3377 3863 3465 3916 leo

1882 3951 2169 4026 comedunt
2197 3969 2396 4036 paleas,
2427 3974 2482 4017 ut
2503 3974 2836 4031 nequaquam
2862 3957 2958 4010 bos
2978 3955 3148 4008 discat
3170 3951 3458 4012 feritatem,

1885 4063 1978 4119 sed
2026 4063 2109 4116 leo
2154 4059 2410 4113 doceatur
2451 4049 2938 4108 mansuetudinem.
2991 4046 3342 4117 Revertamur
3395 4039 3464 4094 ad

1887 4153 2217 4225 propositum
2258 4145 2645 4202 testimonium.
2694 4141 2754 4195 Si
2797 4138 3006 4208 spiritus
3045 4141 3339 4206 potestatem
3369 4129 3466 4182 Ita-

1889 4245 2046 4300 bentis
2075 4241 2355 4296 ascenderit
2394 4253 2546 4306 super
2584 4244 2666 4296 te,
2700 4233 2869 4286 locum
2909 4239 3051 4282 tuum
3088 4243 3151 4280 ne
3193 4225 3467 4278 dimiseris.

1889 4337 2015 4391 Post
2047 4333 2186 4403 quod
2215 4330 2454 4400 sequitur
2481 4345 2494 4379 :
2522 4325 2656 4391 Quia
2683 4322 2878 4376 curatio
2917 4320 3171 4389 quiescere
3201 4315 3322 4386 facit
3352 4327 3468 4381 pec.

1889 4439 2004 4479 cata
2032 4425 2276 4477 maxima.
2303 4421 2402 4487 Qui
2433 4416 2734 4471 versiculus
2764 4414 2905 4466 hunc
2935 4411 3095 4464 habet
3123 4421 3339 4462 sensum
3367 4424 3383 4458 :
3410 4403 3470 4458 Si

1893 4517 1945 4570 in
1978 4513 2330 4584 cogitationes
2372 4519 2488 4562 tuas
2517 4505 2742 4560 coluber
2765 4501 3091 4563 ascenderit,
3120 4498 3262 4552 omni
3291 4502 3472 4548 custo-

1893 4607 1977 4659 dia
2005 4618 2159 4659 serva
2184 4617 2277 4656 cor
2304 4611 2473 4659 tuum,
2502 4605 2556 4650 et
2582 4610 2702 4650 cum
2731 4591 2898 4646 David
2929 4589 3107 4643 canito
3133 4604 3144 4637 :
3168 4585 3243 4638 Ab
3264 4581 3474 4637 occultis

1895 4696 2016 4749 nteis
2044 4693 2234 4758 munda
2262 4706 2360 4753 me,
2381 4687 2594 4741 Domine
2619 4700 2635 4737 :
2657 4693 2705 4736 et
2733 4684 2796 4734 ab
2831 4679 3010 4733 alienis
3040 4691 3191 4745 parce
3217 4687 3358 4727 servo
3388 4680 3474 4723 tuo

1897 4785 2016 4856 (Ps.
2058 4784 2146 4838 18.
2187 4782 2314 4848 15).
2347 4788 2400 4832 et
2427 4777 2492 4830 ad
2533 4782 2809 4844 peccatum
2848 4767 3142 4824 maximum
3169 4806 3184 4830 ,
3228 4763 3301 4834 (ε)
3331 4761 3474 4831 quod

1897 4852 2058 4944 opere
2085 4879 2439 4944 perpetratur,
2465 4877 2794 4932 nequaquam
2827 4857 3108 4927 parvenies
3131 4872 3145 4907 :
3169 4853 3263 4908 sed
3292 4852 3476 4906 incen-

1900 4969 2002 5018 tiva
2030 4941 2278 5016 vitiorum
2318 4956 2496 5011 statim
2527 4955 2578 5007 in
2616 4946 3079 5018 mentejugulabis
3098 4985 3114 5010 ,
3144 4952 3198 4999 et
3220 4941 3472 5013 parvulos

1899 5052 2186 5123 Babylonis
2214 5046 2404 5102 allides
2438 5043 2504 5096 ad
2539 5050 2778 5110 petram;
2807 5039 2859 5092 in
2889 5050 2992 5105 qua
3021 5032 3284 5100 serpentis
3307 5031 3475 5085 vesti-

1901 5144 1984 5212 gia
2013 5119 2117 5193 non
2144 5135 2505 5205 reperiuntur,
2533 5137 2794 5198 cauteque
2816 5125 3043 5180 Domino
3071 5121 3348 5192 promittes
3373 5138 3387 5175 :
3413 5119 3476 5175 Si

1968 5313 2037 5372 (c)
2074 5309 2182 5360 Duo
2205 5307 2319 5372 Mss.
2346 5304 2436 5354 sed
2461 5301 2633 5366 pavido
2656 5299 2816 5372 utique
2837 5297 3124 5372 nwnitorum
3143 5291 3316 5372 allicit):

1969 5352 2046 5436 id)
2074 5352 2419 5436 big-addunt
2447 5352 2579 5436 luunt
2617 5352 2952 5436 post'virum';
2995 5352 3400 5436 quemadmodum
3417 5355 3487 5436 Iet

1906 5411 2513 5484 beliiieiisvtex—tus'liabet,
2536 5411 2685 5484 atq'ue
2711 5424 2757 5470 in
2780 5411 2953 5484 primis
2985 5411 3196 5481 g'rtecus,
3223 5427 3284 5463 ex
3303 5425 3400 5476 quo
3417 5411 3488 5459 lo-

1909 5510 2018 5546 cutu
2055 5494 2182 5541 hunc
2203 5491 2526 5551 Hieronymus
2549 5485 2747 5542 recitat,
2774 5495 2834 5533 sui
2855 5494 2942 5546 πρὸς
2977 5493 3040 5531 τὸν
3083 5486 3199 5541 ἄνδρα
3244 5501 3310 5526 m
3343 5487 3367 5533 ἠ
3395 5485 3488 5523 duo

1911 5568 2045 5618 στροξή
2069 5579 2147 5618 99‘9-

2069 5579 2196 5665 0Veide
2229 5611 2382 5674 epist.
2421 5607 2517 5659 e23.
2541 5571 2774 5656 κιυωξιι.
2802 5608 2902 5654 not.
