  <div class='ocr_page' id='page_1' title='image "/cluster/home/n/w/nwhite01/storage/ocr_20150623/22/uva.x000826587/641.png"; bbox 0 0 3986 6184; ppageno 0'>
   <div class='ocr_carea' id='block_1_1' title="bbox 567 304 710 364">
    <p class='ocr_par' dir='ltr' id='par_1_1' title="bbox 567 304 710 364">
     <span class='ocr_line' id='line_1_1' title="bbox 567 304 710 364; baseline -0.014 -2"><span class='ocrx_word' id='word_1_1' title='bbox 567 304 710 364; x_wconf 85' lang='grc'><strong>1115</strong></span> 
     </span>
    </p>
   </div>
   <div class='ocr_carea' id='block_1_2' title="bbox 567 405 2138 486">
    <p class='ocr_par' dir='ltr' id='par_1_2' title="bbox 567 405 2138 486">
     <span class='ocr_line' id='line_1_2' title="bbox 567 405 2138 486; baseline -0.008 -15"><span class='ocrx_word' id='word_1_2' title='bbox 567 419 666 471; x_wconf 87' lang='lat' dir='ltr'><strong><em>mei</em></strong></span> <span class='ocrx_word' id='word_1_3' title='bbox 701 432 804 468; x_wconf 89' lang='lat' dir='ltr'><strong><em>non</em></strong></span> <span class='ocrx_word' id='word_1_4' title='bbox 846 413 1030 486; x_wconf 74' lang='lat' dir='ltr'><strong><em>fuerint</em></strong></span> <span class='ocrx_word' id='word_1_5' title='bbox 1068 408 1313 461; x_wconf 87' lang='lat' dir='ltr'><strong><em>dominati</em></strong></span> <span class='ocrx_word' id='word_1_6' title='bbox 1340 422 1357 460; x_wconf 86' lang='lat'><strong><em>:</em></strong></span> <span class='ocrx_word' id='word_1_7' title='bbox 1383 414 1498 458; x_wconf 86' lang='lat' dir='ltr'><strong><em>tunc</em></strong></span> <span class='ocrx_word' id='word_1_8' title='bbox 1541 405 1898 459; x_wconf 81' lang='lat' dir='ltr'><strong><em>innnaeulntus</em></strong></span> <span class='ocrx_word' id='word_1_9' title='bbox 1936 423 2022 460; x_wconf 87' lang='lat' dir='ltr'><strong><em>ero</em></strong></span> <span class='ocrx_word' id='word_1_10' title='bbox 2048 448 2062 470; x_wconf 91' lang='lat'><strong><em>,</em></strong></span> <span class='ocrx_word' id='word_1_11' title='bbox 2091 417 2138 459; x_wconf 85' lang='lat' dir='ltr'><strong><em>et</em></strong></span> 
     </span>
    </p>
   </div>
   <div class='ocr_carea' id='block_1_3' title="bbox 568 493 2141 566">
    <p class='ocr_par' dir='ltr' id='par_1_3' title="bbox 568 493 2141 566">
     <span class='ocr_line' id='line_1_3' title="bbox 568 493 2141 566; baseline -0.007 -4"><span class='ocrx_word' id='word_1_12' title='bbox 568 503 877 562; x_wconf 84' lang='lat' dir='ltr'><strong><em>emundubor</em></strong></span> <span class='ocrx_word' id='word_1_13' title='bbox 901 518 931 552; x_wconf 91' lang='lat' dir='ltr'><strong><em>a</em></strong></span> <span class='ocrx_word' id='word_1_14' title='bbox 956 498 1134 551; x_wconf 82' lang='lat' dir='ltr'><strong><em>delicto</em></strong></span> <span class='ocrx_word' id='word_1_15' title='bbox 1164 495 1513 564; x_wconf 76' lang='lat' dir='ltr'><strong><em>maximo(Ps.</em></strong></span> <span class='ocrx_word' id='word_1_16' title='bbox 1539 497 1621 550; x_wconf 86' lang='grc'><strong>18.</strong></span> <span class='ocrx_word' id='word_1_17' title='bbox 1647 495 1756 565; x_wconf 59' lang='lat' dir='ltr'><strong><em>li).</em></strong></span> <span class='ocrx_word' id='word_1_18' title='bbox 1774 493 1887 550; x_wconf 82' lang='lat' dir='ltr'><strong><em>Hoc</em></strong></span> <span class='ocrx_word' id='word_1_19' title='bbox 1903 497 2141 566; x_wconf 80' lang='lat' dir='ltr'><strong><em>estquod</em></strong></span> 
     </span>
    </p>
   </div>
   <div class='ocr_carea' id='block_1_4' title="bbox 567 584 2142 657">
    <p class='ocr_par' dir='ltr' id='par_1_4' title="bbox 567 584 2142 657">
     <span class='ocr_line' id='line_1_4' title="bbox 567 584 2142 657; baseline -0.007 -7"><span class='ocrx_word' id='word_1_20' title='bbox 567 597 694 651; x_wconf 90' lang='lat' dir='ltr'><strong><em>alibi</em></strong></span> <span class='ocrx_word' id='word_1_21' title='bbox 741 592 1011 657; x_wconf 86' lang='lat' dir='ltr'><strong><em>Scriptura</em></strong></span> <span class='ocrx_word' id='word_1_22' title='bbox 1058 595 1318 641; x_wconf 69' lang='lat' dir='ltr'><strong><em>testatur:</em></strong></span> <span class='ocrx_word' id='word_1_23' title='bbox 1352 584 1566 638; x_wconf 77' lang='lat' dir='ltr'><strong><em>Peream</em></strong></span> <span class='ocrx_word' id='word_1_24' title='bbox 1609 595 1812 655; x_wconf 98' lang='lat' dir='ltr'><strong><em>patrum</em></strong></span> <span class='ocrx_word' id='word_1_25' title='bbox 1851 585 2058 639; x_wconf 79' lang='lat' dir='ltr'><strong><em>reddam</em></strong></span> <span class='ocrx_word' id='word_1_26' title='bbox 2090 586 2142 639; x_wconf 86' lang='lat' dir='ltr'><strong><em>in</em></strong></span> 
     </span>
    </p>
   </div>
   <div class='ocr_carea' id='block_1_5' title="bbox 567 673 2138 751">
    <p class='ocr_par' dir='ltr' id='par_1_5' title="bbox 567 673 2138 751">
     <span class='ocr_line' id='line_1_5' title="bbox 567 673 2138 751; baseline -0.004 -16"><span class='ocrx_word' id='word_1_27' title='bbox 567 686 699 751; x_wconf 79' lang='lat' dir='ltr'><strong><em>ﬁlios</em></strong></span> <span class='ocrx_word' id='word_1_28' title='bbox 726 683 775 733; x_wconf 89' lang='lat' dir='ltr'><strong><em>in</em></strong></span> <span class='ocrx_word' id='word_1_29' title='bbox 801 681 997 732; x_wconf 82' lang='lat' dir='ltr'><strong><em>tertium</em></strong></span> <span class='ocrx_word' id='word_1_30' title='bbox 1023 688 1068 730; x_wconf 91' lang='lat' dir='ltr'><strong><em>et</em></strong></span> <span class='ocrx_word' id='word_1_31' title='bbox 1097 677 1146 729; x_wconf 90' lang='lat' dir='ltr'><strong><em>in</em></strong></span> <span class='ocrx_word' id='word_1_32' title='bbox 1173 688 1402 746; x_wconf 89' lang='lat' dir='ltr'><strong><em>quartam</em></strong></span> <span class='ocrx_word' id='word_1_33' title='bbox 1429 677 1801 746; x_wconf 73' lang='lat' dir='ltr'><strong><em>generationem</em></strong></span> <span class='ocrx_word' id='word_1_34' title='bbox 1828 673 2016 746; x_wconf 86' lang='lat' dir='ltr'><strong><em>(Nunt.</em></strong></span> <span class='ocrx_word' id='word_1_35' title='bbox 2052 677 2077 729; x_wconf 87' lang='grc'><strong><em>1</em></strong></span> <span class='ocrx_word' id='word_1_36' title='bbox 2091 677 2138 729; x_wconf 69' lang='grc'><strong><em>1.</em></strong></span> 
     </span>
    </p>
   </div>
   <div class='ocr_carea' id='block_1_6' title="bbox 569 766 2139 842">
    <p class='ocr_par' dir='ltr' id='par_1_6' title="bbox 569 766 2139 842">
     <span class='ocr_line' id='line_1_6' title="bbox 569 766 2139 842; baseline -0.007 -14"><span class='ocrx_word' id='word_1_37' title='bbox 569 775 694 842; x_wconf 83' lang='grc'><strong><em>18);</em></strong></span> <span class='ocrx_word' id='word_1_38' title='bbox 738 781 796 824; x_wconf 92' lang='lat' dir='ltr'><strong><em>ut</em></strong></span> <span class='ocrx_word' id='word_1_39' title='bbox 832 768 1182 838; x_wconf 83' lang='lat' dir='ltr'><strong><em>cogitationes</em></strong></span> <span class='ocrx_word' id='word_1_40' title='bbox 1229 775 1438 821; x_wconf 88' lang='lat' dir='ltr'><strong><em>nostras</em></strong></span> <span class='ocrx_word' id='word_1_41' title='bbox 1487 767 1785 836; x_wconf 83' lang='lat' dir='ltr'><strong><em>mentisque</em></strong></span> <span class='ocrx_word' id='word_1_42' title='bbox 1821 766 2094 819; x_wconf 88' lang='lat' dir='ltr'><strong><em>decretum</em></strong></span> <span class='ocrx_word' id='word_1_43' title='bbox 2123 805 2139 830; x_wconf 94' lang='lat'><strong><em>,</em></strong></span> 
     </span>
    </p>
   </div>
   <div class='ocr_carea' id='block_1_7' title="bbox 566 855 2194 927">
    <p class='ocr_par' dir='ltr' id='par_1_7' title="bbox 566 855 2194 927">
     <span class='ocr_line' id='line_1_7' title="bbox 566 855 2194 927; baseline -0.007 -10"><span class='ocrx_word' id='word_1_44' title='bbox 566 880 673 917; x_wconf 90' lang='lat' dir='ltr'><strong><em>non</em></strong></span> <span class='ocrx_word' id='word_1_45' title='bbox 700 862 878 916; x_wconf 88' lang='lat' dir='ltr'><strong><em>statim</em></strong></span> <span class='ocrx_word' id='word_1_46' title='bbox 910 860 1126 927; x_wconf 87' lang='lat' dir='ltr'><strong><em>puniat,</em></strong></span> <span class='ocrx_word' id='word_1_47' title='bbox 1159 858 1251 911; x_wconf 85' lang='lat' dir='ltr'><strong><em>sed</em></strong></span> <span class='ocrx_word' id='word_1_48' title='bbox 1281 857 1471 911; x_wconf 92' lang='lat' dir='ltr'><strong><em>reddat</em></strong></span> <span class='ocrx_word' id='word_1_49' title='bbox 1509 856 1560 910; x_wconf 91' lang='lat' dir='ltr'><strong><em>in</em></strong></span> <span class='ocrx_word' id='word_1_50' title='bbox 1604 857 1865 926; x_wconf 78' lang='lat' dir='ltr'><strong><em>posteris,</em></strong></span> <span class='ocrx_word' id='word_1_51' title='bbox 1902 856 2059 908; x_wconf 87' lang='lat' dir='ltr'><strong><em>idest</em></strong></span> <span class='ocrx_word' id='word_1_52' title='bbox 2088 855 2140 907; x_wconf 91' lang='lat' dir='ltr'><strong><em>in</em></strong></span> <span class='ocrx_word' id='word_1_53' title='bbox 2192 875 2194 877; x_wconf 49' lang='grc' dir='ltr'>ν</span> 
     </span>
    </p>
   </div>
   <div class='ocr_carea' id='block_1_8' title="bbox 565 946 2141 1021">
    <p class='ocr_par' dir='ltr' id='par_1_8' title="bbox 565 946 2141 1021">
     <span class='ocr_line' id='line_1_8' title="bbox 565 946 2141 1021; baseline -0.006 -14"><span class='ocrx_word' id='word_1_54' title='bbox 565 955 722 1007; x_wconf 81' lang='lat' dir='ltr'><strong><em>iiialis</em></strong></span> <span class='ocrx_word' id='word_1_55' title='bbox 745 953 1020 1021; x_wconf 77' lang='lat' dir='ltr'><strong><em>operibus,</em></strong></span> <span class='ocrx_word' id='word_1_56' title='bbox 1053 961 1103 1002; x_wconf 86' lang='lat' dir='ltr'><strong><em>et</em></strong></span> <span class='ocrx_word' id='word_1_57' title='bbox 1137 951 1186 1001; x_wconf 92' lang='lat' dir='ltr'><strong><em>in</em></strong></span> <span class='ocrx_word' id='word_1_58' title='bbox 1214 949 1529 1002; x_wconf 79' lang='lat' dir='ltr'><strong><em>delictorum</em></strong></span> <span class='ocrx_word' id='word_1_59' title='bbox 1563 946 1985 1018; x_wconf 82' lang='lat' dir='ltr'><strong><em>perseverantia,</em></strong></span> <span class='ocrx_word' id='word_1_60' title='bbox 2009 961 2141 1013; x_wconf 85' lang='lat' dir='ltr'><strong><em>quo-</em></strong></span> 
     </span>
    </p>
   </div>
   <div class='ocr_carea' id='block_1_9' title="bbox 563 1035 2140 1111">
    <p class='ocr_par' dir='ltr' id='par_1_9' title="bbox 563 1035 2140 1111">
     <span class='ocr_line' id='line_1_9' title="bbox 563 1035 2140 1111; baseline -0.006 -15"><span class='ocrx_word' id='word_1_61' title='bbox 563 1043 707 1096; x_wconf 88' lang='lat' dir='ltr'><strong><em>niam</em></strong></span> <span class='ocrx_word' id='word_1_62' title='bbox 737 1057 832 1111; x_wconf 86' lang='lat' dir='ltr'><strong><em>per</em></strong></span> <span class='ocrx_word' id='word_1_63' title='bbox 859 1044 1022 1093; x_wconf 80' lang='lat' dir='ltr'><strong><em>Amos</em></strong></span> <span class='ocrx_word' id='word_1_64' title='bbox 1048 1040 1281 1106; x_wconf 81' lang='lat' dir='ltr'><strong><em>loquitur</em></strong></span> <span class='ocrx_word' id='word_1_65' title='bbox 1305 1055 1316 1090; x_wconf 95' lang='lat'>:</span> <span class='ocrx_word' id='word_1_66' title='bbox 1345 1038 1512 1105; x_wconf 81' lang='lat' dir='ltr'><strong><em>Super</em></strong></span> <span class='ocrx_word' id='word_1_67' title='bbox 1537 1037 1692 1091; x_wconf 86' lang='lat' dir='ltr'><strong><em>tribus</em></strong></span> <span class='ocrx_word' id='word_1_68' title='bbox 1720 1047 1768 1091; x_wconf 89' lang='lat' dir='ltr'><strong><em>et</em></strong></span> <span class='ocrx_word' id='word_1_69' title='bbox 1793 1046 2010 1106; x_wconf 88' lang='lat' dir='ltr'><strong><em>quatuor</em></strong></span> <span class='ocrx_word' id='word_1_70' title='bbox 2040 1035 2140 1087; x_wconf 88' lang='lat' dir='ltr'><strong><em>im-</em></strong></span> 
     </span>
    </p>
   </div>
   <div class='ocr_carea' id='block_1_10' title="bbox 567 1125 2141 1201">
    <p class='ocr_par' dir='ltr' id='par_1_10' title="bbox 567 1125 2141 1201">
     <span class='ocr_line' id='line_1_10' title="bbox 567 1125 2141 1201; baseline -0.004 -17"><span class='ocrx_word' id='word_1_71' title='bbox 567 1133 838 1201; x_wconf 78' lang='lat' dir='ltr'><strong><em>pietatibus</em></strong></span> <span class='ocrx_word' id='word_1_72' title='bbox 859 1131 1017 1192; x_wconf 85' lang='lat' dir='ltr'><strong><em>illius,</em></strong></span> <span class='ocrx_word' id='word_1_73' title='bbox 1044 1140 1088 1182; x_wconf 88' lang='lat' dir='ltr'><strong><em>et</em></strong></span> <span class='ocrx_word' id='word_1_74' title='bbox 1109 1128 1247 1182; x_wconf 85' lang='lat' dir='ltr'><strong><em>illius</em></strong></span> <span class='ocrx_word' id='word_1_75' title='bbox 1268 1128 1501 1190; x_wconf 78' lang='lat' dir='ltr'><strong><em>civitatis,</em></strong></span> <span class='ocrx_word' id='word_1_76' title='bbox 1522 1143 1688 1180; x_wconf 89' lang='lat' dir='ltr'><strong><em>nonne</em></strong></span> <span class='ocrx_word' id='word_1_77' title='bbox 1733 1125 2000 1181; x_wconf 81' lang='lat' dir='ltr'><strong><em>aversabor</em></strong></span> <span class='ocrx_word' id='word_1_78' title='bbox 2029 1141 2141 1179; x_wconf 86' lang='lat' dir='ltr'><strong><em>eam</em></strong></span> 
     </span>
    </p>
   </div>
   <div class='ocr_carea' id='block_1_11' title="bbox 563 1223 1192 1294">
    <p class='ocr_par' dir='ltr' id='par_1_11' title="bbox 563 1223 1192 1294">
     <span class='ocr_line' id='line_1_11' title="bbox 563 1223 1192 1294; baseline -0.003 -17"><span class='ocrx_word' id='word_1_79' title='bbox 563 1226 758 1294; x_wconf 78' lang='lat' dir='ltr'><strong><em>(Amos.</em></strong></span> <span class='ocrx_word' id='word_1_80' title='bbox 795 1225 846 1278; x_wconf 86' lang='grc' dir='ltr'>ι.</span> <span class='ocrx_word' id='word_1_81' title='bbox 870 1226 922 1278; x_wconf 78' lang='lat'><strong><em>3.</em></strong></span> <span class='ocrx_word' id='word_1_82' title='bbox 952 1223 1067 1276; x_wconf 71' lang='lat' dir='ltr'><strong><em>e12.</em></strong></span> <span class='ocrx_word' id='word_1_83' title='bbox 1097 1223 1192 1288; x_wconf 59' lang='grc' dir='ltr'>ψ</span> 
     </span>
    </p>
   </div>
   <div class='ocr_carea' id='block_1_12' title="bbox 631 1309 2140 1386">
    <p class='ocr_par' dir='ltr' id='par_1_12' title="bbox 631 1309 2140 1386">
     <span class='ocr_line' id='line_1_12' title="bbox 631 1309 2140 1386; baseline -0.005 -18"><span class='ocrx_word' id='word_1_84' title='bbox 631 1315 796 1386; x_wconf 77' lang='lat'><strong><em>986</em></strong></span> <span class='ocrx_word' id='word_1_85' title='bbox 867 1317 921 1368; x_wconf 88' lang='lat'><strong><em>9.</em></strong></span> <span class='ocrx_word' id='word_1_86' title='bbox 964 1314 1086 1366; x_wconf 78' lang='lat' dir='ltr'><strong><em>I-la:c</em></strong></span> <span class='ocrx_word' id='word_1_87' title='bbox 1111 1313 1306 1364; x_wconf 84' lang='lat' dir='ltr'><strong><em>cursim</em></strong></span> <span class='ocrx_word' id='word_1_88' title='bbox 1329 1311 1477 1378; x_wconf 86' lang='lat' dir='ltr'><strong><em>quasi</em></strong></span> <span class='ocrx_word' id='word_1_89' title='bbox 1507 1310 1574 1364; x_wconf 90' lang='lat' dir='ltr'><strong><em>de</em></strong></span> <span class='ocrx_word' id='word_1_90' title='bbox 1601 1319 1756 1378; x_wconf 87' lang='lat' dir='ltr'><strong><em>prato</em></strong></span> <span class='ocrx_word' id='word_1_91' title='bbox 1781 1309 2140 1379; x_wconf 86' lang='lat' dir='ltr'><strong><em>pulcherrimo</em></strong></span> 
     </span>
    </p>
   </div>
   <div class='ocr_carea' id='block_1_13' title="bbox 561 1398 2142 1473">
    <p class='ocr_par' dir='ltr' id='par_1_13' title="bbox 561 1398 2142 1473">
     <span class='ocr_line' id='line_1_13' title="bbox 561 1398 2142 1473; baseline -0.005 -13"><span class='ocrx_word' id='word_1_92' title='bbox 561 1417 867 1460; x_wconf 85' lang='lat' dir='ltr'><strong><em>sanctarum</em></strong></span> <span class='ocrx_word' id='word_1_93' title='bbox 895 1404 1310 1473; x_wconf 65' lang='lat' dir='ltr'><strong><em>Srripturarum,</em></strong></span> <span class='ocrx_word' id='word_1_94' title='bbox 1339 1416 1526 1469; x_wconf 82' lang='lat' dir='ltr'><strong><em>parvos</em></strong></span> <span class='ocrx_word' id='word_1_95' title='bbox 1554 1398 1714 1454; x_wconf 79' lang='lat' dir='ltr'><strong><em>ﬂores</em></strong></span> <span class='ocrx_word' id='word_1_96' title='bbox 1737 1401 2001 1469; x_wconf 77' lang='lat' dir='ltr'><strong><em>carpsisse</em></strong></span> <span class='ocrx_word' id='word_1_97' title='bbox 2031 1399 2142 1452; x_wconf 89' lang='lat' dir='ltr'><strong><em>suf-</em></strong></span> 
     </span>
    </p>
   </div>
   <div class='ocr_carea' id='block_1_14' title="bbox 560 1488 2138 1565">
    <p class='ocr_par' dir='ltr' id='par_1_14' title="bbox 560 1488 2138 1565">
     <span class='ocr_line' id='line_1_14' title="bbox 560 1488 2138 1565; baseline -0.004 -15"><span class='ocrx_word' id='word_1_98' title='bbox 560 1500 702 1550; x_wconf 78' lang='lat' dir='ltr'><strong><em>liciat</em></strong></span> <span class='ocrx_word' id='word_1_99' title='bbox 729 1513 826 1565; x_wconf 88' lang='lat' dir='ltr'><strong><em>pro</em></strong></span> <span class='ocrx_word' id='word_1_100' title='bbox 851 1497 1265 1549; x_wconf 86' lang='lat' dir='ltr'><strong><em>connnonitione</em></strong></span> <span class='ocrx_word' id='word_1_101' title='bbox 1297 1496 1368 1546; x_wconf 88' lang='lat' dir='ltr'><strong><em>tui</em></strong></span> <span class='ocrx_word' id='word_1_102' title='bbox 1395 1510 1408 1554; x_wconf 87' lang='lat'><strong>;</strong></span> <span class='ocrx_word' id='word_1_103' title='bbox 1435 1501 1490 1546; x_wconf 94' lang='lat' dir='ltr'><strong><em>ut</em></strong></span> <span class='ocrx_word' id='word_1_104' title='bbox 1514 1501 1568 1545; x_wconf 88' lang='lat' dir='ltr'><strong><em>et</em></strong></span> <span class='ocrx_word' id='word_1_105' title='bbox 1589 1492 1808 1546; x_wconf 87' lang='lat' dir='ltr'><strong><em>claudas</em></strong></span> <span class='ocrx_word' id='word_1_106' title='bbox 1834 1488 2138 1547; x_wconf 78' lang='lat' dir='ltr'><strong><em>Cubiculum</em></strong></span> 
     </span>
    </p>
   </div>
   <div class='ocr_carea' id='block_1_15' title="bbox 562 1585 2137 1657">
    <p class='ocr_par' dir='ltr' id='par_1_15' title="bbox 562 1585 2137 1657">
     <span class='ocr_line' id='line_1_15' title="bbox 562 1585 2137 1657; baseline -0.003 -16"><span class='ocrx_word' id='word_1_107' title='bbox 562 1589 792 1657; x_wconf 87' lang='lat' dir='ltr'><strong><em>pectoris</em></strong></span> <span class='ocrx_word' id='word_1_108' title='bbox 813 1628 827 1649; x_wconf 87' lang='lat'><em>.</em></span> <span class='ocrx_word' id='word_1_109' title='bbox 853 1600 904 1640; x_wconf 89' lang='lat' dir='ltr'><strong><em>et</em></strong></span> <span class='ocrx_word' id='word_1_110' title='bbox 931 1587 1119 1640; x_wconf 87' lang='lat' dir='ltr'><strong><em>crebro</em></strong></span> <span class='ocrx_word' id='word_1_111' title='bbox 1148 1586 1424 1654; x_wconf 82' lang='lat' dir='ltr'><strong><em>signaculo</em></strong></span> <span class='ocrx_word' id='word_1_112' title='bbox 1465 1587 1640 1638; x_wconf 88' lang='lat' dir='ltr'><strong><em>crucis</em></strong></span> <span class='ocrx_word' id='word_1_113' title='bbox 1672 1585 1882 1638; x_wconf 83' lang='lat' dir='ltr'><strong><em>manias</em></strong></span> <span class='ocrx_word' id='word_1_114' title='bbox 1912 1585 2137 1637; x_wconf 89' lang='lat' dir='ltr'><strong><em>frontem</em></strong></span> 
     </span>
    </p>
   </div>
   <div class='ocr_carea' id='block_1_16' title="bbox 561 1673 2136 1744">
    <p class='ocr_par' dir='ltr' id='par_1_16' title="bbox 561 1673 2136 1744">
     <span class='ocr_line' id='line_1_16' title="bbox 561 1673 2136 1744; baseline -0.004 -14"><span class='ocrx_word' id='word_1_115' title='bbox 561 1687 728 1741; x_wconf 89' lang='lat' dir='ltr'><strong><em>tuam,</em></strong></span> <span class='ocrx_word' id='word_1_116' title='bbox 758 1693 822 1731; x_wconf 89' lang='lat' dir='ltr'><strong><em>ne</em></strong></span> <span class='ocrx_word' id='word_1_117' title='bbox 842 1676 1226 1730; x_wconf 73' lang='lat' dir='ltr'><strong><em>exterminatur</em></strong></span> <span class='ocrx_word' id='word_1_118' title='bbox 1249 1674 1465 1744; x_wconf 61' lang='lat' dir='ltr'><strong><em>Egypti</em></strong></span> <span class='ocrx_word' id='word_1_119' title='bbox 1501 1675 1550 1727; x_wconf 92' lang='lat' dir='ltr'><strong><em>in</em></strong></span> <span class='ocrx_word' id='word_1_120' title='bbox 1582 1683 1634 1728; x_wconf 88' lang='lat' dir='ltr'><strong><em>te</em></strong></span> <span class='ocrx_word' id='word_1_121' title='bbox 1662 1675 1832 1727; x_wconf 90' lang='lat' dir='ltr'><strong><em>locum</em></strong></span> <span class='ocrx_word' id='word_1_122' title='bbox 1867 1673 2095 1741; x_wconf 84' lang='lat' dir='ltr'><strong><em>reperiat</em></strong></span> <span class='ocrx_word' id='word_1_123' title='bbox 2121 1687 2136 1736; x_wconf 88' lang='lat'><strong>;</strong></span> 
     </span>
    </p>
   </div>
   <div class='ocr_carea' id='block_1_17' title="bbox 560 1764 2139 1835">
    <p class='ocr_par' dir='ltr' id='par_1_17' title="bbox 560 1764 2139 1835">
     <span class='ocr_line' id='line_1_17' title="bbox 560 1764 2139 1835; baseline -0.001 -16"><span class='ocrx_word' id='word_1_124' title='bbox 560 1766 654 1820; x_wconf 88' lang='lat' dir='ltr'><strong><em>sed</em></strong></span> <span class='ocrx_word' id='word_1_125' title='bbox 682 1767 1050 1835; x_wconf 85' lang='lat' dir='ltr'><strong><em>primogenita,</em></strong></span> <span class='ocrx_word' id='word_1_126' title='bbox 1082 1783 1201 1835; x_wconf 73' lang='lat' dir='ltr'><strong><em>qua:</em></strong></span> <span class='ocrx_word' id='word_1_127' title='bbox 1231 1767 1366 1832; x_wconf 87' lang='lat' dir='ltr'><strong><em>apud</em></strong></span> <span class='ocrx_word' id='word_1_128' title='bbox 1397 1764 1678 1835; x_wconf 65' lang='lat' dir='ltr'><strong><em>Egyptios</em></strong></span> <span class='ocrx_word' id='word_1_129' title='bbox 1703 1776 1946 1833; x_wconf 87' lang='lat' dir='ltr'><strong><em>pereunt,</em></strong></span> <span class='ocrx_word' id='word_1_130' title='bbox 1977 1765 2027 1818; x_wconf 92' lang='lat' dir='ltr'><strong><em>in</em></strong></span> <span class='ocrx_word' id='word_1_131' title='bbox 2054 1776 2139 1817; x_wconf 89' lang='lat' dir='ltr'><strong><em>tua</em></strong></span> 
     </span>
    </p>
   </div>
   <div class='ocr_carea' id='block_1_18' title="bbox 561 1854 2139 1924">
    <p class='ocr_par' dir='ltr' id='par_1_18' title="bbox 561 1854 2139 1924">
     <span class='ocr_line' id='line_1_18' title="bbox 561 1854 2139 1924; baseline -0.001 -14"><span class='ocrx_word' id='word_1_132' title='bbox 561 1869 740 1912; x_wconf 81' lang='lat' dir='ltr'><strong><em>metue</em></strong></span> <span class='ocrx_word' id='word_1_133' title='bbox 783 1861 1076 1919; x_wconf 83' lang='lat' dir='ltr'><strong><em>salventur.</em></strong></span> <span class='ocrx_word' id='word_1_134' title='bbox 1109 1868 1164 1911; x_wconf 86' lang='lat' dir='ltr'><strong><em>et</em></strong></span> <span class='ocrx_word' id='word_1_135' title='bbox 1209 1857 1356 1909; x_wconf 84' lang='lat' dir='ltr'><strong><em>dicas</em></strong></span> <span class='ocrx_word' id='word_1_136' title='bbox 1385 1872 1504 1909; x_wconf 89' lang='lat' dir='ltr'><strong><em>cum</em></strong></span> <span class='ocrx_word' id='word_1_137' title='bbox 1547 1856 1809 1924; x_wconf 89' lang='lat' dir='ltr'><strong><em>Propheta</em></strong></span> <span class='ocrx_word' id='word_1_138' title='bbox 1842 1872 1854 1907; x_wconf 93' lang='lat'>:</span> <span class='ocrx_word' id='word_1_139' title='bbox 1891 1854 2139 1908; x_wconf 85' lang='lat' dir='ltr'><strong><em>Paratum</em></strong></span> 
     </span>
    </p>
   </div>
   <div class='ocr_carea' id='block_1_19' title="bbox 559 1947 2140 2018">
    <p class='ocr_par' dir='ltr' id='par_1_19' title="bbox 559 1947 2140 2018">
     <span class='ocr_line' id='line_1_19' title="bbox 559 1947 2140 2018; baseline -0.003 -14"><span class='ocrx_word' id='word_1_140' title='bbox 559 1969 648 2004; x_wconf 87' lang='lat' dir='ltr'><strong><em>cor</em></strong></span> <span class='ocrx_word' id='word_1_141' title='bbox 667 1968 849 2012; x_wconf 82' lang='lat' dir='ltr'><strong><em>meum,</em></strong></span> <span class='ocrx_word' id='word_1_142' title='bbox 887 1949 1048 2012; x_wconf 86' lang='lat' dir='ltr'><strong><em>Deus,</em></strong></span> <span class='ocrx_word' id='word_1_143' title='bbox 1077 1959 1309 2018; x_wconf 87' lang='lat' dir='ltr'><strong><em>paratum</em></strong></span> <span class='ocrx_word' id='word_1_144' title='bbox 1339 1965 1427 2001; x_wconf 90' lang='lat' dir='ltr'><strong><em>cor</em></strong></span> <span class='ocrx_word' id='word_1_145' title='bbox 1455 1964 1618 2000; x_wconf 88' lang='lat' dir='ltr'><strong><em>meum</em></strong></span> <span class='ocrx_word' id='word_1_146' title='bbox 1640 1964 1658 2001; x_wconf 89' lang='lat'><strong><em>:</em></strong></span> <span class='ocrx_word' id='word_1_147' title='bbox 1688 1947 1899 2000; x_wconf 81' lang='lat' dir='ltr'><strong><em>cantabo</em></strong></span> <span class='ocrx_word' id='word_1_148' title='bbox 1928 1957 1974 2001; x_wconf 87' lang='lat' dir='ltr'><strong><em>et</em></strong></span> <span class='ocrx_word' id='word_1_149' title='bbox 2002 1947 2140 2016; x_wconf 80' lang='lat' dir='ltr'><strong><em>psal-</em></strong></span> 
     </span>
    </p>
   </div>
   <div class='ocr_carea' id='block_1_20' title="bbox 559 2037 2140 2109">
    <p class='ocr_par' dir='ltr' id='par_1_20' title="bbox 559 2037 2140 2109">
     <span class='ocr_line' id='line_1_20' title="bbox 559 2037 2140 2109; baseline -0.003 -15"><span class='ocrx_word' id='word_1_150' title='bbox 559 2042 684 2094; x_wconf 89' lang='lat' dir='ltr'><strong><em>lam.</em></strong></span> <span class='ocrx_word' id='word_1_151' title='bbox 717 2040 923 2108; x_wconf 75' lang='lat' dir='ltr'><strong><em>Exurge</em></strong></span> <span class='ocrx_word' id='word_1_152' title='bbox 949 2041 1113 2109; x_wconf 85' lang='lat' dir='ltr'><strong><em>gloria</em></strong></span> <span class='ocrx_word' id='word_1_153' title='bbox 1143 2055 1274 2102; x_wconf 85' lang='lat' dir='ltr'><strong><em>mea,</em></strong></span> <span class='ocrx_word' id='word_1_154' title='bbox 1301 2055 1486 2108; x_wconf 74' lang='lat' dir='ltr'><strong><em>exurge</em></strong></span> <span class='ocrx_word' id='word_1_155' title='bbox 1515 2037 1810 2106; x_wconf 70' lang='lat' dir='ltr'><strong><em>psalterium</em></strong></span> <span class='ocrx_word' id='word_1_156' title='bbox 1852 2047 1899 2090; x_wconf 91' lang='lat' dir='ltr'><strong><em>et</em></strong></span> <span class='ocrx_word' id='word_1_157' title='bbox 1944 2038 2140 2090; x_wconf 77' lang='lat' dir='ltr'><strong><em>rit/iura</em></strong></span> 
     </span>
    </p>
   </div>
   <div class='ocr_carea' id='block_1_21' title="bbox 557 2127 2138 2200">
    <p class='ocr_par' dir='ltr' id='par_1_21' title="bbox 557 2127 2138 2200">
     <span class='ocr_line' id='line_1_21' title="bbox 557 2127 2138 2200; baseline -0.001 -18"><span class='ocrx_word' id='word_1_158' title='bbox 557 2129 729 2200; x_wconf 78' lang='lat' dir='ltr'><strong><em>(I’sal.</em></strong></span> <span class='ocrx_word' id='word_1_159' title='bbox 758 2132 874 2184; x_wconf 81' lang='lat' dir='ltr'><strong><em>ltl&#39;l.</em></strong></span> <span class='ocrx_word' id='word_1_160' title='bbox 905 2131 953 2183; x_wconf 89' lang='grc'><strong><em>1.</em></strong></span> <span class='ocrx_word' id='word_1_161' title='bbox 977 2139 1021 2181; x_wconf 85' lang='lat' dir='ltr'><strong><em>et</em></strong></span> <span class='ocrx_word' id='word_1_162' title='bbox 1040 2129 1120 2197; x_wconf 73' lang='lat'><strong><em>2).</em></strong></span> <span class='ocrx_word' id='word_1_163' title='bbox 1144 2128 1313 2195; x_wconf 85' lang='lat' dir='ltr'><strong><em>Quam</em></strong></span> <span class='ocrx_word' id='word_1_164' title='bbox 1331 2142 1602 2181; x_wconf 87' lang='lat' dir='ltr'><strong><em>assumere</em></strong></span> <span class='ocrx_word' id='word_1_165' title='bbox 1622 2127 1836 2195; x_wconf 86' lang='lat' dir='ltr'><strong><em>jubetur</em></strong></span> <span class='ocrx_word' id='word_1_166' title='bbox 1859 2136 1914 2180; x_wconf 90' lang='lat' dir='ltr'><strong><em>et</em></strong></span> <span class='ocrx_word' id='word_1_167' title='bbox 1944 2127 2138 2196; x_wconf 81' lang='lat' dir='ltr'><strong><em>Tyrus,</em></strong></span> 
     </span>
    </p>
   </div>
   <div class='ocr_carea' id='block_1_22' title="bbox 558 2217 2138 2294">
    <p class='ocr_par' dir='ltr' id='par_1_22' title="bbox 558 2217 2138 2294">
     <span class='ocr_line' id='line_1_22' title="bbox 558 2217 2138 2294; baseline -0.003 -20"><span class='ocrx_word' id='word_1_168' title='bbox 558 2222 738 2274; x_wconf 77' lang='lat' dir='ltr'><strong><em>multis</em></strong></span> <span class='ocrx_word' id='word_1_169' title='bbox 766 2229 1101 2288; x_wconf 84' lang='lat' dir='ltr'><strong><em>peccatorum</em></strong></span> <span class='ocrx_word' id='word_1_170' title='bbox 1141 2221 1384 2271; x_wconf 79' lang='lat' dir='ltr'><strong><em>confossa</em></strong></span> <span class='ocrx_word' id='word_1_171' title='bbox 1413 2217 1760 2294; x_wconf 84' lang='lat' dir='ltr'><strong><em>vulneribus;</em></strong></span> <span class='ocrx_word' id='word_1_172' title='bbox 1794 2228 1850 2272; x_wconf 90' lang='grc' dir='ltr'><strong><em>ιιι</em></strong></span> <span class='ocrx_word' id='word_1_173' title='bbox 1876 2228 1996 2286; x_wconf 90' lang='lat' dir='ltr'><strong><em>agat</em></strong></span> <span class='ocrx_word' id='word_1_174' title='bbox 2025 2234 2138 2284; x_wconf 80' lang='lat' dir='ltr'><strong><em>pm-</em></strong></span> 
     </span>
    </p>
   </div>
   <div class='ocr_carea' id='block_1_23' title="bbox 395 2309 2140 2377">
    <p class='ocr_par' dir='ltr' id='par_1_23' title="bbox 395 2309 2140 2377">
     <span class='ocr_line' id='line_1_23' title="bbox 395 2309 2140 2377; baseline -0.003 -10"><span class='ocrx_word' id='word_1_175' title='bbox 395 2367 415 2377; x_wconf 22' lang='grc' dir='ltr'><strong><em>,ν</em></strong></span> <span class='ocrx_word' id='word_1_176' title='bbox 465 2329 488 2372; x_wconf 62' lang='lat' dir='ltr'><strong><em>ﬁ</em></strong></span> <span class='ocrx_word' id='word_1_177' title='bbox 558 2313 858 2375; x_wconf 85' lang='lat' dir='ltr'><strong><em>nitentiam,</em></strong></span> <span class='ocrx_word' id='word_1_178' title='bbox 890 2321 946 2365; x_wconf 89' lang='lat' dir='ltr'><strong><em>et</em></strong></span> <span class='ocrx_word' id='word_1_179' title='bbox 991 2312 1228 2364; x_wconf 83' lang='lat' dir='ltr'><strong><em>maculas</em></strong></span> <span class='ocrx_word' id='word_1_180' title='bbox 1259 2311 1492 2377; x_wconf 73' lang='lat' dir='ltr'><strong><em>pristina:</em></strong></span> <span class='ocrx_word' id='word_1_181' title='bbox 1533 2309 1806 2370; x_wconf 65' lang='lat' dir='ltr'><strong><em>fwditatis.</em></strong></span> <span class='ocrx_word' id='word_1_182' title='bbox 1834 2325 1953 2362; x_wconf 90' lang='lat' dir='ltr'><strong><em>cum</em></strong></span> <span class='ocrx_word' id='word_1_183' title='bbox 1985 2311 2140 2362; x_wconf 87' lang='lat' dir='ltr'><strong><em>Petro</em></strong></span> 
     </span>
    </p>
   </div>
   <div class='ocr_carea' id='block_1_24' title="bbox 522 2395 2139 2473">
    <p class='ocr_par' dir='ltr' id='par_1_24' title="bbox 522 2395 2139 2473">
     <span class='ocr_line' id='line_1_24' title="bbox 522 2395 2139 2473; baseline -0.002 -15"><span class='ocrx_word' id='word_1_184' title='bbox 522 2395 756 2459; x_wconf 60' lang='lat' dir='ltr'><strong><em>&#39;amaris</em></strong></span> <span class='ocrx_word' id='word_1_185' title='bbox 809 2403 1058 2473; x_wconf 88' lang='lat' dir='ltr'><strong><em>lacrymis</em></strong></span> <span class='ocrx_word' id='word_1_186' title='bbox 1105 2402 1305 2455; x_wconf 87' lang='lat' dir='ltr'><strong><em>abluat.</em></strong></span> <span class='ocrx_word' id='word_1_187' title='bbox 1338 2400 1530 2454; x_wconf 85' lang='lat' dir='ltr'><strong><em>Verum</em></strong></span> <span class='ocrx_word' id='word_1_188' title='bbox 1561 2415 1660 2454; x_wconf 83' lang='lat' dir='ltr'><strong><em>nos</em></strong></span> <span class='ocrx_word' id='word_1_189' title='bbox 1710 2398 1788 2470; x_wconf 89' lang='lat' dir='ltr'><strong><em>(a)</em></strong></span> <span class='ocrx_word' id='word_1_190' title='bbox 1837 2403 2139 2468; x_wconf 80' lang='lat' dir='ltr'><strong><em>ignoremus</em></strong></span> 
     </span>
    </p>
   </div>
   <div class='ocr_carea' id='block_1_25' title="bbox 560 2487 2137 2562">
    <p class='ocr_par' dir='ltr' id='par_1_25' title="bbox 560 2487 2137 2562">
     <span class='ocr_line' id='line_1_25' title="bbox 560 2487 2137 2562; baseline -0.001 -17"><span class='ocrx_word' id='word_1_191' title='bbox 560 2487 950 2562; x_wconf 57' lang='lat' dir='ltr'><strong><em>prandentium,</em></strong></span> <span class='ocrx_word' id='word_1_192' title='bbox 981 2508 1047 2546; x_wconf 93' lang='lat' dir='ltr'><strong><em>ne</em></strong></span> <span class='ocrx_word' id='word_1_193' title='bbox 1079 2492 1229 2544; x_wconf 87' lang='lat' dir='ltr'><strong><em>facile</em></strong></span> <span class='ocrx_word' id='word_1_194' title='bbox 1261 2505 1562 2560; x_wconf 86' lang='lat' dir='ltr'><strong><em>peccemus.</em></strong></span> <span class='ocrx_word' id='word_1_195' title='bbox 1596 2491 1685 2543; x_wconf 91' lang='lat' dir='ltr'><strong><em>llla</em></strong></span> <span class='ocrx_word' id='word_1_196' title='bbox 1726 2492 1876 2558; x_wconf 86' lang='lat' dir='ltr'><strong><em>quasi</em></strong></span> <span class='ocrx_word' id='word_1_197' title='bbox 1905 2491 2137 2544; x_wconf 80' lang='lat' dir='ltr'><strong><em>secunda</em></strong></span> 
     </span>
    </p>
   </div>
   <div class='ocr_carea' id='block_1_26' title="bbox 557 2582 2136 2653">
    <p class='ocr_par' dir='ltr' id='par_1_26' title="bbox 557 2582 2136 2653">
     <span class='ocr_line' id='line_1_26' title="bbox 557 2582 2136 2653; baseline -0.001 -16"><span class='ocrx_word' id='word_1_198' title='bbox 557 2595 677 2653; x_wconf 88' lang='lat' dir='ltr'><strong><em>post</em></strong></span> <span class='ocrx_word' id='word_1_199' title='bbox 707 2583 1038 2651; x_wconf 74' lang='lat' dir='ltr'><strong><em>naufragium</em></strong></span> <span class='ocrx_word' id='word_1_200' title='bbox 1058 2583 1270 2636; x_wconf 83' lang='lat' dir='ltr'><strong><em>miseris</em></strong></span> <span class='ocrx_word' id='word_1_201' title='bbox 1299 2582 1470 2636; x_wconf 85' lang='lat' dir='ltr'><strong><em>tabula</em></strong></span> <span class='ocrx_word' id='word_1_202' title='bbox 1499 2583 1599 2634; x_wconf 87' lang='lat' dir='ltr'><strong><em>sit:</em></strong></span> <span class='ocrx_word' id='word_1_203' title='bbox 1627 2583 1678 2634; x_wconf 91' lang='lat' dir='ltr'><strong><em>in</em></strong></span> <span class='ocrx_word' id='word_1_204' title='bbox 1707 2583 1907 2651; x_wconf 83' lang='lat' dir='ltr'><strong><em>virgine</em></strong></span> <span class='ocrx_word' id='word_1_205' title='bbox 1932 2583 2136 2653; x_wconf 88' lang='lat' dir='ltr'><strong><em>integra</em></strong></span> 
     </span>
    </p>
   </div>
   <div class='ocr_carea' id='block_1_27' title="bbox 557 2672 2132 2741">
    <p class='ocr_par' dir='ltr' id='par_1_27' title="bbox 557 2672 2132 2741">
     <span class='ocr_line' id='line_1_27' title="bbox 557 2672 2132 2741; baseline -0.003 -12"><span class='ocrx_word' id='word_1_206' title='bbox 557 2686 799 2729; x_wconf 82' lang='lat' dir='ltr'><strong><em>servetur</em></strong></span> <span class='ocrx_word' id='word_1_207' title='bbox 826 2677 996 2728; x_wconf 87' lang='lat' dir='ltr'><strong><em>navis.</em></strong></span> <span class='ocrx_word' id='word_1_208' title='bbox 1029 2673 1186 2727; x_wconf 81' lang='lat' dir='ltr'><strong><em>Aliud</em></strong></span> <span class='ocrx_word' id='word_1_209' title='bbox 1231 2683 1313 2727; x_wconf 88' lang='lat' dir='ltr'><strong><em>est</em></strong></span> <span class='ocrx_word' id='word_1_210' title='bbox 1355 2687 1596 2740; x_wconf 55' lang='grc' dir='ltr'><strong><em>(μιαίνει-θ</em></strong></span> <span class='ocrx_word' id='word_1_211' title='bbox 1635 2673 1774 2741; x_wconf 78' lang='lat' dir='ltr'><strong><em>quad</em></strong></span> <span class='ocrx_word' id='word_1_212' title='bbox 1817 2672 2132 2741; x_wconf 88' lang='lat' dir='ltr'><strong><em>perdideris,</em></strong></span> 
     </span>
    </p>
   </div>
   <div class='ocr_carea' id='block_1_28' title="bbox 553 2760 2138 2833">
    <p class='ocr_par' dir='ltr' id='par_1_28' title="bbox 553 2760 2138 2833">
     <span class='ocr_line' id='line_1_28' title="bbox 553 2760 2138 2833; baseline -0.001 -16"><span class='ocrx_word' id='word_1_213' title='bbox 553 2765 697 2818; x_wconf 90' lang='lat' dir='ltr'><strong><em>aliud</em></strong></span> <span class='ocrx_word' id='word_1_214' title='bbox 726 2775 808 2819; x_wconf 88' lang='lat' dir='ltr'><strong><em>est</em></strong></span> <span class='ocrx_word' id='word_1_215' title='bbox 851 2764 1122 2833; x_wconf 87' lang='lat' dir='ltr'><strong><em>possidere</em></strong></span> <span class='ocrx_word' id='word_1_216' title='bbox 1148 2763 1287 2832; x_wconf 91' lang='lat' dir='ltr'><strong><em>quod</em></strong></span> <span class='ocrx_word' id='word_1_217' title='bbox 1328 2778 1594 2830; x_wconf 89' lang='lat' dir='ltr'><strong><em>nunquam</em></strong></span> <span class='ocrx_word' id='word_1_218' title='bbox 1616 2763 1878 2816; x_wconf 85' lang='lat' dir='ltr'><strong><em>amiseris.</em></strong></span> <span class='ocrx_word' id='word_1_219' title='bbox 1912 2760 2062 2818; x_wconf 89' lang='lat' dir='ltr'><strong><em>Unde</em></strong></span> <span class='ocrx_word' id='word_1_220' title='bbox 2083 2773 2138 2816; x_wconf 88' lang='lat' dir='ltr'><strong><em>et</em></strong></span> 
     </span>
    </p>
   </div>
   <div class='ocr_carea' id='block_1_29' title="bbox 555 2852 2134 2924">
    <p class='ocr_par' dir='ltr' id='par_1_29' title="bbox 555 2852 2134 2924">
     <span class='ocr_line' id='line_1_29' title="bbox 555 2852 2134 2924; baseline -0.003 -14"><span class='ocrx_word' id='word_1_221' title='bbox 555 2856 843 2924; x_wconf 78' lang='lat' dir='ltr'><strong><em>Apostolus</em></strong></span> <span class='ocrx_word' id='word_1_222' title='bbox 871 2854 1162 2922; x_wconf 78' lang='lat' dir='ltr'><strong><em>castigabat</em></strong></span> <span class='ocrx_word' id='word_1_223' title='bbox 1213 2869 1407 2921; x_wconf 87' lang='lat' dir='ltr'><strong><em>corpus</em></strong></span> <span class='ocrx_word' id='word_1_224' title='bbox 1446 2869 1621 2917; x_wconf 90' lang='lat' dir='ltr'><strong><em>suum,</em></strong></span> <span class='ocrx_word' id='word_1_225' title='bbox 1655 2863 1709 2905; x_wconf 87' lang='lat' dir='ltr'><strong><em>et</em></strong></span> <span class='ocrx_word' id='word_1_226' title='bbox 1740 2852 1792 2905; x_wconf 91' lang='lat' dir='ltr'><strong><em>in</em></strong></span> <span class='ocrx_word' id='word_1_227' title='bbox 1823 2854 2134 2907; x_wconf 76' lang='lat' dir='ltr'><strong><em>servitutem</em></strong></span> 
     </span>
    </p>
   </div>
   <div class='ocr_carea' id='block_1_30' title="bbox 557 2943 2136 3014">
    <p class='ocr_par' dir='ltr' id='par_1_30' title="bbox 557 2943 2136 3014">
     <span class='ocr_line' id='line_1_30' title="bbox 557 2943 2136 3014; baseline -0.001 -16"><span class='ocrx_word' id='word_1_228' title='bbox 557 2946 866 3014; x_wconf 78' lang='lat' dir='ltr'><strong><em>redigebat;</em></strong></span> <span class='ocrx_word' id='word_1_229' title='bbox 896 2961 963 2998; x_wconf 88' lang='lat' dir='ltr'><strong><em>ne</em></strong></span> <span class='ocrx_word' id='word_1_230' title='bbox 987 2945 1106 2998; x_wconf 90' lang='lat' dir='ltr'><strong><em>aliis</em></strong></span> <span class='ocrx_word' id='word_1_231' title='bbox 1134 2944 1447 3012; x_wconf 67' lang='lat' dir='ltr'><strong><em>praedicans,</em></strong></span> <span class='ocrx_word' id='word_1_232' title='bbox 1473 2945 1587 3012; x_wconf 86' lang='lat' dir='ltr'><strong><em>ipse</em></strong></span> <span class='ocrx_word' id='word_1_233' title='bbox 1631 2945 1891 3011; x_wconf 80' lang='lat' dir='ltr'><strong><em>reprobus</em></strong></span> <span class='ocrx_word' id='word_1_234' title='bbox 1931 2943 2136 2996; x_wconf 87' lang='lat' dir='ltr'><strong><em>inveni-</em></strong></span> 
     </span>
    </p>
   </div>
   <div class='ocr_carea' id='block_1_31' title="bbox 556 3033 2136 3104">
    <p class='ocr_par' dir='ltr' id='par_1_31' title="bbox 556 3033 2136 3104">
     <span class='ocr_line' id='line_1_31' title="bbox 556 3033 2136 3104; baseline -0.001 -16"><span class='ocrx_word' id='word_1_235' title='bbox 556 3041 1114 3104; x_wconf 80' lang='lat' dir='ltr'><strong><em>retur;corporisque</em></strong></span> <span class='ocrx_word' id='word_1_236' title='bbox 1157 3051 1220 3088; x_wconf 76' lang='lat' dir='ltr'><strong><em>ex</em></strong></span> <span class='ocrx_word' id='word_1_237' title='bbox 1265 3050 1486 3103; x_wconf 87' lang='lat' dir='ltr'><strong><em>persona</em></strong></span> <span class='ocrx_word' id='word_1_238' title='bbox 1537 3034 1749 3103; x_wconf 76' lang='lat' dir='ltr'><strong><em>generis</em></strong></span> <span class='ocrx_word' id='word_1_239' title='bbox 1791 3033 2004 3086; x_wconf 89' lang='lat' dir='ltr'><strong><em>lnnnani</em></strong></span> <span class='ocrx_word' id='word_1_240' title='bbox 2056 3034 2136 3086; x_wconf 91' lang='lat' dir='ltr'><strong><em>in-</em></strong></span> 
     </span>
    </p>
   </div>
   <div class='ocr_carea' id='block_1_32' title="bbox 554 3122 2130 3190">
    <p class='ocr_par' dir='ltr' id='par_1_32' title="bbox 554 3122 2130 3190">
     <span class='ocr_line' id='line_1_32' title="bbox 554 3122 2130 3190; baseline -0.003 -12"><span class='ocrx_word' id='word_1_241' title='bbox 554 3127 854 3178; x_wconf 81' lang='lat' dir='ltr'><strong><em>ﬂatmnatus</em></strong></span> <span class='ocrx_word' id='word_1_242' title='bbox 895 3125 1196 3189; x_wconf 82' lang='lat' dir='ltr'><strong><em>ardoribus,</em></strong></span> <span class='ocrx_word' id='word_1_243' title='bbox 1239 3124 1598 3190; x_wconf 74' lang='lat' dir='ltr'><strong><em>loquebatur:</em></strong></span> <span class='ocrx_word' id='word_1_244' title='bbox 1635 3122 1790 3175; x_wconf 76' lang='lat' dir='ltr'><strong><em>Miser</em></strong></span> <span class='ocrx_word' id='word_1_245' title='bbox 1817 3140 1906 3189; x_wconf 74' lang='lat' dir='ltr'><strong><em>ego</em></strong></span> <span class='ocrx_word' id='word_1_246' title='bbox 1950 3123 2130 3187; x_wconf 81' lang='lat' dir='ltr'><strong><em>homo,</em></strong></span> 
     </span>
    </p>
   </div>
   <div class='ocr_carea' id='block_1_33' title="bbox 551 3212 2135 3284">
    <p class='ocr_par' dir='ltr' id='par_1_33' title="bbox 551 3212 2135 3284">
     <span class='ocr_line' id='line_1_33' title="bbox 551 3212 2135 3284; baseline -0.003 -15"><span class='ocrx_word' id='word_1_247' title='bbox 551 3218 662 3284; x_wconf 87' lang='lat' dir='ltr'><strong><em>quis</em></strong></span> <span class='ocrx_word' id='word_1_248' title='bbox 692 3234 769 3269; x_wconf 88' lang='lat' dir='ltr'><strong><em>me</em></strong></span> <span class='ocrx_word' id='word_1_249' title='bbox 788 3217 1014 3270; x_wconf 76' lang='lat' dir='ltr'><strong><em>liberabit</em></strong></span> <span class='ocrx_word' id='word_1_250' title='bbox 1041 3216 1104 3267; x_wconf 87' lang='lat' dir='ltr'><strong><em>de</em></strong></span> <span class='ocrx_word' id='word_1_251' title='bbox 1132 3231 1342 3282; x_wconf 81' lang='lat' dir='ltr'><strong><em>corpore</em></strong></span> <span class='ocrx_word' id='word_1_252' title='bbox 1363 3215 1536 3267; x_wconf 88' lang='lat' dir='ltr'><strong><em>mortis</em></strong></span> <span class='ocrx_word' id='word_1_253' title='bbox 1562 3215 1710 3282; x_wconf 82' lang='lat' dir='ltr'><strong><em>Imjus</em></strong></span> <span class='ocrx_word' id='word_1_254' title='bbox 1739 3212 1984 3282; x_wconf 81' lang='lat' dir='ltr'><strong><em>(llom.7.</em></strong></span> <span class='ocrx_word' id='word_1_255' title='bbox 2002 3212 2135 3279; x_wconf 59' lang='lat'><strong><em>24)?</em></strong></span> 
     </span>
    </p>
   </div>
   <div class='ocr_carea' id='block_1_34' title="bbox 555 3303 2134 3373">
    <p class='ocr_par' dir='ltr' id='par_1_34' title="bbox 555 3303 2134 3373">
     <span class='ocr_line' id='line_1_34' title="bbox 555 3303 2134 3373; baseline -0.003 -14"><span class='ocrx_word' id='word_1_256' title='bbox 555 3307 620 3360; x_wconf 78' lang='lat' dir='ltr'><strong><em>Et</em></strong></span> <span class='ocrx_word' id='word_1_257' title='bbox 650 3307 838 3359; x_wconf 87' lang='lat' dir='ltr'><strong><em>iterum</em></strong></span> <span class='ocrx_word' id='word_1_258' title='bbox 873 3323 884 3358; x_wconf 92' lang='lat'>:</span> <span class='ocrx_word' id='word_1_259' title='bbox 922 3306 1045 3358; x_wconf 87' lang='lat' dir='ltr'><strong><em>Scio</em></strong></span> <span class='ocrx_word' id='word_1_260' title='bbox 1070 3305 1188 3373; x_wconf 87' lang='lat' dir='ltr'><strong><em>quin</em></strong></span> <span class='ocrx_word' id='word_1_261' title='bbox 1232 3321 1331 3356; x_wconf 89' lang='lat' dir='ltr'><strong><em>non</em></strong></span> <span class='ocrx_word' id='word_1_262' title='bbox 1383 3303 1574 3354; x_wconf 82' lang='lat' dir='ltr'><strong><em>habitat</em></strong></span> <span class='ocrx_word' id='word_1_263' title='bbox 1611 3304 1662 3354; x_wconf 86' lang='lat' dir='ltr'><strong><em>in</em></strong></span> <span class='ocrx_word' id='word_1_264' title='bbox 1713 3319 1810 3365; x_wconf 76' lang='lat' dir='ltr'><strong><em>me,</em></strong></span> <span class='ocrx_word' id='word_1_265' title='bbox 1845 3303 1938 3354; x_wconf 81' lang='lat' dir='ltr'><strong><em>ltOC</em></strong></span> <span class='ocrx_word' id='word_1_266' title='bbox 1963 3313 2053 3362; x_wconf 84' lang='lat' dir='ltr'><strong><em>est,</em></strong></span> <span class='ocrx_word' id='word_1_267' title='bbox 2081 3304 2134 3354; x_wconf 88' lang='lat' dir='ltr'><strong><em>in</em></strong></span> 
     </span>
    </p>
   </div>
   <div class='ocr_carea' id='block_1_35' title="bbox 549 3393 2134 3464">
    <p class='ocr_par' dir='ltr' id='par_1_35' title="bbox 549 3393 2134 3464">
     <span class='ocr_line' id='line_1_35' title="bbox 549 3393 2134 3464; baseline -0.004 -13"><span class='ocrx_word' id='word_1_268' title='bbox 549 3416 703 3451; x_wconf 83' lang='lat' dir='ltr'><strong><em>carne</em></strong></span> <span class='ocrx_word' id='word_1_269' title='bbox 723 3415 830 3450; x_wconf 84' lang='lat' dir='ltr'><strong><em>mea</em></strong></span> <span class='ocrx_word' id='word_1_270' title='bbox 859 3399 1043 3450; x_wconf 89' lang='lat' dir='ltr'><strong><em>bonum</em></strong></span> <span class='ocrx_word' id='word_1_271' title='bbox 1072 3412 1090 3447; x_wconf 89' lang='lat'><strong><em>:</em></strong></span> <span class='ocrx_word' id='word_1_272' title='bbox 1129 3394 1266 3448; x_wconf 71' lang='lat' dir='ltr'><strong><em>l’elle</em></strong></span> <span class='ocrx_word' id='word_1_273' title='bbox 1291 3396 1422 3446; x_wconf 87' lang='lat' dir='ltr'><strong><em>enim</em></strong></span> <span class='ocrx_word' id='word_1_274' title='bbox 1451 3395 1649 3464; x_wconf 84' lang='lat' dir='ltr'><strong><em>adjucet</em></strong></span> <span class='ocrx_word' id='word_1_275' title='bbox 1676 3394 1835 3455; x_wconf 81' lang='lat' dir='ltr'><strong><em>mihi;</em></strong></span> <span class='ocrx_word' id='word_1_276' title='bbox 1867 3403 1919 3444; x_wconf 87' lang='lat' dir='ltr'><strong><em>ut</em></strong></span> <span class='ocrx_word' id='word_1_277' title='bbox 1947 3393 2134 3462; x_wconf 80' lang='lat' dir='ltr'><strong><em>faciant</em></strong></span> 
     </span>
    </p>
   </div>
   <div class='ocr_carea' id='block_1_36' title="bbox 550 3481 2132 3550">
    <p class='ocr_par' dir='ltr' id='par_1_36' title="bbox 550 3481 2132 3550">
     <span class='ocr_line' id='line_1_36' title="bbox 550 3481 2132 3550; baseline -0.003 -12"><span class='ocrx_word' id='word_1_278' title='bbox 550 3499 716 3538; x_wconf 87' lang='lat' dir='ltr'><strong><em>autem</em></strong></span> <span class='ocrx_word' id='word_1_279' title='bbox 741 3488 946 3543; x_wconf 76' lang='lat' dir='ltr'><strong><em>bonum.</em></strong></span> <span class='ocrx_word' id='word_1_280' title='bbox 983 3499 1317 3549; x_wconf 84' lang='lat' dir='ltr'><strong><em>nequaquam.</em></strong></span> <span class='ocrx_word' id='word_1_281' title='bbox 1351 3481 1527 3550; x_wconf 87' lang='lat' dir='ltr'><strong><em>Neque</em></strong></span> <span class='ocrx_word' id='word_1_282' title='bbox 1565 3483 1695 3532; x_wconf 82' lang='lat' dir='ltr'><strong><em>enim</em></strong></span> <span class='ocrx_word' id='word_1_283' title='bbox 1721 3482 1857 3548; x_wconf 87' lang='lat' dir='ltr'><strong><em>quod</em></strong></span> <span class='ocrx_word' id='word_1_284' title='bbox 1883 3482 2011 3545; x_wconf 85' lang='lat' dir='ltr'><strong><em>volo,</em></strong></span> <span class='ocrx_word' id='word_1_285' title='bbox 2040 3483 2132 3534; x_wconf 89' lang='lat' dir='ltr'><strong><em>bo-</em></strong></span> 
     </span>
    </p>
   </div>
   <div class='ocr_carea' id='block_1_37' title="bbox 549 3569 2129 3641">
    <p class='ocr_par' dir='ltr' id='par_1_37' title="bbox 549 3569 2129 3641">
     <span class='ocr_line' id='line_1_37' title="bbox 549 3569 2129 3641; baseline -0.003 -12"><span class='ocrx_word' id='word_1_286' title='bbox 549 3593 691 3637; x_wconf 87' lang='lat' dir='ltr'><strong><em>num,</em></strong></span> <span class='ocrx_word' id='word_1_287' title='bbox 719 3575 806 3628; x_wconf 87' lang='lat' dir='ltr'><strong><em>sed</em></strong></span> <span class='ocrx_word' id='word_1_288' title='bbox 833 3575 968 3641; x_wconf 88' lang='lat' dir='ltr'><strong><em>quod</em></strong></span> <span class='ocrx_word' id='word_1_289' title='bbox 987 3573 1103 3626; x_wconf 91' lang='lat' dir='ltr'><strong><em>nolo</em></strong></span> <span class='ocrx_word' id='word_1_290' title='bbox 1133 3572 1344 3635; x_wconf 86' lang='lat' dir='ltr'><strong><em>malum,</em></strong></span> <span class='ocrx_word' id='word_1_291' title='bbox 1377 3571 1472 3624; x_wconf 85' lang='lat' dir='ltr'><strong><em>hoc</em></strong></span> <span class='ocrx_word' id='word_1_292' title='bbox 1493 3574 1626 3641; x_wconf 76' lang='lat' dir='ltr'><strong><em>facio</em></strong></span> <span class='ocrx_word' id='word_1_293' title='bbox 1657 3569 1912 3641; x_wconf 73' lang='lat' dir='ltr'><strong><em>(lbidJS.</em></strong></span> <span class='ocrx_word' id='word_1_294' title='bbox 1943 3582 1988 3624; x_wconf 90' lang='lat' dir='ltr'><strong><em>et</em></strong></span> <span class='ocrx_word' id='word_1_295' title='bbox 2019 3573 2129 3641; x_wconf 85' lang='grc'><strong>19).</strong></span> 
     </span>
    </p>
   </div>
   <div class='ocr_carea' id='block_1_38' title="bbox 549 3665 2127 3736">
    <p class='ocr_par' dir='ltr' id='par_1_38' title="bbox 549 3665 2127 3736">
     <span class='ocr_line' id='line_1_38' title="bbox 549 3665 2127 3736; baseline -0.005 -10"><span class='ocrx_word' id='word_1_296' title='bbox 549 3673 614 3727; x_wconf 85' lang='grc' dir='ltr'>Ει</span> <span class='ocrx_word' id='word_1_297' title='bbox 638 3672 844 3725; x_wconf 88' lang='lat' dir='ltr'><strong><em>denuo:</em></strong></span> <span class='ocrx_word' id='word_1_298' title='bbox 869 3669 969 3736; x_wconf 83' lang='lat' dir='ltr'><strong><em>Qui</em></strong></span> <span class='ocrx_word' id='word_1_299' title='bbox 998 3670 1048 3723; x_wconf 89' lang='lat' dir='ltr'><strong><em>in</em></strong></span> <span class='ocrx_word' id='word_1_300' title='bbox 1079 3683 1230 3720; x_wconf 79' lang='lat' dir='ltr'><strong><em>carne</em></strong></span> <span class='ocrx_word' id='word_1_301' title='bbox 1255 3677 1390 3732; x_wconf 85' lang='lat' dir='ltr'><strong><em>sunt,</em></strong></span> <span class='ocrx_word' id='word_1_302' title='bbox 1420 3665 1525 3718; x_wconf 91' lang='lat' dir='ltr'><strong><em>Deo</em></strong></span> <span class='ocrx_word' id='word_1_303' title='bbox 1555 3665 1749 3731; x_wconf 81' lang='lat' dir='ltr'><strong><em>placere</em></strong></span> <span class='ocrx_word' id='word_1_304' title='bbox 1778 3682 1878 3718; x_wconf 87' lang='lat' dir='ltr'><strong><em>non</em></strong></span> <span class='ocrx_word' id='word_1_305' title='bbox 1900 3675 2127 3734; x_wconf 89' lang='lat' dir='ltr'><strong><em>possunt.</em></strong></span> 
     </span>
    </p>
   </div>
   <div class='ocr_carea' id='block_1_39' title="bbox 559 3755 2131 3824">
    <p class='ocr_par' dir='ltr' id='par_1_39' title="bbox 559 3755 2131 3824">
     <span class='ocr_line' id='line_1_39' title="bbox 559 3755 2131 3824; baseline -0.003 -11"><span class='ocrx_word' id='word_1_306' title='bbox 559 3762 658 3815; x_wconf 84' lang='lat' dir='ltr'><strong><em>Vos</em></strong></span> <span class='ocrx_word' id='word_1_307' title='bbox 685 3771 851 3814; x_wconf 88' lang='lat' dir='ltr'><strong><em>autem</em></strong></span> <span class='ocrx_word' id='word_1_308' title='bbox 877 3778 976 3813; x_wconf 93' lang='lat' dir='ltr'><strong><em>non</em></strong></span> <span class='ocrx_word' id='word_1_309' title='bbox 1012 3760 1131 3812; x_wconf 86' lang='lat' dir='ltr'><strong><em>estis</em></strong></span> <span class='ocrx_word' id='word_1_310' title='bbox 1157 3760 1206 3810; x_wconf 88' lang='lat' dir='ltr'><strong><em>in</em></strong></span> <span class='ocrx_word' id='word_1_311' title='bbox 1234 3771 1388 3809; x_wconf 85' lang='lat' dir='ltr'><strong><em>carne</em></strong></span> <span class='ocrx_word' id='word_1_312' title='bbox 1409 3797 1425 3820; x_wconf 89' lang='lat'><strong><em>,</em></strong></span> <span class='ocrx_word' id='word_1_313' title='bbox 1452 3755 1540 3810; x_wconf 86' lang='lat' dir='ltr'><strong><em>sed</em></strong></span> <span class='ocrx_word' id='word_1_314' title='bbox 1566 3756 1616 3807; x_wconf 93' lang='lat' dir='ltr'><strong><em>in</em></strong></span> <span class='ocrx_word' id='word_1_315' title='bbox 1644 3755 1825 3824; x_wconf 85' lang='lat' dir='ltr'><strong><em>spiritu</em></strong></span> <span class='ocrx_word' id='word_1_316' title='bbox 1851 3770 1870 3808; x_wconf 90' lang='lat'><strong><em>:</em></strong></span> <span class='ocrx_word' id='word_1_317' title='bbox 1899 3756 1941 3808; x_wconf 88' lang='lat' dir='ltr'><strong><em>si</em></strong></span> <span class='ocrx_word' id='word_1_318' title='bbox 1966 3766 2131 3808; x_wconf 83' lang='lat' dir='ltr'><strong><em>tamen</em></strong></span> 
     </span>
    </p>
   </div>
   <div class='ocr_carea' id='block_1_40' title="bbox 547 3845 1879 3931">
    <p class='ocr_par' dir='ltr' id='par_1_40' title="bbox 547 3845 1879 3931">
     <span class='ocr_line' id='line_1_40' title="bbox 547 3845 1879 3931; baseline -0.005 -24"><span class='ocrx_word' id='word_1_319' title='bbox 547 3854 754 3923; x_wconf 82' lang='lat' dir='ltr'><strong><em>spiritus</em></strong></span> <span class='ocrx_word' id='word_1_320' title='bbox 785 3851 882 3905; x_wconf 87' lang='lat' dir='ltr'><strong><em>Dei</em></strong></span> <span class='ocrx_word' id='word_1_321' title='bbox 909 3853 1100 3931; x_wconf 78' lang='lat' dir='ltr'><strong><em>habitat</em></strong></span> <span class='ocrx_word' id='word_1_322' title='bbox 1125 3851 1176 3902; x_wconf 90' lang='lat' dir='ltr'><strong><em>in</em></strong></span> <span class='ocrx_word' id='word_1_323' title='bbox 1205 3847 1340 3902; x_wconf 77' lang='lat' dir='ltr'><strong><em>vobis</em></strong></span> <span class='ocrx_word' id='word_1_324' title='bbox 1370 3845 1528 3917; x_wconf 84' lang='lat' dir='ltr'><strong><em>(Ibid.</em></strong></span> <span class='ocrx_word' id='word_1_325' title='bbox 1561 3848 1613 3901; x_wconf 91' lang='lat'><strong><em>8.</em></strong></span> <span class='ocrx_word' id='word_1_326' title='bbox 1642 3847 1697 3900; x_wconf 89' lang='lat'><strong><em>8.</em></strong></span> <span class='ocrx_word' id='word_1_327' title='bbox 1724 3856 1769 3899; x_wconf 78' lang='lat' dir='ltr'><strong><em>et</em></strong></span> <span class='ocrx_word' id='word_1_328' title='bbox 1798 3847 1879 3912; x_wconf 87' lang='lat'><strong><em>9).</em></strong></span> 
     </span>
    </p>
   </div>
   <div class='ocr_carea' id='block_1_41' title="bbox 620 3937 2126 4011">
    <p class='ocr_par' dir='ltr' id='par_1_41' title="bbox 620 3937 2126 4011">
     <span class='ocr_line' id='line_1_41' title="bbox 620 3937 2126 4011; baseline -0.007 -13"><span class='ocrx_word' id='word_1_329' title='bbox 620 3946 706 4000; x_wconf 82' lang='grc'><strong>10.</strong></span> <span class='ocrx_word' id='word_1_330' title='bbox 753 3945 875 3998; x_wconf 86' lang='lat' dir='ltr'><strong><em>Post</em></strong></span> <span class='ocrx_word' id='word_1_331' title='bbox 905 3942 1288 4011; x_wconf 86' lang='lat' dir='ltr'><strong><em>cogitationum</em></strong></span> <span class='ocrx_word' id='word_1_332' title='bbox 1310 3937 1772 4008; x_wconf 80' lang='lat' dir='ltr'><strong><em>diligentissimam</em></strong></span> <span class='ocrx_word' id='word_1_333' title='bbox 1804 3938 2126 4000; x_wconf 89' lang='lat' dir='ltr'><strong><em>cautionem,</em></strong></span> 
     </span>
    </p>
   </div>
   <div class='ocr_carea' id='block_1_42' title="bbox 542 4029 2128 4105">
    <p class='ocr_par' dir='ltr' id='par_1_42' title="bbox 542 4029 2128 4105">
     <span class='ocr_line' id='line_1_42' title="bbox 542 4029 2128 4105; baseline -0.004 -18"><span class='ocrx_word' id='word_1_334' title='bbox 542 4036 866 4105; x_wconf 79' lang='lat' dir='ltr'><strong><em>jejuniorum</em></strong></span> <span class='ocrx_word' id='word_1_335' title='bbox 919 4033 1010 4086; x_wconf 90' lang='lat' dir='ltr'><strong><em>tibi</em></strong></span> <span class='ocrx_word' id='word_1_336' title='bbox 1050 4047 1194 4084; x_wconf 88' lang='lat' dir='ltr'><strong><em>arma</em></strong></span> <span class='ocrx_word' id='word_1_337' title='bbox 1248 4029 1504 4083; x_wconf 87' lang='lat' dir='ltr'><strong><em>sumenda</em></strong></span> <span class='ocrx_word' id='word_1_338' title='bbox 1557 4038 1701 4092; x_wconf 81' lang='lat' dir='ltr'><strong><em>sunt,</em></strong></span> <span class='ocrx_word' id='word_1_339' title='bbox 1735 4037 1787 4080; x_wconf 80' lang='lat' dir='ltr'><strong><em>et</em></strong></span> <span class='ocrx_word' id='word_1_340' title='bbox 1830 4029 2128 4080; x_wconf 79' lang='lat' dir='ltr'><strong><em>canendum</em></strong></span> 
     </span>
    </p>
   </div>
   <div class='ocr_carea' id='block_1_43' title="bbox 545 4119 2130 4189">
    <p class='ocr_par' dir='ltr' id='par_1_43' title="bbox 545 4119 2130 4189">
     <span class='ocr_line' id='line_1_43' title="bbox 545 4119 2130 4189; baseline -0.006 -10"><span class='ocrx_word' id='word_1_341' title='bbox 545 4143 666 4180; x_wconf 90' lang='lat' dir='ltr'><strong><em>cum</em></strong></span> <span class='ocrx_word' id='word_1_342' title='bbox 726 4126 887 4178; x_wconf 80' lang='lat' dir='ltr'><strong><em>David</em></strong></span> <span class='ocrx_word' id='word_1_343' title='bbox 945 4140 959 4176; x_wconf 89' lang='lat'><strong>:</strong></span> <span class='ocrx_word' id='word_1_344' title='bbox 1017 4119 1297 4174; x_wconf 82' lang='lat' dir='ltr'><strong><em>Iluntiliavi</em></strong></span> <span class='ocrx_word' id='word_1_345' title='bbox 1349 4120 1401 4172; x_wconf 91' lang='lat' dir='ltr'><strong><em>in</em></strong></span> <span class='ocrx_word' id='word_1_346' title='bbox 1440 4119 1642 4189; x_wconf 78' lang='lat' dir='ltr'><strong><em>jejunio</em></strong></span> <span class='ocrx_word' id='word_1_347' title='bbox 1686 4119 1911 4171; x_wconf 84' lang='lat' dir='ltr'><strong><em>animam</em></strong></span> <span class='ocrx_word' id='word_1_348' title='bbox 1969 4135 2130 4174; x_wconf 76' lang='lat' dir='ltr'><strong><em>mea-n</em></strong></span> 
     </span>
    </p>
   </div>
   <div class='ocr_carea' id='block_1_44' title="bbox 549 4208 2128 4282">
    <p class='ocr_par' dir='ltr' id='par_1_44' title="bbox 549 4208 2128 4282">
     <span class='ocr_line' id='line_1_44' title="bbox 549 4208 2128 4282; baseline -0.006 -12"><span class='ocrx_word' id='word_1_349' title='bbox 549 4217 719 4282; x_wconf 83' lang='lat' dir='ltr'><strong><em>(Psal.</em></strong></span> <span class='ocrx_word' id='word_1_350' title='bbox 746 4215 816 4270; x_wconf 82' lang='lat'><strong><em>68</em></strong></span> <span class='ocrx_word' id='word_1_351' title='bbox 865 4214 971 4282; x_wconf 87' lang='lat' dir='ltr'><strong><em>ll).</em></strong></span> <span class='ocrx_word' id='word_1_352' title='bbox 998 4213 1081 4274; x_wconf 81' lang='lat' dir='ltr'><strong><em>Et,</em></strong></span> <span class='ocrx_word' id='word_1_353' title='bbox 1115 4213 1330 4264; x_wconf 72' lang='lat' dir='ltr'><strong><em>cinerem</em></strong></span> <span class='ocrx_word' id='word_1_354' title='bbox 1358 4219 1598 4279; x_wconf 88' lang='lat' dir='ltr'><strong><em>tanquam</em></strong></span> <span class='ocrx_word' id='word_1_355' title='bbox 1621 4225 1799 4279; x_wconf 88' lang='lat' dir='ltr'><strong><em>panem</em></strong></span> <span class='ocrx_word' id='word_1_356' title='bbox 1830 4208 2128 4261; x_wconf 75' lang='lat' dir='ltr'><strong><em>manducavi</em></strong></span> 
     </span>
    </p>
   </div>
   <div class='ocr_carea' id='block_1_45' title="bbox 546 4300 2130 4374">
    <p class='ocr_par' dir='ltr' id='par_1_45' title="bbox 546 4300 2130 4374">
     <span class='ocr_line' id='line_1_45' title="bbox 546 4300 2130 4374; baseline -0.004 -16"><span class='ocrx_word' id='word_1_357' title='bbox 546 4307 721 4374; x_wconf 82' lang='lat' dir='ltr'><strong><em>(Psul.</em></strong></span> <span class='ocrx_word' id='word_1_358' title='bbox 756 4305 874 4357; x_wconf 86' lang='grc'><strong>101.</strong></span> <span class='ocrx_word' id='word_1_359' title='bbox 909 4303 1018 4368; x_wconf 88' lang='grc'><strong><em>10).</em></strong></span> <span class='ocrx_word' id='word_1_360' title='bbox 1056 4303 1112 4355; x_wconf 75' lang='lat' dir='ltr'><strong><em>Et</em></strong></span> <span class='ocrx_word' id='word_1_361' title='bbox 1137 4343 1152 4364; x_wconf 82' lang='lat'><strong><em>,</em></strong></span> <span class='ocrx_word' id='word_1_362' title='bbox 1177 4319 1288 4354; x_wconf 87' lang='lat' dir='ltr'><strong><em>cmn</em></strong></span> <span class='ocrx_word' id='word_1_363' title='bbox 1319 4301 1514 4355; x_wconf 78' lang='lat' dir='ltr'><strong><em>molesti</em></strong></span> <span class='ocrx_word' id='word_1_364' title='bbox 1543 4310 1682 4353; x_wconf 81' lang='lat' dir='ltr'><strong><em>erum</em></strong></span> <span class='ocrx_word' id='word_1_365' title='bbox 1712 4300 1854 4363; x_wconf 83' lang='lat' dir='ltr'><strong><em>mihi,</em></strong></span> <span class='ocrx_word' id='word_1_366' title='bbox 1888 4300 2130 4353; x_wconf 86' lang='lat' dir='ltr'><strong><em>induebar</em></strong></span> 
     </span>
    </p>
   </div>
   <div class='ocr_carea' id='block_1_46' title="bbox 543 4383 2129 4464">
    <p class='ocr_par' dir='ltr' id='par_1_46' title="bbox 543 4383 2129 4464">
     <span class='ocr_line' id='line_1_46' title="bbox 543 4383 2129 4464; baseline -0.003 -15"><span class='ocrx_word' id='word_1_367' title='bbox 543 4397 710 4449; x_wconf 86' lang='lat' dir='ltr'><strong><em>cilicio</em></strong></span> <span class='ocrx_word' id='word_1_368' title='bbox 741 4392 912 4464; x_wconf 78' lang='lat' dir='ltr'><strong><em>(l’sal.</em></strong></span> <span class='ocrx_word' id='word_1_369' title='bbox 946 4383 1032 4446; x_wconf 68' lang='grc'><strong><em>51.</em></strong></span> <span class='ocrx_word' id='word_1_370' title='bbox 1063 4392 1169 4459; x_wconf 84' lang='grc'><strong>15).</strong></span> <span class='ocrx_word' id='word_1_371' title='bbox 1196 4392 1301 4444; x_wconf 88' lang='lat' dir='ltr'><strong><em>Eva</em></strong></span> <span class='ocrx_word' id='word_1_372' title='bbox 1333 4407 1426 4456; x_wconf 87' lang='lat' dir='ltr'><strong><em>per</em></strong></span> <span class='ocrx_word' id='word_1_373' title='bbox 1446 4391 1621 4443; x_wconf 84' lang='lat' dir='ltr'><strong><em>cibum</em></strong></span> <span class='ocrx_word' id='word_1_374' title='bbox 1647 4390 1813 4454; x_wconf 77' lang='lat' dir='ltr'><strong><em>eiet-la</em></strong></span> <span class='ocrx_word' id='word_1_375' title='bbox 1845 4390 2017 4444; x_wconf 81' lang='lat' dir='ltr'><strong><em>estde</em></strong></span> <span class='ocrx_word' id='word_1_376' title='bbox 2040 4405 2129 4458; x_wconf 82' lang='lat' dir='ltr'><strong><em>pa-</em></strong></span> 
     </span>
    </p>
   </div>
   <div class='ocr_carea' id='block_1_47' title="bbox 545 4479 2124 4551">
    <p class='ocr_par' dir='ltr' id='par_1_47' title="bbox 545 4479 2124 4551">
     <span class='ocr_line' id='line_1_47' title="bbox 545 4479 2124 4551; baseline -0.003 -13"><span class='ocrx_word' id='word_1_377' title='bbox 545 4483 899 4538; x_wconf 85' lang='lat' dir='ltr'><strong><em>radiso.Elias</em></strong></span> <span class='ocrx_word' id='word_1_378' title='bbox 927 4481 1272 4551; x_wconf 81' lang='lat' dir='ltr'><strong><em>quadraginta</em></strong></span> <span class='ocrx_word' id='word_1_379' title='bbox 1304 4479 1510 4532; x_wconf 88' lang='lat' dir='ltr'><strong><em>dierum</em></strong></span> <span class='ocrx_word' id='word_1_380' title='bbox 1539 4482 1868 4533; x_wconf 80' lang='lat' dir='ltr'><strong><em>exercitatus</em></strong></span> <span class='ocrx_word' id='word_1_381' title='bbox 1896 4480 2124 4547; x_wconf 82' lang='lat' dir='ltr'><strong><em>jejunio,</em></strong></span> 
     </span>
    </p>
   </div>
   <div class='ocr_carea' id='block_1_48' title="bbox 534 4556 2126 4646">
    <p class='ocr_par' dir='ltr' id='par_1_48' title="bbox 534 4556 2126 4646">
     <span class='ocr_line' id='line_1_48' title="bbox 534 4556 2126 4646; baseline 0.001 -24"><span class='ocrx_word' id='word_1_382' title='bbox 534 4577 702 4646; x_wconf 88' lang='lat' dir='ltr'><strong><em>.igneo</em></strong></span> <span class='ocrx_word' id='word_1_383' title='bbox 741 4590 900 4628; x_wconf 84' lang='lat' dir='ltr'><strong><em>curru</em></strong></span> <span class='ocrx_word' id='word_1_384' title='bbox 946 4571 1057 4640; x_wconf 84' lang='lat' dir='ltr'><strong><em>rapi</em></strong></span> <span class='ocrx_word' id='word_1_385' title='bbox 1086 4556 1226 4624; x_wconf 28' lang='lat' dir='ltr'><strong><em>utr-in</em></strong></span> <span class='ocrx_word' id='word_1_386' title='bbox 1259 4570 1451 4625; x_wconf 63' lang='lat' dir='ltr'><strong><em>(mltum</em></strong></span> <span class='ocrx_word' id='word_1_387' title='bbox 1479 4572 1496 4637; x_wconf 89' lang='lat'><strong><em>(</em></strong></span> <span class='ocrx_word' id='word_1_388' title='bbox 1522 4567 1733 4637; x_wconf 63' lang='lat' dir='ltr'><strong><em>3.~Reg.</em></strong></span> <span class='ocrx_word' id='word_1_389' title='bbox 1764 4570 1830 4623; x_wconf 83' lang='grc'><strong>19</strong></span> <span class='ocrx_word' id='word_1_390' title='bbox 1856 4572 1898 4638; x_wconf 88' lang='grc'><strong>).</strong></span> <span class='ocrx_word' id='word_1_391' title='bbox 1919 4571 2126 4640; x_wconf 84' lang='lat' dir='ltr'><strong><em>Moyses</em></strong></span> 
     </span>
    </p>
   </div>
   <div class='ocr_carea' id='block_1_49' title="bbox 541 4660 2123 4739">
    <p class='ocr_par' dir='ltr' id='par_1_49' title="bbox 541 4660 2123 4739">
     <span class='ocr_line' id='line_1_49' title="bbox 541 4660 2123 4739; baseline -0.008 -16"><span class='ocrx_word' id='word_1_392' title='bbox 541 4668 890 4739; x_wconf 84' lang='lat' dir='ltr'><strong><em>quadraglnta</em></strong></span> <span class='ocrx_word' id='word_1_393' title='bbox 918 4664 1105 4718; x_wconf 81' lang='lat' dir='ltr'><strong><em>diebus</em></strong></span> <span class='ocrx_word' id='word_1_394' title='bbox 1127 4677 1189 4716; x_wconf 90' lang='lat' dir='ltr'><strong><em>ac</em></strong></span> <span class='ocrx_word' id='word_1_395' title='bbox 1218 4663 1482 4722; x_wconf 83' lang='lat' dir='ltr'><strong><em>noctibus,</em></strong></span> <span class='ocrx_word' id='word_1_396' title='bbox 1515 4660 1872 4712; x_wconf 88' lang='lat' dir='ltr'><strong><em>familiaritate</em></strong></span> <span class='ocrx_word' id='word_1_397' title='bbox 1919 4670 1972 4712; x_wconf 83' lang='lat' dir='ltr'><strong><em>et</em></strong></span> <span class='ocrx_word' id='word_1_398' title='bbox 2009 4675 2123 4713; x_wconf 84' lang='lat' dir='ltr'><strong><em>ser-</em></strong></span> 
     </span>
    </p>
   </div>
   <div class='ocr_carea' id='block_1_50' title="bbox 544 4751 2126 4827">
    <p class='ocr_par' dir='ltr' id='par_1_50' title="bbox 544 4751 2126 4827">
     <span class='ocr_line' id='line_1_50' title="bbox 544 4751 2126 4827; baseline -0.011 -13"><span class='ocrx_word' id='word_1_399' title='bbox 544 4776 701 4814; x_wconf 90' lang='lat' dir='ltr'><strong><em>mone</em></strong></span> <span class='ocrx_word' id='word_1_400' title='bbox 743 4759 836 4812; x_wconf 86' lang='lat' dir='ltr'><strong><em>Dei</em></strong></span> <span class='ocrx_word' id='word_1_401' title='bbox 881 4758 1114 4827; x_wconf 88' lang='lat' dir='ltr'><strong><em>pascitur</em></strong></span> <span class='ocrx_word' id='word_1_402' title='bbox 1156 4753 1460 4825; x_wconf 47' lang='lat' dir='ltr'><strong><em>(Exedit.</em></strong></span> <span class='ocrx_word' id='word_1_403' title='bbox 1486 4763 1530 4804; x_wconf 84' lang='lat' dir='ltr'><strong><em>et</em></strong></span> <span class='ocrx_word' id='word_1_404' title='bbox 1560 4753 1683 4820; x_wconf 65' lang='lat'><strong><em>55);</em></strong></span> <span class='ocrx_word' id='word_1_405' title='bbox 1715 4752 1764 4802; x_wconf 93' lang='lat' dir='ltr'><strong><em>in</em></strong></span> <span class='ocrx_word' id='word_1_406' title='bbox 1813 4766 1873 4804; x_wconf 86' lang='lat' dir='ltr'><strong><em>se</em></strong></span> <span class='ocrx_word' id='word_1_407' title='bbox 1913 4751 2126 4803; x_wconf 40' lang='lat' dir='ltr'><strong><em>veristi-</em></strong></span> 
     </span>
    </p>
   </div>
   <div class='ocr_carea' id='block_1_51' title="bbox 544 4841 2123 4920">
    <p class='ocr_par' dir='ltr' id='par_1_51' title="bbox 544 4841 2123 4920">
     <span class='ocr_line' id='line_1_51' title="bbox 544 4841 2123 4920; baseline -0.006 -16"><span class='ocrx_word' id='word_1_408' title='bbox 544 4867 688 4904; x_wconf 84' lang='lat' dir='ltr'><strong><em>lllllm</em></strong></span> <span class='ocrx_word' id='word_1_409' title='bbox 736 4850 965 4920; x_wconf 87' lang='lat' dir='ltr'><strong><em>probans</em></strong></span> <span class='ocrx_word' id='word_1_410' title='bbox 997 4845 1134 4917; x_wconf 78' lang='lat' dir='ltr'><strong><em>quod</em></strong></span> <span class='ocrx_word' id='word_1_411' title='bbox 1171 4846 1407 4898; x_wconf 88' lang='lat' dir='ltr'><strong><em>dicitur:</em></strong></span> <span class='ocrx_word' id='word_1_412' title='bbox 1445 4842 1560 4896; x_wconf 73' lang='lat' dir='ltr'><strong><em>Non</em></strong></span> <span class='ocrx_word' id='word_1_413' title='bbox 1602 4844 1653 4894; x_wconf 90' lang='lat' dir='ltr'><strong><em>in</em></strong></span> <span class='ocrx_word' id='word_1_414' title='bbox 1699 4841 1806 4894; x_wconf 91' lang='lat' dir='ltr'><strong><em>solo</em></strong></span> <span class='ocrx_word' id='word_1_415' title='bbox 1837 4858 1968 4911; x_wconf 89' lang='lat' dir='ltr'><strong><em>pane</em></strong></span> <span class='ocrx_word' id='word_1_416' title='bbox 2009 4844 2123 4894; x_wconf 78' lang='lat' dir='ltr'><strong><em>vit-it</em></strong></span> 
     </span>
    </p>
   </div>
   <div class='ocr_carea' id='block_1_52' title="bbox 542 4933 2122 5006">
    <p class='ocr_par' dir='ltr' id='par_1_52' title="bbox 542 4933 2122 5006">
     <span class='ocr_line' id='line_1_52' title="bbox 542 4933 2122 5006; baseline -0.006 -11"><span class='ocrx_word' id='word_1_417' title='bbox 542 4945 712 5006; x_wconf 75' lang='lat' dir='ltr'><strong><em>homo,</em></strong></span> <span class='ocrx_word' id='word_1_418' title='bbox 743 4940 832 4995; x_wconf 81' lang='lat' dir='ltr'><strong><em>sed</em></strong></span> <span class='ocrx_word' id='word_1_419' title='bbox 875 4940 925 4993; x_wconf 86' lang='lat' dir='ltr'><strong><em>in</em></strong></span> <span class='ocrx_word' id='word_1_420' title='bbox 972 4939 1106 4992; x_wconf 88' lang='lat' dir='ltr'><strong><em>onmi</em></strong></span> <span class='ocrx_word' id='word_1_421' title='bbox 1153 4936 1297 4990; x_wconf 78' lang='lat' dir='ltr'><strong><em>verba</em></strong></span> <span class='ocrx_word' id='word_1_422' title='bbox 1341 4935 1476 5002; x_wconf 85' lang='lat' dir='ltr'><strong><em>quod</em></strong></span> <span class='ocrx_word' id='word_1_423' title='bbox 1521 4934 1748 5003; x_wconf 80' lang='lat' dir='ltr'><strong><em>procedit</em></strong></span> <span class='ocrx_word' id='word_1_424' title='bbox 1794 4933 1857 4987; x_wconf 87' lang='lat' dir='ltr'><strong><em>de</em></strong></span> <span class='ocrx_word' id='word_1_425' title='bbox 1902 4951 1989 4987; x_wconf 88' lang='lat' dir='ltr'><strong><em>ore</em></strong></span> <span class='ocrx_word' id='word_1_426' title='bbox 2030 4933 2122 4986; x_wconf 82' lang='lat' dir='ltr'><strong><em>Dei</em></strong></span> 
     </span>
    </p>
   </div>
   <div class='ocr_carea' id='block_1_53' title="bbox 543 5025 2121 5105">
    <p class='ocr_par' dir='ltr' id='par_1_53' title="bbox 543 5025 2121 5105">
     <span class='ocr_line' id='line_1_53' title="bbox 543 5025 2121 5105; baseline -0.006 -19"><span class='ocrx_word' id='word_1_427' title='bbox 543 5034 754 5105; x_wconf 74' lang='lat' dir='ltr'><strong><em>(Matth.</em></strong></span> <span class='ocrx_word' id='word_1_428' title='bbox 787 5030 901 5095; x_wconf 72' lang='lat' dir='ltr'><strong><em>M).</em></strong></span> <span class='ocrx_word' id='word_1_429' title='bbox 931 5031 1176 5084; x_wconf 89' lang='lat' dir='ltr'><strong><em>Salvator</em></strong></span> <span class='ocrx_word' id='word_1_430' title='bbox 1202 5029 1412 5096; x_wconf 80' lang='lat' dir='ltr'><strong><em>generis</em></strong></span> <span class='ocrx_word' id='word_1_431' title='bbox 1442 5025 1654 5078; x_wconf 85' lang='lat' dir='ltr'><strong><em>lunnani</em></strong></span> <span class='ocrx_word' id='word_1_432' title='bbox 1679 5065 1695 5087; x_wconf 88' lang='lat'><strong><em>,</em></strong></span> <span class='ocrx_word' id='word_1_433' title='bbox 1742 5025 1829 5092; x_wconf 91' lang='lat' dir='ltr'><strong><em>qui</em></strong></span> <span class='ocrx_word' id='word_1_434' title='bbox 1870 5026 2121 5078; x_wconf 89' lang='lat' dir='ltr'><strong><em>virtutum</em></strong></span> 
     </span>
    </p>
   </div>
   <div class='ocr_carea' id='block_1_54' title="bbox 540 5115 2120 5185">
    <p class='ocr_par' dir='ltr' id='par_1_54' title="bbox 540 5115 2120 5185">
     <span class='ocr_line' id='line_1_54' title="bbox 540 5115 2120 5185; baseline -0.008 -9"><span class='ocrx_word' id='word_1_435' title='bbox 540 5137 588 5176; x_wconf 79' lang='lat' dir='ltr'><strong><em>et</em></strong></span> <span class='ocrx_word' id='word_1_436' title='bbox 623 5122 1044 5178; x_wconf 79' lang='lat' dir='ltr'><strong><em>conversationis</em></strong></span> <span class='ocrx_word' id='word_1_437' title='bbox 1092 5136 1204 5171; x_wconf 76' lang='lat' dir='ltr'><strong><em>sua-</em></strong></span> <span class='ocrx_word' id='word_1_438' title='bbox 1252 5119 1405 5171; x_wconf 71' lang='lat' dir='ltr'><strong><em>nobis</em></strong></span> <span class='ocrx_word' id='word_1_439' title='bbox 1457 5117 1666 5185; x_wconf 83' lang='lat' dir='ltr'><strong><em>reliquit</em></strong></span> <span class='ocrx_word' id='word_1_440' title='bbox 1697 5116 1769 5183; x_wconf 90' lang='lat' dir='ltr'><strong><em>(b)</em></strong></span> <span class='ocrx_word' id='word_1_441' title='bbox 1797 5115 2120 5182; x_wconf 79' lang='lat' dir='ltr'><strong><em>exetnplnm,</em></strong></span> 
     </span>
    </p>
   </div>
   <div class='ocr_carea' id='block_1_55' title="bbox 539 5208 2121 5288">
    <p class='ocr_par' dir='ltr' id='par_1_55' title="bbox 539 5208 2121 5288">
     <span class='ocr_line' id='line_1_55' title="bbox 539 5208 2121 5288; baseline -0.007 -17"><span class='ocrx_word' id='word_1_442' title='bbox 539 5217 701 5288; x_wconf 77' lang='lat'><strong><em>987</em></strong></span> <span class='ocrx_word' id='word_1_443' title='bbox 779 5225 896 5286; x_wconf 86' lang='lat' dir='ltr'><strong><em>post</em></strong></span> <span class='ocrx_word' id='word_1_444' title='bbox 945 5215 1261 5284; x_wconf 78' lang='lat' dir='ltr'><strong><em>baptismum</em></strong></span> <span class='ocrx_word' id='word_1_445' title='bbox 1302 5213 1480 5262; x_wconf 81' lang='lat' dir='ltr'><strong><em>statim</em></strong></span> <span class='ocrx_word' id='word_1_446' title='bbox 1528 5209 1816 5262; x_wconf 83' lang='lat' dir='ltr'><strong><em>assumitur</em></strong></span> <span class='ocrx_word' id='word_1_447' title='bbox 1858 5225 1884 5258; x_wconf 91' lang='lat' dir='ltr'><strong><em>a</em></strong></span> <span class='ocrx_word' id='word_1_448' title='bbox 1933 5208 2121 5276; x_wconf 70' lang='lat' dir='ltr'><strong><em>spiritu</em></strong></span> 
     </span>
    </p>
   </div>
   <div class='ocr_carea' id='block_1_56' title="bbox 607 5341 2120 5418">
    <p class='ocr_par' dir='ltr' id='par_1_56' title="bbox 607 5341 2120 5418">
     <span class='ocr_line' id='line_1_56' title="bbox 607 5341 2120 5418; baseline -0.004 -24"><span class='ocrx_word' id='word_1_449' title='bbox 607 5354 678 5410; x_wconf 78' lang='grc' dir='ltr'>(ιι)</span> <span class='ocrx_word' id='word_1_450' title='bbox 715 5349 935 5407; x_wconf 73' lang='lat' dir='ltr'><strong><em>Negandi</em></strong></span> <span class='ocrx_word' id='word_1_451' title='bbox 978 5346 1259 5418; x_wconf 78' lang='lat' dir='ltr'><strong><em>particulam</em></strong></span> <span class='ocrx_word' id='word_1_452' title='bbox 1299 5346 1430 5418; x_wconf 83' lang='lat' dir='ltr'><strong><em>addit</em></strong></span> <span class='ocrx_word' id='word_1_453' title='bbox 1474 5345 1802 5418; x_wconf 44' lang='lat' dir='ltr'><strong><em>Cisterci&#39;e&#39;nse</em></strong></span> <span class='ocrx_word' id='word_1_454' title='bbox 1846 5341 2120 5418; x_wconf 37' lang='lat' dir='ltr'><strong><em>exempl-ar,</em></strong></span> 
     </span>
    </p>
   </div>
   <div class='ocr_carea' id='block_1_57' title="bbox 552 5404 2122 5470">
    <p class='ocr_par' dir='ltr' id='par_1_57' title="bbox 552 5404 2122 5470">
     <span class='ocr_line' id='line_1_57' title="bbox 552 5404 2122 5470; baseline -0.001 -16"><span class='ocrx_word' id='word_1_455' title='bbox 552 5404 724 5459; x_wconf 66' lang='lat' dir='ltr'><strong><em>verum</em></strong></span> <span class='ocrx_word' id='word_1_456' title='bbox 754 5404 838 5460; x_wconf 76' lang='lat' dir='ltr'><strong><em>nos</em></strong></span> <span class='ocrx_word' id='word_1_457' title='bbox 869 5423 962 5459; x_wconf 72' lang='lat' dir='ltr'><strong><em>twn</em></strong></span> <span class='ocrx_word' id='word_1_458' title='bbox 979 5404 1286 5470; x_wconf 74' lang='lat' dir='ltr'><strong><em>ignoremus,</em></strong></span> <span class='ocrx_word' id='word_1_459' title='bbox 1311 5415 1428 5460; x_wconf 85' lang='lat' dir='ltr'><strong><em>etc..</em></strong></span> <span class='ocrx_word' id='word_1_460' title='bbox 1455 5420 1566 5469; x_wconf 70' lang='lat' dir='ltr'><strong><em>quae</em></strong></span> <span class='ocrx_word' id='word_1_461' title='bbox 1602 5406 1743 5470; x_wconf 53' lang='lat' dir='ltr'><strong><em>inibis</em></strong></span> <span class='ocrx_word' id='word_1_462' title='bbox 1773 5417 1869 5453; x_wconf 78' lang='lat' dir='ltr'><strong><em>non</em></strong></span> <span class='ocrx_word' id='word_1_463' title='bbox 1893 5404 2122 5465; x_wconf 55' lang='lat' dir='ltr'><strong><em>probatur</em></strong></span> 
     </span>
    </p>
   </div>
   <div class='ocr_carea' id='block_1_58' title="bbox 545 5465 1700 5538">
    <p class='ocr_par' dir='ltr' id='par_1_58' title="bbox 545 5465 1700 5538">
     <span class='ocr_line' id='line_1_58' title="bbox 545 5465 1700 5538; baseline -0.003 -21"><span class='ocrx_word' id='word_1_464' title='bbox 545 5470 708 5538; x_wconf 70' lang='lat' dir='ltr'><strong><em>lectio.</em></strong></span> <span class='ocrx_word' id='word_1_465' title='bbox 722 5470 936 5538; x_wconf 65' lang='lat' dir='ltr'><strong><em>quodad</em></strong></span> <span class='ocrx_word' id='word_1_466' title='bbox 958 5465 1240 5538; x_wconf 73' lang='lat' dir='ltr'><strong><em>Hieronymi</em></strong></span> <span class='ocrx_word' id='word_1_467' title='bbox 1264 5465 1488 5538; x_wconf 52' lang='lat' dir='ltr'><strong><em>mentem:</em></strong></span> <span class='ocrx_word' id='word_1_468' title='bbox 1502 5480 1598 5515; x_wconf 88' lang='lat' dir='ltr'><strong><em>non</em></strong></span> <span class='ocrx_word' id='word_1_469' title='bbox 1619 5465 1700 5536; x_wconf 69' lang='lat' dir='ltr'><strong><em>sit.</em></strong></span> 
     </span>
    </p>
   </div>
   <div class='ocr_carea' id='block_1_59' title="bbox 617 5525 2122 5596">
    <p class='ocr_par' dir='ltr' id='par_1_59' title="bbox 617 5525 2122 5596">
     <span class='ocr_line' id='line_1_59' title="bbox 617 5525 2122 5596; baseline -0.006 -18"><span class='ocrx_word' id='word_1_470' title='bbox 617 5525 928 5588; x_wconf 62' lang='lat' dir='ltr'><strong><em>(lilV&#39;oeulas</em></strong></span> <span class='ocrx_word' id='word_1_471' title='bbox 962 5545 993 5580; x_wconf 91' lang='lat' dir='ltr'><strong><em>a</em></strong></span> <span class='ocrx_word' id='word_1_472' title='bbox 1027 5525 1198 5596; x_wconf 56' lang='lat' dir='ltr'><strong><em>spiritu</em></strong></span> <span class='ocrx_word' id='word_1_473' title='bbox 1218 5567 1231 5588; x_wconf 94' lang='lat'><strong><em>,</em></strong></span> <span class='ocrx_word' id='word_1_474' title='bbox 1260 5528 1724 5596; x_wconf 49' lang='lat' dir='ltr'><strong><em>enaliisimpressis</em></strong></span> <span class='ocrx_word' id='word_1_475' title='bbox 1759 5539 1814 5574; x_wconf 88' lang='lat' dir='ltr'><strong><em>ac</em></strong></span> <span class='ocrx_word' id='word_1_476' title='bbox 1840 5525 1952 5596; x_wconf 56' lang='grc' dir='ltr'><strong><em>ηδε.</em></strong></span> <span class='ocrx_word' id='word_1_477' title='bbox 1980 5537 2122 5596; x_wconf 55' lang='lat' dir='ltr'><strong><em>rem:</em></strong></span> 
     </span>
    </p>
   </div>
   <div class='ocr_carea' id='block_1_60' title="bbox 545 5585 2120 5657">
    <p class='ocr_par' dir='ltr' id='par_1_60' title="bbox 545 5585 2120 5657">
     <span class='ocr_line' id='line_1_60' title="bbox 545 5585 2120 5657; baseline 0 -24"><span class='ocrx_word' id='word_1_478' title='bbox 545 5585 755 5657; x_wconf 56' lang='lat' dir='ltr'><strong><em>suinms,</em></strong></span> <span class='ocrx_word' id='word_1_479' title='bbox 767 5605 970 5649; x_wconf 87' lang='lat' dir='ltr'><strong><em>quorum</em></strong></span> <span class='ocrx_word' id='word_1_480' title='bbox 986 5585 1324 5657; x_wconf 70' lang='lat' dir='ltr'><strong><em>auctoritatem</em></strong></span> <span class='ocrx_word' id='word_1_481' title='bbox 1337 5585 1751 5657; x_wconf 70' lang='lat' dir='ltr'><strong><em>sm|uimur_ctiam</em></strong></span> <span class='ocrx_word' id='word_1_482' title='bbox 1775 5587 1949 5657; x_wconf 49' lang='lat' dir='ltr'><strong><em>paulo)</em></strong></span> <span class='ocrx_word' id='word_1_483' title='bbox 1967 5597 2042 5657; x_wconf 59' lang='lat' dir='ltr'><strong><em>ost</em></strong></span> <span class='ocrx_word' id='word_1_484' title='bbox 2059 5585 2120 5633; x_wconf 89' lang='lat' dir='ltr'><strong><em>ad</em></strong></span> 
     </span>
    </p>
   </div>
   <div class='ocr_carea' id='block_1_61' title="bbox 547 5647 2120 5717">
    <p class='ocr_par' dir='ltr' id='par_1_61' title="bbox 547 5647 2120 5717">
     <span class='ocr_line' id='line_1_61' title="bbox 547 5647 2120 5717; baseline 0.001 -23"><span class='ocrx_word' id='word_1_485' title='bbox 547 5650 759 5707; x_wconf 69' lang='lat' dir='ltr'><strong><em>Apostoli</em></strong></span> <span class='ocrx_word' id='word_1_486' title='bbox 781 5647 951 5717; x_wconf 52' lang='lat' dir='ltr'><strong><em>verba.</em></strong></span> <span class='ocrx_word' id='word_1_487' title='bbox 977 5655 1058 5699; x_wconf 87' lang='lat' dir='ltr'><strong><em>ubi</em></strong></span> <span class='ocrx_word' id='word_1_488' title='bbox 1082 5652 1170 5700; x_wconf 90' lang='lat' dir='ltr'><strong><em>sub</em></strong></span> <span class='ocrx_word' id='word_1_489' title='bbox 1194 5650 1393 5712; x_wconf 78' lang='lat' dir='ltr'><strong><em>pedibus</em></strong></span> <span class='ocrx_word' id='word_1_490' title='bbox 1413 5647 1630 5717; x_wconf 68' lang='lat' dir='ltr'><strong><em>iestrislt</em></strong></span> <span class='ocrx_word' id='word_1_491' title='bbox 1650 5647 1806 5717; x_wconf 63' lang='lat' dir='ltr'><strong><em>eiinus</em></strong></span> <span class='ocrx_word' id='word_1_492' title='bbox 1822 5650 1962 5708; x_wconf 72' lang='lat' dir='ltr'><strong><em>juxta</em></strong></span> <span class='ocrx_word' id='word_1_493' title='bbox 1987 5647 2120 5696; x_wconf 56' lang='lat' dir='ltr'><strong><em>Gripo</em></strong></span> 
     </span>
    </p>
   </div>
   <div class='ocr_carea' id='block_1_62' title="bbox 547 5709 1722 5768">
    <p class='ocr_par' dir='ltr' id='par_1_62' title="bbox 547 5709 1722 5768">
     <span class='ocr_line' id='line_1_62' title="bbox 547 5709 1722 5768; baseline -0.009 -2"><span class='ocrx_word' id='word_1_494' title='bbox 547 5722 676 5765; x_wconf 71' lang='grc' dir='ltr'>υυιιιι</span> <span class='ocrx_word' id='word_1_495' title='bbox 705 5716 754 5755; x_wconf 66' lang='grc' dir='ltr'><strong><em>ει</em></strong></span> <span class='ocrx_word' id='word_1_496' title='bbox 781 5709 1054 5768; x_wconf 61' lang='grc' dir='ltr'>Υωείιιιιιιι,</span> <span class='ocrx_word' id='word_1_497' title='bbox 1079 5709 1349 5761; x_wconf 54' lang='grc' dir='ltr'>ςωιίίιιιιεει</span> <span class='ocrx_word' id='word_1_498' title='bbox 1378 5719 1509 5760; x_wconf 71' lang='lat' dir='ltr'><strong><em>esset</em></strong></span> <span class='ocrx_word' id='word_1_499' title='bbox 1531 5709 1722 5760; x_wconf 70' lang='lat' dir='ltr'><strong><em>nostris.</em></strong></span> 
     </span>
    </p>
   </div>
   <div class='ocr_carea' id='block_1_63' title="bbox 1872 293 2525 351">
    <p class='ocr_par' dir='ltr' id='par_1_63' title="bbox 1872 293 2525 351">
     <span class='ocr_line' id='line_1_63' title="bbox 1872 293 2525 351; baseline 0.005 -3"><span class='ocrx_word' id='word_1_500' title='bbox 1872 294 2113 349; x_wconf 67' lang='lat' dir='ltr'><strong><em>SANCTI</em></strong></span> <span class='ocrx_word' id='word_1_501' title='bbox 2153 293 2525 351; x_wconf 61' lang='lat' dir='ltr'><strong><em>illlillONYlll</em></strong></span> 
     </span>
    </p>
   </div>
   <div class='ocr_carea' id='block_1_64' title="bbox 3713 292 3858 363">
    <p class='ocr_par' dir='ltr' id='par_1_64' title="bbox 3713 292 3858 363">
     <span class='ocr_line' id='line_1_64' title="bbox 3713 292 3858 363; baseline 0.007 -1"><span class='ocrx_word' id='word_1_502' title='bbox 3713 292 3858 363; x_wconf 71' lang='lat' dir='ltr'><strong><em>“to</em></strong></span> 
     </span>
    </p>
   </div>
   <div class='ocr_carea' id='block_1_65' title="bbox 2256 411 3856 490">
    <p class='ocr_par' dir='ltr' id='par_1_65' title="bbox 2256 411 3856 490">
     <span class='ocr_line' id='line_1_65' title="bbox 2256 411 3856 490; baseline 0.013 -31"><span class='ocrx_word' id='word_1_503' title='bbox 2256 417 2311 460; x_wconf 90' lang='lat' dir='ltr'><strong><em>ut</em></strong></span> <span class='ocrx_word' id='word_1_504' title='bbox 2341 421 2531 480; x_wconf 89' lang='lat' dir='ltr'><strong><em>pugnet</em></strong></span> <span class='ocrx_word' id='word_1_505' title='bbox 2554 420 2736 465; x_wconf 89' lang='lat' dir='ltr'><strong><em>contra</em></strong></span> <span class='ocrx_word' id='word_1_506' title='bbox 2765 411 3056 480; x_wconf 75' lang='lat' dir='ltr'><strong><em>diabolum”,</em></strong></span> <span class='ocrx_word' id='word_1_507' title='bbox 3086 422 3137 468; x_wconf 90' lang='lat' dir='ltr'><strong><em>et</em></strong></span> <span class='ocrx_word' id='word_1_508' title='bbox 3168 422 3488 485; x_wconf 77' lang='lat' dir='ltr'><strong><em>Oppressum</em></strong></span> <span class='ocrx_word' id='word_1_509' title='bbox 3516 428 3688 490; x_wconf 85' lang='lat' dir='ltr'><strong><em>atque</em></strong></span> <span class='ocrx_word' id='word_1_510' title='bbox 3711 438 3856 479; x_wconf 84' lang='lat' dir='ltr'><strong><em>con-</em></strong></span> 
     </span>
    </p>
   </div>
   <div class='ocr_carea' id='block_1_66' title="bbox 2253 499 3856 571">
    <p class='ocr_par' dir='ltr' id='par_1_66' title="bbox 2253 499 3856 571">
     <span class='ocr_line' id='line_1_66' title="bbox 2253 499 3856 571; baseline 0.012 -22"><span class='ocrx_word' id='word_1_511' title='bbox 2253 499 2471 564; x_wconf 87' lang='lat' dir='ltr'><strong><em>tritum,</em></strong></span> <span class='ocrx_word' id='word_1_512' title='bbox 2530 500 2704 555; x_wconf 87' lang='lat' dir='ltr'><strong><em>tradat</em></strong></span> <span class='ocrx_word' id='word_1_513' title='bbox 2766 501 3042 571; x_wconf 80' lang='lat' dir='ltr'><strong><em>discipulis</em></strong></span> <span class='ocrx_word' id='word_1_514' title='bbox 3087 507 3531 563; x_wconf 87' lang='lat' dir='ltr'><strong><em>conculcandum.</em></strong></span> <span class='ocrx_word' id='word_1_515' title='bbox 3591 510 3752 568; x_wconf 86' lang='lat' dir='ltr'><strong><em>Unde</em></strong></span> <span class='ocrx_word' id='word_1_516' title='bbox 3798 524 3856 569; x_wconf 78' lang='lat' dir='ltr'><strong><em>et</em></strong></span> 
     </span>
    </p>
   </div>
   <div class='ocr_carea' id='block_1_67' title="bbox 2249 590 3854 663">
    <p class='ocr_par' dir='ltr' id='par_1_67' title="bbox 2249 590 3854 663">
     <span class='ocr_line' id='line_1_67' title="bbox 2249 590 3854 663; baseline 0.013 -21"><span class='ocrx_word' id='word_1_517' title='bbox 2249 590 2538 655; x_wconf 83' lang='lat' dir='ltr'><strong><em>Apostolus</em></strong></span> <span class='ocrx_word' id='word_1_518' title='bbox 2565 593 2796 660; x_wconf 83' lang='lat' dir='ltr'><strong><em>laquitur</em></strong></span> <span class='ocrx_word' id='word_1_519' title='bbox 2825 612 2838 648; x_wconf 73' lang='grc' dir='ltr'>ε</span> <span class='ocrx_word' id='word_1_520' title='bbox 2867 597 3002 653; x_wconf 88' lang='lat' dir='ltr'><strong><em>Deus</em></strong></span> <span class='ocrx_word' id='word_1_521' title='bbox 3027 611 3192 656; x_wconf 89' lang='lat' dir='ltr'><strong><em>autem</em></strong></span> <span class='ocrx_word' id='word_1_522' title='bbox 3220 614 3438 657; x_wconf 86' lang='lat' dir='ltr'><strong><em>conteret</em></strong></span> <span class='ocrx_word' id='word_1_523' title='bbox 3465 606 3729 662; x_wconf 85' lang='lat' dir='ltr'><strong><em>Satanam</em></strong></span> <span class='ocrx_word' id='word_1_524' title='bbox 3755 615 3854 663; x_wconf 77' lang='lat' dir='ltr'><strong><em>sub</em></strong></span> 
     </span>
    </p>
   </div>
   <div class='ocr_carea' id='block_1_68' title="bbox 2249 679 3853 760">
    <p class='ocr_par' dir='ltr' id='par_1_68' title="bbox 2249 679 3853 760">
     <span class='ocr_line' id='line_1_68' title="bbox 2249 679 3853 760; baseline 0.015 -31"><span class='ocrx_word' id='word_1_525' title='bbox 2249 679 2457 760; x_wconf 81' lang='lat' dir='ltr'><strong><em>pedibus</em></strong></span> <span class='ocrx_word' id='word_1_526' title='bbox 2487 683 2660 735; x_wconf 79' lang='lat' dir='ltr'><strong><em>vestris</em></strong></span> <span class='ocrx_word' id='word_1_527' title='bbox 2685 686 2918 740; x_wconf 82' lang='lat' dir='ltr'><strong><em>relociter</em></strong></span> <span class='ocrx_word' id='word_1_528' title='bbox 2944 688 2962 758; x_wconf 93' lang='lat'><strong><em>(</em></strong></span> <span class='ocrx_word' id='word_1_529' title='bbox 2988 688 3136 750; x_wconf 77' lang='lat' dir='ltr'><strong><em>Rom.</em></strong></span> <span class='ocrx_word' id='word_1_530' title='bbox 3170 692 3255 745; x_wconf 84' lang='grc'><strong>16.</strong></span> <span class='ocrx_word' id='word_1_531' title='bbox 3277 691 3393 760; x_wconf 73' lang='lat'><strong><em>‘20).</em></strong></span> <span class='ocrx_word' id='word_1_532' title='bbox 3425 694 3494 747; x_wconf 84' lang='lat' dir='ltr'><strong><em>Et</em></strong></span> <span class='ocrx_word' id='word_1_533' title='bbox 3524 704 3707 751; x_wconf 86' lang='lat' dir='ltr'><strong><em>tamen</em></strong></span> <span class='ocrx_word' id='word_1_534' title='bbox 3753 699 3853 752; x_wconf 74' lang='grc' dir='ltr'><strong><em>Ιιο-</em></strong></span> 
     </span>
    </p>
   </div>
   <div class='ocr_carea' id='block_1_69' title="bbox 2247 771 3852 856">
    <p class='ocr_par' dir='ltr' id='par_1_69' title="bbox 2247 771 3852 856">
     <span class='ocr_line' id='line_1_69' title="bbox 2247 771 3852 856; baseline 0.013 -35"><span class='ocrx_word' id='word_1_535' title='bbox 2247 771 2344 822; x_wconf 90' lang='lat' dir='ltr'><strong><em>stis</em></strong></span> <span class='ocrx_word' id='word_1_536' title='bbox 2371 772 2619 840; x_wconf 86' lang='lat' dir='ltr'><strong><em>antiquus</em></strong></span> <span class='ocrx_word' id='word_1_537' title='bbox 2653 785 2769 842; x_wconf 84' lang='lat' dir='ltr'><strong><em>post</em></strong></span> <span class='ocrx_word' id='word_1_538' title='bbox 2799 778 3148 848; x_wconf 85' lang='lat' dir='ltr'><strong><em>quadraginta</em></strong></span> <span class='ocrx_word' id='word_1_539' title='bbox 3179 782 3384 836; x_wconf 91' lang='lat' dir='ltr'><strong><em>dierum</em></strong></span> <span class='ocrx_word' id='word_1_540' title='bbox 3413 785 3682 853; x_wconf 82' lang='lat' dir='ltr'><strong><em>jejunium</em></strong></span> <span class='ocrx_word' id='word_1_541' title='bbox 3708 827 3724 850; x_wconf 83' lang='lat'><strong><em>,</em></strong></span> <span class='ocrx_word' id='word_1_542' title='bbox 3751 803 3852 856; x_wconf 86' lang='lat' dir='ltr'><strong><em>per</em></strong></span> 
     </span>
    </p>
   </div>
   <div class='ocr_carea' id='block_1_70' title="bbox 2248 859 3854 939">
    <p class='ocr_par' dir='ltr' id='par_1_70' title="bbox 2248 859 3854 939">
     <span class='ocr_line' id='line_1_70' title="bbox 2248 859 3854 939; baseline 0.014 -29"><span class='ocrx_word' id='word_1_543' title='bbox 2248 859 2423 912; x_wconf 79' lang='lat' dir='ltr'><strong><em>Cllllllll</em></strong></span> <span class='ocrx_word' id='word_1_544' title='bbox 2453 862 2668 913; x_wconf 86' lang='lat' dir='ltr'><strong><em>molitur</em></strong></span> <span class='ocrx_word' id='word_1_545' title='bbox 2699 865 2936 932; x_wconf 87' lang='lat' dir='ltr'><strong><em>insidias,</em></strong></span> <span class='ocrx_word' id='word_1_546' title='bbox 2960 879 3011 920; x_wconf 88' lang='lat' dir='ltr'><strong><em>et</em></strong></span> <span class='ocrx_word' id='word_1_547' title='bbox 3041 869 3175 923; x_wconf 88' lang='lat' dir='ltr'><strong><em>dicit</em></strong></span> <span class='ocrx_word' id='word_1_548' title='bbox 3207 887 3221 923; x_wconf 91' lang='lat'><strong><em>:</em></strong></span> <span class='ocrx_word' id='word_1_549' title='bbox 3252 871 3314 925; x_wconf 90' lang='lat' dir='ltr'><strong><em>Si</em></strong></span> <span class='ocrx_word' id='word_1_550' title='bbox 3342 871 3512 926; x_wconf 77' lang='lat' dir='ltr'><strong><em>Filius</em></strong></span> <span class='ocrx_word' id='word_1_551' title='bbox 3541 874 3643 927; x_wconf 83' lang='lat' dir='ltr'><strong><em>Dei</em></strong></span> <span class='ocrx_word' id='word_1_552' title='bbox 3662 893 3740 939; x_wconf 79' lang='lat' dir='ltr'><strong><em>es,</em></strong></span> <span class='ocrx_word' id='word_1_553' title='bbox 3764 877 3854 932; x_wconf 76' lang='lat' dir='ltr'><strong><em>die</em></strong></span> 
     </span>
    </p>
   </div>
   <div class='ocr_carea' id='block_1_71' title="bbox 2247 949 3846 1034">
    <p class='ocr_par' dir='ltr' id='par_1_71' title="bbox 2247 949 3846 1034">
     <span class='ocr_line' id='line_1_71' title="bbox 2247 949 3846 1034; baseline 0.016 -36"><span class='ocrx_word' id='word_1_554' title='bbox 2247 960 2299 999; x_wconf 82' lang='lat' dir='ltr'><strong><em>ut</em></strong></span> <span class='ocrx_word' id='word_1_555' title='bbox 2326 949 2521 1016; x_wconf 84' lang='lat' dir='ltr'><strong><em>lapides</em></strong></span> <span class='ocrx_word' id='word_1_556' title='bbox 2544 953 2628 1004; x_wconf 87' lang='lat' dir='ltr'><strong><em>isti</em></strong></span> <span class='ocrx_word' id='word_1_557' title='bbox 2647 971 2801 1021; x_wconf 87' lang='lat' dir='ltr'><strong><em>panes</em></strong></span> <span class='ocrx_word' id='word_1_558' title='bbox 2822 958 2948 1023; x_wconf 81' lang='lat' dir='ltr'><strong><em>[iant</em></strong></span> <span class='ocrx_word' id='word_1_559' title='bbox 2972 958 3185 1028; x_wconf 75' lang='lat' dir='ltr'><strong><em>(Matth.</em></strong></span> <span class='ocrx_word' id='word_1_560' title='bbox 3206 963 3264 1016; x_wconf 67' lang='grc'><strong>4.</strong></span> <span class='ocrx_word' id='word_1_561' title='bbox 3287 961 3367 1032; x_wconf 81' lang='lat'><strong><em>5).</em></strong></span> <span class='ocrx_word' id='word_1_562' title='bbox 3394 962 3446 1016; x_wconf 85' lang='lat' dir='ltr'><strong><em>In</em></strong></span> <span class='ocrx_word' id='word_1_563' title='bbox 3470 965 3636 1034; x_wconf 82' lang='lat' dir='ltr'><strong><em>Lege,</em></strong></span> <span class='ocrx_word' id='word_1_564' title='bbox 3654 983 3846 1024; x_wconf 79' lang='lat' dir='ltr'><strong><em>menso</em></strong></span> 
     </span>
    </p>
   </div>
   <div class='ocr_carea' id='block_1_72' title="bbox 2246 1042 3843 1117">
    <p class='ocr_par' dir='ltr' id='par_1_72' title="bbox 2246 1042 3843 1117">
     <span class='ocr_line' id='line_1_72' title="bbox 2246 1042 3843 1117; baseline 0.013 -24"><span class='ocrx_word' id='word_1_565' title='bbox 2246 1042 2474 1108; x_wconf 82' lang='lat' dir='ltr'><strong><em>septimo</em></strong></span> <span class='ocrx_word' id='word_1_566' title='bbox 2512 1057 2625 1111; x_wconf 85' lang='lat' dir='ltr'><strong><em>post</em></strong></span> <span class='ocrx_word' id='word_1_567' title='bbox 2670 1047 2976 1117; x_wconf 87' lang='lat' dir='ltr'><strong><em>clangorem</em></strong></span> <span class='ocrx_word' id='word_1_568' title='bbox 3009 1051 3254 1105; x_wconf 87' lang='lat' dir='ltr'><strong><em>tubarum</em></strong></span> <span class='ocrx_word' id='word_1_569' title='bbox 3284 1053 3608 1110; x_wconf 56' lang='lat' dir='ltr'><strong><em>decimo-die</em></strong></span> <span class='ocrx_word' id='word_1_570' title='bbox 3639 1062 3843 1114; x_wconf 79' lang='lat' dir='ltr'><strong><em>mensis</em></strong></span> 
     </span>
    </p>
   </div>
   <div class='ocr_carea' id='block_1_73' title="bbox 2247 1131 3845 1206">
    <p class='ocr_par' dir='ltr' id='par_1_73' title="bbox 2247 1131 3845 1206">
     <span class='ocr_line' id='line_1_73' title="bbox 2247 1131 3845 1206; baseline 0.013 -25"><span class='ocrx_word' id='word_1_571' title='bbox 2247 1131 2405 1184; x_wconf 86' lang='lat' dir='ltr'><strong><em>totius</em></strong></span> <span class='ocrx_word' id='word_1_572' title='bbox 2429 1133 2602 1200; x_wconf 89' lang='lat' dir='ltr'><strong><em>gentis</em></strong></span> <span class='ocrx_word' id='word_1_573' title='bbox 2635 1134 2869 1189; x_wconf 62' lang='grc' dir='ltr'><strong><em>ΙΙθιθτιιξειι</em></strong></span> <span class='ocrx_word' id='word_1_574' title='bbox 2892 1137 3152 1206; x_wconf 87' lang='lat' dir='ltr'><strong><em>jejuniutn</em></strong></span> <span class='ocrx_word' id='word_1_575' title='bbox 3197 1151 3279 1195; x_wconf 86' lang='lat' dir='ltr'><strong><em>est</em></strong></span> <span class='ocrx_word' id='word_1_576' title='bbox 3304 1158 3317 1203; x_wconf 88' lang='lat'><strong>;</strong></span> <span class='ocrx_word' id='word_1_577' title='bbox 3345 1152 3399 1197; x_wconf 91' lang='lat' dir='ltr'><strong><em>et</em></strong></span> <span class='ocrx_word' id='word_1_578' title='bbox 3443 1148 3845 1203; x_wconf 76' lang='lat' dir='ltr'><strong><em>exterminatur</em></strong></span> 
     </span>
    </p>
   </div>
   <div class='ocr_carea' id='block_1_74' title="bbox 2248 1219 3846 1303">
    <p class='ocr_par' dir='ltr' id='par_1_74' title="bbox 2248 1219 3846 1303">
     <span class='ocr_line' id='line_1_74' title="bbox 2248 1219 3846 1303; baseline 0.013 -32"><span class='ocrx_word' id='word_1_579' title='bbox 2248 1219 2332 1272; x_wconf 77' lang='lat' dir='ltr'><strong><em>il’ta</em></strong></span> <span class='ocrx_word' id='word_1_580' title='bbox 2355 1222 2527 1275; x_wconf 86' lang='lat' dir='ltr'><strong><em>anima</em></strong></span> <span class='ocrx_word' id='word_1_581' title='bbox 2557 1223 2625 1277; x_wconf 90' lang='lat' dir='ltr'><strong><em>de</em></strong></span> <span class='ocrx_word' id='word_1_582' title='bbox 2653 1227 2849 1293; x_wconf 88' lang='lat' dir='ltr'><strong><em>popqu</em></strong></span> <span class='ocrx_word' id='word_1_583' title='bbox 2877 1242 2996 1290; x_wconf 88' lang='lat' dir='ltr'><strong><em>suo,</em></strong></span> <span class='ocrx_word' id='word_1_584' title='bbox 3029 1245 3145 1296; x_wconf 77' lang='lat' dir='ltr'><strong><em>quze</em></strong></span> <span class='ocrx_word' id='word_1_585' title='bbox 3170 1234 3504 1303; x_wconf 83' lang='lat' dir='ltr'><strong><em>saturitatem</em></strong></span> <span class='ocrx_word' id='word_1_586' title='bbox 3537 1240 3846 1303; x_wconf 67' lang='lat' dir='ltr'><strong><em>praetulerit</em></strong></span> 
     </span>
    </p>
   </div>
   <div class='ocr_carea' id='block_1_75' title="bbox 2245 1297 3839 1389">
    <p class='ocr_par' dir='ltr' id='par_1_75' title="bbox 2245 1297 3839 1389">
     <span class='ocr_line' id='line_1_75' title="bbox 2245 1297 3839 1389; baseline 0.012 -27"><span class='ocrx_word' id='word_1_587' title='bbox 2245 1311 2608 1366; x_wconf 72' lang='lat' dir='ltr'><strong><em>continentiae.</em></strong></span> <span class='ocrx_word' id='word_1_588' title='bbox 2636 1314 2692 1368; x_wconf 86' lang='grc' dir='ltr'><strong>1η</strong></span> <span class='ocrx_word' id='word_1_589' title='bbox 2723 1315 2823 1370; x_wconf 83' lang='lat' dir='ltr'><strong><em>Job</em></strong></span> <span class='ocrx_word' id='word_1_590' title='bbox 2863 1319 3121 1389; x_wconf 89' lang='lat' dir='ltr'><strong><em>scriptum</em></strong></span> <span class='ocrx_word' id='word_1_591' title='bbox 3147 1297 3232 1374; x_wconf 74' lang='lat' dir='ltr'><strong><em>est</em></strong></span> <span class='ocrx_word' id='word_1_592' title='bbox 3255 1321 3324 1377; x_wconf 88' lang='lat' dir='ltr'><strong><em>de</em></strong></span> <span class='ocrx_word' id='word_1_593' title='bbox 3343 1297 3575 1378; x_wconf 74' lang='lat' dir='ltr'><strong><em>dracone</em></strong></span> <span class='ocrx_word' id='word_1_594' title='bbox 3608 1339 3625 1379; x_wconf 70' lang='grc' dir='ltr'>ε</span> <span class='ocrx_word' id='word_1_595' title='bbox 3665 1325 3839 1382; x_wconf 74' lang='lat' dir='ltr'><strong><em>Virtus</em></strong></span> 
     </span>
    </p>
   </div>
   <div class='ocr_carea' id='block_1_76' title="bbox 2245 1400 3840 1485">
    <p class='ocr_par' dir='ltr' id='par_1_76' title="bbox 2245 1400 3840 1485">
     <span class='ocr_line' id='line_1_76' title="bbox 2245 1400 3840 1485; baseline 0.014 -34"><span class='ocrx_word' id='word_1_596' title='bbox 2245 1400 2354 1468; x_wconf 88' lang='lat' dir='ltr'><strong><em>ejus</em></strong></span> <span class='ocrx_word' id='word_1_597' title='bbox 2382 1403 2432 1454; x_wconf 91' lang='lat' dir='ltr'><strong><em>in</em></strong></span> <span class='ocrx_word' id='word_1_598' title='bbox 2461 1403 2641 1457; x_wconf 75' lang='lat' dir='ltr'><strong><em>lurnb‘is</em></strong></span> <span class='ocrx_word' id='word_1_599' title='bbox 2670 1407 2800 1475; x_wconf 80' lang='lat' dir='ltr'><strong><em>ejus,</em></strong></span> <span class='ocrx_word' id='word_1_600' title='bbox 2834 1419 2879 1460; x_wconf 89' lang='lat' dir='ltr'><strong><em>et</em></strong></span> <span class='ocrx_word' id='word_1_601' title='bbox 2906 1409 3154 1480; x_wconf 80' lang='lat' dir='ltr'><strong><em>fortitudo</em></strong></span> <span class='ocrx_word' id='word_1_602' title='bbox 3187 1413 3326 1466; x_wconf 89' lang='lat' dir='ltr'><strong><em>illius</em></strong></span> <span class='ocrx_word' id='word_1_603' title='bbox 3353 1432 3508 1485; x_wconf 86' lang='lat' dir='ltr'><strong><em>super</em></strong></span> <span class='ocrx_word' id='word_1_604' title='bbox 3535 1420 3840 1474; x_wconf 73' lang='lat' dir='ltr'><strong><em>umbilicum</em></strong></span> 
     </span>
    </p>
   </div>
   <div class='ocr_carea' id='block_1_77' title="bbox 2245 1493 3834 1574">
    <p class='ocr_par' dir='ltr' id='par_1_77' title="bbox 2245 1493 3834 1574">
     <span class='ocr_line' id='line_1_77' title="bbox 2245 1493 3834 1574; baseline 0.013 -31"><span class='ocrx_word' id='word_1_605' title='bbox 2245 1494 2428 1545; x_wconf 81' lang='lat' dir='ltr'><strong><em>ventris</em></strong></span> <span class='ocrx_word' id='word_1_606' title='bbox 2455 1493 2566 1562; x_wconf 85' lang='lat' dir='ltr'><strong><em>ejus</em></strong></span> <span class='ocrx_word' id='word_1_607' title='bbox 2591 1495 2730 1567; x_wconf 83' lang='lat' dir='ltr'><strong><em>(Job.</em></strong></span> <span class='ocrx_word' id='word_1_608' title='bbox 2754 1499 2870 1564; x_wconf 78' lang='lat'><strong><em>58).</em></strong></span> <span class='ocrx_word' id='word_1_609' title='bbox 2904 1500 3196 1554; x_wconf 83' lang='lat' dir='ltr'><strong><em>Adversum</em></strong></span> <span class='ocrx_word' id='word_1_610' title='bbox 3221 1504 3446 1570; x_wconf 80' lang='lat' dir='ltr'><strong><em>juvenes</em></strong></span> <span class='ocrx_word' id='word_1_611' title='bbox 3483 1517 3537 1559; x_wconf 86' lang='lat' dir='ltr'><strong><em>et</em></strong></span> <span class='ocrx_word' id='word_1_612' title='bbox 3580 1510 3792 1574; x_wconf 85' lang='lat' dir='ltr'><strong><em>puellas</em></strong></span> <span class='ocrx_word' id='word_1_613' title='bbox 3819 1551 3834 1574; x_wconf 84' lang='lat'><strong><em>,</em></strong></span> 
     </span>
    </p>
   </div>
   <div class='ocr_carea' id='block_1_78' title="bbox 2243 1581 3835 1658">
    <p class='ocr_par' dir='ltr' id='par_1_78' title="bbox 2243 1581 3835 1658">
     <span class='ocr_line' id='line_1_78' title="bbox 2243 1581 3835 1658; baseline 0.011 -26"><span class='ocrx_word' id='word_1_614' title='bbox 2243 1581 2415 1636; x_wconf 68' lang='lat' dir='ltr'><strong><em>anatis</em></strong></span> <span class='ocrx_word' id='word_1_615' title='bbox 2435 1583 2625 1638; x_wconf 82' lang='lat' dir='ltr'><strong><em>ardore</em></strong></span> <span class='ocrx_word' id='word_1_616' title='bbox 2648 1586 2816 1640; x_wconf 87' lang='lat' dir='ltr'><strong><em>hostis</em></strong></span> <span class='ocrx_word' id='word_1_617' title='bbox 2847 1603 3032 1644; x_wconf 81' lang='lat' dir='ltr'><strong><em>noster</em></strong></span> <span class='ocrx_word' id='word_1_618' title='bbox 3051 1593 3308 1653; x_wconf 83' lang='lat' dir='ltr'><strong><em>abutitur.</em></strong></span> <span class='ocrx_word' id='word_1_619' title='bbox 3333 1603 3387 1650; x_wconf 89' lang='lat' dir='ltr'><strong><em>et</em></strong></span> <span class='ocrx_word' id='word_1_620' title='bbox 3413 1596 3835 1658; x_wconf 58' lang='lat' dir='ltr'><strong><em>inﬂammatus-</em></strong></span> 
     </span>
    </p>
   </div>
   <div class='ocr_carea' id='block_1_79' title="bbox 2245 1673 3834 1749">
    <p class='ocr_par' dir='ltr' id='par_1_79' title="bbox 2245 1673 3834 1749">
     <span class='ocr_line' id='line_1_79' title="bbox 2245 1673 3834 1749; baseline 0.014 -28"><span class='ocrx_word' id='word_1_621' title='bbox 2245 1677 2350 1723; x_wconf 87' lang='lat' dir='ltr'><strong><em>tam</em></strong></span> <span class='ocrx_word' id='word_1_622' title='bbox 2377 1673 2669 1729; x_wconf 87' lang='lat' dir='ltr'><strong><em>nativitatis</em></strong></span> <span class='ocrx_word' id='word_1_623' title='bbox 2699 1687 2918 1743; x_wconf 48' lang='lat' dir='ltr'><strong><em>nostra;</em></strong></span> <span class='ocrx_word' id='word_1_624' title='bbox 2941 1690 2994 1734; x_wconf 90' lang='lat' dir='ltr'><strong><em>et</em></strong></span> <span class='ocrx_word' id='word_1_625' title='bbox 3044 1681 3228 1749; x_wconf 85' lang='lat' dir='ltr'><strong><em>implet</em></strong></span> <span class='ocrx_word' id='word_1_626' title='bbox 3268 1684 3393 1736; x_wconf 89' lang='lat' dir='ltr'><strong><em>illud</em></strong></span> <span class='ocrx_word' id='word_1_627' title='bbox 3423 1686 3562 1740; x_wconf 81' lang='lat' dir='ltr'><strong><em>Osee</em></strong></span> <span class='ocrx_word' id='word_1_628' title='bbox 3587 1703 3600 1738; x_wconf 91' lang='lat'>:</span> <span class='ocrx_word' id='word_1_629' title='bbox 3642 1685 3834 1743; x_wconf 81' lang='lat' dir='ltr'><strong><em>Omnes</em></strong></span> 
     </span>
    </p>
   </div>
   <div class='ocr_carea' id='block_1_80' title="bbox 2243 1764 3830 1849">
    <p class='ocr_par' dir='ltr' id='par_1_80' title="bbox 2243 1764 3830 1849">
     <span class='ocr_line' id='line_1_80' title="bbox 2243 1764 3830 1849; baseline 0.013 -35"><span class='ocrx_word' id='word_1_630' title='bbox 2243 1764 2583 1820; x_wconf 84' lang='lat' dir='ltr'><strong><em>adulterantes</em></strong></span> <span class='ocrx_word' id='word_1_631' title='bbox 2606 1808 2619 1827; x_wconf 86' lang='lat'><strong><em>.</em></strong></span> <span class='ocrx_word' id='word_1_632' title='bbox 2649 1772 2796 1838; x_wconf 86' lang='lat' dir='ltr'><strong><em>quasi</em></strong></span> <span class='ocrx_word' id='word_1_633' title='bbox 2821 1772 3049 1825; x_wconf 89' lang='lat' dir='ltr'><strong><em>clibanus</em></strong></span> <span class='ocrx_word' id='word_1_634' title='bbox 3076 1774 3230 1828; x_wconf 86' lang='lat' dir='ltr'><strong><em>corda</em></strong></span> <span class='ocrx_word' id='word_1_635' title='bbox 3255 1793 3429 1830; x_wconf 88' lang='lat' dir='ltr'><strong><em>eorum</em></strong></span> <span class='ocrx_word' id='word_1_636' title='bbox 3462 1778 3637 1849; x_wconf 65' lang='lat' dir='ltr'><strong><em>(Osee.</em></strong></span> <span class='ocrx_word' id='word_1_637' title='bbox 3664 1780 3719 1834; x_wconf 87' lang='lat'><strong><em>7.</em></strong></span> <span class='ocrx_word' id='word_1_638' title='bbox 3749 1781 3830 1846; x_wconf 69' lang='lat'><strong><em>4}&quot;,</em></strong></span> 
     </span>
    </p>
   </div>
   <div class='ocr_carea' id='block_1_81' title="bbox 2242 1855 3834 1940">
    <p class='ocr_par' dir='ltr' id='par_1_81' title="bbox 2242 1855 3834 1940">
     <span class='ocr_line' id='line_1_81' title="bbox 2242 1855 3834 1940; baseline 0.014 -37"><span class='ocrx_word' id='word_1_639' title='bbox 2242 1869 2362 1919; x_wconf 72' lang='lat' dir='ltr'><strong><em>qua:</em></strong></span> <span class='ocrx_word' id='word_1_640' title='bbox 2387 1855 2481 1909; x_wconf 91' lang='lat' dir='ltr'><strong><em>Dei</em></strong></span> <span class='ocrx_word' id='word_1_641' title='bbox 2511 1857 2872 1913; x_wconf 61' lang='lat' dir='ltr'><strong><em>misericordia</em></strong></span> <span class='ocrx_word' id='word_1_642' title='bbox 2892 1903 2904 1923; x_wconf 84' lang='lat'><strong><em>,</em></strong></span> <span class='ocrx_word' id='word_1_643' title='bbox 2934 1873 2989 1915; x_wconf 89' lang='lat' dir='ltr'><strong><em>et</em></strong></span> <span class='ocrx_word' id='word_1_644' title='bbox 3010 1863 3334 1930; x_wconf 59' lang='lat' dir='ltr'><strong><em>ji&#39;ejunioruin</em></strong></span> <span class='ocrx_word' id='word_1_645' title='bbox 3381 1869 3556 1934; x_wconf 80' lang='lat' dir='ltr'><strong><em>rigore</em></strong></span> <span class='ocrx_word' id='word_1_646' title='bbox 3588 1866 3704 1939; x_wconf 75' lang='lat' dir='ltr'><strong><em>[:il.</em></strong></span> <span class='ocrx_word' id='word_1_647' title='bbox 3739 1873 3834 1940; x_wconf 75' lang='lat' dir='ltr'><strong><em>fri-</em></strong></span> 
     </span>
    </p>
   </div>
   <div class='ocr_carea' id='block_1_82' title="bbox 2243 1943 3834 2028">
    <p class='ocr_par' dir='ltr' id='par_1_82' title="bbox 2243 1943 3834 2028">
     <span class='ocr_line' id='line_1_82' title="bbox 2243 1943 3834 2028; baseline 0.012 -34"><span class='ocrx_word' id='word_1_648' title='bbox 2243 1959 2362 2011; x_wconf 87' lang='lat' dir='ltr'><strong><em>gore</em></strong></span> <span class='ocrx_word' id='word_1_649' title='bbox 2388 1943 2406 2015; x_wconf 92' lang='lat'>]</span> <span class='ocrx_word' id='word_1_650' title='bbox 2437 1947 2858 2016; x_wconf 88' lang='lat' dir='ltr'><strong><em>restingtmntur.</em></strong></span> <span class='ocrx_word' id='word_1_651' title='bbox 2889 1951 3012 2005; x_wconf 69' lang='lat' dir='ltr'><strong><em>llaec.</em></strong></span> <span class='ocrx_word' id='word_1_652' title='bbox 3038 1963 3160 2007; x_wconf 80' lang='lat' dir='ltr'><strong><em>sunt</em></strong></span> <span class='ocrx_word' id='word_1_653' title='bbox 3209 1956 3372 2021; x_wconf 81' lang='lat' dir='ltr'><strong><em>ignita</em></strong></span> <span class='ocrx_word' id='word_1_654' title='bbox 3403 1957 3599 2010; x_wconf 87' lang='lat' dir='ltr'><strong><em>diaboli</em></strong></span> <span class='ocrx_word' id='word_1_655' title='bbox 3627 1960 3834 2028; x_wconf 80' lang='lat' dir='ltr'><strong><em>jacula,</em></strong></span> 
     </span>
    </p>
   </div>
   <div class='ocr_carea' id='block_1_83' title="bbox 2243 2035 3832 2121">
    <p class='ocr_par' dir='ltr' id='par_1_83' title="bbox 2243 2035 3832 2121">
     <span class='ocr_line' id='line_1_83' title="bbox 2243 2035 3832 2121; baseline 0.013 -38"><span class='ocrx_word' id='word_1_656' title='bbox 2243 2049 2361 2100; x_wconf 72' lang='lat' dir='ltr'><strong><em>qua:</em></strong></span> <span class='ocrx_word' id='word_1_657' title='bbox 2381 2035 2540 2088; x_wconf 84' lang='lat' dir='ltr'><strong><em>sitnnl</em></strong></span> <span class='ocrx_word' id='word_1_658' title='bbox 2567 2047 2620 2089; x_wconf 88' lang='lat' dir='ltr'><strong><em>et</em></strong></span> <span class='ocrx_word' id='word_1_659' title='bbox 2641 2038 2920 2093; x_wconf 79' lang='lat' dir='ltr'><strong><em>vulnerant</em></strong></span> <span class='ocrx_word' id='word_1_660' title='bbox 2952 2051 3005 2096; x_wconf 89' lang='lat' dir='ltr'><strong><em>et</em></strong></span> <span class='ocrx_word' id='word_1_661' title='bbox 3026 2042 3375 2110; x_wconf 74' lang='lat' dir='ltr'><strong><em>inflammant,</em></strong></span> <span class='ocrx_word' id='word_1_662' title='bbox 3395 2058 3450 2100; x_wconf 87' lang='lat' dir='ltr'><strong><em>et</em></strong></span> <span class='ocrx_word' id='word_1_663' title='bbox 3470 2064 3496 2098; x_wconf 71' lang='grc' dir='ltr'><strong><em>ιι</em></strong></span> <span class='ocrx_word' id='word_1_664' title='bbox 3517 2064 3645 2115; x_wconf 72' lang='lat' dir='ltr'><strong><em>rege</em></strong></span> <span class='ocrx_word' id='word_1_665' title='bbox 3660 2051 3832 2121; x_wconf 75' lang='lat' dir='ltr'><strong><em>Baby-</em></strong></span> 
     </span>
    </p>
   </div>
   <div class='ocr_carea' id='block_1_84' title="bbox 2245 2123 3801 2203">
    <p class='ocr_par' dir='ltr' id='par_1_84' title="bbox 2245 2123 3801 2203">
     <span class='ocr_line' id='line_1_84' title="bbox 2245 2123 3801 2203; baseline 0.01 -27"><span class='ocrx_word' id='word_1_666' title='bbox 2245 2123 2388 2177; x_wconf 90' lang='lat' dir='ltr'><strong><em>lonio</em></strong></span> <span class='ocrx_word' id='word_1_667' title='bbox 2415 2125 2584 2179; x_wconf 89' lang='lat' dir='ltr'><strong><em>tribus</em></strong></span> <span class='ocrx_word' id='word_1_668' title='bbox 2628 2130 2798 2197; x_wconf 89' lang='lat' dir='ltr'><strong><em>pueri,</em></strong></span> <span class='ocrx_word' id='word_1_669' title='bbox 2819 2144 3202 2200; x_wconf 68' lang='lat' dir='ltr'><strong><em>praeparantur,</em></strong></span> <span class='ocrx_word' id='word_1_670' title='bbox 3233 2137 3320 2203; x_wconf 84' lang='lat' dir='ltr'><strong><em>qui</em></strong></span> <span class='ocrx_word' id='word_1_671' title='bbox 3350 2139 3620 2193; x_wconf 85' lang='lat' dir='ltr'><strong><em>succendit</em></strong></span> <span class='ocrx_word' id='word_1_672' title='bbox 3651 2141 3801 2194; x_wconf 80' lang='lat' dir='ltr'><strong><em>fortia</em></strong></span> 
     </span>
    </p>
   </div>
   <div class='ocr_carea' id='block_1_85' title="bbox 2242 2217 3832 2301">
    <p class='ocr_par' dir='ltr' id='par_1_85' title="bbox 2242 2217 3832 2301">
     <span class='ocr_line' id='line_1_85' title="bbox 2242 2217 3832 2301; baseline 0.013 -35"><span class='ocrx_word' id='word_1_673' title='bbox 2242 2231 2358 2268; x_wconf 82' lang='lat' dir='ltr'><strong><em>ecm</em></strong></span> <span class='ocrx_word' id='word_1_674' title='bbox 2405 2217 2751 2288; x_wconf 89' lang='lat' dir='ltr'><strong><em>quadraginla</em></strong></span> <span class='ocrx_word' id='word_1_675' title='bbox 2784 2238 2973 2276; x_wconf 84' lang='lat' dir='ltr'><strong><em>novem</em></strong></span> <span class='ocrx_word' id='word_1_676' title='bbox 3007 2226 3331 2293; x_wconf 73' lang='lat' dir='ltr'><strong><em>cubilorurn,</em></strong></span> <span class='ocrx_word' id='word_1_677' title='bbox 3379 2229 3580 2283; x_wconf 80' lang='lat' dir='ltr'><strong><em>habens</em></strong></span> <span class='ocrx_word' id='word_1_678' title='bbox 3610 2242 3666 2285; x_wconf 85' lang='lat' dir='ltr'><strong><em>et</em></strong></span> <span class='ocrx_word' id='word_1_679' title='bbox 3713 2235 3832 2301; x_wconf 82' lang='lat' dir='ltr'><strong><em>ipse</em></strong></span> 
     </span>
    </p>
   </div>
   <div class='ocr_carea' id='block_1_86' title="bbox 2241 2309 3829 2387">
    <p class='ocr_par' dir='ltr' id='par_1_86' title="bbox 2241 2309 3829 2387">
     <span class='ocr_line' id='line_1_86' title="bbox 2241 2309 3829 2387; baseline 0.013 -29"><span class='ocrx_word' id='word_1_680' title='bbox 2241 2317 2445 2374; x_wconf 87' lang='lat' dir='ltr'><strong><em>septem</em></strong></span> <span class='ocrx_word' id='word_1_681' title='bbox 2488 2309 2845 2366; x_wconf 86' lang='lat' dir='ltr'><strong><em>hebdomadas</em></strong></span> <span class='ocrx_word' id='word_1_682' title='bbox 2875 2315 2938 2367; x_wconf 91' lang='lat' dir='ltr'><strong><em>ad</em></strong></span> <span class='ocrx_word' id='word_1_683' title='bbox 2987 2317 3360 2384; x_wconf 80' lang='lat' dir='ltr'><strong><em>perditiom-m.</em></strong></span> <span class='ocrx_word' id='word_1_684' title='bbox 3395 2337 3525 2387; x_wconf 83' lang='lat' dir='ltr'><strong><em>quas</em></strong></span> <span class='ocrx_word' id='word_1_685' title='bbox 3569 2323 3829 2378; x_wconf 82' lang='lat' dir='ltr'><strong><em>Dominus</em></strong></span> 
     </span>
    </p>
   </div>
   <div class='ocr_carea' id='block_1_87' title="bbox 2242 2396 3826 2481">
    <p class='ocr_par' dir='ltr' id='par_1_87' title="bbox 2242 2396 3826 2481">
     <span class='ocr_line' id='line_1_87' title="bbox 2242 2396 3826 2481; baseline 0.012 -34"><span class='ocrx_word' id='word_1_686' title='bbox 2242 2396 2512 2452; x_wconf 88' lang='lat' dir='ltr'><strong><em>observari</em></strong></span> <span class='ocrx_word' id='word_1_687' title='bbox 2535 2400 2768 2467; x_wconf 83' lang='lat' dir='ltr'><strong><em>jusserat</em></strong></span> <span class='ocrx_word' id='word_1_688' title='bbox 2789 2405 2853 2456; x_wconf 88' lang='lat' dir='ltr'><strong><em>ad</em></strong></span> <span class='ocrx_word' id='word_1_689' title='bbox 2879 2405 3126 2459; x_wconf 87' lang='lat' dir='ltr'><strong><em>salutem.</em></strong></span> <span class='ocrx_word' id='word_1_690' title='bbox 3150 2406 3254 2461; x_wconf 78' lang='lat' dir='ltr'><strong><em>Sed</em></strong></span> <span class='ocrx_word' id='word_1_691' title='bbox 3282 2411 3549 2476; x_wconf 81' lang='lat' dir='ltr'><strong><em>quomodo</em></strong></span> <span class='ocrx_word' id='word_1_692' title='bbox 3576 2414 3647 2466; x_wconf 82' lang='lat' dir='ltr'><strong><em>ibi</em></strong></span> <span class='ocrx_word' id='word_1_693' title='bbox 3669 2430 3826 2481; x_wconf 85' lang='lat' dir='ltr'><strong><em>quar-</em></strong></span> 
     </span>
    </p>
   </div>
   <div class='ocr_carea' id='block_1_88' title="bbox 2245 2489 3827 2564">
    <p class='ocr_par' dir='ltr' id='par_1_88' title="bbox 2245 2489 3827 2564">
     <span class='ocr_line' id='line_1_88' title="bbox 2245 2489 3827 2564; baseline 0.013 -27"><span class='ocrx_word' id='word_1_694' title='bbox 2245 2496 2328 2539; x_wconf 84' lang='lat' dir='ltr'><strong><em>tus</em></strong></span> <span class='ocrx_word' id='word_1_695' title='bbox 2371 2489 2603 2555; x_wconf 89' lang='lat' dir='ltr'><strong><em>speciem</em></strong></span> <span class='ocrx_word' id='word_1_696' title='bbox 2653 2491 2859 2548; x_wconf 85' lang='lat' dir='ltr'><strong><em>habens</em></strong></span> <span class='ocrx_word' id='word_1_697' title='bbox 2905 2497 3054 2563; x_wconf 63' lang='lat' dir='ltr'><strong><em>quasi</em></strong></span> <span class='ocrx_word' id='word_1_698' title='bbox 3111 2495 3203 2550; x_wconf 86' lang='lat' dir='ltr'><strong><em>filii</em></strong></span> <span class='ocrx_word' id='word_1_699' title='bbox 3254 2499 3502 2564; x_wconf 77' lang='lat' dir='ltr'><strong><em>hominis,</em></strong></span> <span class='ocrx_word' id='word_1_700' title='bbox 3535 2502 3827 2558; x_wconf 77' lang='lat' dir='ltr'><strong><em>immensos</em></strong></span> 
     </span>
    </p>
   </div>
   <div class='ocr_carea' id='block_1_89' title="bbox 2244 2565 3827 2649">
    <p class='ocr_par' dir='ltr' id='par_1_89' title="bbox 2244 2565 3827 2649">
     <span class='ocr_line' id='line_1_89' title="bbox 2244 2565 3827 2649; baseline 0.014 -22"><span class='ocrx_word' id='word_1_701' title='bbox 2244 2577 2501 2646; x_wconf 82' lang='lat' dir='ltr'><strong><em>mitigavit</em></strong></span> <span class='ocrx_word' id='word_1_702' title='bbox 2552 2565 2792 2646; x_wconf 87' lang='lat' dir='ltr'><strong><em>ardores,</em></strong></span> <span class='ocrx_word' id='word_1_703' title='bbox 2823 2593 2877 2637; x_wconf 90' lang='lat' dir='ltr'><strong><em>et</em></strong></span> <span class='ocrx_word' id='word_1_704' title='bbox 2907 2587 3044 2641; x_wconf 86' lang='lat' dir='ltr'><strong><em>inter</em></strong></span> <span class='ocrx_word' id='word_1_705' title='bbox 3091 2589 3285 2642; x_wconf 71' lang='lat' dir='ltr'><strong><em>alnum</em></strong></span> <span class='ocrx_word' id='word_1_706' title='bbox 3315 2595 3594 2647; x_wconf 82' lang='lat' dir='ltr'><strong><em>a-smantis</em></strong></span> <span class='ocrx_word' id='word_1_707' title='bbox 3644 2597 3827 2649; x_wconf 85' lang='lat' dir='ltr'><strong><em>incen-</em></strong></span> 
     </span>
    </p>
   </div>
   <div class='ocr_carea' id='block_1_90' title="bbox 2241 2667 3827 2748">
    <p class='ocr_par' dir='ltr' id='par_1_90' title="bbox 2241 2667 3827 2748">
     <span class='ocr_line' id='line_1_90' title="bbox 2241 2667 3827 2748; baseline 0.014 -30"><span class='ocrx_word' id='word_1_708' title='bbox 2241 2667 2384 2721; x_wconf 91' lang='lat' dir='ltr'><strong><em>dium</em></strong></span> <span class='ocrx_word' id='word_1_709' title='bbox 2415 2669 2595 2725; x_wconf 88' lang='lat' dir='ltr'><strong><em>docuit</em></strong></span> <span class='ocrx_word' id='word_1_710' title='bbox 2623 2671 2865 2728; x_wconf 73' lang='lat' dir='ltr'><strong><em>{latinitas</em></strong></span> <span class='ocrx_word' id='word_1_711' title='bbox 2890 2674 3120 2732; x_wconf 83' lang='lat' dir='ltr'><strong><em>calorem</em></strong></span> <span class='ocrx_word' id='word_1_712' title='bbox 3151 2682 3418 2748; x_wconf 84' lang='lat' dir='ltr'><strong><em>amittere,</em></strong></span> <span class='ocrx_word' id='word_1_713' title='bbox 3447 2693 3501 2737; x_wconf 91' lang='lat' dir='ltr'><strong><em>et</em></strong></span> <span class='ocrx_word' id='word_1_714' title='bbox 3527 2685 3670 2738; x_wconf 85' lang='lat' dir='ltr'><strong><em>aliud</em></strong></span> <span class='ocrx_word' id='word_1_715' title='bbox 3700 2703 3827 2740; x_wconf 78' lang='lat' dir='ltr'><strong><em>ocu-</em></strong></span> 
     </span>
    </p>
   </div>
   <div class='ocr_carea' id='block_1_91' title="bbox 2241 2758 3825 2834">
    <p class='ocr_par' dir='ltr' id='par_1_91' title="bbox 2241 2758 3825 2834">
     <span class='ocr_line' id='line_1_91' title="bbox 2241 2758 3825 2834; baseline 0.011 -23"><span class='ocrx_word' id='word_1_716' title='bbox 2241 2758 2305 2811; x_wconf 88' lang='lat' dir='ltr'><strong><em>lis</em></strong></span> <span class='ocrx_word' id='word_1_717' title='bbox 2334 2762 2668 2830; x_wconf 88' lang='lat' dir='ltr'><strong><em>comminari,</em></strong></span> <span class='ocrx_word' id='word_1_718' title='bbox 2695 2765 2840 2819; x_wconf 89' lang='lat' dir='ltr'><strong><em>aliud</em></strong></span> <span class='ocrx_word' id='word_1_719' title='bbox 2865 2768 3101 2834; x_wconf 67' lang='lat' dir='ltr'><strong><em>prmbcre</em></strong></span> <span class='ocrx_word' id='word_1_720' title='bbox 3130 2776 3311 2833; x_wconf 87' lang='lat' dir='ltr'><strong><em>tactui.</em></strong></span> <span class='ocrx_word' id='word_1_721' title='bbox 3335 2774 3412 2827; x_wconf 86' lang='lat' dir='ltr'><strong><em>sic</em></strong></span> <span class='ocrx_word' id='word_1_722' title='bbox 3448 2784 3501 2827; x_wconf 87' lang='lat' dir='ltr'><strong><em>et</em></strong></span> <span class='ocrx_word' id='word_1_723' title='bbox 3547 2775 3600 2829; x_wconf 90' lang='lat' dir='ltr'><strong><em>in</em></strong></span> <span class='ocrx_word' id='word_1_724' title='bbox 3644 2781 3825 2830; x_wconf 86' lang='lat' dir='ltr'><strong><em>animo</em></strong></span> 
     </span>
    </p>
   </div>
   <div class='ocr_carea' id='block_1_92' title="bbox 2242 2848 3823 2937">
    <p class='ocr_par' dir='ltr' id='par_1_92' title="bbox 2242 2848 3823 2937">
     <span class='ocr_line' id='line_1_92' title="bbox 2242 2848 3823 2937; baseline 0.013 -39"><span class='ocrx_word' id='word_1_725' title='bbox 2242 2848 2482 2917; x_wconf 86' lang='lat' dir='ltr'><strong><em>virginali</em></strong></span> <span class='ocrx_word' id='word_1_726' title='bbox 2508 2891 2524 2912; x_wconf 86' lang='lat'><strong><em>,</em></strong></span> <span class='ocrx_word' id='word_1_727' title='bbox 2555 2867 2675 2906; x_wconf 90' lang='lat' dir='ltr'><strong><em>rore</em></strong></span> <span class='ocrx_word' id='word_1_728' title='bbox 2699 2857 2927 2920; x_wconf 69' lang='lat' dir='ltr'><strong><em>caelesti,</em></strong></span> <span class='ocrx_word' id='word_1_729' title='bbox 2961 2869 3011 2911; x_wconf 88' lang='lat' dir='ltr'><strong><em>et</em></strong></span> <span class='ocrx_word' id='word_1_730' title='bbox 3042 2857 3357 2928; x_wconf 73' lang='lat' dir='ltr'><strong><em>jejuniorunt</em></strong></span> <span class='ocrx_word' id='word_1_731' title='bbox 3387 2864 3563 2930; x_wconf 79' lang='lat' dir='ltr'><strong><em>rigore</em></strong></span> <span class='ocrx_word' id='word_1_732' title='bbox 3591 2866 3703 2937; x_wconf 76' lang='lat' dir='ltr'><strong><em>[aL</em></strong></span> <span class='ocrx_word' id='word_1_733' title='bbox 3725 2870 3823 2936; x_wconf 76' lang='lat' dir='ltr'><strong><em>{ri-</em></strong></span> 
     </span>
    </p>
   </div>
   <div class='ocr_carea' id='block_1_93' title="bbox 2238 2938 3826 3018">
    <p class='ocr_par' dir='ltr' id='par_1_93' title="bbox 2238 2938 3826 3018">
     <span class='ocr_line' id='line_1_93' title="bbox 2238 2938 3826 3018; baseline 0.014 -29"><span class='ocrx_word' id='word_1_734' title='bbox 2238 2938 2399 3011; x_wconf 82' lang='lat' dir='ltr'><strong><em>gare],</em></strong></span> <span class='ocrx_word' id='word_1_735' title='bbox 2430 2942 2578 2994; x_wconf 87' lang='lat' dir='ltr'><strong><em>calor</em></strong></span> <span class='ocrx_word' id='word_1_736' title='bbox 2607 2946 2857 3011; x_wconf 90' lang='lat' dir='ltr'><strong><em>puellaris</em></strong></span> <span class='ocrx_word' id='word_1_737' title='bbox 2885 2950 3234 3018; x_wconf 69' lang='lat' dir='ltr'><strong><em>extinguitur,</em></strong></span> <span class='ocrx_word' id='word_1_738' title='bbox 3261 2963 3315 3007; x_wconf 91' lang='lat' dir='ltr'><strong><em>et</em></strong></span> <span class='ocrx_word' id='word_1_739' title='bbox 3355 2954 3406 3006; x_wconf 86' lang='lat' dir='ltr'><strong><em>in</em></strong></span> <span class='ocrx_word' id='word_1_740' title='bbox 3437 2955 3674 3010; x_wconf 86' lang='lat' dir='ltr'><strong><em>humano</em></strong></span> <span class='ocrx_word' id='word_1_741' title='bbox 3701 2973 3826 3011; x_wconf 82' lang='lat' dir='ltr'><strong><em>cor-</em></strong></span> 
     </span>
    </p>
   </div>
   <div class='ocr_carea' id='block_1_94' title="bbox 2242 3031 3822 3113">
    <p class='ocr_par' dir='ltr' id='par_1_94' title="bbox 2242 3031 3822 3113">
     <span class='ocr_line' id='line_1_94' title="bbox 2242 3031 3822 3113; baseline 0.012 -33"><span class='ocrx_word' id='word_1_742' title='bbox 2242 3043 2400 3095; x_wconf 87' lang='lat' dir='ltr'><strong><em>pore,</em></strong></span> <span class='ocrx_word' id='word_1_743' title='bbox 2434 3031 2742 3099; x_wconf 82' lang='lat' dir='ltr'><strong><em>angelorum</em></strong></span> <span class='ocrx_word' id='word_1_744' title='bbox 2798 3036 3114 3104; x_wconf 85' lang='lat' dir='ltr'><strong><em>impetratur</em></strong></span> <span class='ocrx_word' id='word_1_745' title='bbox 3154 3047 3510 3098; x_wconf 83' lang='lat' dir='ltr'><strong><em>conversatio.</em></strong></span> <span class='ocrx_word' id='word_1_746' title='bbox 3544 3045 3712 3113; x_wconf 85' lang='lat' dir='ltr'><strong><em>Quam</em></strong></span> <span class='ocrx_word' id='word_1_747' title='bbox 3752 3049 3822 3101; x_wconf 88' lang='lat' dir='ltr'><strong><em>ob</em></strong></span> 
     </span>
    </p>
   </div>
   <div class='ocr_carea' id='block_1_95' title="bbox 2241 3122 3819 3198">
    <p class='ocr_par' dir='ltr' id='par_1_95' title="bbox 2241 3122 3819 3198">
     <span class='ocr_line' id='line_1_95' title="bbox 2241 3122 3819 3198; baseline 0.014 -29"><span class='ocrx_word' id='word_1_748' title='bbox 2241 3133 2351 3170; x_wconf 89' lang='lat' dir='ltr'><strong><em>rem</em></strong></span> <span class='ocrx_word' id='word_1_749' title='bbox 2382 3128 2435 3172; x_wconf 89' lang='lat' dir='ltr'><strong><em>et</em></strong></span> <span class='ocrx_word' id='word_1_750' title='bbox 2477 3135 2570 3173; x_wconf 89' lang='lat' dir='ltr'><strong><em>vas</em></strong></span> <span class='ocrx_word' id='word_1_751' title='bbox 2613 3122 2888 3177; x_wconf 84' lang='lat' dir='ltr'><strong><em>electionis</em></strong></span> <span class='ocrx_word' id='word_1_752' title='bbox 2930 3126 2998 3180; x_wconf 87' lang='lat' dir='ltr'><strong><em>de</em></strong></span> <span class='ocrx_word' id='word_1_753' title='bbox 3038 3130 3329 3198; x_wconf 85' lang='lat' dir='ltr'><strong><em>virginibus</em></strong></span> <span class='ocrx_word' id='word_1_754' title='bbox 3375 3148 3433 3186; x_wconf 88' lang='lat' dir='ltr'><strong><em>se</em></strong></span> <span class='ocrx_word' id='word_1_755' title='bbox 3462 3134 3588 3189; x_wconf 83' lang='lat' dir='ltr'><strong><em>dicit</em></strong></span> <span class='ocrx_word' id='word_1_756' title='bbox 3612 3137 3819 3191; x_wconf 88' lang='lat' dir='ltr'><strong><em>Domini</em></strong></span> 
     </span>
    </p>
   </div>
   <div class='ocr_carea' id='block_1_96' title="bbox 2239 3208 3820 3290">
    <p class='ocr_par' dir='ltr' id='par_1_96' title="bbox 2239 3208 3820 3290">
     <span class='ocr_line' id='line_1_96' title="bbox 2239 3208 3820 3290; baseline 0.013 -30"><span class='ocrx_word' id='word_1_757' title='bbox 2239 3224 2346 3260; x_wconf 88' lang='lat' dir='ltr'><strong><em>non</em></strong></span> <span class='ocrx_word' id='word_1_758' title='bbox 2378 3208 2572 3264; x_wconf 83' lang='lat' dir='ltr'><strong><em>habere</em></strong></span> <span class='ocrx_word' id='word_1_759' title='bbox 2602 3224 2924 3283; x_wconf 53' lang='lat' dir='ltr'><strong><em>praeceptum</em></strong></span> <span class='ocrx_word' id='word_1_760' title='bbox 2957 3217 3030 3287; x_wconf 95' lang='grc'><strong>(1.</strong></span> <span class='ocrx_word' id='word_1_761' title='bbox 3055 3217 3172 3272; x_wconf 81' lang='lat' dir='ltr'><strong><em>Cor.</em></strong></span> <span class='ocrx_word' id='word_1_762' title='bbox 3201 3221 3278 3290; x_wconf 90' lang='lat'><strong><em>7),</em></strong></span> <span class='ocrx_word' id='word_1_763' title='bbox 3303 3224 3421 3290; x_wconf 88' lang='lat' dir='ltr'><strong><em>quia</em></strong></span> <span class='ocrx_word' id='word_1_764' title='bbox 3452 3236 3635 3279; x_wconf 84' lang='lat' dir='ltr'><strong><em>contra</em></strong></span> <span class='ocrx_word' id='word_1_765' title='bbox 3667 3237 3820 3279; x_wconf 79' lang='lat' dir='ltr'><strong><em>natu-</em></strong></span> 
     </span>
    </p>
   </div>
   <div class='ocr_carea' id='block_1_97' title="bbox 2241 3299 3818 3384">
    <p class='ocr_par' dir='ltr' id='par_1_97' title="bbox 2241 3299 3818 3384">
     <span class='ocr_line' id='line_1_97' title="bbox 2241 3299 3818 3384; baseline 0.013 -34"><span class='ocrx_word' id='word_1_766' title='bbox 2241 3311 2374 3359; x_wconf 87' lang='lat' dir='ltr'><strong><em>ram.</em></strong></span> <span class='ocrx_word' id='word_1_767' title='bbox 2409 3299 2515 3353; x_wconf 91' lang='lat' dir='ltr'><strong><em>imo</em></strong></span> <span class='ocrx_word' id='word_1_768' title='bbox 2537 3303 2669 3355; x_wconf 90' lang='lat' dir='ltr'><strong><em>ultra</em></strong></span> <span class='ocrx_word' id='word_1_769' title='bbox 2704 3315 2944 3358; x_wconf 87' lang='lat' dir='ltr'><strong><em>naturam</em></strong></span> <span class='ocrx_word' id='word_1_770' title='bbox 2971 3316 3074 3373; x_wconf 86' lang='lat' dir='ltr'><strong><em>est,</em></strong></span> <span class='ocrx_word' id='word_1_771' title='bbox 3108 3324 3210 3362; x_wconf 90' lang='lat' dir='ltr'><strong><em>non</em></strong></span> <span class='ocrx_word' id='word_1_772' title='bbox 3243 3327 3498 3368; x_wconf 81' lang='lat' dir='ltr'><strong><em>exercere</em></strong></span> <span class='ocrx_word' id='word_1_773' title='bbox 3521 3315 3665 3384; x_wconf 88' lang='lat' dir='ltr'><strong><em>quod</em></strong></span> <span class='ocrx_word' id='word_1_774' title='bbox 3695 3328 3818 3371; x_wconf 78' lang='lat' dir='ltr'><strong><em>nata</em></strong></span> 
     </span>
    </p>
   </div>
   <div class='ocr_carea' id='block_1_98' title="bbox 2237 3387 3815 3474">
    <p class='ocr_par' dir='ltr' id='par_1_98' title="bbox 2237 3387 3815 3474">
     <span class='ocr_line' id='line_1_98' title="bbox 2237 3387 3815 3474; baseline 0.013 -36"><span class='ocrx_word' id='word_1_775' title='bbox 2237 3387 2311 3439; x_wconf 88' lang='lat' dir='ltr'><strong><em>sis</em></strong></span> <span class='ocrx_word' id='word_1_776' title='bbox 2345 3407 2358 3442; x_wconf 90' lang='lat'><strong>:</strong></span> <span class='ocrx_word' id='word_1_777' title='bbox 2386 3389 2687 3446; x_wconf 85' lang='lat' dir='ltr'><strong><em>interﬁcere</em></strong></span> <span class='ocrx_word' id='word_1_778' title='bbox 2715 3393 2766 3446; x_wconf 91' lang='lat' dir='ltr'><strong><em>in</em></strong></span> <span class='ocrx_word' id='word_1_779' title='bbox 2797 3403 2848 3448; x_wconf 91' lang='lat' dir='ltr'><strong><em>te</em></strong></span> <span class='ocrx_word' id='word_1_780' title='bbox 2872 3395 3102 3449; x_wconf 84' lang='lat' dir='ltr'><strong><em>radicem</em></strong></span> <span class='ocrx_word' id='word_1_781' title='bbox 3129 3407 3295 3464; x_wconf 88' lang='lat' dir='ltr'><strong><em>tuam,</em></strong></span> <span class='ocrx_word' id='word_1_782' title='bbox 3327 3412 3379 3454; x_wconf 86' lang='lat' dir='ltr'><strong><em>et</em></strong></span> <span class='ocrx_word' id='word_1_783' title='bbox 3409 3403 3520 3456; x_wconf 83' lang='lat' dir='ltr'><strong><em>sola</em></strong></span> <span class='ocrx_word' id='word_1_784' title='bbox 3542 3405 3815 3474; x_wconf 75' lang='lat' dir='ltr'><strong><em>virginita-</em></strong></span> 
     </span>
    </p>
   </div>
   <div class='ocr_carea' id='block_1_99' title="bbox 2240 3478 3820 3554">
    <p class='ocr_par' dir='ltr' id='par_1_99' title="bbox 2240 3478 3820 3554">
     <span class='ocr_line' id='line_1_99' title="bbox 2240 3478 3820 3554; baseline 0.013 -26"><span class='ocrx_word' id='word_1_785' title='bbox 2240 3478 2307 3529; x_wconf 88' lang='lat' dir='ltr'><strong><em>tis</em></strong></span> <span class='ocrx_word' id='word_1_786' title='bbox 2335 3494 2486 3545; x_wconf 85' lang='lat' dir='ltr'><strong><em>poma</em></strong></span> <span class='ocrx_word' id='word_1_787' title='bbox 2509 3481 2816 3549; x_wconf 87' lang='lat' dir='ltr'><strong><em>decerpere,</em></strong></span> <span class='ocrx_word' id='word_1_788' title='bbox 2847 3488 3055 3541; x_wconf 87' lang='lat' dir='ltr'><strong><em>nescire</em></strong></span> <span class='ocrx_word' id='word_1_789' title='bbox 3085 3488 3316 3554; x_wconf 80' lang='lat' dir='ltr'><strong><em>thurum,</em></strong></span> <span class='ocrx_word' id='word_1_790' title='bbox 3335 3495 3820 3549; x_wconf 48' lang='lat' dir='ltr'><strong><em>omnem&#39;virorunr</em></strong></span> 
     </span>
    </p>
   </div>
   <div class='ocr_carea' id='block_1_100' title="bbox 2238 3567 3811 3656">
    <p class='ocr_par' dir='ltr' id='par_1_100' title="bbox 2238 3567 3811 3656">
     <span class='ocr_line' id='line_1_100' title="bbox 2238 3567 3811 3656; baseline 0.011 -36"><span class='ocrx_word' id='word_1_791' title='bbox 2238 3567 2324 3621; x_wconf 80' lang='lat' dir='ltr'><strong><em>hat</em></strong></span> <span class='ocrx_word' id='word_1_792' title='bbox 2341 3586 2456 3624; x_wconf 84' lang='lat' dir='ltr'><strong><em>rere</em></strong></span> <span class='ocrx_word' id='word_1_793' title='bbox 2485 3582 2808 3638; x_wconf 88' lang='lat' dir='ltr'><strong><em>contactum,</em></strong></span> <span class='ocrx_word' id='word_1_794' title='bbox 2830 3587 2882 3629; x_wconf 89' lang='lat' dir='ltr'><strong><em>et</em></strong></span> <span class='ocrx_word' id='word_1_795' title='bbox 2906 3576 2955 3630; x_wconf 90' lang='lat' dir='ltr'><strong><em>in</em></strong></span> <span class='ocrx_word' id='word_1_796' title='bbox 2986 3593 3210 3648; x_wconf 88' lang='lat' dir='ltr'><strong><em>corpore</em></strong></span> <span class='ocrx_word' id='word_1_797' title='bbox 3237 3583 3412 3636; x_wconf 86' lang='lat' dir='ltr'><strong><em>vivere</em></strong></span> <span class='ocrx_word' id='word_1_798' title='bbox 3430 3584 3548 3638; x_wconf 81' lang='lat' dir='ltr'><strong><em>sine</em></strong></span> <span class='ocrx_word' id='word_1_799' title='bbox 3571 3601 3811 3656; x_wconf 79' lang='lat' dir='ltr'><strong><em>corpore.</em></strong></span> 
     </span>
    </p>
   </div>
   <div class='ocr_carea' id='block_1_101' title="bbox 2310 3661 3814 3748">
    <p class='ocr_par' dir='ltr' id='par_1_101' title="bbox 2310 3661 3814 3748">
     <span class='ocr_line' id='line_1_101' title="bbox 2310 3661 3814 3748; baseline 0.014 -36"><span class='ocrx_word' id='word_1_800' title='bbox 2310 3661 2396 3713; x_wconf 84' lang='lat' dir='ltr'><strong><em>ll.</em></strong></span> <span class='ocrx_word' id='word_1_801' title='bbox 2437 3661 2619 3732; x_wconf 84' lang='lat' dir='ltr'><strong><em>Neque</em></strong></span> <span class='ocrx_word' id='word_1_802' title='bbox 2645 3680 2773 3719; x_wconf 87' lang='lat' dir='ltr'><strong><em>vero</em></strong></span> <span class='ocrx_word' id='word_1_803' title='bbox 2803 3666 3153 3723; x_wconf 85' lang='lat' dir='ltr'><strong><em>immoderata</em></strong></span> <span class='ocrx_word' id='word_1_804' title='bbox 3207 3674 3299 3726; x_wconf 91' lang='lat' dir='ltr'><strong><em>tibi</em></strong></span> <span class='ocrx_word' id='word_1_805' title='bbox 3327 3675 3655 3744; x_wconf 89' lang='lat' dir='ltr'><strong><em>imperamus</em></strong></span> <span class='ocrx_word' id='word_1_806' title='bbox 3678 3679 3814 3748; x_wconf 59' lang='lat' dir='ltr'><strong><em>jejna-</em></strong></span> 
     </span>
    </p>
   </div>
   <div class='ocr_carea' id='block_1_102' title="bbox 2237 3751 3810 3832">
    <p class='ocr_par' dir='ltr' id='par_1_102' title="bbox 2237 3751 3810 3832">
     <span class='ocr_line' id='line_1_102' title="bbox 2237 3751 3810 3832; baseline 0.011 -28"><span class='ocrx_word' id='word_1_807' title='bbox 2237 3751 2342 3812; x_wconf 89' lang='lat' dir='ltr'><strong><em>nia,</em></strong></span> <span class='ocrx_word' id='word_1_808' title='bbox 2372 3759 2428 3804; x_wconf 90' lang='lat' dir='ltr'><strong><em>et</em></strong></span> <span class='ocrx_word' id='word_1_809' title='bbox 2455 3766 2728 3809; x_wconf 85' lang='lat' dir='ltr'><strong><em>enormem</em></strong></span> <span class='ocrx_word' id='word_1_810' title='bbox 2760 3755 2998 3810; x_wconf 89' lang='lat' dir='ltr'><strong><em>ciborum</em></strong></span> <span class='ocrx_word' id='word_1_811' title='bbox 3030 3760 3402 3817; x_wconf 86' lang='lat' dir='ltr'><strong><em>abstinentiam</em></strong></span> <span class='ocrx_word' id='word_1_812' title='bbox 3429 3805 3443 3826; x_wconf 84' lang='grc'>,</span> <span class='ocrx_word' id='word_1_813' title='bbox 3476 3765 3672 3832; x_wconf 83' lang='lat' dir='ltr'><strong><em>quibus</em></strong></span> <span class='ocrx_word' id='word_1_814' title='bbox 3699 3776 3810 3821; x_wconf 81' lang='lat' dir='ltr'><strong><em>sta-</em></strong></span> 
     </span>
    </p>
   </div>
   <div class='ocr_carea' id='block_1_103' title="bbox 2238 3844 3816 3921">
    <p class='ocr_par' dir='ltr' id='par_1_103' title="bbox 2238 3844 3816 3921">
     <span class='ocr_line' id='line_1_103' title="bbox 2238 3844 3816 3921; baseline 0.01 -28"><span class='ocrx_word' id='word_1_815' title='bbox 2238 3844 2327 3894; x_wconf 90' lang='lat' dir='ltr'><strong><em>tim</em></strong></span> <span class='ocrx_word' id='word_1_816' title='bbox 2377 3856 2602 3912; x_wconf 86' lang='lat' dir='ltr'><strong><em>corpora</em></strong></span> <span class='ocrx_word' id='word_1_817' title='bbox 2656 3845 2882 3900; x_wconf 87' lang='lat' dir='ltr'><strong><em>delicata</em></strong></span> <span class='ocrx_word' id='word_1_818' title='bbox 2955 3848 3121 3920; x_wconf 73' lang='lat'><strong><em>988</em></strong></span> <span class='ocrx_word' id='word_1_819' title='bbox 3195 3850 3550 3921; x_wconf 66' lang='lat' dir='ltr'><strong><em>franguntur,</em></strong></span> <span class='ocrx_word' id='word_1_820' title='bbox 3583 3866 3638 3911; x_wconf 87' lang='lat' dir='ltr'><strong><em>et</em></strong></span> <span class='ocrx_word' id='word_1_821' title='bbox 3689 3867 3816 3912; x_wconf 82' lang='lat' dir='ltr'><strong><em>ante</em></strong></span> 
     </span>
    </p>
   </div>
   <div class='ocr_carea' id='block_1_104' title="bbox 2235 3935 3808 4016">
    <p class='ocr_par' dir='ltr' id='par_1_104' title="bbox 2235 3935 3808 4016">
     <span class='ocr_line' id='line_1_104' title="bbox 2235 3935 3808 4016; baseline 0.009 -30"><span class='ocrx_word' id='word_1_822' title='bbox 2235 3943 2500 4000; x_wconf 63' lang='lat' dir='ltr'><strong><em>aegrotare</em></strong></span> <span class='ocrx_word' id='word_1_823' title='bbox 2546 3935 2824 4005; x_wconf 87' lang='lat' dir='ltr'><strong><em>incipiunt,</em></strong></span> <span class='ocrx_word' id='word_1_824' title='bbox 2852 3954 3010 4008; x_wconf 88' lang='lat' dir='ltr'><strong><em>quam</em></strong></span> <span class='ocrx_word' id='word_1_825' title='bbox 3036 3953 3236 3996; x_wconf 66' lang='lat' dir='ltr'><strong><em>Snttcitc</em></strong></span> <span class='ocrx_word' id='word_1_826' title='bbox 3268 3948 3689 4000; x_wconf 73' lang='lat' dir='ltr'><strong><em>conversationis</em></strong></span> <span class='ocrx_word' id='word_1_827' title='bbox 3725 3950 3808 4016; x_wconf 84' lang='lat' dir='ltr'><strong><em>ja-</em></strong></span> 
     </span>
    </p>
   </div>
   <div class='ocr_carea' id='block_1_105' title="bbox 2233 4023 3806 4102">
    <p class='ocr_par' dir='ltr' id='par_1_105' title="bbox 2233 4023 3806 4102">
     <span class='ocr_line' id='line_1_105' title="bbox 2233 4023 3806 4102; baseline 0.008 -26"><span class='ocrx_word' id='word_1_828' title='bbox 2233 4038 2355 4076; x_wconf 87' lang='lat' dir='ltr'><strong><em>cere</em></strong></span> <span class='ocrx_word' id='word_1_829' title='bbox 2402 4023 2764 4079; x_wconf 86' lang='lat' dir='ltr'><strong><em>fundamenta.</em></strong></span> <span class='ocrx_word' id='word_1_830' title='bbox 2797 4027 3244 4096; x_wconf 58' lang='lat' dir='ltr'><strong><em>Philoswbormn</em></strong></span> <span class='ocrx_word' id='word_1_831' title='bbox 3290 4049 3503 4102; x_wconf 81' lang='lat' dir='ltr'><strong><em>qttoque</em></strong></span> <span class='ocrx_word' id='word_1_832' title='bbox 3549 4038 3806 4090; x_wconf 80' lang='lat' dir='ltr'><strong><em>sententia</em></strong></span> 
     </span>
    </p>
   </div>
   <div class='ocr_carea' id='block_1_106' title="bbox 2233 4115 3817 4197">
    <p class='ocr_par' dir='ltr' id='par_1_106' title="bbox 2233 4115 3817 4197">
     <span class='ocr_line' id='line_1_106' title="bbox 2233 4115 3817 4197; baseline 0.01 -32"><span class='ocrx_word' id='word_1_833' title='bbox 2233 4127 2309 4168; x_wconf 78' lang='lat' dir='ltr'><strong><em>(&#39;Sl</em></strong></span> <span class='ocrx_word' id='word_1_834' title='bbox 2337 4157 2351 4177; x_wconf 86' lang='lat'><strong><em>,</em></strong></span> <span class='ocrx_word' id='word_1_835' title='bbox 2381 4115 2456 4186; x_wconf 80' lang='lat' dir='ltr'><strong><em>(lt)</em></strong></span> <span class='ocrx_word' id='word_1_836' title='bbox 2484 4125 2743 4183; x_wconf 76' lang='grc' dir='ltr'><strong><em>μεσότητας</em></strong></span> <span class='ocrx_word' id='word_1_837' title='bbox 2788 4121 2976 4189; x_wconf 71' lang='grc' dir='ltr'><strong><em>ἀρετὰς,</em></strong></span> <span class='ocrx_word' id='word_1_838' title='bbox 3006 4126 3254 4192; x_wconf 67' lang='grc' dir='ltr'><strong><em>ὑπερϐολὰς</em></strong></span> <span class='ocrx_word' id='word_1_839' title='bbox 3282 4140 3448 4187; x_wconf 74' lang='grc' dir='ltr'><strong><em>κακίας</em></strong></span> <span class='ocrx_word' id='word_1_840' title='bbox 3477 4135 3595 4180; x_wconf 71' lang='grc' dir='ltr'><strong>εἶναι</strong></span> <span class='ocrx_word' id='word_1_841' title='bbox 3613 4170 3629 4191; x_wconf 83' lang='lat'><strong><em>,</em></strong></span> <span class='ocrx_word' id='word_1_842' title='bbox 3670 4131 3817 4197; x_wconf 70' lang='lat' dir='ltr'><strong><em>quod</em></strong></span> 
     </span>
    </p>
   </div>
   <div class='ocr_carea' id='block_1_107' title="bbox 2236 4205 3809 4278">
    <p class='ocr_par' dir='ltr' id='par_1_107' title="bbox 2236 4205 3809 4278">
     <span class='ocr_line' id='line_1_107' title="bbox 2236 4205 3809 4278; baseline 0.009 -22"><span class='ocrx_word' id='word_1_843' title='bbox 2236 4205 2430 4258; x_wconf 84' lang='lat' dir='ltr'><strong><em>latinus</em></strong></span> <span class='ocrx_word' id='word_1_844' title='bbox 2475 4207 2544 4258; x_wconf 85' lang='lat' dir='ltr'><strong><em>ita</em></strong></span> <span class='ocrx_word' id='word_1_845' title='bbox 2621 4218 2796 4276; x_wconf 82' lang='lat' dir='ltr'><strong><em>potest</em></strong></span> <span class='ocrx_word' id='word_1_846' title='bbox 2845 4225 3023 4263; x_wconf 89' lang='lat' dir='ltr'><strong><em>sermo</em></strong></span> <span class='ocrx_word' id='word_1_847' title='bbox 3073 4229 3345 4278; x_wconf 83' lang='lat' dir='ltr'><strong><em>resonare,</em></strong></span> <span class='ocrx_word' id='word_1_848' title='bbox 3379 4218 3665 4269; x_wconf 82' lang='lat' dir='ltr'><strong><em>moderatas</em></strong></span> <span class='ocrx_word' id='word_1_849' title='bbox 3701 4234 3809 4270; x_wconf 80' lang='lat' dir='ltr'><strong><em>esse</em></strong></span> 
     </span>
    </p>
   </div>
   <div class='ocr_carea' id='block_1_108' title="bbox 2233 4298 3804 4371">
    <p class='ocr_par' dir='ltr' id='par_1_108' title="bbox 2233 4298 3804 4371">
     <span class='ocr_line' id='line_1_108' title="bbox 2233 4298 3804 4371; baseline 0.007 -23"><span class='ocrx_word' id='word_1_850' title='bbox 2233 4298 2460 4362; x_wconf 82' lang='lat' dir='ltr'><strong><em>virtutes,</em></strong></span> <span class='ocrx_word' id='word_1_851' title='bbox 2486 4301 2778 4353; x_wconf 76' lang='lat' dir='ltr'><strong><em>excedentes</em></strong></span> <span class='ocrx_word' id='word_1_852' title='bbox 2804 4300 3010 4354; x_wconf 90' lang='lat' dir='ltr'><strong><em>modum</em></strong></span> <span class='ocrx_word' id='word_1_853' title='bbox 3030 4313 3178 4371; x_wconf 77' lang='lat' dir='ltr'><strong><em>atque</em></strong></span> <span class='ocrx_word' id='word_1_854' title='bbox 3206 4321 3510 4369; x_wconf 81' lang='lat' dir='ltr'><strong><em>mensuram,</em></strong></span> <span class='ocrx_word' id='word_1_855' title='bbox 3536 4308 3662 4359; x_wconf 85' lang='lat' dir='ltr'><strong><em>inter</em></strong></span> <span class='ocrx_word' id='word_1_856' title='bbox 3683 4308 3804 4359; x_wconf 79' lang='lat' dir='ltr'><strong><em>vitia</em></strong></span> 
     </span>
    </p>
   </div>
   <div class='ocr_carea' id='block_1_109' title="bbox 2232 4388 3808 4463">
    <p class='ocr_par' dir='ltr' id='par_1_109' title="bbox 2232 4388 3808 4463">
     <span class='ocr_line' id='line_1_109' title="bbox 2232 4388 3808 4463; baseline 0.006 -23"><span class='ocrx_word' id='word_1_857' title='bbox 2232 4390 2456 4457; x_wconf 70' lang='lat' dir='ltr'><strong><em>reputari</em></strong></span> <span class='ocrx_word' id='word_1_858' title='bbox 2486 4388 2577 4460; x_wconf 81' lang='lat' dir='ltr'><strong><em>[:il.</em></strong></span> <span class='ocrx_word' id='word_1_859' title='bbox 2607 4390 2883 4463; x_wconf 86' lang='lat' dir='ltr'><strong><em>deputari].</em></strong></span> <span class='ocrx_word' id='word_1_860' title='bbox 2921 4391 3069 4446; x_wconf 88' lang='lat' dir='ltr'><strong><em>Unde</em></strong></span> <span class='ocrx_word' id='word_1_861' title='bbox 3099 4404 3153 4446; x_wconf 87' lang='lat' dir='ltr'><strong><em>ct</em></strong></span> <span class='ocrx_word' id='word_1_862' title='bbox 3197 4412 3331 4446; x_wconf 61' lang='lat' dir='ltr'><strong><em>unus</em></strong></span> <span class='ocrx_word' id='word_1_863' title='bbox 3370 4397 3436 4450; x_wconf 82' lang='lat' dir='ltr'><strong><em>de</em></strong></span> <span class='ocrx_word' id='word_1_864' title='bbox 3482 4409 3680 4463; x_wconf 77' lang='lat' dir='ltr'><strong><em>septem</em></strong></span> <span class='ocrx_word' id='word_1_865' title='bbox 3713 4413 3808 4449; x_wconf 70' lang='lat' dir='ltr'><strong><em>sri-</em></strong></span> 
     </span>
    </p>
   </div>
   <div class='ocr_carea' id='block_1_110' title="bbox 2233 4479 3804 4552">
    <p class='ocr_par' dir='ltr' id='par_1_110' title="bbox 2233 4479 3804 4552">
     <span class='ocr_line' id='line_1_110' title="bbox 2233 4479 3804 4552; baseline 0.007 -21"><span class='ocrx_word' id='word_1_866' title='bbox 2233 4479 2521 4549; x_wconf 84' lang='lat' dir='ltr'><strong><em>pientibus,</em></strong></span> <span class='ocrx_word' id='word_1_867' title='bbox 2555 4497 2616 4533; x_wconf 88' lang='lat' dir='ltr'><strong><em>ne</em></strong></span> <span class='ocrx_word' id='word_1_868' title='bbox 2655 4483 2795 4551; x_wconf 83' lang='lat' dir='ltr'><strong><em>quid,</em></strong></span> <span class='ocrx_word' id='word_1_869' title='bbox 2828 4486 2922 4549; x_wconf 89' lang='lat' dir='ltr'><strong><em>ait,</em></strong></span> <span class='ocrx_word' id='word_1_870' title='bbox 2953 4485 3122 4537; x_wconf 87' lang='lat' dir='ltr'><strong><em>nimis.</em></strong></span> <span class='ocrx_word' id='word_1_871' title='bbox 3153 4487 3301 4552; x_wconf 83' lang='lat' dir='ltr'><strong><em>Quod</em></strong></span> <span class='ocrx_word' id='word_1_872' title='bbox 3338 4498 3441 4540; x_wconf 87' lang='lat' dir='ltr'><strong><em>tam</em></strong></span> <span class='ocrx_word' id='word_1_873' title='bbox 3474 4490 3682 4544; x_wconf 88' lang='lat' dir='ltr'><strong><em>celebre</em></strong></span> <span class='ocrx_word' id='word_1_874' title='bbox 3727 4492 3804 4542; x_wconf 33' lang='lat' dir='ltr'><strong><em>fai-</em></strong></span> 
     </span>
    </p>
   </div>
   <div class='ocr_carea' id='block_1_111' title="bbox 2229 4575 3806 4644">
    <p class='ocr_par' dir='ltr' id='par_1_111' title="bbox 2229 4575 3806 4644">
     <span class='ocr_line' id='line_1_111' title="bbox 2229 4575 3806 4644; baseline 0.007 -20"><span class='ocrx_word' id='word_1_875' title='bbox 2229 4581 2373 4624; x_wconf 86' lang='lat' dir='ltr'><strong><em>ctum</em></strong></span> <span class='ocrx_word' id='word_1_876' title='bbox 2400 4583 2503 4634; x_wconf 87' lang='lat' dir='ltr'><strong><em>est,</em></strong></span> <span class='ocrx_word' id='word_1_877' title='bbox 2528 4581 2584 4624; x_wconf 90' lang='lat' dir='ltr'><strong><em>ut</em></strong></span> <span class='ocrx_word' id='word_1_878' title='bbox 2612 4575 2818 4626; x_wconf 81' lang='lat' dir='ltr'><strong><em>eumico</em></strong></span> <span class='ocrx_word' id='word_1_879' title='bbox 2843 4591 3053 4644; x_wconf 90' lang='lat' dir='ltr'><strong><em>quoque</em></strong></span> <span class='ocrx_word' id='word_1_880' title='bbox 3077 4592 3232 4629; x_wconf 87' lang='lat' dir='ltr'><strong><em>versu</em></strong></span> <span class='ocrx_word' id='word_1_881' title='bbox 3262 4594 3574 4642; x_wconf 67' lang='lat' dir='ltr'><strong><em>exim-3mm</em></strong></span> <span class='ocrx_word' id='word_1_882' title='bbox 3602 4582 3690 4633; x_wconf 85' lang='lat' dir='ltr'><strong><em>sit.</em></strong></span> <span class='ocrx_word' id='word_1_883' title='bbox 3719 4581 3806 4635; x_wconf 77' lang='lat' dir='ltr'><strong><em>Sc</em></strong></span> 
     </span>
    </p>
   </div>
   <div class='ocr_carea' id='block_1_112' title="bbox 2229 4661 3802 4737">
    <p class='ocr_par' dir='ltr' id='par_1_112' title="bbox 2229 4661 3802 4737">
     <span class='ocr_line' id='line_1_112' title="bbox 2229 4661 3802 4737; baseline 0.008 -25"><span class='ocrx_word' id='word_1_884' title='bbox 2229 4661 2396 4715; x_wconf 87' lang='lat' dir='ltr'><strong><em>debes</em></strong></span> <span class='ocrx_word' id='word_1_885' title='bbox 2443 4661 2708 4729; x_wconf 86' lang='lat' dir='ltr'><strong><em>jejunare,</em></strong></span> <span class='ocrx_word' id='word_1_886' title='bbox 2760 4673 2814 4715; x_wconf 91' lang='lat' dir='ltr'><strong><em>ut</em></strong></span> <span class='ocrx_word' id='word_1_887' title='bbox 2865 4681 2968 4718; x_wconf 90' lang='lat' dir='ltr'><strong><em>non</em></strong></span> <span class='ocrx_word' id='word_1_888' title='bbox 3022 4667 3271 4736; x_wconf 67' lang='lat' dir='ltr'><strong><em>palpites,</em></strong></span> <span class='ocrx_word' id='word_1_889' title='bbox 3300 4679 3352 4722; x_wconf 91' lang='lat' dir='ltr'><strong><em>et</em></strong></span> <span class='ocrx_word' id='word_1_890' title='bbox 3400 4670 3664 4737; x_wconf 72' lang='lat' dir='ltr'><strong><em>respirare</em></strong></span> <span class='ocrx_word' id='word_1_891' title='bbox 3714 4673 3802 4724; x_wconf 78' lang='lat' dir='ltr'><strong><em>vis</em></strong></span> 
     </span>
    </p>
   </div>
   <div class='ocr_carea' id='block_1_113' title="bbox 2232 4752 3807 4828">
    <p class='ocr_par' dir='ltr' id='par_1_113' title="bbox 2232 4752 3807 4828">
     <span class='ocr_line' id='line_1_113' title="bbox 2232 4752 3807 4828; baseline 0.008 -27"><span class='ocrx_word' id='word_1_892' title='bbox 2232 4752 2423 4820; x_wconf 78' lang='lat' dir='ltr'><strong><em>possis,</em></strong></span> <span class='ocrx_word' id='word_1_893' title='bbox 2449 4763 2500 4804; x_wconf 89' lang='lat' dir='ltr'><strong><em>et</em></strong></span> <span class='ocrx_word' id='word_1_894' title='bbox 2521 4753 2775 4806; x_wconf 86' lang='lat' dir='ltr'><strong><em>comitum</em></strong></span> <span class='ocrx_word' id='word_1_895' title='bbox 2806 4765 3041 4819; x_wconf 87' lang='lat' dir='ltr'><strong><em>tuarum,</em></strong></span> <span class='ocrx_word' id='word_1_896' title='bbox 3069 4759 3150 4810; x_wconf 86' lang='lat' dir='ltr'><strong><em>vel</em></strong></span> <span class='ocrx_word' id='word_1_897' title='bbox 3186 4760 3424 4828; x_wconf 86' lang='lat' dir='ltr'><strong><em>portcris.</em></strong></span> <span class='ocrx_word' id='word_1_898' title='bbox 3455 4761 3534 4810; x_wconf 85' lang='lat' dir='ltr'><strong><em>vel</em></strong></span> <span class='ocrx_word' id='word_1_899' title='bbox 3569 4761 3807 4814; x_wconf 85' lang='lat' dir='ltr'><strong><em>traharis</em></strong></span> 
     </span>
    </p>
   </div>
   <div class='ocr_carea' id='block_1_114' title="bbox 2229 4840 3808 4914">
    <p class='ocr_par' dir='ltr' id='par_1_114' title="bbox 2229 4840 3808 4914">
     <span class='ocr_line' id='line_1_114' title="bbox 2229 4840 3808 4914; baseline 0.006 -22"><span class='ocrx_word' id='word_1_900' title='bbox 2229 4841 2502 4901; x_wconf 87' lang='lat' dir='ltr'><strong><em>manibus;</em></strong></span> <span class='ocrx_word' id='word_1_901' title='bbox 2536 4840 2627 4893; x_wconf 88' lang='lat' dir='ltr'><strong><em>sed</em></strong></span> <span class='ocrx_word' id='word_1_902' title='bbox 2657 4853 2712 4894; x_wconf 91' lang='lat' dir='ltr'><strong><em>ut</em></strong></span> <span class='ocrx_word' id='word_1_903' title='bbox 2740 4841 2907 4896; x_wconf 85' lang='lat' dir='ltr'><strong><em>fracto</em></strong></span> <span class='ocrx_word' id='word_1_904' title='bbox 2945 4848 3189 4913; x_wconf 72' lang='lat' dir='ltr'><strong><em>Corporis</em></strong></span> <span class='ocrx_word' id='word_1_905' title='bbox 3221 4847 3444 4914; x_wconf 76' lang='lat' dir='ltr'><strong><em>appetitu</em></strong></span> <span class='ocrx_word' id='word_1_906' title='bbox 3467 4887 3483 4910; x_wconf 88' lang='lat'><strong><em>,</em></strong></span> <span class='ocrx_word' id='word_1_907' title='bbox 3513 4863 3616 4900; x_wconf 87' lang='lat' dir='ltr'><strong><em>nec</em></strong></span> <span class='ocrx_word' id='word_1_908' title='bbox 3646 4849 3701 4901; x_wconf 89' lang='lat' dir='ltr'><strong><em>in</em></strong></span> <span class='ocrx_word' id='word_1_909' title='bbox 3732 4851 3808 4902; x_wconf 80' lang='lat' dir='ltr'><strong><em>le-</em></strong></span> 
     </span>
    </p>
   </div>
   <div class='ocr_carea' id='block_1_115' title="bbox 2228 4928 3808 5006">
    <p class='ocr_par' dir='ltr' id='par_1_115' title="bbox 2228 4928 3808 5006">
     <span class='ocr_line' id='line_1_115' title="bbox 2228 4928 3808 5006; baseline 0.008 -26"><span class='ocrx_word' id='word_1_910' title='bbox 2228 4928 2426 4986; x_wconf 75' lang='lat' dir='ltr'><strong><em>ctione.</em></strong></span> <span class='ocrx_word' id='word_1_911' title='bbox 2454 4945 2550 4982; x_wconf 81' lang='lat' dir='ltr'><strong><em>nec</em></strong></span> <span class='ocrx_word' id='word_1_912' title='bbox 2587 4931 2637 4982; x_wconf 92' lang='lat' dir='ltr'><strong><em>in</em></strong></span> <span class='ocrx_word' id='word_1_913' title='bbox 2664 4931 2908 4995; x_wconf 79' lang='lat' dir='ltr'><strong><em>Psalmis,</em></strong></span> <span class='ocrx_word' id='word_1_914' title='bbox 2937 4949 3035 4988; x_wconf 86' lang='lat' dir='ltr'><strong><em>nec</em></strong></span> <span class='ocrx_word' id='word_1_915' title='bbox 3065 4933 3115 4987; x_wconf 91' lang='lat' dir='ltr'><strong><em>in</em></strong></span> <span class='ocrx_word' id='word_1_916' title='bbox 3146 4936 3333 5003; x_wconf 78' lang='lat' dir='ltr'><strong><em>vigiliis</em></strong></span> <span class='ocrx_word' id='word_1_917' title='bbox 3369 4937 3526 4988; x_wconf 82' lang='lat' dir='ltr'><strong><em>Solito</em></strong></span> <span class='ocrx_word' id='word_1_918' title='bbox 3554 4938 3682 5006; x_wconf 88' lang='lat' dir='ltr'><strong><em>quid</em></strong></span> <span class='ocrx_word' id='word_1_919' title='bbox 3710 4941 3808 4992; x_wconf 85' lang='lat' dir='ltr'><strong><em>mi-</em></strong></span> 
     </span>
    </p>
   </div>
   <div class='ocr_carea' id='block_1_116' title="bbox 2230 5016 3808 5090">
    <p class='ocr_par' dir='ltr' id='par_1_116' title="bbox 2230 5016 3808 5090">
     <span class='ocr_line' id='line_1_116' title="bbox 2230 5016 3808 5090; baseline 0.008 -22"><span class='ocrx_word' id='word_1_920' title='bbox 2230 5033 2326 5069; x_wconf 77' lang='lat' dir='ltr'><strong><em>Illh</em></strong></span> <span class='ocrx_word' id='word_1_921' title='bbox 2354 5016 2533 5071; x_wconf 88' lang='lat' dir='ltr'><strong><em>facias.</em></strong></span> <span class='ocrx_word' id='word_1_922' title='bbox 2568 5019 2838 5088; x_wconf 83' lang='lat' dir='ltr'><strong><em>Jejunium</em></strong></span> <span class='ocrx_word' id='word_1_923' title='bbox 2868 5039 2969 5074; x_wconf 89' lang='lat' dir='ltr'><strong><em>non</em></strong></span> <span class='ocrx_word' id='word_1_924' title='bbox 3017 5023 3250 5090; x_wconf 84' lang='lat' dir='ltr'><strong><em>perfecta</em></strong></span> <span class='ocrx_word' id='word_1_925' title='bbox 3303 5026 3490 5086; x_wconf 88' lang='lat' dir='ltr'><strong><em>virtus,</em></strong></span> <span class='ocrx_word' id='word_1_926' title='bbox 3519 5028 3613 5079; x_wconf 88' lang='lat' dir='ltr'><strong><em>sed</em></strong></span> <span class='ocrx_word' id='word_1_927' title='bbox 3653 5038 3808 5081; x_wconf 62' lang='lat' dir='ltr'><strong><em>ca-teo</em></strong></span> 
     </span>
    </p>
   </div>
   <div class='ocr_carea' id='block_1_117' title="bbox 2231 5112 3808 5179">
    <p class='ocr_par' dir='ltr' id='par_1_117' title="bbox 2231 5112 3808 5179">
     <span class='ocr_line' id='line_1_117' title="bbox 2231 5112 3808 5179; baseline 0.006 -17"><span class='ocrx_word' id='word_1_928' title='bbox 2231 5125 2404 5162; x_wconf 88' lang='lat' dir='ltr'><strong><em>rarum</em></strong></span> <span class='ocrx_word' id='word_1_929' title='bbox 2453 5112 2704 5166; x_wconf 88' lang='lat' dir='ltr'><strong><em>virtutum</em></strong></span> <span class='ocrx_word' id='word_1_930' title='bbox 2753 5113 3150 5167; x_wconf 84' lang='lat' dir='ltr'><strong><em>fundamentum</em></strong></span> <span class='ocrx_word' id='word_1_931' title='bbox 3207 5125 3323 5179; x_wconf 86' lang='lat' dir='ltr'><strong><em>est;</em></strong></span> <span class='ocrx_word' id='word_1_932' title='bbox 3365 5127 3417 5170; x_wconf 85' lang='lat' dir='ltr'><strong><em>et</em></strong></span> <span class='ocrx_word' id='word_1_933' title='bbox 3461 5119 3808 5172; x_wconf 77' lang='lat' dir='ltr'><strong><em>sanctificatio</em></strong></span> 
     </span>
    </p>
   </div>
   <div class='ocr_carea' id='block_1_118' title="bbox 2229 5205 3806 5279">
    <p class='ocr_par' dir='ltr' id='par_1_118' title="bbox 2229 5205 3806 5279">
     <span class='ocr_line' id='line_1_118' title="bbox 2229 5205 3806 5279; baseline 0.005 -23"><span class='ocrx_word' id='word_1_934' title='bbox 2229 5215 2387 5274; x_wconf 86' lang='lat' dir='ltr'><strong><em>atque</em></strong></span> <span class='ocrx_word' id='word_1_935' title='bbox 2415 5205 2685 5274; x_wconf 86' lang='lat' dir='ltr'><strong><em>pudicitia,</em></strong></span> <span class='ocrx_word' id='word_1_936' title='bbox 2709 5207 2826 5260; x_wconf 84' lang='lat' dir='ltr'><strong><em>sine</em></strong></span> <span class='ocrx_word' id='word_1_937' title='bbox 2851 5222 2954 5276; x_wconf 88' lang='lat' dir='ltr'><strong><em>qua</em></strong></span> <span class='ocrx_word' id='word_1_938' title='bbox 2981 5222 3139 5261; x_wconf 83' lang='lat' dir='ltr'><strong><em>ncino</em></strong></span> <span class='ocrx_word' id='word_1_939' title='bbox 3166 5208 3366 5262; x_wconf 84' lang='lat' dir='ltr'><strong><em>videbit</em></strong></span> <span class='ocrx_word' id='word_1_940' title='bbox 3394 5209 3584 5275; x_wconf 88' lang='lat' dir='ltr'><strong><em>Demn,</em></strong></span> <span class='ocrx_word' id='word_1_941' title='bbox 3613 5213 3806 5279; x_wconf 77' lang='lat' dir='ltr'><strong><em>gradus</em></strong></span> 
     </span>
    </p>
   </div>
   <div class='ocr_carea' id='block_1_119' title="bbox 2358 5333 3806 5402">
    <p class='ocr_par' dir='ltr' id='par_1_119' title="bbox 2358 5333 3806 5402">
     <span class='ocr_line' id='line_1_119' title="bbox 2358 5333 3806 5402; baseline 0.003 -16"><span class='ocrx_word' id='word_1_942' title='bbox 2358 5333 2418 5402; x_wconf 69' lang='grc' dir='ltr'><strong><em>(ιτ)</em></strong></span> <span class='ocrx_word' id='word_1_943' title='bbox 2455 5337 2580 5402; x_wconf 65' lang='lat' dir='ltr'><strong><em>Vide</em></strong></span> <span class='ocrx_word' id='word_1_944' title='bbox 2618 5339 2665 5386; x_wconf 90' lang='lat' dir='ltr'><strong><em>iu</em></strong></span> <span class='ocrx_word' id='word_1_945' title='bbox 2704 5337 3179 5402; x_wconf 65' lang='lat' dir='ltr'><strong><em>EpitaphioPaulze.</em></strong></span> <span class='ocrx_word' id='word_1_946' title='bbox 3205 5340 3618 5402; x_wconf 24' lang='lat' dir='ltr'><strong><em>siveepistallB.</em></strong></span> <span class='ocrx_word' id='word_1_947' title='bbox 3647 5355 3696 5389; x_wconf 84' lang='grc' dir='ltr'>ιι.</span> <span class='ocrx_word' id='word_1_948' title='bbox 3733 5343 3806 5390; x_wconf 76' lang='grc'><strong><em>20.</em></strong></span> 
     </span>
    </p>
   </div>
   <div class='ocr_carea' id='block_1_120' title="bbox 2230 5398 3808 5471">
    <p class='ocr_par' dir='ltr' id='par_1_120' title="bbox 2230 5398 3808 5471">
     <span class='ocr_line' id='line_1_120' title="bbox 2230 5398 3808 5471; baseline 0.001 -24"><span class='ocrx_word' id='word_1_949' title='bbox 2230 5398 2441 5471; x_wconf 47' lang='lat' dir='ltr'><strong><em>graecam</em></strong></span> <span class='ocrx_word' id='word_1_950' title='bbox 2466 5399 2589 5469; x_wconf 53' lang='lat' dir='ltr'><strong><em>bime</em></strong></span> <span class='ocrx_word' id='word_1_951' title='bbox 2609 5398 2904 5471; x_wconf 75' lang='lat' dir='ltr'><strong><em>sententiam</em></strong></span> <span class='ocrx_word' id='word_1_952' title='bbox 2927 5400 3008 5470; x_wconf 75' lang='lat' dir='ltr'><strong><em>ubi</em></strong></span> <span class='ocrx_word' id='word_1_953' title='bbox 3034 5398 3271 5471; x_wconf 34' lang='lat' dir='ltr'><strong><em>replicat;</em></strong></span> <span class='ocrx_word' id='word_1_954' title='bbox 3286 5398 3445 5471; x_wconf 58' lang='lat' dir='ltr'><strong><em>unum</em></strong></span> <span class='ocrx_word' id='word_1_955' title='bbox 3470 5401 3606 5450; x_wconf 87' lang='lat' dir='ltr'><strong><em>illum</em></strong></span> <span class='ocrx_word' id='word_1_956' title='bbox 3627 5439 3640 5460; x_wconf 91' lang='lat'><strong><em>,</em></strong></span> <span class='ocrx_word' id='word_1_957' title='bbox 3665 5417 3808 5471; x_wconf 70' lang='lat' dir='ltr'><strong><em>quem</em></strong></span> 
     </span>
    </p>
   </div>
   <div class='ocr_carea' id='block_1_121' title="bbox 2231 5459 3808 5522">
    <p class='ocr_par' dir='ltr' id='par_1_121' title="bbox 2231 5459 3808 5522">
     <span class='ocr_line' id='line_1_121' title="bbox 2231 5459 3808 5522; baseline 0.001 -11"><span class='ocrx_word' id='word_1_958' title='bbox 2231 5459 2374 5511; x_wconf 71' lang='lat' dir='ltr'><strong><em>tat-ito</em></strong></span> <span class='ocrx_word' id='word_1_959' title='bbox 2388 5459 2593 5522; x_wconf 16' lang='lat' dir='ltr'><strong><em>nomine,</em></strong></span> <span class='ocrx_word' id='word_1_960' title='bbox 2606 5461 2669 5507; x_wconf 89' lang='lat' dir='ltr'><strong><em>de</em></strong></span> <span class='ocrx_word' id='word_1_961' title='bbox 2692 5467 2882 5522; x_wconf 79' lang='lat' dir='ltr'><strong><em>septem</em></strong></span> <span class='ocrx_word' id='word_1_962' title='bbox 2903 5459 3206 5522; x_wconf 83' lang='lat' dir='ltr'><strong><em>sapientibus</em></strong></span> <span class='ocrx_word' id='word_1_963' title='bbox 3225 5460 3362 5517; x_wconf 87' lang='lat' dir='ltr'><strong><em>dicit,</em></strong></span> <span class='ocrx_word' id='word_1_964' title='bbox 3381 5459 3642 5522; x_wconf 80' lang='lat' dir='ltr'><strong><em>Diogenes</em></strong></span> <span class='ocrx_word' id='word_1_965' title='bbox 3666 5459 3808 5522; x_wconf 61' lang='grc' dir='ltr'><strong><em>[δατ</em></strong></span> 
     </span>
    </p>
   </div>
   <div class='ocr_carea' id='block_1_122' title="bbox 2231 5519 3811 5583">
    <p class='ocr_par' dir='ltr' id='par_1_122' title="bbox 2231 5519 3811 5583">
     <span class='ocr_line' id='line_1_122' title="bbox 2231 5519 3811 5583; baseline -0.001 -14"><span class='ocrx_word' id='word_1_966' title='bbox 2231 5524 2327 5572; x_wconf 81' lang='lat' dir='ltr'><strong><em>tius</em></strong></span> <span class='ocrx_word' id='word_1_967' title='bbox 2349 5521 2493 5570; x_wconf 87' lang='lat' dir='ltr'><strong><em>tradit</em></strong></span> <span class='ocrx_word' id='word_1_968' title='bbox 2515 5521 2743 5570; x_wconf 83' lang='lat' dir='ltr'><strong><em>Solonem</em></strong></span> <span class='ocrx_word' id='word_1_969' title='bbox 2760 5519 2936 5583; x_wconf 58' lang='grc' dir='ltr'><strong><em>ιυὶξειες,Δ</em></strong></span> <span class='ocrx_word' id='word_1_970' title='bbox 2950 5519 3089 5579; x_wconf 80' lang='lat' dir='ltr'><strong><em>cujus</em></strong></span> <span class='ocrx_word' id='word_1_971' title='bbox 3111 5525 3443 5583; x_wconf 69' lang='lat' dir='ltr'><strong><em>graccaverba</em></strong></span> <span class='ocrx_word' id='word_1_972' title='bbox 3468 5519 3582 5583; x_wconf 38' lang='lat' dir='ltr'><strong><em>{seu</em></strong></span> <span class='ocrx_word' id='word_1_973' title='bbox 3607 5533 3713 5580; x_wconf 58' lang='lat' dir='ltr'><strong><em>sm.</em></strong></span> <span class='ocrx_word' id='word_1_974' title='bbox 3737 5521 3811 5572; x_wconf 89' lang='lat' dir='ltr'><strong><em>vel</em></strong></span> 
     </span>
    </p>
   </div>
   <div class='ocr_carea' id='block_1_123' title="bbox 2228 5579 3811 5642">
    <p class='ocr_par' dir='ltr' id='par_1_123' title="bbox 2228 5579 3811 5642">
     <span class='ocr_line' id='line_1_123' title="bbox 2228 5579 3811 5642; baseline 0.001 -10"><span class='ocrx_word' id='word_1_975' title='bbox 2228 5596 2314 5632; x_wconf 53' lang='lat' dir='ltr'><strong><em>sui</em></strong></span> <span class='ocrx_word' id='word_1_976' title='bbox 2335 5590 2446 5642; x_wconf 69' lang='grc' dir='ltr'><strong><em>μηδεν</em></strong></span> <span class='ocrx_word' id='word_1_977' title='bbox 2467 5593 2558 5642; x_wconf 61' lang='lat' dir='ltr'><strong><em>am</em></strong></span> <span class='ocrx_word' id='word_1_978' title='bbox 2577 5595 2687 5630; x_wconf 88' lang='lat' dir='ltr'><strong><em>cum</em></strong></span> <span class='ocrx_word' id='word_1_979' title='bbox 2710 5579 2936 5630; x_wconf 85' lang='lat' dir='ltr'><strong><em>voculaid</em></strong></span> <span class='ocrx_word' id='word_1_980' title='bbox 2950 5586 3038 5637; x_wconf 85' lang='lat' dir='ltr'><strong><em>est,</em></strong></span> <span class='ocrx_word' id='word_1_981' title='bbox 3063 5579 3246 5640; x_wconf 75' lang='lat' dir='ltr'><strong><em>vulgati</em></strong></span> <span class='ocrx_word' id='word_1_982' title='bbox 3270 5582 3382 5631; x_wconf 91' lang='lat' dir='ltr'><strong><em>lihri</em></strong></span> <span class='ocrx_word' id='word_1_983' title='bbox 3406 5579 3582 5633; x_wconf 83' lang='lat' dir='ltr'><strong><em>omnes</em></strong></span> <span class='ocrx_word' id='word_1_984' title='bbox 3605 5579 3811 5634; x_wconf 83' lang='lat' dir='ltr'><strong><em>interse-</em></strong></span> 
     </span>
    </p>
   </div>
   <div class='ocr_carea' id='block_1_124' title="bbox 2229 5642 3810 5711">
    <p class='ocr_par' dir='ltr' id='par_1_124' title="bbox 2229 5642 3810 5711">
     <span class='ocr_line' id='line_1_124' title="bbox 2229 5642 3810 5711; baseline 0.004 -22"><span class='ocrx_word' id='word_1_985' title='bbox 2229 5651 2360 5711; x_wconf 76' lang='lat' dir='ltr'><strong><em>rnnt,</em></strong></span> <span class='ocrx_word' id='word_1_986' title='bbox 2389 5642 2701 5711; x_wconf 76' lang='lat' dir='ltr'><strong><em>Benedictina</em></strong></span> <span class='ocrx_word' id='word_1_987' title='bbox 2743 5643 2954 5711; x_wconf 80' lang='lat' dir='ltr'><strong><em>editione</em></strong></span> <span class='ocrx_word' id='word_1_988' title='bbox 2987 5649 3224 5710; x_wconf 49' lang='lat' dir='ltr'><strong><em>excepta,</em></strong></span> <span class='ocrx_word' id='word_1_989' title='bbox 3251 5650 3302 5692; x_wconf 88' lang='lat' dir='ltr'><strong><em>et</em></strong></span> <span class='ocrx_word' id='word_1_990' title='bbox 3329 5642 3445 5692; x_wconf 75' lang='lat' dir='ltr'><strong><em>Mss.</em></strong></span> <span class='ocrx_word' id='word_1_991' title='bbox 3471 5660 3681 5706; x_wconf 81' lang='lat' dir='ltr'><strong><em>quorum</em></strong></span> <span class='ocrx_word' id='word_1_992' title='bbox 3709 5645 3810 5696; x_wconf 79' lang='lat' dir='ltr'><strong><em>uul-</em></strong></span> 
     </span>
    </p>
   </div>
   <div class='ocr_carea' id='block_1_125' title="bbox 2233 5705 3134 5767">
    <p class='ocr_par' dir='ltr' id='par_1_125' title="bbox 2233 5705 3134 5767">
     <span class='ocr_line' id='line_1_125' title="bbox 2233 5705 3134 5767; baseline -0.004 -14"><span class='ocrx_word' id='word_1_993' title='bbox 2233 5705 2348 5762; x_wconf 83' lang='lat' dir='ltr'><strong><em>lum.</em></strong></span> <span class='ocrx_word' id='word_1_994' title='bbox 2373 5705 2457 5767; x_wconf 87' lang='lat' dir='ltr'><strong><em>qui</em></strong></span> <span class='ocrx_word' id='word_1_995' title='bbox 2483 5718 2540 5754; x_wconf 78' lang='lat' dir='ltr'><strong><em>ea</em></strong></span> <span class='ocrx_word' id='word_1_996' title='bbox 2565 5705 2822 5763; x_wconf 79' lang='lat' dir='ltr'><strong><em>retineret,</em></strong></span> <span class='ocrx_word' id='word_1_997' title='bbox 2849 5705 3134 5752; x_wconf 82' lang='lat' dir='ltr'><strong><em>iuvenimus.</em></strong></span> 
     </span>
    </p>
   </div>
  </div>
