3986 6184
563 332 702 389 1119

559 459 618 502 et
647 449 746 499 hoc
785 444 899 496 illas
933 449 1117 506 optare
1137 475 1152 500 ,
1177 442 1236 488 ut
1267 442 1319 486 te
1346 429 1576 484 habeant
1595 426 1986 495 superstitem),
2013 437 2133 477 cum

565 547 694 588 tetas
722 527 974 582 maturior
1005 523 1180 586 fuerit,
1212 529 1267 574 et
1297 519 1540 573 voluntas
1568 514 1800 585 gravior,
1831 511 2138 579 ﬁrmiorque

559 621 844 683 sententia,
918 617 1078 687 991
1154 613 1317 667 facies
1381 609 1520 679 quod
1570 607 1663 660 tibi
1712 607 1886 658 visum
1936 602 2136 664 fuerit;

557 713 670 765 into
711 707 851 778 quod
900 707 1156 759 Dominus
1199 700 1473 771 imperarit
1505 697 1620 770 (al.
1650 693 1912 765 imperat),
1943 692 2138 746 scitura

566 800 694 854 nihil
723 810 773 852 te
803 797 1101 850 habituram
1131 836 1146 861 ,
1177 793 1276 847 nisi
1307 790 1446 861 quod
1470 791 1523 843 iit
1551 789 1706 842 bonis
1730 785 1984 855 operibus
2011 796 2137 837 ero—

561 887 793 959 gaveris.
824 887 925 941 Alii
973 884 1238 939 a-dil‘tcent
1279 881 1548 936 Ecclesias
1577 919 1591 943 ,
1640 877 1867 931 vestiant
1914 875 2142 943 parietes

560 995 891 1036 marmorum
939 977 1172 1039 crustis;
1221 974 1588 1026 columnarum
1640 968 1809 1022 moles
1852 966 2139 1027 advehant,

564 1085 854 1138 earumque
901 1068 1161 1122 deaurent
1207 1063 1380 1130 capita
1428 1061 1716 1128 pretiosum
1762 1065 2010 1110 ornatum
2037 1067 2142 1106 non

563 1161 849 1216 seutientia
876 1174 890 1222 ;
922 1158 1082 1211 ebore
1113 1163 1440 1223 argentoque
1471 1150 1670 1212 valvas,
1708 1157 1762 1201 et
1798 1146 2021 1215 gemmis
2047 1159 2145 1197 att-

566 1263 676 1306 t'ata
715 1251 1039 1318 distinguant
1065 1246 1272 1300 altaria.
1297 1242 1412 1296 Non
1437 1238 1787 1309 reprehendo,
1819 1252 1922 1290 non
1949 1235 2141 1289 abnuo.

567 1339 941 1407 Unusquisque
984 1337 1036 1390 itt
1083 1349 1248 1388 sensu
1292 1347 1390 1385 suo
1435 1329 1691 1382 abundet.
1723 1326 2148 1394 Meliusque-est

571 1433 674 1484 hoc
701 1428 897 1491 facere,
928 1440 1088 1494 quam
1116 1422 1364 1492 repositis
1403 1420 1595 1488 opibus
1623 1417 1895 1470 incohare.
1923 1413 2029 1468 Sed
2055 1413 2148 1466 tibi

564 1521 707 1575 aliud
727 1518 1052 1589 propositum
1071 1526 1152 1569 est
1175 1532 1188 1568 :
1215 1513 1484 1568 Christum
1508 1509 1705 1564 vestire
1732 1507 1782 1561 iit
1808 1505 2147 1576 pauperibus,

572 1615 789 1666 visitare
838 1611 888 1662 iit
942 1607 1333 1678 languentibus,
1386 1615 1606 1672 pascere
1661 1600 1711 1652 in
1767 1596 2146 1658 esurientibus,

570 1702 844 1769 suscipere
871 1699 922 1752 iu
953 1697 1037 1751 his
1067 1696 1154 1764 qtti
1183 1704 1325 1749 tecto
1355 1691 1614 1760 ittdigent,
1638 1698 1693 1743 et
1719 1687 1948 1741 maxime
1981 1686 2032 1737 iit
2056 1683 2153 1736 do-

573 1790 807 1844 mesticis
837 1787 980 1852 ﬁdei,
1011 1787 1274 1854 virginum
1304 1783 1448 1835 alere
1493 1777 1842 1840 monasteria,
1869 1788 2150 1828 servorum

573 1883 687 1944 Dei,
717 1891 770 1934 et
800 1893 1087 1947 pauperum
1122 1875 1309 1943 spiritu
1357 1871 1553 1924 habere
1595 1882 1776 1920 curam
1803 1906 1819 1930 ,
1848 1864 1935 1932 qui
1964 1863 2153 1918 diebus

569 1984 628 2028 ct
649 1973 892 2026 noctibus
921 1970 1160 2024 serviunt
1192 1966 1416 2020 Domino
1447 1973 1574 2016 tuo:
1608 1961 1697 2030 qui
1720 1961 1772 2013 in
1805 1969 1944 2012 terra
1974 1958 2151 2026 positi,

573 2065 849 2118 imitantur
874 2062 1179 2130 angelorum
1209 2055 1694 2113 conversationem,
1722 2059 1776 2104 et
1824 2049 1951 2102 nihil
2012 2045 2154 2100 aliud

577 2156 890 2224 loquuntur,
917 2152 1016 2204 ttisi
1051 2149 1190 2220 quod
1221 2148 1285 2202 ad
1317 2145 1499 2200 laudes
1522 2144 1614 2197 Dei
1647 2139 1878 2211 pertinet
1905 2155 1918 2189 :
1950 2137 2155 2192 haben-

537 2248 544 2252 ’
578 2257 764 2314 tesque
811 2244 1006 2296 victum
1043 2250 1097 2294 et
1138 2239 1406 2301 vestitum,
1442 2234 1516 2306 (a)
1541 2233 1624 2288 his
1659 2231 1894 2301 gaudent
1935 2227 2154 2291 divitiis,

577 2333 668 2402 qui
719 2332 836 2400 plus
867 2331 1062 2382 habere
1096 2329 1281 2380 nolunt
1308 2341 1322 2376 :
1353 2325 1397 2378 si
1448 2334 1623 2376 tamen
1670 2329 1887 2373 servant
1916 2318 2159 2386 proposi-

579 2434 714 2476 tum.
747 2419 960 2486 Alioqui
988 2417 1032 2470 si
1060 2415 1289 2482 amplius
1328 2413 1654 2472 desiderant,
1683 2411 1763 2462 his
1803 2421 2013 2476 quoque
2042 2421 2159 2473 qute

580 2507 880 2562 necessaria
910 2517 1052 2567 sunt,
1084 2505 1380 2571 probantur
1411 2499 1633 2567 indigni.
1665 2499 1786 2551 llaec
1804 2497 1874 2550 ad
1901 2497 2158 2563 virginem

579 2599 820 2654 divitem.
850 2603 904 2648 et
933 2593 1188 2660 virginem
1221 2591 1453 2643 nobilem
1484 2605 1600 2642 sunt
1631 2589 1859 2640 locutus.

657 2686 744 2740 15.
785 2683 934 2738 Nunc
960 2693 1161 2735 tantum
1185 2679 1251 2732 ad
1279 2679 1538 2746 virginem
1568 2678 1754 2745 loquar
1780 2716 1794 2738 ,
1828 2674 1880 2728 id
1919 2682 2004 2728 est
2051 2689 2159 2727 non

581 2792 643 2830 ea
675 2791 792 2844 quae
823 2783 971 2826 extra
1005 2781 1076 2835 te,
1095 2770 1186 2823 sed
1220 2771 1272 2821 in
1305 2778 1356 2820 te
1387 2777 1529 2830 sunt,
1553 2775 1756 2818 tantum
1787 2764 2157 2818 considerans.

586 2865 787 2918 Prmter
828 2862 1148 2930 psalmorum
1200 2869 1253 2912 et
1296 2857 1555 2912 orationis
1603 2856 1868 2916 ordinem,
1897 2852 2038 2922 quod
2068 2852 2161 2905 tibi

583 2955 725 3010 liora
761 2953 962 3016 Tertia,
1003 2950 1182 3012 Sexta,
1210 2949 1379 3011 Noua,
1405 2947 1470 2998 ad
1501 2946 1820 3013 Vesperum,
1851 2943 2018 2997 Media
2062 2957 2163 2996 no-

582 3054 769 3111 cte,et
817 3043 969 3097 Mane
1011 3056 1223 3110 semper
1272 3048 1355 3094 est
1404 3043 1784 3097 exercendum,
1816 3045 1990 3089 statue
2033 3043 2164 3104 quot

585 3137 734 3191 horis
769 3147 1010 3189 sanctam
1041 3133 1368 3200 Scripturam
1413 3130 1656 3184 ediscere
1698 3127 1931 3191 debeas;
1964 3135 2164 3194 quanto

587 3237 828 3295 tempore
851 3226 1045 3293 legere,
1073 3237 1177 3276 non
1209 3221 1272 3274 ad
1317 3221 1575 3283 laborent,
1604 3217 1698 3272 sed
1738 3216 1804 3270 ad
1848 3216 2164 3271 delectatio-

589 3336 711 3372 nem
741 3329 793 3371 et
819 3317 1218 3377 instructionem
1262 3315 1476 3365 animae.
1518 3311 1757 3377 Cumque
1802 3309 1916 3362 hare
1965 3309 2166 3361 [inieris

589 3411 782 3477 Spatia,
815 3417 868 3459 et
894 3409 1196 3474 frequenter
1224 3415 1273 3456 te
1302 3402 1366 3454 ad
1402 3401 1605 3470 figenda
1635 3413 1829 3469 genua,
1863 3399 2165 3452 sollicitmlo

588 3501 781 3551 animae
827 3493 1181 3558 suscitaverit,
1209 3491 1402 3544 habeto
1449 3491 1620 3542 lattant
1649 3504 1862 3558 semper
1893 3490 1943 3540 in
1994 3488 2165 3541 inani-

591 3590 712 3651 bus,
741 3585 822 3638 vel
875 3582 1118 3636 staminis
1159 3581 1352 3649 pollice
1393 3579 1478 3631 ﬁla
1527 3579 1797 3642 deducito,
1845 3580 1928 3631 Vl'I
1968 3578 2033 3630 ad
2061 3589 2162 3631 tor-

589 3676 800 3745 quenda
830 3673 1158 3742 subtegmina
1189 3673 1240 3724 in
1277 3671 1496 3723 alveolis
1526 3669 1640 3722 fusa
1687 3678 1966 3722 vertantur
1990 3685 2005 3733 ;
2033 3669 2167 3721 alia-

594 3782 820 3838 rumque
865 3775 984 3820 neta
1014 3805 1028 3829 ,
1060 3772 1152 3816 aut
1201 3764 1253 3816 iit
1305 3762 1520 3833 globum
1562 3761 1774 3829 collige,
1806 3771 1897 3814 aut
1940 3761 2170 3814 texenda

591 3871 876 3926 compone.
903 3854 1030 3921 Quzr
1058 3863 1197 3906 texta
1243 3861 1386 3915 suttt,
1435 3850 1639 3918 inSpice
1667 3867 1680 3902 :
1713 3864 1832 3918 qua:
1858 3859 2056 3915 errata,
2085 3865 2172 3904 rc-

593 3945 904 4017 prehende:
934 3958 1051 4013 qua:
1073 3940 1337 4004 facienda,
1367 3940 1650 3992 conSIitue.
1682 3937 1740 3991 Si
1767 3937 1926 3991 tantis
1949 3953 2169 4006 operum

593 4037 944 4092 varietatibus
971 4034 1135 4087 fueris
1157 4040 1440 4099 occupata,
1469 4044 1734 4098 nunquam
1765 4028 1880 4082 dies
1906 4030 1998 4083 tibi
2031 4030 2173 4099 longi

595 4135 754 4182 erunt
783 4142 797 4180 :
824 4124 917 4178 sed
941 4122 1181 4192 quamvis
1211 4121 1410 4173 :cstivis
1430 4119 1714 4173 tendantur
1741 4118 1964 4183 solibus,
1988 4118 2175 4172 breves

597 4216 936 4275 videbuntur,
1013 4211 1175 4281 m2
1250 4211 1299 4262 iit
1323 4207 1728 4278 quilmsaliquid
1754 4209 1932 4276 operis
1956 4218 2178 4275 praster-

600 4307 822 4358 missum
852 4301 928 4370 (b)
959 4312 1058 4353 est.
1088 4302 1211 4352 lla:c
1238 4300 1551 4359 observans,
1579 4310 1630 4350 et
1665 4298 1887 4365 tcipsatn
1919 4296 2174 4362 salvahis,

602 4405 658 4448 et
699 4392 866 4450 alias,
916 4398 972 4442 et
1019 4389 1126 4441 eris
1175 4389 1426 4455 magistra
1473 4397 1671 4440 sancta:
1718 4386 2174 4451 conversationis,

602 4481 994 4548 ntultarumque
1037 4479 1336 4532 castitatem
1389 4477 1591 4528 luerunt
1641 4485 1786 4526 ttitittt
1817 4475 2000 4535 facies,
2031 4473 2178 4527 Scri-

602 4582 753 4644 ptttra
781 4570 991 4622 dicente
1020 4585 1032 4621 :
1062 4565 1129 4619 Iit
1168 4565 1430 4617 desideriis
1479 4574 1551 4616 est
1596 4564 1759 4615 omnis
1787 4565 1959 4615 auium
2009 4563 2176 4618 otiosi.

605 4662 715 4718 Nec
757 4659 954 4714 idcirco
996 4658 1086 4711 tibi
1117 4657 1183 4709 ab
1212 4669 1374 4722 opere
1403 4653 1721 4706 cessandum
1777 4654 2020 4720 est,quia
2074 4653 2181 4706 Deo

607 4751 840 4822 propitio
869 4747 1008 4802 nulla
1035 4762 1091 4800 re
1133 4745 1339 4813 indiges
1371 4760 1383 4795 :
1415 4743 1506 4795 sed
1536 4743 1654 4794 ideo
1683 4756 1803 4795 cum
1825 4743 2073 4794 omnibus
2100 4743 2180 4796 la-

608 4840 904 4898 borandunt
930 4848 1034 4903 est,
1065 4846 1120 4891 ιιι
1152 4852 1245 4905 per
1269 4835 1606 4888 occasionem
1638 4832 1836 4900 Operis,
1871 4832 1997 4884 nihil
2040 4832 2182 4886 aliud

610 4937 834 5006 cogites,
881 4932 981 4986 nisi
1023 4930 1163 4999 quod
1212 4927 1279 4980 ad
1320 4926 1527 4980 Domini
1576 4925 1804 4992 pertinet
1850 4923 2181 4978 servitutem.

611 5025 936 5098 Simpliciter
981 5023 1188 5090 loquar.
1217 5019 1470 5085 Quamvis
1515 5032 1728 5070 omnem
1769 5030 1987 5070 censum
2041 5025 2184 5069 tuum

612 5120 664 5170 in
699 5129 957 5187 pauperes
985 5112 1292 5171 distribuas,
1328 5109 1457 5162 nihil
1484 5108 1620 5175 apud
1648 5107 1915 5161 Christum
1940 5108 2039 5160 erit
2066 5121 2188 5176 pre-

613 5209 805 5260 tiosius
830 5246 845 5270 ,
872 5204 970 5257 nisi
1020 5200 1161 5270 qttod
1214 5199 1458 5252 inanibus
1486 5199 1587 5249 tuis
1619 5199 1727 5264 ipsa
1758 5195 2075 5259 confeceris,
2106 5195 2184 5247 vel

615 5298 668 5352 iit
696 5313 822 5351 usus
849 5293 1109 5363 proiirios,
1141 5291 1220 5342 vel
1263 5295 1312 5339 in
1353 5289 1652 5356 exemplum
1683 5285 1943 5354 virginum
1969 5295 2190 5338 caetera-

685 5427 986 5491 (a)_Ar_ldunt
1016 5423 1208 5491 quidam
1234 5421 1348 5470 Mss.
1375 5417 1677 5491 ttisporttenti
1707 5415 2012 5491 simt‘._Pa.ttlo
2045 5428 2188 5491 supra

619 5478 706 5549 pro
729 5478 969 5548 i’irgiuwu
987 5478 1138 5549 alere,
1155 5493 1271 5536 etc.,
1292 5490 1397 5549 erat
1421 5480 1676 5549 t’irginem,
1696 5488 1792 5528 etc.
1813 5479 1910 5549 130s
1923 5478 2189 5536 hujusmoJi

623 5540 734 5608 'vitta
758 5540 933 5608 passim
960 5549 1103 5593 etiam
1126 5540 1397 5608 inconsulto
1424 5540 1625 5608 legifero,
1655 5540 2036 5608 entendavimus.

691 5597 773 5664 (ω-
798 5607 935 5653 Falso
951 5615 1003 5654 et
1023 5605 1264 5652 contrario
1280 5616 1425 5651 sensa
1453 5602 1688 5650 Victorius
1703 5613 1810 5649 cum
1828 5600 2077 5660 impressis
2093 5597 2192 5659 ple-

624 5664 792 5723 risque
818 5665 935 5724 aliis,
964 5665 1228 5725 pra'tern.is
1256 5677 1333 5710 um
1356 5676 1447 5709 non
1467 5669 1554 5709 est.

1861 309 2099 368 SANCTI
2139 303 2510 363 lllERONYMl

3709 307 3838 367 Im

2242 433 2358 472 rum
2392 433 2405 468 :
2437 416 2518 470 vel
2545 415 2684 485 quod
2711 416 2844 471 avia:
2871 417 3138 488 matrique
3161 417 3379 486 oneras,
3412 420 3633 490 majora
3663 421 3738 477 ab
3767 426 3840 480 eis

2244 511 2295 563 in
2324 509 2669 562 refectionem
2703 523 2992 576 pauperum
3020 511 3190 580 pretia
3220 522 3532 582 receptura.

2318 601 2402 654 16.
2447 601 2590 654 Pene
2631 600 2884 668 praeterii,
2911 601 3053 670 quod
3084 602 3164 656 vel
3203 603 3532 672 praecipuum
3565 612 3676 659 est.
3707 604 3841 660 Dum

2244 703 2392 743 esses
2415 689 2655 758 parvula,
2682 698 2739 743 et
2766 700 2969 743 sanctae
2995 705 3060 744 ac
3086 691 3255 744 beata:
3280 693 3564 746 memoriae
3611 693 3841 749 Anasta-

2245 783 2356 836 sius
2420 781 2704 849 episcopus
2761 795 3036 834 romanam
3090 791 3303 850 regeret
3382 783 3724 847 ecclesiam,
3778 784 3841 838 de

2245 871 2473 926 Orientis
2520 871 2759 939 partibus
2806 869 3182 926 haereticorum
3213 886 3352 925 saeva
3377 881 3685 942 tempestas
3710 875 3840 928 siut-

2246 964 2538 1034 plicitatem
2569 961 2712 1026 fidei,
2745 977 2864 1031 qute
2892 962 3133 1030 Apostoli
3181 977 3311 1016 voce
3339 962 3555 1017 laudata
3583 973 3696 1028 est,
3726 965 3840 1033 pol-

2248 1053 2396 1106 luere
2423 1062 2476 1106 et
2519 1051 2838 1106 labefactare
2882 1061 3074 1106 conata
3118 1061 3222 1106 est.
3272 1053 3379 1107 Sed
3421 1054 3504 1107 vir
3548 1055 3840 1108 ditissima:

2250 1147 2577 1213 paupertatis
2649 1153 2705 1197 et
2788 1144 3103 1211 apostolica:
3177 1144 3599 1212 sollicitudinis,
3661 1149 3842 1201 statim

2251 1235 2466 1287 noxium
2493 1234 2717 1302 perculit
2741 1245 2919 1302 caput,
2951 1245 3006 1288 et
3041 1235 3308 1289 sibilantia
3353 1236 3540 1306 hydrae
3566 1252 3666 1292 ora
3697 1253 3843 1305 eom-

2251 1326 2476 1394 pescuit.
2507 1325 2574 1378 Et
2605 1325 2728 1394 quia
2753 1340 2963 1389 vereor,
2991 1326 3100 1380 imo
3121 1342 3338 1380 rumore
3362 1329 3614 1396 cognovi,
3644 1329 3705 1382 in
3728 1329 3846 1398 qui-

2252 1416 2473 1470 busdam
2517 1415 2691 1470 adhuc
2738 1419 2920 1472 vivere
2945 1427 3000 1471 et
3040 1418 3308 1487 pullulare
3333 1430 3595 1474 venenata
3624 1423 3843 1490 planta-

2252 1507 2352 1572 ria,
2385 1507 2512 1560 illud
2545 1517 2596 1562 te
2623 1509 2712 1576 pio
2732 1508 2970 1561 caritatis
3009 1508 3198 1564 affectu
3228 1513 3668 1576 przcmonendam
3694 1523 3842 1582 puto,

2254 1606 2311 1650 ut
2361 1598 2526 1650 sancti
2582 1597 2898 1659 Innocentii,
2927 1600 3014 1667 qui
3079 1600 3390 1668 apostolica:
3425 1600 3749 1668 atthedm,
3794 1613 3845 1658 et

2254 1687 2538 1756 supradicti
2571 1687 2667 1740 viri
2711 1703 2990 1743 succeSSor
3015 1699 3068 1742 et
3111 1689 3250 1742 ﬁlius
3274 1699 3379 1752 est,
3412 1699 3603 1745 teneas
3632 1692 3799 1746 ﬁdem
3826 1710 3841 1746 :

2255 1793 2353 1831 nec
2385 1779 2740 1847 peregrinam,
2772 1779 3016 1848 quamvis
3047 1778 3142 1833 tibi
3173 1780 3409 1849 prudens
3434 1781 3748 1852 callidaque
3775 1787 3844 1852 (ε)

2255 1866 2509 1930 videaris,
2542 1865 2840 1920 doctrinam
2884 1867 3131 1934 recipias.
3178 1868 3366 1922 Solent
3408 1870 3552 1923 enim
3587 1871 3844 1938 hujusce-

2258 1959 2400 2011 modi
2434 1972 2528 2026 per
2552 1958 2775 2026 angulos
2823 1958 3126 2023 mussitare,
3157 1967 3213 2013 et
3247 1959 3396 2028 quasi
3431 1961 3698 2027 justitiam
3730 1963 3841 2028 Dei,

2257 2061 2522 2116 quaerere.
2553 2045 2654 2099 Cur
2682 2047 2776 2099 illa
2812 2047 3016 2114 anima,
3043 2047 3097 2100 in
3127 2047 3219 2100 illa
3264 2058 3336 2101 est
3364 2059 3487 2102 nata
3529 2053 3796 2118 provincia
3819 2054 3844 2105 !

2263 2137 2397 2201 Quid
2445 2152 2614 2190 causa:
2671 2137 2892 2202 exstitit,
2927 2145 2980 2188 ut
3031 2138 3123 2190 alii
3167 2137 3234 2190 de
3283 2138 3574 2193 Christianis
3627 2157 3844 2194 nascan-

2261 2237 2344 2279 tur
2390 2226 2712 2295 parentibus,
2739 2227 2830 2280 alii
2871 2227 3001 2280 inter
3047 2231 3182 2296 feras
3234 2237 3280 2281 et
3337 2230 3638 2284 siccissimas
3678 2235 3847 2285 natio-

2261 2332 2369 2382 nes,
2404 2318 2488 2369 ubi
2536 2317 2680 2370 nulla
2735 2316 2828 2370 Dei
2878 2319 3058 2371 notitia
3099 2319 3487 2390 est?Cnmquc
3537 2321 3641 2376 hoc
3691 2327 3843 2392 quasi

2262 2410 2558 2477 scorpionis
2589 2409 2695 2462 ictu
2738 2410 3010 2478 simplices
3051 2421 3330 2480 quousque
3377 2415 3766 2481 percusserint,
3794 2426 3847 2470 et

2264 2499 2494 2551 tistulato
2521 2498 2758 2562 vulnere,
2789 2499 2962 2552 locum
2991 2500 3091 2554 sibi
3127 2501 3374 2566 iecerint,
3405 2518 3611 2556 venena
3651 2505 3845 2558 diﬂ'un-

2263 2588 2416 2642 dunt.
2447 2591 2681 2642 Putasne
2722 2589 2921 2643 frustra
2961 2589 3138 2645 infans
3164 2591 3437 2659 parvulus,
3455 2602 3513 2646 et
3539 2594 3628 2662 qui
3657 2595 3736 2664 (1)
3761 2597 3845 2649 vix

2265 2689 2489 2734 matrem
2520 2682 2652 2744 risu,
2679 2692 2732 2735 et
2774 2681 2950 2735 vultus
2983 2680 3248 2736 hilaritate
3276 2695 3602 2751 cognoscat;
3630 2686 3718 2754 qui
3749 2702 3846 2741 nec

2265 2771 2388 2824 boui
2434 2770 2628 2839 aliquid
2679 2770 2838 2835 fecit,
2891 2787 2989 2826 nec
3049 2774 3172 2826 mali
3225 2773 3468 2827 d:cmone
3522 2776 3842 2844 corripitur,

2265 2861 2451 2917 morbo
2471 2864 2789 2931 opprimitur
2857 2865 3022 2935 993
3096 2867 3262 2936 regio,
3289 2875 3426 2921 etea
3449 2871 3698 2934 sustinet,
3730 2885 3846 2938 quae

2265 2952 2510 3007 videmus
2536 2954 2726 3022 impios
2766 2956 3009 3011 homines
3035 2972 3140 3010 non
3184 2959 3469 3024 sustinere,
3502 2969 3559 3014 et
3585 2963 3847 3016 sustinete

2270 3044 2382 3099 Deo
2402 3047 2731 3100 servientes?
2751 3047 2843 3102 Sin
2868 3057 3045 3103 autem
3068 3049 3264 3118 judicia
3293 3061 3438 3114 sunt,
3465 3052 3729 3118 inquiunt,
3755 3052 3850 3105 Do.

2267 3136 2397 3190 mini
2428 3151 2574 3202 vera,
2595 3137 2880 3206 jttstiiicata
2913 3139 2966 3192 in
2987 3141 3286 3209 semetipsis
3310 3140 3481 3208 (Psal.
3510 3142 3623 3210 18).
3645 3152 3698 3195 et
3717 3142 3851 3196 nihil

2267 3225 2406 3295 apud
2438 3225 2607 3280 Deum
2637 3227 2884 3295 injustutn
2915 3240 3030 3292 est;
3061 3231 3170 3298 ipsa
3221 3231 3425 3284 ratione
3453 3232 3850 3300 compellimur,

2269 3325 2327 3368 ut
2353 3317 2634 3372 credamus
2666 3318 2869 3371 animas
2906 3318 3069 3375 fuisse
3106 3321 3156 3373 in
3181 3320 3510 3385 cmiestihns,
3536 3329 3596 3374 et
3636 3333 3858 3389 WE!

2269 3407 2512 3475 qttmdant
2565 3408 2780 3477 antiqua
2830 3422 3043 3477 peccata
3095 3410 3370 3463 damnatas
3419 3411 3473 3463 in
3537 3412 3852 3480 corporibus

2274 3495 2608 3561 humanis,et
2634 3507 2685 3549 ut
2707 3497 2779 3551 ita
2810 3498 3109 3566 loquamur,
3129 3501 3385 3566 sepultas,
3411 3515 3617 3569 uosque
3647 3502 3699 3553 in
3721 3501 3851 3552 valle

2272 3584 2624 3653 lacrymarum
2655 3601 2837 3653 manas
2859 3589 3005 3640 luere
3035 3601 3271 3641 vetcruut
3299 3598 3659 3653 peccatorum.
3706 3587 3851 3642 Unde

2273 3684 2328 3728 et
2360 3673 2622 3742 Propheta
2649 3674 2776 3729 dicit
2806 3692 2822 3732 :
2856 3674 3158 3746 Priusquam
3190 3677 3507 3742 Immiliarer,
3539 3694 3631 3746 ego
3658 3680 3852 3746 peccari

2274 3764 2444 3837 (Psul.
2491 3768 2614 3821 118.
2658 3768 2771 3835 67).
2801 3767 2909 3822 Et:
2943 3767 3084 3821 Educ
3113 3769 3175 3822 de
3207 3785 3406 3822 carcere
3444 3770 3672 3822 animam
3697 3786 3853 3822 meant

2275 3855 2445 3930 (Psal.
2495 3858 2617 3911 Ni.
2663 3858 2744 3928 8).
2775 3857 2874 3910 Et:
2906 3855 3014 3911 Iste
3041 3859 3282 3927 peccavit,
3310 3869 3363 3911 ut
3410 3875 3574 3912 aecus
3617 3875 3682 3912 ea:
3720 3870 3852 3911 utero

2276 3958 2584 4012 nasceretur,
2615 3965 2680 4001 an
2723 3960 2953 4018 parentes
2999 3951 3110 4019 ejus
3147 3947 3328 4018 (Jo'an.
3355 3952 3410 4004 9.
3437 3950 3496 4020 2)
3522 3951 3622 4004 ?et
3664 3960 3851 4004 cst-tera

2280 4039 2364 4092 his
2394 4039 2607 4093 similia.
2642 4038 2767 4092 llzcc
2813 4039 2972 4108 impia
2999 4049 3053 4093 et
3080 4039 3335 4093 scelerata
3367 4039 3608 4093 doctrina
3645 4040 3772 4093 oliui
3804 4040 3853 4092 in

2280 4129 2514 4200 Egypto
2540 4139 2592 4183 et
2617 4128 2851 4183 Orientis
2878 4129 3114 4196 partibus
3145 4129 3482 4194 versabatur,
3515 4139 3567 4183 et
3598 4144 3737 4182 nunc
3765 4131 3856 4181 ah-

2280 4221 2540 4283 scoudite,
2567 4219 2716 4288 quasi
2749 4220 2799 4271 in
2845 4217 3015 4272 foveis
3054 4219 3352 4282 viperarum
3392 4218 3529 4287 apud
3572 4220 3857 4286 plerosque

2280 4319 2540 4372 versatur,
2571 4311 2884 4378 illarumque
2939 4309 3166 4378 partium
3219 4309 3403 4378 polluit
3455 4311 3732 4378 puritatem
3760 4351 3775 4371 ,
3807 4319 3861 4363 et

2281 4401 2431 4469 quasi
2461 4399 2795 4453 hatreditario
2844 4399 3003 4461 malo,
3037 4399 3202 4466 serpit
3247 4399 3296 4452 in
3342 4399 3547 4467 paucis,
3575 4407 3634 4452 ιιι
3673 4413 3863 4467 perve-

2284 4491 2393 4542 niat
2417 4488 2482 4542 ad
2512 4487 2766 4556 plurimos
2795 4505 2808 4540 :
2836 4503 2996 4556 quam
3021 4497 3197 4544 certus
3218 4503 3354 4552 sum,
3387 4489 3530 4558 quod
3561 4488 3606 4542 si
3630 4489 3860 4541 audieris

2286 4594 2390 4632 non
2445 4578 2688 4646 recipias.
2737 4577 2912 4631 llabes
2959 4579 3102 4633 enim
3150 4578 3286 4647 apud
3318 4574 3499 4631 'Detnn
3554 4579 3860 4647 magistras,

2286 4683 2507 4737 quarum
2540 4667 2669 4720 tides
2695 4681 2880 4719 norma
2907 4667 3164 4720 doctrinm
3203 4678 3303 4720 est.
3334 4666 3578 4733 lntelligis
3603 4667 3734 4732 quid
3785 4667 3864 4717 lo-

2287 4775 2440 4826 quar.
2490 4756 2638 4809 Dabit
2666 4759 2807 4809 enim
2835 4757 2924 4809 tibi
2956 4757 3094 4810 Deus
3123 4757 3176 4810 in
3223 4755 3458 4810 omnibus
3501 4754 3861 4807 intellectum.

2287 4849 2396 4904 Nec
2424 4849 2600 4901 statim
2626 4848 2910 4902 adversum
2940 4849 3284 4902 satvissimatn
3321 4845 3585 4908 haeresim,
3611 4855 3672 4898 et
3698 4847 3809 4899 mul
3835 4860 3864 4896 ο

2292 4939 2375 4992 his
2423 4937 2674 5007 nequiora
2700 4977 2714 5000 ,
2745 4953 2865 5007 qua!
2891 4937 3022 5002 dixi,
3055 4937 3452 5006 responsionem
3504 4935 3587 5004 (ά)
3638 4935 3866 4988 hominis

2353 5070 2424 5132 (ο)
2457 5065 2779 5127 Martianaeus,
2802 5069 3044 5130 paucique
3065 5067 3144 5116 alii
3169 5080 3235 5117 ex
3261 5067 3404 5116 editis
3427 5065 3565 5114 libris
3587 5072 3643 5114 et
3667 5067 3782 5115 Mss.
3801 5065 3864 5113 ri-

2353 5138 2481 5178 atur.
2501 5130 2626 5178 auod
2651 5129 2873 5178 referunt
2887 5131 2944 5177 ad
2962 5130 3245 5177 doctrinam.
3258 5127 3475 5176 Plurium
3491 5134 3588 5178 est.
3605 5141 3721 5178 aute
3736 5128 3866 5174 nobis

2293 5131 2481 5187 deatur,
2501 5131 2626 5191 quod
2651 5131 2873 5178 referunt
2887 5131 2944 5177 ad
2962 5131 3245 5177 doctrinam.
3258 5131 3475 5176 Plurium
3491 5134 3588 5185 est,
3605 5141 3721 5188 quas
3736 5131 3811 5174 nol

2294 5190 2709 5260 probaturlectio,
2728 5191 2973 5260 simulque
2981 5191 3288 5260 concinnior.
3304 5255 3325 5260 Α
3384 5247 3414 5260 μ
3457 5245 3468 5256 ,
3640 5246 3654 5260 .
3684 5259 3687 5260 ν
3753 5245 3764 5254 ο
3800 5245 3811 5255 .

2361 5250 2430 5316 ((1)
2471 5251 2594 5299 Olim
2619 5251 2666 5297 in
2700 5246 3125 5316 vetusta'editione
3149 5255 3257 5296 erat
3291 5246 3492 5316 ordinis
3513 5260 3609 5316 pro
3634 5246 3863 5316 hamatis;

2295 5321 2343 5362 at
2365 5307 2590 5360 neutrum
2617 5324 2789 5372 revera
2819 5311 3002 5372 placet.
3038 5310 3189 5356 Porro
3219 5307 3347 5370 quod
3366 5307 3529 5372 Δθῶες-ι
3569 5307 3863 5372 Demetriadi

2294 5385 2552 5441 eos.
2587 5371 2714 5441 διέπει
2753 5366 3104 5441 “saeuisse
3141 5366 3287 5428 ίιιιειῖο
3320 5368 3378 5441 ³9
3413 5369 3612 5441 Atium:
3647 5381 3698 5441 ρ.
3718 5366 3862 5441 iam:

2297 5426 2402 5482 121.
2422 5426 2476 5480 in
2499 5445 2592 5494 qua
2617 5431 2897 5492 Origeniani
2933 5429 3042 5477 libri
3063 5441 3141 5489 ma
3160 5426 3312 5489 ‘A‘nay
3344 5426 3547 5476 fraudes
3575 5426 3788 5490 detegit,
3818 5433 3862 5474 et

2362 5530 2432 5594 (ι)
2462 5531 2755 5599 Expressum
2782 5543 2844 5579 ex
2871 5529 2952 5577 illo
2967 5526 3155 5599 .Virgilii
3183 5539 3329 5599 versu
3354 5526 3530 5599 Eclog.
3555 5529 3608 5578 ι.

2299 5654 2332 5703 Γ
2428 5594 2610 5664 .ma'pe
2631 5604 2775 5654 parve
2797 5603 2915 5653 puer
2934 5594 3033 5639 risu
3054 5597 3337 5648 cognoscere
3359 5594 3586 5636 matrem.

2321 5665 2516 5702 .ravms.

3899 78 3928 326 ἱ

3921 385 3945 512 ξ

3923 523 3946 742 l
