3986 6184
152 300 302 356 “'31

153 413 454 483 ﬂagitabis,
479 428 544 468 ne
566 428 670 468 non
698 421 807 468 tam
834 411 1170 483 prohibuisse
1193 409 1394 475 videar,
1422 424 1580 477 quam
1601 423 1750 462 com-

161 505 448 558 monuisse
478 521 491 557 :
523 519 640 558 cum
687 504 964 573 prarsentis
991 502 1169 572 operis
1208 503 1277 556 sit
1319 501 1597 556 instituere
1627 498 1647 571 [
1672 501 1744 553 al.

158 573 446 662 instruere]
474 592 750 659 virginem,
779 607 882 645 non
914 591 1178 646 hzereticis
1203 589 1547 660 respondere.
1573 588 1748 643 Caete-

156 694 288 732 rum
319 693 504 732 omnes
544 679 922 734 fraudulentias
943 695 1152 746 corum,
1182 689 1236 734 et
1260 679 1532 734 cuniculos
1555 679 1748 748 quibus

156 769 413 820 nituntur
455 767 764 824 subvertere
814 773 1128 834 veritatem,
1183 769 1235 823 in
1280 771 1385 823 alio
1422 783 1585 838 opere
1636 769 1746 823 Deo

153 858 453 927 adjuvante
475 901 491 925 ,
523 862 877 917 subvertimus
903 880 917 916 :
954 863 1094 932 quod
1125 864 1170 916 si
1203 863 1434 916 volueris
1457 903 1473 928 ,
1503 871 1747 931 prompte

153 945 502 1016 libenterque
530 938 823 1003 mittemus.
857 949 1134 1005 Ultroneas
1161 951 1323 1016 enim,
1363 950 1531 1013 aiunt,
1561 958 1746 1019 putere

154 1049 413 1101 merces;
442 1046 496 1091 et
515 1039 680 1105 pretia
707 1036 956 1093 facilitate
982 1039 1295 1094 decrescunt
1325 1038 1416 1110 [al.
1439 1038 1744 1110 decrescere]

157 1141 287 1194 quae
307 1141 521 1196 semper
546 1130 598 1182 in
628 1131 844 1185 raritate
868 1131 1066 1200 majora
1087 1141 1230 1185 sunt.

234 1216 324 1270 17.
369 1217 519 1272 Solet
564 1219 702 1272 inter
729 1219 1010 1290 plerosque
1037 1236 1158 1275 esse
1185 1231 1455 1276 certamen
1487 1263 1502 1287 ,
1545 1221 1740 1277 Utrum

148 1306 424 1372 solitaria,
475 1324 539 1362 an
588 1325 706 1363 cum
748 1313 928 1366 multis
953 1312 1058 1365 vita
1099 1312 1289 1366 melior
1333 1313 1404 1366 sit
1450 1330 1462 1365 :
1517 1327 1741 1380 quarum

159 1400 314 1463 prior
380 1399 658 1465 praefertur
705 1401 918 1469 quidem
974 1394 1400 1466 secundm/sed
1453 1402 1497 1454 si
1552 1402 1603 1454 in
1658 1402 1742 1455 vi-

155 1490 236 1541 ris
265 1489 558 1557 periculosa
587 1501 689 1552 est,
719 1507 786 1545 ne
812 1493 1062 1546 abstracti
1089 1493 1155 1546 ab
1185 1493 1457 1546 hominum
1491 1491 1736 1561 frequen-

156 1577 258 1642 tia,
289 1576 517 1631 sordidis
539 1588 593 1633 et
614 1579 789 1647 impiis
809 1562 1220 1650 cogitationibus
1240 1590 1457 1650 pateant
1479 1597 1495 1646 ;
1518 1589 1572 1634 et
1595 1579 1739 1649 pleni

155 1666 482 1734 arrogantia:
501 1675 554 1720 et
597 1668 890 1735 supercilii,
917 1681 1136 1725 cunctos
1161 1669 1475 1738 despiciant,
1501 1679 1741 1723 arment-

157 1770 270 1822 que
314 1756 516 1824 linguas
555 1771 700 1822 suas,
751 1758 832 1811 vel
882 1759 1114 1822 clericis,
1157 1759 1242 1814 vel
1296 1760 1414 1813 aliis
1465 1761 1740 1812 monachis

155 1843 490 1897 detrahendo
499 1839 624 1920 γάρ
649 1845 843 1912 quibus
873 1847 1169 1901 rectissime
1201 1847 1395 1900 dicitur
1423 1865 1436 1900 :
1467 1846 1592 1899 Filii
1641 1849 1737 1900 Ito-

153 1933 373 1996 minum,
391 1933 563 1986 dentes
584 1950 758 1986 eorum
785 1949 928 1986 arma
955 1945 1002 1987 et
1021 1935 1239 2004 sagittte,
1266 1943 1312 1988 et
1352 1935 1526 2005 lingua
1557 1951 1732 1989 eorum

153 2019 323 2092 995.
393 2021 593 2090 gladius
633 2034 809 2078 acutus
860 2023 1034 2094 (Psal.
1081 2025 1172 2081 56.
1205 2024 1276 2099 5)
1307 2045 1319 2079 :
1346 2037 1543 2095 quanto
1573 2030 1738 2097 magis

158 2112 214 2164 in
247 2112 476 2174 feminis,
504 2129 728 2182 quarum
757 2117 1029 2170 mutabilis
1054 2116 1422 2187 fluctuansque
1446 2120 1733 2184 sententia,

155 2201 206 2254 si
234 2217 334 2255 suo
361 2203 585 2258 arbitrio
612 2207 944 2274 relinquatur
964 2249 980 2273 ,
1007 2209 1116 2262 cito
1142 2210 1208 2263 ad
1233 2209 1498 2264 deteriora
1527 2211 1733 2265 delabi-

159 2300 250 2344 tur
266 2287 438 2346 Μονί
466 2308 567 2362 ego
592 2296 643 2348 in
671 2305 896 2364 utroque
919 2312 1075 2364 sexu,
1104 2313 1198 2367 per
1215 2301 1433 2353 nimiam
1457 2301 1736 2355 abstinen-

159 2383 290 2435 tiam
319 2384 526 2437 cerebri
573 2386 854 2440 sanitatem
899 2387 1216 2456 quibusdam
1259 2389 1425 2444 fuisse
1466 2399 1732 2444 vexatam.

159 2471 541 2540 Pnecipneque
572 2473 622 2526 in
647 2473 728 2526 his
753 2515 770 2538 ,
794 2476 882 2544 qui
914 2478 964 2528 itt
993 2477 1256 2531 humectis
1279 2487 1332 2532 et
1359 2478 1560 2546 frigidis
1585 2479 1737 2533 habi-

165 2568 412 2613 taverunt
441 2558 530 2630 [al.
559 2561 784 2615 habitant
790 2562 808 2634 j
839 2564 1048 2618 cellulis
1079 2582 1093 2616 :
1121 2565 1189 2618 ita
1222 2576 1278 2618 ut
1321 2569 1586 2621 nescirent
1610 2569 1735 2637 quid

151 2659 402 2718 agerent,
433 2667 605 2719 quove
631 2668 690 2707 se
713 2663 982 2708 verterent
1009 2673 1022 2708 :
1051 2657 1174 2724 quid
1203 2656 1367 2726 loqui,
1399 2657 1540 2728 quid
1560 2668 1735 2714 tacere

157 2733 486 2802 deberent/
489 2743 646 2795 Certe
675 2744 720 2796 si
768 2743 930 2797 rudes
976 2745 1312 2799 saecularium
1344 2748 1642 2801 litterarum
1667 2748 1735 2803 de

167 2831 484 2884 tractatibus
513 2830 793 2887 hominum
822 2833 1144 2889 disertorum
1180 2837 1451 2907 quippiam
1478 2839 1729 2907 legerint,

163 2918 541 2974 verbositatem
571 2923 739 2976 solam
765 2922 978 2978 discunt
999 2964 1014 2987 .
1043 2927 1246 2995 absque
1268 2928 1451 2981 notitia
1497 2927 1736 2997 Scriptu-

162 3023 340 3062 rarnm
364 3026 379 3074 ;
408 3021 460 3064 et
479 3011 631 3080 juxta
654 3020 806 3066 vetus
829 3013 1060 3083 elogium
1092 3032 1105 3068 :
1141 3030 1262 3070 cum
1289 3017 1436 3087 loqui
1464 3021 1730 3086 nesciant,

166 3109 339 3152 tacere
369 3115 474 3153 non
509 3109 730 3168 possunt
763 3119 776 3152 :
801 3102 1102 3173 docentque
1139 3104 1440 3175 Scripturas
1467 3125 1600 3178 quas
1627 3125 1733 3164 non

165 3189 502 3257 intelligunt;
551 3199 606 3243 et
648 3205 766 3244 cum
808 3192 928 3245 aliis
975 3197 1355 3264 persuaserint,
1405 3200 1734 3257 eruditorum

167 3278 267 3332 sibi
310 3290 591 3332 assumunt
620 3283 962 3349 supercilium
994 3302 1006 3335 :
1039 3287 1184 3353 prius
1221 3288 1590 3357 imperitorum
1621 3308 1736 3346 ma-

163 3371 336 3438 gistri,
377 3385 536 3439 quam
565 3371 844 3427 doctorum
892 3375 1159 3446 discipuli.
1190 3379 1394 3434 Bonum
1450 3393 1534 3436 est
1578 3383 1738 3453 igitur

161 3458 386 3513 obedire
413 3461 701 3528 majoribus
724 3501 739 3525 ,
769 3478 956 3530 parere
997 3468 1260 3534 prtefectis
1283 3467 1374 3541 [al.
1404 3473 1661 3546 perfectis]
1683 3485 1738 3530 et

163 3559 288 3617 post
328 3549 538 3618 regulas
578 3549 1004 3620 Scripturarum,
1055 3557 1178 3610 vita:
1223 3573 1334 3612 suae
1364 3562 1625 3616 tramitem
1671 3565 1738 3617 ab

165 3638 285 3690 aliis
312 3637 518 3693 discere
566 3656 709 3695 :nec
750 3655 1076 3713 praeceptore
1119 3649 1197 3702 uti
1248 3651 1502 3718 pessimo,
1533 3655 1738 3710 scilicet

166 3731 587 3797 przesumptione
623 3747 739 3786 sua.
792 3735 863 3788 De
894 3736 1088 3791 talibus
1114 3738 1326 3794 feminis
1354 3750 1409 3796 ct
1449 3746 1739 3812 Apostolus

168 3818 438 3886 loquitur:
471 3818 598 3882 Qua:
645 3823 1067 3894 circumferuntur
1130 3831 1266 3881 onmi
1309 3841 1450 3885 vento
1496 3833 1741 3890 doctrinae

163 3906 388 3976 (Epltes.
411 3909 464 3962 4.
493 3911 578 3978 li)
603 3927 617 3962 :
644 3927 839 3979 semper
855 3915 1121 3980 discentes,
1147 3928 1193 3969 et
1215 3935 1473 3988 nunquam
1494 3924 1561 3975 ad
1580 3927 1740 3978 scien-

165 3999 290 4051 tiam
318 4001 541 4052 ueritatis
567 4003 902 4068 pervenientes
929 4005 1004 4072 ('2.
1038 4005 1169 4060 Tim.
1193 4011 1246 4063 5.
1277 4011 1357 4079 7).

238 4085 328 4141 18.
373 4087 595 4139 Vitanda
624 4091 948 4144 stecularium
990 4097 1262 4151 consortia.
1282 4126 1355 4137 —
1381 4098 1737 4159 Matrouarttm

169 4177 378 4230 maritis
408 4190 470 4229 ac
507 4178 702 4230 sacculo
740 4182 1105 4248 servientium,
1145 4185 1236 4238 tibi
1264 4191 1530 4244 consortia
1570 4193 1738 4248 decli-

167 4276 369 4322 nentur
396 4307 411 4331 ,
446 4283 514 4321 ne
539 4269 857 4339 sollicitetur
880 4273 1092 4327 animus
1115 4314 1129 4336 ,
1158 4285 1211 4330 et
1248 4277 1433 4333 audias
1457 4322 1471 4342 ,
1502 4283 1626 4350 quid
1657 4287 1740 4340 vel

172 4357 396 4409 maritus
427 4356 616 4420 uxori,
667 4361 745 4410 vel
789 4374 923 4412 uxor
962 4361 1134 4416 locuta
1179 4366 1249 4418 sit
1275 4366 1408 4420 viro.
1457 4369 1742 4428 Venenata:

170 4456 301 4501 sunt
354 4447 720 4517 hujuscemodi
771 4450 1252 4510 confabulationes.
1298 4456 1473 4527 Super
1516 4478 1743 4532 quarum

180 4540 540 4603 damnatione,
575 4543 884 4616 saecularem,
906 4560 1115 4600 versum
1134 4564 1411 4606 assumens
1433 4557 1742 4623 Apostolus,

173 4631 302 4684 fecit
331 4631 760 4687 Ecclesiasticum
795 4652 808 4686 :
842 4634 1178 4707 Corrumpunt
1233 4656 1394 4694 mores
1423 4642 1577 4697 bonos
1619 4661 1740 4700 con-

182 4721 515 4788 fabulationes
545 4723 774 4791 pesst'mtz
803 4726 878 4792 (1.
913 4726 1030 4782 Cor.
1064 4730 1176 4799 15).
1229 4732 1306 4800 (a)
1332 4731 1492 4802 Cujus
1530 4735 1743 4792 lambici

179 4819 408 4863 metrum
439 4810 562 4864 dum
602 4814 822 4866 verbum
859 4825 1037 4870 servat
1081 4833 1146 4872 ex
1177 4821 1342 4874 verbo
1367 4863 1383 4888 ,
1413 4839 1742 4895 nequaquam

171 4901 442 4969 expressit
512 4902 674 4957 latina
759 4908 1055 4963 translatio.
1125 4908 1325 4966 Graves
1395 4913 1638 4980 fcminte,
1693 4928 1778 4972 et'

173 4991 408 5046 maxime
433 4993 601 5048 viduae
623 5033 640 5059 ,
669 5009 731 5050 ac
759 4997 994 5067 virgines
1017 5038 1032 5063 ,
1066 5000 1156 5054 tibi
1187 5004 1409 5058 comites
1437 5008 1698 5076 eligantur
1727 5026 1742 5064 :

168 5165 713 5243 ἓιῖἶωξίξῖᾲρεᾳεηιιῳ
747 5178 943 5243 sumpta
982 5175 1235 5243 sententia
1263 5189 1342 5243 _ex
1382 5177 1616 5243 Cicerone
1660 5195 1745 5243 pro

171 5223 636 5304 ξεξξζκξίφςξρεᾉξιὺξ
651 5223 1122 5304 de_§oloue_agens,
1260 5223 1615 5300 ἱὶήωῖοίεῖἇὶὶίῖἱιῖ
1634 5223 1748 5304 sui»;

209 5286 376 5364 licium
395 5287 579 5364 nullum
613 5291 958 5364 constituisset,
979 5286 1091 5364 ite.“
1109 5286 1280 5358 inquit,
1317 5286 1413 5348 non
1445 5286 1745 5364 Massili-

171 5298 369 5392 pnctum
395 5298 579 5336 nuttum
613 5298 958 5362 constituisset,
994 5306 1072 5349 ne,
1109 5298 1202 5358 inqu

203 5357 302 5400 ere,
495 5349 753 5399 admonere
774 5353 1032 5424 inderetur.
1057 5354 1202 5406 Grav.

241 5403 305 5454 fa]
388 5420 418 5453 x
449 5406 728 5454 Menandro.
754 5419 809 5454 ut
829 5411 958 5454 alihi-
985 5427 1078 5454 nec
1100 5429 1196 5454 Ilnn

241 5403 305 5471 (a)
342 5403 429 5481 Ex,
449 5406 729 5465 Menandro,
754 5419 809 5461 ut.
829 5411 1078 5481 alibiLnec
1100 5403 1199 5467 uno
1216 5419 1266 5466 in
1287 5417 1393 5468 loco
1411 5426 1625 5470 notatum
1648 5431 1743 5481 est.

174 5477 373 5534 ’lsipwaw
392 5479 459 5536 seq
471 5482 609 5536 mea
639 5481 773 5536 ὁμιλεςι
800 5487 918 5536 ιαιιςιι.
943 5474 1060 5536 Ejus
1076 5490 1195 5528 vero
1213 5481 1354 5527 metri
1378 5484 1500 5529 ratio
1512 5485 1560 5530 in
1579 5474 1743 5532 Latina

175 5529 599 5594 interpretatione,
623 5529 678 5579 ut
700 5532 939 5582 Victorius
958 5529 1307 5594 animadvertit.
1332 5529 1526 5591 servata
1549 5529 1746 5593 inliqu

172 5587 367 5635 modum
389 5587 559 5637 fuisset
582 5603 595 5638 :

329 5657 490 5699 Mores
511 5649 651 5699 bonos
674 5649 906 5714 colloquia
929 5665 1236 5717 corrumpunt
1258 5661 1404 5709 mula.

1470 295 1800 352 EPiSTOLA
1841 293 2050 350 (LXXX.

3286 306 3425 362 H98

1847 421 2071 475 quarunt
2098 406 2318 477 probata
2339 418 2419 463 est
2457 409 2795 463 conversatio
2813 450 2828 475 ,
2857 426 3036 467 sermo
3065 414 3374 472 moderatus
3397 460 3414 483 ,

1846 505 2027 548 sancta
2068 496 2413 552 verecundia.
2461 498 2605 568 Fuge
2633 500 2905 554 lasciviam
2934 504 3232 570 puellarum
3259 549 3275 573 ,
3302 527 3422 578 qua:

1845 594 2040 639 ornant
2063 587 2259 655 capita,
2287 589 2461 642 crines
2489 604 2519 642 a
2551 589 2724 645 fronte
2746 591 3034 647 demittunt
3053 634 3068 657 ,
3100 606 3275 652 cutem
3321 615 3418 668 po-

1847 673 2002 740 liunt,
2030 685 2252 729 utuntur
2280 678 2363 746 (l)
2391 677 2694 746 pigmentis,
2722 681 3006 735 adstrictus
3027 681 3224 738 habent
3245 689 3419 740 maui-

1847 777 1960 829 cas,
1989 765 2307 819 vestimenta
2334 767 2450 820 sine
2485 783 2634 835 ruga,
2668 782 2959 838 Succosque
2990 774 3284 840 crispantes
3317 793 3329 828 :
3364 787 3422 831 ιιι

1845 853 1945 906 sub
1962 853 2177 908 nomine
2199 855 2458 924 virginali,
2479 857 2793 912 vendibilius
2814 869 3034 927 pereant
3056 859 3150 932 [al.
3166 865 3420 936 pareant].

1844 940 2021 994 Mores
2046 942 2186 996 enim
2211 951 2266 996 et
2293 943 2466 997 studia
2493 944 2848 1008 dominarum,
2879 948 3190 1020 plerumque
3218 967 3281 1005 ex
3315 970 3413 1006 an-

1845 1028 2087 1083 cillarum
2114 1039 2166 1084 et
2192 1031 2444 1084 comitum
2474 1025 2708 1087 moribus
2732 1035 3053 1103 judicantur.
3104 1038 3195 1092 Illa
3226 1041 3318 1095 tibi
3351 1042 3422 1096 sit

1845 1117 2086 1185 pulchra,
2139 1119 2228 1173 illa
2274 1121 2552 1185 amabilis,
2601 1124 2689 1176 illa
2730 1124 2969 1180 habenda
3043 1129 3204 1200 995
3280 1131 3420 1186 inter

1843 1206 2014 1260 socias
2043 1222 2161 1275 qua:
2205 1222 2265 1263 se
2311 1210 2480 1263 nescit
2517 1225 2636 1265 esse
2676 1213 2982 1281 pulchram;
3033 1232 3151 1284 qua:
3204 1220 3422 1290 negligit

1844 1293 2029 1349 furtiue
2044 1297 2262 1363 bonum,
2285 1309 2334 1353 et
2362 1301 2659 1369 procedens
2685 1302 2750 1354 ad
2780 1305 3070 1371 publicum,
3097 1324 3199 1361 non
3233 1321 3420 1378 pectus

1843 1394 1896 1439 et
1914 1386 2049 1440 colla
2081 1387 2334 1453 denudat,
2366 1405 2463 1445 nec
2505 1393 2661 1459 pallio
2700 1395 2938 1448 revoluto
2985 1400 3250 1453 cervicem
3293 1418 3422 1470 ape-

1843 1475 1947 1540 rit;
1977 1475 2072 1530 sed
2116 1493 2236 1547 qua:
2272 1479 2410 1532 celat
2436 1479 2628 1534 faciem
2655 1522 2669 1545 ,
2717 1493 2770 1536 et
2801 1486 2884 1538 vix
2935 1501 3040 1539 uno
3089 1489 3277 1554 oculo,
3330 1493 3420 1561 qui

1841 1563 1941 1617 vite
1968 1568 2302 1620 necessarius
2327 1577 2429 1634 est,
2461 1579 2676 1636 patente
2698 1573 3011 1641 ingreditur.

1913 1651 2003 1706 19.
2057 1653 2194 1718 Quid
2241 1658 2875 1726 fugiendum—Dubito
2914 1679 2981 1717 an
3025 1665 3210 1734 loquar
3262 1687 3275 1722 :
3322 1671 3415 1724 sed

1839 1741 2001 1793 velim
2023 1781 2038 1806 ,
2071 1744 2233 1796 nolim
2263 1784 2276 1808 ,
2313 1747 2435 1813 quia
2468 1749 2660 1800 crebro
2699 1751 2758 1802 fit
2782 1791 2795 1813 ,
2825 1752 3110 1808 dicendum
3153 1768 3234 1809 est
3269 1776 3281 1810 :
3312 1775 3417 1812 non

1839 1845 1946 1898 quo
1969 1831 2080 1885 lucc
2105 1833 2156 1885 iu
2191 1844 2240 1887 te
2272 1835 2458 1888 timere
2483 1836 2704 1890 debeam
2731 1879 2746 1903 ,
2770 1855 2890 1908 qu.e
2923 1842 3018 1894 ista
3053 1843 3282 1899 forsitan
3325 1865 3420 1902 ne-

1839 1921 1977 1975 scias
1997 1960 2012 1984 ,
2045 1936 2144 1975 nec
2175 1938 2404 1992 unquam
2435 1925 2669 1979 audieris
2717 1945 2734 1983 :
2785 1929 2877 1981 sed
2916 1948 3020 2000 quo
3053 1949 3146 2000 per
3175 1940 3416 1990 occasio-

1839 2026 1959 2064 nem
1989 2014 2084 2077 tui,
2127 2025 2339 2068 caeterre
2386 2018 2782 2083 prazmonenda:
2834 2021 2958 2074 sint.
3011 2022 3411 2082 Cincinnatulos

1838 2115 2032 2168 pueros
2055 2111 2110 2154 et
2133 2104 2524 2157 calamistratos
2545 2147 2560 2168 ,
2591 2116 2645 2159 et
2699 2110 2960 2176 peregrini
3008 2114 3172 2168 nmris
3210 2118 3416 2172 olentes

1838 2189 1914 2259 (ὁ)
1945 2191 2221 2258 pelliculas
2244 2232 2258 2257 ,
2289 2192 2357 2246 de
2380 2194 2573 2261 quibus
2603 2196 2730 2249 illttd
2762 2200 2835 2267 (c)
2887 2201 3087 2254 Arbitri
3113 2213 3195 2257 est
3227 2222 3240 2258 :
3287 2207 3410 2260 Non

1837 2279 1963 2333 bene
1989 2283 2108 2344 olet,
2131 2282 2214 2350 qui
2245 2281 2370 2334 bene
2394 2299 2592 2352 semper
2613 2285 2734 2350 olet,
2768 2290 2920 2356 quasi
2949 2291 3206 2357 quasdam
3236 2307 3413 2363 pestes

1837 2376 1893 2422 et
1918 2384 2118 2423 venena
2143 2371 2410 2439 pudicitiae
2451 2373 2600 2442 virgo
2628 2374 2828 2428 devitet
2856 2394 2870 2430 :
2905 2389 2960 2431 ut
2988 2391 3188 2435 taceam
3217 2385 3284 2438 de
3310 2402 3415 2441 cae-

1839 2457 1986 2520 teris,
2021 2458 2099 2527 (d)
2127 2473 2355 2527 quorum
2400 2461 2702 2530 importuna
2733 2466 2967 2520 visitatio
2996 2479 3050 2522 et
3075 2486 3133 2524 se
3173 2472 3411 2541 infamat,

1835 2555 1890 2599 et
1929 2547 2100 2611 alias;
2145 2558 2201 2602 ut
2228 2550 2389 2602 etiam
2416 2551 2460 2604 si
2503 2552 2634 2606 nihil
2668 2555 2789 2607 mali
2824 2568 3160 2625 perpetretur
3190 2581 3203 2617 :
3234 2572 3412 2621 tamen

1837 2634 1937 2716 hoc
1957 2637 2026 2690 sit
2050 2638 2132 2692 vel
2161 2641 2448 2693 maximum
2475 2641 2670 2695 malum
2694 2683 2710 2709 ,
2742 2644 2931 2699 frustra
2964 2659 3146 2717 patere
3188 2654 3415 2710 maledi-

1835 2711 1935 2778 etis
1962 2735 2014 2778 et
2044 2727 2307 2781 morsibus
2357 2728 2724 2786 Etlmicorum.
2771 2732 2879 2789 Nec
2918 2736 3018 2790 hoc
3058 2739 3126 2793 de
3163 2745 3414 2799 omnibus

1835 2815 2078 2884 dicimus,
2108 2819 2200 2873 sed
2229 2820 2296 2874 de
2327 2821 2430 2886 his,
2459 2838 2594 2889 quos
2615 2824 2848 2878 Ecclesia
2878 2827 2987 2894 ipsa
3019 2832 3402 2897 reprehendit;

1835 2919 1970 2974 quos
1996 2906 2258 2961 interdum
2281 2909 2494 2976 abjicit;
2524 2911 2576 2963 in
2617 2927 2752 2980 quos
2780 2930 3157 2984 nonnunquam
3193 2921 3409 2988 episco-

1838 3009 2024 3062 porum
2054 3007 2108 3050 et
2140 2998 2572 3068 presbyterorum
2595 3015 2820 3056 censura
2863 3005 3084 3059 deswvit
3113 3026 3126 3061 :
3163 3019 3217 3062 ut
3248 3025 3415 3080 prope

1840 3085 2187 3152 periculosius
2237 3086 2308 3139 sit
2348 3087 2559 3142 lascivis
2589 3092 2778 3157 pucllis
2807 3093 2874 3146 ad
2930 3093 3040 3148 loca
3097 3098 3369 3168 religionis
3395 3142 3411 3166 ,

1837 3187 1994 3240 quam
2020 3172 2086 3226 ad
2127 3173 2388 3241 publicum
2421 3178 2728 3244 procedere.
2761 3181 2890 3245 Qua:
2929 3187 3111 3236 vivunt
3136 3185 3188 3238 in
3230 3202 3417 3240 mona-

1837 3262 2021 3325 sterio,
2037 3273 2090 3316 et
2107 3278 2328 3331 quarum
2345 3265 2501 3318 simul
2517 3281 2736 3335 magnus
2749 3280 2826 3322 est
2841 3287 3117 3337 numerus,
3144 3292 3412 3346 nunqnant

1839 3351 1984 3415 solm,
2035 3367 2306 3422 nunquam
2344 3354 2460 3408 sine
2491 3365 2661 3410 matre
2713 3360 3020 3424 procedant.
3073 3364 3148 3418 De
3199 3368 3414 3435 agmine

1839 3440 2204 3495 columbarum
2233 3442 2426 3497 crebro
2463 3446 2715 3513 accipiter
2765 3464 2920 3502 unam
2969 3464 3201 3520 separat,
3249 3472 3408 3525 quam

1839 3530 2015 3582 statim
2046 3530 2260 3585 invadat
2301 3541 2357 3585 et
2399 3531 2596 3587 laceret
2618 3574 2635 3596 ,
2682 3537 2832 3606 cujus
2861 3541 3109 3594 carnibus
3138 3554 3192 3598 et
3220 3559 3412 3602 cruore

1839 3629 2123 3673 saturetur.
2159 3620 2408 3675 Morbida:
2434 3637 2563 3677 oves
2584 3641 2735 3680 suutn
2761 3630 3064 3698 relinquunt
3090 3649 3328 3704 gregem,
3359 3653 3415 3694 et

1840 3709 2080 3779 luporum
2106 3709 2342 3766 faucibus
2363 3711 2704 3768 devorantur.
2729 3718 2850 3771 Scio
2875 3735 2972 3788 ego
3008 3736 3220 3778 sanctas
3246 3728 3413 3796 virgi-

1845 3815 1964 3865 nes,
1991 3816 2108 3869 qua:
2148 3801 2336 3854 diebus
2365 3803 2512 3856 festis
2559 3814 2775 3872 propter
2811 3805 3161 3874 frequentiam
3192 3819 3415 3881 populo.

1841 3904 1982 3954 rum,
2023 3890 2210 3958 pedem
2241 3891 2384 3954 domi
2415 3891 2700 3957 cohibent;
2745 3910 2843 3948 nec
2883 3906 3006 3950 tunc
3031 3903 3408 3968 egrediuntur,

1842 3978 2052 4046 quando
2078 3979 2245 4046 major
2271 3988 2352 4032 est
2395 3979 2694 4034 adhibenda
2722 3984 2962 4037 custodia
2993 4026 3006 4049 ,
3039 3995 3094 4040 et
3143 3991 3412 4056 publicum

1842 4067 2050 4136 penitus
2077 4065 2437 4120 devitandum.
2469 4072 2604 4124 Ante
2629 4086 2798 4126 annos
2825 4075 3039 4129 circiter
3063 4080 3274 4147 triginta
3301 4121 3318 4146 ,
3347 4084 3415 4136 de

1843 4158 2156 4227 Virginitate
2180 4160 2435 4213 servanda
2458 4159 2596 4214 edidi
2614 4162 2804 4217 librum
2832 4163 3023 4234 (Epist.
3053 4183 3142 4222 xx.
3162 4169 3199 4222 ι.
3219 4179 3286 4223 aa
3312 4172 3418 4225 Eu-

1843 4249 2144 4318 stochium),
2179 4249 2232 4302 in
2256 4265 2362 4319 quo
2405 4265 2622 4307 necesse
2649 4252 2746 4307 fuit
2787 4256 2915 4309 mihi
2945 4258 3022 4312 ire
3048 4269 3236 4314 contra
3265 4264 3412 4329 vitia,

1915 4400 1980 4466 (ὁ)
2017 4401 2259 4469 Victorius
2289 4399 2456 4469 maluit
2477 4401 2719 4469 pellicula,
2755 4413 2924 4469 utpote
2949 4420 3178 4469 qumrnon
3202 4412 3262 4460 ad
3283 4412 3416 4463 olen-

1844 4463 1932 4522 tes,
1955 4463 2042 4510 Sed
2066 4463 2235 4511 verius
2256 4463 2314 4512 ad
2351 4463 2521 4524 pueras
2559 4463 2823 4515 referenda
2839 4469 2918 4516 sit.
2943 4463 3005 4516 A't
3037 4468 3174 4519 olere
3214 4474 3416 4524 verbum

1843 4536 1954 4587 cum
1975 4523 2230 4587 accusandi
2269 4523 2382 4572 casu
2409 4525 2954 4587 jungiturelegantius.
2989 4528 3089 4576 Has
3122 4537 3285 4579 autem
3307 4548 3416 4583 mu-

1845 4585 1980 4648 rinus
1996 4582 2170 4648 pelles,
2208 4582 2423 4648 quarum
2437 4582 2578 4648 usum
2598 4585 2724 4648 _alibi
2748 4582 2977 4648 'quoque,
3015 4596 3066 4636 et
3089 4590 3138 4636 in
3170 4590 3410 4643 Jovinian.

1846 4641 2010 4706 lib.72.'
2031 4645 2204 4692 acriter
2225 4641 2564 4706 reprehendit,
2587 4641 2860 4695 Jornandes
2878 4641 2931 4694 in
2954 4641 3151 4705 Geticis,
3173 4651 3234 4696 ab
3251 4641 3417 4700 Hunu-

1846 4705 1998 4764 guris,
2022 4716 2132 4765 quae
2153 4705 2527 4765 gens’liunnica
2565 4709 2660 4758 est,
2691 4708 2742 4754 in
2773 4709 2943 4756 orbem
2974 4706 3240 4757 Romanum
3272 4713 3416 4761 tradit

1847 4764 2140 4826 importatas.
2161 4764 2274 4826 ’Yid.
2299 4779 2407 4826 sup.
2434 4766 2578 4826 epist.
2602 4767 2778 4826 1737.711.
2807 4768 2848 4813 1.

1977 4777 2140 4814 rtatas.
2171 4777 2274 4813 Via.
2299 4779 2355 4814 su
2395 4801 2407 4814 .
2434 4777 2578 4826 epist.
2602 4777 2709 4813 1:7.
2729 4780 2778 4813 n.
2807 4777 2848 4813 t.

1913 4777 1976 4887 Ι)έί
2015 4823 2243 4890 Martialis
2263 4780 2462 4890 quidem
2498 4825 2586 4873 lib.
2620 4825 2669 4873 2.
2701 4825 2994 4890 Epigramm.
3029 4828 3300 4890 hujusmodi
3339 4837 3416 4880 est

1846 4886 2048 4952 versus;
2083 4886 2206 4952 apud
2246 4886 2640 4952 Arbitrum-vero
2671 4898 2770 4952 _non
2815 4887 3051 4952 invenio;
3202 4901 3266 4937 ex
3309 4893 3416 4952 ejus

1849 4943 1984 4993 libris
2003 4943 2221 5007 quaedam
2242 4947 2396 4993 adhuc
2417 4944 2684 4992 desiderari
2719 4953 2883 4994 notum
2911 4960 2924 4992 :
2949 4954 3001 5018 et
3025 4943 3166 4996 facile
3202 4943 3415 5056 uterjue

1849 5005 2026 5054 Auctor
2048 5004 2268 5054 eamdem
2304 5005 2456 5056 notuit
2493 5016 2752 5056 usurpasse
2789 5014 3100 5056 sententiam.
3146 5015 3202 5056 ut
3241 5022 3306 5056 mt
3345 5020 3415 5056 tas

1847 5004 2268 5066 Auctor'eamdem
2304 5005 2456 5066 potuit
2493 5016 2752 5064 usurpasse
2789 5008 3100 5066 sententiam,
3146 5015 3202 5056 ut
3241 5004 3417 5060 multas

1847 5064 1966 5112 alias
1983 5075 2160 5113 revera
2184 5064 2365 5111 habent
2386 5064 2514 5112 inter
2535 5076 2592 5111 se
2614 5075 2908 5113 communes.
2934 5064 3102 5116 Potius
3123 5066 3419 5118 Cisterrien-

1846 5125 1915 5172 sis
1935 5123 2024 5188 Ms.
2049 5123 2310 5188 lectionem
2335 5122 2556 5188 expendi
2583 5123 2862 5188 velim,__ubi
2882 5139 2980 5188 pro
3001 5125 3190 5188 Arbitri,
3216 5131 3416 5178 nomine

1850 5182 2110 5252 esttrivii;
2134 5184 2326 5252 pr0prie
2349 5179 2480 5252 enim
2500 5179 2624 5252 illud
2644 5179 2772 5252 τήιῇ
2787 5179 2989 5252 _diciiur,
3013 5201 3100 5249 pro
3119 5187 3309 5252 vulgata
3332 5204 3416 5252 po-

1849 5243 2194 5306 puli__sermone
2216 5243 2478 5306 Sententia,
2503 5244 2764 5306 cuiusmodi
2786 5245 2887 5294 htec
2909 5243 3100 5296 videtur
3118 5243 3287 5296 fuisse.
3333 5243 3348 5252 “
3427 5275 3433 5306 ;

1916 5302 1983 5366 (d)
2012 5303 2136 5371 Rost
2156 5302 2337 5371 Erasm.
2365 5302 2846 5371 editor_Benedictin.
2866 5319 3089 5371 auarum,
3106 5309 3232 5371 quod
3251 5321 3416 5358 eme"-

1847 5362 2061 5411 dant'alii
2085 5364 2253 5411 excusi
2276 5370 2328 5411 et
2350 5363 2644 5411 vetustiores
2677 5366 2829 5413 nostri
2866 5362 2980 5415 Mss.
3012 5362 3139 5416 citin'
3159 5367 3313 5420 palam
3351 5372 3416 5420 sit

1847 5424 1911 5470 de
1928 5423 2192 5484 juvenibus
2224 5435 2500 5471 sermonem
2538 5436 2668 5483 esse,
2702 5427 2784 5486 qui
2829 5428 3045 5488 virgines
3076 5423 3250 5478 crebro
3289 5431 3415 5478 invi-

1847 5491 2032 5531 serent.
3423 5516 3425 5519 '

1849 5542 2105 5652 malem?“
2361 5555 2449 5604 pro
2469 5556 2567 5606 quo
2589 5542 2804 5596 lamentis
2827 5545 3029 5597 Gravius
3049 5549 3220 5611 probat
3244 5561 3306 5598 ex
3332 5547 3416 5599 illo

1899 5605 2050 5652 artial.
2077 5605 2160 5652 lib.
2185 5605 2231 5650 3.

2005 5672 2220 5714 Lomento
2243 5675 2388 5726 rugas
2409 5665 2533 5714 uteri
2555 5665 2680 5722 quod
2703 5670 2906 5719 condere
2927 5674 3094 5721 lentas.
