3986 6184
111 347 285 407 ιιεδ

1480 338 1812 398 EPISTOLA
1853 338 2041 394 CXXX
2053 379 2066 391 .

3257 337 3314 392 ιι
3323 335 3393 392 28

117 477 360 520 sentem
394 471 446 520 te
471 461 666 517 habere
683 459 892 526 vellem,
917 472 1036 513 cum
1063 469 1168 526 quo
1195 455 1441 525 loquerer
1471 454 1724 524 quidquid
1822 453 2045 522 posset?
2074 450 2202 505 Nam
2233 450 2370 521 quod
2402 466 2523 505 vere
2543 450 2970 504 incommutabile
2993 458 3045 504 et
3071 450 3396 522 incorrupti-

118 557 367 609 vellem.
397 555 506 608 Nec
534 552 651 606 ideo
674 560 848 604 tamen
871 565 975 604 non
999 548 1156 603 debui
1188 547 1362 601 facere
1383 547 1523 616 quod
1553 547 1718 614 potui,

120 648 177 702 si
215 659 334 702 non
363 644 505 714 potui
535 641 867 716 totunthuod
896 641 1054 696 volui.
1093 659 1112 691 ι

210 737 277 791 2.
319 755 339 787 ι
372 736 510 790 Ecce
536 733 762 788 venitad
801 747 888 787 me
914 731 1189 802 religiosus
1209 730 1438 800 juvenis,
1465 729 1722 782 catholica

122 841 282 897 pace
309 825 496 889 frater,
524 834 681 878 mtate
706 823 866 888 filius,
895 823 1100 877 honore
1125 823 1524 892 comprcsbyter
1545 828 1726 874 noster

125 917 400 981 Orosius,
424 915 551 984 vigil
575 913 812 984 ingenio,
834 913 911 986 (a)
930 922 1206 982 promptus
1240 913 1470 982 eloquio,
1497 911 1726 980 ﬂagrans

124 1007 354 1070 studio,
389 1007 517 1060 utile
548 1019 640 1058 vas
668 1004 720 1059 in
745 1003 905 1057 domo
929 1002 1135 1056 Domini
1153 1017 1271 1056 esse
1295 1001 1628 1064 desiderans,
1657 999 1725 1053 ad

127 1097 484 1153 :-'efellendas
538 1096 702 1150 falsas
753 1094 1187 1165 perniciosasque
1247 1093 1557 1158 doctrinas,
1608 1108 1726 1162 qua:

131 1191 366 1243 nnimas
405 1189 757 1257 Hispanorum
801 1186 968 1240 multo
997 1183 1291 1247 infelicius,
1321 1198 1478 1252 quam
1503 1197 1724 1252 corpora

133 1273 466 1331 barbaricus
503 1277 748 1346 gladius,
786 1273 1136 1329 trucidarunt.
1175 1273 1306 1327 Nam
1349 1273 1470 1326 inde
1517 1271 1582 1324 ad
1631 1287 1727 1325 nos

134 1381 325 1434 usque
348 1365 417 1418 ab
437 1365 622 1419 oceani
646 1365 823 1418 littore
843 1363 1162 1432 properavit,
1185 1362 1321 1414 fama
1343 1361 1567 1425 excitus,
1585 1359 1724 1428 quod

131 1471 166 1510 a
202 1471 297 1509 tne
330 1454 596 1524 possetde
619 1453 726 1519 his,
759 1469 878 1523 qua:
911 1453 1054 1506 scire
1085 1452 1264 1515 vellet,
1288 1449 1538 1520 quidquid
1568 1450 1728 1502 vellet

133 1548 356 1602 audire.
386 1547 566 1616 Neque
613 1546 813 1600 nullum
855 1545 998 1613 cepit
1043 1543 1303 1598 adventus
1352 1543 1432 1596 stti
1477 1541 1722 1595 fructum.

137 1639 334 1694 Primo
373 1654 440 1694 ne
483 1638 551 1693 de
599 1653 684 1692 me
727 1637 950 1690 multum
1016 1635 1169 1689 famae
1220 1635 1488 1689 crederet.
1528 1633 1726 1687 Deinde

137 1732 308 1786 docui
354 1731 624 1786 hominem
651 1729 791 1798 quod
823 1729 968 1798 potui
1002 1744 1016 1780 :
1048 1727 1188 1797 quod
1215 1737 1390 1780 autem
1420 1741 1524 1780 non
1556 1725 1722 1795 potui,

139 1823 294 1877 unde
324 1821 530 1876 discere
558 1827 760 1890 posset,
808 1818 1096 1879 admonui,
1127 1829 1284 1886 atque
1333 1826 1389 1869 ιιι
1427 1814 1492 1868 ad
1527 1825 1576 1868 te
1627 1815 1728 1868 iret

142 1913 398 1967 hortatus
425 1927 562 1966 sum.
609 1911 718 1978 Qua
752 1909 804 1962 in
864 1923 922 1962 re
960 1907 1238 1960 consilium
1281 1905 1363 1959 vel
1405 1914 1725 1975 prmeeptum

142 2018 332 2057 meum
361 2016 480 2056 cum
510 2000 734 2054 libenter
771 2006 825 2052 et
851 1997 1159 2052 obedienter
1199 1997 1501 2066 acciperet,
1548 1997 1726 2064 rogavi

139 2108 277 2147 eum
307 2100 364 2146 ut
390 2090 486 2146 abs
517 2099 568 2144 te
593 2089 838 2153 veniens,
872 2102 966 2156 per
997 2101 1093 2138 nos
1136 2085 1201 2139 ad
1251 2087 1464 2156 propria
1517 2101 1726 2139 remea-

144 2194 259 2240 ret.
293 2184 458 2250 Quam
487 2181 600 2252 ejus
642 2179 1070 2250 pollicitationem
1123 2185 1347 2243 tenens,
1391 2175 1726 2231 occasionem

148 2274 286 2328 mihi
311 2270 513 2326 credidi
535 2287 562 2323 a
587 2269 808 2322 Domino
828 2282 949 2322 esse
981 2281 1291 2321 concessam
1315 2306 1331 2331 ,
1356 2282 1457 2335 qua
1483 2267 1573 2318 tibi
1594 2265 1728 2320 scri-

146 2365 338 2420 berem
373 2363 440 2417 de
489 2363 592 2425 bis,
622 2377 741 2430 qua:
787 2375 881 2428 per
923 2369 976 2413 te
1019 2357 1157 2412 scire
1187 2358 1363 2425 cupio.
1413 2357 1725 2422 Quaarebam

149 2455 297 2510 enim
325 2468 479 2522 quem
506 2451 572 2505 ad
607 2461 656 2504 te
683 2451 946 2505 mitterem
972 2489 986 2512 ,
1016 2463 1113 2502 nec
1143 2448 1270 2500 mihi
1297 2445 1452 2502 facile
1477 2462 1730 2501 occurre-

152 2546 247 2599 bat
273 2544 494 2598 idoneus
522 2552 576 2596 et
608 2541 711 2595 ftde
739 2541 950 2608 agendi,
985 2549 1038 2593 ct
1066 2540 1340 2592 alacritate
1367 2537 1646 2592 obedieudi
1678 2546 1733 2590 et

151 2639 320 2709 999
389 2635 768 2690 exercitatione
817 2631 1207 2702 peregrinandi.
1250 2629 1349 2684 Ubi
1398 2645 1526 2699 ergo
1572 2630 1729 2684 istunt

149 2730 405 2798 juvenem
454 2735 705 2796 expertus
744 2739 882 2784 sum,
923 2738 1044 2776 eum
1094 2722 1261 2790 ipsum
1301 2735 1419 2774 esse
1448 2719 1658 2790 qualem
1701 2735 1730 2772 a

161 2819 385 2872 Domino
411 2815 674 2885 petebam,
703 2813 943 2867 dubitare
965 2828 1068 2864 non
1099 2812 1261 2879 potui.
1317 2827 1336 2861 ι
1403 2862 1413 2874 ,

233 2908 288 2962 5.
323 2925 341 2958 ι
374 2907 572 2960 Αοοιρε
609 2905 767 2975 igitur
794 2919 911 2972 qua:
938 2901 1063 2954 mibi
1083 2942 1097 2966 ,
1121 2911 1262 2970 peto,
1295 2903 1502 2970 aperire
1531 2917 1591 2956 ac
1620 2901 1733 2956 dis-

158 3013 340 3054 serere
366 3012 467 3050 non
499 2995 761 3067 graveris.
790 2994 1020 3058 Qumstio
1041 2993 1105 3046 de
1126 2997 1301 3046 anima
1326 2993 1521 3048 multos
1546 2994 1730 3058 movit,

163 3090 216 3142 in
263 3087 453 3156 quibus
481 3097 535 3141 et
581 3100 668 3138 tne
696 3099 816 3138 esse
847 3085 1119 3138 conﬁteor.
1154 3084 1282 3138 Nam
1312 3085 1437 3153 quid
1465 3085 1531 3139 de
1557 3087 1732 3140 anima

165 3176 468 3230 firmissime
517 3185 744 3235 teneam,
787 3188 890 3225 non
933 3175 1136 3227 tacebo.
1185 3174 1380 3228 Deinde
1421 3175 1731 3244 subjungam

161 3267 290 3337 quid
324 3266 450 3320 mibi
479 3265 652 3318 adhuc
679 3263 920 3334 expediri
953 3264 1128 3316 velim.
1162 3265 1350 3318 Anima
1381 3264 1732 3319 ltominisim-

167 3355 405 3410 mortalis
426 3364 528 3415 est,
549 3353 838 3408 secundum
862 3351 1140 3420 quemdam
1167 3353 1378 3407 modum
1409 3371 1584 3408 suum.
1617 3355 1731 3409 Non

166 3445 305 3499 enim
349 3442 495 3496 omni
539 3442 696 3496 modo
725 3443 863 3496 sicut
894 3443 1063 3507 Deus,
1091 3441 1158 3496 de
1197 3458 1300 3511 quo
1325 3443 1522 3499 dictum
1551 3454 1633 3499 est
1657 3487 1670 3508 ,
1707 3464 1726 3498 ι

101 3515 118 3521 ’
167 3535 254 3603 qui
291 3534 426 3586 solus
476 3533 621 3586 habet
667 3533 1095 3586 immortalitatem
1147 3532 1248 3603 (l.
1300 3533 1433 3588 Tim.
1485 3537 1538 3590 6.
1596 3538 1729 3609 l5).

175 3643 194 3674 ι
225 3623 350 3676 Nam
394 3622 461 3677 de
507 3623 698 3676 animae
742 3623 998 3675 nmrtilnts
1030 3633 1208 3676 sancta
1253 3624 1525 3694 Scriptura
1571 3629 1731 3682 multa

168 3723 545 3768 commemorat
578 3731 592 3767 :
620 3713 756 3766 unde
790 3713 915 3766 illud
946 3725 1048 3778 est,
1086 3732 1105 3765 ›
1157 3716 1265 3768 sine
1310 3729 1531 3771 mortuos
1583 3736 1730 3786 sepe-

170 3807 264 3857 lire
301 3815 523 3856 mortuos
555 3820 671 3856 suos
695 3803 906 3873 (Matth.
937 3804 987 3857 8.
1019 3804 1132 3874 22).
1170 3824 1188 3856 ‹
1220 3805 1325 3860 Sed
1355 3809 1493 3875 quod
1523 3810 1591 3863 ita
1621 3829 1734 3866 ino-

174 3897 308 3949 ritur
326 3896 551 3948 alienata
574 3909 602 3946 a
635 3895 738 3947 vita
769 3895 883 3957 Dei,
916 3903 973 3947 ut
1014 3905 1185 3949 tamen
1219 3898 1269 3949 in
1299 3909 1480 3954 natura
1525 3919 1618 3954 sua
1658 3903 1734 3956 vi-

173 4001 295 4039 vere
324 4000 427 4038 non
469 3984 687 4036 omnino
729 3983 951 4036 desistat
998 4003 1011 4037 :
1057 3986 1124 4037 ita
1169 3989 1404 4041 mortalis
1445 4007 1511 4042 ex
1557 3993 1732 4062 aliqua

173 4089 326 4130 causa
356 4073 638 4136 invenitur,
665 4081 720 4125 ut
743 4073 899 4125 etiam
924 4074 1238 4128 immortalis
1259 4091 1362 4129 non
1389 4077 1502 4132 sine
1532 4081 1734 4137 ratione

172 4167 397 4220 dicatur.
432 4161 546 4215 Non
576 4171 658 4216 est
685 4177 806 4230 pars
835 4161 924 4215 Dei
961 4163 1156 4214 anima.
1186 4163 1242 4215 Si
1279 4166 1417 4218 enint
1446 4167 1546 4222 hoc
1571 4183 1732 4238 esset,

173 4255 314 4309 omni
359 4252 517 4306 modo
547 4253 989 4305 incommutabilis
1018 4261 1177 4321 atque
1216 4257 1624 4326 incorruptibilis
1651 4277 1736 4315 es-

177 4358 274 4401 set.
305 4345 454 4412 Quod
485 4346 528 4416 si
553 4353 714 4410 esset,
740 4358 837 4398 nec
861 4343 1111 4398 deliceret
1133 4345 1186 4398 in
1208 4345 1460 4412 deterius,
1489 4365 1587 4404 nec
1613 4367 1736 4420 pro-

186 4438 359 4490 liceret
389 4437 440 4487 in
471 4433 698 4497 melius;
740 4448 839 4487 nec
863 4433 1060 4501 aliquid
1087 4434 1139 4487 in
1165 4437 1450 4506 semetipsa
1493 4440 1574 4492 vel
1607 4442 1738 4496 inci-

179 4537 322 4598 peret
346 4526 546 4580 habere
573 4524 711 4594 quod
744 4541 848 4579 non
871 4525 1114 4590 habebat,
1141 4529 1223 4582 vel
1247 4527 1513 4584 desineret
1539 4531 1736 4590 habere

178 4615 312 4686 quod
350 4617 594 4680 habebat,
644 4626 896 4684 quantum
949 4616 1014 4670 ad
1063 4617 1180 4686 ejus
1227 4619 1392 4688 ipsius
1431 4622 1736 4681 all‘ectiones

182 4707 420 4776 pertinet.
443 4708 608 4775 Quam
637 4723 765 4762 vero
790 4709 944 4761 aliter
981 4723 1042 4762 se
1081 4709 1272 4764 habeat
1301 4752 1317 4778 ,
1362 4729 1468 4768 non
1494 4731 1628 4785 opus
1655 4730 1738 4774 est

179 4799 495 4854 extrinsecus
549 4799 885 4861 testimonio;
934 4801 1171 4867 quisquis
1212 4804 1441 4871 seipsum
1489 4809 1733 4875 advertit,

177 4892 426 4959 agnoscit.
463 4890 674 4944 Frustra
719 4899 894 4943 autem
939 4890 1131 4944 dicitur
1154 4893 1220 4946 ab
1247 4895 1324 4946 eis
1345 4936 1359 4958 ,
1392 4898 1480 4965 qui
1506 4901 1732 4956 animant

181 4982 270 5035 Dei
298 4989 491 5049 partem
518 4997 638 5036 esse
678 4983 878 5044 volunt,
913 4980 1048 5034 hanc
1073 4981 1190 5048 ejus
1224 4983 1392 5038 labem
1415 5003 1478 5041 ac
1509 4994 1732 5060 turpitu-

177 5073 370 5132 dinem,
424 5087 578 5139 quant
624 5072 863 5126 videmus
915 5072 1356 5144 in.nequissimis
1409 5076 1730 5148 hominibus,

181 5161 309 5216 hanc
345 5159 573 5230 denique
629 5161 986 5216 infirmitatem
1037 5173 1092 5216 et
1139 5164 1526 5234 aegritudinem,
1575 5186 1731 5239 quam

177 5254 424 5308 sentimus
447 5255 496 5307 in
526 5257 767 5309 omnibus
789 5256 1108 5321 hominibus,
1133 5274 1234 5312 non
1262 5275 1326 5314 ex
1358 5262 1468 5332 ipsa
1495 5265 1568 5318 illi
1595 5281 1732 5332 esse,

178 5343 265 5397 sed
293 5359 355 5396 ex
384 5359 626 5411 corpore.
666 5345 801 5409 Quid
845 5347 1066 5399 interest
1096 5347 1233 5401 ttndc
1272 5361 1511 5418 :rgrotet,
1541 5370 1659 5422 qua:
1687 5357 1730 5410 si

177 5443 308 5487 esset
355 5435 814 5501 incommutabilis,
873 5436 951 5506 (b)
998 5437 1270 5491 undelibet
1313 5452 1571 5510 a-grotare
1627 5461 1729 5498 non

236 5567 296 5641 (η)
333 5567 468 5641 Apud
493 5567 833 5641 Martiauteum,
858 5570 949 5641 qui.
980 5576 1087 5641 post
1120 5570 1368 5641 Erasmtun
1404 5573 1523 5641 banc
1556 5575 1733 5636 episto-

174 5629 267 5696 lam
283 5629 329 5696 iu
346 5636 653 5696 postremum
676 5629 1070 5696 tomumrejerit,
1095 5641 1291 5696 perlitus
1314 5632 1515 5696 eloquio.

236 5690 292 5754 (ti)
331 5687 742 5761 Aditur-clamat.
765 5703 824 5761 ac
861 5687 1274 5761 Militiaufaliqao
1310 5687 1464 5757 motio,
1506 5706 1556 5747 et
1591 5699 1731 5761 [aulo

173 5750 540 5818 poSt'accidisset
565 5763 651 5810 pro
671 5750 930 5801 accideret.

520 5831 580 5890 S.
628 5831 990 5892 Hrenoxvm
1037 5836 1082 5894 I.

1828 543 1935 598 bile
1961 551 2062 608 est,
2094 543 2288 596 nullius
2316 544 2388 617 rei
2421 556 2636 595 accessu
2669 540 2981 593 connuutari
3017 541 3101 593 vel
3129 533 3398 612 corrumpi

1828 642 2022 700 potest.
2065 631 2312 702 Alioquin
2353 646 2458 685 non
2491 631 2724 686 Achillea
2758 639 2980 694 tantum,
3028 631 3165 683 sicut
3205 629 3399 685 fabula:

1829 722 2024 782 ferunt,
2049 723 2141 775 sed
2173 724 2346 775 omnis
2375 736 2500 773 caro
2529 731 2670 773 esset
2702 719 3126 785 invulnerabilis,
3157 720 3200 772 si
3223 721 3402 774 nullus

1828 814 1876 867 ei
1907 828 2061 866 casus
2086 813 2369 866 accideret.
2403 811 2514 864 Non
2560 821 2639 863 est
2673 811 2847 878 itaque
2876 819 3062 862 natura
3105 809 3403 864 incommu-

1829 903 2024 968 tabilis,
2057 917 2174 972 qua:
2202 903 2380 971 aliquo
2408 902 2567 955 modo
2593 942 2606 965 ,
2636 901 2808 971 aliqua
2840 917 3018 964 causa,
3045 902 3223 971 aliqua
3253 911 3404 971 parte

1829 991 2094 1048 mutabilis
2113 1003 2214 1048 est.
2239 994 2400 1045 Deum
2427 1003 2600 1046 autem
2626 991 2772 1046 nefas
2792 1001 2893 1056 est,
2922 993 3019 1045 uisi
3035 1009 3159 1047 vere
3179 1009 3406 1048 summe-

1829 1100 1933 1153 que
1975 1083 2459 1138 incommutabilem
2500 1083 2740 1137 credere.
2775 1081 2889 1137 Non
2921 1092 3002 1135 est
3033 1083 3190 1152 igitur
3229 1085 3407 1139 anima

1831 1191 1953 1246 pars
1985 1175 2096 1230 Dei.
2158 1194 2178 1227 ›

1901 1270 1954 1321 4.
1986 1268 2168 1319 Anima
2194 1268 2514 1336 incorporea.
2542 1297 2611 1308 —-
2635 1266 3006 1336 lncorporeant
3044 1283 3256 1338 quoque
3283 1283 3408 1323 esse

1831 1357 2060 1412 animam
2089 1399 2104 1422 ,
2135 1359 2237 1413 etsi
2267 1359 2480 1413 difficile
2507 1359 2829 1413 tardioribus
2859 1359 3163 1428 persuaderi
3209 1367 3402 1427 potest,

1831 1450 1959 1503 mihi
1992 1459 2168 1504 tamen
2193 1451 2359 1504 fateor
2384 1465 2503 1505 esse
2523 1465 2851 1520 persuasum.
2879 1451 2985 1506 Sed
3017 1467 3081 1504 ne
3104 1451 3248 1504 verbi
3274 1466 3407 1504 eon-

1832 1541 2143 1594 troversiam
2195 1542 2273 1595 vel
2315 1541 2584 1610 superfluo
2635 1543 2818 1596 faciam
2849 1543 2930 1596 vel
2978 1542 3169 1596 merito
3201 1543 3402 1610 patiar,

1829 1634 2077 1703 quoniam
2130 1649 2235 1688 CUI
2289 1650 2356 1688 ne
2400 1651 2468 1688 ne
2511 1650 2740 1689 coasnr
2768 1676 2782 1699 ,
2828 1651 2932 1687 non
2979 1643 3062 1688 cst
3107 1650 3240 1703 opus
3291 1650 3410 1688 cer-

1831 1733 1944 1777 tare
1972 1722 2039 1777 de
2078 1724 2290 1776 nomine
2322 1741 2333 1774 :
2363 1724 2405 1777 si
2439 1738 2633 1792 corpus
2667 1734 2750 1778 est
2776 1725 2948 1778 omnis
2994 1725 3288 1778 substantia
3320 1727 3404 1778 vel

1830 1815 2080 1877 essentia,
2161 1813 2369 1883 1000
2439 1813 2521 1865 vel
2546 1813 2589 1865 si
2617 1814 2740 1882 quid
2761 1815 2935 1884 aptius
2964 1824 3296 1883 nuncupatur
3327 1815 3407 1880 id,

1830 1901 1970 1968 quod
2018 1901 2354 1970 aliquomodo
2395 1913 2480 1956 est
2521 1903 2571 1955 in
2625 1903 2821 1972 seipse,
2872 1918 3067 1971 corpus
3097 1913 3178 1959 est
3205 1905 3404 1958 anima.

1833 1994 1960 2047 Item
1981 1995 2026 2046 si
2059 2009 2175 2046 eam
2207 1995 2375 2048 solam
2413 1993 2779 2063 incorpoream
2813 1995 2985 2062 placet
3011 1996 3282 2064 appellare
3311 2013 3410 2050 na-

1832 2092 2025 2144 turam,
2066 2099 2183 2150 qum
2227 2099 2432 2136 summe
2478 2085 2924 2139 incommutabilis
2961 2096 3015 2140 ot
3059 2088 3254 2156 ubique
3301 2097 3411 2143 tota

1832 2186 1932 2238 est,
1963 2191 2155 2242 corpus
2181 2183 2262 2227 est
2289 2176 2460 2226 anima
2488 2190 2501 2236 ;
2529 2177 2776 2242 quoniam
2809 2177 2913 2229 tale
2938 2177 3134 2245 aliquid
3164 2180 3274 2248 ipsa
3303 2195 3410 2233 non

1831 2277 1932 2320 est.
1967 2266 2130 2320 Porro
2157 2265 2198 2318 si
2229 2282 2425 2333 corpus
2457 2283 2559 2318 non
2599 2281 2700 2329 cst,
2731 2269 2830 2319 nisi
2861 2269 3001 2336 quod
3029 2285 3121 2336 per
3151 2269 3252 2323 loci
3280 2287 3410 2338 spa-

1836 2359 1965 2410 tium
1993 2357 2165 2425 aliqua
2199 2355 2526 2424 longitudine
2550 2397 2564 2421 ,
2596 2355 2871 2411 latitudine
2893 2399 2907 2421 ,
2938 2368 2990 2412 et
3028 2359 3307 2414 altitudine
3338 2361 3408 2414 ita

1833 2447 2037 2499 sistitur
2084 2445 2167 2499 vel
2196 2456 2436 2498 movetur
2460 2485 2474 2508 ,
2509 2455 2566 2497 ut
2598 2445 2794 2514 majore
2837 2449 2917 2500 sui
2961 2458 3110 2516 parte
3151 2450 3407 2518 majorem

1834 2535 2006 2588 locmn
2035 2544 2276 2603 occupet,
2305 2545 2358 2588 et
2386 2535 2628 2588 breviore
2667 2536 2988 2602 breviorem,
3032 2539 3310 2607 minusque
3337 2542 3409 2594 sit

1834 2627 1886 2680 itt
1918 2637 2064 2695 parte
2103 2643 2258 2694 quant
2309 2627 2360 2680 in
2411 2637 2538 2691 toto,
2587 2645 2690 2681 non
2733 2640 2814 2682 est
2856 2645 3050 2698 corpus
3076 2632 3272 2686 anima.
3306 2632 3410 2688 Per

1836 2726 2000 2770 totum
2031 2719 2223 2786 quippe
2251 2733 2465 2786 corpus,
2497 2722 2635 2786 quod
2668 2722 2885 2781 animat,
2920 2735 3023 2774 non
3067 2723 3219 2776 locali
3249 2723 3408 2778 dill‘u-

1834 2810 1984 2863 sione
2005 2850 2020 2874 ,
2052 2810 2145 2863 sed
2187 2814 2412 2877 quadam
2445 2811 2586 2863 vitali
2619 2811 2912 2865 intentione
2937 2815 3242 2884 porrigitur.
3271 2816 3407 2871 Nam

1837 2915 1932 2969 per
1959 2915 2143 2955 omnes
2166 2901 2280 2970 ejus
2311 2902 2594 2970 particulas
2628 2909 2734 2954 tota
2766 2905 2922 2957 simul
2953 2905 3122 2971 adest,
3156 2923 3256 2962 nec
3301 2912 3408 2963 mi-

1837 3007 1936 3045 nor
1964 2992 2014 3044 in
2043 2993 2354 3058 minoribus,
2387 3002 2438 3046 et
2470 2993 2518 3045 in
2547 2994 2839 3060 majoribus
2867 2996 3058 3064 major,
3087 2999 3181 3053 sed
3207 3001 3408 3056 alicubi

1836 3082 2095 3136 intensius
2123 3122 2138 3147 ,
2169 3084 2357 3137 alicubi
2397 3086 2689 3151 remissius,
2723 3097 2775 3140 et
2821 3088 2869 3141 in
2900 3089 3146 3146 omnibus
3176 3103 3317 3159 tota,
3351 3105 3408 3148 et

1837 3171 1890 3223 in
1921 3171 2141 3240 singulis
2169 3181 2275 3226 tota
2308 3182 2410 3227 est.
2442 3173 2624 3243 Neque
2662 3176 2806 3230 enim
2831 3178 3006 3242 aliter,
3039 3181 3179 3250 quod
3210 3183 3259 3236 in
3287 3199 3408 3238 cor-

1836 3276 1967 3330 pore
1987 3263 2146 3316 etiam
2169 3279 2273 3316 nou
2297 3263 2368 3332 (c)
2392 3274 2502 3318 toto
2523 3267 2702 3332 sentit,
2729 3277 2903 3320 tamen
2933 3279 3038 3323 tota
3066 3274 3246 3330 sentit.
3274 3273 3408 3330 Nam

1835 3369 1954 3409 cum
1997 3356 2184 3423 exiguo
2215 3366 2408 3423 pllftt'lo
2455 3357 2506 3408 in
2536 3371 2694 3412 carne
2736 3360 2861 3412 viva
2892 3362 3086 3430 aliquid
3135 3366 3402 3434 tangitur,

1837 3444 2076 3511 quamvis
2105 3444 2254 3498 locus
2279 3444 2370 3498 ille
2400 3460 2502 3497 non
2526 3447 2697 3500 solum
2728 3450 2889 3502 totius
2913 3452 3154 3519 corporis
3181 3470 3283 3508 non
3314 3458 3407 3523 sit,

1836 3533 1928 3586 sed
1975 3533 2055 3585 vix
2090 3533 2142 3586 in
2181 3549 2406 3601 corpore
2433 3535 2686 3600 videatur,
2741 3539 2973 3592 animam
3019 3552 3194 3598 tamen
3244 3556 3408 3602 totam

1837 3637 1942 3676 non
1974 3623 2099 3676 latet
2132 3640 2335 3694 :neque
2362 3625 2412 3677 id
2441 3628 2579 3693 quod
2608 3629 2870 3693 sentitur,
2896 3648 2989 3701 per
3010 3637 3252 3703 corporis
3274 3653 3411 3692 eun-

1836 3707 1918 3768 cta
1949 3715 2236 3779 discurrit,
2284 3717 2375 3770 sed
2415 3716 2484 3770 ibi
2535 3728 2734 3774 tantum
2765 3726 2990 3776 sentitur
3030 3726 3118 3779 ubi
3150 3727 3224 3781 fit.
3255 3729 3410 3788 Unde

1837 3818 1964 3873 ergo
1985 3803 2048 3855 ad
2080 3813 2240 3856 totam
2271 3821 2393 3858 mox
2423 3810 2686 3874 pervenit,
2729 3811 2870 3877 quod
2919 3828 3022 3865 non
3074 3816 3127 3868 in
3175 3828 3285 3872 toto
3325 3821 3403 3888 fit,

1839 3894 1940 3948 nisi
1967 3896 2086 3962 quia
2113 3905 2166 3948 et
2196 3896 2263 3949 ibi
2290 3904 2397 3948 tota
2424 3908 2505 3949 est
2529 3898 2612 3950 ubi
2638 3899 2711 3961 fit,
2745 3916 2841 3952 nec
2861 3911 2916 3954 ut
2944 3911 3050 3958 tota
3082 3907 3149 3958 ibi
3181 3910 3270 3974 sit,
3302 3926 3409 3965 ca:-

1841 3993 1949 4036 tera
1980 3984 2222 4036 deserit?
2273 3983 2463 4037 Vivunt
2508 3987 2650 4039 enim
2691 3997 2745 4040 et
2775 3989 2859 4042 illa
2891 4007 2950 4044 ea
2996 4007 3285 4064 prteseute,
3318 4001 3408 4056 ubi

1839 4071 1968 4126 nihil
1997 4073 2102 4126 tale
2129 4071 2324 4126 factum
2353 4084 2454 4128 est.
2493 4065 2643 4142 Quod
2673 4078 2714 4131 si
2744 4077 2922 4144 ﬁeret,
2949 4092 3000 4136 et
3023 4094 3303 4158 utrumque
3330 4093 3408 4147 si-

1838 4163 1951 4216 mul
1982 4163 2150 4226 fieret,
2179 4164 2336 4216 simul
2365 4175 2647 4235 utrumque
2669 4176 2829 4222 totam
2851 4173 3046 4239 pariter
3067 4192 3172 4232 non
3197 4179 3408 4238 lateret.

1840 4253 2070 4308 Proinde
2098 4262 2152 4307 et
2181 4254 2233 4307 in
2265 4254 2514 4308 omnibus
2541 4258 2732 4319 simul,
2767 4270 2819 4313 et
2851 4262 2900 4314 itt
2927 4266 3150 4335 singulis
3177 4275 3412 4338 particu.

1839 4343 1905 4396 lis
1932 4345 2172 4412 corporis
2197 4345 2276 4398 sui
2304 4383 2319 4408 ,
2352 4355 2456 4397 tota
2503 4347 2658 4400 simul
2710 4366 2828 4406 esse
2871 4371 2976 4410 non
3006 4370 3206 4427 posset,
3234 4367 3275 4418 si
3316 4382 3412 4434 per

1841 4433 1958 4488 illas
2003 4437 2074 4488 ita
2117 4434 2519 4502 diffunderetur,
2554 4447 2610 4494 ut
2658 4442 2898 4500 videmus
2944 4463 3165 4520 corpora
3221 4433 3410 4514 dia‘nsa

1838 4541 1938 4594 per
1962 4527 2134 4596 spatia
2174 4527 2432 4592 locorum,
2467 4533 2759 4588 minoribus
2787 4538 2896 4592 suis
2943 4543 3178 4610 partibus
3204 4549 3411 4607 minora

1839 4633 2122 4687 occupare,
2177 4627 2234 4674 et
2279 4621 2624 4688 amplioribus
2666 4628 2941 4693 ampliora.
2991 4630 3328 4706 Quapropter
3365 4643 3410 4695 si

1839 4711 2014 4764 anima
2054 4725 2250 4780 corpus
2277 4725 2396 4766 esse
2423 4713 2645 4768 dicenda
2675 4724 2776 4777 est,
2804 4732 2907 4777 non
2937 4730 3020 4776 est
3053 4734 3197 4779 certe
3217 4742 3411 4798 corpus

1840 4802 1997 4868 quale
2027 4809 2298 4856 terrenum
2327 4811 2430 4867 est,
2455 4819 2553 4856 nec
2577 4805 2731 4873 quale
2755 4805 3051 4875 humidum,
3072 4825 3160 4868 aut
3181 4819 3407 4885 aerium,

1839 4901 1928 4944 aut
1957 4892 2252 4946 aetherium.
2279 4890 2464 4946 Omnia
2492 4895 2682 4962 quippe
2700 4897 2822 4950 talia
2847 4899 3047 4968 majora
3074 4917 3195 4959 sunt
3223 4910 3273 4962 in
3298 4927 3409 4964 ma-

1834 4982 2041 5051 joribus
2071 4983 2221 5045 locis,
2251 4991 2302 5035 et
2333 4984 2532 5036 minora
2562 4985 2612 5037 in
2642 4987 2956 5056 minoribus,
2989 5005 3042 5048 et
3073 4997 3200 5050 nihil
3221 5017 3404 5057 eorum

1842 5074 1892 5125 in
1937 5073 2107 5140 aliqua
2151 5073 2229 5123 sui
2280 5082 2428 5140 parte
2459 5083 2624 5126 totum
2651 5076 2798 5130 adest
2830 5096 2842 5131 :
2871 5081 2966 5134 sed
2999 5092 3052 5136 ttt
3081 5097 3202 5140 stmt
3227 5102 3408 5158 partes

1841 5161 2098 5225 locorum,
2151 5163 2219 5215 ita
2265 5173 2589 5228 occupantur
2633 5168 2868 5233 partibus
2906 5185 3209 5240 corporum.
3257 5179 3409 5238 Unde

1841 5251 2148 5319 intelligitur
2176 5252 2372 5316 anima,
2401 5253 2515 5308 sive
2541 5269 2765 5324 corpus,
2815 5259 2929 5314 sive
2979 5262 3285 5334 incorporea
3323 5271 3408 5328 die

1839 5343 2006 5396 cenda
2034 5345 2131 5406 sit,
2166 5346 2431 5414 propriam
2463 5347 2744 5415 quamdam
2778 5352 2971 5406 habere
3000 5366 3260 5426 naturam,
3291 5379 3410 5417 om-

1842 5431 2000 5486 nibus
2039 5433 2120 5486 ltis
2168 5435 2447 5490 mundana:
2491 5438 2646 5491 molis
2699 5441 2978 5498 elementis
3028 5450 3413 5512 excellentium

1839 5525 2132 5580 substantia
2183 5537 2455 5594 creatam,
2518 5546 2636 5599 qme
2675 5535 2937 5592 veraciter
2983 5555 3090 5596 non
3143 5545 3310 5612 possit
3353 5548 3408 5604 in

2143 5701 2324 5785 aliquot
2346 5717 2500 5766 penes
2521 5707 2868 5761 Benedictinos
2888 5718 3014 5772 quod
3030 5715 3080 5767 in
3097 5732 3296 5785 corpore
3315 5735 3409 5773 non

1839 5768 1934 5810 toto
1955 5770 2016 5814 su
2037 5771 2212 5824 tantm,
2239 5771 2336 5816 etc.

2583 5855 3006 5938 (Trenle-sir.)
