3986 6184
609 268 744 322 1127

607 378 782 449 aliqua
832 377 1101 449 phantasia
1142 375 1497 443 corporalium
1543 372 1829 444 imaginum
1855 414 1869 439 ,
1902 388 2035 443 quas
2079 389 2175 443 per

604 452 784 524 carnis
803 482 990 520 sensus
1016 464 1353 534 percipimus,
1393 464 1636 533 cogitari,
1663 464 1755 518 sed
1787 473 1965 519 mente
2018 463 2175 517 intel-

611 561 720 625 ligi.
752 558 959 623 vitaque
984 553 1189 608 sentiri.
1219 553 1400 623 Neque
1432 555 1543 609 hazc
1583 554 1663 626 (α)
1704 554 1925 623 proinde
1966 553 2171 622 lnquor,

578 659 664 702 rut
712 659 761 702 te
782 663 900 718 quas
941 646 1030 700 tibi
1076 654 1197 699 nota
1228 656 1351 701 sunt
1396 646 1615 701 doceam
1664 662 1677 699 :
1718 646 1810 701 sed
1839 655 1893 700 ut
1940 645 2172 713 aperiam

611 738 818 810 ιοοι
893 735 1018 806 quid
1049 735 1351 790 firmissime
1397 735 1464 790 de
1508 737 1683 790 anima
1718 743 1924 790 teneam
1950 775 1965 799 ,
1993 751 2058 788 ne
2089 749 2173 788 me

514 898 515 901 η
595 826 907 901 quisquam,
937 839 1058 878 cum
1088 824 1154 878 ad
1179 839 1241 879 ea
1292 841 1488 885 venero
1515 841 1635 894 qua:
1669 825 1904 895 requiro,
1932 823 2063 879 nihil
2105 824 2173 880 de

603 914 779 968 anima
803 915 887 968 vel
917 913 1141 967 scientia
1170 913 1252 967 vel
1284 912 1386 967 fide
1416 922 1596 968 tenere
1624 914 1931 969 arbitretur.
1968 933 1987 966 ι

673 1005 728 1060 5.
773 1004 959 1057 Anima
1005 1020 1100 1058 sua
1149 1004 1300 1073 culpa
1328 1004 1502 1072 lapsa,
1555 1004 1664 1057 sola
1689 1003 1786 1057 Dei
1829 1004 2174 1058 misericordia

603 1096 867 1150 liberatur.
891 1123 962 1135 —
990 1112 1012 1146 ι
1044 1095 1233 1148 Certus
1255 1096 1413 1148 etiam
1444 1109 1559 1146 sum
1579 1134 1593 1159 ,
1646 1095 1875 1147 animam
1907 1094 2049 1148 nulla
2079 1093 2171 1147 Dei

605 1187 800 1256 culpa,
847 1186 990 1240 nulla
1036 1186 1130 1240 Dei
1184 1186 1502 1240 necessitate
1528 1186 1608 1239 vel
1644 1201 1773 1250 sua,
1820 1185 1912 1239 sed
1958 1185 2171 1254 propria

602 1280 874 1333 voluntate
901 1278 952 1331 in
991 1286 1264 1347 peccatum
1296 1292 1418 1331 esse
1446 1275 1735 1345 collapsam
1763 1315 1777 1341 ,
1814 1290 1913 1331 nec
1943 1275 2164 1329 liberari

600 1382 764 1438 posse
808 1367 877 1422 de
908 1381 1137 1436 corpore
1184 1366 1374 1420 mortis
1424 1365 1599 1434 hujus,
1641 1367 1724 1420 vel
1751 1381 1862 1421 suae
1888 1365 2175 1420 voluntatis

601 1460 817 1524 virtute,
842 1467 1088 1528 tanquam
1110 1457 1208 1511 sibi
1223 1457 1288 1511 ad
1308 1455 1408 1511 hoc
1426 1457 1742 1523 sufficiente,
1762 1457 1845 1511 vel
1867 1457 2030 1527 ipsius
2053 1470 2175 1510 cor-

597 1552 753 1622 ‘poris
771 1560 974 1614 morte,
1006 1550 1096 1604 scd
1120 1550 1291 1619 gratia
1323 1548 1415 1601 Dei
1450 1563 1544 1616 per
1567 1549 1747 1601 Jesum
1777 1546 2043 1601 Christum
2069 1542 2173 1601 Do-

602 1640 804 1695 minum
834 1650 1077 1694 nostrum
1107 1660 1120 1691 ;
1152 1653 1249 1691 nec
1277 1638 1496 1690 omnino
1518 1651 1635 1690 esse
1665 1637 1900 1690 animam
1926 1636 2088 1691 ullam
2118 1635 2170 1691 in

600 1744 797 1799 genere
813 1728 1046 1782 humano
1069 1768 1083 1791 ,
1114 1729 1198 1781 cui
1230 1743 1334 1780 non
1359 1729 1429 1781 sit
1459 1728 1789 1780 necessarius
1810 1729 1874 1781 ad
1900 1727 2172 1782 liberatio-

603 1834 725 1872 nem
765 1816 1026 1872 mediator
1050 1818 1138 1870 Dei
1160 1826 1215 1870 et
1247 1816 1521 1869 hominum
1549 1818 1708 1868 homo
1730 1815 1973 1871 Christus
1992 1814 2167 1873 Jesus.

598 1907 959 1975 Qnmcumque
985 1915 1164 1958 autem
1190 1906 1306 1958 sine
1348 1905 1512 1973 gratia
1550 1903 1862 1958 mediatoris
1890 1913 1945 1959 ct
1986 1918 2168 1960 sacra-

598 2006 780 2051 mento
801 1995 948 2064 ejus,
978 1996 1030 2050 in
1058 1996 1292 2065 qualibet
1318 1995 1559 2063 corporis
1588 2002 1777 2060 aetate,
1827 1994 1894 2048 de
1944 2008 2170 2064 corpore

600 2088 822 2151 exierit,
852 2097 905 2142 et
933 2087 985 2140 in
1012 2100 1221 2156 pteuam
1276 2088 1535 2148 futuram,
1585 2093 1641 2138 et
1669 2084 1723 2138 in
1757 2084 1946 2138 ultimo
1967 2084 2169 2155 judicio

602 2187 1155 2247 rerepturamcorpus
1183 2176 1246 2230 ad
1281 2192 1511 2245 [imitati].
1557 2177 1611 2230 Si
1640 2186 1816 2231 autem
1850 2184 1970 2247 post
1996 2193 2165 2248 gene-

601 2269 863 2323 rationem
908 2270 1191 2321 humanam
1210 2309 1226 2330 ,
1272 2283 1390 2336 quzc
1418 2267 1550 2319 facta
1581 2274 1663 2320 est
1688 2281 1754 2321 ex
1778 2264 1948 2321 Adam
1968 2309 1982 2331 ,
2011 2284 2167 2339 rege-

596 2366 856 2411 ‘nereutur
894 2359 946 2412 in
968 2358 1181 2413 Christo
1202 2356 1267 2411 ad
1291 2357 1408 2425 ejus
1431 2358 1704 2426 pertinens
1731 2359 2038 2415 societatem
2066 2402 2082 2427 ,
2110 2369 2167 2415 et

599 2448 841 2518 requiem
873 2456 991 2517 post
1018 2457 1245 2501 mortem
1267 2449 1505 2516 corporis
1531 2448 1825 2502 habituram
1846 2488 1862 2514 ,
1891 2458 1945 2504 et
1973 2466 2168 2520 corpus

601 2539 666 2592 ad
693 2538 916 2608 gloriam
946 2547 1303 2607 reccpturam.
1364 2537 1488 2591 llzec
1534 2547 1694 2604 sunt,
1744 2550 1863 2608 qum
1896 2538 1963 2596 de
1991 2542 2165 2597 anima

600 2627 907 2683 firmissime
925 2635 1099 2681 teneo.
1116 2645 1135 2678 ι

670 2720 723 2774 6.
775 2718 970 2771 Anime
993 2727 1158 2771 reatus
1188 2716 1342 2771 unde.
1372 2747 1442 2757 —
1474 2737 1492 2769 ι
1520 2716 1665 2772 Nunc
1691 2717 1907 2788 accipe,
1944 2734 2162 2790 quaeso,

598 2808 725 2877 quid
775 2810 1074 2877 requiram,
1105 2820 1156 2860 et
1185 2806 1294 2861 noli
1319 2822 1402 2861 me
1425 2821 1713 2876 spernere,
1747 2806 1825 2877 (ὁ)
1874 2808 1951 2864 sic
1976 2824 2084 2863 non
2113 2818 2164 2864 te

598 2908 850 2968 spernat,
895 2898 983 2967 qui
1017 2913 1112 2966 pro
1139 2898 1293 2951 nobis
1322 2896 1569 2966 dignatus
1612 2907 1696 2952 est
1719 2896 1920 2966 Sperni.
1972 2899 2164 2967 Qumro

596 2991 685 3044 ubi
719 2988 1043 3044 contraxerit
1083 2989 1258 3040 anima
1290 2998 1524 3052 reatum,
1554 3002 1661 3057 quo
1694 2988 1922 3043 trahitur
1953 2990 2004 3044 iu
2029 3005 2164 3044 con-

594 3080 1023 3143 demnationem,
1066 3079 1225 3132 etiam
1255 3076 1469 3132 infantis
1498 3090 1672 3133 morte
1691 3078 1942 3148 prmveuti
1966 3122 1981 3145 ,
2018 3081 2063 3135 si
2112 3083 2161 3137 ei

594 3185 693 3241 per
742 3177 1132 3224 sacramentum
1171 3183 1275 3235 quo
1322 3169 1480 3222 etiam
1531 3170 1735 3238 parvuli
1782 3170 2114 3239 baptizantur
2142 3213 2160 3240 ,

595 3260 798 3315 Christi
832 3260 1000 3328 gratia
1034 3276 1137 3313 non
1165 3259 1490 3313 subvenerit.
1518 3258 1634 3312 Non
1660 3263 1803 3314 enim
1832 3275 1893 3315 es
1915 3275 1980 3315 ex
2011 3260 2117 3316 illis
2142 3302 2157 3328 ,

594 3351 681 3418 qui
710 3349 868 3404 modo
909 3340 1040 3402 nova
1064 3348 1301 3417 quaedam
1327 3349 1531 3417 garrire
1554 3358 1861 3418 cmperunt,
1882 3350 2123 3406 dicentes
2140 3392 2156 3417 ,

594 3442 793 3494 nullum
839 3452 1048 3494 reatum
1090 3454 1209 3492 esse
1238 3454 1303 3492 ex
1354 3441 1521 3492 Adam
1552 3448 1776 3495 tractum
1806 3442 1899 3510 qui
1946 3457 2039 3511 per
2069 3443 2160 3497 ba-

595 3531 844 3597 ptismum
862 3528 913 3581 in
938 3527 1133 3581 infante
1151 3527 1565 3593 solvatur.Quod
1587 3538 1638 3583 te
1659 3545 1845 3597 sapere
1868 3530 1912 3584 si
1936 3532 2156 3597 scirem,

593 3618 822 3673 nonnisi
869 3627 919 3672 te
947 3618 998 3671 id
1027 3634 1134 3671 nou
1179 3633 1367 3687 sapere
1411 3620 1640 3685 scirem,
1673 3635 2008 3692 nequaquam
2055 3623 2157 3678 hoc

589 3714 687 3767 abs
709 3722 761 3766 te
787 3726 1080 3781 qumrerem
1106 3720 1197 3765 aut
1223 3710 1568 3780 qurerendum
1615 3720 1877 3781 putarem.
1903 3713 2011 3768 Sed
2033 3715 2155 3784 quia

588 3816 837 3861 tenemus
884 3803 953 3860 de
1012 3803 1110 3858 hac
1163 3819 1221 3858 re
1267 3807 1583 3858 sententiam
1616 3813 1755 3859 tuam
1781 3806 2154 3860 concinentem

589 3896 867 3952 catholica:
927 3895 1418 3965 fundatissimzeque
1462 3894 1619 3959 fidei,
1651 3896 1774 3964 quia
1802 3903 1857 3950 et
1883 3895 2155 3950 Joviniani

592 3989 890 4059 vaniloquia
942 3990 1299 4058 redarguens,
1348 3987 1638 4044 adhibuisti
1682 3987 2040 4041 testimonium
2088 4003 2153 4042 ex

591 4082 728 4133 libro
749 4078 849 4134 Job
867 4118 883 4143 ,
912 4076 1077 4131 Nemo
1094 4076 1310 4130 mundus
1347 4078 1398 4129 in
1421 4086 1689 4144 conspectu
1715 4086 1799 4129 tuo
1821 4117 1835 4140 ,
1865 4093 1957 4130 nec
1984 4077 2156 4146 infans

500 4180 515 4224 ἱ
589 4172 733 4239 rujus
766 4177 838 4224 est
858 4168 958 4222 diei
981 4169 1130 4221 unius
1154 4169 1253 4219 vita
1282 4184 1434 4236 super
1461 4177 1645 4221 terram
1676 4166 1694 4236 (
1721 4165 1820 4220 Job
1852 4167 1940 4221 15.
1968 4168 2021 4221 4.
2054 4182 2154 4220 acc.

501 4284 508 4291 -
590 4258 763 4329 LXX)
789 4277 803 4313 ;
830 4257 1023 4312 deinde
1043 4257 1330 4326 adjuuxisti
1352 4297 1367 4321 ,
1398 4256 1742 4326 Tenemurque
1774 4257 1848 4309 rei
1892 4259 1944 4310 in
1970 4258 2156 4310 simili-

591 4349 814 4401 tudinem
841 4347 1270 4416 prwvaricntiunis
1294 4348 1423 4400 Adae
1448 4363 1468 4401 :
1493 4357 1547 4401 et
1567 4348 1702 4402 liber
1733 4358 1853 4401 tuus
1881 4347 1933 4401 in
1965 4347 2155 4403 Jonam

590 4436 902 4506 prophetam
931 4434 1060 4489 satis
1089 4434 1191 4489 hoc
1217 4434 1498 4502 insigniter
1524 4434 1863 4503 dilucideque
1891 4436 2152 4499 declarat,

592 4530 681 4583 ubi
702 4529 944 4598 jejunare
966 4526 1214 4597 parvulos
1234 4535 1453 4595 propter
1470 4525 1646 4593 ipsum
1676 4526 1938 4594 originale
1966 4541 2155 4596 pecca-

592 4631 702 4674 tum
725 4660 739 4683 ,
772 4618 962 4672 merito
987 4626 1203 4672 coactos
1233 4629 1351 4670 esse
1378 4614 1557 4668 dixisti
1589 4632 1602 4665 :
1635 4629 1737 4668 non
1770 4616 2156 4671 inconvenien-

592 4722 674 4765 tcr
697 4709 792 4764 abs
817 4718 868 4764 te
892 4722 1076 4778 quzero
1099 4708 1238 4761 hunc
1254 4715 1455 4761 reatum
1486 4706 1664 4758 anima
1689 4705 1780 4759 ubi
1802 4707 2151 4772 contraxerit,

596 4801 802 4873 1002
872 4798 1013 4854 unde
1047 4805 1290 4867 oporteat
1316 4810 1433 4851 eam
1475 4794 1633 4850 etiam
1663 4796 1715 4849 in
1757 4795 1843 4849 illa
1872 4803 2031 4851 aetate
2060 4811 2155 4865 per

589 4902 976 4949 sacramentum
995 4891 1303 4946 Christiana:
1323 4889 1504 4959 gratiae
1534 4888 1768 4943 liberari.
1782 4904 1802 4940 ι

659 4985 712 5037 7.
760 5001 779 5036 ι
839 4983 948 5053 Ego
975 4982 1187 5052 quidem
1237 4987 1361 5033 autc
1388 4980 1589 5049 aliquot
1635 4993 1805 5033 annos
1831 4992 1953 5033 cum
1982 4975 2148 5033 libros

588 5077 847 5145 quosdam
872 5072 1160 5127 scriberem
1182 5070 1251 5125 de
1281 5069 1440 5124 libero
1467 5068 1705 5134 arbitrio,
1736 5070 1823 5139 qui
1866 5069 1918 5123 in
1947 5068 2146 5123 multo-

588 5178 707 5218 rum
734 5176 922 5218 manus
949 5163 1220 5222 exierunt,
1245 5168 1300 5215 et
1329 5159 1398 5230 (c)
1426 5172 1571 5213 nunc
1615 5159 1879 5213 habentur
1920 5174 1948 5210 a
1982 5157 2152 5227 pluri-

588 5256 718 5317 mis,
783 5261 1011 5322 quatuor
1058 5251 1336 5319 opiniones
1383 5248 1452 5303 de
1504 5248 1695 5301 anima:
1748 5249 2148 5312 incarnatione,

655 5404 719 5472 (tt)
756 5409 941 5459 Erasm.
983 5421 1039 5458 ac
1079 5407 1298 5457 Martian.
1341 5404 1556 5467 petitule,
1599 5411 1649 5453 et
1682 5416 1792 5452 mox
1834 5401 2032 5453 sentiam
2069 5417 2157 5466 pro

587 5471 929 5591 ξεῖξῗίῃίῖεῃυο
949 5530 1169 5591 Martian.
1196 5510 1339 5591 post.
1359 5527 1542 5591 Erasm.
1571 5523 1618 5591 si
1654 5537 1744 5573 non
1768 5531 1813 5574 te
1849 5531 2059 5586 spernat.
2085 5522 2162 5574 ta-'

591 5587 733 5651 mersi
755 5591 808 5651 in
829 5589 927 5651 ipsa
952 5587 1229 5651 Augustini;
1250 5590 1538 5651 recensione
1574 5587 1756 5651 Erasm.
1784 5598 1843 5651 ne
1864 5592 1909 5634 te
1941 5594 2153 5647 spernat.

656 5647 718 5709 (ς)
758 5646 877 5696 Illud
897 5646 1169 5711 nunc'apud
1192 5648 1376 5699 Erasm.
1402 5656 1455 5698 et
1485 5648 1685 5697 Martiali
1707 5646 2030 5695 desiderauit.

1865 261 2103 317 S.\NCTl
2145 260 2520 317 lllERONYill

2275 373 2464 430 Utrum
2487 391 2551 432 ex
2580 376 2670 433 illa
2693 391 2798 434 una
2818 422 2833 447 ,
2865 398 2982 452 quae
3011 385 3185 455 primo
3208 386 3409 445 homini
3436 391 3567 448 data
3593 402 3687 450 est
3707 437 3724 462 ,
3754 413 3863 454 ea:-

2277 478 2404 522 terze
2459 480 2858 541 propagentur,
2914 477 2994 530 Au
3048 478 3272 547 singulis
3327 483 3643 555 quibusque
3706 504 3864 546 novae

2275 559 2437 612 etiam
2483 558 2644 613 modo
2675 561 2801 615 fiant
2831 580 2844 616 :
2873 564 2953 617 An
2982 565 3173 622 alicubi
3222 568 3331 637 jam
3362 573 3735 642 exsistentes,
3771 581 3855 635 vel

2275 650 2555 703 mittantur
2575 648 2862 718 divinitus,
2896 654 2977 709 vel
3004 666 3193 725 sponte
3220 658 3469 716 labantur
3510 664 3565 718 in
3596 681 3855 739 corpora;

2276 741 2346 794 ita
2401 741 2575 810 putavi
2606 757 2729 798 esse
2773 747 3111 812 tractandas,
3147 758 3206 804 ut
3230 753 3485 821 qumlibet
3504 771 3699 813 earum
3726 776 3853 815 vera

2274 836 2447 897 esset,
2476 847 2582 886 non
2625 833 2907 903 impediret
2934 836 3282 895 intentionem
3311 858 3518 909 meam,
3572 864 3682 916 qua
3727 862 3854 907 tunc

2275 920 2533 976 adversus
2578 939 2673 978 eos
2717 927 2927 995 quantis
2959 938 3200 996 poteram
3230 930 3433 986 viribus
3466 937 3732 1006 agebam,
3762 944 3851 1010 qui

2274 1018 2516 1063 naturam
2539 1012 2662 1064 mali
2693 1027 2791 1067 suo
2811 1014 3072 1083 principio
3116 1016 3195 1087 (ἀ)
3220 1020 3498 1089 praeditam
3516 1064 3533 1086 ,
3593 1024 3856 1084 adversus

2279 1094 2440 1151 Deum
2467 1110 2727 1155 conantur
2755 1102 3045 1173 inducere,
3076 1108 3129 1161 id
3163 1116 3246 1163 est
3270 1119 3457 1165 contra
3495 1112 3850 1173 Manichaeos.

2274 1184 2403 1240 Nam
2451 1188 2518 1242 de
2572 1189 2992 1248 Priscillianistis
3045 1196 3219 1252 adhuc
3266 1202 3395 1255 nihil
3422 1203 3851 1278 audieram,qui

2275 1290 2379 1329 non
2408 1279 2626 1331 ιιιιιΙιιιιιι
2664 1281 2731 1333 ab
2753 1281 2869 1336 istis
2896 1283 3182 1338 dissimiles
3212 1286 3572 1358 blasphemias
3602 1293 3850 1352 fabulan-

2275 1372 2381 1418 tur.
2425 1365 2549 1421 Ideo
2574 1369 2812 1437 quintam
2842 1371 3145 1441 opinionem
3174 1391 3283 1430 non
3324 1378 3546 1447 addidi,
3597 1399 3763 1452 quam
3796 1388 3850 1442 in

2276 1465 2361 1511 tua
2380 1457 2601 1527 epistola
2624 1461 2763 1516 inter
2778 1471 3001 1519 caiteras
3021 1472 3457 1526 commemorasti
3479 1514 3495 1539 ,
3520 1489 3591 1529 ne
3611 1476 3847 1547 aliquam

2283 1550 2619 1638 pra-terires,
2657 1550 2744 1606 ubi
2783 1555 3079 1622 qntestione
3119 1558 3471 1632 interroganti
3517 1570 3848 1638 rescripsisti

2284 1637 2548 1708 religiosa:
2599 1644 2869 1698 tttemorize
2921 1645 3353 1721 viro,nobisque
3381 1654 3432 1707 in
3478 1637 3848 1716 Christiicari-

2274 1735 2382 1781 tate
2411 1730 2718 1796 gratissimo
2743 1732 3053 1789 Marcellino
3074 1779 3088 1803 ,
3116 1742 3256 1808 quod
3284 1743 3463 1797 anima
3510 1746 3585 1816 (e)
3627 1765 3738 1805 non
3780 1755 3847 1808 sit

2273 1830 2396 1908 pars
2422 1818 2534 1872 Dei.
2559 1819 2738 1875 Primo
2760 1863 2775 1887 ,
2805 1824 2926 1893 quia
2953 1841 3056 1880 non
3078 1826 3146 1883 de
3174 1829 3543 1891 incarnatione
3571 1839 3693 1907 ejus
3715 1883 3732 1908 ,
3755 1845 3847 1899 sed

2268 1906 2339 2004 de
2366 1915 2551 1963 natura
2573 1913 2850 1980 quaeritur,
2880 1930 3000 1969 cum
3030 1916 3131 1973 hoc
3175 1923 3450 1990 quaeritur.
3487 1906 3699 1986 Deinde
3720 1906 3843 2004 quia

2273 1995 2376 2051 hoc
2394 2000 2633 2055 sentiunt
2676 2002 2748 2056 illi
2795 2015 2980 2061 contra
3002 2022 3136 2077 quos
3163 2013 3413 2081 agebam.
3443 2027 3500 2071 et
3528 2019 3582 2073 id
3614 1995 3841 2080 maxime

2269 2088 2525 2157 agebam,
2572 2098 2630 2145 ut
2655 2091 2925 2149 Creatoris
2947 2096 3325 2169 inculpabilem
3367 2104 3841 2182 invinlabilemqnc

2270 2186 2511 2231 naturam
2558 2194 2588 2234 a
2615 2193 2877 2238 creatura:
2901 2187 3046 2242 vitiis
3068 2200 3122 2244 et
3148 2189 3269 2246 labe
3308 2209 3654 2253 secernerem
3676 2241 3693 2263 ,
3722 2219 3836 2257 cum

2270 2268 2347 2322 illi
2377 2285 2406 2323 a
2437 2271 2730 2328 substantia
2760 2276 2917 2345 mali,
2937 2279 3020 2333 cui
3050 2283 3318 2351 proprium
3344 2288 3664 2358 principium
3698 2296 3836 2363 priu-

2267 2362 2812 2434 cipesquetribuunt,
2854 2370 3024 2439 ipsam
3072 2374 3196 2428 boni
3245 2377 3337 2431 Dei
3381 2362 3837 2441 substantiamcx

2268 2462 2417 2523 parte
2435 2497 2450 2522 ,
2472 2471 2576 2526 qua
2601 2469 2754 2529 capta
2786 2461 2861 2534 (Ῑ)
2886 2471 2969 2518 est
2992 2477 3298 2538 corruptam
3328 2480 3383 2526 et
3406 2489 3726 2543 oppressam
3744 2522 3760 2545 ,
3788 2492 3842 2537 et

2265 2548 2331 2601 ad
2356 2550 2608 2617 peccandi
2631 2557 3001 2611 necessitatem
3023 2562 3330 2629 perductam
3355 2573 3836 2627 essecontendnnt.

2266 2637 2379 2694 Iloc
2406 2641 2585 2712 itaque
2628 2655 2852 2715 excepto
2906 2648 3171 2705 haeretica:
3198 2654 3465 2722 opinionis
3509 2674 3731 2724 errore,
3769 2679 3836 2717 ex

2263 2742 2494 2800 quatuor
2540 2735 2761 2804 reliquis
2807 2738 3147 2806 opinionibus
3197 2759 3440 2812 quaenam
3487 2749 3560 2802 sit
3599 2752 3836 2821 eligenda

2265 2822 2403 2877 scire
2426 2822 2695 2880 desidero.
2730 2826 3090 2899 Qtttl'cumquc
3114 2834 3255 2887 enim
3287 2834 3533 2905 eligenda
3558 2850 3678 2905 est,
3704 2844 3839 2897 absit

2266 2921 2323 2965 ut
2342 2913 2615 2983 impugnet
2646 2916 2779 2970 hanc
2815 2918 2969 2972 fidem
2993 2959 3012 2984 ,
3064 2921 3132 2976 de
3158 2937 3257 2992 qua
3286 2926 3417 2980 certi
3457 2942 3675 2995 sumus,
3722 2947 3836 2985 om—

2265 3002 2316 3055 ni
2334 3003 2523 3060 animce
2543 3006 2700 3060 etiam
2720 3010 2919 3076 parvuli
2942 3010 3157 3066 infantis
3174 3017 3535 3073 necessariam
3556 3035 3681 3075 esse
3705 3023 3836 3079 libe-

2264 3093 2521 3148 rationem
2566 3110 2633 3150 ex
2673 3097 2999 3167 obligatione
3050 3104 3293 3172 peccati,
3342 3121 3571 3179 eamque
3626 3114 3831 3167 nullam

2263 3199 2383 3239 esse
2412 3184 2511 3240 nisi
2538 3201 2636 3255 per
2662 3186 2845 3243 Jesum
2873 3188 3232 3256 Christum,et
3264 3196 3403 3250 hunc
3432 3201 3763 3257 crucifixum
3808 3224 3829 3256 ι

2304 3280 2307 3285 “
2334 3277 2387 3332 8.
2418 3296 2437 3329 ‹
2458 3278 2688 3333 Pnomne
2712 3295 2779 3335 ne
2805 3281 3018 3351 longum
3050 3282 3324 3347 faciamus.
3351 3288 3452 3343 hoc
3471 3303 3625 3345 certe
3646 3295 3832 3360 sentis,

2262 3368 2404 3438 quod
2459 3369 2694 3439 singulas
2743 3370 2949 3426 animas
2997 3374 3222 3443 singulis
3281 3380 3626 3436 nascentibus
3674 3384 3833 3438 etiam

2263 3459 2423 3513 modo
2451 3460 2589 3514 Deus
2621 3460 2796 3515 faciat.
2828 3461 2921 3516 Cui
2957 3466 3234 3526 sententia:
3262 3482 3329 3521 ne
3359 3469 3669 3537 objiciatur,
3692 3475 3830 3542 quod

2262 3560 2446 3602 mones
2475 3558 2746 3605 creaturas
2775 3560 2927 3605 sexto
2972 3553 3058 3607 die
3084 3560 3535 3612 consummaverit
3568 3561 3713 3615 Deus
3732 3603 3749 3627 ,
3781 3575 3833 3618 ct

2260 3640 2486 3724 septimo
2526 3638 2613 3693 die
2648 3642 3005 3711 requieverit,
3047 3644 3268 3699 adhibes
3324 3648 3533 3720 1003
3592 3653 3832 3707 testimo-

2261 3732 2405 3782 nium
2436 3746 2500 3782 cx
2526 3728 2813 3800 Evangelio
2834 3772 2848 3793 ,
2880 3731 3037 3787 Pater
3061 3751 3203 3788 meus
3224 3752 3384 3806 usque
3408 3754 3543 3792 nunc
3588 3754 3832 3810 operatur

2261 3818 2440 3889 (Joau.
2462 3821 2514 3874 5.
2537 3819 2626 3889 17)
2651 3839 2664 3873 :
2690 3822 2764 3892 (g)
2792 3822 2879 3877 Sic
2903 3824 3045 3879 enim
3065 3824 3130 3878 ad
3160 3825 3522 3882 Marcellinum
3546 3832 3826 3901 scripsisti:

2262 3910 2312 3963 in
2334 3925 2438 3979 qua
2457 3911 2680 3981 epistola
2697 3912 2856 3966 etiam
2884 3914 2988 3969 mei
3009 3918 3576 3971 commemorationem
3597 3920 3831 3975 benevo-

2262 3990 2554 4079 lentissime
2574 4002 2751 4058 facere
2775 4004 3021 4074 dignatus
3051 4019 3140 4068 es,
3171 4010 3312 4075 quod
3342 4006 3428 4061 hic
3477 4024 3562 4063 me
3608 4009 3831 4065 haberet

2261 4093 2312 4146 in
2343 4092 2555 4158 Africa,
2605 4109 2693 4164 qm
2736 4094 2785 4148 ei
2838 4095 3004 4164 ipsam
3039 4095 3246 4150 facilius
3297 4111 3511 4167 possem
3558 4101 3829 4168 explicare

2260 4184 2595 4238 sententiam.
2637 4185 2787 4252 Quod
2821 4187 2864 4240 si
2888 4185 3180 4255 potuissem
3202 4224 3228 4252 ,.
3247 4202 3354 4241 non
3405 4188 3495 4243 ille
3518 4189 3617 4243 hoc
3645 4192 3743 4243 abs
3774 4202 3829 4243 te

2261 4285 2366 4329 tam
2416 4275 2573 4343 longe
2617 4276 2789 4344 posito
2832 4276 3155 4346 inquireret;
3214 4277 3260 4331 si
3312 4286 3485 4332 tamen
3513 4278 3563 4332 id
3605 4279 3696 4331 tibi
3753 4294 3826 4333 ex

2262 4366 2441 4421 Africa
2469 4366 2700 4435 scripsit.
2732 4365 2861 4419 Nam
2885 4367 3097 4437 quando
3135 4368 3412 4439 scripserit
3453 4369 3663 4429 nescio;
3691 4381 3817 4426 tan-

2263 4467 2370 4510 tum
2393 4457 2506 4511 scio
2531 4454 2670 4526 quod
2699 4456 2766 4511 de
2797 4456 2897 4511 hoc
2924 4457 3061 4513 bene
3103 4460 3413 4528 cognoverit
3433 4460 3827 4518 cunctationem

2260 4561 2462 4601 meam:
2494 4544 2634 4600 unde
2658 4546 3059 4601 meincousulto
3080 4547 3252 4602 facere
3280 4549 3467 4606 voluit.
3510 4550 3828 4620 Quanquam

2260 4637 2418 4691 etiam
2447 4636 2489 4688 si
2506 4636 2845 4700 consuleret,
2878 4638 3044 4707 magis
3075 4637 3338 4702 hortarer,
3382 4649 3434 4693 et
3463 4641 3662 4704 gratias
3700 4656 3833 4709 age-

2260 4742 2372 4780 rem
2422 4726 2562 4795 quod
2604 4726 2756 4780 nobis
2799 4727 3052 4780 omnibus
3093 4727 3335 4781 conferre
3362 4735 3575 4793 posset,
3626 4728 3731 4780 nisi
3768 4740 3832 4783 tu

2260 4818 2489 4870 breviter
2555 4816 2885 4883 rescribere,
2937 4833 3094 4887 quam
3145 4816 3457 4888 respondere
3513 4817 3831 4876 maluisses.

2323 4968 2393 5042 (Δ)
2429 4968 2485 5018 In
2504 4968 2791 5018 Lovanlensi
2813 4969 3046 5029 editione,
3069 4970 3343 5019 notantibus
3354 4968 3709 5033 Benedictinis,
3728 4980 3839 5024 erat

2255 5033 2645 5161 ῗῖίξὲιςιηῄρβηηιιί
2680 5090 2984 5161 particulam,
3017 5103 3165 5161 quam
3204 5089 3316 5161 editi
3349 5103 3475 5161 cum
3516 5091 3838 5142 Ambrosiam

2258 5151 2344 5203 Ms.
2370 5151 2654 5215 'przeferuut
2671 5151 2694 5209 ,⁷
2719 5154 3014 5215 restituimus
3038 5151 3097 5215 Α
3126 5151 3463 5215 Benedictinis
3505 5162 3836 5215 expungi-am:

2258 5210 2478 5264 nimirum
2524 5211 2644 5260 istud
2687 5213 3004 5273 rescripserat
3042 5210 3363 5272 Hieronymus
3404 5211 3465 5259 ad
3505 5210 3839 5264 Ha‘rcellinum

2256 5283 2419 5327 contra
2446 5275 2805 5323 Maniehtcorutn
2826 5274 3132 5329 sententiam,
3158 5273 3365 5319 animam
3403 5282 3598 5333 partem
3624 5273 3723 5323 Dei
3745 5288 3839 5323 nou

2430 5395 2528 5458 Scx
2553 5394 2665 5458 Mss.
2691 5393 2812 5454 apud
2832 5391 3186 5458 Benedictiuos,
3205 5403 3316 5452 qua:
3331 5400 3476 5454 capta
3498 5400 3592 5451 est,
3618 5401 3718 5444 etc.

2342 5398 2370 5458 f
2430 5397 2528 5444 Scx
2553 5397 2665 5443 Mss.
2691 5397 2812 5454 apud
2832 5397 3186 5448 Benedictiuos,
3205 5403 3316 5452 qua:
3331 5400 3476 5454 capta
3498 5400 3592 5451 est,
3618 5401 3718 5444 etc.

2321 5397 2394 5521 ἱθῖ
2429 5457 2570 5504 Addit
2594 5455 2806 5536 Martian.
2832 5461 2934 5514 post
2956 5451 3136 5528 Erasm.
3176 5460 3231 5535 et.
3253 5465 3342 5522 ego
3364 5466 3547 5562 {alterm
3578 5467 3599 5504 :
3623 5469 3719 5526 qua
3740 5457 3841 5518 qui.

2326 5536 2370 5562 m
2407 5531 2514 5562 cum
2551 5526 2828 5562 accessione
2866 5512 3064 5560 ati‘erutr
3099 5511 3234 5560 locus
3268 5525 3319 5560 tu
3415 5528 3749 5562 teronvmtana
3781 5516 3841 5562 ad

2259 5511 2514 5569 deificum
2551 5511 2845 5578 accessione
2866 5512 3064 5578 alierum
3099 5511 3234 5560 locus
3268 5511 3319 5578 iii
3364 5511 3841 5578 Hieronymiana'ad

2261 5578 2584 5630 Marcellinum
2630 5572 2827 5639 epistola
2871 5574 2973 5620 130‘.
3018 5584 3161 5632 quam
3204 5572 3351 5622 modo
3394 5572 3640 5636 espcn'dit
3680 5578 3843 5639 Augu-

2260 5645 2431 5693 stiaus.
