3986 6184
193 349 334 407 (li!

186 466 365 523 Credo
389 481 457 523 ne
480 465 742 536 superfluo
766 462 1038 519 laborares
1059 503 1074 528 ,
1099 461 1186 517 ubi
1225 473 1323 530 ego
1354 471 1530 514 essem
1550 499 1566 524 ,
1589 473 1747 528 quem

193 558 416 626 putabas
461 556 510 610 id
540 554 735 624 optime
776 554 916 607 scire
936 593 951 615 ,
980 551 1120 622 quod
1145 553 1232 607 illc
1258 552 1596 620 qumsiverat.
1617 549 1754 602 Ecce

191 647 316 699 volo
363 655 420 699 ut
474 645 558 697 illa
613 643 878 698 sententia
921 643 1080 698 etiam
1123 657 1240 694 mea
1270 639 1487 703 sit,sed
1515 639 1748 692 nondum

189 752 314 791 esse
337 737 616 791 contirmo.
636 754 653 785 ι

192 834 196 838 '
267 826 320 880 9.
349 845 369 877 ί
402 825 670 880 Misistiad
705 841 789 880 me
808 825 1130 896 discipulos,
1165 834 1222 879 ut
1250 839 1311 880 ea
1339 826 1555 879 doceam
1577 863 1594 886 ,
1640 838 1759 892 qua:

193 916 432 970 nondum
455 917 568 986 ipse
589 916 771 970 didici.
794 917 933 971 Doce
953 932 1080 986 ergo
1102 915 1244 985 quod
1271 915 1516 970 doceam.
1547 913 1676 968 Nam
1701 923 1764 966 ut

191 1009 414 1064 doceam
435 1050 451 1075 ,
484 1009 636 1063 multi
667 1025 694 1061 a
724 1025 810 1063 me
839 1010 1110 1078 flagitant,
1157 1009 1338 1078 eisque
1371 1025 1457 1062 me
1489 1008 1629 1060 sicut
1656 1007 1758 1060 alia

193 1101 360 1156 multa
386 1142 402 1168 ,
427 1109 481 1154 et
506 1101 605 1155 hoc
637 1102 877 1168 ignorare
904 1101 1182 1154 confiteor.
1216 1099 1284 1154 Et
1311 1099 1541 1154 fortasse
1569 1113 1759 1166 quam-

193 1191 274 1243 vis
293 1189 346 1242 in
367 1204 429 1242 os
451 1205 625 1243 meum
640 1190 1081 1254 verecnndentur,
1108 1199 1281 1242 tamen
1301 1189 1436 1258 apud
1463 1204 1522 1243 se
1541 1188 1762 1254 dicunt,

194 1278 278 1333 Tu
303 1296 355 1333 es
387 1279 630 1350 Magister
645 1281 697 1332 in
725 1278 918 1344 Israel,
943 1288 989 1334 et
1010 1281 1116 1333 [uec
1138 1281 1368 1350 ignoras?
1384 1277 1560 1348 (Joan.
1577 1280 1630 1333 5.
1651 1279 1761 1347 l0).

193 1369 351 1436 Quod
379 1369 595 1438 quidem
629 1369 882 1423 Dominus
923 1370 970 1424 ei
993 1369 1164 1434 dixit,
1188 1369 1278 1438 qui
1305 1377 1420 1423 erat
1466 1383 1605 1423 unus
1649 1369 1766 1422 illo-

195 1475 317 1514 rum
337 1501 354 1525 ,
387 1460 528 1530 quod
556 1461 852 1515 delectabat
878 1463 1053 1516 vocari
1081 1462 1270 1517 Rabbi.
1313 1460 1468 1517 Unde
1493 1463 1653 1517 etiam
1698 1461 1764 1515 ad

199 1565 386 1606 verum
412 1551 723 1620 magistrum
755 1561 909 1606 nocte
933 1562 1184 1616 venerat,
1222 1553 1347 1623 quia
1378 1552 1621 1607 fortassis
1647 1568 1766 1605 eru-

200 1640 453 1695 bescebat
473 1640 678 1694 discere
698 1679 714 1702 ,
738 1641 825 1710 qui
856 1641 1049 1697 docere
1085 1651 1454 1696 consueverat.
1483 1641 1565 1695 Me
1589 1652 1766 1694 autem

208 1731 385 1800 potius
408 1729 716 1798 magistrum
743 1731 925 1784 audire
943 1772 958 1794 ,
988 1746 1144 1800 quam
1167 1732 1311 1785 velut
1333 1732 1645 1797 magistrum
1675 1730 1767 1783 de-

211 1820 375 1876 lectat
421 1820 612 1874 audiri.
660 1819 858 1874 Recolo
897 1822 1038 1875 enim
1090 1821 1212 1889 quid
1261 1821 1449 1873 dixerit
1487 1821 1602 1884 eis,
1634 1834 1768 1887 quos

202 1925 317 1979 pra:
335 1909 542 1964 caeteris
558 1909 752 1978 elegit:
793 1910 888 1964 Vos
915 1919 1080 1962 autem
1105 1951 1119 1973 ,
1163 1909 1367 1978 inquit,
1401 1910 1556 1963 nolite
1600 1909 1768 1962 vocari

200 2001 274 2055 ab
295 2000 576 2055 hominibus
623 2001 784 2056 Rabbi
811 2017 830 2055 :
858 2018 986 2054 unus
1039 2009 1111 2054 est
1137 2003 1270 2054 enim
1301 1999 1538 2070 magister
1572 2010 1730 2053 vester
1749 2039 1764 2062 ,

199 2094 436 2150 Christus
457 2093 668 2162 (Matth.
691 2095 786 2148 25.
815 2095 896 2161 8).
923 2096 1002 2162 (a)
1029 2093 1136 2148 Nec
1177 2094 1311 2147 alius
1334 2094 1514 2148 docuit
1551 2093 1768 2164 Moysen

201 2187 366 2240 etiam
417 2201 514 2256 per
552 2185 734 2251 .lctro,
789 2201 886 2239 nec
939 2186 1076 2239 alius
1126 2183 1432 2240 Cornelium
1462 2185 1624 2239 etiam
1679 2201 1772 2254 per

201 2275 434 2344 priorem
462 2274 703 2338 Petrum,
735 2289 832 2329 nec
853 2275 985 2328 alius
1012 2275 1224 2328 Petrum
1264 2276 1422 2329 etiam
1457 2291 1548 2343 per
1573 2284 1724 2343 poste
1742 2305 1766 2316 —

201 2365 402 2419 riorem
422 2363 658 2418 Paulum.
676 2366 714 2418 Α
733 2380 1067 2434 quocumque
1083 2365 1224 2418 enim
1241 2379 1420 2418 verum
1440 2365 1529 2418 illo
1543 2365 1775 2420 donante

197 2453 400 2506 dicitur
422 2493 436 2515 ,
491 2454 579 2523 qui
617 2464 700 2508 est
726 2455 835 2523 ipsa
856 2455 1064 2508 veritas.
1107 2453 1256 2520 Quod
1276 2455 1319 2508 si
1343 2455 1461 2508 ideo
1479 2453 1654 2509 adhuc
1676 2455 1772 2509 ista

209 2543 505 2605 nescimus.
529 2552 582 2595 et
600 2559 662 2596 ea
694 2559 864 2612 neque
891 2543 1094 2596 orando
1112 2584 1128 2610 ,
1146 2558 1317 2614 neque
1339 2543 1584 2613 legendo,
1605 2559 1776 2613 neque

203 2631 491 2702 cogitando
511 2642 562 2686 et
587 2633 951 2688 ratiocinando
973 2633 1208 2687 invenire
1230 2634 1498 2703 potuimus
1517 2675 1533 2700 ,
1565 2643 1622 2687 ut
1649 2649 1774 2704 pro-

209 2721 402 2776 bemus
423 2738 527 2777 non
547 2724 717 2777 solum
747 2723 989 2778 indoctos
1006 2733 1199 2793 quanta
1222 2725 1444 2779 caritate
1467 2724 1774 2792 doceamus,

207 2827 396 2867 verum
444 2829 475 2868 a
496 2814 666 2868 doctis
691 2815 848 2868 etiam
870 2823 1062 2884 quanta
1087 2813 1380 2869 humilitate
1405 2815 1714 2870 discamus?
1750 2835 1770 2868 ι

288 2905 376 2960 l0.
423 2921 443 2956 ‹
499 2906 636 2960 Doce
677 2921 839 2976 ergo,
887 2921 1102 2976 qtucso,
1157 2907 1295 2976 quod
1343 2907 1601 2973 doceam,
1645 2909 1777 2964 doce

208 2997 356 3066 quod
398 3004 602 3050 teneam
623 3038 639 3060 ,
687 3007 742 3050 et
791 2999 877 3052 dic
907 2998 1035 3052 mibi
1055 3040 1071 3062 ,
1103 2999 1147 3053 si
1173 3000 1362 3054 anitum
1392 3001 1693 3070 singillatim
1725 3002 1775 3056 in

207 3086 437 3156 singulis
458 3085 534 3154 (ὁ)
559 3086 823 3156 hodieque
845 3089 1216 3153 nascentibus,
1249 3092 1412 3154 iiiitit,
1448 3092 1532 3144 ubi
1575 3093 1626 3144 in
1659 3107 1776 3160 par-

209 3179 350 3231 vulis
399 3187 647 3247 peccent,
698 3189 753 3232 ut
783 3179 1056 3249 indigeant
1104 3182 1152 3232 in
1205 3182 1776 3236 sacramento-Christi

209 3269 532 3323 remissione
563 3271 797 3339 peccati,
825 3281 1106 3340 peccantes
1132 3272 1183 3325 in
1206 3272 1408 3336 Adam,
1437 3289 1502 3327 ex
1525 3289 1629 3342 quo
1653 3290 1778 3327 caro

205 3367 298 3411 est
324 3368 607 3428 propagata
687 3359 896 3431 1005.
967 3361 1310 3429 peccatizaut
1337 3364 1381 3416 si
1403 3378 1509 3417 non
1536 3373 1776 3432 peccant,

209 3464 315 3516 qua
339 3449 543 3518 jnstitia
569 3449 841 3506 Creatoris
872 3455 940 3506 ita
976 3463 1193 3521 peccato
1219 3454 1522 3524 obligantur
1566 3455 1774 3521 alieno,

208 3555 334 3592 cum
357 3540 550 3596 exinde
572 3544 871 3612 propagatis
902 3541 1154 3598 membris
1179 3543 1492 3597 mortalibus
1535 3544 1777 3598 inserun-

214 3639 323 3690 tur,
350 3640 405 3683 ut
429 3645 518 3684 eas
539 3670 554 3695 ,
605 3632 705 3686 nisi
738 3647 831 3701 per
862 3633 1156 3686 Ecclesium
1203 3633 1526 3688 subventum
1579 3634 1772 3700 fuerit,

209 3717 486 3772 damnatio
517 3732 900 3790 consequatur;
927 3737 1045 3776 cum
1073 3721 1126 3776 in
1164 3737 1348 3776 earum
1380 3732 1644 3791 potestate
1672 3740 1774 3776 non

213 3808 288 3860 sit
305 3847 320 3869 ,
345 3816 402 3861 ut
428 3808 504 3862 eis
527 3810 692 3878 possit
715 3811 884 3880 gratia
905 3811 1152 3879 baptismi
1173 3812 1466 3865 subveniri.
1486 3811 1589 3866 Tot
1617 3813 1778 3882 igitur

212 3899 514 3952 animarum
542 3901 703 3953 millia
726 3941 742 3966 ,
766 3917 884 3969 quae
921 3901 970 3953 in
997 3901 1255 3954 mortibus
1292 3902 1633 3969 parvulorum
1663 3896 1781 3955 sine

213 3989 546 4059 indulgentia
567 3989 854 4043 Christiani
882 3989 1203 4042 sacramenti
1250 3988 1317 4042 de
1343 3989 1660 4057 corporibus
1685 4005 1778 4042 ex-

210 4089 345 4135 eunt
365 4121 381 4145 ,
409 4094 510 4148 qua
537 4079 785 4149 aequitate
819 4079 1136 4132 damnantur
1155 4119 1170 4144 ,
1198 4078 1270 4151 (ε)
1304 4079 1350 4132 si
1383 4094 1534 4132 nova:
1554 4089 1778 4146 creatae,

212 4172 369 4227 nullo
401 4187 497 4225 suo
531 4168 862 4240 pra'cedente
892 4179 1144 4239 peccato,
1177 4170 1270 4224 sed
1319 4169 1590 4225 voluntate
1617 4170 1780 4226 Crea-

213 4262 349 4316 toris
371 4261 594 4330 singnlze
635 4259 855 4328 singulis
883 4260 1223 4312 nascentibus
1251 4259 1628 4323 adhaeserunt,
1659 4259 1780 4330 qui-

218 4351 321 4404 bus
362 4364 454 4404 eas
498 4349 797 4402 aniinandis
848 4349 937 4403 ille
962 4349 1163 4402 creavit
1193 4360 1248 4402 et
1291 4349 1467 4415 dedit,
1493 4351 1783 4420 quiutiqne

218 4449 476 4505 noverat,
526 4440 666 4510 quod
712 4455 1044 4509 unaquaeque
1089 4453 1272 4512 earum
1320 4441 1462 4494 nulla
1505 4457 1598 4496 sua
1628 4442 1782 4511 culpa

217 4533 337 4586 sine
385 4531 649 4601 baptismo
698 4529 896 4584 Christi
944 4529 1014 4587 de
1066 4547 1292 4600 corpore
1341 4533 1511 4587 fuerat
1538 4533 1784 4586 exitura?

218 4624 480 4691 Quoniam
507 4623 666 4693 igitur
693 4637 861 4692 neque
880 4622 947 4676 de
976 4622 1086 4676 Deo
1111 4639 1393 4693 possumus
1409 4624 1588 4679 dicere
1605 4665 1619 4687 ,
1641 4624 1784 4693 quod

211 4712 306 4771 vel
324 4728 478 4787 cogat
492 4719 699 4771 animas
721 4717 832 4771 fieri
855 4720 1199 4786 peccatrices,
1220 4719 1304 4771 vel
1326 4719 1510 4788 puniat
1531 4719 1786 4774 innocen—

218 4818 302 4862 tes
321 4823 336 4868 ;
364 4823 534 4877 neque
552 4823 744 4878 negare
771 4805 849 4861 fas
873 4807 1026 4861 nobis
1049 4816 1169 4871 est,
1208 4821 1298 4860 eas
1320 4823 1438 4876 quia:
1458 4809 1572 4864 sine
1591 4809 1784 4864 Christi

218 4906 561 4953 sacramento
609 4897 678 4952 dc
703 4897 1016 4966 corporibus
1055 4896 1316 4962 exierint,
1340 4898 1499 4951 etiam
1532 4901 1784 4966 parvulo-

221 5005 343 5045 rum
368 5029 384 5053 ,
416 5003 519 5043 non
562 4989 664 5043 nisi
709 4990 760 5042 in
789 4988 1184 5042 damnationem
1237 4989 1375 5042 trahi
1406 5007 1420 5042 :
1448 4991 1672 5045 obsecro
1703 5002 1781 5057 te,

219 5079 494 5151 quomodo
517 5079 630 5134 haec
655 5081 834 5149 opinio
860 5077 1186 5145 defenditur,
1233 5095 1335 5148 qna
1358 5079 1646 5134 creduntur
1673 5084 1790 5135 ani-

223 5187 330 5227 mze
361 5186 464 5224 non
491 5186 556 5224 ex
601 5171 690 5225 illa
717 5187 816 5225 una
859 5170 1011 5239 primi
1043 5169 1272 5225 hominis
1300 5169 1412 5224 fieri
1442 5186 1650 5237 omnes,
1691 5172 1786 5225 sed

220 5266 365 5318 sicut
396 5263 482 5314 illa
506 5277 611 5315 una
643 5263 729 5314 ttni
749 5301 766 5327 ,
795 5261 862 5314 ita
891 5261 1113 5331 singulis
1142 5260 1402 5330 singulas?
1427 5279 1444 5311 ι

301 5353 390 5407 Η.
437 5370 458 5404 t
491 5351 566 5405 Ea
593 5365 721 5404 vero
759 5366 876 5420 quae
904 5351 1154 5404 dicuntur
1182 5351 1283 5403 alia
1307 5362 1488 5405 contra
1517 5351 1652 5406 hanc
1670 5353 1788 5420 opi-

285 5485 349 5551 (αι
390 5486 524 5551 idem
546 5485 861 5551 eumErasm.
886 5486 1016 5535 addit
1036 5493 1190 5544 Jesus,
1215 5498 1323 5534 mox
1347 5485 1488 5535 etiam
1510 5487 1788 5536 adverbium

209 5547 710 5613 ντίῑῐιὸιροοοωὲιιὲε-
931 5607 976 5613 --
1056 5607 1064 5613 .
1181 5605 1192 5613 .
1257 5605 1287 5613 ..

299 5610 354 5667 b)
389 5610 545 5657 Abest
566 5608 628 5654 ab
649 5608 832 5656 Erasm.
859 5615 910 5656 et
931 5607 1150 5656 Martian.
1173 5605 1421 5667 hodieque.

299 5612 331 5659 ὁ
389 5612 545 5657 Abest
566 5612 628 5654 ab
649 5612 832 5656 Erasm.
859 5615 910 5656 et
932 5612 1150 5656 Martian.
1173 5612 1421 5667 hodieque.

281 5612 354 5734 iri
392 5669 631 5717 Adnotaut
660 5669 964 5717 llencdictiui
999 5682 1048 5716 in
1095 5668 1206 5717 Mss.
1247 5681 1340 5717 non
1379 5669 1539 5731 faucis
1584 5670 1789 5719 inveniri

209 5730 310 5786 sine
331 5730 469 5783 not-tr
492 5735 746 5780 creatura.

1483 333 1486 336 ’
1517 341 1839 400 EPISTOLA
1875 339 2088 398 CXXX.

3289 361 3423 422 “'50

1859 455 2105 521 nionem,
2158 454 2314 512 facile
2369 469 2496 527 puto
2523 475 2606 514 me
2663 475 2828 529 posse
2858 463 3104 520 refclicrc
3130 509 3145 533 ,
3177 471 3314 524 sicut
3343 482 3424 526 est

1863 546 1990 600 illttd
2011 588 2026 611 ,
2050 559 2157 615 quo
2178 563 2293 603 eam
2312 550 2410 603 sibi
2428 551 2638 619 quidam
2659 553 2904 608 videntur
2925 571 3110 625 urgere
3130 599 3144 622 ,
3164 565 3428 628 quomodo

1861 639 2311 692 consummaverit
2326 641 2463 694 Deus
2475 643 2650 697 omnia
2665 660 2822 712 opera
2835 659 2927 698 sua
2941 648 3262 711 sextodie,e:
3279 654 3432 722 septi-

1865 741 1955 778 mo
1977 729 2295 794 requieverit
2327 730 2471 801 (Gen.
2521 733 2576 786 2.
2605 733 2687 803 9.),
2733 738 2777 788 si
2821 751 2984 789 novas
3012 738 3184 794 adhuc
3231 743 3433 797 animas

1864 818 2052 870 creat?
2098 819 2301 884 Quibus
2347 822 2392 874 si
2436 823 2732 878 dixerimus
2777 827 2916 894 quod
2947 843 3010 882 ex
3057 830 3344 901 Evangelio
3370 834 3424 887 in

1863 925 2021 978 snpra
2048 911 2185 964 dicta
2212 913 2434 981 epistola
2462 915 2722 983 posuisti,
2754 916 2912 972 Pater
2940 937 3078 973 meus
3111 939 3266 989 usque
3295 941 3428 977 nunc

1864 1008 2100 1068 aperatur
2123 1000 2298 1072 (Ιοαη.
2329 1004 2488 1072 5J7)
2513 1021 2530 1057 :
2554 1006 2914 1074 respondent,
2950 1021 3206 1078 aperatur,
3235 1013 3430 1068 dictum
3505 1041 3510 1046 ο

1864 1097 1947 1142 est
1968 1129 1983 1152 ,
2009 1089 2280 1144 institutas
2309 1092 2756 1158 administrando,
2791 1112 2894 1150 non
2924 1113 3088 1152 novas
3111 1099 3432 1154 instituendo

1867 1187 2116 1243 naturas,
2167 1196 2236 1235 ne
2285 1183 2574 1251 Scriptura:
2621 1184 2892 1241 Gcneseos
2918 1191 3313 1244 COntradicatur
3345 1192 3434 1244 ubi

1866 1271 2204 1337 apertissime
2225 1272 2416 1342 legitur
2442 1289 2846 1331 consummasse
2872 1279 3034 1332 Deum
3066 1280 3241 1332 omnia
3270 1296 3431 1348 opera

1867 1370 1984 1411 sua.
2035 1358 2165 1414 Nam
2211 1370 2265 1414 et
2315 1363 2455 1428 quod
2500 1379 2622 1418 eum
2668 1369 2928 1434 scriptum
2955 1378 3040 1422 est
3061 1371 3427 1438 requievisse,

1869 1449 2047 1518 utique
2075 1466 2104 1504 a
2131 1453 2378 1507 creandis
2408 1455 2562 1509 nobis
2590 1459 2850 1513 creaturis
2902 1461 3298 1530 intelligendum
3327 1474 3430 1528 est,

1871 1553 1974 1590 non
2019 1554 2051 1592 a
2102 1542 2498 1609 gubernandis;
2548 1546 2670 1612 quia
2720 1557 2845 1602 tunc
2871 1563 2930 1601 ea
2961 1565 3080 1620 qua:
3109 1567 3211 1604 non
3242 1565 3430 1616 erant,

1870 1629 2026 1694 fecit,
2056 1645 2085 1683 a
2111 1633 2300 1700 quibus
2336 1633 2591 1690 faciendis
2628 1639 2887 1706 requievit
2913 1656 2926 1690 :
2952 1641 3071 1707 quia
3097 1656 3436 1695 consumma-

1873 1728 2026 1771 verat
2049 1722 2257 1785 omnia,
2285 1739 2404 1791 qua:
2448 1735 2738 1794 antequam
2789 1738 3000 1793 essent,
3059 1731 3190 1784 vidit
3215 1747 3331 1784 esse
3362 1733 3436 1784 fa-

1870 1805 2057 1860 cienda
2081 1849 2096 1872 ,
2131 1818 2188 1860 ut
2217 1810 2473 1879 deinceps
2522 1829 2624 1867 non
2653 1829 2716 1868 ea
2764 1831 2882 1884 quin
2909 1833 3012 1870 non
3038 1829 3218 1884 erant,
3251 1820 3340 1874 sed
3370 1836 3438 1876 ex

1873 1895 1953 1948 bis
1975 1911 2092 1965 qua:
2113 1900 2223 1966 jam
2255 1911 2427 1964 erant,
2450 1912 2660 1956 crearet
2687 1912 2745 1957 et
2793 1907 2993 1960 faceret
3019 1907 3271 1979 quidquid
3297 1909 3438 1965 face-

1871 1993 1972 2039 ret.
2024 1985 2100 2041 lta
2148 1998 2433 2058 utrumque
2462 2006 2647 2045 verum
2677 2007 2800 2048 esse
2830 2005 3180 2061 monstratur,
3215 2009 3268 2052 ct
3295 2001 3438 2070 quod

1871 2072 2073 2127 dictum
2127 2086 2245 2141 est,
2290 2078 2548 2147 quuievit
2575 2080 2638 2132 ab
2677 2083 2907 2149 operibus
2943 2086 3048 2138 suis
3069 2102 3086 2137 :
3109 2097 3162 2139 et
3188 2089 3324 2156 quod
3354 2090 3442 2143 di-

1873 2173 2016 2217 ctum
2043 2174 2146 2226 est,
2179 2166 2347 2234 Usque
2377 2185 2510 2221 nunc
2527 2183 2803 2238 operatur:
2833 2175 3081 2242 quoniam
3114 2178 3310 2233 Genesi
3331 2195 3438 2235 non

1877 2263 2052 2322 potest
2082 2256 2424 2325 Evangelium
2463 2274 2582 2313 esse
2612 2263 2957 2316 contrarium.
2991 2284 3010 2315 ι

1947 2347 2017 2400 12
2063 2365 2080 2397 ‹
2118 2346 2312 2401 Verum
2356 2349 2436 2402 his
2464 2352 2552 2419 qui
2589 2351 2700 2406 hrec
2731 2353 2848 2408 ideo
2875 2355 3059 2410 dicunt
3103 2372 3171 2413 ne
3195 2359 3442 2414 credatur

1875 2435 2034 2489 modo
2061 2435 2223 2500 Deus,
2246 2439 2382 2490 sicut
2411 2437 2553 2490 illam
2578 2455 2736 2494 unam
2763 2456 2928 2496 novas
2949 2445 3172 2511 animas,
3193 2463 3310 2516 qua:
3327 2465 3435 2502 non

1875 2537 2045 2591 erant,
2067 2527 2260 2592 facere;
2278 2531 2371 2581 sed
2439 2530 2642 2601 1005
2698 2547 2762 2586 ex
2786 2534 2873 2588 illa
2897 2540 3278 2606 una,qua:jam
3301 2551 3440 2606 erat,

1876 2632 1968 2672 eas
1983 2635 2166 2674 creare
2185 2660 2201 2685 ,
2229 2620 2310 2674 vel
2333 2636 2398 2675 ex
2417 2624 2560 2675 fonte
2579 2623 2757 2692 aliquo
2777 2625 2889 2679 sive
2912 2627 3160 2682 thesauro
3184 2631 3438 2697 quodam,

1877 2725 2035 2779 quem
2092 2720 2216 2767 tunc
2265 2712 2422 2778 fecit,
2466 2729 2558 2768 eas
2607 2716 2847 2779 mittere,
2883 2717 3036 2773 facile
3066 2722 3438 2789 respondetur,

1878 2804 2037 2857 ctiam
2086 2805 2192 2858 illis
2240 2820 2334 2859 sex
2377 2805 2568 2860 diebus
2619 2807 2782 2861 multa
2829 2809 2991 2862 Deum
3020 2825 3233 2866 creasse
3259 2827 3323 2865 ex
3355 2812 3441 2865 bis

1880 2894 2114 2959 naturis,
2142 2911 2274 2964 quas
2299 2897 2408 2963 jam
2437 2907 2746 2962 creaverat,
2778 2897 2915 2952 sicut
2940 2914 3001 2953 ex
3027 2901 3178 2970 aquis
3207 2902 3362 2956 alites
3389 2914 3444 2957 et

1880 2985 2082 3054 pisces;
2113 3001 2175 3039 ex
2205 2997 2344 3040 terra
2376 2997 2556 3040 autem
2589 2989 2808 3042 arbores
2828 3032 2842 3054 ,
2889 2989 3087 3044 faenum
3108 3033 3123 3058 ,
3148 2993 3394 3047 animalia
3425 3011 3438 3046 :

1880 3076 1971 3128 sed
1998 3075 2136 3143 quod
2166 3091 2225 3128 ca
2246 3117 2260 3137 ,
2288 3092 2408 3145 quae
2431 3091 2536 3132 non
2561 3087 2714 3131 erant
2738 3119 2752 3142 ,
2784 3088 2908 3133 tunc
2953 3079 3132 3136 fecerit
3156 3124 3170 3144 ,
3215 3084 3444 3138 manife-

1879 3174 2018 3217 stum
2047 3177 2146 3218 est.
2183 3165 2331 3218 Nulla
2361 3167 2502 3220 enim
2531 3179 2646 3220 erat
2675 3173 2810 3233 avis,
2855 3171 3028 3223 nullus
3075 3172 3253 3240 piscis,
3299 3176 3445 3228 nulla

1881 3253 2080 3318 arbor,
2135 3255 2340 3307 nullmn
2388 3257 2581 3310 animal
2609 3276 2622 3310 :
2647 3267 2700 3310 et
2755 3259 2890 3312 bene
2930 3260 3239 3330 intelligitur
3258 3263 3325 3317 ab
3363 3263 3445 3317 his

1879 3347 2077 3398 creatis
2104 3346 2459 3414 requievisse,
2489 3364 2607 3415 quae
2637 3365 2742 3404 non
2773 3360 2961 3415 erant,
2993 3361 3048 3406 et
3074 3363 3247 3407 creata
3280 3367 3403 3410 sunt
3428 3397 3445 3420 ,

1883 3434 1932 3486 id
1961 3446 2043 3489 est
2070 3450 2310 3490 cessasse
2335 3477 2348 3499 ,
2383 3453 2482 3491 nec
2514 3439 2653 3492 ultra
2685 3456 2804 3507 qna-
2847 3455 2948 3493 non
2975 3452 3158 3509 erant,
3188 3459 3440 3500 crearen-

1884 3534 1988 3578 tur.
2019 3526 2123 3580 Sed
2153 3543 2291 3582 nunc
2310 3529 2451 3596 quod
2477 3529 2690 3594 dicitur,
2717 3531 2796 3602 (d)
2816 3533 3022 3588 animas
3050 3550 3152 3588 non
3182 3537 3234 3590 in
3266 3539 3446 3593 nescio

1882 3632 1988 3685 quo
2013 3620 2153 3671 l‘oute
2173 3618 2279 3684 jam
2307 3621 2620 3674 exsistcntes
2653 3623 2863 3675 mittere
2882 3664 2896 3687 ,
2926 3638 3022 3678 nec
3048 3624 3113 3679 de
3129 3625 3305 3694 seipso
3335 3636 3448 3682 tan-

1884 3722 2039 3775 quam
2064 3723 2188 3761 suas
2215 3711 2498 3776 particulas
2524 3710 2782 3771 irrorare,
2812 3726 2912 3765 nec
2939 3711 3006 3766 de
3037 3714 3121 3766 illa
3149 3730 3248 3768 una
3279 3717 3440 3785 origi-

1887 3797 2079 3851 nalitcr
2125 3799 2367 3861 trahere,
2424 3814 2522 3851 nec
2571 3814 2669 3868 pro
2693 3798 2904 3852 delictis
2926 3809 3050 3854 aute
3067 3817 3278 3856 carnem
3303 3819 3450 3858 com-

1887 3886 2063 3938 missis
2093 3889 2306 3938 carneis
2332 3885 2561 3938 vinculis
2590 3885 2895 3953 compedire
2916 3926 2929 3948 ,
2955 3887 3048 3940 sed
3076 3903 3240 3943 novas
3264 3905 3450 3946 creare

1890 3975 2124 4042 singulas
2144 3975 2365 4042 singulis
2384 3990 2532 4026 suam
2555 4015 2568 4040 ,
2589 3975 2783 4044 cuique
2810 3977 3049 4030 nascenti
3079 4017 3092 4040 ,
3122 3993 3226 4031 non
3255 3980 3450 4049 aliquid

1892 4062 2071 4116 facere
2085 4064 2298 4125 dicitur,
2322 4063 2463 4132 quod
2487 4072 2608 4118 ante
2635 4081 2740 4117 non
2760 4063 2976 4118 fecerat.
2999 4065 3112 4120 Jam
3135 4069 3276 4122 enim
3300 4062 3453 4124 sexto

1893 4154 1979 4208 die
2007 4153 2204 4206 fecerat
2250 4153 2519 4207 hominem
2549 4154 2616 4208 ad
2645 4155 2928 4224 imaginem
2958 4163 3141 4223 ’suam,
3172 4161 3314 4229 quod
3346 4163 3452 4216 uti-

1886 4262 1991 4315 que
2017 4247 2307 4300 secundnm
2328 4248 2556 4301 animam
2577 4249 2887 4304 rationalem
2908 4251 3097 4306 feciSse
3115 4253 3442 4325 intelligitur.

1889 4334 1964 4402 (e)
1984 4335 2093 4389 [ioc
2115 4345 2167 4390 et
2191 4351 2328 4389 tuine
2350 4335 2501 4398 facit,
2531 4355 2634 4391 non
2665 4340 2990 4396 instituendo
3015 4343 3152 4411 quod
3177 4361 3279 4400 non
3312 4359 3447 4410 erat,

1889 4427 1983 4480 sed
2011 4428 2403 4498 multiplicando
2428 4429 2568 4498 quod
2590 4441 2722 4500 erat.
2751 4431 2899 4487 Unde
2921 4444 2970 4488 et
2989 4435 3117 4488 illud
3149 4452 3329 4492 verum
3349 4451 3450 4501 est,

1889 4519 2028 4586 quod
2050 4534 2078 4571 a
2095 4519 2274 4582 rebus,
2294 4535 2412 4588 qua:
2433 4535 2536 4574 non
2551 4531 2722 4586 erant,
2740 4523 3074 4578 instituendis
3094 4531 3370 4594 requievit.
3392 4530 3450 4580 Et

1893 4607 1993 4662 hoc
2010 4624 2189 4663 verum
2217 4619 2297 4664 est
2313 4652 2328 4674 ,
2353 4611 2494 4681 quod
2514 4629 2617 4667 non
2635 4614 2803 4666 solum
2821 4614 3287 4684 gubernandoqnaa
3308 4617 3452 4683 fecit,

1890 4718 2076 4756 verum
2094 4703 2252 4757 etiam
2275 4702 2471 4771 aliquid
2501 4702 2756 4771 nonquod
2775 4701 3029 4770 nendum,
3058 4704 3149 4756 scd
3180 4706 3318 4774 quod
3343 4707 3453 4775 jam

1892 4802 2194 4856 creaverat,
2225 4795 2556 4848 numerosius
2572 4792 2802 4846 creando
2827 4807 2993 4861 usque
3020 4809 3160 4848 DUIIC
3184 4811 3456 4864 opei‘aznr.

1896 4882 1988 4938 Vel
2007 4885 2085 4938 sic
2104 4899 2230 4952 ergo
2249 4883 2329 4935 vel
2348 4883 2453 4935 alio
2473 4882 2630 4935 modo
2645 4881 2881 4948 quolibet
2899 4882 3104 4935 eximus
3125 4884 3192 4935 ab
3211 4899 3295 4945 eo,
3318 4887 3457 4952 quod

1896 4975 2050 5028 nobis
2094 4973 2341 5040 objicitur
2381 4971 2447 5026 de
2478 4972 2661 5040 requie
2692 4972 2782 5025 Dei
2833 4973 2902 5024 ab
2929 4973 3182 5040 operibus
3211 4976 3320 5026 suis
3343 5017 3357 5038 ,
3396 4995 3461 5030 ne

1893 5072 2171 5130 propterea
2230 5075 2332 5113 non
2380 5060 2658 5112 credamus
2706 5076 2844 5114 nunc
2886 5077 3054 5131 usque
3101 5064 3212 5116 fieri
3257 5067 3463 5120 aninzas

1895 5167 2059 5204 novas
2082 5193 2094 5211 ,
2127 5167 2232 5204 nuit
2285 5167 2347 5203 cx
2377 5151 2461 5203 illa
2491 5167 2620 5215 una,
2645 5153 2736 5203 sed
2766 5154 2903 5206 sicut
2927 5155 3070 5206 illam
3105 5169 3281 5208 uuam.

1960 5365 2026 5429 (ιι)
2066 5363 2213 5433 Paulo
2251 5362 2391 5433 aliter
2432 5377 2584 5424 penes
2625 5364 2842 5433 hiartian.
2886 5385 2908 5412 ι
2939 5370 3120 5418 animas
3163 5370 3325 5419 nescio
3367 5385 3464 5433 quo
3508 5405 3510 5407 ›

1891 5425 2042 5482 fonte,
2063 5426 2159 5485 jam
2183 5425 2456 5472 existentes
2480 5438 2571 5471 non
2596 5425 2810 5474 mittere.
2838 5444 2859 5470 »

1955 5490 2024 5548 (e)
2061 5487 2173 5551 Mss.
2198 5489 2412 5551 quinque
2443 5485 2676 5551 Vaticani,
2699 5494 2755 5551 _ct
2777 5501 2863 5535 sex
2890 5488 3115 5551 Gallicani
3139 5491 3262 5551 apud
3299 5491 3462 5540 liene-

1891 5545 2094 5597 dic'ti'nos
2119 5545 2230 5613 haec:
2254 5545 2464 5613 inferunt
2493 5558 2503 5591 :
2537 5545 2793 5613 «n'l'andem
2829 5556 2935 5609 post
2967 5545 3465 5613 longamdisputatio-

1893 5623 2024 5665 nem,
2061 5607 2429 5655 ecclesiasticam
2468 5605 2752 5668 conﬁrmasti
2791 5605 3098 5658 sententiam.
3124 5627 3146 5654 ι»
3177 5605 3327 5668 Qnain
3367 5623 3466 5661 ειυς

1891 5671 2009 5732 diosi
2049 5669 2248 5732 alicujus
2281 5665 2602 5732 marginalem‘
2631 5677 2810 5729 notam,
2837 5680 3000 5732 postea
3038 5673 3081 5719 in
3117 5665 3305 5724 textum
3341 5672 3466 5722 male

1897 5731 2120 5778 iutrusam
2140 5730 2291 5779 fuisse
2317 5743 2409 5778 non
2431 5729 2614 5778 dubito.
