3986 6184
578 325 711 382 MM

648 444 767 499 ΠΜ
786 438 913 495 Nam
941 428 1081 501 quod
1100 425 1308 487 dicitur,
1326 420 1501 488 Quare
1527 413 1648 469 facit
1663 410 1866 466 animas
1885 408 1983 476 eis,
2009 420 2141 476 quos

578 536 724 589 novit
747 531 854 584 cito
882 515 1203 578 morituros?
1232 513 1517 568 Possumus
1550 502 1876 576 rcSpondere
1898 540 1914 565 ,
1948 513 2141 569 paren-

579 636 685 678 tmn
709 620 830 673 hinc
868 620 1082 684 peccata
1109 606 1189 661 vel
1219 600 1483 665 cenvinci,
1515 598 1597 654 vel
1635 592 1913 665 ﬂagellari.
1943 590 2140 645 Possu-

576 728 693 769 mus
716 708 874 763 etiam
903 711 1050 758 recte
1094 698 1239 753 illius
1275 690 1626 750 moderationi
1669 689 1766 741 ista
1801 686 2101 753 relinquere
2122 720 2139 746 ,

572 814 729 873 quem
750 798 949 851 scimus
969 790 1215 847 omnibus
1240 784 1606 853 temporaliter
1637 776 2035 873 transeuntibus
2058 787 2142 827 re-

570 867 692 953 bus,
719 887 807 943 ubi
834 893 957 941 sunt
993 882 1155 938 etiam
1179 876 1489 955 animalium
1516 880 1666 927 ortus
1696 880 1746 924 et
1773 867 1949 923 obitus
1969 906 1986 930 ,
2020 878 2143 955 cur:

570 952 690 1039 sum
733 976 1132 1036 ornatissimum
1174 979 1337 1040 atque
1365 952 1816 1022 ordinatissimqu
1857 957 2014 1018 dare;
2047 952 2140 1009 sed

571 1087 672 1128 nos
697 1071 798 1126 ista
825 1066 1027 1123 sentire
1055 1078 1160 1118 non
1188 1073 1369 1131 posse,
1398 1070 1518 1127 quas
1546 1054 1589 1108 si
1615 1051 1959 1111 sentiremus,
1988 1045 2141 1100 dele-

571 1163 803 1218 ctatione
830 1154 1083 1213 ineffabili
1110 1151 1484 1206 mulceremur.
1516 1144 1633 1199 Non
1658 1141 1799 1196 enim
1827 1138 2022 1193 frustra
2050 1149 2144 1204 per

574 1251 929 1322 Prophetam,
961 1245 1050 1315 qui
1092 1243 1208 1297 haec
1252 1238 1503 1294 divinitus
1550 1233 1806 1302 inspirata
1845 1229 2138 1322 didicerat,

570 1316 771 1399 dictum
800 1348 885 1394 est
909 1336 976 1391 de
1007 1335 1135 1396 Deo,
1168 1330 1267 1398 Qui
1296 1327 1485 1397 profert
1514 1324 1593 1393 (a)
1622 1335 1881 1375 numerose
1906 1316 2144 1372 sarculum

572 1434 671 1503 (Is.
701 1431 791 1488 40.
831 1429 943 1499 26).
982 1424 1131 1482 Unde
1170 1422 1402 1481 musica,
1435 1416 1487 1471 id
1512 1423 1596 1472 est
1631 1412 1850 1469 scientia
1891 1423 2145 1464 scususve

571 1501 708 1580 bene
736 1517 1061 1580 modulandi,
1090 1515 1155 1569 ad
1180 1509 1594 1568 admonitionem
1615 1519 1823 1574 magna:
1851 1502 1952 1563 rei,
1976 1501 2144 1569 etiam

571 1614 886 1671 mortalibus
915 1608 1204 1665 rationales
1247 1601 1569 1658 habentibus
1608 1597 1815 1651 animas
1846 1593 1940 1648 Dei
1985 1591 2142 1661 Iargi~

572 1719 682 1762 tate
722 1718 975 1762 concessa
1018 1709 1119 1753 est.
1156 1696 1304 1752 Unde
1344 1694 1389 1747 si
1435 1692 1596 1745 homo
1636 1685 1864 1742 faciendi
1893 1682 2144 1738 carminis

578 1796 787 1871 1006
855 1790 1044 1847 artifex
1084 1788 1229 1843 novit
1279 1799 1413 1853 quas
1463 1781 1656 1851 quibus
1700 1789 1883 1832 moras
1928 1771 2145 1827 vocibus

574 1867 791 1950 t—ribuat,
818 1891 873 1938 ut
896 1880 1023 1935 illud
1049 1877 1189 1947 quod
1215 1874 1443 1935 canitur,
1467 1867 1850 1925 decedentibus
1878 1878 1940 1917 ac
1963 1876 2147 1917 succe-

571 1976 821 2031 dentibus
870 1971 1052 2032 sonis,
1112 1964 1464 2035 pulcherrime
1529 1967 1709 2014 currat
1752 1972 1817 2011 ac
1878 1962 2143 2015 transeat;

572 2066 770 2138 quanto
810 2063 979 2133 magis
1004 2062 1142 2115 Deus
1163 2100 1175 2113 .
1208 2056 1361 2124 cujus
1388 2051 1649 2121 sapientia
1673 2090 1688 2114 ,
1718 2063 1812 2117 per
1836 2060 1993 2116 quam
2024 2042 2149 2138 fecit

575 2132 772 2217 omnia,
805 2132 959 2221 longe
989 2148 1237 2204 omnibus
1277 2143 1476 2197 artibus
1502 2136 1829 2209 prmlerenda
1860 2144 1941 2188 est
1961 2175 1976 2199 ,
2007 2132 2146 2187 nulla

576 2250 627 2303 in
683 2244 887 2300 naturis
942 2237 1280 2295 nascentibus
1330 2242 1384 2287 et
1433 2227 1799 2285 occidentibus
1848 2232 2148 2292 temporum

574 2336 742 2405 spatia
763 2373 779 2399 ,
813 2344 945 2402 quae
970 2337 1218 2395 tauquam
1240 2321 1457 2393 syllabae
1482 2332 1545 2370 ac
1569 2316 1729 2369 verba
1758 2311 1827 2367 ad
1865 2310 2149 2382 particulas

578 2427 737 2495 hujus
764 2420 941 2487 steculi
974 2419 1238 2489 pertinent
1259 2453 1274 2474 ,
1301 2412 1352 2466 in
1381 2410 1483 2463 hoc
1509 2406 1801 2462 labentium
1831 2418 2007 2458 rerum
2036 2410 2150 2455 tan-

577 2492 734 2585 quam
766 2508 992 2565 mirabili
1024 2504 1265 2564 cau'ico,
1293 2500 1378 2554 vel
1417 2498 1665 2563 brevius,
1692 2494 1777 2549 vel
1810 2492 2147 2563 productius,

578 2580 736 2673 quam
786 2596 1073 2655 modulatio
1117 2590 1433 2662 prmeognita
1477 2597 1531 2642 ct
1573 2584 1829 2656 prmftnita
1876 2580 2148 2653 deposcit,

580 2671 852 2765 pnrterire
883 2686 1166 2759 permittit?
1207 2683 1318 2736 lloc
1350 2695 1469 2734 cum
1499 2678 1657 2732 etiam
1682 2676 1760 2739 ,de
1788 2673 1993 2727 arboris
2026 2671 2152 2726 folio

579 2784 827 2847 dixerim,
850 2778 989 2835 etde
1011 2786 1311 2831 nostrorum
1341 2784 1563 2825 numero
1582 2765 1889 2836 capillorum
1913 2782 1928 2829 ;
1955 2773 2153 2832 quanto

582 2876 750 2945 ntagis
788 2873 855 2927 de
886 2870 1115 2925 hominis
1143 2874 1260 2919 ortu
1308 2871 1365 2916 et
1391 2871 1582 2915 occasu
1607 2900 1621 2921 ,
1649 2857 1803 2926 cujus
1847 2855 2152 2923 temporalis

582 2967 686 3019 vita
733 2961 942 3017 brevius
987 2956 1359 3029 productinsve
1387 2968 1491 3005 non
1527 2948 1760 3002 tenditur
1780 2987 1796 3011 ,
1827 2960 1984 3014 quam
2013 2944 2153 2997 Deus

579 3056 869 3126 dis-positor
898 3061 1194 3120 temporum
1225 3044 1371 3099 novit
1414 3039 1775 3096 universitatis
1804 3036 2152 3091 moderamini

580 3130 877 3203 cattsonare
888 3143 911 3193 ’ἒ
935 3160 953 3192 ι

652 3238 739 3291 M.
775 3253 793 3286 ι
822 3232 877 3287 ld
904 3230 1062 3286 etiam
1096 3224 1235 3295 quod
1262 3223 1441 3282 aiunt,
1473 3233 1633 3274 oume
1658 3216 1796 3286 quod
1841 3217 1894 3270 in
1920 3224 2156 3283 tempore

580 3328 742 3397 (σαφῆ
770 3338 889 3378 esse
911 3362 927 3385 ,
962 3315 1260 3374 immortale
1304 3327 1422 3367 esse
1451 3325 1557 3364 non
1600 3322 1756 3375 posse
1785 3323 1799 3361 :
1831 3305 1951 3373 quia
1980 3304 2157 3369 orantia

581 3392 697 3472 orta
726 3413 1002 3473 occidunt,
1029 3418 1085 3463 et
1116 3416 1267 3460 aucta
1307 3408 1622 3461 senescunt,
1650 3408 1707 3450 ut
1737 3412 1800 3450 eo
1829 3394 1985 3449 modo
2010 3392 2154 3446 credi

583 3514 805 3575 cogant,
844 3502 1082 3555 animum
1124 3496 1410 3549 humanum
1460 3488 1579 3542 ideo
1604 3500 1724 3539 esse
1770 3483 2154 3549 immortalem,

583 3573 724 3668 quod
750 3601 875 3648 ante
899 3588 1074 3643 omnia
1104 3595 1342 3651 tempora
1374 3579 1443 3634 sit
1481 3586 1695 3632 creatus
1715 3616 1731 3642 ,
1762 3582 2075 3668 non‘movet

584 3661 708 3742 dem
749 3690 1003 3738 nostram.
1054 3676 1121 3732 Ut
1162 3673 1302 3735 enim
1342 3669 1443 3723 alia
1486 3676 1723 3730 taceam,
1751 3663 1913 3731 cmpit
1939 3676 2058 3716 esse
2104 3661 2157 3715 in

588 3788 826 3845 tempore
855 3765 1226 3827 immortalitas
1252 3761 1433 3816 carnis
1457 3756 1673 3818 Christi,
1703 3768 1820 3823 qurc
1853 3761 2048 3845 tamen—
2049 3751 2157 3819 jam

588 3840 966 3925 nou‘moritut’,
987 3865 1043 3913 et
1061 3851 1279 3910 mors-ei
1297 3849 1431 3904 ultra
1457 3861 1563 3900 non
1590 3843 1951 3899 dominabitur
1983 3840 2157 3913 (Rom.

589 3955 643 4012 ϐ.
663 3953 774 4012 9ὶοθ

662 3954 794 4100 3...:
820 4040 951 4096 Illud
977 4051 1102 4092 vero
1120 4031 1259 4103 quod
1277 4028 1337 4085 in
1355 4027 1489 4084 libro
1503 4024 1760 4081 adversus
1785 4022 2051 4078 Ruflinum
2078 4038 2161 4091 po-

589 4133 741 4189 suisti
763 4130 895 4203 (Lib.
921 4130 989 4192 '5,
1019 4142 1132 4194 cap.
1159 4120 1360 4188 ultimo)
1387 4118 1484 4190 (b),
1515 4114 1770 4185 quosdam
1798 4113 1922 4203 huic
1945 4120 2162 4203 senten-

562 4233 579 4260 'e
593 4228 681 4279 tiae
706 4200 1016 4277 calumniari
1041 4255 1056 4279 ,
1100 4210 1239 4281 quod
1260 4211 1434 4263 Deum
1462 4207 1593 4261 dare
1623 4205 1827 4259 animas
1851 4200 2164 4258 adulterinis

592 4309 938 4381 conceptibus
978 4305 1222 4359 videatur
1265 4299 1536 4370 indignum
1556 4339 1573 4363 ,
1612 4295 1757 4361 unde
1783 4302 2042 4350 conantur
2066 4293 2160 4346 ad-

594 4414 804 4459 struere
827 4396 1035 4454 mcritis
1060 4404 1224 4463 gesta:
1248 4400 1373 4445 ante
1396 4404 1609 4445 carnem
1637 4388 1756 4443 vitae
1786 4387 1991 4440 animas
2016 4385 2163 4455 quasi

504 4504 509 4533 ῖ
598 4493 665 4548 ad
693 4487 959 4560 ergastula
986 4485 1145 4555 hujus
1187 4480 1369 4537 mundi
1407 4480 1551 4550 juste
1581 4493 1737 4546 posse
1780 4476 2029 4545 perduci,
2060 4490 2164 4530 non

599 4601 684 4639 me
711 4589 889 4638 movet
932 4578 1091 4635 multa
1121 4576 1458 4644 cogitantem,
1499 4569 1692 4638 quibus
1718 4569 1830 4623 huic
1876 4570 2044 4639 possit
2078 4583 2169 4621 ca-

600 4675 799 4730 lumuia
841 4669 1081 4726 refutari.
1111 4665 1179 4720 Et
1204 4661 1343 4734 quod
1374 4663 1485 4729 ipse
1516 4657 1833 4726 reSpoudisti
1857 4698 1871 4721 ,
1914 4673 2018 4710 non
2050 4672 2169 4712 esse

599 4767 785 4821 vitium
812 4760 1070 4819 sementis
1088 4759 1149 4813 in
1175 4755 1347 4811 tritico
1376 4751 1518 4822 quod
1562 4752 1700 4804 furto
1724 4749 1916 4803 dicitur
1938 4763 2056 4804 esse
2081 4762 2172 4801 su-

598 4858 842 4920 blatum,
888 4849 984 4909 sed
1026 4849 1080 4905 in
1124 4861 1190 4903 eo
1218 4845 1307 4913 qui
1356 4842 1613 4897 frumenta
1660 4839 1863 4893 furatus
1907 4847 2021 4902 est;
2073 4852 2172 4892 nec

603 4946 801 5003 idcirco
824 4952 1023 4998 terram
1053 4952 1160 4993 nou
1180 4933 1436 4990 debuisse
1463 4929 1664 5002 gremio
1689 4944 1786 4982 suo
1812 4926 2017 4982 semina
2046 4940 2171 4981 con-

666 5120 738 5182 (a)
772 5117 846 5168 Ex
870 5111 1011 5182 LXX.
1035 5122 1057 5163 ι
1080 5124 1226 5174 ικφιραν
1262 5119 1344 5159 κάτ’
1364 5118 1511 5169 ἀριθμὸν
1545 5115 1608 5155 τὸν
1626 5116 1762 5164 ιόσμθν
1796 5113 1925 5160 chos,
1957 5099 2102 5161 Vulg.
2124 5098 2174 5149 in

604 5174 1311 5234 tmmcromilitiameorttm._
1357 5227 1398 5234 __
1620 5231 1628 5234 _
1691 5222 1737 5234 ,,
1823 5222 1868 5234 _,

668 5218 1257 5303 ibi'f4"5éﬁit?é'dr's¢lm
1275 5227 1566 5303 saepe:
1584 5231 1641 5303 fit.
1657 5222 1841 5303 993.35!
1852 5218 2171 5303 ῐὲξέἓξὶεξέεἱε

605 5280 745 5350 ut‘de
761 5280 1305 5356 adniteribilnrestuque
1337 5280 1645 5356 nascentibus
1664 5285 1842 5356 animas
1856 5280 2096 5356 largiatur
2109 5280 2169 5356 1"»

606 5342 1167 5415 ἃῖὦῖτῖιῐέῐότῑεθηε
1188 5342 1397 5415 τίρὶείρκεη
1420 5348 1504 5394 Ιίιιο
1528 5348 1642 5415 5-.0:
1666 5344 1711 5415 ιῖι
1743 5342 1888 5415 Ψοη
1913 5342 2055 5415 ίιιέιει*
2090 5353 2177 5415 ῐκξ·

608 5400 1217 5480 i3§ii"r'é§péiiaéiifitam
1236 5400 1431 5479 absque
1463 5408 1602 5480 omni
1627 5405 1868 5480 injttst‘itiae
1902 5400 2177 5480 galliam?

613 5462 1244 5536 videnti:demonstretur,
1289 5462 1378 5518 nisi
1424 5469 1609 5536 priores
1651 5462 1866 5525 quadam
1911 5462 2064 5536 fuisse
2086 5462 2181 5536 (eis

610 5550 769 5586 causa:
800 5538 1046 5592 dicantur,
1080 5529 1256 5595 quibus
1276 5536 1533 5595 antequam
1548 5529 1603 5595 in
1627 5536 1830 5595 corpore
1865 5529 2180 5595 nascerentur

612 5581 1007 5655 anime—ahquid
1025 5581 1353 5655 eotitraxeriut
1374 5581 1527 5655 culpas
1547 5587 1592 5634 in
1614 5581 1853 5655 sensibus,
1871 5581 2182 5655 velmotilms

610 5640 732 5707 suis.
758 5640 1470 5713 Q'i’atilo‘postnBenedictini'
1492 5659 1578 5707 pro
1615 5644 1759 5706 hujus
1802 5640 1972 5693 mundi
2009 5640 2180 5705 legunt

608 5712 905 5764 huiusmodi.

2048 5814 2077 5840 4

1872 293 2113 349 SANC'I'I
2155 291 2528 348 IlIERONYMI

3701 290 3838 345 “31

2245 404 2460 470 fovere,
2508 404 2633 474 quia
2678 411 2825 459 sator
2865 402 3132 460 immunda
3178 418 3242 459 ea
3285 403 3580 475 projecerit
3626 420 3833 468 manu;

2245 496 2636 565 elegantissima
2673 493 2969 549 similitudo
2993 503 3093 549 est.
3128 494 3297 562 Quam
3342 505 3398 550 et
3430 504 3732 564 antequam
3767 497 3837 549 le-

2244 599 2425 654 gerent
2457 584 2631 639 nullas
2655 583 2784 638 mihi
2806 583 3035 654 ohjectio
3059 583 3157 638 ista
3176 583 3242 638 de
3265 584 3588 639 adulterinis
3614 585 3835 641 [tatibus

2247 675 2299 729 in
2334 675 2433 729 hac
2457 675 2754 744 quaestione
2779 675 3005 729 faciebat
3044 676 3351 745 angustias,
3391 676 3727 745 generaliter
3754 680 3833 733 iu-

2246 764 2414 820 tueuti
2440 764 2608 819 multa
2627 764 2766 819 bona
2794 765 2962 820 Deum
2990 766 3184 829 facere,
3208 766 3367 821 etiam
3396 766 3466 821 de
3490 768 3700 822 nostris
3727 784 3835 822 ma-

2247 857 2313 912 lis
2340 858 2641 927 nostrisque
2670 858 2921 927 peccatis.
2952 858 3213 912 Animalis
3236 869 3414 913 autem
3440 860 3833 930 cujuscumque

2244 948 2480 1013 creatio,
2525 950 2569 1002 si
2602 949 2790 1003 habeat
2820 949 2959 1019 pium
3000 949 3421 1021 prudentemque
3455 952 3829 1008 considerato-

2246 1053 2359 1091 rem
2385 1078 2400 1101 ,
2448 1037 2768 1093 ineffabilem
2817 1040 3025 1094 laudem
3068 1039 3309 1095 Creatori
3354 1042 3589 1109 excitat;
3634 1055 3831 1112 quanto

2246 1127 2416 1196 magis
2443 1131 2644 1183 creatio
2668 1143 2770 1183 non
2812 1129 3096 1198 cujuslibet
3127 1133 3394 1199 animalis,
3425 1134 3523 1188 sed
3554 1133 3824 1189 hominisi

2247 1216 2304 1271 Si
2330 1226 2503 1273 autem
2533 1234 2690 1274 causa
2713 1220 2929 1275 creandi
2959 1222 3215 1289 quaeritur
3232 1264 3248 1289 ,
3282 1225 3425 1278 nulla
3449 1225 3612 1280 citius
3638 1235 3696 1281 et
3722 1243 3831 1281 me-

2249 1307 2349 1362 lius
2377 1309 2731 1377 respondetur
2750 1350 2765 1374 ,
2797 1310 2899 1364 nisi
2925 1311 3047 1381 quia
3078 1313 3251 1367 omnis
3277 1323 3524 1369 creatura
3553 1317 3649 1371 Dei
3693 1318 3828 1371 bona

2247 1408 2351 1455 est.
2395 1399 2464 1453 Et
2497 1399 2623 1469 quid
2654 1399 2867 1470 dignius
2891 1416 3051 1472 quam
3097 1411 3155 1456 ut
3198 1403 3333 1457 bona
3380 1405 3540 1459 faciat
3620 1406 3825 1478 ιοω

2248 1490 2418 1545 bonus
2464 1491 2620 1555 Deus,
2664 1507 2781 1562 qua:
2829 1508 2987 1548 nemo
3031 1502 3209 1563 potest
3246 1493 3424 1550 facere
3459 1496 3566 1550 nisi
3590 1496 3772 1551 Deus?
3803 1516 3823 1548 ι

2321 1581 2405 1636 16.
2445 1599 2463 1632 ι
2501 1581 2624 1636 "me
2652 1591 2706 1637 et
2729 1583 2830 1636 alia
2851 1597 2968 1652 qua:
2997 1597 3244 1652 possum,
3272 1586 3409 1639 sicut
3433 1599 3683 1655 possum,
3710 1586 3829 1642 dico

2247 1669 2501 1726 adversus
2522 1687 2615 1725 eos
2643 1672 2731 1741 qui
2759 1672 2894 1726 hanc
2921 1674 3247 1742 opinionem,
3270 1690 3371 1744 qua
3397 1676 3703 1732 creduntur
3719 1679 3829 1733 aui-

2248 1778 2349 1816 ma:
2372 1763 2511 1818 sicut
2535 1764 2623 1817 illa
2656 1779 2758 1818 una
2785 1765 3008 1834 singulis
3034 1765 3168 1830 fieri,
3196 1765 3514 1822 labefactare
3543 1778 3827 1824 conantur.

2247 1850 2351 1907 Sed
2400 1867 2520 1907 cum
2547 1854 2611 1907 ad
2637 1868 2825 1923 pgnas
2844 1863 3059 1909 ventum
3095 1867 3179 1911 est
3204 1857 3572 1926 parvulorum,
3601 1861 3825 1928 magnis,

2250 1943 2581 2011 mihicrede,
2613 1952 2859 2000 coarctor
2883 1945 3160 2014 angustiis,
3195 1962 3291 2002 nec
3318 1946 3443 2015 quid
3473 1949 3827 2017 respondeam

2249 2048 2469 2104 prorsus
2498 2036 2711 2090 invenio
2740 2053 2753 2088 :
2788 2050 2893 2091 non
2920 2037 3094 2091 solum
3131 2053 3221 2091 eas
3266 2051 3451 2107 pmnas
3496 2037 3659 2104 dico,
3700 2054 3828 2107 quas

2252 2124 2412 2179 habet
2442 2135 2561 2195 post
2588 2125 2727 2181 hanc
2746 2125 2909 2180 vitam
2936 2125 3026 2180 illa
3050 2126 3341 2193 damnatio,
3364 2114 3479 2197 quo
3503 2142 3727 2181 necesse
3751 2137 3829 2181 est

2252 2217 2560 2282 trahantur,
2605 2219 2652 2273 si
2701 2218 2769 2273 de
2808 2233 3034 2288 corpore
3081 2218 3310 2273 exierint
3348 2219 3466 2274 sine
3510 2218 3827 2274 Christiana:

2250 2309 2433 2379 gratim
2480 2317 2850 2372 sacramento,
2881 2308 2975 2362 sed
3002 2323 3095 2363 eas
3140 2308 3314 2376 ipsas,
3346 2323 3467 2377 quae
3502 2309 3558 2363 in
3599 2309 3702 2364 hac
3728 2311 3827 2363 vita

2254 2399 2552 2454 dolentibus
2591 2400 2745 2453 nobis
2773 2410 3056 2455 versantur
3084 2409 3208 2453 ante
3247 2398 3473 2464 oculos;
3515 2415 3655 2470 quas
3698 2417 3826 2455 cnu-

2254 2508 2460 2548 merare
2501 2492 2547 2547 si
2588 2492 2745 2546 velim
2770 2532 2785 2556 ,
2828 2492 2974 2561 prius
3002 2502 3209 2560 tempus
3235 2507 3391 2561 quam
3419 2493 3669 2561 exempla
3698 2493 3827 2547 defi-

2252 2583 2414 2639 cient.
2440 2581 2811 2653 Languescuut
2835 2597 2933 2652 :egr
2948 2581 3236 2637 itudiuihus
3254 2621 3269 2645 ,
3297 2592 3617 2653 torquentur
3636 2582 3830 2637 dolori-

2254 2673 2388 2737 bus,
2435 2671 2571 2725 fame
2597 2684 2651 2727 et
2676 2672 2762 2726 siti
2793 2671 3132 2737 cruciantur,
3174 2670 3517 2725 debilitantur
3541 2672 3825 2735 membris,

2257 2764 2529 2831 privantur
2554 2760 2824 2825 sensibus,
2849 2771 3107 2814 vexantur
3133 2761 3199 2815 ab
3220 2760 3507 2815 imnmndis
3532 2762 3827 2830 spiritibus.

2257 2850 2734 2906 Detnonstrandum
2765 2859 2846 2904 est
2891 2850 2967 2921 (ε)
3016 2849 3196 2918 utique
3220 2890 3234 2912 ,
3283 2852 3555 2918 quntnodo
3584 2853 3687 2904 ista
3719 2852 3831 2904 sine

2257 2942 2360 2996 ulla
2388 2957 2479 2994 sua
2505 2940 2641 2995 mala
2666 2928 2823 2994 causa
2844 2939 2988 3008 juste
3014 2941 3299 3008 patiantur.
3328 2939 3439 2992 Non
3463 2942 3609 2994 enim
3631 2941 3732 2995 dici
3754 2940 3830 2995 fas

2255 3039 2336 3087 est
2357 3072 2372 3096 ,
2404 3040 2496 3084 aut
2524 3030 2622 3084 ista
2661 3031 2937 3099 ignorante
2961 3027 3070 3083 Deo
3113 3028 3248 3094 ﬁeri,
3280 3039 3370 3082 aut
3396 3045 3519 3083 eum
3550 3044 3659 3083 non
3682 3045 3833 3098 posse

2258 3113 2508 3175 resistere
2536 3118 2851 3173 facientibus
2874 3158 2889 3184 ,
2932 3127 3025 3171 aut
3051 3117 3248 3188 injuste
3276 3119 3374 3171 ista
3418 3119 3503 3172 vel
3545 3116 3723 3173 facere
3746 3118 3832 3172 vel

2259 3213 2586 3282 permittere.
2608 3208 2999 3278 Numquidnam
3021 3208 3160 3263 sicut
3182 3200 3429 3261 animalia
3452 3207 3831 3261 irrationabilia

2258 3309 2402 3353 recte
2425 3299 2650 3352 dicimus
2680 3298 2730 3350 iu
2770 3312 2897 3351 usus
2935 3296 3049 3351 dari
3092 3294 3295 3351 naturis
3328 3296 3832 3371 excellentioribus,

2260 3389 2360 3444 etsi
2390 3389 2616 3453 vitiosis,
2648 3396 2785 3441 stcut
2809 3386 3143 3456 apertissime
3172 3386 3222 3439 in
3256 3386 3543 3455 Evangelio
3568 3385 3834 3449 videmus,

2261 3493 2450 3548 porcos
2477 3476 2541 3530 ad
2572 3492 2726 3531 usum
2769 3475 3126 3530 desideratum
3155 3489 3441 3529 concessus
3470 3489 3592 3529 esse
3634 3474 3834 3528 daemo-

2261 3570 2415 3622 nibus
2443 3566 2658 3636 (Matth.
2686 3566 2739 3621 8.
2772 3564 2897 3633 ‘22);
2926 3564 3027 3618 hoc
3066 3575 3119 3618 et
3146 3564 3212 3619 de
3239 3565 3453 3619 homine
3480 3572 3627 3619 recte
3657 3579 3839 3634 possu-

2262 3671 2380 3710 mus
2408 3654 2622 3709 dicere?
2664 3655 2879 3709 Animal
2930 3663 3013 3709 est
3052 3654 3228 3718 enim,
3276 3653 3369 3707 sed
3402 3655 3699 3716 rationale,
3740 3656 3836 3707 etsi

2263 3745 2503 3799 mortale.
2538 3745 2726 3798 Anima
2756 3757 2837 3798 est
2874 3744 3147 3798 rationalis
3177 3744 3227 3798 in
3261 3744 3366 3797 illis
3389 3745 3681 3808 membris,
3724 3760 3838 3812 qm:

2265 3836 2423 3889 tantis
2464 3832 2840 3887 afflictionibus
2888 3846 3075 3901 prunas
3116 3832 3211 3886 luit
3252 3850 3266 3888 :
3312 3833 3456 3886 Deus
3503 3833 3677 3887 bonus
3721 3843 3835 3895 est,

2266 3928 2404 3981 Deus
2425 3926 2602 3997 justus
2630 3936 2749 3993 est,
2782 3926 2923 3979 Deus
2950 3924 3286 3994 omnipotens
3316 3934 3429 3984 cst;
3462 3922 3563 3977 hoc
3599 3923 3841 3976 dubitare

2263 4019 2480 4074 omnino
2508 4017 2771 4073 dementis
2797 4025 2898 4073 est.
2927 4015 3219 4072 Tantorum
3247 4030 3377 4082 ergo
3406 4015 3699 4075 malorum,
3722 4029 3840 4082 qua:

2266 4111 2397 4164 fiunt
2438 4111 2493 4169 in
2526 4110 2792 4179 parvulis,
2838 4123 2993 4163 causa
3039 4108 3179 4177 justa
3206 4105 3435 4159 dicatur.
3477 4098 3677 4172 Nempe
3718 4118 3837 4157 cum

2264 4203 2497 4269 majores
2518 4202 2617 4254 ista
2642 4196 2916 4268 patiuntur
2938 4195 3030 4269 [aL
3060 4191 3362 4267 patiantur],
3384 4194 3614 4247 solemus
3637 4190 3835 4254 dicere,

2265 4300 2356 4345 aut
2381 4292 2517 4344 sicut
2543 4290 2596 4343 in
2637 4288 2739 4345 Job
2768 4288 2960 4341 merita
2989 4285 3282 4342 exaininari
3308 4326 3324 4348 ,
3355 4297 3448 4338 aut
3473 4284 3605 4336 sicut
3646 4284 3698 4334 in
3730 4280 3839 4334 He-

2268 4382 2398 4439 rode
2427 4390 2640 4452 peccata
2663 4380 2854 4451 puniri.
2888 4380 2952 4433 Et
2975 4379 3042 4432 de
3065 4376 3379 4447 quibusdam
3408 4373 3690 4443 exemplis,
3716 4389 3840 4442 qua:

2271 4473 2408 4527 Deus
2428 4472 2701 4526 manifesta
2739 4484 2859 4525 esse
2877 4469 3066 4533 voluit,
3093 4467 3192 4522 alia
3219 4482 3337 4536 quae
3363 4466 3589 4520 obscura
3616 4476 3740 4519 sunt
3760 4463 3841 4533 (ἀ)

2269 4562 2467 4617 homini
2496 4561 2798 4630 conjectare
2824 4558 3155 4622 conceditur,
3185 4555 3280 4611 sed
3308 4554 3410 4610 hoc
3438 4554 3492 4608 in
3522 4553 3839 4623 majoribus.

2272 4655 2347 4707 De
2374 4652 2608 4723 parvulis
2649 4659 2828 4704 autem
2869 4649 2995 4720 quid
3036 4648 3448 4718 reSpondcamus
3492 4645 3765 4706 edissere,
3799 4644 3846 4696 si

2274 4744 2443 4813 poenis
2467 4741 2626 4795 tantis
2656 4739 2804 4793 trulla
2831 4739 2883 4793 in
2909 4738 2988 4794 eis
3011 4747 3137 4792 sunt
3164 4734 3417 4807 punienda
3442 4740 3679 4802 peccata.
3703 4730 3846 4785 Nam

2273 4835 2451 4901 utique
2465 4831 2605 4884 nulla
2622 4838 2706 4884 est
2729 4830 2782 4883 in
2811 4828 2917 4883 illis
2941 4827 3188 4882 mtatibus
3204 4820 3543 4880 examinanda
3569 4820 3804 4888 jnstitia.
3824 4840 3842 4871 ι

2346 4923 2433 4976 17,
2459 4938 2478 4973 t
2512 4920 2590 4974 De
2612 4919 2941 4989 ingeniorum
2956 4932 3084 4971 vero
3101 4915 3401 4970 diversitate
3424 4908 3639 4983 (c),imo
3662 4910 3853 4965 absur-

2274 5014 2458 5075 ditate,
2486 5011 2612 5082 quid
2632 5002 2807 5066 dicam
2829 5027 2843 5075 ;
2865 5025 2983 5079 quae
3004 5007 3216 5077 quidem
3245 5006 3298 5060 in
3323 5003 3554 5075 parvulis
3575 5003 3731 5063 latet,
3756 5001 3851 5055 sed

2275 5106 2342 5158 ab
2369 5103 2500 5174 ipsis
2529 5102 2763 5157 exordiis
2782 5100 3112 5155 naturalibus
3136 5097 3293 5152 ducta
3318 5137 3334 5163 ,
3362 5103 3588 5165 apparet
3614 5094 3667 5147 in
3695 5109 3854 5163 gran-

2278 5196 2432 5249 dibus
2454 5236 2471 5258 ,
2496 5208 2723 5262 quorum
2754 5189 2995 5246 nonnulli
3022 5198 3129 5243 tam
3171 5187 3305 5241 tardi
3337 5195 3395 5242 et
3418 5185 3664 5240 obliviosi
3692 5191 3815 5237 sunt
3837 5224 3851 5243 .

2278 5294 2427 5339 utne
2453 5283 2621 5353 prima
2659 5280 2872 5353 quidem
2910 5279 3114 5334 discere
3137 5276 3436 5332 litterarum
3471 5275 3737 5330 elementa
3764 5290 3858 5344 pa-

2368 5462 2416 5521 c)
2452 5460 2677 5521 Erasmus
2697 5472 2753 5507 ac
2775 5456 2992 5505 Martiau.
3015 5453 3205 5521 ita-qua.

2368 5462 2416 5521 ο)
2452 5460 2677 5521 Erasmus
2697 5472 2753 5507 ac
2775 5460 2992 5505 Martiau.
3015 5460 3205 5520 itaque.

2345 5460 2424 5581 Ed)
2459 5521 2628 5579 fidem,
2656 5520 2826 5569 vitiose
2864 5524 3040 5572 tanietr,
3075 5512 3325 5562 [romanum
3362 5510 3662 5573 conjectum
3693 5524 3857 5577 court,-

2283 5580 2645 5703 φᾶς’-Μοηςῃι
2675 5636 2977 5688 Benedictini
3018 5635 3067 5682 in
3090 5633 3236 5682 editis
3257 5632 3446 5695 aliquot
3486 5643 3539 5683 et
3572 5635 3685 5683 Mss.
3712 5633 3861 5682 omitti

2284 5698 2377 5752 imo
2395 5698 2707 5751 absurditate.
