3986 6184
244 274 390 332 H33

241 391 448 444 tuerint
477 408 488 442 :
522 389 734 460 quidam
761 403 887 442 vero
915 396 1072 440 tanta:
1115 394 1240 441 sunt
1278 383 1564 442 fatuitatis,
1611 389 1666 434 ut
1710 395 1813 434 non

243 483 470 534 multum
515 495 540 532 a
574 478 851 548 pecoribus
877 477 1156 541 dill‘eram;
1186 489 1319 544 quos
1362 473 1632 528 moriones
1662 473 1818 540 vulgo

241 581 456 624 vocant.
490 569 862 638 Respondetur
893 567 1120 623 fortasse
1141 608 1157 632 ,
1177 587 1180 590 ’
1201 579 1427 636 corpora
1467 565 1568 618 hoc
1598 561 1814 616 faciunt.

239 661 347 716 Sed
394 659 644 729 numquid
682 658 976 714 secundum
1017 659 1152 712 hanc
1188 657 1502 712 sententiam
1541 669 1704 723 quam
1739 652 1816 721 (a)

239 749 455 802 defendi
485 749 732 803 volumus
753 791 768 812 ,
799 750 975 802 anima
1005 749 1103 800 sibi
1135 762 1326 814 corpus
1351 746 1530 814 elegit,
1557 755 1609 798 et
1635 743 1686 796 in
1717 743 1815 796 eli-

235 841 415 910 gendo
441 857 561 894 cum
613 839 924 905 falleretur,
971 838 1204 894 erravit?
1237 847 1326 890 aut
1371 851 1491 890 cum
1535 835 1586 887 in
1625 847 1815 902 corpus

234 941 520 1000 cogeretur
595 932 807 1002 1003
879 931 1076 984 intrare
1098 931 1410 982 necessitate
1427 925 1699 987 nascendi,
1715 925 1814 976 alia

231 1038 462 1091 corpora
484 1023 977 1093 prmt'iccupantibns
1005 1021 1296 1073 animarum
1325 1019 1512 1083 turbis,
1543 1017 1652 1085 ipsa
1675 1013 1813 1067 aliud

231 1131 343 1168 non
371 1116 604 1180 invenit,
637 1125 690 1168 et
717 1118 853 1168 sicut
883 1115 933 1166 in
970 1112 1272 1182 spectaculo
1301 1111 1476 1180 aliquo
1499 1110 1670 1163 locum
1695 1148 1710 1171 ,
1743 1108 1811 1159 ita

227 1220 450 1258 carnem
485 1221 589 1257 non
615 1219 773 1273 quam
809 1203 1010 1266 voluit,
1041 1201 1134 1256 sed
1173 1216 1329 1270 quam
1361 1199 1555 1262 valuit,
1591 1212 1814 1264 occupa-

229 1295 348 1346 vit?
374 1293 638 1362 Numquid
681 1293 794 1346 haec
819 1301 873 1346 et
903 1293 1026 1345 talia
1053 1293 1136 1346 vel
1161 1291 1339 1345 dicere
1379 1302 1661 1358 possumus
1682 1329 1696 1350 ,
1727 1283 1810 1337 vel

227 1382 433 1436 sentire
456 1382 740 1436 debemus?
769 1383 907 1435 Doce
933 1383 1089 1450 igitur
1105 1380 1228 1448 quid
1247 1379 1466 1441 sentire,
1489 1377 1612 1446 quid
1637 1377 1812 1429 dicere

225 1476 606 1539 debeamus,ut
620 1484 826 1528 constet
845 1476 994 1527 nobis
1011 1473 1142 1526 ratio
1157 1485 1408 1525 novarum
1424 1471 1716 1524 animarum
1737 1467 1810 1537 (ὁ)

231 1567 648 1634 singillatimque
677 1563 932 1618 factarum
963 1563 1184 1632 singulis
1208 1561 1539 1628 corporibus.
1574 1577 1592 1609 ›

311 1657 394 1710 18.
425 1673 443 1706 ‹
479 1655 590 1724 Ego
615 1655 828 1724 quidem
857 1671 960 1707 non
989 1653 1056 1708 de
1104 1653 1328 1720 ingeniis
1352 1694 1368 1716 ,
1396 1651 1488 1704 sed
1529 1653 1712 1704 saltem
1744 1649 1811 1703 de

234 1748 409 1814 ρωηίε
440 1746 799 1812 parvulorum,
829 1760 958 1812 quas
999 1744 1050 1796 in
1090 1743 1191 1796 hac
1219 1743 1322 1794 vita
1357 1742 1645 1807 patiuntur,
1677 1740 1806 1803 dixi,

227 1836 427 1902 aliquid
479 1835 528 1886 in
573 1833 720 1890 libris
769 1833 873 1886 illis
916 1833 978 1885 de
1015 1832 1170 1884 libero
1212 1829 1419 1896 arbitrio
1461 1827 1594 1898 (Lib.
1621 1829 1674 1882 3.
1714 1829 1804 1881 εδ.

227 1943 283 1978 n.
312 1926 427 1994 67).
450 1924 598 1992 Quod
626 1923 783 1992 quale
809 1923 906 1989 sit,
944 1932 996 1975 et
1016 1937 1113 1975 cur
1141 1920 1266 1973 mihi
1295 1920 1346 1971 iu
1374 1919 1494 1982 ista,
1523 1934 1679 1985 quam
1711 1919 1808 1970 lia-

227 2000 416 2070 liemus
440 2017 489 2068 in
515 2015 759 2068 manibus
780 2013 1094 2082 qu:cstione,
1120 2027 1226 2065 non
1257 2009 1505 2072 sufﬁciat,
1530 2008 1803 2072 intitnabo,

225 2119 284 2160 et
321 2123 440 2158 eum
489 2107 660 2174 ipsutn
699 2104 765 2160 de
797 2107 952 2158 tertio
992 2103 1129 2157 libro
1169 2103 1342 2155 locum
1382 2109 1690 2166 excerptum
1723 2099 1806 2151 his

226 2197 424 2249 litteris
470 2199 726 2260 inseram;
775 2211 899 2249 nam
948 2196 1018 2247 ita
1076 2208 1135 2247 se
1170 2192 1367 2246 habet:
1399 2190 1478 2243 De
1505 2191 1805 2242 cruciatibus

225 2301 396 2340 autem
425 2289 645 2356 corporis
682 2287 858 2357 quibus
885 2287 1176 2357 afﬂiguntur
1205 2286 1435 2354 parvuli,
1477 2300 1686 2352 quorum
1718 2300 1806 2348 per

225 2390 424 2432 (etatem
455 2379 596 2430 nulla
620 2387 822 2446 peccata
841 2386 975 2440 sunt,
1007 2377 1051 2428 si
1078 2375 1262 2428 auium:
1289 2375 1464 2443 quibus
1494 2373 1800 2436 aniuumtur,

223 2487 327 2522 non
353 2470 492 2538 prius
520 2485 669 2534 quam
693 2469 794 2536 ipsi
811 2469 1034 2520 homines
1063 2483 1169 2520 esse
1196 2475 1472 2536 eruperunt,
1499 2467 1662 2535 major
1679 2482 1801 2531 que-

222 2561 332 2614 rela
375 2567 420 2612 α
445 2561 587 2628 quasi
619 2561 898 2612 misericors
931 2559 1113 2626 deponi
1143 2559 1214 2627 (ο)
1245 2559 1401 2618 solet,
1433 2573 1545 2609 cum
1587 2557 1799 2620 dicitur,

229 2652 364 2718 Quid
407 2652 524 2704 mali
556 2655 812 2720 fecerunt,
843 2659 896 2702 ut
938 2651 1033 2702 ista
1076 2647 1405 2718 paterentur?
1451 2647 1610 2713 Quasi
1640 2646 1802 2714 possit

223 2759 335 2794 esse
360 2744 586 2794 meritum
612 2741 906 2794 innocentia:
927 2781 941 2805 ,
963 2749 1080 2793 ante
1101 2757 1251 2809 quam
1280 2739 1486 2806 quisque
1506 2754 1681 2790 nocere
1701 2738 1802 2790 ali-

224 2833 348 2899 quid
378 2834 552 2900 possit.
588 2831 713 2884 Cum
743 2841 907 2883 autem
941 2831 1057 2883 boni
1089 2830 1283 2897 aliquid
1321 2839 1560 2898 operatur
1585 2826 1722 2880 Deus
1750 2829 1801 2880 in

225 2923 570 2975 emendatione
619 2921 872 2990 majorum
897 2962 912 2985 ,
957 2937 1068 2974 cum
1097 2922 1419 2989 parvulorum
1447 2933 1652 2971 suorum
1673 2957 1688 2982 ,
1715 2917 1803 2986 qui

225 3013 300 3066 eis
338 3014 442 3064 cari
477 3022 626 3076 sunt,
668 3011 925 3064 doloribus
958 3029 1017 3064 ac
1046 3012 1287 3063 mortibus
1325 3010 1679 3080 ﬂagellantur,
1712 3026 1804 3061 cur

228 3105 330 3156 ista
360 3122 458 3157 non
491 3106 614 3171 [iant
639 3144 654 3167 ,
687 3104 889 3172 quando
913 3119 1026 3156 cum
1052 3105 1341 3156 transierint
1366 3143 1380 3166 ,
1410 3119 1501 3170 pro
1529 3119 1628 3155 non
1657 3103 1803 3170 factis

227 3204 396 3258 erunt,
429 3195 481 3246 in
507 3193 684 3260 quibus
726 3195 861 3262 facta
890 3201 1004 3244 sunt
1031 3208 1050 3246 :
1091 3201 1292 3260 propter
1317 3208 1444 3259 quos
1475 3202 1640 3243 autem
1666 3193 1803 3260 facta

224 3292 343 3336 sunt
364 3323 378 3344 ,
416 3291 502 3334 aut
531 3280 758 3334 meliores
797 3291 974 3346 erunt,
1004 3280 1048 3334 si
1087 3280 1446 3350 temporalibus
1473 3280 1800 3332 incommodis

226 3370 500 3435 emendati,
541 3371 724 3424 rectius
752 3372 988 3440 elegerint
1013 3371 1174 3424 vivere
1198 3386 1216 3424 :
1240 3380 1330 3423 aut
1357 3371 1724 3424 excusationem
1749 3373 1801 3422 in

227 3464 387 3532 futuri
403 3463 588 3531 judicii
616 3462 865 3533 supplicio
894 3479 994 3515 non
1033 3463 1296 3527 habebunt,
1328 3462 1506 3516 sivin
1530 3463 1681 3528 hujus
1709 3477 1801 3513 an-

225 3547 448 3621 goribus,
473 3555 544 3604 ad
561 3561 800 3606 (uernam
822 3552 974 3604 vitam
995 3552 1295 3606 desiderium
1318 3562 1600 3605 convertere
1626 3551 1800 3603 uoluc-

226 3642 370 3695 rint?
400 3641 524 3707 Quis
563 3649 728 3694 autem
755 3641 888 3694 novit
928 3640 1050 3709 quid
1084 3642 1330 3710 parvulis,
1363 3640 1426 3693 de
1448 3657 1656 3708 quorum
1678 3655 1796 3691 cru-

226 3732 440 3784 ciatibus
481 3732 668 3784 duritia
708 3733 960 3801 majorum
1007 3731 1362 3796 contunditur,
1410 3740 1497 3784 aut
1543 3739 1801 3784 exercetur

227 3821 352 3888 ﬁdes
377 3860 390 3880 ,
432 3831 515 3872 aut
560 3822 903 3874 misericordia
943 3822 1180 3887 probatur
1205 3837 1224 3873 :
1251 3823 1363 3891 quis
1401 3820 1480 3891 (ά)
1520 3837 1638 3890 ergo
1662 3821 1798 3873 novit

226 3911 348 3978 quid
373 3911 499 3977 ipsis
528 3911 752 3974 parvulis
781 3911 832 3961 in
873 3921 1060 3964 secreto
1091 3911 1403 3979 judiciorum
1427 3927 1630 3964 suorum
1657 3910 1802 3963 bonae

224 3999 647 4067 compensationis
702 4009 914 4052 reservet
976 3999 1152 4052 Deus?
1202 4000 1451 4064 Quoniam
1513 4017 1799 4066 quanquam

224 4090 357 4142 nihil
399 4097 532 4139 recte
569 4089 808 4156 fecerint,
849 4098 1011 4140 tamen
1041 4104 1130 4141 nec
1173 4099 1431 4157 peccantes
1472 4090 1664 4157 aliquid
1705 4091 1800 4143 ista

227 4177 454 4250 perpessi
491 4187 626 4230 sunt.
671 4175 792 4230 Non
829 4180 962 4230 enim
1003 4181 1191 4248 frustra
1235 4179 1384 4230 etiam
1413 4179 1632 4246 infantes
1657 4179 1796 4244 illos,

224 4270 312 4337 qui
351 4283 466 4319 cum
494 4266 745 4321 Dominus
779 4277 946 4320 noster
984 4265 1132 4320 Iesus
1177 4265 1407 4321 Christus
1445 4269 1698 4321 necandus
1737 4270 1800 4322 ab

229 4356 435 4411 Herode
457 4367 762 4426 qucereretur
779 4398 795 4423 ,
819 4358 970 4411 occisi
992 4366 1107 4410 sunt
1127 4397 1141 4422 ,
1167 4359 1220 4410 in
1245 4358 1482 4410 honorem
1514 4357 1798 4427 Martyrum

227 4461 450 4518 receptos
478 4451 791 4504 commendat
823 4450 1098 4504 Ecclesia.)

299 4544 388 4597 i9.
418 4561 437 4594 ‹
470 4543 592 4596 Hcce
623 4551 746 4596 tunc
770 4542 902 4607 dixi,
932 4557 1051 4596 cum
1081 4543 1216 4597 hanc
1244 4543 1408 4612 ipsam
1439 4542 1507 4595 de
1533 4559 1634 4612 qua
1659 4559 1799 4598 nunc

227 4635 401 4700 agitur
455 4633 646 4686 vellem
693 4634 1024 4687 communire
1070 4634 1408 4688 sententiain.
1459 4633 1608 4687 Sicut
1655 4635 1796 4688 enim

228 4725 388 4792 paulo
433 4733 554 4778 ante
598 4728 1046 4789 commemoravi,
1091 4738 1440 4794 quacumque
1482 4725 1688 4779 illarum
1731 4725 1800 4779 de

227 4816 419 4868 anima:
463 4815 827 4868 incarnatione
867 4823 1102 4883 quatuor
1136 4815 1444 4881 opinionum
1472 4831 1596 4869 vera
1624 4825 1797 4880 esset,

227 4906 550 4971 inculpatum
585 4903 934 4956 substantiam
977 4903 1280 4969 Creatoris,
1327 4914 1381 4958 et
1422 4920 1452 4957 a
1495 4915 1797 4963 nostrorum

233 5003 573 5060 peccatorum
621 4994 877 5046 societate
922 4991 1334 5046 remotissimam
1380 4993 1585 5048 nitebar
1614 5005 1799 5050 osten-

226 5082 375 5134 dere.
404 5081 468 5134 Et
495 5080 614 5135 ideo
692 5081 902 5152 1009
971 5095 1318 5150 qutccumque
1346 5081 1552 5135 illarum
1583 5086 1801 5139 veritate

226 5181 411 5242 posset
439 5173 683 5228 convinci
721 5183 776 5228 et
821 5173 1088 5241 repudiari
1113 5213 1126 5238 ,
1178 5171 1245 5226 ad
1279 5187 1462 5226 curam
1493 5172 1800 5230 intentionis

293 5345 366 5410 (a)
399 5345 646 5410 Contrario
681 5358 829 5394 sensu
864 5345 1097 5410 Martian,
1123 5350 1234 5410 post
1268 5346 1520 5395 Erasinum
1541 5346 1800 5410 defendere

224 5407 464 5470 noluimus
489 5419 505 5455 :
532 5406 672 5470 falso,
691 5412 744 5454 ut
763 5419 824 5456 ex
848 5406 1178 5470 superioribus
1199 5407 1368 5470 liquet.

269 5466 362 5532 .(b)
396 5467 473 5532 ΑΙ.
498 5465 698 5532 singulis
719 5465 1382 5532 corporibus‘singuhuiinque
1403 5469 1656 5530 factarum.

292 5530 365 5598 (ne)
396 5527 629 5598 ξιξειιθιὶίι-ιᾷ.Δ
639 5535 749 5598 post
769 5528 952 5598 Eyasm.
975 5527 1208 5598 depromi.

292 5587 370 5697 (gi
402 5587 700 5697 Blenedictini
725 5587 832 5651 quis
845 5600 962 5653 ergo
981 5587 1121 5650 navit,
1141 5598 1235 5642 etc.
1254 5589 1332 5639 alii
1350 5589 1456 5650 quis
1473 5589 1666 5652 inquam
1685 5603 1800 5654 ergo

294 5664 316 5697 ι’
357 5682 370 5697 .
397 5663 425 5697 c
447 5663 490 5697 c.

225 5657 370 5710 not-ir,
397 5657 490 5698 ctc.

1588 265 1913 320 EPISTULA
1953 261 2192 319 CXXXI.

3361 279 3496 332 1156

1928 394 2080 440 meai,
2112 395 2269 449 quam
2301 390 2425 434 tunc
2457 381 2714 436 habebam
2759 398 2862 436 non
2890 384 3184 451 pertinebat
3217 405 3229 439 ι
3258 389 3499 456 quando-

1924 472 2136 539 quidem
2174 474 2382 528 eunctis
2421 473 2762 543 diligentiore
2795 473 3155 542 disputatione
3191 477 3484 543 discussis,

1924 576 2274 632 quaecumque
2304 565 2513 618 illarttm
2555 575 2700 620 recte
2745 565 2980 620 vinceret
3020 578 3275 631 cmteras,
3303 586 3389 626 me
3411 587 3495 626 se-

1923 654 2202 708 curissitno
2231 654 2398 717 ﬁeret,
2433 657 2645 722 quando
2671 657 2830 710 etiam
2871 658 3162 711 secundum
3191 674 3376 714 omnes
3417 662 3490 727 id,

1923 744 2064 810 quod
2112 745 2362 813 agebam,
2411 746 2664 800 invictum
2712 747 2998 814 persistere
3040 747 3493 805 demonstrabam.

1922 832 2071 886 Nunc
2096 849 2220 887 vero
2248 850 2407 888 unam
2438 836 2582 899 volo,
2612 837 2656 890 si
2688 852 2899 906 possum
2927 877 2942 900 ,
2985 837 3195 893 ratione
3220 849 3364 894 recta
3390 842 3494 896 eli-

1920 938 2052 992 gere‘
2073 941 2136 979 ex
2167 927 2412 979 omnibus
2439 944 2452 980 :
2495 939 2549 982 et
2577 938 2854 998 propterea
2898 929 3052 998 lmjus
3078 930 3263 999 ipsius,
3295 931 3362 986 de
3390 947 3494 1001 qua

1923 1030 2062 1068 nunc
2090 1017 2296 1084 agimus
2316 1017 2704 1082 defensionem,
2732 1019 2784 1072 in
2815 1019 2917 1084 his,
2940 1035 3061 1088 qua:
3079 1023 3494 1075 commemoravi

1919 1104 1986 1157 dc
2014 1105 2104 1158 illo
2137 1105 2291 1169 libro,
2328 1109 2504 1161 verbis
2533 1109 2668 1161 meis
2706 1109 2963 1164 attentius
2989 1110 3231 1176 intuens,
3262 1109 3493 1164 validam

1922 1197 2230 1264 ﬁrmamque
2257 1214 2360 1251 non
2390 1199 2596 1253 video.»

1988 1288 2074 1342 ΞΟ.
2108 1307 2127 1338 ‹
2165 1288 2295 1342 Nam
2325 1291 2471 1344 velut
2498 1291 2886 1345 ﬁrmamentum
2916 1292 3032 1362 ejus
3060 1292 3188 1348 illtid
3217 1301 3320 1356 est,
3351 1293 3490 1362 quod

1920 1378 1987 1430 ibi
2031 1379 2142 1431 dixi
2167 1419 2182 1442 ,
2216 1381 2339 1444 Quis
2365 1392 2528 1432 autem
2569 1384 2701 1434 novit
2737 1383 2861 1451 quid
2905 1383 3127 1449 parvulis
3151 1421 3164 1444 ,
3193 1385 3254 1436 de
3277 1399 3491 1452 quorum

1916 1472 2218 1525 cruciatibus
2248 1474 2435 1526 duritia
2461 1476 2712 1544 majorum
2741 1476 3088 1540 contunditur,
3117 1484 3204 1528 aut
3236 1484 3491 1528 exercetur

1916 1562 2074 1630 fides,
2123 1573 2209 1615 aut
2249 1565 2589 1617 misericordia
2634 1567 2871 1633 probatur
2896 1579 2917 1617 :
2952 1566 3082 1632 quis,
3109 1566 3334 1629 inquam,
3356 1566 3490 1617 novit

1914 1653 2036 1720 quid
2069 1654 2193 1720 ipsis
2223 1655 2446 1723 parvulis
2477 1656 2528 1708 in
2570 1667 2758 1708 secreto
2779 1656 3093 1725 judiciorum
3118 1672 3322 1710 suorum
3349 1657 3491 1709 bona:

1913 1743 2331 1810 compcnsationis
2359 1754 2571 1796 reservet
2602 1745 2770 1797 Deus?
2797 1747 2870 1814 (e)
2900 1745 3005 1799 Sed
3045 1745 3144 1799 hoc
3172 1761 3275 1798 non
3303 1747 3490 1800 inmte»

1913 1832 2014 1882 rito
2037 1831 2143 1885 dici
2173 1833 2329 1886 video
2358 1833 2425 1885 de
2453 1834 2554 1895 his,
2586 1834 2674 1902 qui
2707 1836 2787 1887 vel
2830 1850 2925 1903 pro
2953 1835 3151 1889 Christi
3185 1836 3399 1888 nomine
3427 1850 3491 1889 ac

1911 1937 2034 1974 vera
2081 1923 2335 1992 religione
2364 1924 2468 1977 tale
2500 1924 2696 1992 aliquid
2737 1925 2896 1978 etiam
2929 1925 3231 1979 nescientes
3279 1926 3489 1994 patiun-

1913 2022 2016 2079 tttr,
2049 2015 2129 2067 vel
2176 2024 2513 2069 sacramento
2560 2016 2755 2070 Christi
2783 2017 2892 2086 jam
2943 2017 3128 2072 imbuti
3172 2029 3333 2083 sunt,
3363 2020 3486 2088 quia

1910 2103 2026 2157 sine
2055 2107 2309 2159 societate
2338 2109 2493 2160 unius
2514 2107 2822 2161 mediatoris
2849 2109 3060 2164 liberari
3092 2127 3120 2162 a
3145 2111 3486 2165 damnatiooc

1911 2208 2014 2246 non
2048 2204 2285 2262 possunt,
2319 2207 2375 2248 ut
2402 2199 2568 2264 possit.
2591 2197 2690 2261 eis,
2724 2200 2882 2251 etiam
2911 2214 3008 2267 pro
3038 2199 3140 2252 illis
3170 2201 3340 2264 malis,
3366 2217 3485 2269 qua:

1910 2287 1994 2338 hic
2021 2285 2072 2338 in
2095 2286 2320 2340 diversis
2339 2287 2718 2342 afﬂictionibus
2740 2289 3092 2357 pertulerunt,
3119 2292 3484 2358 compensatio

1909 2375 2006 2427 ista
2037 2377 2296 2443 prmstari.
2323 2379 2472 2430 Nune
2497 2389 2675 2432 autem
2707 2395 2826 2433 cttm
2853 2379 2951 2432 ista
2979 2381 3203 2448 quaistio
3231 2393 3338 2434 non
3362 2396 3485 2450 pos-

1907 2465 1975 2518 sit
2003 2465 2239 2528 absolvi,
2275 2467 2374 2520 nisi
2399 2470 2556 2522 cliuli]
2586 2468 2652 2522 de
2693 2468 2775 2522 bis
2807 2469 3038 2538 parvulis
3079 2470 3481 2538 respondeatur,

1905 2557 1992 2623 qui
2023 2565 2142 2624 post
2167 2559 2512 2625 gravissimos
2541 2559 2808 2612 cruciatus
2833 2561 2948 2611 sine
2971 2569 3308 2614 sacramento
3337 2560 3485 2616 Chri-

1905 2647 2090 2698 stianze
2112 2649 2382 2701 societatis
2400 2650 2672 2718 exspirant
2690 2663 2809 2717 qua:
2833 2648 2973 2701 circa
3003 2662 3097 2702 eos
3121 2651 3484 2719 compensatio

1904 2736 2189 2805 cogita-uda
2214 2749 2317 2802 est,
2355 2737 2547 2807 quibus
2573 2739 2792 2810 insuper
2815 2748 2870 2792 et
2893 2738 3163 2793 damnatio
3190 2750 3482 2810 praeparata

1905 2825 2026 2879 est?
2047 2826 2176 2880 Nam
2207 2836 2260 2880 et
2283 2827 2348 2880 de.
2379 2829 2644 2896 baptismo
2671 2829 3008 2896 parvulorum
3033 2829 3084 2882 in
3107 2829 3296 2883 eodem
3319 2831 3478 2896 libro,

1905 2934 2009 2970 non
2040 2919 2252 2987 quidem
2282 2918 2628 2985 sufﬁcienter,
2658 2919 2751 2972 sed
2779 2929 3034 2988 quantum
3061 2919 3142 2973 illi
3171 2921 3323 2989 operi
3350 2924 3481 2976 satis

1904 3025 2024 3063 esse
2055 3008 2354 3074 videbatur,
2389 3017 2675 3078 utcumque
2713 3009 2983 3077 respondi,
3016 3008 3156 3078 quod
3185 3010 3343 3063 etiam
3383 3026 3480 3064 ne-

1905 3099 2214 3162 scientibus,
2263 3108 2318 3152 et
2359 3099 2515 3152 ﬁdem
2545 3114 2693 3152 suam
2725 3099 2964 3153 nondum
2995 3099 3314 3153 habentibus
3356 3116 3482 3169 pro-

1904 3187 2021 3242 dest
2055 3206 2068 3241 :
2098 3205 2201 3242 non
2231 3199 2406 3244 tamen
2434 3191 2502 3244 de
2527 3190 2868 3245 damnatione
2890 3205 3078 3245 eorum
3111 3192 3477 3260 parvulorum,

1904 3280 1994 3349 qui
2021 3284 2136 3334 sine
2177 3282 2266 3335 illo
2309 3298 2372 3335 ex
2405 3282 2502 3336 hac
2530 3283 2632 3334 vita
2660 3281 2922 3351 emigrant
2946 3323 2962 3348 ,
2993 3291 3120 3337 tunc
3161 3283 3357 3352 aliquid
3397 3284 3478 3338 di-

1903 3370 2130 3424 cendum
2173 3372 2388 3440 putavi,
2434 3373 2558 3442 quia
2588 3387 2693 3426 non
2735 3372 2874 3442 quod
2907 3387 3046 3428 nune
3088 3374 3262 3442 agitur
3286 3375 3482 3444 ageba-

1905 3460 2012 3507 tur.

1970 3542 2062 3600 2i.
2116 3545 2218 3600 Sed
2265 3557 2321 3599 ut
2357 3547 2663 3601 omittamus
2683 3555 2740 3601 et
2765 3557 3172 3602 contemnamus
3209 3563 3270 3602 ea
3297 3589 3312 3614 ,
3358 3564 3480 3618 qua:

1903 3634 2051 3690 brevi
2083 3646 2318 3705 tempore
2361 3637 2666 3706 patiuntur,
2715 3654 2812 3693 nec
2840 3649 3104 3694 transacta
3128 3650 3475 3704 revocantur,

1904 3729 2168 3799 numquid
2203 3730 2446 3783 similiter
2482 3742 2826 3786 contemnere
2866 3739 3183 3800 possumus,
3222 3733 3365 3802 quod
3391 3750 3481 3803 per

1903 3837 2058 3873 unum
2079 3821 2329 3873 hominem
2352 3837 2506 3883 mors,
2537 3831 2582 3873 et
2609 3838 2697 3889 per
2723 3838 2883 3874 unum
2907 3823 3158 3876 hominem
3178 3827 3479 3878 resurrectio

1903 3917 2217 3960 mortuorum
2240 3909 2266 3960 ?
2293 3910 2438 3962 Sicut
2460 3909 2590 3959 enim
2611 3910 2662 3960 in
2690 3909 2853 3961 Adam
2879 3926 3052 3964 omnes
3076 3911 3378 3972 moriuntur,
3407 3915 3480 3967 sic

1905 4010 1948 4052 et
1973 4000 2024 4051 in
2045 3999 2242 4051 Christo
2264 4014 2434 4051 onmcs
2454 3998 2835 4064 viviﬁcabuntur
2856 4001 2930 4069 (l.
2954 4000 3073 4054 Cor.
3095 4002 3181 4060 l5.
3205 4001 3267 4054 21
3291 4013 3338 4054 et
3357 4003 3475 4070 22).
3509 4043 3517 4054 ,

1905 4088 2006 4142 Per
2029 4087 2164 4141 hanc
2184 4090 2324 4142 enim
2352 4087 2720 4156 apostolicam,
2744 4089 2999 4152 divinam,
3027 4091 3333 4161 claramque
3353 4107 3478 4147 sen-

1907 4175 2150 4240 tentiam,
2179 4177 2310 4230 satis
2338 4175 2614 4231 evidenter
2639 4177 2836 4239 elucet.
2865 4179 3129 4232 neminem
3158 4180 3234 4235 ire
3261 4181 3313 4234 in
3335 4196 3474 4235 mor-

1905 4273 2010 4320 tem
2039 4265 2139 4318 nisi
2169 4281 2267 4335 per
2293 4266 2486 4331 Adam,
2513 4267 2778 4322 neminem
2804 4268 2880 4322 ire
2960 4269 3168 4340 1010
3237 4270 3289 4324 in
3317 4271 3477 4326 vitam

1903 4367 2156 4412 a-teruam
2183 4398 2195 4420 ,
2239 4357 2337 4412 nisi
2379 4373 2472 4425 per
2495 4356 2786 4413 Christum.
2821 4359 2933 4413 Hoc
2969 4370 3052 4414 est
3081 4361 3279 4430 quippe
3307 4377 3478 4417 omnes

1904 4457 1958 4500 et
1977 4463 2168 4510 omnes,
2197 4449 2318 4515 quia
2346 4447 2481 4500 sicut
2507 4462 2693 4502 omnes
2715 4447 2961 4502 homines
2985 4463 3080 4518 per
3099 4451 3348 4518 primam,
3374 4450 3477 4506 hoc

1905 4549 1980 4591 est
2013 4553 2107 4608 per
2136 4539 2402 4591 carnalem
2447 4541 2844 4605 generationem
2879 4540 3143 4608 pertinent
3168 4541 3235 4594 ad
3265 4542 3431 4596 Adam
3461 4561 3476 4597 :

1905 4628 1981 4682 sic
2002 4643 2189 4682 omnes
2207 4627 2447 4682 homines
2473 4628 2540 4682 ad
2566 4631 2872 4693 secundam,
2902 4629 2950 4681 id
2973 4637 3055 4682 est
3075 4629 3372 4697 Spiritalem
3395 4631 3446 4701 (f
3458 4633 3479 4702 )

1905 4720 2306 4790 generationem
2338 4719 2552 4773 veniunt
2576 4760 2591 4785 ,
2623 4719 2943 4788 quicumque
2967 4716 3032 4770 ad
3058 4715 3327 4774 Christum
3354 4735 3478 4789 per-

1905 4811 2142 4864 veniunt.
2193 4810 2318 4864 Ideo
2347 4824 2476 4878 ergo
2505 4809 2708 4862 dictum
2735 4815 2854 4872 est,
2897 4815 2950 4860 et
2981 4807 3068 4860 hic
3105 4823 3275 4863 omnes
3313 4819 3369 4864 et.
3407 4809 3476 4864 ibi

1905 4918 2093 4964 omnes,
2124 4902 2246 4970 quia
2279 4901 2416 4954 sicut
2443 4914 2635 4952 onmes
2658 4901 2748 4967 qui
2794 4901 3128 4963 moriuntur,
3171 4900 3378 4954 nonnisi
3423 4902 3476 4955 in

1905 4993 2073 5046 Adam
2095 4993 2392 5044 moriuntur
2417 5009 2431 5045 :
2466 4990 2535 5042 ita
2559 5004 2748 5043 omnes
2773 4990 2862 5058 qui
2886 4987 3311 5054 viviﬁcabuntur,
3342 5006 3478 5045 non-

1907 5081 2008 5134 nisi
2041 5083 2090 5133 in
2115 5080 2325 5134 Christo
2346 5078 2772 5132 viviﬁcabuntur.
2797 5081 2872 5134 Ac
2899 5093 2996 5147 per
3017 5078 3137 5143 hoc,
3165 5076 3479 5148 QUISQUIS

1905 5168 2100 5222 NOBIS
2122 5167 2335 5231 dixerit,
2367 5181 2690 5235 quemquam
2723 5167 2775 5220 in
2800 5168 3192 5223 resurrectione
3236 5178 3470 5224 mortuo-

1905 5273 2023 5311 rum
2052 5257 2303 5310 viviﬁcari
2334 5270 2510 5324 posse,
2543 5255 2642 5309 nisi
2665 5255 2718 5309 in
2739 5255 2971 5323 Christo,
2996 5266 3242 5326 tanquam
3274 5258 3352 5328 (g)
3383 5273 3478 5327 pe-

1970 5410 2040 5474 (e)_
2071 5409 2263 5474 Addunt
2287 5421 2348 5474 es
2374 5407 2552 5457 eodem
2575 5406 2702 5456 libro
2722 5407 2908 5474 Erasm.
2935 5415 2987 5457 et
3009 5408 3344 5474 Martiaulieic
3361 5424 3480 5474 quo-

1906 5486 2003 5533 que
2028 5470 2115 5518 loci
2147 5488 2168 5514 ι
2191 5471 2410 5533 quoniam
2448 5481 2719 5533 quanquam
2759 5469 2875 5533 nihil
2902 5476 3039 5519 recte
3071 5470 3296 5531 fecerint,
3319 5469 3479 5523 tamen

1908 5529 1999 5580 nec
2024 5529 2286 5592 peccantes
2314 5529 2511 5592 aliquid,
2534 5529 2621 5577 ista
2644 5529 2863 5592 perpessi
2886 5536 3018 5580 sunt.

1970 5588 2040 5659 (fi
2077 5591 2226 5659 [idem
2248 5588 2547 5659 spiritualem
2568 5588 2986 5659 regenerationem.

1972 5650 2044 5716 {'g)
2080 5652 2134 5701 In
2156 5650 2358 5702 Theano
2381 5651 2467 5700 Ms.
2496 5650 2650 5712 penes
2671 5650 3012 5702 Benedictinos
3028 5650 3192 5705 hostis.
