3986 6184
534 214 679 270 H35

533 326 630 377 stis
656 325 953 380 communis
979 320 1095 374 ﬁdei
1122 313 1463 371 detestandus
1492 319 1592 366 est.
1625 310 1754 365 ltem
1785 308 2097 376 QUISQUIS

538 417 838 479 DIXERIT,
869 411 1003 481 quod
1035 411 1084 460 in
1115 407 1324 461 Christo
1350 402 1758 457 vivificabuntur
1787 401 1946 455 etiam
1979 416 2099 467 par-

537 509 684 570 vuli,
712 507 798 574 qui
839 504 951 556 sine
975 497 1287 552 sacramenti
1315 495 1429 562 ejus
1461 492 1859 563 participatione
1901 491 1966 544 de
1997 492 2100 543 vita

539 605 753 656 excutit,
789 593 873 645 hic
913 587 1148 658 profecto
1177 595 1230 648 et
1255 594 1439 640 contra
1465 585 1809 652 apostolicam
1840 581 2100 652 praedica-

539 685 733 738 tionem
763 680 908 734 venit
931 718 947 744 ,
997 685 1052 732 et
1101 685 1263 730 totam
1291 674 1608 729 condemnat
1651 672 1941 726 Ecclesiam
1966 711 1982 738 ,
2015 669 2102 723 ubi

536 783 814 844 pr0pterea
839 786 958 825 cum
985 768 1316 838 baptizandis
1341 766 1576 837 parvulis
1597 764 1876 820 festinatur
1903 771 1958 818 et
1980 776 2105 816 cur-

534 864 690 926 ritur,
721 861 844 930 quia
887 860 1004 914 sine
1039 857 1201 913 dubio
1227 857 1459 912 creditur
1499 855 1652 909 aliter
1691 868 1786 908 eos
1815 854 1866 908 in
1891 852 2103 906 Christo

532 953 789 1007 viviﬁcari
815 952 1036 1006 omnino
1064 966 1168 1004 nou
1199 963 1374 1018 posse.
1401 947 1502 1014 Qui
1527 957 1703 1000 autem
1735 960 1841 999 non
1867 944 2101 996 vivifica-

535 1054 622 1097 tur
648 1043 700 1097 iu
727 1043 961 1107 Christo,
986 1049 1150 1095 restat
1181 1049 1236 1092 ut
1260 1041 1312 1093 in
1342 1054 1402 1091 ea
1431 1037 1524 1108 [al.
1558 1036 1752 1107 cadent]
1779 1035 2103 1089 condemna-

538 1139 685 1188 tione
708 1142 939 1196 maneat,
967 1132 1032 1186 de
1063 1145 1164 1197 qua
1190 1130 1318 1184 dicit
1344 1129 1649 1197 Apostolus,
1682 1126 1784 1180 Per
1807 1129 1954 1178 unius
1975 1126 2102 1179 deti-

535 1237 670 1281 ctum
715 1229 769 1280 in
811 1241 980 1280 omnes
1021 1223 1244 1276 homines
1293 1221 1361 1272 ad
1412 1219 1874 1273 condemnationem
1925 1216 2100 1287 (Rom.

535 1319 592 1372 5.
636 1318 772 1388 £8):
825 1317 919 1370 Cui
969 1315 1162 1369 delicto
1212 1311 1470 1366 obnoxios
1519 1309 1765 1378 parvulos
1816 1307 1999 1370 nasci,
2049 1315 2103 1360 et

535 1408 712 1462 omnis
733 1407 899 1461 credit
923 1404 1179 1468 Ecclesia,
1212 1412 1266 1455 ct
1288 1402 1399 1470 ipse
1420 1402 1527 1467 jam
1559 1410 1742 1453 contra
1767 1398 2102 1452 Joviuianum

535 1499 847 1567 disputans,
898 1505 951 1550 et
995 1508 1266 1562 exponens
1315 1492 1505 1546 Jenam
1561 1491 1920 1554 Prophetam,
1968 1488 2104 1541 sicut

536 1587 694 1657 paulo
721 1596 841 1638 ante
863 1583 1296 1646 commemoravi,
1332 1582 1436 1635 fide
1467 1580 1805 1634 veracissima
1829 1577 2060 1633 detinuisti
2087 1595 2098 1630 :

535 1679 697 1734 credo
724 1688 778 1732 et
809 1679 858 1730 in
890 1678 1006 1730 aliis
1047 1676 1174 1730 locis
1205 1673 1584 1743 Opusculorum
1618 1681 1849 1732 tuorum,
1876 1686 1993 1740 quae
2021 1671 2103 1723 vel

537 1786 643 1823 non
670 1771 792 1838 legi,
823 1770 903 1821 vel
931 1769 981 1822 in
1011 1768 1289 1836 prmsentia
1315 1780 1418 1817 nou
1448 1763 1719 1819 recordor.
1753 1763 1917 1830 Hujus
1945 1763 2101 1830 igitur

535 1858 888 1916 damnationis
933 1858 985 1911 in
1033 1855 1262 1924 parvulis
1310 1852 1403 1926 [al.
1454 1850 1710 1922 parvulos]
1760 1867 1970 1905 causam
2013 1867 2100 1904 re-

535 1948 724 2017 quiro;
765 1949 885 2016 quia
914 1963 1087 2016 neque
1115 1948 1412 2000 animarum
1435 1985 1451 2009 ,
1478 1945 1522 1998 si
1554 1945 1862 2004 novafmut
1887 1942 2102 2012 singulis

533 2041 777 2110 singulae,
819 2040 972 2094 video
995 2054 1113 2093 esse
1139 2039 1300 2094 ullum
1324 2039 1373 2091 in
1399 2037 1484 2091 illa
1510 2045 1664 2090 actate
1688 2045 1978 2104 peccatum,
2004 2049 2104 2088 nec

533 2146 566 2184 a
609 2132 719 2186 Deo
764 2131 1003 2184 damnari
1051 2131 1278 2198 aliquam
1322 2130 1484 2184 credo
1528 2142 1682 2196 quam
1724 2125 1868 2180 videt
1897 2125 2100 2179 nullum

533 2221 732 2275 habere
756 2229 1048 2289 peccatum.
1066 2241 1083 2270 ι
1931 2232 1933 2234 ·

603 2310 692 2364 22.
731 2329 750 2362 ι
789 2313 869 2364 An
899 2311 1033 2364 forte
1056 2308 1337 2364 dicendum
1379 2317 1490 2372 est,
1541 2309 1592 2360 in
1637 2305 1856 2375 parvulo
1884 2319 2100 2359 carnem

535 2403 701 2455 solam
729 2416 944 2455 causam
974 2416 1092 2454 esse
1122 2400 1354 2468 peccati,
1401 2414 1592 2452 novam
1621 2414 1747 2452 vero
1772 2399 1843 2450 illi
1869 2399 2102 2450 animam

535 2492 672 2556 fieri,
701 2505 803 2559 qua
832 2489 1123 2544 secundum
1152 2490 1243 2542 Dei
1267 2498 1529 2557 princepta
1562 2489 1796 2551 vivente,
1829 2489 1879 2541 in
1904 2489 2102 2555 adjuto-

535 2580 617 2634 rio
646 2579 829 2646 gratim
857 2578 929 2648 (a)
965 2577 1182 2642 Christi,
1225 2586 1280 2631 et
1318 2577 1417 2645 ipsi
1439 2579 1588 2630 carni
1613 2577 1860 2631 edomita:
1886 2593 1946 2630 ac
1977 2577 2102 2628 sub-

532 2671 727 2739 iugata:
757 2672 923 2737 possit
946 2669 1355 2738 iucorruptionis
1383 2670 1625 2723 meritum
1648 2669 1967 2738 comparari.
1997 2668 2102 2721 Sed

537 2765 655 2833 quia
687 2765 737 2816 in
771 2764 987 2831 parvulo
1016 2763 1190 2815 anima
1233 2761 1464 2816 nendum
1494 2761 1544 2815 id
1572 2776 1730 2830 agere
1762 2770 1934 2829 potest
1954 2801 1968 2823 ,
2002 2761 2102 2814 nisi

535 2853 728 2908 Christi
762 2853 833 2925 (b)
863 2853 1125 2918 acceperit
1149 2859 1566 2916 sacramentum,
1600 2867 1693 2919 per
1718 2850 1855 2904 hanc
1879 2851 2098 2919 gratiam

535 2945 682 2999 carni
711 2945 826 3012 ejus
851 2943 1176 3011 acquiritur,
1219 2941 1359 3010 quod
1403 2942 1544 2996 illius
1586 2942 1820 2995 moribus
1865 2941 2098 2995 nomlunt

537 3034 724 3103 pomit.
755 3033 810 3086 Si
841 3041 1016 3085 autem
1059 3031 1177 3085 sine
1205 3031 1299 3084 illo
1328 3041 1662 3085 sacramento
1690 3032 1864 3084 anima
1898 3031 2101 3098 parvuli

535 3123 755 3186 exierit,
806 3122 916 3191 ipsa
957 3120 1171 3189 quidem
1215 3119 1269 3172 in
1295 3129 1493 3172 mterna
1527 3120 1628 3171 vita
1659 3121 1790 3185 erit,
1823 3120 1960 3173 unde
1986 3135 2102 3174 eam

535 3216 735 3269 nullum
785 3222 1054 3283 peccatum
1103 3213 1271 3280 potuit
1310 3225 1602 3279 separare:
1649 3225 1775 3265 caro
1818 3226 1945 3264 vero
1990 3212 2104 3280 ejus

535 3324 641 3361 non
672 3317 912 3374 resurget
941 3306 990 3358 in
1032 3304 1244 3359 Christo
1265 3345 1280 3370 ,
1310 3316 1414 3356 non
1443 3313 1694 3371 percepto
1724 3311 1847 3356 ante
1876 3312 2102 3356 mortem

532 3398 676 3451 illius
700 3396 1072 3450 sacramento?
1097 3415 1115 3445 ι

603 3488 693 3542 25.
729 3506 749 3538 ι
779 3487 925 3540 Hanc
950 3487 1251 3554 opinionem
1300 3498 1567 3551 nunquam
1598 3481 1771 3536 audivi
1796 3491 1813 3544 ,'
1895 3482 2099 3552 1011

535 3592 808 3646 nunquam
848 3576 970 3640 legi.
1001 3575 1105 3630 Sed
1158 3576 1313 3642 plane
1353 3573 1530 3627 audivi
1561 3583 1614 3625 et
1638 3570 1860 3635 credidi,
1890 3583 2105 3639 propter

533 3669 676 3738 quod
707 3679 758 3723 et
805 3669 1012 3722 locutus
1057 3683 1209 3730 sum,
1240 3666 1361 3736 quia
1407 3664 1475 3733 (ε)
1525 3663 1653 3716 venit
1701 3662 1852 3726 hora,
1903 3662 2105 3732 quando

535 3777 704 3814 omnes
729 3761 817 3831 qui
843 3760 896 3813 in
925 3759 1255 3812 monumentis
1292 3765 1427 3822 sunt,
1455 3756 1660 3809 audient
1685 3770 1852 3808 uocem
1883 3755 1990 3820 eius
2011 3771 2029 3808 :
2059 3765 2105 3808 et

537 3851 806 3919 precedent
845 3849 932 3919 qui
977 3849 1098 3902 bene
1143 3852 1400 3918 fecerunt,
1446 3847 1500 3898 in
1535 3847 1948 3900 resurrectionem
1991 3846 2107 3899 vita

537 3941 714 4011 (Joan.
742 3942 796 3996 5.
822 3941 939 4009 28).
971 3940 1087 4009 Ipsa
1131 3949 1216 3994 est
1255 3938 1325 3993 de
1361 3954 1464 4008 qua
1495 3938 1721 4002 dicitur,
1763 3947 1806 3990 et
1838 3953 1927 4006 per
1950 3954 2105 3990 unum

536 4035 786 4087 hominem
814 4033 1110 4086 resurrectio
1136 4039 1444 4084 mortuorum
1469 4030 1545 4098 (1.
1571 4029 1686 4083 Cor.
1711 4030 1800 4085 15.
1823 4028 1914 4098 21)
1949 4045 1962 4081 :
1986 4029 2104 4098 Ipsa

535 4134 619 4179 est
658 4139 760 4193 qua
802 4123 856 4177 in
899 4122 1096 4176 Christo
1135 4137 1304 4174 omnes
1345 4119 1746 4188 vivificabuntur.
1798 4118 1897 4183 Qui
1940 4129 2103 4171 autent

535 4215 668 4268 suate
694 4221 918 4283 egerunt,
942 4214 995 4264 in
1023 4211 1434 4265 resurrectionem
1463 4210 1666 4278 judicii.
1698 4208 1834 4275 Quid
1867 4208 1953 4262 hic
1977 4221 2103 4277 ergo

535 4305 603 4358 de
628 4303 736 4357 illis
761 4300 1051 4355 infantibus
1078 4299 1476 4367 intelligendum
1519 4308 1621 4364 est,
1649 4299 1738 4368 qui
1769 4299 1914 4367 prius
1943 4312 2102 4367 quam

538 4369 760 4462 posseni
781 4404 940 4460 agere
966 4389 1046 4444 vel
1075 4390 1208 4442 bene
1237 4389 1317 4442 vel
1349 4388 1483 4442 male
1504 4429 1518 4452 ,
1547 4390 1662 4443 sine
1691 4389 1954 4457 baptismo
1981 4403 2104 4442 cor-

537 4498 667 4553 pore
697 4481 841 4536 exuti
871 4480 1031 4535 sunt?
1052 4479 1196 4533 Nihil
1223 4479 1308 4532 hic
1327 4479 1395 4533 de
1426 4479 1614 4533 talibus
1639 4478 1842 4533 dictum
1868 4489 1968 4533 est.
1998 4479 2102 4534 Sed

536 4574 583 4628 si
612 4587 739 4627 caro
760 4587 942 4627 eorum
974 4570 1091 4626 ideo
1117 4585 1222 4624 non
1261 4577 1535 4637 resurget.
1568 4567 1690 4636 quia
1727 4584 1827 4623 nec
1855 4570 1978 4623 boni
2002 4571 2104 4623 ali-

536 4665 662 4735 quid
693 4664 964 4728 feceruut,
1013 4677 1114 4717 nec
1154 4661 1314 4724 mali;
1355 4676 1455 4715 nec
1491 4661 1700 4714 illorum
1736 4673 2102 4717 rcsurrectura

537 4766 641 4819 cst,
669 4755 758 4823 qui
788 4761 1034 4823 percepta
1061 4753 1310 4823 baptismi
1349 4753 1540 4822 gratia,
1587 4752 1640 4806 in
1689 4753 1776 4805 illa
1819 4761 1978 4808 :ctate
2005 4754 2101 4806 de-

537 4845 704 4898 functi
732 4853 886 4908 sunt,
928 4844 981 4897 in
1024 4859 1127 4912 qua
1171 4843 1302 4898 nihil
1344 4843 1481 4897 bene
1526 4843 1609 4897 vel
1639 4843 1777 4897 male
1821 4859 1980 4913 agere
2005 4859 2102 4914 po-

538 4942 775 4990 tuerunt.
806 4934 862 4989 Si
891 4944 1067 4988 autem
1094 4934 1172 4987 illi
1201 4934 1338 4988 inter
1365 4943 1577 4988 sanctos
1609 4943 1907 5003 resurgent,
1941 4935 1993 4989 id
2022 4943 2107 4990 est

539 5027 679 5082 inter
703 5041 795 5081 eos
824 5026 912 5096 qui
943 5025 1078 5080 bene
1101 5034 1356 5092 egerunt;
1400 5026 1538 5079 inter
1564 5040 1699 5095 quos
1723 5033 1778 5079 et
1802 5025 1881 5079 illi
1924 5040 2104 5079 resur-

537 5117 737 5172 recturi
767 5125 911 5180 sunt,
941 5115 1041 5170 nisi
1071 5117 1212 5169 inter
1233 5130 1326 5169 eos
1350 5116 1438 5183 qui
1471 5116 1606 5168 male
1636 5124 1879 5183 egerunt,
1912 5131 1978 5170 ne
2005 5115 2104 5170 ali-

539 5223 672 5276 quas
719 5209 978 5262 humanas
1026 5208 1231 5262 animas
1274 5206 1555 5261 credamus
1595 5222 1820 5276 corpora
1868 5223 1962 5262 sua
2001 5223 2104 5263 non

601 5358 675 5426 (a)
706 5357 844 5406 Haud
866 5358 997 5426 bene
1017 5357 1234 5407 Martian.
1259 5361 1365 5419 post
1386 5355 1569 5406 Erasm.
1589 5355 1762 5420 gratia:
1789 5355 1892 5416 Dei,
1920 5364 1972 5406 et
1993 5370 2104 5405 mox

537 5420 764 5479 suojectw
786 5432 871 5478 pro
895 5420 1172 5479 subiugum.

606 5477 674 5537 (b)
709 5477 861 5526 Iidem
883 5493 990 5526 cum
1011 5477 1116 5528 aliis
1140 5480 1284 5528 editis
1302 5477 1572 5528 accesserit.

606 5543 675 5596 tr)
709 5538 924 5602 Martian.
953 5548 1057 5600 post
1081 5540 1264 5590 Erasm.
1290 5541 1459 5600 veniet,
1498 5548 1548 5590 et
1579 5539 1718 5602 paulo
1752 5545 1858 5600 post
1880 5537 2000 5588 bona
2020 5550 2109 5600 pro

546 5599 672 5650 betae,
701 5601 914 5657 (νυνι-ωδ
947 5599 1130 5651 Ειῖιὶςο.

1826 194 2062 254 SANCTI
2099 192 2472 254 ΗΙΕΒΟΝΥΜΙ

3653 200 3810 258 1156

2209 322 2534 382 receptums,
2565 311 2678 368 sive
2704 314 2756 367 in
2784 316 3223 372 resurrectionem
3261 317 3387 372 vita!
3407 359 3424 385 ,
3464 317 3585 373 sive
3613 318 3672 372 in
3702 337 3806 374 re—

2208 406 2591 460 surrectionem
2653 407 2875 475 judicii?
2924 407 3051 473 Qua:
3101 410 3363 463 sententia
3416 410 3571 478 prius
3627 426 3802 479 quam

2207 495 2500 561 refellatur,
2533 497 2644 564 ipsa
2684 497 2918 552 novitate
2955 498 3064 568 jam
3103 500 3371 570 displicet.
3420 500 3634 556 Deinde
3671 504 3800 570 quis

2207 582 2360 650 ferat,
2383 587 2428 638 si
2452 586 2672 640 credant
2710 601 2770 641 se
2793 587 2890 654 illi,
2920 588 3007 658 qui
3035 589 3102 644 ad
3139 589 3464 658 baptismum
3506 605 3634 644 cum
3678 592 3802 646 suis

2206 676 2440 742 parvulis
2461 685 2700 740 currunt,
2733 686 2953 747 propter
2980 694 3168 734 carnes
3190 679 3282 751 [al.
3307 681 3540 753 carnem]
3569 697 3793 746 eorum,

2208 780 2315 819 non
2341 777 2557 836 propter
2584 770 2790 824 animas
2815 772 3072 826 currere?
3097 772 3291 826 Beatus
3318 773 3539 842 quidem
3569 774 3650 844 (ά)
3681 774 3788 845 Cy-

2209 857 2426 923 prianus
2455 874 2560 911 non
2588 859 2800 931 aliquod
2827 859 3104 915 decretum
3133 861 3372 916 condens
3418 877 3620 915 novum
3644 903 3659 925 ,
3691 863 3790 916 sed

2208 944 2466 999 Ecclesia:
2491 947 2650 1001 fidem
2679 949 3092 1004 firmatissimam
3135 949 3223 1022 [al.
3271 949 3644 1022 ﬁrmissimam]
3669 967 3784 1006 ser-

2209 1051 2337 1089 vans
2357 1078 2372 1101 ,
2403 1036 2468 1090 ad
2495 1039 2864 1108 corrigendum
2895 1056 2988 1095 eos
3007 1082 3022 1105 ,
3063 1043 3150 1110 qui
3192 1043 3449 1110 putabant
3480 1053 3610 1097 ante
3635 1053 3784 1096 octa-

2208 1141 2329 1179 vum
2359 1126 2500 1181 dicm
2543 1129 2832 1184 nativitatis
2873 1146 2978 1184 non
3024 1145 3143 1185 esse
3185 1132 3467 1201 parvulum
3509 1132 3783 1200 baptizan-

2208 1217 2366 1283 dum,
2397 1233 2502 1272 non
2541 1233 2787 1285 carnem,
2821 1221 2913 1275 sed
2960 1222 3190 1276 animam
3220 1223 3352 1276 dixit
3377 1240 3481 1276 non
3522 1240 3633 1277 esse
3669 1240 3784 1292 per-

2208 1307 2458 1370 dendam;
2487 1317 2541 1362 et
2578 1324 2699 1362 mox
2731 1321 2946 1376 natum,
2992 1312 3094 1366 rite
3135 1312 3392 1380 baptizari
3431 1328 3628 1384 posse,
3658 1329 3782 1368 cum

2206 1398 2317 1451 suis
2342 1399 2658 1467 quibusdam
2688 1403 3021 1472 coepiscopis
3040 1404 3299 1457 censuit.»

2275 1489 2364 1542 24.
2398 1507 2416 1539 ι
2451 1489 2556 1544 Sed
2579 1501 2762 1545 contra
2794 1492 3045 1563 Cypriani
3071 1495 3299 1562 aliquam
3325 1494 3658 1564 opinionem,
3690 1495 3782 1550 ubi

2207 1581 2345 1648 quod
2369 1581 2667 1662 videndum
2682 1583 2799 1650 fuit,
2823 1583 3052 1638 fortasse
3081 1600 3186 1638 non
3217 1585 3369 1650 vidit,
3410 1588 3611 1640 sentiat
3637 1589 3784 1657 quis-

2207 1687 2309 1739 que
2337 1670 2476 1740 quod
2522 1671 2682 1736 libet;
2717 1683 2918 1727 tantum
2960 1684 3140 1728 contra
3181 1677 3531 1742 apostolicam
3560 1680 3784 1732 inanite-

2207 1762 2492 1815 stissimam
2519 1763 2675 1817 ﬁdem
2721 1778 2876 1817 nemo
2917 1765 3110 1819 sentiat
3140 1766 3228 1834 (ε),
3253 1781 3374 1835 qua:
3402 1783 3463 1820 ex
3492 1767 3651 1820 unius
3689 1767 3784 1822 de-

2208 1853 2330 1907 licto
2355 1871 2543 1910 omnes
2587 1856 2639 1909 in
2682 1856 3178 1912 condemnatiOnem
3219 1857 3337 1911 duci
3379 1858 3638 1926 praedicat
3670 1875 3684 1911 :
3715 1875 3783 1913 ex

2205 1961 2306 2012 qua
2331 1944 2774 2000 condemnatione
2802 1964 2905 2001 non
2949 1949 3156 2013 liberat,
3190 1947 3292 2002 nisi
3329 1949 3501 2017 gratia
3545 1949 3640 2003 Dei
3687 1967 3784 2019 per

2204 2034 2382 2090 Jesum
2432 2036 2699 2091 Christum
2761 2038 3039 2092 Dominum
3090 2051 3369 2106 nostrum,
3424 2042 3475 2094 in
3521 2056 3630 2111 quo
3677 2057 3782 2096 uno

2206 2141 2390 2180 omnes
2419 2128 2787 2194 viviticantur,
2834 2131 3152 2198 quicumque
3180 2130 3536 2185 vivificantnr.
3577 2133 3780 2187 Contra

2207 2215 2461 2270 Ecclesia:
2501 2216 2897 2273 fundamentum
2925 2235 3128 2274 morem
3161 2236 3320 2274 nemo
3342 2224 3562 2285 sentiat,
3592 2224 3681 2278 ubi
3711 2225 3780 2277 ad

2207 2305 2544 2373 baptismum,
2581 2310 2622 2360 si
2658 2320 2875 2379 propter
2903 2311 3016 2365 sola
3047 2312 3386 2381 parvulorum
3409 2330 3638 2383 corpora
3660 2330 3781 2369 cur-

2207 2404 2433 2459 reretur,
2463 2395 2758 2465 baptizandi
2782 2400 3096 2454 offerrentur
3119 2411 3172 2456 et
3198 2403 3413 2456 mortui.
3445 2421 3464 2454 s

2275 2486 2364 2542 9.5.
2398 2506 2416 2539 ι
2453 2487 2583 2554 Qua:
2605 2505 2726 2543 cum
2755 2491 2824 2544 ita
2852 2493 2976 2556 sint,
3003 2495 3285 2562 quaerenda
3308 2511 3466 2549 causa
3491 2506 3599 2563 est,
3621 2507 3782 2568 atque

2208 2575 2496 2640 reddenda,
2537 2595 2702 2648 quare
2739 2581 3056 2636 damnentur
3089 2581 3532 2658 [al.damnantur]
3562 2593 3778 2654 animae,

2205 2681 2322 2734 qua:
2349 2683 2497 2720 nova:
2517 2679 2764 2723 creantur
2779 2673 2996 2739 singulis
3021 2673 3315 2743 quibusque
3343 2678 3712 2745 nascentibus,
3733 2681 3781 2733 si

2209 2770 2402 2829 praeter
2466 2759 2664 2813 Christi
2732 2772 3120 2816 sacramentum
3185 2766 3386 2832 parvuli
3457 2769 3778 2823 moriantur.

2209 2849 2457 2902 Damnari
2503 2849 2646 2903 enim
2765 2851 2971 2922 1012
3068 2866 3195 2919 eas,
3241 2854 3285 2906 si
3326 2857 3404 2908 sic
3443 2855 3513 2911 de
3555 2873 3781 2928 corpore

2206 2941 2453 3004 exierint,
2507 2949 2564 2996 et
2604 2953 2787 2995 sancta
2845 2945 3136 3012 Scriptura,
3184 2955 3238 2998 ct
3277 2958 3462 2999 sancta
3501 2959 3586 3002 est
3630 2951 3780 3003 testis

2209 3030 2464 3086 Ecclesia.
2516 3031 2664 3086 Unde
2719 3031 2810 3085 illa
2864 3033 2930 3087 de
2985 3035 3278 3088 animarum
3326 3052 3585 3091 novarum
3630 3054 3778 3094 crea-

2209 3122 2350 3175 tione
2389 3123 2683 3183 sentcntia,
2724 3124 2768 3177 si
2820 3122 2955 3176 hanc
2992 3123 3146 3177 fidem
3197 3124 3620 3181 fundatissimam
3671 3144 3775 3182 non

2207 3221 2507 3280 oppugnat,
2553 3214 2622 3266 sit
2648 3221 2702 3267 et
2744 3228 2860 3266 mea
2888 3231 2900 3266 :
2931 3214 2976 3267 si
3001 3223 3289 3284 oppugnat,
3323 3232 3426 3269 non
3457 3218 3523 3269 sit
3547 3229 3604 3272 et
3631 3226 3766 3272 tua.»

2278 3301 2368 3357 26.
2403 3322 2422 3355 ι
2467 3303 2605 3359 Nolo
2641 3303 2771 3358 mihi
2799 3303 3020 3369 dicatur,
3053 3321 3149 3374 pro
3173 3307 3272 3360 hac
3295 3311 3556 3362 sententia
3580 3311 3775 3366 debere

2208 3394 2374 3462 accipi
2402 3395 2543 3464 quod
2573 3395 2828 3463 scriptum
2855 3405 2957 3461 est,
2992 3395 3092 3458 Qui
3121 3396 3267 3464 ﬁnxit
3297 3398 3530 3465 spiritum
3557 3400 3775 3453 hominis

2208 3487 2260 3538 in
2285 3486 2394 3552 ipso
2420 3485 2602 3553 (Zach.
2635 3486 2718 3539 12.
2753 3488 2826 3556 1),
2863 3497 2917 3540 et
2963 3487 3062 3553 Qui
3103 3487 3251 3555 ﬁnxit
3290 3489 3589 3560 singillatim
3625 3492 3776 3545 corda

2208 3591 2378 3628 eorum
2411 3574 2578 3644 (Psal.
2620 3576 2710 3630 3‘2.
2745 3578 2853 3644 15).
2895 3576 3104 3646 Aliquid
3144 3579 3489 3634 fortissimum
3515 3591 3674 3651 atque
3701 3582 3778 3637 in-

2212 3665 2553 3718 victissimum
2594 3666 2964 3734 requirendum
3010 3676 3127 3734 cst,
3169 3668 3310 3737 quod
3341 3685 3439 3724 nos
3477 3686 3586 3726 non
3627 3682 3779 3740 cogat

2212 3758 2373 3811 Deum
2412 3756 2631 3811 credere
2661 3757 2884 3811 ullarum
2921 3760 3217 3814 animarum
3247 3761 3364 3816 sine
3407 3763 3564 3832 culpa
3604 3766 3779 3834 aliqua

2207 3845 2593 3900 damnatorem.
2636 3847 2768 3900 Nam
2813 3849 2898 3902 vel
2942 3849 3266 3905 tantumdem
3313 3851 3493 3918 valet,
3525 3855 3609 3908 vel
3661 3856 3780 3922 plus

2207 3947 2289 3990 est
2317 3935 2535 3990 forsitan
2563 3951 2766 4002 creare,
2797 3952 2952 4005 quam
2976 3939 3193 4006 lingere,
3223 3949 3278 3993 et
3309 3950 3485 3994 tamen
3521 3944 3778 4012 scriptum

2207 4035 2290 4080 est
2315 4024 2415 4081 Cor
2440 4028 2681 4080 mundum
2708 4045 2821 4082 crea
2863 4030 2915 4081 in
2954 4044 3031 4082 me
3070 4030 3204 4084 Deus
3237 4031 3353 4100 (1’s.
3383 4034 3473 4089 50.
3520 4035 3627 4104 12).
3671 4036 3781 4091 Nec

2209 4117 2329 4171 ideo
2359 4118 2532 4186 putari
2557 4128 2762 4184 potest,
2793 4118 3022 4173 animam
3055 4118 3157 4174 hoc
3187 4121 3304 4176 loco
3324 4133 3511 4192 Optare
3541 4139 3600 4179 se
3635 4126 3775 4182 fieri.

2213 4210 2356 4276 prius
2383 4225 2541 4278 quam
2567 4210 2764 4279 aliquid
2806 4223 2949 4266 esset
2985 4229 3000 4265 :
3031 4212 3182 4267 Sicut
3223 4229 3354 4282 ergo
3391 4215 3498 4284 jam
3539 4219 3776 4271 existens

2209 4309 2422 4354 creatur
2449 4301 2789 4356 innovatione
2827 4301 3070 4371 justitim,
3099 4302 3178 4356 sic
3209 4303 3318 4372 jam
3357 4306 3582 4358 existens
3621 4304 3779 4374 tingi-

2211 4397 2294 4443 tur
2335 4390 2399 4461 (Γ)
2446 4390 2865 4446 οοιιῖυιιιιιιιιὶοηιξ
2904 4392 3182 4449 doctrinm.
3225 4394 3334 4449 Nec
3371 4395 3499 4450 illud
3537 4395 3682 4466 quod
3724 4397 3781 4452 in

2210 4479 2533 4536 Ecclesiaste
2561 4482 2817 4552 scriptum
2847 4491 2967 4549 est,
3009 4482 3154 4537 Tunc
3183 4495 3492 4538 convertatur
3515 4487 3570 4539 in
3595 4495 3782 4540 terram

2211 4570 2372 4638 pulvis
2397 4571 2526 4623 sicut
2555 4571 2670 4638 fuit,
2703 4581 2750 4624 et
2774 4572 2984 4640 spiritus
3010 4584 3281 4627 revertetur
3305 4575 3372 4626 ad
3396 4573 3670 4628 Dominum
3692 4578 3784 4645 qui

2210 4661 2346 4714 dedit
2366 4660 2508 4714 illum
2530 4660 2699 4730 (Eccl.
2725 4661 2814 4715 12.
2839 4663 2893 4731 7)
2919 4664 3107 4717 :istam
3136 4667 3402 4719 confirmat
3429 4667 3776 4731 sententiam,

2213 4764 2368 4818 quam
2394 4751 2637 4803 volumus
2665 4765 2786 4806 esse
2824 4760 3084 4807 nostram.
3131 4754 3259 4807 Plus
3284 4753 3414 4808 enim
3443 4751 3542 4805 hoc
3582 4752 3781 4808 suifra-

2213 4851 2364 4912 gatur
2387 4841 2484 4904 eis,
2515 4839 2603 4909 qui
2630 4855 2699 4894 ex
2724 4857 2826 4896 una
2848 4851 3032 4911 putant
3049 4857 3238 4897 omnes
3261 4857 3377 4898 esse
3397 4842 3623 4898 animas.
3643 4843 3782 4899 Nam

2211 4933 2349 4987 sicut
2374 4932 2736 4997 convertitur,
2777 4932 3050 5002 inquiunt,
3091 4934 3265 5002 pulvis
3306 4933 3360 4987 in
3389 4941 3620 5000 terram,
3646 4935 3788 4989 sicut

2213 5026 2341 5092 fuit;
2373 5035 2426 5080 et
2453 5034 2629 5080 tamen
2654 5040 2780 5081 caro
2801 5067 2816 5094 ,
2842 5025 2911 5080 de
2935 5041 3036 5095 qua
3069 5027 3168 5080 hoc
3196 5026 3398 5081 dictum
3434 5034 3552 5094 est,
3592 5026 3659 5081 ad
3692 5026 3788 5082 bo-

2215 5117 2410 5170 minem
2439 5131 2546 5170 non
2576 5117 2890 5183 revertitur,
2916 5130 2983 5170 ex
3010 5131 3116 5186 quo
3142 5126 3429 5186 propagata
3454 5125 3558 5181 est,
3597 5116 3693 5172 sed
3719 5116 3784 5172 ad

2276 5293 2354 5354 (ά)
2385 5291 2595 5354 Epistula
2616 5293 2694 5342 59.
2717 5292 2774 5354 ad
2801 5291 2986 5354 Fidum,
3010 5291 3140 5340 unde
3171 5298 3456 5353 argumenta
3491 5300 3658 5342 contra
3692 5289 3787 5338 Pe-

2215 5351 2710 5415 lagianos-desumunt
2729 5352 2843 5415 alibi
2862 5351 3200 5415 Hieronymus,
3227 5351 3280 5401 Et
3301 5354 3626 5415 Augustinus.

2279 5411 2346 5476 (ε)
2379 5413 2496 5476 Cum
2514 5414 2715 5463 Erasmo
2737 5411 3062 5476 Martiauaeus,
3089 5429 3111 5457 ι
3131 5415 3212 5474 qui
3239 5426 3302 5460 ex
3328 5411 3474 5462 unius
3494 5411 3676 5462 delicto
3692 5425 3794 5460 cm-

2215 5473 2306 5524 ncs
2330 5473 2550 5523 homines
2571 5476 2621 5523 in
2642 5473 3104 5528 condemnationem,
3128 5473 3157 5516 »⁷
3182 5481 3281 5521 etc.

2277 5537 2354 5603 (fi
2393 5536 2540 5586 Iidem
2583 5548 2768 5586 rursum
2814 5534 3015 5593 vitiose,
3057 5530 3260 5603 ﬁngitur
3301 5531 3663 5597 conﬁrmatione
3707 5531 3788 5581 do.

2217 5601 2403 5652 ctrinw.
3249 5601 3254 5606 ’
