3986 6184
153 283 303 340 N37

152 405 375 453 mp.
406 387 548 444 unde
566 385 763 456 primus
786 379 946 434 homo
973 375 1142 432 tactus
1171 382 1254 429 est
1285 391 1298 426 :
1323 371 1400 425 sic
1425 379 1479 424 et
1505 371 1724 438 spiritus

151 502 221 541 ex
247 485 390 538 illiLs
421 481 574 534 unius
596 476 782 552 spiritu
805 480 1143 541 propagatus,
1171 482 1276 522 non
1309 474 1484 519 tamen
1513 463 1578 516 ad
1605 478 1726 516 eum

155 577 480 638 revertitur;
523 570 616 625 sed
653 568 720 622 ad
763 566 1079 627 Dominum,
1125 577 1155 616 a
1194 575 1300 629 quo
1325 557 1399 611 illi
1439 557 1596 609 datus
1623 563 1726 607 est.

157 665 357 719 Verum
384 663 506 730 quia
547 660 648 712 hoc
688 654 1054 712 testimonium
1091 652 1160 705 ita
1190 664 1284 718 pro
1310 647 1426 701 istis
1452 652 1626 706 sonat,
1671 651 1731 695 ut

157 769 266 809 non
293 752 443 808 omni
491 748 650 804 modo
688 747 812 800 huic
837 743 1074 813 Opinioni
1095 782 1109 805 ,
1140 754 1296 809 quam
1325 735 1537 790 defendi
1568 733 1688 785 volo
1711 770 1728 795 ,

157 845 403 899 videatur
430 855 553 896 esse
577 837 898 892 contrarium
920 875 934 897 ,
964 830 1351 887 admonendum
1377 835 1579 880 tantum
1607 839 1730 877 cre-

115 943 128 1006 ᾗ
158 933 269 988 didi
301 930 640 1002 prudentiam
669 937 812 981 tuam
839 966 854 991 ,
887 940 954 978 ne
984 921 1177 976 talibus
1214 917 1532 973 testimoniis
1557 929 1620 967 ex
1653 912 1737 965 his

63 1089 70 1101 .
159 1021 423 1093 angustiis
447 1035 535 1074 me
571 1018 781 1072 coneris
810 1028 1018 1069 eruere.
1059 1011 1189 1064 Nam
1217 1011 1341 1064 licet
1377 1021 1534 1060 nemo
1582 1002 1736 1056 faciat

160 1092 422 1185 optando,
448 1121 507 1165 ut
533 1126 713 1164 verum
737 1109 807 1162 sit
834 1105 974 1176 quod
1000 1118 1185 1158 verum
1213 1116 1317 1154 non
1341 1107 1422 1152 est
1447 1115 1461 1151 :
1487 1106 1661 1150 tamen
1692 1092 1737 1146 si

71 1215 87 1273 ς
161 1204 278 1259 ﬁeri
323 1210 542 1271 posset,
569 1209 810 1267 optarem
835 1204 893 1248 ut
931 1194 1046 1247 haec
1083 1189 1345 1245 sententia
1389 1200 1512 1238 vera
1552 1190 1737 1237 esset:

162 1296 306 1350 sicut
342 1301 494 1361 opto,
529 1301 584 1343 ut
623 1289 668 1342 si
696 1302 818 1341 vera
846 1293 946 1349 est,
985 1283 1082 1336 abs
1112 1292 1164 1334 te
1198 1276 1545 1348 liquidissime
1582 1282 1741 1338 atque

75 1379 111 1440 ἆ
166 1383 518 1440 invictissime
547 1379 880 1434 defendatur.
905 1396 922 1426 ι

235 1475 358 1529 27.‹
393 1473 520 1527 llaec
539 1483 715 1526 autem
743 1469 1026 1523 dit‘ticultas
1050 1465 1211 1518 etiam
1233 1462 1350 1514 illos
1371 1458 1629 1528 sequitur,
1653 1454 1740 1523 qui

165 1567 274 1636 jam
303 1565 600 1616 existentes
636 1559 761 1613 alibi
790 1557 1024 1619 animas,
1057 1563 1112 1606 et
1149 1553 1216 1605 ab
1257 1549 1406 1603 initio
1445 1546 1742 1600 divinorum

171 1635 390 1723 operum
417 1659 774 1720 praeparatas,
810 1663 839 1700 a
892 1647 998 1699 Deo
1032 1642 1168 1697 mitti
1210 1641 1495 1708 upinamur
1533 1635 1584 1688 in
1629 1647 1746 1685 cor-

174 1721 325 1814 pora.
368 1741 504 1796 Nam
544 1749 599 1794 et
639 1738 706 1791 ab
746 1736 831 1790 his
882 1734 986 1788 hoc
1039 1732 1176 1785 idem
1207 1727 1496 1795 quaeritur,
1537 1723 1594 1775 Si
1635 1721 1748 1772 aui-

174 1849 275 1890 ma:
325 1831 613 1898 inculpata:
657 1825 967 1880 obedienter
995 1821 1250 1880 veniunt,
1283 1830 1388 1884 quo
1431 1814 1746 1871 mittuntur;

177 1941 272 1982 cur
323 1924 375 1977 in
421 1919 700 1991 parvulis,
751 1917 797 1970 si
843 1928 950 1966 non
992 1909 1238 1978 baptizati
1290 1907 1450 1958 vitam
1505 1901 1658 1954 istam
1692 1899 1747 1950 li-

176 2015 387 2075 nieriut,
417 2007 747 2082 puniuntur?
777 2005 973 2060 Eadem
1014 2014 1232 2070 prorsus
1270 1999 1322 2050 in
1359 2006 1583 2062 utraque
1624 2006 1750 2045 sen-

178 2111 337 2166 tentia
385 2081 676 2161 dit'licultas
721 2107 821 2154 est.
861 2096 942 2150 llli
983 2093 1081 2147 sibi
1131 2090 1378 2143 videntur
1424 2085 1492 2140 de
1536 2087 1634 2136 hac
1674 2081 1754 2134 la-

180 2202 331 2256 eilius
371 2197 528 2252 exire
567 2190 899 2262 qurestione,
1005 2181 1212 2254 1013
1295 2177 1384 2246 qui
1435 2174 1639 2228 animas
1679 2185 1760 2223 as-

185 2297 430 2344 severant
458 2298 561 2354 pro
588 2261 800 2336 meritis
843 2278 966 2330 vita:
1011 2273 1201 2341 prioris
1222 2309 1237 2333 ,
1265 2265 1501 2335 singulas
1539 2261 1758 2330 singulis

189 2353 511 2445 corporibus
567 2368 847 2438 implicari.
925 2365 1035 2417 ltoe
1087 2362 1229 2415 enim
1293 2364 1480 2426 putant
1531 2368 1650 2406 csse
1708 2353 1760 2403 in

189 2466 351 2524 Adam
397 2461 562 2527 mori,
615 2460 668 2513 in
709 2469 870 2511 carne
899 2453 1141 2515 scilicet,
1187 2464 1306 2516 qua:
1345 2452 1633 2514 propagata
1680 2448 1765 2496 est

194 2572 259 2612 ex
304 2555 520 2618 Adam,
581 2547 835 2624 supplicia
885 2542 1120 2613 pendere
1167 2557 1180 2592 :
1226 2553 1256 2590 a
1301 2550 1406 2606 quo
1459 2544 1638 2594 reatu,
1694 2532 1764 2583 in-

192 2647 412 2716 quiunt,
462 2641 636 2712 gratia
661 2637 858 2694 Christi
899 2635 1088 2689 liberat
1125 2625 1346 2700 pusillos
1383 2642 1502 2680 cum
1543 2624 1769 2692 magnis.

196 2713 305 2792 lloc
332 2735 552 2806 quidem
579 2738 746 2789 recte.
774 2726 1060 2787 veraciter,
1085 2722 1410 2791 optimeque,
1435 2715 1574 2784 quod
1601 2713 1768 2782 gratia

195 2829 398 2884 Christi
430 2827 628 2880 liberat
652 2838 680 2875 a
709 2829 858 2876 reatu
889 2825 1224 2886 peccatorum
1265 2810 1483 2880 pusillos
1508 2822 1627 2860 cum
1656 2819 1768 2857 ma-

197 2922 337 2991 gnis.
379 2918 486 2974 Sed
516 2917 568 2970 in
594 2915 699 2968 alia
739 2911 1014 2980 superiore
1042 2909 1146 2960 vita
1189 2917 1408 2975 peccare
1436 2900 1638 2952 animas
1657 2937 1673 2961 ,
1719 2903 1774 2948 et

201 3012 324 3067 inde
347 3005 668 3079 praecipitari
707 3005 759 3057 in
786 3014 1029 3055 carceres
1055 3010 1300 3060 carneos,
1330 3008 1434 3045 non
1457 2990 1638 3051 credo,
1669 3003 1774 3040 non

202 3102 506 3170 acquiesco,
535 3110 640 3148 non
667 3091 947 3147 consentio
970 3091 1063 3157 (a).
1093 3088 1290 3149 Primo,
1319 3083 1571 3152 quoniam
1597 3079 1777 3132 nescio

205 3169 300 3260 per
329 3203 466 3258 quos
494 3185 747 3240 circuitus
776 3181 890 3234 ﬁeri
922 3178 973 3233 id
1012 3179 1162 3230 aiunt
1201 3175 1287 3228 isti
1313 3191 1326 3226 :
1359 3181 1416 3226 ut
1442 3179 1560 3239 post
1599 3169 1778 3222 nescio

207 3289 404 3351 quanta
432 3274 704 3331 volumina
745 3271 1058 3325 smculorum
1103 3268 1294 3320 iterntn
1324 3263 1389 3316 ad
1420 3263 1573 3316 istam
1613 3260 1779 3312 sarci-

210 3387 332 3424 nam
361 3365 761 3435 corruptibilem
805 3361 897 3432 [aL
930 3354 1291 3427 corruptibilis]
1319 3353 1524 3414 carnis,
1565 3360 1620 3404 et
1657 3363 1782 3416 sup-

212 3460 366 3531 plicia
399 3455 677 3528 pendeuda
704 3450 1035 3508 redeundum
1079 3449 1146 3502 sit
1179 3464 1191 3500 :
1234 3460 1336 3514 qua
1380 3443 1636 3511 opinione
1657 3437 1786 3508 quid

214 3549 524 3603 horribilius
569 3544 788 3614 cogitari
837 3540 1006 3611 possit
1034 3541 1239 3608 ignoro.
1275 3533 1478 3588 Demde
1507 3532 1623 3600 quis
1665 3540 1783 3582 tan.-

215 3639 335 3694 dem
365 3638 538 3706 justus
565 3633 847 3689 defunctus
874 3639 977 3693 est,
1002 3629 1067 3684 de
1099 3641 1203 3696 quo
1228 3641 1358 3687 non,
1379 3624 1423 3676 si
1454 3623 1540 3674 isti
1565 3634 1686 3672 vera
1714 3617 1786 3671 di-

217 3740 376 3794 eunt,
419 3727 639 3782 solliciti
667 3740 785 3779 esse
829 3723 1155 3782 debeamus,
1204 3733 1272 3770 ne
1315 3715 1368 3768 in
1413 3714 1530 3766 sinu
1561 3709 1789 3764 Abt-aha:

219 3834 466 3889 peccans,
487 3820 537 3871 in
559 3817 802 3870 ﬂantmas
826 3813 966 3866 illius
983 3809 1163 3864 divitis
1183 3803 1496 3874 dejiciatur‘t
1518 3801 1627 3854 Cur
1646 3800 1789 3854 enim

219 3925 325 3964 non
363 3917 418 3962 ct
447 3915 566 3976 post
591 3905 692 3958 hoc
716 3915 913 3969 corpus
949 3898 1154 3967 peccari
1181 3895 1368 3964 possit,
1400 3893 1445 3945 si
1474 3898 1531 3945 et
1551 3898 1675 3942 ante
1701 3903 1793 3956 po-

223 3998 358 4051 tuit?
385 3998 662 4049 Postremo
690 4001 744 4044 et
780 3991 935 4055 longe
963 3985 1105 4040 aliud
1131 3993 1214 4037 est
1241 3984 1292 4035 in
1325 3980 1492 4033 Adam
1522 3993 1790 4045 peccasse.

223 4087 380 4142 Unde
426 4084 554 4138 dicit
602 4080 888 4150 Apostolus
939 4095 952 4130 :
996 4075 1062 4128 In
1110 4090 1208 4140 quo
1259 4086 1429 4124 omnes
1473 4075 1795 4138 peccaverunt

223 4177 402 4246 (Rom.
436 4174 490 4229 5.
523 4172 613 4240 12)
646 4189 660 4224 :
691 4179 745 4224 et
788 4168 929 4222 aliud
961 4174 1043 4220 est
1072 4173 1219 4217 extra
1251 4161 1442 4226 Adam,
1481 4157 1663 4214 nescio
1707 4156 1798 4210 ubi

225 4280 478 4338 peccasse
508 4282 520 4317 :
549 4273 602 4318 et
623 4262 742 4317 ideo
768 4261 820 4314 in
843 4259 1028 4322 Adam,
1059 4256 1108 4310 id
1137 4265 1239 4321 est,
1273 4255 1324 4306 iu
1353 4266 1564 4306 carnem
1591 4265 1710 4318 qua:
1733 4263 1799 4301 ex

229 4357 398 4412 Adam
429 4361 713 4424 propagata
741 4361 848 4414 est,
875 4359 1123 4417 tanquam
1151 4346 1203 4399 in
1241 4357 1512 4398 carcerem
1543 4341 1705 4393 trudi.
1736 4338 1802 4392 ll-

229 4449 332 4503 lam
349 4462 474 4502 vero
496 4446 822 4516 opinionem,
839 4441 979 4511 quod
1001 4455 1069 4494 ex
1095 4452 1197 4491 una
1229 4439 1353 4490 liant
1377 4447 1566 4489 omnes
1582 4433 1798 4496 animae,

234 4553 332 4594 ec
366 4537 633 4593 discutere
657 4534 818 4600 volo,
862 4530 960 4586 nisi
986 4543 1206 4584 necesse
1249 4527 1338 4580 sit.
1383 4526 1558 4593 Atque
1601 4522 1801 4575 utinam

237 4629 333 4682 ista
361 4628 428 4682 de
463 4642 568 4697 qua
595 4638 735 4679 auitc
775 4623 980 4692 agimus
999 4660 1014 4684 ,
1045 4619 1089 4673 si
1111 4633 1234 4672 vera
1265 4624 1369 4680 est,
1397 4615 1476 4668 sic
1503 4614 1597 4667 abs
1628 4620 1680 4666 te
1713 4610 1805 4664 de-

239 4715 502 4782 fendatur,
530 4724 588 4769 ut
612 4714 714 4768 hoc
727 4714 836 4782 jam
867 4723 1084 4765 necesse
1105 4723 1210 4762 non
1239 4708 1327 4760 sit.
1357 4724 1376 4757 ι

306 4808 396 4862 28.
434 4814 453 4857 ι
479 4803 734 4873 Quamvis
761 4809 940 4856 autem
958 4797 1277 4861 desiderem,
1309 4809 1513 4864 rogem,
1550 4793 1687 4844 votis
1713 4807 1804 4842 ar-

243 4899 486 4953 dentibus
530 4904 777 4964 exoptem
818 4900 874 4946 et
920 4889 995 4959 (b)
1037 4887 1307 4956 expetam,
1351 4895 1407 4937 ut
1450 4899 1544 4952 per
1589 4891 1640 4937 te
1679 4881 1806 4934 mihi

247 4987 498 5042 Dominus
528 4986 687 5055 hujus
733 4984 809 5036 rei
839 4979 1044 5034 auferat
1073 4975 1423 5045 ignorantiam
1465 4991 1479 5026 :
1529 4982 1702 5026 tamen
1729 4970 1806 5034 si,

248 5079 382 5144 quod
409 5077 568 5139 absit,
598 5074 818 5129 minime
844 5082 1110 5131 meruero,
1137 5063 1442 5134 patientiam
1466 5061 1596 5114 mihi
1635 5070 1808 5129 petam

251 5182 278 5218 a
307 5166 530 5221 Domino
573 5164 682 5217 Deo
711 5168 894 5215 nostro
933 5175 946 5210 :
992 5157 1044 5210 in
1086 5169 1244 5225 quem
1274 5152 1319 5204 si
1347 5149 1645 5214 credimus,
1671 5156 1726 5199 ut
1767 5147 1811 5199 si

254 5257 420 5328 aliqua
463 5256 620 5312 nobis
665 5268 770 5308 non
818 5249 1022 5320 aperiat
1062 5247 1222 5302 etiam
1269 5240 1621 5312 pulsantibus,
1670 5237 1815 5291 nullo

291 5558 300 5566 θ
319 5498 390 5558 (a)
419 5493 745 5568 Beuedictini,
771 5508 794 5537 ι
805 5489 1020 5540 Primum
1033 5483 1261 5548 quoniam
1277 5492 1368 5544 per
1385 5479 1554 5528 nescio
1571 5489 1693 5539 quos
1710 5473 1816 5523 ﬁeri

262 5561 544 5613 circumitus,
568 5571 591 5599 ι
623 5561 718 5603 etc.

323 5619 394 5680 (ὁ)
425 5617 560 5681 Apud
582 5611 944 5671 Benedictinos,
963 5612 1006 5659 et
1027 5609 1311 5670 exspectem.

1487 257 1813 314 EPISTULA
1852 254 2110 311 CXXXII.

3263 261 3402 318 “58

1829 368 1986 421 tnodo
2013 357 2270 422 adversus
2296 382 2415 420 eum
2460 382 2791 423 murmurare
2816 369 3122 425 debeamus.
3169 373 3242 443 (c)
3286 375 3399 429 Me—

1829 461 1953 514 mini
1985 461 2130 529 prius
2156 460 2286 529 ipsis
2311 461 2582 528 Apostolis
2603 459 2802 513 dictum
2833 477 2846 512 :
2883 460 3046 514 Multa
3077 463 3234 516 habeo
3260 465 3397 518 vobis

1829 550 2010 614 dicere,
2059 551 2146 603 sed
2190 565 2290 602 non
2337 550 2541 616 potestis
2570 550 2661 602 illa
2693 559 2894 614 portare
2919 550 3070 603 modo
3107 551 3279 622 (Jean.
3310 556 3398 607 16.

1831 637 1945 702 η).
1977 638 2030 691 In
2062 638 2171 702 his,
2201 648 2455 706 quantum
2483 639 2547 691 ad
2573 653 2656 691 me
2686 638 2894 701 attinet,
2925 638 3083 692 etiam
3114 640 3212 693 hoc
3233 641 3410 710 (ἱεραί

1833 728 2086 782 tennNec
2126 729 2214 796 qui
2261 729 2362 781 hoc
2407 729 2570 782 sciam
2615 743 2700 781 me
2728 728 2970 796 indigner
3014 729 3307 795 indignum,
3337 747 3404 785 ne

1833 818 1933 872 hoc
1960 821 2074 887 ipso
2109 820 2268 872 etiam
2297 820 2588 872 convincar
2615 819 2901 888 indignior.
2935 819 3096 873 Multa
3129 821 3271 876 enim
3302 822 3404 875 alia

1833 909 2075 962 similiter
2101 911 2298 968 nescio.
2324 925 2442 978 qua:
2483 925 2908 964 commemorare
2960 912 3043 964 vel
3090 925 3409 966 enumerare

1836 1013 1940 1052 non
1988 1015 2224 1068 possum.
2274 1001 2337 1053 Et
2379 1001 2478 1054 hoc
2524 1001 2870 1054 tolerabiliter
2917 1002 3255 1070 ignorarem,
3308 1001 3411 1054 nisi

1837 1101 2148 1154 metuerem,
2182 1107 2250 1145 ne
2271 1092 2451 1160 aliqua
2493 1092 2710 1145 istarum
2745 1093 3051 1161 opinionum
3077 1102 3260 1146 contra
3284 1091 3412 1145 illud

1838 1185 1978 1251 quod
2025 1185 2330 1238 firmissima
2375 1183 2478 1238 [ide
2515 1186 2831 1247 retinemus,
2864 1185 3091 1238 incautis
3131 1170 3422 1252 obreperet‘

1842 1277 2126 1329 mentibus.
2149 1275 2254 1330 Sed
2274 1284 2558 1344 antequam
2581 1277 2766 1340 sciam,
2788 1290 3029 1343 quamam
3047 1291 3225 1328 eartuu
3245 1275 3417 1341 potius

1841 1367 2079 1433 eligenda
2100 1366 2190 1430 sit,
2215 1365 2316 1419 hoc
2334 1381 2418 1420 me
2439 1382 2544 1419 non
2564 1375 2769 1419 temere
2787 1366 2986 1419 sentire
3009 1368 3283 1433 proliteor,
3299 1378 3416 1417 eam

1850 1455 2056 1527 1014
2125 1472 2242 1526 quae
2294 1473 2417 1511 vera
2447 1465 2548 1521 est,
2602 1472 2710 1509 non
2736 1456 3008 1510 adversari
3041 1455 3421 1508 robustissima:

1845 1563 1907 1601 ac
1933 1547 2318 1602 [ululatissimae
2348 1549 2491 1612 lidei,
2522 1564 2625 1618 qua
2653 1547 2854 1602 Christi
2892 1547 3130 1602 Ecclesia
3160 1561 3257 1600 nec
3297 1560 3420 1614 par-

1844 1638 1998 1691 vulos
2025 1638 2274 1693 homines
2297 1639 2668 1692 recentissimo
2695 1647 2851 1691 natos
2875 1652 2904 1690 a
2935 1637 3275 1690 damnatione
3307 1651 3424 1687 cre-

1847 1727 1944 1792 dit,
1990 1729 2090 1780 nisi
2137 1743 2232 1796 per
2261 1730 2482 1796 gratiam
2531 1728 2762 1781 nominis
2790 1726 3010 1789 Christi,
3053 1741 3210 1793 quam
3238 1725 3290 1777 in
3316 1723 3426 1776 suis

1848 1816 2195 1870 sacramentis
2208 1814 2622 1879 commendavit,
2651 1830 2808 1883 posse
2834 1815 3071 1868 liberari.
3087 1833 3104 1864 ι

2267 1924 2595 1980 EPISTOLA
2634 1923 2873 1978 cxxxu
2915 1925 3016 1993 (d).

1854 2042 2141 2097 Accusrmt
2196 2056 2262 2094 an
2310 2039 2682 2094 "IERONYMUM.
2740 2037 2848 2092 Seu
2887 2037 3050 2091 Linea
3093 2037 3167 2091 Ds
3205 2050 3434 2089 saurex-

2476 2147 2565 2184 TIA
2603 2131 2805 2184 JACOBI.

1859 2247 2121 2300 Consuluit
2147 2245 2210 2298 de
2237 2245 2346 2298 loco
2375 2259 2438 2296 ea:
2459 2241 2637 2293 Jacobi
2666 2241 2811 2309 epist.
2840 2239 2896 2292 2.
2935 2239 3019 2292 l0.
3068 2237 3166 2302 Qui
3195 2235 3433 2289 ollende-

1932 2339 2001 2391 rit
2031 2339 2082 2390 in
2110 2351 2235 2395 uno,
2266 2335 2434 2387 factus
2460 2344 2542 2386 est
2567 2331 2802 2383 omnium
2826 2343 2970 2392 rcus,
3000 2326 3250 2394 multaque
3272 2325 3442 2382 udmi:

1933 2437 2034 2482 seet
2063 2427 2125 2478 de
2151 2425 2354 2485 Stoicis,
2387 2423 2472 2491 qui
2501 2421 2739 2474 docebant
2770 2420 2938 2472 ontnia
2979 2427 3180 2486 peccatu
3214 2431 3318 2468 esse
3343 2430 3437 2482 pa-

1935 2520 2011 2572 ria
2041 2536 2054 2572 :
2081 2526 2126 2570 et
2153 2515 2375 2586 quisquis
2401 2515 2600 2566 haberet
2633 2528 2783 2564 unum
2830 2512 3076 2571 virtutem,
3118 2507 3300 2560 habere
3328 2520 3439 2558 ont-

1940 2625 2060 2672 nes;
2089 2609 2173 2677 qui
2203 2615 2390 2660 careret
2420 2622 2542 2665 una,
2573 2603 2770 2656 nullam
2798 2601 2978 2653 habere

1945 2726 1994 2777 Ι.
2021 2723 2170 2789 Quod
2187 2721 2254 2774 ad
2274 2731 2320 2773 te
2337 2720 2538 2786 scripsi,
2559 2719 2850 2772 honorande
2867 2719 2986 2769 mihi
3008 2717 3058 2768 in
3073 2715 3272 2768 Christo
3290 2717 3445 2779 frater

1876 2814 2200 2882 Hieronyme,
2230 2827 2458 2880 quu'rens
2485 2811 2548 2862 de
2573 2809 2744 2861 anima
2782 2808 3022 2864 humana,
3049 2806 3091 2857 si
3128 2801 3445 2855 nascentibus

1874 2907 2106 2975 singulis,
2139 2919 2279 2957 nova:
2301 2900 2514 2972 singula:
2540 2916 2671 2953 nunc
2703 2914 2858 2965 usque
2890 2899 3012 2963 ﬁunt
3041 2894 3133 2966 [.al.
3166 2893 3335 2965 [mut],
3363 2891 3447 2944 ubi

1877 2999 2066 3068 peccati
2105 2997 2360 3050 vinculum
2403 2993 2721 3052 contrahant,
2769 2989 2904 3060 quod
2951 3006 3037 3056 per
3078 2997 3446 3040 sacramentum

1878 3092 2053 3160 gratim
2095 3086 2302 3148 Christi,
2352 3085 2500 3138 etiam
2548 3085 2600 3134 in
2640 3081 2915 3151 infantibus
2940 3087 3159 3132 recenter
3187 3077 3318 3128 natis
3342 3073 3451 3128 sol-

1880 3178 2089 3232 uendum
2119 3192 2226 3228 esse
2247 3191 2346 3226 non
2374 3173 2678 3232 dubitamus,
2707 3188 2818 3221 cum
2847 3170 2899 3222 in
2930 3184 3032 3222 non
3061 3182 3271 3236 parvum
3298 3165 3443 3218 volu-

1880 3284 1992 3319 men
2020 3265 2328 3335 procederet,
2355 3263 2494 3314 uolui
2525 3262 2630 3313 ulla
2642 3260 2745 3311 alia
2773 3272 2982 3311 onerare
3005 3256 3283 3324 quastione
3309 3269 3327 3306 :
3354 3252 3442 3307 sed

1882 3359 2015 3427 quod
2043 3364 2183 3424 urget
2210 3356 2399 3415 acrius,
2437 3352 2596 3404 multo
2622 3354 2786 3402 minus
2814 3357 2885 3400 est
2917 3345 3290 3416 uegligendum.
3322 3341 3454 3396 Pro-

1883 3450 2001 3503 inde
2033 3448 2101 3518 (e)
2125 3462 2315 3516 quceso,
2345 3454 2390 3496 et
2421 3460 2511 3512 per
2553 3442 2715 3507 Deum
2747 3441 2970 3502 obsecro,
3001 3447 3055 3490 ut
3084 3430 3306 3505 exponas
3333 3435 3456 3486 mihi

1885 3541 2019 3610 quod
2046 3539 2216 3591 multis
2238 3536 2466 3590 emistimo
2491 3537 2846 3602 profuturum:
2866 3538 2952 3581 aut
2981 3529 3024 3581 si
3046 3529 3158 3598 jam
3174 3525 3250 3578 vel
3267 3525 3355 3576 abs
3387 3535 3454 3584 te,

1887 3629 1964 3684 vel
1991 3630 2054 3682 ab
2083 3629 2184 3680 alio
2213 3628 2382 3695 aliquo
2407 3623 2692 3692 expositum
2721 3620 2897 3681 habes,
2928 3617 3118 3687 dirigas
3139 3614 3302 3674 nobis,
3329 3628 3458 3682 quo-

1890 3722 2039 3775 modo
2066 3719 2414 3788 accipiendum
2439 3716 2522 3778 sit,
2551 3713 2685 3783 quod
2711 3714 2763 3764 in
2789 3711 3005 3778 epistola
3033 3705 3260 3776 Apostoli
3282 3701 3465 3757 Jacobi

1892 3813 2133 3879 scriptum
2177 3818 2249 3860 est
2279 3824 2296 3859 :
2323 3807 2654 3872 Quicumque
2680 3801 2821 3854 enim
2854 3808 3017 3850 totam
3045 3796 3238 3861 Legem
3282 3807 3466 3846 serva-

1895 3901 2048 3962 verit,
2076 3895 2311 3950 otl'endat
2341 3901 2514 3945 autem
2547 3892 2597 3942 in
2627 3903 2757 3950 uno,
2788 3887 2956 3939 lactus
2980 3891 3062 3936 est
3085 3881 3317 3935 omnium
3343 3893 3468 3932 reus

1896 3987 2035 4058 (Jac.
2061 3985 2114 4038 2.
2148 3984 2261 4052 10).
2291 3982 2416 4044 Qua:
2443 3996 2523 4032 res
2545 3977 2663 4029 talis
2689 3991 2746 4026 ac
2777 3983 2918 4026 tanta
2948 3981 3042 4034 est,
3072 3980 3124 4023 ut
3170 3968 3304 4036 quod
3349 3967 3465 4018 hinc

1899 4077 1986 4129 tibi
2016 4091 2116 4128 non
2137 4075 2247 4141 jam
2278 4071 2399 4124 olim
2427 4067 2630 4138 scripsi,
2658 4065 2869 4116 multum
2898 4077 2976 4114 me
3002 4059 3254 4128 pceuiteat.

1969 4166 2023 4220 2.
2071 4164 2144 4218 De
2189 4161 2384 4232 agenda
2427 4173 2641 4226 namque
2685 4153 2919 4224 praesenti
2961 4152 3083 4214 vita,
3130 4147 3388 4226 qpomodo
3403 4147 3476 4199 ad

1901 4260 2052 4312 vitam
2077 4254 2422 4325 perveniamus
2447 4259 2706 4310 wternam,
2740 4263 2841 4299 non
2872 4246 2933 4296 de
2964 4238 3218 4312 prwterita
3243 4254 3476 4307 perscru-

1905 4347 2078 4410 tanda,
2123 4359 2274 4413 quam
2323 4341 2517 4409 penitus
2565 4337 2798 4391 demersit
2839 4335 3052 4399 oblivio,
3073 4333 3200 4386 sicut
3231 4337 3302 4383 est
3344 4326 3474 4380 illud

1904 4436 2036 4506 quod
2083 4432 2146 4486 de
2187 4431 2355 4484 aninta
2383 4427 2707 4498 quwrenduut
2739 4425 2930 4493 putari;
2960 4424 3066 4476 lucc
3097 4420 3310 4473 vertitur
3335 4431 3476 4487 qua:-

1906 4527 2020 4579 stio.
2051 4523 2324 4590 Eleganter
2349 4529 2517 4572 autem
2543 4517 2736 4569 dictum
2761 4531 2865 4568 esse
2895 4521 3153 4572 narratur,
3184 4507 3322 4578 quod
3361 4505 3478 4558 huic

1908 4617 1979 4669 rei
2001 4615 2123 4668 satis
2148 4621 2265 4680 apte
2289 4608 2538 4664 convenit.
2568 4606 2698 4660 Cum
2719 4603 2925 4672 quidam
2954 4601 3138 4652 ruisset
3163 4598 3216 4650 in
3250 4604 3478 4664 puteum,

1909 4706 1994 4761 ubi
2022 4722 2152 4775 aqua
2181 4713 2323 4756 tanta
2351 4709 2478 4762 erat,
2511 4707 2564 4750 ut
2595 4711 2706 4748 eum
2735 4692 2897 4760 magis
2925 4689 3196 4756 exciperet,
3226 4699 3289 4736 ue
3312 4696 3480 4734 more-

1909 4808 2067 4861 retur,
2119 4809 2270 4864 quant
2312 4788 2605 4855 su/focaret,
2644 4800 2706 4836 ne
2733 4781 3020 4846 loqueretur
3049 4793 3066 4830 :
3093 4774 3300 4827 accessit
3328 4771 3481 4832 alius,

1912 4897 1958 4940 et
1988 4904 2044 4940 eo
2072 4887 2178 4938 viso
2204 4883 2272 4952 (c)
2306 4881 2587 4936 admirans,
2632 4875 2722 4933 ait,
2777 4868 3041 4936 Quomodo
3089 4866 3185 4917 huc
3227 4860 3485 4916 cecidisti?

1913 4979 1976 5029 At
2013 4976 2144 5027 ille:
2179 4949 2431 5033 Obsecro,
2514 4963 2718 5036 1015
2791 4959 2981 5028 inquit,
3030 4955 3196 5024 cogita
3237 4949 3485 5020 quomodo

1917 5066 2031 5117 hinc
2077 5078 2156 5115 me
2200 5060 2398 5120 liberes,
2429 5071 2528 5108 non
2554 5050 2802 5120 quomodo
2833 5049 2931 5100 huc
2957 5044 3240 5108 ceciderim,
3263 5055 3484 5110 quaeras.

1917 5155 2002 5209 Ita
2025 5153 2259 5222 quoniam
2285 5151 2525 5220 fatemur,
2557 5153 2602 5197 et
2628 5142 2729 5210 [ide
2752 5139 3017 5194 Catholica
3043 5145 3285 5198 tenemus,
3312 5131 3374 5184 de
3401 5145 3486 5183 re-

1983 5285 2051 5345 (c)
2085 5282 2308 5345 Martiae.
2334 5285 2442 5345 post
2471 5275 2658 5345 Erasm.
2686 5268 3062 5345 cum‘tredectm
3097 5276 3252 5328 penes
3270 5259 3488 5311 Benedi-

1921 5331 2078 5395 ctiiios
2101 5343 2212 5392 Mss.
2240 5331 2592 5390 Mcririnerimus
2613 5331 2750 5395 ipsis,
2777 5337 2876 5380 etc.

2240 5380 2788 5464 iiziéi"ziiéi-6hyh'uanbs
2810 5403 2904 5440 non
2937 5386 3270 5437 adnumerato.
3306 5380 3491 5442 Scripta

1921 5467 2086 5517 eodem
2110 5470 2319 5524 tempore
2340 5472 2397 5524 ac
2420 5467 2656 5524 superior.

1985 5528 2054 5586 (ei
2095 5519 2256 5586 idem,
2273 5519 2478 5570 Proinde
2500 5526 2685 5586 ιιιιωζρ,
2710 5519 2807 5586 Θείξο
2906 5571 2937 5586 ν
2975 5571 3008 5586 _,
3050 5571 3058 5579 _
3113 5574 3121 5583 ο
3204 5568 3212 5577 ,
3446 5561 3452 5570 .

1988 5568 2064 5649 θ’)
2095 5568 2403 5635 liii—decem
2457 5568 2733 5627 notantibus
2752 5571 3090 5622 Beuedictinis
3105 5574 3121 5630 ,‘
3148 5568 3380 5618 miserans
3403 5568 3488 5611 (.it.
