3986 6184
552 208 691 263 H39

547 334 635 376 atu
683 328 875 394 peccati
919 337 1149 397 tanquam
1197 327 1261 379 de
1303 334 1454 394 puteo
1499 328 1647 381 etiam
1679 329 1874 398 parvuli
1902 331 2114 399 infantis

1861 215 2103 272 SANCTI
2144 214 2516 272 llIERONYMI

3654 242 3826 302 ιΗω

2231 329 2372 400 Lege
2399 333 2546 402 quasi
2579 343 3018 406 transgressores.
3036 339 3158 397 Vide
3192 348 3622 410 quemadmodum
3653 365 3822 411 trans-

547 417 774 472 αηῑηιαηι
803 419 986 474 ctu-iui
1027 418 1189 485 gratia
1232 415 1566 483 liberandam,
1614 420 1737 473 satis
1787 429 1861 473 est
1899 421 1945 473 ei
1987 420 2122 481 quod
2225 438 2476 492 gressores
2504 424 2626 494 legis
2657 429 2905 497 appellat,
2929 432 3018 498 qui
3043 433 3212 486 dicunt
3241 437 3406 505 diviti,
3439 441 3590 498 Sede
3629 444 3742 510 hic,
3771 460 3820 501 et

546 509 752 561 modum
794 508 1040 577 quomodo
1087 507 1227 558 salva
1273 509 1385 575 fiat,
1417 512 1666 573 novimus,
1697 512 1847 563 etiam
1903 512 1946 564 si
1989 529 2121 565 nun-

546 614 696 665 quam
725 597 975 664 quomodo
1017 596 1067 647 in
1114 597 1304 650 malunt
1335 597 1468 652 illud
1511 600 1782 665 devenerit,
1815 602 2116 656 noverimus.

543 686 653 738 Sed
680 685 792 736 ideo
834 686 1006 754 putavi
1030 703 1134 740 esse
1172 689 1519 756 quaerendum,
1548 707 1612 744 ne
1635 695 1764 760 forte
1787 708 1850 744 ea:
1871 694 1974 746 illis
2002 693 2085 762 api
2103 720 2118 733 -

521 775 778 828 .nionibus
803 776 1170 832 incarnationis
1195 781 1380 833 ammte
1406 782 1628 852 aliquam
1661 793 1915 837 teneamus
1943 785 2116 838 incau-

539 868 660 928 tius,
708 882 822 936 qute
863 869 1173 922 liberandam
1198 888 1403 940 prorsus
1433 876 1654 926 animant
1682 875 1881 943 parvuli
1909 886 2115 929 contra-

537 960 675 1012 dicat
718 975 738 1014 :
777 977 966 1030 negans
1002 978 1113 1014 eam
1155 979 1260 1016 esse
1300 967 1353 1016 in
1397 966 1491 1017 isto
1520 968 1673 1018 malo.
1710 966 1822 1019 lloc
1850 969 2005 1037 igitur
2031 968 2116 1035 fir-

535 1051 760 1106 missime
797 1063 1008 1115 retento,
1053 1053 1188 1122 quod
1228 1055 1398 1107 anima
1440 1059 1637 1126 parvuli
1664 1058 1726 1110 de
1754 1069 1895 1112 reatu
1923 1061 2112 1129 peccati

535 1140 801 1194 liberanda
827 1153 921 1206 est,
952 1160 1041 1196 nec
1069 1144 1173 1196 alio
1200 1146 1348 1198 modo
1376 1145 1656 1210 liberanda,
1689 1149 1786 1200 nisi
1811 1150 1975 1217 gratia
2015 1147 2113 1202 Dei

540 1248 632 1297 per
658 1230 838 1286 Jesum
867 1233 1122 1288 Christum
1162 1234 1433 1289 Dominum
1475 1248 1700 1291 nostrum
1726 1254 1745 1291 :
1775 1241 1819 1292 si
1848 1257 2111 1308 possumus

532 1325 684 1377 etiant
725 1327 887 1393 ipsius
930 1326 1051 1379 mali
1106 1344 1314 1381 causam
1342 1342 1387 1380 et
1429 1330 1674 1398 originem
1719 1347 1882 1395 nosse,
1915 1333 2108 1386 vanilo-

529 1417 639 1482 quis
669 1432 771 1468 non
799 1418 1212 1485 disputatoribu-s,
1259 1420 1348 1473 sed
1391 1421 1726 1491 litigatoribus
1775 1423 2000 1490 paratius
2024 1426 2108 1476 in-

529 1509 867 1576 structiusque
913 1511 1211 1564 resistimus.
1264 1510 1326 1565 Si
1366 1523 1532 1565 autent
1560 1529 1661 1565 non
1691 1529 1976 1581 possumus,
2007 1531 2109 1567 non

527 1597 647 1665 quia
664 1600 781 1651 latet
806 1600 1021 1653 miseria
1041 1601 1363 1672 principium,
1386 1602 1501 1656 ideo
1524 1604 1800 1673 pigrescere
1819 1605 2105 1658 misericor~

527 1686 626 1738 dite
654 1687 792 1740 debet
818 1691 1051 1758 officium.
1084 1690 1334 1744 Adversus
1362 1708 1444 1745 eos
1471 1701 1636 1745 autem
1659 1695 1749 1762 qui
1791 1694 1888 1747 sibi
1926 1695 2105 1748 viden-

527 1787 609 1829 tur
636 1795 763 1832 scire
791 1782 924 1844 quod
952 1783 1197 1844 nesciunt,
1232 1785 1324 1835 hoc
1353 1785 1560 1837 tutiores
1588 1800 1783 1848 sumus,
1813 1786 1949 1854 quod
1970 1786 2103 1839 hanc

527 1869 866 1935 ignorantiam
898 1881 1119 1923 nostram
1161 1889 1260 1924 non
1300 1875 1615 1941 ignoramus.
1658 1877 1815 1928 Aliud
1844 1887 1914 1930 est
1945 1879 2096 1944 enim,

529 1961 664 2029 {uad
701 1965 891 2015 nescire
932 1969 1118 2016 malum
1146 1975 1216 2017 est
1245 1981 1262 2018 :
1289 1966 1430 2017 aliud
1459 1969 1592 2028 quod
1618 1969 1735 2020 sciri
1765 1969 1840 2020 vel
1880 1985 1979 2021 non
2009 1986 2102 2039 po-

526 2061 643 2112 test,
692 2056 766 2104 vel
805 2070 904 2106 non
932 2069 1061 2122 Opus
1092 2065 1182 2116 est,
1225 2057 1300 2108 vel
1323 2057 1395 2108 ad
1417 2058 1567 2110 vitam
1603 2075 1754 2127 quam
1787 2061 2060 2130 quau-imus
2082 2102 2096 2122 ,

525 2141 822 2207 indi/ferens
843 2155 934 2197 est.
960 2144 1069 2197 Iloc
1091 2161 1204 2200 vero
1225 2146 1360 2216 quod
1380 2148 1440 2200 de
1465 2149 1643 2202 litteris
1665 2149 1896 2218 Apostoli
1919 2149 2098 2204 Jacobi

525 2248 658 2283 nunc
685 2235 902 2302 requiro,
931 2236 981 2287 in
1013 2237 1106 2287 hac
1137 2238 1247 2304 ipsa
1273 2253 1370 2304 qua
1401 2238 1630 2302 vivimus,
1663 2249 1782 2291 etut
1809 2255 2003 2309 semper
2024 2241 2096 2294 vi-

518 2335 695 2375 vamus
725 2322 834 2377 Deo
866 2327 1063 2393 placere
1089 2325 1366 2391 studenms,
1401 2330 1596 2381 actione
1620 2341 1863 2383 versatur.

593 2415 646 2467 ὅ.
693 2417 955 2478 Quomodo
996 2419 1150 2485 igitur
1190 2418 1577 2489 intelligendum
1623 2433 1732 2484 est,
1782 2425 1981 2476 obsecro
2021 2435 2086 2490 te,

515 2504 850 2572 Quicumque
890 2517 1050 2560 lotam
1081 2508 1275 2577 Legem
1305 2514 1616 2576 servaverit,
1647 2515 1874 2568 olfendai
1907 2530 2084 2576 autem

514 2594 568 2648 in
602 2612 726 2660 uno,
759 2599 930 2649 factus
971 2609 1050 2652 est
1079 2602 1314 2654 omnium
1345 2604 1510 2656 reus?
1538 2604 1676 2673 (Jac.
1705 2605 1759 2659 2.
1792 2608 1901 2675 10).
1936 2608 2084 2664 Itane

509 2692 598 2756 qui
650 2693 845 2759 furtum
898 2692 1089 2761 fecerit,
1122 2694 1222 2744 imo
1270 2710 1382 2746 vero
1412 2697 1497 2764 qui
1527 2698 1711 2751 dixerit
1741 2699 1902 2764 diviti,
1945 2701 2081 2760 Sede

509 2777 597 2833 llic
631 2797 644 2831 ε
678 2783 891 2850 pauperi
934 2790 1122 2842 autent,
1170 2782 1248 2837 'l‘u
1296 2795 1375 2838 sla
1426 2787 1550 2849 illic,
1593 2798 1640 2841 et
1694 2790 1988 2855 homicidii,
2037 2801 2082 2844 et

509 2870 772 2932 adulterii,
814 2884 860 2924 et
903 2875 1155 2942 sacrilegii
1180 2891 1294 2929 reus
1319 2881 1433 2930 est?
1466 2879 1614 2944 Quod
1644 2882 1687 2933 si
1713 2898 1811 2933 non
1837 2892 1925 2944 est,
1955 2897 2079 2950 quo-

507 2959 659 3011 modo
685 2963 770 3026 qui
796 2963 846 3013 in
876 2977 978 3014 uno
1005 2960 1246 3027 offendat,
1277 2966 1440 3033 factus
1467 2979 1540 3022 est
1569 2973 1790 3023 omnium
1822 2976 1973 3025 reus?
2003 2975 2076 3025 An

507 3032 637 3104 illud
661 3053 796 3119 quod
822 3053 950 3107 dixit
977 3055 1040 3108 de
1067 3055 1220 3109 divite
1247 3032 1293 3111 et
1324 3076 1561 3128 paupere,
1595 3063 1662 3115 ad
1691 3065 1789 3116 ista
1820 3082 1918 3118 non
1961 3084 2075 3132 per-

507 3144 650 3203 tinet,
682 3159 897 3210 quorum
922 3147 967 3199 si
993 3147 1104 3216 quis
1130 3164 1181 3200 tn
1209 3166 1308 3203 uno
1333 3151 1618 3218 offenderit,
1655 3154 1741 3219 ﬁet
1789 3154 1878 3226 [al.
1912 3162 2076 3226 factus

504 3243 576 3283 est
582 3232 600 3301 J
642 3234 865 3286 omnium
911 3237 1074 3289 reus?
1120 3239 1224 3292 Sed
1263 3243 1583 3294 recolendum
1609 3254 1702 3306 est,
1732 3245 1864 3298 unde
1891 3251 2075 3300 venerit

503 3325 595 3376 illa
645 3327 908 3391 sententia,
941 3337 985 3381 et
1009 3344 1121 3396 qua?
1145 3331 1286 3382 illuni
1316 3335 1576 3400 superiora
1626 3338 1928 3403 pepererint,
1961 3341 2073 3402 qui-

502 3414 690 3483 busque
713 3431 938 3471 connexa
967 3420 1263 3489 dependeat.
1298 3421 1511 3480 Fratres
1540 3426 1639 3477 mei
1683 3427 1866 3492 nolite,
1890 3428 2070 3496 inquit,

502 3505 556 3556 in
588 3521 933 3572 personarum
966 3513 1276 3580 acceptione
1320 3514 1518 3568 habere
1548 3516 1704 3569 tidem
1743 3518 1950 3572 Domini
1979 3538 2073 3575 no-

499 3594 596 3646 stri
622 3593 749 3648 Jesu
783 3596 980 3652 Clariin
1008 3600 1210 3668 gloriae.
1243 3602 1446 3655 Etenim
1478 3605 1520 3657 si
1552 3604 1817 3661 introierit
1852 3609 1903 3662 in
1944 3625 2071 3664 con-

501 3693 716 3737 ventum
742 3698 976 3741 veSIrum
1003 3692 1084 3742 vir
1106 3693 1359 3745 annulum
1381 3708 1600 3748 aureum
1623 3697 1822 3752 habens
1849 3700 1899 3752 in
1927 3711 2073 3757 veste

501 3775 724 3828 camiida
755 3792 767 3827 :
804 3777 1068 3832 introierit
1092 3789 1266 3834 autem
1299 3793 1352 3836 et
1384 3799 1581 3853 pauper
1609 3786 1660 3840 in
1706 3788 1926 3844 sordido
1973 3790 2073 3844 hae

499 3864 632 3927 luto,
682 3874 736 3918 et
759 3867 1044 3923 intendatis
1071 3871 1122 3923 in
1149 3885 1266 3924 eum
1292 3873 1380 3941 qui
1405 3875 1619 3929 indutus
1649 3886 1732 3930 est
1762 3888 1910 3933 veste
1939 3896 2072 3949 pra:-

496 3957 662 4021 t:l:u-u,
692 3969 743 4010 et
773 3957 963 4012 dicatis
987 3960 1058 4025 ei,
1087 3961 1164 4014 Tu
1185 3963 1312 4016 sede
1342 3964 1426 4018 hic
1457 3967 1617 4030 bene;
1649 3969 1866 4037 patiperi
1891 3981 2068 4026 autem

496 4045 704 4108 dicatis,
788 4049 996 4119 1016
1066 4050 1145 4102 Tu
1170 4063 1249 4104 sta
1275 4051 1398 4117 illic,
1424 4062 1534 4118 aut,
1560 4056 1686 4109 sedc
1712 4057 1812 4111 sub
1835 4061 2071 4115 scabello

496 4136 690 4202 pedum
740 4152 1001 4202 ineorum,
1050 4155 1226 4196 nonne
1249 4141 1500 4210 judicatis
1525 4145 1662 4213 apud
1691 4151 2069 4220 vosmetipsos,

493 4233 549 4276 et
576 4222 696 4278 laeti
728 4227 858 4280 estis
876 4226 1084 4294 judices
1108 4232 1482 4298 cogitationum
1513 4236 1848 4305 iniquarum?
1875 4242 2069 4295 Audite

498 4315 599 4381 (τι),
651 4315 844 4369 fratres
883 4319 1164 4384 carissimi,
1205 4337 1382 4378 nonne
1427 4326 1566 4380 Deus
1611 4329 1776 4397 elegit
1807 4347 2067 4400 pauperes

495 4410 549 4458 in
582 4406 682 4459 lioc
706 4408 923 4473 nmndo,
947 4409 1138 4462 divites
1165 4413 1214 4464 in
1245 4415 1365 4478 title,
1391 4427 1446 4469 et
1472 4419 1711 4474 bwredes
1731 4425 1897 4491 regni,
1922 4427 2065 4493 quod

493 4497 802 4565 repromisit
852 4498 988 4552 Deus
1033 4500 1376 4568 diligentibus
1430 4505 1523 4559 se?
1556 4506 1659 4561 Vos
1685 4521 1863 4566 autem
1893 4517 2066 4568 exlio-

494 4589 726 4641 norastis
774 4605 1083 4658 pauperem,
1115 4603 1320 4660 propter
1346 4593 1494 4646 illunt
1523 4598 1728 4660 scilicet,
1763 4603 1844 4653 cui
1870 4603 2062 4657 dictum

492 4687 566 4730 est
595 4691 615 4730 :
636 4677 714 4731 Tu
747 4689 826 4732 sta
859 4680 963 4733 illic
995 4698 1007 4734 :
1036 4697 1149 4734 cum
1173 4683 1371 4736 habenti
1400 4687 1611 4738 anulum
1641 4703 1849 4742 aureum
1873 4693 2064 4746 dictum

491 4779 638 4832 esset,
681 4769 760 4822 Tu
791 4771 918 4825 sedc
947 4771 1030 4826 hic
1074 4772 1230 4827 bene.
1261 4775 1331 4827 Ac
1356 4775 1538 4828 deinde
1563 4779 1803 4846 sequitur,
1836 4783 2062 4837 eamdem

489 4870 655 4927 ipsum
684 4865 976 4916 sententiam
1004 4866 1156 4918 latius
1182 4881 1406 4932 versans,
1440 4878 1486 4920 et
1513 4854 1777 4936 explicans
1805 4887 1823 4925 :
1848 4872 2057 4942 Nonne,

487 4953 670 5020 inquit,
714 4951 905 5006 divites
949 4969 1044 5021 per
1073 4956 1363 5022 potentiam
1395 4960 1703 5026 opprimunt
1729 4977 1843 5029 vos,
1876 4973 1929 5018 et
1956 4977 2062 5019 tra-

490 5041 626 5094 liunt
654 5042 719 5094 ad
744 5041 975 5110 judicia?
1003 5043 1190 5098 Nonne
1211 5047 1310 5115 ipsi
1338 5047 1710 5118 blaSpbemant
1737 5055 1934 5110 bonum
1961 5072 2059 5112 no-

489 5147 636 5198 men,
679 5133 819 5200 quod
852 5136 1150 5189 invocatum
1177 5145 1259 5191 est
1286 5147 1447 5214 super
1477 5143 1613 5195 vos?
1641 5143 1696 5198 Si
1735 5147 1950 5214 quidem
1981 5149 2060 5203 le-

486 5238 606 5290 gem
633 5225 884 5291 perticitis
915 5227 1144 5294 regalem
1176 5229 1466 5284 secundum
1489 5230 1836 5300 Scripturam,
1861 5237 2059 5309 Diliges

491 5313 791 5378 proximum
821 5324 964 5368 tuum
994 5317 1129 5370 sicut
1156 5319 1406 5386 teipsum,
1433 5320 1764 5378 bcnelacitis.
1794 5327 1848 5382 Si
1875 5338 2054 5384 autem

487 5403 728 5471 accipitis
775 5419 1052 5472 personas,
1083 5419 1354 5476 peccatum
1385 5414 1702 5481 operamini,
1731 5416 2002 5488 rcdarguti
2027 5434 2058 5472 a

551 5540 622 5604 (ᾳ)
657 5539 820 5589 Penes
863 5540 1081 5590 Martiae.
1135 5552 1186 5595 et
1228 5544 1412 5595 Erasm.
1482 5550 1675 5599 Fratres
1712 5553 1805 5604 mei
1842 5551 2053 5605 dilectis.

485 5608 592 5648 εῑθηι
600 5632 610 5642 .

2224 514 2457 581 pauperi,
2497 513 2590 568 Sta
2635 515 2764 570 illic.
2797 516 2870 590 (b)
2905 518 3053 576 Unde
3077 539 3142 577 ne
3169 535 3405 592 putarent
3430 538 3816 602 contemptibile

2222 615 2330 653 esse
2358 614 2644 670 peccatum,
2674 606 2730 658 in
2767 606 2865 661 hac
2903 624 3007 664 una
3034 628 3090 666 re
3113 612 3296 684 Legem
3322 623 3640 690 transgredi,
3668 641 3813 679 secn-

2221 698 2300 742 tus
2340 691 2578 760 adiunxit
2613 711 2632 747 :
2675 695 3008 769 Quicumque
3047 710 3210 757 totam
3251 705 3451 777 Legem
3483 717 3810 781 servaverit,

2219 779 2455 835 oll‘endat
2497 794 2671 839 autem
2704 787 2755 841 in
2787 803 2909 853 uno,
2955 791 3124 847 factus
3147 807 3228 850 est
3255 802 3498 856 omnium
3524 818 3680 860 reus.
3709 806 3812 874 Qui

2219 871 2362 925 enim
2393 872 2548 939 dixit,
2578 873 2694 931 Non
2725 879 3100 947 mwchaberis,
3140 885 3276 942 dixit
3303 898 3388 955 et,
3415 890 3533 946 Non
3565 871 3806 952 occidé.

2217 961 2375 1026 Quod
2401 964 2445 1018 si
2477 980 2584 1020 non
2610 970 2810 1024 occidis
2842 971 2933 1042 [aL
2981 977 3221 1049 occides],
3269 982 3558 1041 moecliaris
3596 999 3800 1058 autem,

2218 1052 2386 1105 factus
2411 1069 2470 1107 es
2499 1066 2861 1127 transgressor
2886 1062 3076 1132 Legis;
3100 1080 3305 1137 prapter
3327 1072 3383 1125 id
3409 1052 3800 1146 quoddixerat,

2216 1141 2501 1212 Redargnti
2529 1160 2558 1198 a
2584 1146 2746 1217 Lege,
2775 1153 2925 1220 quasi
2960 1164 3400 1226 transgressores.
3422 1141 3563 1228 Qui:
3587 1183 3708 1221 cum
3730 1141 3799 1223 ita

2214 1231 2338 1296 sint,
2370 1249 2676 1303 consequens
2704 1242 2921 1308 videtur,
2953 1244 3077 1312 (nisi
3099 1247 3202 1302 alio
3228 1252 3378 1304 modo
3404 1255 3800 1326 intelligendum

2214 1327 2548 1400 ostendatur,)
2577 1343 2632 1383 ut
2656 1334 2742 1401 qui
2770 1335 2952 1390 dixerit
2980 1338 3145 1407 diviti,
3175 1341 3314 1398 Sede
3341 1343 3450 1408 bie,
3478 1357 3526 1400 et
3554 1355 3797 1418 pauperi,

2213 1415 2304 1469 Sta
2345 1416 2472 1481 illic,
2507 1420 2626 1473 huic
2666 1422 2739 1495 (c)
2767 1441 2869 1479 non
2897 1428 3161 1496 honorem,
3186 1448 3331 1499 quem
3357 1435 3437 1488 illi
3462 1415 3719 1508 deferens,
3747 1455 3794 1496 et

2211 1503 2506 1574 idololatra,
2527 1519 2573 1562 et
2594 1510 2938 1583 blasphemus,
2957 1527 3005 1570 et
3029 1519 3249 1587 adulter,
3277 1534 3326 1576 et
3351 1503 3632 1597 homicida,
3660 1503 3714 1584 et-
3731 1551 3797 1587 ne

2210 1595 2227 1662 (
2243 1599 2378 1664 quod
2405 1599 2612 1668 longum
2641 1606 2752 1674 est)
2779 1617 2961 1661 cuncta
2983 1626 3385 1682 commemorem,
3414 1635 3533 1672 reus
3561 1625 3797 1678 omnium

2209 1688 2475 1743 criminum
2495 1693 2811 1761 judicandus
2854 1699 2940 1752 sit.
2987 1699 3275 1760 Olleudens
3309 1708 3497 1779 quippe
3533 1711 3590 1766 in
3638 1728 3747 1768 uno
3772 1755 3794 1780 ,

2210 1779 2379 1833 ﬂictus
2402 1793 2484 1835 est
2510 1787 2746 1840 omnium
2773 1804 2918 1845 reus.

2276 1872 2330 1924 4.
2370 1873 2436 1923 At
2477 1878 2608 1928 enim
2650 1880 2738 1948 qui
2766 1897 2919 1936 unum
2947 1886 3172 1941 virtutem
3218 1891 3383 1957 habet,
3411 1909 3585 1950 omnes
3615 1898 3786 1967 habet,

2205 1969 2250 2010 et
2278 1962 2361 2029 qui
2391 1979 2544 2017 unum
2583 1983 2684 2020 non
2726 1969 2893 2038 habet,
2938 1977 3137 2030 nullout
3175 1980 3343 2035 habet.
3381 1981 3494 2037 Hoc
3524 1987 3571 2038 si
3614 1962 3791 2042 verunt

2204 2059 2296 2113 est,
2328 2055 2659 2118 conﬁrmatur
2701 2061 2798 2114 ista
2837 2068 3104 2120 sententia.
3157 2070 3264 2124 Sed
3307 2089 3400 2143 ego
3441 2091 3554 2129 eam
3597 2083 3787 2150 exponi

2204 2141 2335 2206 volo,
2363 2158 2462 2197 non
2489 2149 2803 2217 confirmari,
2843 2171 2957 2224 qua:
2981 2175 3073 2226 per
3092 2161 3310 2229 seipsam
3333 2168 3476 2234 apud
3503 2184 3594 2222 nos
3618 2177 3785 2224 omni-

2203 2233 2295 2286 bus
2337 2237 2756 2308 philosOp/torum
2785 2250 3165 2306 auctoritatibus
3191 2233 3390 2320 firmior
3417 2268 3511 2311 est.
3546 2258 3612 2313 Et
3651 2264 3784 2316 illud

2201 2325 2402 2389 quidem
2431 2329 2494 2381 de
2517 2332 2802 2400 virtutibus,
2829 2347 2878 2389 et
2903 2339 3056 2402 vitiis,
3085 2343 3131 2395 si
3154 2348 3398 2400 veraciter
3427 2349 3636 2415 dicitur,
3682 2371 3780 2408 non

2199 2424 2270 2467 est
2295 2433 2622 2488 consequens,
2647 2434 2699 2477 ut
2719 2438 2925 2496 propter
2946 2431 3039 2483 hoc
3061 2435 3230 2487 omnia
3257 2449 3464 2504 peccata
3482 2443 3584 2494 sint
3607 2448 3774 2512 paria.

2202 2505 2337 2558 Nam
2364 2508 2494 2562 illttd
2519 2512 2580 2564 de
2599 2514 3024 2584 inseparabilitatc
3047 2524 3309 2590 virtutum,
3439 2531 3541 2582 nisi
3561 2505 3778 2600 forsitan

2194 2594 2368 2663 fallor,
2418 2607 2581 2654 tanten
2622 2605 2664 2655 si
2689 2620 2856 2659 verum
2882 2613 3104 2675 memini,
3133 2617 3268 2677 quod
3296 2617 3380 2670 vix
3406 2623 3638 2687 utemini,
3665 2641 3774 2678 ont-

2193 2686 2337 2740 nibus
2357 2691 2671 2757 philosophis
2697 2697 2905 2764 placuit,
2988 2703 3194 2774 1017
3267 2708 3353 2773 qui
3377 2711 3583 2764 easdem
3621 2686 3776 2768 virtu-

2193 2786 2284 2842 tes,
2310 2782 2519 2848 agendte
2547 2785 2662 2840 vitta
2689 2793 2994 2844 necessarias
3022 2811 3128 2847 esse
3163 2798 3420 2854 dixerunt.
3467 2801 3586 2857 Hoc
3607 2818 3772 2860 autem

2189 2867 2252 2918 de
2279 2871 2540 2936 parilitate
2563 2887 2881 2942 peccatorum
2907 2883 3004 2935 soli
3030 2883 3192 2938 Stoici
3227 2890 3339 2942 ausi
3365 2905 3485 2945 sunt
3510 2895 3773 2964 disputare

2189 2970 2365 3012 contra
2395 2979 2592 3018 onmem
2631 2985 2832 3022 sensum
2875 2975 3069 3042 generis
3119 2978 3330 3032 humani
3351 2998 3371 3043 ;
3414 2999 3570 3050 quant
3596 3003 3768 3042 eorum

2193 3054 2461 3109 vanitatem
2485 3059 2536 3110 in
2563 3059 2836 3116 Joviaiano
2861 3067 2954 3118 illo
2973 3068 3058 3135 qui
3085 3070 3134 3121 in
3167 3070 3262 3124 hac
3286 3078 3534 3130 sententia
3562 3079 3765 3136 Stoicus

2188 3153 2316 3210 erat,
2349 3146 2400 3198 in
2439 3152 2752 3218 aucupandis
2791 3164 2958 3208 autem
2983 3167 3029 3209 et
3053 3159 3377 3227 defensandis
3401 3167 3760 3236 voluptatibus,

2189 3233 2492 3302 Epicureus,
2521 3241 2584 3291 de
2622 3241 2901 3313 Scripturis
2938 3250 3127 3301 sanctis
3155 3233 3531 3309 dilucidissimc
3548 3261 3762 3314 convici-

2183 3327 2247 3378 sti
2275 3325 2471 3399 (contra
2507 3329 2767 3385 Iovinian.
2799 3335 2888 3388 lib.
2915 3337 2992 3407 2).
3022 3338 3088 3392 In
3112 3356 3212 3409 qua
3242 3353 3328 3395 tua
3354 3348 3654 3403 suavissima
3673 3391 3688 3412 ,
3715 3362 3761 3403 et

2185 3419 2576 3484 praeclarissima
2595 3423 2934 3491 disputatione
2959 3431 3084 3482 satis
3105 3432 3358 3486 evidenter
3378 3440 3639 3504 apparuit,
3663 3457 3761 3494 non

2184 3507 2437 3574 placuisse
2473 3514 2765 3566 auctoribus
2811 3519 3016 3580 nostris,
3064 3521 3140 3573 vel
3168 3523 3265 3583 ipsi
3307 3526 3480 3593 potius
3519 3544 3636 3596 qua
3675 3547 3761 3598 per

2182 3612 2266 3649 eos
2289 3599 2456 3650 locuta
2482 3611 2572 3666 est,
2605 3605 2819 3668 veritati,
2853 3609 3023 3660 omnia
3053 3626 3157 3663 esse
3179 3615 3325 3679 paria
3345 3625 3574 3683 peccata.
3619 3617 3758 3682 Quo.

2181 3688 2329 3740 modo
2355 3698 2518 3742 autem
2562 3691 2675 3758 fieri
2722 3697 2899 3763 possit,
2934 3707 2988 3749 ut
3029 3701 3180 3753 etiam
3219 3703 3264 3755 si
3292 3704 3386 3757 hoc
3408 3705 3472 3757 de
3497 3707 3758 3762 virtutibus

2181 3793 2348 3831 verum
2373 3789 2465 3845 est,
2505 3797 2607 3835 non
2635 3794 2802 3838 tamen
2830 3786 2944 3840 ideo
2971 3804 3213 3859 cogamur
3237 3795 3388 3861 fateri
3421 3797 3757 3864 aequalitatem

2181 3871 2405 3922 omnium
2450 3883 2791 3940 peccatorum,
2819 3889 3061 3947 quantum
3095 3883 3322 3950 possunt,
3349 3887 3627 3955 adjuvonte
3651 3890 3756 3944 Do.

2179 3961 2338 4025 mino,
2368 3965 2568 4031 aperire
2605 3968 2844 4024 conabor.
2888 3971 3035 4036 Quod
3074 3974 3119 4027 si
3158 3974 3390 4044 effecero,
3425 3980 3750 4050 approbabis,

2179 4051 2261 4103 ubi
2285 4067 2398 4105 vero
2436 4070 2605 4109 causa:
2627 4056 2852 4126 defuere,
2883 4071 2936 4114 tu
2959 4064 3235 4133 supplebis.

2247 4143 2300 4196 5.
2329 4142 2577 4199 Virtutum
2595 4153 3011 4207 cutena.—Certe
3023 4158 3142 4209 hinc
3157 4163 3478 4228 persuadent,
3497 4167 3582 4235 qui
3596 4183 3750 4222 unum

2175 4231 2401 4285 virtutem
2415 4235 2664 4304 habuerit,
2688 4240 2872 4295 habere
2890 4259 3082 4313 omnes,
3105 4258 3152 4300 et
3175 4266 3345 4305 omnes
3363 4255 3526 4310 deesse
3545 4256 3625 4309 cui
3639 4274 3743 4312 una

2176 4323 2390 4391 defuerit
2411 4327 2580 4394 ;quod
2600 4331 2868 4398 prudentia
2896 4351 2987 4388 nec
3013 4337 3213 4405 ignava,
3248 4358 3339 4395 nec
3357 4344 3540 4413 injusta
3561 4363 3648 4400 nec
3668 4349 3745 4402 in-

2175 4422 2455 4480 temperans
2475 4427 2632 4485 potest
2651 4435 2757 4474 esse
2777 4438 2796 4485 ;
2818 4439 2937 4477 nam
2953 4427 2998 4478 si
3027 4428 3221 4497 aliquid
3236 4431 3416 4484 horum
3435 4436 3606 4503 fuerit,
3622 4455 3748 4507 pru-

2174 4506 2343 4559 dentia
2372 4525 2471 4562 non
2505 4511 2616 4564 erit.
2647 4508 2808 4567 Porro
2830 4516 2876 4568 si
2903 4509 3171 4586 prudentia
3196 4533 3312 4576 tunc
3343 4527 3457 4588 erit,
3487 4530 3536 4581 si
3558 4539 3605 4583 et
3625 4506 3748 4601 for-

2176 4600 2258 4661 tis,
2285 4608 2330 4650 et
2349 4601 2511 4666 justa,
2535 4610 2580 4654 et
2606 4611 2889 4670 temperans
2913 4608 2999 4670 sit,
3025 4613 3252 4680 profecto
3276 4615 3356 4665 ubi
3376 4617 3547 4684 fuerit,
3571 4600 3745 4675 secum

2175 4689 2318 4741 habet
2343 4701 2567 4746 cteteras.
2601 4692 2688 4746 Sic
2718 4705 2764 4748 et
2792 4697 3037 4763 fortitudo
3061 4702 3350 4771 imprudens
3370 4722 3474 4757 esse
3505 4724 3607 4761 non
3635 4727 3738 4777 po-

2175 4788 2263 4831 test
2311 4781 2384 4832 vel
2437 4782 2776 4850 intemperans
2818 4789 2897 4840 vel
2936 4789 3146 4858 injusta.
3199 4794 3285 4848 Sic
3324 4804 3368 4847 et
3403 4801 3740 4864 temperantia

2171 4887 2365 4923 necesse
2384 4880 2475 4933 est,
2503 4883 2556 4924 ut
2588 4875 2807 4941 prudens
2837 4880 2980 4945 fortis
3013 4889 3059 4933 et
3083 4883 3229 4950 justo
3254 4885 3334 4937 sit.
3361 4883 3446 4937 Sic
3473 4895 3517 4938 et
3539 4890 3743 4956 iustitia

2171 4978 2269 5014 non
2299 4971 2390 5026 est,
2426 4962 2522 5014 nisi
2547 4968 2610 5015 sit
2640 4967 2881 5033 prudens,
2923 4969 3089 5036 fortis,
3126 4981 3176 5025 et
3213 4983 3513 5042 temperans.
3552 4975 3638 5031 Ita
3668 4981 3740 5048 (e)

2170 5052 2253 5104 ubi
2274 5061 2345 5104 est
2384 5067 2486 5105 una
2524 5069 2639 5106 vero
2675 5057 2846 5126 aliqua
2882 5075 3077 5127 earum,
3107 5071 3156 5114 et
3183 5063 3305 5116 alite
3340 5065 3574 5120 similiter
3600 5079 3736 5122 sunt.

2231 5189 2301 5249 (b)
2336 5187 2471 5259 Apud
2495 5187 2843 5239 Benedictinos
2869 5190 3015 5253 Vide,
3050 5198 3270 5256 typorum
3295 5202 3493 5259 tamen,
3525 5207 3575 5250 ut
3603 5201 3742 5253 vide-

2170 5256 2264 5298 tur.
2289 5250 2482 5298 mendo.

2237 5282 2692 5382 (ἓῑιιξξξξὸιῃωὶιωί
2718 5311 2932 5382 editores
2947 5347 2961 5371 ,
2991 5330 3014 5358 ι
3030 5313 3144 5382 huic
3160 5315 3453 5382 ampliorem
3476 5321 3710 5374 honorem
3725 5360 3740 5382 .

2168 5369 2311 5446 quam
2345 5369 2414 5418 illi
2429 5369 2681 5446 deferens.
2701 5388 2723 5416 ι
2753 5369 3070 5446 δετὶρδίεδθηξ
3103 5369 3280 5446 saltet}:
3303 5369 3738 5446 ordineitivelgb;

2177 5431 2198 5476 ά
2221 5431 2595 5506 ΙΙΙΙιίὶθεξιιηὶοςριῃ
2619 5431 2875 5506 tumorem,
2891 5435 3188 5506 quain‘huic,
3215 5454 3238 5482 ι
3270 5449 3370 5492 etc.

2231 5491 2308 5558 (d)
2333 5491 2671 5558 _I_3ened_ict_iu_is
2693 5492 2888 5558 placuit,
2908 5491 2999 5545 etsi
3018 5491 3239 5558 forsitan,
3265 5507 3368 5552 etc,

2232 5542 2303 5628 le)’
2333 5552 2672 5628 Benedictiui”,
2693 5542 2774 5603 ‘ita
2808 5542 3542 5628 ubiitera'estnalﬁideorum,
3571 5578 3664 5619 etc.
3691 5580 3734 5618 et

2170 5613 2310 5676 paulo
2331 5621 2452 5675 post,
2474 5626 2583 5663 vera
2606 5613 2688 5663 illa
2711 5629 2800 5664 non
2825 5645 2842 5666 ι
2858 5636 2864 5643 -
2878 5625 2910 5665 1.

3186 5765 3226 5772 ..ι
