3986 6184
100 252 221 311 UH

101 367 193 422 Ubi
227 374 391 419 autem
427 362 545 418 alia
577 362 775 426 desunt,
799 375 913 414 vera
935 374 1037 413 una
1067 359 1158 416 illa
1187 375 1287 415 non
1315 369 1408 428 est,
1437 362 1589 416 etiam
1615 362 1662 416 si

99 461 262 528 aliquo
289 456 438 511 modo
464 456 640 509 similis
665 469 770 508 esse
795 453 1048 507 videatur.

167 551 218 604 6.
242 548 376 601 Vilia
397 546 682 613 manifesta,
704 552 750 596 et
775 542 1009 611 palliata.
1027 572 1100 582 —
1115 541 1249 597 Sunt
1275 541 1428 605 enim,
1453 551 1509 594 ut
1529 542 1654 604 scis,

98 640 324 709 qua‘dam
351 637 467 691 vitia
492 635 755 686 virtutibus
776 643 952 702 aperta
979 632 1276 684 discretione
1303 631 1576 696 contraria,
1604 641 1662 683 ut

95 727 432 801 imprudentia
467 725 766 792 prudentice.
809 723 944 777 Sunt
980 732 1148 775 autem
1185 721 1418 791 quaedam
1465 730 1660 772 tantum

89 823 210 895 quia
239 819 356 872 vilia
389 825 526 878 sunt,
561 815 674 867 ideo
717 813 994 870 contraria,
1033 811 1252 880 quadam
1291 819 1456 863 tamen
1495 811 1663 880 specie

96 910 265 980 fallaci
291 905 498 965 similia,
538 915 592 957 ut
630 904 790 957 eidem
833 904 1114 972 prudentia:
1155 918 1254 955 non
1293 902 1658 970 imprudentia,

1410 245 1740 304 EPISTOLA
1777 247 2040 307 CXXXII.

3201 265 3340 326 ΗΕ

1767 365 2057 431 persuaderi
2085 374 2266 436 potest.
2300 366 2405 422 Sed
2436 368 2574 437 forte
2592 370 2788 426 acutius
2807 371 3118 430 intuentibus
3133 375 3339 445 ignavia

1763 465 1973 522 apparet
2000 457 2112 524 ipsa
2135 457 2341 524 duritia,
2365 459 2482 527 quia
2509 460 2729 514 laborem
2755 462 3001 517 bonorum
3027 467 3330 535 studiorum,

1762 542 1939 608 quibus
1981 560 2096 598 vera
2136 547 2415 615 acquiritur
2458 549 2723 619 fortitudo,
2763 551 3074 621 neglexerat.
3123 553 3336 610 Verum-

1763 642 1926 687 tamen
1951 636 2069 703 quia
2090 644 2206 690 sunt
2232 638 2446 691 audaces
2479 640 2566 707 qui
2594 640 2758 692 timidi
2791 657 2892 694 non
2918 651 3054 706 sunt,
3085 651 3132 696 et
3155 660 3337 698 rursus

1765 727 1927 779 timidi
1953 727 2131 796 quibus
2161 730 2296 782 abest
2333 730 2567 792 audacia,
2607 746 2724 783 cum
2745 731 2811 784 sit
2837 740 3102 800 utrumque
3137 733 3335 800 vitium,

1762 817 1999 882 quoniam
2035 818 2122 886 qui
2145 833 2262 871 vera
2297 819 2476 873 virtute
2515 822 2659 889 fortis
2700 830 2800 885 est,
2824 837 2915 874 nec
2939 833 3120 876 temere
3157 825 3334 890 audet,

1763 921 1854 960 nec
1897 907 2177 962 inconsulte
2219 910 2376 976 timet,
2425 911 2650 982 cogimur
2693 914 2844 982 fateri
2881 915 3003 966 vitia
3041 915 3192 985 plura
3229 931 3337 970 esse

95 1001 178 1054 sed
201 997 402 1050 astutia.
431 994 583 1048 Nunc
619 996 750 1046 enim
777 1009 886 1046 eam
921 993 1032 1044 dico
1070 992 1329 1052 astutiam,
1365 1007 1477 1058 qua:
1502 992 1662 1044 usita-
1752 996 2038 1049 uirtutibus.

96 1094 188 1143 tius
212 1090 264 1140 in
294 1086 560 1139 malitiosis
585 1084 797 1152 intelligi
821 1093 866 1135 et
897 1082 1065 1136 vocari
1087 1083 1250 1147 solet;
1281 1098 1379 1135 non
1413 1083 1537 1134 sicut
1567 1097 1666 1135 no-

93 1191 193 1233 stra
219 1177 357 1246 loqui
393 1177 661 1246 Scriptura
698 1175 972 1238 consuevit,
1008 1188 1128 1244 qua!
1159 1188 1296 1240 stepe
1331 1175 1568 1226 astutiam
1605 1174 1660 1226 in

93 1271 214 1321 bono
241 1267 402 1332 ponit.
441 1265 603 1324 Unde,
633 1273 804 1318 estote
831 1264 1014 1328 astuti,
1046 1273 1105 1317 ut
1133 1273 1409 1332 serpentes
1441 1263 1662 1331 (Matth.

91 1360 172 1411 10.
222 1355 356 1421 16);
407 1364 454 1407 ει
499 1354 628 1407 illud
662 1353 734 1408 Ut
770 1363 824 1408 et
865 1353 1240 1407 innocentibus
1277 1352 1368 1407 det
1409 1354 1658 1407 astutiam

92 1448 268 1516 (Prov.
303 1447 352 1499 ί.
381 1446 467 1512 4).
511 1443 816 1514 Quanquam
859 1452 906 1496 et
940 1443 1081 1509 apud
1124 1442 1240 1496 illos
1278 1443 1524 1497 Romam!
1561 1444 1662 1496 lin-

87 1553 193 1608 qua:
214 1534 288 1606 (a)
317 1535 680 1588 disertissimus
701 1533 884 1586 dixerit
911 1548 930 1586 :
957 1532 1139 1602 Neque
1169 1533 1242 1586 illi
1271 1541 1446 1587 tamen
1475 1531 1542 1586 ad
1567 1547 1660 1586 ca-

86 1627 306 1682 vendum
351 1624 516 1679 dolus
557 1633 649 1677 aut
676 1624 870 1677 astutia
900 1622 1156 1687 deerant;
1187 1624 1426 1674 astutiam
1469 1637 1662 1690 ponens

83 1722 130 1774 in
155 1719 302 1781 bono,
334 1716 434 1770 sed
471 1713 610 1784 apud
643 1715 762 1768 illos
786 1715 1123 1776 rarissimum,
1155 1714 1294 1782 apud
1322 1723 1520 1767 nostros
1545 1715 1656 1781 fre-

81 1808 464 1881 quentissimusn
507 1814 599 1858 est.
638 1803 866 1870 Itemque
908 1803 960 1856 in
1004 1803 1232 1870 partibus
1273 1807 1654 1872 temperantiae,

81 1899 411 1968 apertissime
455 1895 712 1949 contraria
742 1903 813 1946 est
853 1892 1034 1958 effusio
1062 1893 1405 1959 parcimonite.
1431 1893 1509 1946 Ea
1541 1909 1659 1948 vero

75 2004 181 2057 quae
201 1987 460 2041 tenacitas
485 1984 584 2036 dici
613 1982 766 2053 vulgo
795 1982 938 2042 solet,
962 1982 1142 2035 vitium
1195 1983 1405 2052 1018
1459 1983 1658 2052 quidem

75 2088 157 2144 est,
181 2088 345 2131 tamen
394 2073 744 2144 parcimonite
781 2071 966 2136 simile,
1005 2087 1108 2123 non
1148 2080 1350 2131 natura,
1385 2071 1473 2124 sed
1505 2073 1659 2141 falla-

72 2173 262 2226 cissima
282 2169 490 2238 specie.
517 2164 648 2219 Item
679 2161 1089 2217 dissimilitudine
1114 2163 1382 2230 manifesta
1402 2165 1660 2216 contraria

72 2273 138 2314 est
163 2259 433 2329 injustititz
457 2256 696 2325 justitite.
734 2252 878 2308 Solet
911 2262 1074 2306 autem
1111 2253 1255 2320 quasi
1281 2252 1470 2304 imitari
1498 2253 1657 2319 justi-

69 2354 183 2404 tium
208 2348 522 2404 vindicandi
542 2363 595 2399 se
623 2345 800 2408 libido,
839 2344 926 2396 sed
946 2344 1119 2396 vitiant
1144 2351 1234 2396 est.
1278 2340 1488 2408 Ignavia
1515 2344 1661 2411 forti-

71 2443 220 2496 tudini
246 2441 532 2512 perspicue
559 2437 817 2490 contraria
846 2442 918 2488 est
947 2449 965 2486 :
996 2433 1184 2485 duritia
1222 2447 1337 2485 vero
1375 2432 1526 2486 distat
1565 2449 1658 2485 na-

71 2543 212 2596 tura,
273 2529 435 2600 falli:
495 2525 844 2580 similitudine.
905 2523 1197 2576 Constantia
1253 2539 1373 2590 pars
1425 2523 1658 2589 quaedam

68 2623 257 2676 virtutis
291 2630 386 2686 est,
449 2619 510 2670 ab
541 2618 635 2670 hac
663 2615 1000 2669 inconstantia
1039 2615 1188 2684 longe
1221 2613 1474 2678 abhorret,
1505 2625 1550 2667 et
1584 2615 1656 2668 in-

74 2715 209 2768 dubie
235 2724 412 2767 contra
434 2711 564 2764 sistit
590 2725 608 2761 :
636 2707 914 2776 pertinacia
940 2722 1053 2760 vero
1081 2706 1363 2758 constantia
1387 2706 1489 2758 dici
1516 2704 1660 2772 affe-

83 2816 194 2868 ctal,
239 2817 284 2858 et
329 2821 439 2856 non
483 2809 590 2866 est,
631 2799 752 2868 quia
798 2796 892 2851 illa
930 2807 1001 2852 est
1029 2798 1206 2863 virtus,
1251 2797 1346 2850 hoc
1385 2794 1478 2868 [aL
1525 2796 1655 2869 [nec]

82 2898 266 2949 vitium.

133 2989 180 3040 7.
233 2986 302 3041 Ut
344 3001 466 3055 ergo
505 2998 606 3036 non
660 2983 844 3035 iterum
879 2980 986 3033 lucc
1045 2980 1220 3034 eadem
1268 2996 1659 3034 commemorare

81 3093 271 3132 necesse
297 3077 387 3139 sit,
418 3074 637 3140 exempli
658 3075 823 3142 gratia
859 3088 1106 3140 ponamus
1128 3073 1342 3142 aliquid,
1366 3072 1500 3124 unde
1535 3089 1657 3141 pos-

81 3172 170 3221 sint
189 3179 377 3222 caetera
399 3162 634 3231 intelligi,
662 3161 902 3225 Catilina,
929 3171 982 3214 ut
1006 3163 1066 3214 de
1101 3163 1190 3214 illo
1216 3162 1526 3230 scripserunt
1552 3161 1650 3231 (b),

80 3260 158 3326 qui
181 3273 333 3312 nosse
355 3261 650 3326 potuerunt,
681 3253 865 3323 frigus,
894 3253 1050 3316 sitim,
1075 3253 1259 3318 famem
1286 3256 1418 3322 ferre
1437 3263 1653 3320 poterat,

77 3359 275 3416 eratque
301 3345 504 3418 patiens
525 3344 728 3406 inediae,
753 3344 960 3412 algoris,
993 3344 1177 3412 vigilia:
1196 3359 1350 3411 supra
1376 3359 1526 3411 quant
1550 3344 1658 3396 cui-

76 3456 218 3505 quam
246 3435 496 3490 credibile
523 3443 615 3496 est,
643 3448 703 3485 ac
740 3449 828 3502 per
867 3433 980 3497 Itoc,
1020 3443 1066 3484 et
1102 3431 1213 3495 sibi,
1255 3442 1300 3485 et
1334 3434 1440 3486 suis
1473 3451 1657 3503 magna

75 3529 320 3596 prtrditus
347 3523 648 3594 fortitudine
672 3522 950 3575 videbatur-
980 3522 1084 3574 Sed
1118 3522 1223 3574 lucc
1263 3523 1507 3589 fortitudo
1535 3541 1658 3592 pru-

73 3619 192 3671 dens
211 3634 316 3671 non
343 3623 478 3676 erat,
502 3613 636 3666 mala
655 3613 786 3666 enim
808 3629 900 3682 pro
922 3613 1062 3666 bonis
1095 3612 1321 3682 eligebat.
1349 3612 1654 3682 Temperans

74 3725 168 3760 non
200 3717 336 3771 erat,
367 3704 668 3762 corruptelis
691 3703 822 3756 enim
848 3703 1147 3770 turpissimis
1173 3702 1474 3772 fwdubatur.
1504 3701 1538 3754 J
1544 3713 1656 3756 usta

72 3815 168 3849 non
194 3807 328 3862 erat,
355 3813 480 3848 nam
502 3803 675 3847 contra
701 3795 916 3862 patriam
941 3793 1306 3862 conjuravernt.
1344 3791 1404 3843 lit
1435 3793 1544 3846 ideo
1565 3809 1654 3846 nec

71 3889 319 3956 fortitudo
347 3893 484 3948 erat,
502 3884 589 3936 sed
614 3884 800 3935 duritia
819 3883 935 3946 sibi,
956 3892 1012 3934 ut
1035 3883 1215 3934 stultos
1234 3882 1452 3950 falleret,
1473 3899 1655 3935 nomen

67 3979 390 4046 fortitudinis
446 3973 754 4041 imponebat.
802 3971 941 4024 Nam
991 3974 1036 4024 si
1075 3972 1318 4038 fortitudo
1364 3981 1506 4029 esset.
1555 3988 1655 4023 non

66 4072 263 4133 vitium,
291 4067 388 4122 sed
420 4065 581 4116 virtus
601 4071 746 4116 esset.
772 4061 831 4115 Si
851 4071 1016 4112 autem
1047 4061 1204 4113 virtus
1231 4068 1378 4125 esset,
1410 4077 1440 4112 a
1465 4061 1655 4114 ueteris

67 4161 337 4212 virtutibus
363 4166 611 4222 tanquam
645 4150 1062 4221 inseparabilibus
1085 4150 1348 4204 comitibus
1398 4166 1657 4220 nunquam

63 4253 463 4321 relinqueretur.

134 4343 188 4394 8.
235 4340 577 4406 Quapropter
601 4332 724 4386 dum
748 4333 988 4397 quterilur
1013 4332 1164 4384 etiam
1198 4331 1261 4384 de
1289 4331 1444 4394 vitiis,
1485 4341 1656 4384 utrum

64 4433 172 4490 ipsa
194 4430 445 4485 similiter
472 4425 641 4478 omnia
665 4425 782 4489 sint,
810 4422 894 4476 ubi
913 4437 1070 4474 unum
1095 4423 1188 4475 erit
1211 4438 1228 4486 ;
1254 4430 1344 4474 aut
1369 4421 1515 4475 nulla
1534 4421 1652 4486 sint,

65 4523 146 4574 ubi
186 4539 350 4576 unum
389 4534 497 4572 non
536 4517 649 4580 erit,
691 4515 994 4568 laboriosum
1035 4523 1105 4566 est
1142 4513 1197 4566 id
1222 4514 1500 4575 ostendere,
1535 4529 1654 4580 pro-

64 4624 231 4682 pterea
267 4613 398 4683 quia
439 4608 530 4662 uni
569 4607 739 4659 virtuti
762 4605 862 4656 duo
884 4605 998 4656 vilia
1023 4605 1209 4672 opponi
1235 4606 1414 4665 solent,
1448 4613 1494 4656 et
1525 4601 1656 4670 quod

64 4715 236 4772 aperte
286 4700 613 4756 contrarium
663 4705 764 4762 est,
815 4704 862 4747 et
910 4694 1043 4764 quod
1091 4694 1254 4763 specie
1303 4693 1649 4746 similitudinis

61 4796 426 4849 adumbratur.
467 4787 615 4843 Unde
646 4788 716 4857 (c)
742 4785 832 4839 illa
859 4784 1105 4847 Catilinae,
1135 4785 1255 4853 quia
1273 4783 1516 4852 fortitudo
1557 4797 1656 4834 non

63 4895 187 4948 erat,
219 4899 338 4950 qua:
366 4887 523 4942 esset,
551 4893 666 4931 cum
702 4890 870 4928 secum
896 4873 1098 4925 virtutes
1134 4872 1260 4924 alias
1288 4887 1387 4924 non
1422 4870 1654 4936 habebat,

62 4975 268 5043 facilius
291 4971 589 5025 videbatur.
623 4965 768 5030 Quod
795 4979 908 5016 vero
931 4961 1128 5029 ignavia
1157 4959 1328 5026 fuerit,
1360 4959 1442 5010 ubi
1465 4960 1655 5012 exerci-

64 5067 185 5117 tatio
214 5063 475 5127 quaslibet
514 5057 830 5128 gravissimas
874 5050 1126 5104 molestias
1163 5048 1470 5116 perpetiendi
1509 5057 1658 5116 atque

63 5153 339 5218 tolerandi,
371 5164 538 5218 supra
561 5161 712 5216 quam
737 5144 967 5212 cuiquam
991 5139 1226 5193 credibile
1250 5147 1342 5203 est,
1370 5137 1489 5206 fuit,
1524 5151 1656 5204 egre

123 5329 211 5395 (af
235 5325 516 5395 Sallustius
552 5323 599 5371 in
630 5319 829 5395 Catilina
850 5315 1150 5395 (iapilgVI.
1173 5314 1299 5376 apud
1320 5325 1467 5376 quem
1490 5321 1652 5361 tamen

66 5379 142 5438 est
167 5379 386 5450 plurium
412 5379 831 5450 u_um.eri_)__astutia:
856 5379 1071 5450 deerant:
1197 5449 1205 5450 ί
1252 5448 1261 5450 Α
1285 5434 1435 5450 μεη-
1459 5432 1590 5450 2“):

128 5432 384 5509 (cij'i‘déiji
423 5445 495 5509 de
519 5441 720 5492 Catilina
753 5453 858 5501 cap.
896 5439 968 5509 ν..
993 5434 1439 5509 «Corpusmpatiens
1459 5432 1650 5509 inedia,

62 5495 281 5570 ueniae:
310 5495 531 5570 amris.
555 5495 875 5570 summurn
895 5501 1074 5570 cuque
1107 5495 1648 5570 seduxisset

128 5553 496 5632 ἱῶῗλὶςέῗᾳιιο
517 5553 672 5632 penes
690 5553 1056 5620 Bénediciinés,
1090 5575 1122 5606 ι
1135 5556 1214 5606 illa
1231 5554 1432 5606 Catilina
1453 5553 1649 5614 duritia,

63 5627 469 5693 quia'fortitudo,
489 5641 512 5668 ιι
544 5631 638 5672 etc.

1836 1086 1890 1141 9.
1973 1089 2181 1160 1019
2255 1089 2402 1146 Unde
2444 1093 2718 1164 aliquando
2760 1095 2934 1148 vitium
2957 1095 3088 1150 vitio
3118 1096 3333 1163 tollitur,

1763 1188 1819 1231 ut
1845 1195 2014 1233 amore
2044 1181 2212 1234 laudis
2239 1199 2382 1236 amor
2410 1186 2652 1252 pecunia.
2680 1186 2968 1254 Aliquando
3000 1202 3156 1238 unum
3181 1187 3332 1252 cedit,

1763 1276 1819 1320 ut
1845 1269 1992 1336 plura
2019 1271 2317 1335 succedant,
2336 1273 2470 1324 velu‘t
2507 1273 2593 1340 qui
2632 1273 2854 1326 ebriosus
2893 1276 3068 1341 fuerit,
3095 1274 3142 1328 si
3166 1275 3333 1327 modi-

1762 1373 1877 1412 cum
1907 1360 1982 1427 (d)
2016 1359 2208 1423 biberit,
2237 1369 2282 1413 et
2311 1362 2644 1427 tenacitatem,
2667 1371 2714 1415 et
2733 1362 3050 1416 ambitionem
3077 1363 3330 1422 didicerit.

1763 1448 1990 1505 Possunt
2017 1452 2184 1515 itaque
2215 1453 2336 1504 vitia
2364 1453 2514 1506 etiam
2551 1455 2726 1506 cedere
2760 1454 2892 1507 vitiis
2932 1455 3328 1519 sitccedentibus,

1764 1558 1864 1596 non
1892 1543 2174 1606 virtutibus,
2205 1551 2252 1595 et
2277 1543 2389 1596 ideo
2417 1543 2565 1610 plura
2592 1553 2726 1597 sunt.
2766 1543 2936 1597 Virtus
2964 1560 3080 1597 vero
3107 1561 3204 1614 quo
3230 1561 3334 1597 una

1761 1631 1983 1699 ingressa
2012 1630 2183 1699 fuerit,
2211 1633 2446 1701 quoniam
2484 1649 2652 1685 secum
2679 1642 2888 1685 crateras
2913 1634 3074 1696 ducit,
3101 1638 3334 1703 profecto

1762 1721 1882 1772 vitia
1908 1721 2080 1772 cedent
2105 1722 2273 1772 omnia
2312 1737 2636 1789 quaecumque
2663 1723 2880 1775 inerant.
2912 1723 3031 1776 Non
3058 1723 3189 1777 enim
3220 1739 3334 1775 om-

1762 1813 1847 1864 nia
1889 1811 2106 1875 inerant,
2155 1813 2246 1864 sed
2284 1811 2557 1878 aliquando
2598 1813 2824 1879 totidem,
2865 1814 3139 1875 aliquando
3183 1814 3334 1882 plura

1761 1895 2102 1968 paucioribus,
2135 1899 2212 1951 vel
2237 1901 2480 1967 pauciora
2505 1901 2736 1968 pluribus
2759 1901 3105 1954 succedebant.

1834 1989 1921 2043 10.
1965 1989 2089 2043 litec
2114 1999 2284 2042 utrum
2309 1991 2380 2043 ita
2412 2007 2466 2044 se
2493 1991 2726 2054 habeant,
2756 1992 3044 2061 diligentius
3072 1993 3332 2060 inquiren-

1762 2082 1878 2134 dum
1905 2093 1998 2136 est.
2031 2081 2149 2135 Non
2173 2083 2306 2135 enim
2326 2091 2372 2134 et
2397 2084 2494 2134 ista
2522 2083 2691 2134 divina
2717 2083 2960 2134 sententia
2981 2090 3055 2134 est
3078 2099 3178 2151 qua
3205 2084 3334 2135 dici-

1762 2186 1844 2228 tur
1871 2189 1890 2227 :
1916 2175 2014 2238 Qui
2042 2191 2197 2227 unam
2222 2175 2450 2226 virtutem
2479 2173 2728 2235 habuerit,
2760 2188 2930 2226 omnes
2970 2173 3152 2237 habet;
3191 2174 3334 2242 eique

1761 2265 1904 2318 nulla
1927 2266 2077 2328 inest,
2107 2265 2188 2317 cui
2210 2281 2312 2316 una
2338 2264 2552 2333 defuerit
2579 2278 2599 2314 :
2625 2263 2712 2315 sed
2740 2263 3024 2315 hominibus
3049 2264 3144 2316 hoc
3167 2264 3328 2317 visum
3361 2284 3364 2286 ν

1761 2365 1853 2417 εει,
1898 2355 2110 2407 multum
2153 2354 2353 2419 quidem
2397 2352 2688 2421 ingeniosis,
2730 2352 2989 2412 studiosis,
3035 2351 3124 2405 sed
3164 2362 3331 2406 tamen

1761 2445 2064 2499 hominibus.
2089 2445 2200 2515 Ego
2226 2461 2340 2498 vero
2367 2445 2532 2497 nescio
2557 2443 2977 2510 quemadmodum
2997 2444 3181 2496 dicam.
3209 2443 3331 2496 Non

1760 2538 1873 2590 dico
1899 2540 2059 2590 virum
2085 2555 2116 2589 a
2146 2553 2245 2608 quo
2274 2537 2596 2589 denominata
2633 2536 2818 2588 dicitur
2848 2536 3026 2595 virtus,
3060 2535 3149 2588 sed
3176 2537 3328 2588 etiam

1759 2628 2016 2682 mulierem
2037 2643 2148 2691 quis
2168 2628 2274 2680 viro
2299 2643 2391 2681 suo
2420 2637 2584 2680 servat
2617 2627 2750 2678 thori
2776 2625 2950 2693 ﬁdem,
2979 2625 3024 2678 si
3048 2625 3143 2678 hoc
3171 2626 3332 2696 faciat

1761 2727 1963 2787 propter
1991 2727 2295 2787 prleceptum
2328 2726 2375 2769 ει
2405 2718 2708 2786 promissum
2746 2717 2840 2768 Dei
2866 2715 2959 2786 (ε),
2986 2718 3128 2785 eique
3154 2719 3331 2782 primi-

1760 2817 1839 2862 tus
1862 2809 1925 2862 sit
1965 2808 2150 2875 ﬁdelis,
2192 2824 2293 2860 non
2324 2806 2506 2859 habere
2547 2807 2863 2874 pudicitiam,
2898 2817 2986 2859 aut
3032 2807 3329 2874 pudicitiam

1759 2897 1952 2950 nullam
1988 2898 2064 2950 vel
2089 2913 2293 2963 parvam
2327 2912 2434 2949 esse
2459 2898 2710 2950 virtutem.
2755 2895 2844 2949 Sic
2881 2904 2928 2949 et
2970 2897 3208 2948 maritum
3241 2897 3332 2964 qui

1760 2988 1852 3040 hoc
1880 2988 2008 3038 idem
2043 2995 2205 3039 servat
2248 2986 2412 3040 uxori.
2455 2984 2520 3037 Et
2561 2993 2724 3037 tamen
2769 2995 2885 3037 sunt
2926 2984 3130 3053 plurimi
3177 2985 3324 3048 tales,

1759 3093 1968 3146 quorum
1999 3077 2106 3128 sine
2143 3076 2310 3143 aliquo
2349 3083 2549 3140 peccato
2591 3089 2696 3127 esse
2733 3074 2980 3126 neminem
3011 3075 3246 3139 dixerim,
3279 3083 3328 3126 et

1759 3166 1928 3232 utique
1947 3164 2072 3218 illud
2099 3167 2454 3233 qualecumque
2484 3173 2742 3232 peccatum
2762 3180 2824 3217 ex
2842 3164 3012 3230 aliquo
3033 3164 3149 3216 vitio
3173 3164 3324 3217 venit.

1764 3254 1910 3309 Unde
1939 3254 2178 3320 pudicitia
2205 3253 2487 3321 coniugalis
2513 3255 2564 3304 in
2593 3254 2710 3305 viris
2739 3254 3033 3323 feminisque.
3057 3255 3324 3322 religiosis,

1758 3359 1872 3395 cum
1904 3340 2233 3410 proculdubio
2263 3341 2416 3394 virtus
2454 3342 2540 3405 sit,
2578 3358 2676 3394 non
2704 3343 2830 3393 enim
2867 3352 2952 3392 aut
2980 3342 3108 3394 nihil
3134 3351 3220 3393 aut
3249 3344 3320 3394 vi.

1759 3435 1883 3485 tium
1911 3442 2001 3492 est,
2037 3450 2137 3484 non
2167 3443 2332 3484 tamen
2372 3447 2539 3484 secum
2570 3432 2715 3483 liabet
2739 3447 2906 3484 omnes
2937 3433 3156 3485 virtutes.
3188 3432 3326 3485 Nam

1757 3525 1797 3576 si
1827 3539 1996 3575 omnes
2040 3522 2104 3574 ibi
2148 3531 2330 3584 essent,
2380 3521 2578 3574 nullum
2625 3531 2750 3575 esset
2792 3522 2965 3574 vitium
2997 3538 3016 3576 :
3043 3524 3087 3576 si
3127 3523 3325 3577 nullum

1756 3613 1950 3677 vitium,
1979 3613 2176 3665 nullum
2205 3611 2408 3664 omnino
2449 3621 2727 3679 peccatum.
2764 3610 2862 3676 Qui
2899 3623 3063 3666 autem
3092 3615 3199 3666 sine
3225 3615 3327 3668 ali-

1755 3719 1853 3771 quo
1883 3712 2083 3770 peccato
2125 3702 2244 3754 est?
2287 3701 2410 3766 Quis
2454 3717 2570 3769 ergo
2607 3703 2716 3754 sine
2757 3704 2926 3770 aliquo
2967 3703 3104 3766 vitio,
3136 3704 3189 3755 id
3228 3713 3322 3768 est,

1757 3792 1928 3862 fomite
1952 3790 2169 3859 quodam
2193 3789 2270 3841 vel
2294 3789 2437 3853 quasi
2465 3790 2635 3840 radice
2663 3791 2874 3856 peccati,
2907 3805 3018 3840 cum
3040 3792 3218 3840 clamet
3240 3792 3327 3856 qui

1755 3898 1909 3950 supra
1939 3892 2107 3948 pectus
2148 3879 2351 3932 Domini
2377 3879 2689 3930 recumbebat
2724 3891 2743 3929 :
2770 3878 2824 3929 Si
2869 3877 3162 3930 dixerimus
3199 3880 3325 3947 quia

1758 3979 2029 4038 peccatum
2086 3983 2191 4022 non
2236 3968 2526 4032 habemus,
2573 3982 2670 4020 nos
2711 3969 2856 4036 ipsos
2910 3967 3204 4036 decipimus
3243 3969 3324 4040 (ί.

1756 4058 1914 4113 Joan.
1949 4060 1997 4112 1.
2028 4060 2108 4124 8),
2139 4068 2193 4112 et
2217 4059 2410 4112 veritas
2452 4059 2502 4110 in
2535 4058 2688 4110 nobis
2718 4073 2823 4110 non
2865 4060 2987 4111 est?
3029 4057 3205 4124 Neque
3229 4059 3326 4112 hoc

1757 4150 1895 4220 apud
1943 4160 1989 4202 te
2031 4149 2222 4202 diutius
2267 4149 2516 4217 agendum
2565 4157 2658 4213 est,
2703 4147 2792 4200 sed
2835 4156 3042 4216 propter
3081 4147 3210 4202 alios
3236 4147 3326 4216 qui

1758 4244 1886 4309 forte
1911 4241 2005 4292 hoc
2029 4238 2258 4307 legerint,
2288 4238 2420 4291 dico.
2454 4235 2592 4289 Nam
2620 4247 2672 4290 tu
2699 4237 2899 4306 quidem
2935 4239 2988 4290 in
3020 4238 3191 4291 eodem
3213 4239 3326 4309 ipso

1757 4347 1907 4400 opere
1931 4330 2195 4399 splendido
2227 4339 2401 4382 contra
2424 4327 2770 4391 Iovinianum,
2797 4329 2947 4381 etiam
2974 4330 3066 4382 hoc
3087 4330 3150 4384 de
3177 4329 3327 4384 Scri-

1758 4423 1918 4492 pturis
1963 4421 2148 4475 sanctis
2187 4420 2454 4489 diligenter
2496 4421 2718 4489 probasti
2755 4435 2773 4474 :
2816 4421 2901 4474 ubi
2943 4423 3089 4475 etiam
3132 4437 3195 4475 ea:
3228 4421 3326 4476 hac

1756 4514 1866 4583 ipsa
1893 4512 2104 4581 epistola
2129 4527 2149 4564 :
2169 4513 2316 4576 cuius
2341 4512 2488 4564 verba
2524 4521 2660 4577 sunt,
2703 4517 2917 4581 quorum
2954 4527 3088 4564 nunc
3124 4512 3328 4566 intelle-

1756 4614 1888 4655 ctum
1915 4602 2213 4672 requirimus
2241 4601 2451 4670 posuisti
2485 4604 2618 4670 quod
2643 4605 2887 4670 scriptum
2909 4610 2982 4652 est
3014 4615 3033 4650 :
3062 4599 3115 4651 In
3145 4601 3323 4654 multis

1755 4694 1896 4748 enim
1935 4691 2251 4748 oﬂ'endimus
2283 4706 2470 4745 omnes
2500 4689 2636 4761 (.lac.
2679 4691 2731 4744 5.
2778 4687 2855 4758 ‘2).
2907 4686 3028 4740 Non
3057 4688 3189 4739 enim
3227 4694 3322 4753 ait,

1756 4786 2043 4852 offenditis,
2071 4786 2159 4839 sed
2183 4785 2500 4838 oilendiuius
2533 4800 2722 4846 omnes,
2761 4798 2876 4835 cum
2894 4779 3080 4835 Christi
3105 4782 3326 4848 loquere-

1758 4885 1839 4927 tur
1863 4877 2151 4945 Apostolus,
2185 4883 2230 4926 et
2257 4891 2371 4926 cum
2393 4874 2484 4926 hoc
2516 4873 2624 4924 loco
2651 4872 2786 4924 dicat
2817 4887 2836 4924 :
2865 4867 3195 4938 Quicumque
3221 4886 3322 4923 au-

1756 4977 1862 5021 tem
1956 4965 2164 5036 1020
2253 4972 2414 5015 totum
2465 4961 3035 5028 Legemservaverit,
3088 4959 3326 5015 ollendat

1757 5067 1929 5110 autem
1969 5058 2020 5107 in
2050 5068 2175 5114 uno,
2210 5052 2379 5106 factus
2409 5061 2492 5105 est
2520 5051 2754 5103 omnium
2786 5066 2908 5104 reus
2931 5048 3073 5117 (Jac.
3106 5049 3160 5102 2.
3202 5048 3319 5119 i0).

1821 5310 1898 5371 (Δ)
1934 5306 2149 5371 Martian.
2176 5310 2285 5366 post
2301 5304 2436 5371 Eras.
2471 5320 2492 5348 ι
2513 5303 2552 5351 si
2575 5302 2814 5371 [vindicum
2837 5302 3011 5350 bibere
3028 5337 3044 5362 ,
3068 5309 3156 5352 ets
3187 5299 3320 5363 (fort.

1756 5363 1840 5430 ex)
1874 5363 1894 5415 ἆ
1915 5363 2532 5430 tenacitateetambitique
2556 5363 2796 5430 didicerit.

1820 5423 1887 5490 (ε)
1925 5429 2076 5478 [idem
2095 5440 2203 5492 cum
2220 5426 2329 5475 aliis
2329 5424 2600 5492 lucrisque
2626 5423 3322 5492 editis,‘et_qme_._lmpress_atn

1757 5483 2016 5552 lectionem
2037 5483 2640 5552 restituunt_}_3enedi_cti_ni
2667 5483 2966 5552 .ex_(luolius
2997 5483 3123 5533 Mssf
3134 5485 3214 5546 qui
3239 5485 3320 5552 iti-

1755 5551 1953 5658 deilnDin
1989 5549 2144 5598 tribus
2178 5547 2286 5598 aliis
2314 5545 2557 5598 Vaticanis
2577 5543 2679 5605 legi
2703 5544 2956 5607 aduotant,
2981 5554 3025 5596 et
3062 5543 3170 5606 cui,
3193 5544 3321 5596 sciti.

1761 5625 1818 5658 ce
1907 5623 1982 5658 00.

1761 5619 1982 5660 εειι)υο.
