3986 6184
109 262 238 321 1165

104 380 320 447 Propter
350 368 489 443 quod
518 369 721 431 vitium,
767 367 812 420 si
856 363 1129 420 dixerimus
1151 400 1167 427 ,
1223 362 1342 435 quia
1395 370 1649 432 peccatum

38 526 39 529 η
101 482 201 519 non
252 465 501 525 habemus,
558 456 878 522 nosmetipsos
927 454 1241 517 seducimus,
1288 460 1334 504 et
1382 452 1561 503 ueritas
1598 450 1651 502 in

98 555 237 609 nobis
286 569 381 607 non
424 559 495 603 est
540 548 560 616 (
588 550 637 601 1.
667 545 824 599 Joan.
846 546 896 599 1.
924 544 1015 612 8).
1054 543 1278 612 Propter
1297 540 1440 611 quod
1468 542 1651 606 etiam,

98 642 475 715 quantumlibet
518 636 923 705 profecerimus,
972 633 1334 688 necessarium
1377 640 1461 685 est
1502 631 1655 686 nobis

96 737 290 795 dicere,
337 731 541 784 Dimitte
596 728 735 781 nobis
783 727 947 780 debita
989 734 1160 778 nostra
1207 723 1423 792 (Matth.
1456 721 1650 792 6.12),

95 841 212 880 cum
245 825 355 893 jam
396 824 573 875 omnia
625 821 675 873 in
729 819 1014 887 baptisom,
1042 816 1205 879 dicta,
1241 815 1401 877 facta,
1427 814 1655 883 cogitata

96 915 307 969 dimissa
337 912 462 966 sint.
495 909 570 980 (a)
606 909 762 963 Videt
799 909 998 976 itaque,
1026 907 1116 974 qui
1144 914 1291 958 recte
1321 904 1485 965 videt,
1517 902 1655 957 unde

97 1015 149 1060 et
175 1002 384 1073 quando
412 1012 467 1056 et
490 1001 579 1053 ubi
619 999 882 1067 Speranda
912 998 982 1051 sit
1009 998 1095 1050 illa
1126 995 1405 1065 perfectio,
1436 994 1520 1047 cui
1550 1008 1654 1046 non

95 1095 161 1147 sit
183 1091 319 1161 quod
339 1089 495 1159 adjici
515 1088 722 1157 possit?
746 1087 802 1142 Si
826 1102 1004 1140 autem
1035 1093 1297 1155 praecepta
1328 1099 1434 1137 non
1456 1090 1652 1149 essent,

94 1199 193 1238 non
226 1185 407 1251 utique
449 1190 593 1235 esset
623 1179 713 1233 ubi
754 1194 814 1233 se
857 1178 1019 1232 homo
1064 1178 1263 1231 certius
1292 1176 1576 1243 inspiceret
1603 1182 1658 1228 et

94 1274 297 1329 videret
328 1271 468 1325 unde
498 1280 852 1333 averteretur,
877 1282 984 1337 quo
1010 1276 1317 1327 conaretur,
1348 1278 1512 1332 quare
1538 1278 1656 1333 gra-

93 1364 370 1424 tularetur,
419 1360 544 1430 quid
593 1368 922 1428 precaretur.
969 1356 1156 1426 Magna
1186 1366 1270 1410 est
1299 1370 1427 1425 ergo
1458 1355 1656 1407 utilitas

97 1461 504 1523 praceptorum,
532 1453 576 1505 si
626 1450 800 1504 libero
849 1449 1075 1503 arbitrio
1125 1457 1331 1503 tantum
1376 1446 1551 1511 detur,
1601 1454 1659 1499 ut

91 1545 251 1615 gratia
284 1542 378 1596 Dei
406 1542 641 1610 amplius
671 1540 1018 1594 honoreturas

158 1631 243 1685 16.
286 1630 496 1685 Salutio
521 1630 832 1699 qutestionis.
855 1653 930 1669 -
953 1647 972 1680 ι
1020 1626 1151 1695 Qua:
1176 1627 1223 1680 si
1253 1627 1322 1679 ita
1350 1640 1413 1679 se
1437 1624 1652 1686 habent,

90 1724 222 1777 unde
244 1723 336 1777 fiet
361 1723 604 1776 omnimn
631 1737 777 1785 reus,
802 1722 847 1774 si
878 1722 931 1774 iu
965 1735 1073 1773 uno
1103 1718 1356 1777 offendat,
1375 1718 1465 1785 qui
1488 1726 1653 1769 totam

88 1815 273 1884 Legem
305 1813 645 1867 servaverit?
694 1814 777 1865 An
826 1810 962 1865 forte
1008 1810 1131 1879 quia
1174 1808 1450 1877 plenitudo
1498 1806 1656 1874 Legis

87 1906 271 1960 caritas
298 1912 381 1958 est
410 1902 592 1972 (Rom.
625 1902 713 1956 13.
762 1900 893 1970 10),
936 1914 1039 1967 qua
1087 1899 1227 1952 Deus
1274 1896 1656 1964 proximusque

86 1995 335 2063 diligitur,
390 1994 443 2046 in
501 1992 692 2061 quibus
747 1990 1031 2060 przeceptis
1082 1989 1351 2053 caritatis,
1403 1997 1505 2039 tota
1551 1986 1657 2038 Lex

87 2087 255 2155 pendet
298 2099 345 2139 et
401 2085 676 2153 Propheta
719 2083 931 2154 (Matth.
961 2081 1053 2135 22.
1087 2080 1200 2150 40),
1232 2081 1423 2134 merito
1450 2081 1508 2131 lit
1534 2092 1656 2131 reus

86 2179 334 2239 omnium,
365 2178 455 2246 qui
487 2184 675 2230 contra
707 2176 849 2229 illam
899 2173 1042 2237 facit,
1070 2174 1120 2226 in
1149 2187 1250 2238 qua
1282 2171 1514 2239 pendent
1540 2186 1656 2221 oin-

88 2268 209 2322 nia?
260 2268 428 2321 Nemo
461 2275 643 2319 autem
699 2273 903 2332 peccat,
934 2264 1036 2316 nisi
1085 2261 1344 2315 adversus
1393 2260 1537 2311 illam
1570 2260 1649 2310 la-

86 2357 291 2422 ciendo,
322 2356 445 2425 quia
498 2370 603 2408 non
633 2352 986 2416 adulterabis,
1018 2367 1122 2404 non
1178 2347 1522 2403 homicidium
1578 2347 1656 2399 fa-

85 2448 207 2509 cies,
252 2461 357 2500 non
412 2445 709 2509 furaberis,
754 2458 859 2497 non
911 2441 1280 2508 coocupisces,
1314 2447 1367 2492 et
1417 2438 1459 2489 si
1514 2436 1656 2505 quod

85 2537 219 2591 aliud
248 2546 333 2592 est
371 2536 712 2596 mandatum,
746 2535 798 2587 in
831 2533 934 2586 hoc
962 2547 1210 2586 sermone
1247 2528 1650 2597 recapitulatur,

87 2627 136 2680 itt
178 2641 242 2680 eo
281 2626 427 2695 quod
476 2637 599 2689 est,
626 2624 817 2693 diliges
860 2623 1164 2691 proximum
1210 2630 1355 2673 tuum
1404 2630 1655 2686 tauquam

87 2723 330 2791 teipsum.
393 2722 626 2776 Dilectio
682 2719 910 2788 proximi
968 2718 1165 2771 malum
1223 2728 1327 2767 non
1380 2722 1652 2780 operatur.

88 2812 352 2866 Plenitudo
401 2822 572 2865 autem
619 2810 765 2879 Legis
810 2819 883 2862 est
911 2808 1094 2861 caritas
1126 2806 1312 2875 (Rom.
1341 2805 1427 2857 15.
1455 2802 1507 2855 9.
1541 2801 1652 2867 10).

86 2900 243 2955 Nemo
268 2912 453 2956 autem
482 2901 658 2969 diligit
686 2900 1011 2968 proximum,
1041 2898 1141 2949 nisi
1171 2896 1397 2964 diligens
1448 2893 1653 2963 1023

89 2992 272 3059 Deum,
298 3003 357 3049 et
412 2993 517 3046 hoc
557 3000 811 3060 quantum
854 3000 1024 3058 potest
1069 2988 1316 3057 proximo
1361 2987 1652 3054 impendat,

86 3102 236 3153 quem
297 3086 492 3154 diligat
570 3082 678 3154 [al.
735 3081 937 3153 diligit]
987 3090 1239 3148 tanquam
1292 3081 1545 3145 seipsum,
1601 3086 1659 3129 tit

87 3185 135 3227 ct
164 3177 254 3231 ille
299 3176 487 3244 diligat
519 3174 707 3235 Deum,
737 3188 893 3239 quem
941 3173 986 3225 si
1023 3173 1135 3240 ipse
1187 3187 1291 3223 non
1333 3169 1524 3235 diligit,
1562 3181 1658 3219 nec

84 3283 156 3332 se,
188 3282 292 3321 nec
322 3265 630 3335 proximum
658 3263 849 3330 diligit.
893 3264 968 3315 Ac
1000 3276 1092 3327 per
1121 3260 1220 3313 hoc
1250 3261 1336 3327 qui
1369 3268 1528 3309 totam
1560 3257 1660 3308 Le-

84 3371 195 3424 gem
228 3357 556 3419 servaverit,
608 3355 653 3407 si
712 3354 764 3405 itt
820 3367 928 3405 uno
976 3350 1283 3413 offenderit,
1315 3348 1371 3400 fit
1422 3347 1657 3399 omnium

84 3460 240 3510 reus;
297 3446 426 3515 quia
467 3455 654 3498 contra
701 3444 979 3497 caritatem
1022 3440 1171 3504 facit,
1220 3440 1359 3492 unde
1404 3449 1509 3490 tota
1552 3437 1659 3490 Lex

85 3536 297 3604 pendet.
357 3537 506 3589 licus
557 3536 733 3603 itaque
790 3534 847 3586 lit
891 3533 1153 3595 omnium,
1185 3528 1427 3584 faciendo
1474 3537 1658 3581 contra

83 3644 217 3691 eam,
248 3630 302 3683 in
331 3644 439 3698 qua
466 3627 700 3697 pendent
729 3625 926 3677 omnia.
950 3641 969 3675 ι

150 3721 235 3772 17.
285 3737 304 3769 ί
353 3717 465 3771 Cur
500 3731 632 3785 ergo
664 3731 768 3769 non
797 3715 1045 3768 dicantur
1074 3713 1221 3783 paria
1264 3713 1525 3782 peccata?
1576 3712 1659 3765 An

80 3810 211 3863 forte
240 3810 366 3879 quia
399 3809 569 3877 magis
609 3806 739 3860 facit
769 3816 955 3859 contra
980 3806 1280 3866 caritatem,
1311 3803 1399 3870 qui
1448 3803 1660 3870 gravius

80 3909 285 3967 peccat,
317 3899 522 3957 minus,
553 3897 641 3964 qui
675 3895 879 3948 levius?
911 3895 975 3946 Et
1013 3894 1116 3946 hoc
1147 3893 1263 3959 ipso
1289 3891 1431 3959 quod
1463 3891 1658 3943 admit—

82 3990 158 4050 tit,
191 3990 249 4042 fit
279 3989 501 4056 quidem
530 3986 768 4038 omnium
812 3998 955 4043 reus,
1000 3983 1094 4035 sed
1143 3982 1357 4049 gravius
1409 3995 1657 4047 peccans,

78 4078 156 4130 vel
188 4079 241 4132 in
288 4074 543 4144 pluribus
576 4087 821 4139 peccans,
856 4072 1025 4140 magis
1073 4085 1228 4133 rcus;
1287 4071 1455 4123 levius
1482 4079 1657 4121 autem

78 4172 154 4223 vel
185 4171 239 4222 in
291 4165 643 4236 paucioribus
684 4177 929 4232 peccans,
970 4163 1145 4215 minus
1176 4176 1300 4215 reus
1330 4179 1342 4214 :
1376 4170 1519 4213 tanto
1549 4176 1662 4213 ma-

75 4260 188 4327 jore
235 4259 459 4314 scilicet
508 4265 681 4320 reatu,
715 4264 917 4322 quanto
968 4254 1218 4321 amplius.
1251 4261 1397 4305 tanto
1430 4252 1657 4317 minore,

80 4361 275 4419 quanto
325 4350 512 4404 minus
544 4347 894 4417 peccaverit:
947 4354 1127 4398 tamen
1157 4344 1317 4397 ctiam
1360 4344 1403 4396 si
1455 4346 1505 4396 iu
1554 4357 1661 4396 uno

81 4442 393 4506 offenderit,
423 4452 547 4493 rcus
571 4447 654 4491 est
697 4436 960 4501 omnium,
989 4436 1110 4503 quia
1139 4442 1324 4488 contra
1363 4448 1480 4488 eam
1513 4432 1657 4499 facit,

82 4531 131 4583 in
159 4548 262 4600 qua
294 4530 542 4601 pendent
573 4528 794 4582 omnia?
838 4527 968 4593 Qua:
997 4526 1041 4579 si
1072 4541 1195 4579 vera
1229 4534 1373 4588 sunt,
1404 4540 1468 4578 eo
1500 4523 1658 4577 modo

79 4630 131 4675 et
161 4623 291 4677 illud
331 4621 657 4683 absolvitur,
686 4618 827 4687 quod
855 4618 930 4670 ait
960 4618 1119 4671 homo
1146 4616 1307 4670 etiam
1354 4614 1659 4683 apostolicae

78 4715 302 4778 gratiae:
342 4731 362 4764 ι
419 4710 489 4764 1η
537 4711 706 4763 multis
755 4710 888 4762 enim
940 4707 1241 4773 offendimus
1296 4724 1463 4760 omnes
1515 4703 1653 4778 (lac.

81 4802 131 4854 3.
161 4801 244 4871 2).
278 4820 298 4853 ‹
338 4801 543 4856 Omnes
583 4801 724 4855 enim
755 4798 1098 4861 oli‘endimus,
1128 4797 1220 4852 sed
1247 4812 1382 4851 unus
1420 4800 1652 4866 gravius,

78 4893 210 4945 alius
241 4892 442 4945 levius.
474 4891 684 4957 Quanto
712 4889 942 4957 quisque
969 4886 1184 4955 gravius
1230 4887 1508 4956 leviusque
1538 4902 1658 4955 pec-

77 4981 299 5043 caverit,
324 4988 477 5033 tanto
499 4980 551 5031 in
576 4988 795 5048 peccato
820 4975 1207 5031 committeudo
1237 4976 1427 5043 major,
1456 4985 1657 5045 quanto

84 5066 132 5120 in
163 5067 446 5138 diligendo
469 5068 577 5121 Deo
604 5075 659 5121 et
696 5065 943 5135 proximo
971 5068 1168 5119 minor.
1201 5065 1267 5118 Et
1293 5080 1479 5119 rursus
1507 5076 1658 5119 tanto

79 5158 254 5211 minor
280 5160 335 5213 in
368 5158 578 5227 peccati
603 5159 1025 5226 perpetratione,
1055 5165 1257 5225 quanto
1284 5155 1456 5224 major
1485 5156 1537 5209 in
1563 5155 1657 5210 Dei

76 5257 128 5299 et
159 5248 395 5315 proximi
435 5247 746 5302 dilectione.
778 5247 949 5301 Tanto
996 5247 1174 5314 itaque
1217 5246 1426 5315 plenior
1465 5244 1658 5314 iniqui-

78 5340 220 5400 tatis,
250 5347 460 5409 quanto
502 5338 713 5392 iuanior
740 5338 998 5392 caritatis.
1030 5338 1095 5391 Et
1122 5349 1244 5391 tunc
1291 5335 1513 5406 perfecti
1560 5351 1655 5390 su-

76 5443 195 5482 mus
225 5429 277 5482 in
308 5426 556 5493 caritate,
582 5427 793 5496 quando
823 5428 958 5481 nihil
985 5437 1150 5481 restat
1175 5441 1241 5481 ex
1272 5426 1600 5480 infirmitate.
1631 5446 1653 5479 ι

136 5566 207 5623 (a)
242 5565 405 5614 Iidem
443 5565 589 5613 etiam
620 5566 711 5614 sub
742 5562 1076 5626 interrogandi
1100 5568 1211 5611 nota
1236 5559 1439 5626 iuliae.
1482 5576 1504 5604 ι
1534 5558 1657 5620 Quid

73 5622 266 5689 itaque,
289 5628 379 5691 qui
400 5631 542 5676 recte
566 5626 717 5687 videt,
740 5626 871 5676 videt
890 5622 1020 5675 unde
1036 5661 1050 5685 ,
1079 5632 1131 5675 et
1152 5622 1358 5687 quando,
1378 5638 1396 5668 ι
1430 5632 1527 5673 etc.

1388 247 1714 304 EPISTULA
1748 246 2010 307 CXXXII.

3181 271 3325 330 1166

1827 363 1918 418 18.
1967 383 1987 416 ί
2033 363 2144 421 Nec
2188 380 2320 425 sane
2343 376 2598 437 quantum
2636 371 2867 427 arbitror
2911 378 3200 444 putandum
3231 397 3322 441 est

1755 451 1873 507 leve
1897 468 2018 508 esse
2064 467 2339 525 peccatum
2383 460 2436 513 in
2467 474 2813 529 personarum
2857 470 3187 537 acceptione,
3215 474 3317 529 ba-

1755 542 1884 598 bere
1909 544 2068 599 ﬁdem
2100 547 2310 602 Domini
2343 551 2509 604 nostri
2538 551 2665 607 Jesu
2695 552 2893 608 Christi
2920 595 2935 619 ,
2979 558 3022 610 si
3055 560 3198 615 illam
3234 563 3321 619 di-

1754 632 2001 687 stantiam
2029 635 2246 690 sedendi
2270 626 2331 692 ae
2359 640 2532 693 standi
2555 640 2621 694 ad
2651 642 2883 699 honores
2906 646 3317 708 Eeclesiasticcs

1756 720 2073 779 referamus.
2106 725 2237 793 Quis
2277 729 2421 782 enim
2464 727 2606 783 ferat
2632 732 2756 801 eligi
2798 734 3020 791 divitem
3049 738 3115 793 ad
3141 741 3323 799 sedem

1757 807 1976 867 honoris
2016 814 2292 881 Ecclesiae,
2325 827 2638 888 contempto
2677 837 2913 892 paupere
2957 827 3322 899 instructiore,
3358 888 3361 891 ,

1756 909 1918 970 atque
1944 907 2255 962 sanctiore?
2301 909 2353 963 Si
2397 920 2575 964 autem
2604 911 2671 966 dc
2709 915 3032 982 quotidianis
3055 924 3324 977 consessi-

1758 991 1857 1046 bus
1904 994 2156 1063 loquitur,
2187 1000 2305 1067 quis
2333 1016 2437 1053 non
2468 1001 2592 1057 hinc
2635 1002 2746 1074 [aL
2773 1005 2891 1068 hic]
2932 1019 3138 1076 peccat,
3167 1012 3213 1065 si
3241 994 3325 1067 ta.-

1758 1096 1879 1135 men
1907 1095 2111 1152 peccat,
2145 1088 2246 1141 nisi
2291 1105 2413 1142 cum
2442 1092 2581 1159 apud
2612 1093 2852 1162 seipsum
2895 1096 3038 1152 intus
3079 1099 3147 1152 ita
3175 1102 3325 1168 judi-

1757 1182 1877 1236 cat,
1936 1182 1995 1227 ut
2044 1175 2092 1228 ei
2136 1186 2282 1231 tanto
2337 1179 2547 1242 melior,
2598 1194 2796 1251 quanto
2842 1184 3005 1240 ditior
3058 1188 3151 1241 illo
3202 1205 3328 1247 esse

1758 1262 2021 1316 videatur.
2058 1265 2168 1321 lloc
2195 1268 2337 1321 enim
2366 1270 2575 1324 videtur
2604 1273 2937 1341 signiﬁcasse
2961 1291 3083 1331 cum
3111 1278 3273 1334 dicit:
3299 1299 3320 1333 ο

1760 1352 1944 1407 Nonne
1955 1357 2198 1424 judicans
2223 1362 2363 1427 apud
2386 1363 2704 1431 vosmetipsos
2726 1404 2741 1429 ,
2764 1377 2809 1418 et
2834 1366 2958 1434 facti
2986 1369 3103 1424 estis
3120 1371 3325 1439 judices

1755 1447 2038 1515 iniquarum
2067 1452 2420 1518 cogitationum
2440 1453 2575 1521 (Jac.
2596 1454 2651 1507 2.
2678 1453 2798 1523 4.)?
2826 1476 2845 1508 ι

1834 1538 1916 1591 19.
1968 1557 1986 1589 (
2031 1538 2138 1594 Lex
2170 1542 2344 1612 itaque
2392 1544 2656 1599 libertatis
2704 1546 2789 1601 lex
2839 1550 3081 1604 caritatis
3123 1560 3228 1618 est,
3256 1552 3326 1609 de

1756 1642 1859 1695 qua
1888 1628 2035 1683 dicit.
2073 1648 2093 1681 ι
2128 1632 2182 1685 Si
2212 1640 2389 1687 tamen
2444 1636 2702 1702 perficitis
2730 1638 2899 1706 legem
2948 1642 3208 1709 regalem,
3240 1656 3329 1697 se-

1757 1719 1990 1773 cundum
2041 1723 2368 1791 Scripturas,
2420 1726 2610 1795 diliges
2654 1730 2952 1796 proximum
3007 1729 3108 1801 [aL
3155 1735 3328 1801 proxi-

1754 1826 1894 1862 mam
1937 1812 2110 1883 tuum]
2138 1816 2282 1868 sicut
2332 1817 2587 1884 teipsum,
2624 1818 2761 1872 bene
2810 1818 3007 1873 facitis.
3038 1821 3096 1875 Si
3148 1832 3325 1876 autem

1759 1914 2021 1968 personas
2052 1904 2314 1971 accipitis,
2338 1915 2617 1973 peccatum
2649 1910 2968 1975 operamini,
2998 1910 3267 1979 redarguti
3296 1926 3328 1965 a

1756 1989 1918 2058 Lege,
1953 2000 2201 2061 tanquam
2229 2003 2678 2063 "sum
2705 2015 2724 2048 ι
2752 1996 2824 2051 Et
2848 2009 2974 2067 post
3018 2000 3166 2056 illam
3193 2016 3328 2057 sen-

1760 2082 1977 2134 tentiam
2006 2086 2070 2134 ad
2106 2083 2510 2152 intelligendum
3182 2094 3330 2148 ω

1756 2171 1884 2232 dixi,
1904 2171 2043 2239 quod
2062 2172 2347 2227 dicendum
2372 2177 2571 2243 putavi,
2592 2176 2834 2230 eamdem
2863 2178 3034 2247 legem
3056 2180 3330 2237 libenti

1762 2259 1970 2329 1024
2040 2275 2497 2318 commemorans:
2529 2283 2547 2317 ι
2580 2264 2668 2317 Sic
2712 2267 3003 2335 loquimini,
3037 2270 3243 2339 inquit,
3282 2280 3331 2325 et

1754 2350 1826 2401 sic
1858 2351 2007 2416 facite
2029 2367 2047 2403 :
2069 2352 2196 2403 sicut
2235 2369 2324 2421 per
2351 2354 2504 2423 legem
2534 2354 2772 2408 libertatis
2797 2357 3085 2427 incipientes
3102 2360 3331 2430 judicari

1758 2437 1915 2507 (Jac.
1979 2442 2032 2499 2.
2093 2442 2226 2509 12).
2285 2461 2304 2494 ι
2365 2442 2430 2496 Et
2486 2447 2735 2513 quoniam
2798 2448 2923 2514 quid
2984 2448 3146 2503 Paulo
3206 2461 3333 2506 ante

1756 2531 1967 2596 dixerit,
1995 2534 2182 2586 novit:
2219 2551 2238 2585 ι
2282 2536 2516 2603 quoniam
2559 2537 2609 2589 in
2665 2539 2832 2590 multis
2884 2537 3182 2603 o/I'endimus
3222 2558 3332 2595 om-

1757 2638 1843 2675 nes
1903 2638 1917 2675 :
1985 2642 2005 2673 «
2053 2625 2290 2693 suggerit
2340 2626 2661 2679 dominicam
2712 2638 2961 2696 tanquam
3007 2630 3332 2699 quotidianis

1757 2714 2140 2781 quotidianam,
2171 2716 2270 2769 etsi
2321 2718 2632 2783 levioribus,
2674 2726 2850 2773 tamen
2880 2721 3189 2775 vulneribus
3215 2736 3331 2776 me-

1756 2804 2007 2857 dicinam.
2048 2825 2067 2857 ι
2109 2804 2371 2859 Iudicium
2409 2808 2540 2860 enint
2565 2849 2579 2872 ,
2612 2809 2804 2876 inquit,
2852 2810 2959 2862 sine
2986 2811 3332 2865 misericordia

1755 2894 1870 2958 illi,
1917 2896 2001 2964 qui
2042 2912 2140 2948 non
2186 2899 2306 2966 facit
2364 2898 2752 2952 misericordiam
2800 2898 2961 2969 (Ibid.
2993 2900 3105 2971 15).
3142 2918 3160 2953 t
3198 2901 3332 2957 Hinc

1758 2987 1895 3040 enim
1941 2994 1993 3040 et
2026 2987 2276 3042 Dominus
2319 3005 2332 3040 :
2393 3008 2414 3040 ›
2462 2989 2731 3056 Dimittite,
2760 2991 2959 3060 inquit,
2990 3001 3036 3045 et
3060 2990 3332 3046 dimittetur

1756 3074 1931 3128 vobis:
1960 3076 2107 3140 date,
2150 3087 2197 3129 et
2235 3078 2433 3130 dabitur
2482 3078 2617 3131 vobis
2667 3078 2831 3149 (Luc.
2873 3079 2927 3134 6.
2958 3080 3024 3135 57
3041 3082 3082 3149 ).
3115 3080 3186 3151 (b)
3228 3080 3333 3133 Su-

1758 3166 2061 3233 perasultat
2105 3176 2268 3219 autem
2311 3168 2649 3222 misericordia
2685 3170 2881 3237 judicio
2912 3170 2931 3238 (
2959 3168 3077 3226 Jac.
3099 3170 3153 3223 2.
3182 3171 3249 3224 15
3268 3172 3331 3239 );

1765 3271 1783 3304 ι
1832 3270 1936 3307 non
1992 3256 2190 3309 dictum
2245 3266 2362 3320 est,
2411 3260 2576 3313 vincit
2629 3260 2994 3314 misericordia
3045 3261 3331 3329 judicium,

1759 3360 1865 3398 non
1894 3346 2036 3399 enim
2066 3356 2149 3401 est
2178 3346 2406 3402 adversa
2435 3348 2655 3416 judicio.
2685 3351 2778 3403 sed
2827 3368 2846 3401 ι
2901 3352 3333 3419 superexsultat:

1766 3455 1783 3487 ι
1830 3438 1950 3506 quia
1994 3438 2179 3507 plures
2234 3428 2329 3507 per
2373 3440 2795 3494 misericordiam
2849 3442 3189 3510 colliguntur,
3234 3441 3332 3496 sed

1758 3529 1846 3597 qui
1881 3529 2303 3584 misericordiam
2347 3533 2732 3599 prurstiterunt.
2776 3532 2920 3585 Beati
2954 3533 3095 3585 enim
3127 3532 3335 3586 miseri-

1759 3620 1968 3685 cordes,
2002 3621 2123 3689 quia
2152 3622 2278 3688 ipsis
2305 3621 2640 3675 miserebitur
2673 3622 2811 3674 Deus
2841 3620 3062 3690 (Matth.
3097 3622 3149 3675 5.
3177 3621 3268 3691 ’1).
3306 3639 3326 3673 s

1830 3711 1920 3765 20.
1968 3732 1985 3763 t
2034 3713 2098 3767 Et
2126 3714 2229 3768 hoc
2267 3715 2445 3782 utique
2468 3714 2666 3781 justum
2698 3724 2799 3775 est,
2836 3725 2886 3766 ut
2914 3715 3206 3767 dimittatur
3231 3716 3330 3780 cis,

1760 3808 1883 3871 quia
1932 3803 2270 3867 ditniserunt,
2301 3814 2355 3855 et
2384 3804 2543 3856 detur
2570 3807 2670 3863 eis,
2704 3804 2826 3869 quia
2874 3802 3156 3855 dederunt.
3190 3803 3334 3857 Inest

1761 3896 1955 3961 quippe
2006 3895 2116 3947 Deo
2162 3906 2215 3947 et
2264 3894 2629 3945 misericordia
2658 3892 2940 3959 judiCaDti,
2976 3900 3028 3944 et
3073 3891 3330 3959 judicium

1761 3984 2057 4048 miseranti,
2095 3995 2311 4052 propter
2334 3983 2473 4052 quod
2504 3984 2551 4037 ei
2598 3983 2812 4042 dicitur,
2851 3999 2868 4031 ι
2912 3981 3331 4035 Misericordiam

1760 4085 1811 4130 et
1838 4075 2094 4144 judicium
2125 4076 2350 4129 cantabo
2379 4075 2476 4128 tibi
2509 4074 2731 4127 Domine
2760 4073 2874 4143 (Ps.
2902 4074 3119 4143 100.1).
3149 4093 3166 4125 ι
3199 4072 3333 4129 Nam

1762 4167 2003 4235 quisquis
2030 4166 2178 4219 velut
2208 4166 2428 4219 nimium
2458 4167 2656 4233 justus,
2688 4164 2943 4232 judicium
2975 4164 3091 4219 sine
3121 4165 3332 4219 miseri-

1761 4257 1966 4319 cordia,
2016 4258 2166 4325 quasi
2210 4271 2435 4310 securus
2481 4264 2759 4323 expectat,
2808 4257 2938 4309 iram
2984 4257 3332 4325 justissimam

1762 4355 2036 4415 provocat,
2066 4362 2222 4414 quam
2272 4347 2464 4399 timens
2506 4347 2594 4399 ille
2640 4346 2823 4399 dixit:
2862 4363 2880 4396 ι
2938 4346 3013 4400 Ne
3065 4349 3231 4401 intres
3280 4349 3333 4402 in

1756 4438 2013 4506 judicium
2043 4453 2162 4491 cum
2205 4452 2359 4491 servo
2391 4447 2480 4490 tuo
2512 4435 2627 4508 (Ps.
2674 4436 2795 4491 142.
2827 4436 2907 4505 '2).
2950 4455 2969 4489 ι
3004 4436 3154 4492 Unde
3196 4437 3334 4492 dici-

1762 4540 1847 4584 tur
1883 4531 2078 4599 populo
2112 4531 2412 4584 contumaci
2440 4548 2453 4584 :
2492 4548 2509 4580 ι
2549 4529 2683 4597 Quid
2716 4531 2873 4583 vultis
2903 4545 3111 4584 mecum
3134 4530 3334 4597 judicio

1758 4620 2083 4675 contendere
2142 4619 2275 4691 (Jer.
2305 4620 2359 4673 2.
2390 4620 2459 4675 ἓξ)
2488 4621 2550 4689 )?
2590 4639 2608 4671 ι
2640 4620 2770 4674 Cum
2826 4620 2967 4673 enim
3014 4633 3110 4671 rex
3162 4617 3333 4686 justus

1758 4711 1958 4765 sederit
1989 4713 2039 4765 in
2082 4710 2296 4775 throno,
2325 4712 2444 4778 quis
2470 4710 2783 4779 gloriabitur
2809 4718 3014 4761 castum
3041 4721 3099 4761 se
3129 4705 3332 4762 habere

1758 4804 1899 4855 cor?
1930 4804 2033 4855 Aut
2061 4802 2183 4870 quis
2227 4800 2543 4869 gloriabitur
2576 4797 2832 4852 mundum
2872 4812 2930 4853 se
2969 4811 3089 4852 esse
3132 4812 3160 4849 a
3206 4813 3341 4870 pecu

1758 4900 1878 4946 cato
1907 4891 2087 4962 (Prov.
2115 4890 2204 4943 20.
2234 4890 2289 4943 8.
2328 4899 2373 4941 et
2411 4888 2533 4956 9.)?
2564 4887 2693 4954 Quae
2724 4888 2882 4955 igitur
2923 4900 3047 4955 spes
3084 4896 3186 4952 est,
3228 4888 3333 4944 nisi

1759 4983 2152 5054 superexsnltet
2182 4979 2550 5035 misericordia
2588 4978 2830 5047 judicio?
2879 4976 2982 5032 Sed
3033 4992 3159 5047 erga
3210 4977 3331 5033 illo:

1758 5077 1853 5147 qui
1899 5074 2323 5130 misericordiam
2366 5072 2630 5137 fecerunt,
2665 5071 2928 5125 veraciter
2956 5069 3204 5134 dicendo,
3236 5068 3332 5123 Di-

1760 5169 1912 5222 mitte
1936 5168 2110 5232 nobis,
2144 5165 2213 5236 (c)
2266 5165 2405 5219 sicut
2446 5172 2500 5217 et
2542 5179 2640 5217 nos
2671 5163 2988 5216 dimittimus
3027 5160 3238 5231 (Matth.
3270 5160 3326 5215 6.

1760 5258 1889 5329 £2):
1920 5267 1975 5314 et
2021 5258 2139 5311 sine
2192 5254 2613 5310 murmuratione
2659 5252 2874 5306 dando:
2914 5250 3135 5304 hilarem
3183 5250 3326 5305 enim

1822 5434 1893 5497 (b)
1928 5435 1981 5497 In
2006 5432 2176 5482 Graeco
2199 5445 2483 5497 ιαταιξνχιῖτιι.
2510 5426 3079 5497 Martian._post_Erasm.
3104 5426 3229 5497 bene.
3248 5434 3326 5495 et.

1757 5487 2442 5559 que'infra,‘supe_rexaltiit;
2483 5497 2536 5539 et
2578 5503 2690 5538 mox
2722 5487 2969 5550 judicium
2998 5501 3086 5550 pro
3112 5487 3309 5549 judicio

1758 5551 2319 5619 (iuemadmoduniinfra.

1827 5617 1885 5680 (ε)
1926 5617 2119 5667 Addunt.
2138 5613 2466 5674 Benedictini,
2491 5610 2645 5663 dctn'la
2665 5616 2846 5662 nostra.
