3986 6184
619 290 757 346 1147

620 402 860 454 datorem
885 392 1055 462 diligit
1080 391 1218 445 Deus
1237 376 1612 455 (2.Cor.9.'l).
1649 393 1667 425 ι
1701 372 1940 441 Denique
1968 375 2183 462 sanctus

622 490 854 547 Jacobus
874 458 1075 554 jam'ex
1110 479 1230 532 isto
1257 475 1377 529 loco
1404 471 1473 555 de
1510 464 1911 555 misericordiae
1934 458 2189 530 operibus

626 551 890 645 loquitur,
911 577 970 623 ut
1005 580 1139 637 quos
1165 552 1516 618 vehementer
1557 556 1655 637 illa,
1687 551 1946 645 sententia
1973 557 2188 603 terrue-

624 639 729 727 rai,
761 658 1089 719 consoletur,
1110 668 1234 708 cum
1262 649 1533 712 admonet,
1561 641 1830 715 quomodo
1867 639 2028 694 etiam
2057 648 2216 727 quor

624 725 824 813 tidiana
874 755 1112 820 peccata,
1142 734 1260 799 sine
1280 741 1475 813 quibus
1502 737 1589 793 hic
1618 750 1726 790 non
1764 732 1982 792 vivitur,
2010 725 2192 820 quoti-

623 847 799 904 dianis
822 816 1078 898 remediis
1107 837 1409 906 expientur,
1442 845 1508 885 ne
1534 829 1701 883 homo
1739 824 1828 894 qui
1857 836 1978 876 cum
2006 818 2059 872 in
2082 816 2209 871 uno'

623 936 929 999 oll'enderit,
963 933 1020 986 lit
1062 927 1299 984 omnium
1343 938 1468 978 reus
1513 919 1653 994 (Jac.
1680 918 1735 972 5.
1770 912 1881 985 l6),
1911 913 1968 966 in
2006 906 2199 964 multis

625 1026 965 1091 offendendo,
994 1006 1116 1092 quia
1154 1020 1207 1073 in
1238 1016 1420 1072 multis
1463 1010 1784 1067 oll'endimus
1822 1016 2032 1067 omnes,
2060 1013 2197 1092 pro.

626 1132 749 1192 pter
774 1088 1026 1185 magnum
1051 1122 1296 1180 aggerem
1335 1112 1517 1159 reatus
1560 1099 1665 1163 sui,
1692 1093 1992 1192 minutatim
2031 1088 2200 1143 colle-

628 1184 796 1274 ctum,
829 1184 895 1259 ad
945 1199 1175 1258 tribunal
1222 1194 1358 1251 tanti
1403 1190 1599 1262 jndicis
1640 1184 1939 1258 perveniat,
1980 1189 2034 1235 et
2077 1192 2195 1274 eam

625 1266 794 1370 quam,
833 1302 939 1351 nan
976 1292 1105 1348 fecit
1145 1283 1568 1345 misericordiam
1627 1293 1733 1333 non
1782 1274 2055 1370 inveniat;
2101 1266 2202 1370 sed

628 1358 808 1461 potius
854 1382 1172 1442 dimittenda
1213 1389 1373 1449 atque
1415 1372 1591 1430 dando
1644 1375 1915 1424 mereatur
1961 1362 2061 1417 sibi
2110 1358 2200 1415 di-

633 1482 771 1537 mitti
800 1486 1040 1551 peccata,
1074 1473 1330 1542 reddique
1363 1466 1681 1537 promissa»

698 1541 831 1625 21.}
861 1568 1020 1622 Multa
1046 1565 1153 1619 dixi
1183 1561 1374 1631 quibus
1399 1558 1490 1612 tibi
1523 1554 1740 1609 tzedinm
1766 1547 2008 1605 fortassis
2038 1541 2206 1597 infer-

630 1675 769 1723 rem,
812 1659 902 1729 qui
951 1656 1069 1710 huic
1120 1662 1296 1706 tamen
1340 1662 1459 1717 qua:
1507 1643 1793 1715 approbas,
1840 1653 1948 1692 non
2000 1647 2202 1729 exspes

632 1753 746 1805 etas
769 1724 848 1819 (al
878 1748 1105 1808 discere,
1137 1743 1278 1812 quod
1306 1756 1369 1795 ea
1397 1740 1590 1792 ducere
1616 1730 1962 1789 consuevisti.
1987 1728 2043 1783 Si
2076 1724 2203 1795 quid

638 1849 814 1893 autem
836 1827 917 1891 est
939 1836 993 1890 in
1010 1835 1111 1896 eis,
1125 1840 1376 1902 quantum
1393 1829 1457 1883 ad
1476 1843 1588 1881 rem
1611 1827 1779 1894 ipsam
1800 1821 2057 1892 pertinet:
2082 1827 2207 1871 nam

633 1927 777 1997 quali
820 1925 1032 1994 eloquio
1073 1922 1340 1989 explicata
1382 1919 1525 1980 sint,
1606 1911 1814 1985 1025
1891 1924 2002 1963 non
2043 1906 2204 1960 nimis

637 2030 789 2072 curo.
806 2013 861 2070 Si
879 2013 1002 2084 quid
1020 2027 1148 2081 ergo
1167 2000 1218 2062 in
1237 2010 1315 2063 eis
1330 2016 1431 2070 est,
1447 2005 1589 2075 quod
1607 2003 1959 2057 eruditionem
1974 1997 2209 2052 oll'endat

639 2115 807 2168 tuam,
831 2110 1015 2172 qua-so
1055 2110 1113 2153 ut
1142 2096 1485 2153 rescribendo
1507 2094 1817 2154 admoneas,
1843 2099 1898 2145 et
1922 2104 2008 2143 me
2035 2087 2207 2142 corri-

637 2210 766 2264 gere
797 2209 902 2246 non
934 2184 1190 2261 graveris.
1222 2187 1413 2243 Infelix
1460 2196 1545 2239 est
1574 2185 1715 2237 enim
1760 2181 1849 2250 qui
1881 2195 1986 2233 non
2031 2185 2210 2231 tantos

640 2295 696 2338 et
733 2288 838 2336 tam
887 2290 1102 2335 sanctos
1146 2288 1356 2331 tuorum
1387 2275 1684 2328 studiorum
1714 2271 1927 2326 labores
1971 2276 2026 2321 et
2049 2266 2209 2334 digne

641 2374 891 2434 honorat,
923 2382 975 2426 et
1003 2370 1071 2425 de
1116 2370 1199 2425 his
1240 2368 1466 2423 Domino
1499 2357 1618 2420 Deo'
1653 2373 1855 2425 nostro,
1904 2359 2056 2430 cujus
2087 2373 2209 2412 mu-

637 2480 770 2518 nere
814 2464 936 2517 talis
983 2478 1065 2529 es,
1111 2461 1309 2531 gratias
1347 2460 1474 2529 agit.
1502 2456 1653 2512 Unde
1680 2471 1800 2509 cum
1830 2455 2079 2510 libentius
2104 2454 2214 2507 dc-

641 2556 800 2609 beam
821 2571 849 2607 a
877 2554 1113 2624 quolibet
1135 2553 1344 2606 discere
1371 2550 1510 2620 quod
1543 2549 1803 2602 inutiliter
1830 2550 2035 2617 ignoro,
2052 2561 2208 2616 quam

645 2645 945 2713 promptius
970 2642 1237 2713 quoslibet
1279 2641 1477 2695 docere
1514 2639 1657 2709 quod
1701 2639 1854 2703 scio;
1903 2647 2101 2707 quanto
2125 2637 2217 2707 ju-'

645 2738 782 2790 stius
809 2738 904 2790 abs
934 2744 985 2789 te
1021 2726 1121 2788 hoc
1149 2732 1387 2787 caritatis
1431 2732 1667 2812 debitum
1710 2730 1909 2799 ﬂagito,
1938 2729 2090 2798 cujus
2117 2729 2213 2782 do-

646 2829 819 2881 ctrina
844 2828 895 2881 in
924 2828 1140 2880 nomine
1168 2837 1223 2879 et
1250 2824 1515 2893 adjutorio
1555 2823 1762 2876 Domini
1793 2831 1994 2874 tantum
2025 2837 2075 2873 in
2105 2819 2210 2873 La-

645 2917 756 2970 tina
789 2917 963 2986 lingua
992 2916 1384 2971 Ecclesiasticie
1411 2914 1601 2968 littera:
1625 2912 1820 2979 adjuta:
1864 2922 2008 2975 sunt,
2039 2925 2210 2980 quan-

647 3016 757 3061 tum
782 3022 1049 3077 nunquam
1072 3016 1225 3061 antea
1251 3011 1534 3075 potuerunt
1552 3006 1577 3056 τ
1606 3004 1833 3058 Maxime
1854 3013 2027 3055 tamen
2053 3003 2211 3055 istam

643 3101 1000 3154 sententiain:
1039 3117 1058 3150 ‹
1089 3099 1421 3168 Quicumque
1466 3101 1626 3149 totam
1682 3095 1849 3163 legem
1896 3090 2210 3157 servaverit,

647 3189 881 3243 olfendat
901 3200 1076 3242 autem
1111 3190 1161 3241 in
1190 3205 1317 3251 uno,
1347 3187 1516 3240 factus
1554 3194 1636 3239 est
1663 3184 1899 3236 omnium
1933 3197 2058 3236 reus
2090 3179 2213 3254 (Ja-

644 3279 757 3332 cob.
782 3278 838 3332 2.
869 3279 958 3346 tu)
982 3296 994 3330 :
1044 3296 1064 3330 ι
1100 3278 1142 3331 si
1173 3294 1278 3347 quo
1303 3278 1407 3330 alio
1436 3275 1595 3328 modo
1616 3272 1811 3340 exponi
1836 3272 2027 3325 melius
2055 3284 2212 3339 posse

648 3373 793 3420 novit
826 3378 911 3420 tua
955 3368 1191 3433 dilectio,
1219 3382 1313 3435 per
1342 3368 1620 3419 Dominum
1650 3365 1897 3428 obsecro,
1934 3372 1993 3415 ut
2022 3362 2075 3415 id
2115 3376 2219 3414 nov

646 3458 849 3512 hiscum
875 3461 1268 3513 communicare
1298 3458 1556 3527 digneris.
1620 3474 1640 3507 ι
2206 3464 2209 3471 ·

1043 3554 1369 3625 EPISTOLA
1409 3566 1669 3623 cxxxui
1698 3565 1798 3637 (b).

1109 3677 1177 3715 sn
1215 3659 1285 3731 lc)
1324 3672 1743 3714 crzswnomeu.

1136 3752 1215 3806 Ad
1222 3768 1388 3804 versus
1427 3747 1739 3829 Pelagianis

661 3860 929 3933 Pelagiani
956 3863 1204 3934 dogmatis
1245 3862 1519 3925 insaniam,
1540 3861 1593 3913 in
1623 3860 1798 3929 primis
1817 3874 1929 3911 vero
1958 3860 2212 3922 ἀπαθαίαν,

720 3963 768 4006 et
796 3956 1153 4024 ἀναμαρτησίαν
1172 3992 1186 4013 .
1216 3953 1317 4005 sive
1335 3950 1396 4004 ab
1431 3951 1590 4004 animi
1617 3949 2074 4021 perturbationibus
2119 3949 2215 4001 im-

719 4046 1046 4105 munitatem,
1098 4054 1145 4097 et
1187 4044 1591 4113 impeccantiam,
1644 4051 1825 4112 rogatu
1870 4040 2211 4110 Ctesiphontis

658 4198 663 4205 .
723 4134 927 4205 refellit,
962 4139 1223 4187 ostendens
1260 4151 1288 4187 e
1312 4150 1526 4201 quorum
1554 4134 1763 4187 comesis
1783 4132 2006 4202 fontibus
2033 4147 2214 4183 titana—

717 4228 840 4281 rint.
870 4223 997 4278 Tum
1023 4224 1273 4294 lin/ﬂuunt
1294 4226 1574 4295 redarguit,
1592 4225 1676 4294 qui
1695 4222 1833 4277 Xiin
1861 4221 2212 4292 Pythagorici,

720 4317 810 4369 sub
851 4316 1054 4368 nomine
1100 4317 1238 4371 Sixti
1274 4318 1513 4386 martyris
1549 4332 1610 4368 ac
1658 4316 1877 4369 Romani
1920 4312 2215 4381 Pontiﬁcis,

725 4406 1063 4475 Pelagianam
1089 4422 1309 4460 errorem
1346 4409 1645 4460 redolentem
1686 4407 1867 4460 librant
1907 4404 2089 4459 Latine
2127 4406 2213 4458 in-

727 4505 1025 4566 terpretatus
1053 4497 1135 4560 sit,
1171 4496 1424 4565 aliumque
1456 4496 1659 4549 Eusebii
1686 4495 1951 4567 Pamphili
1980 4513 2073 4566 pro
2100 4494 2217 4549 Ori-

725 4605 870 4660 gene,
892 4586 1167 4641 obtruderit
1203 4589 1346 4658 quasi
1374 4587 1634 4656 Pamphili
1680 4589 1940 4658 martyris.
1962 4574 1970 4580 ί
1991 4586 2221 4656 Denique

727 4680 1015 4751 pollicetur,
1044 4697 1157 4734 cum
1200 4697 1288 4751 per
1332 4681 1490 4735 otium
1540 4680 1759 4745 licuerit,
1777 4681 1922 4749 justo
1965 4680 2220 4745 voluntine

724 4772 1011 4843 Pelagiana
1032 4773 1254 4843 dogmati
1279 4788 1332 4827 se
1359 4787 1739 4840 responsurum.

732 4864 783 4918 ί.
815 4862 930 4918 Non
959 4863 1230 4926 audacter,
1257 4872 1314 4916 ut
1341 4861 1474 4916 falso
1518 4852 1691 4931 putas,
1719 4859 1814 4916 sed
1842 4869 2086 4914 amanter
2108 4871 2223 4914 stu-

597 4964 603 4969 ‘
656 4953 915 5023 dioseque
942 4953 1135 5018 iecisti,
1166 4961 1222 5005 ut
1248 4967 1436 5005 novam
1464 4936 1593 5006 mihi
1632 4967 1699 5006 ex
1749 4962 1929 5006 vetere
1981 4950 2224 5005 mitteres

656 5102 663 5109 .
717 5065 799 5128 (αὶ
824 5063 1009 5113 Erasm.
1044 5069 1097 5114 et
1132 5061 1352 5114 Martian.
1389 5066 1580 5124 dicere,
1618 5046 1710 5114 nisi
1748 5063 1792 5114 si
1831 5063 2111 5128 typograplii
2148 5070 2229 5114 est

654 5124 901 5309 ωῖῗῗυνᾟί
925 5197 1122 5235 munero
1142 5191 1293 5235 caret.
1313 5186 1500 5247 scripta
1522 5186 1689 5237 eodem
1710 5197 1835 5234 anno
1855 5184 1964 5233 415.

742 5262 769 5298 c
790 5307 807 5309 Α
828 5247 882 5296 In
904 5246 1359 5309 quibusdam
1374 5255 1430 5309 et
1450 5248 1684 5309 antiquis.
1703 5248 1861 5309 Yatie.
1885 5244 1964 5294 olit

742 5244 1359 5315 c)_In_tluibAusdam_eodd..
1369 5244 1430 5315 et
1450 5248 1686 5315 antiquis._
1703 5248 1861 5315 Yatie.
1885 5244 2020 5315 olim.
2046 5244 2229 5315 Sveeo-

655 5306 1119 5384 runillegi‘naggib‘.
1144 5307 1210 5384 ad
1232 5306 1549 5384 εμεὲἱῖρηᾳηιιΔ
1572 5306 1817 5384 Urbicium
1846 5307 2229 5384 praenotaturLin

657 5368 767 5417 aliis
788 5367 846 5416 ad
865 5366 1181 5427 Istesirontem,
1199 5366 1279 5417 vel
1306 5366 1627 5427 Tesiphontem
1656 5366 1893 5417 Urbicinn.
1914 5366 2116 5417 Orosius
2129 5372 2232 5415 (ἰε-

952 5426 1497 5500 siniplicitepappellat:
1527 5428 1983 5500 _Nec*dubitandum
2021 5426 2230 5500 ridetur,

660 5482 829 5561 Uibici
849 5482 1119 5561 cognomen
1141 5482 1360 5561 inditum:
1372 5492 1436 5561 ab
1454 5489 1603 5561 Urbe
1621 5482 1777 5561 Romae
1785 5524 1800 5547 ,
1812 5482 2232 5561 quemadmodum

663 5554 716 5620 ﬁt
739 5545 1190 5620 .Z‘epliiﬁnusnpapa
1224 5549 1286 5597 ah
1313 5550 1500 5620 _(_)pt_ato
1521 5550 1554 5601 ι.
1583 5552 1628 5602 1.
1655 5558 1712 5620 e_t_
1726 5545 1934 5600 Siricius
1967 5545 2233 5620 auPaulino

662 5604 833 5663 Epist.’
855 5608 899 5675 1.
939 5607 999 5656 ad
1036 5604 1276 5659 S'ev'eruin
1313 5604 1520 5662 Urbicus
1555 5612 1845 5676 appellatur,
1881 5623 1946 5660 ne
1980 5609 2133 5659 dicam
2165 5610 2232 5663 de

663 5661 813 5714 Paula
836 5665 1009 5717 Lrbica
1032 5676 1087 5718 ut
1109 5678 1247 5718 vocat
1274 5672 1595 5718 Hicrommus
1614 5707 1626 5718 .
1657 5675 1858 5718 aliisatm
1881 5669 2008 5718 haud
2042 5671 2229 5718 na‘ucis.

1109 5678 1247 5721 vocat
1274 5669 1599 5736 Hieronymus
1610 5669 1632 5735 ί
1657 5669 1858 5736 aliisque
1881 5669 2008 5722 haud
2042 5671 2229 5734 paucis.

1900 256 2141 317 SANCTI
2166 245 2557 311 ἸῙΙΕΒΟΝΫΜῘ

3752 249 3891 304 Hb!

2289 357 2661 433 qurestioneni,
2708 378 2830 433 quae
2876 371 3002 418 ante
3050 362 3260 417 litteras
3310 351 3436 416 tuas
3481 361 3794 431 plerosque
3835 362 3880 415 is

2290 453 2506 508 Oriente
2531 454 2759 524 decepit,
2788 469 2857 509 ur
2882 469 2984 507 rea
3015 454 3318 507 simulatam
3360 451 3769 516 humilitatem,
3794 468 3886 506 sa-
3956 468 3963 524 ε

2290 544 2527 614 perhiam
2575 545 2880 610 discerent;
2928 553 2983 598 et
3021 544 3263 598 dicerent
3320 558 3446 599 cum
3520 543 3780 607 diabolo,
3826 542 3889 597 la

2291 637 2472 689 calum
2495 636 2767 690 ascendam
2808 651 2828 689 :
2874 652 3029 706 super
3051 637 3222 690 sidera
3248 635 3362 690 caeli
3407 651 3612 705 ponam
3646 636 3881 689 thr-anan

2293 742 2480 792 meum,
2516 737 2565 782 et
2608 744 2692 781 ero
2716 728 2898 782 similis
2948 727 3207 782 Altissimo
3256 727 3416 797 (lsai.
3447 728 3539 782 14.
3583 726 3709 798 15).
3763 730 3885 793 Qua

2295 818 2435 872 enim
2466 828 2637 887 potest
2657 818 2759 872 alia
2788 818 2959 888 major
2982 833 3105 874 esse
3135 821 3436 881 temeritas,
3458 834 3633 889 quam
3655 820 3759 874 Dei
3793 822 3883 874 sibi

2297 920 2404 959 non
2439 905 2612 960 dicam
2659 908 3095 973 similitudinem,
3128 908 3224 963 sed
3276 909 3663 977 aequalitatem
3706 910 3879 964 vindi-

2297 1009 2454 1059 care,
2497 1003 2553 1050 et
2599 995 2747 1050 brevi
2786 998 3046 1052 sententia
3149 1000 3359 1070 1026
3457 1000 3722 1054 omnium
3768 1000 3881 1054 ﬂa-

2297 1088 2584 1141 reticornm
2612 1102 2824 1142 venena
2846 1089 3152 1158 complecti,
3169 1106 3287 1160 qum
3306 1090 3378 1145 de
3415 1090 3876 1161 PliilosOphorun

2299 1185 2355 1231 et
2374 1178 2612 1233 maxime
2630 1178 2945 1249 Pythagoras
2965 1188 3019 1233 et
3039 1179 3270 1234 Zenonis
3289 1180 3553 1248 principis
3574 1179 3879 1236 Stoicorum
3976 1178 3977 1181 “

2300 1265 2447 1321 fonte
2496 1268 2821 1322 manarunt?
2864 1267 2944 1321 llli
2993 1270 3137 1323 enim
3190 1284 3310 1338 qua:
3354 1268 3538 1325 Gnaei
3596 1271 3874 1339 appellant

2302 1364 2459 1422 πάθη,
2506 1371 2606 1412 nos
2653 1358 3086 1426 perturbationes
3130 1362 3417 1428 possumus
3456 1360 3653 1415 dicere
3682 1376 3702 1413 :
3728 1363 3878 1430 aegri-

2305 1451 2541 1506 tudinem
2598 1451 2849 1506 videlicet
2887 1461 2941 1505 et
2982 1452 3277 1522 gaudium,
3331 1466 3487 1520 spem
3537 1462 3598 1508 et
3654 1463 3880 1508 metum:

2303 1556 2527 1611 quorum
2566 1543 2675 1597 duo
2723 1542 3032 1613 praesentia,
3063 1543 3170 1597 duo
3214 1543 3389 1597 futura
3443 1553 3603 1609 sunt,
3648 1556 3886 1599 asserunt

2303 1633 2557 1702 extirpari
2604 1649 2763 1703 posse
2798 1634 2867 1689 de
2912 1634 3202 1700 mentibus,
3233 1644 3288 1688 et
3326 1634 3535 1689 nullam
3567 1635 3768 1690 libram
3807 1652 3880 1690 ra-

2305 1717 2583 1791 dicemque
2612 1723 2861 1778 vitiorum
2891 1724 2945 1778 in
2974 1724 3190 1779 homine
3217 1725 3445 1779 omnino
3474 1726 3755 1789 residere.
3783 1743 3877 1781 nie-

2305 1809 2573 1867 ditatione
2592 1822 2647 1868 et
2674 1813 2889 1868 assidua
2928 1814 3314 1869 exercitatione
3337 1816 3635 1868 virtutum.
3672 1816 3873 1871 Adver-

2307 1918 2425 1957 sum
2462 1919 2601 1974 quos
2646 1915 2702 1960 et
2746 1906 3111 1975 Peripatetici,
3143 1908 3233 1976 qui
3270 1906 3343 1962 de
3372 1907 3702 1963 Aristotelis
3752 1908 3879 1962 fonte

2307 1991 2679 2056 descendunt,
2726 1994 3018 2051 fortissime
3068 1996 3345 2065 disputant
3387 2014 3402 2048 :
3440 1990 3513 2050 et
3579 1997 3887 2052 Academici

2309 2082 2450 2147 novi,
2485 2098 2620 2151 quos
2664 2084 2873 2139 Tullius
2921 2088 3202 2155 sequitur;
3245 2094 3300 2141 et
3347 2101 3568 2151 eorum,
3621 2102 3735 2140 non
3779 2088 3883 2141 dies

2309 2188 2403 2226 res
2425 2189 2543 2241 qua:
2570 2175 2730 2228 nullae
2753 2185 2911 2240 sunt,
2943 2175 3039 2230 sed
3069 2176 3286 2230 umbras
3312 2186 3368 2230 et
3399 2186 3526 2230 vota
3558 2178 3883 2231 subvertant.
3976 2162 3977 2177 “

2313 2261 2423 2316 Ιιιιο
2446 2274 2527 2317 est
2553 2265 2694 2318 enim
2722 2265 2797 2335 (Ι)
2829 2266 3099 2321 hominem
3130 2282 3200 2321 ex
3247 2267 3472 2323 homine
3499 2270 3731 2334 tollere,
3763 2282 3815 2324 et
3842 2273 3889 2323 in

2314 2352 2526 2407 homine
2553 2356 2894 2409 constitutum
2925 2371 3045 2409 esse
3071 2357 3188 2410 sine
3207 2372 3439 2426 corpore
3463 2376 3480 2412 :
3511 2368 3571 2413 et
3594 2359 3688 2429 (ἀ)
3720 2370 3889 2429 oplare

2313 2442 2490 2511 petitis
2532 2458 2691 2511 quam
2736 2441 2955 2509 docere,
2994 2445 3213 2499 dicente
3258 2449 3567 2515 Apostolo:
3602 2450 3773 2504 Miser
3814 2468 3897 2520 ego

2313 2535 2481 2597 homo,
2500 2535 2611 2599 quis
2631 2551 2710 2587 me
2732 2534 2962 2589 liberabit
2984 2537 3047 2590 de
3065 2553 3280 2606 corpore
3299 2550 3479 2593 morus
3500 2542 3708 2611 hujus?
3731 2543 3889 2613 (Rata.

2313 2625 2366 2678 7.
2395 2624 2513 2691 24.)
2541 2625 2610 2679 Ει
2636 2629 2758 2694 quia
2802 2627 3123 2697 Epistolaris
3154 2629 3392 2683 brevitas
3433 2646 3549 2685 non
3582 2642 3767 2700 potest
3792 2648 3893 2686 om.

2314 2714 2399 2766 nia
2424 2714 2903 2785 comprehendere,
2932 2718 3157 2771 strictim
3190 2720 3280 2773 lilii
3310 2720 3530 2776 vitanda
3563 2724 3888 2779 describam.

2317 2803 2468 2858 Unde
2497 2816 2550 2859 et
2574 2806 2701 2859 illud
2731 2806 3082 2876 Virgiliattum
3113 2820 3232 2865 est:

2387 2895 2524 2951 llinc
2570 2908 2836 2965 metuunt,
2891 2886 3225 2971 cupiuntque,
3283 2903 3493 2968 dolent,
3543 2908 3893 2977 gaudentque,

3365 3012 3455 3050 nec
3484 3014 3654 3054 auras

2385 3079 2700 3150 Respiciunt,
2735 3081 2926 3135 clausa:
2951 3083 3166 3138 tenebris
3191 3095 3237 3138 et
3266 3103 3469 3141 carcere
3488 3095 3654 3143 eteo.

3341 3176 3592 3245 (Eneid.
3626 3180 3725 3235 lib.
3753 3181 3831 3252 6).
3976 3206 3977 3255 ί

2316 3258 2445 3325 Quis
2473 3260 2617 3314 enim
2668 3269 2865 3330 potest,
2897 3272 2988 3315 ant
3020 3278 3127 3316 non
3160 3265 3358 3332 gestire
3382 3266 3608 3335 gaudio,
3639 3280 3732 3323 aut
3773 3285 3899 3325 mm—
3976 3266 3977 3335 ἧ

2317 3363 2440 3403 rore
2482 3351 2764 3416 contrahi,
2793 3360 2884 3404 aut
2914 3366 3011 3420 spe
3051 3353 3257 3418 extolli,
3288 3365 3381 3407 aut
3422 3356 3625 3411 timore
3670 3361 3899 3413 terreri?

2316 3440 2681 3506 Quamobrem
2720 3454 2778 3497 et
2818 3444 3169 3514 gravissimus
3198 3445 3365 3501 Poeta
3407 3448 3644 3505 Flaccus
3687 3454 3897 3522 scripsit
3976 3440 3977 3511 Ῐ

2317 3528 2370 3582 iii
2399 3530 2590 3601 Satyra
2616 3548 2630 3584 :

2389 3621 2527 3675 Nam
2552 3621 2686 3675 vitiis
2714 3638 2859 3676 nemo
2880 3623 2987 3676 sine
3013 3626 3241 3678 nascitur
3264 3641 3283 3679 :
3311 3627 3536 3694 optimus
3562 3629 3658 3683 ille
3683 3638 3762 3684 est
3777 3672 3796 3696 ,

2391 3714 2490 3781 Qui
2516 3715 2736 3768 minimis
2755 3725 2960 3786 urgetur

2894 3805 3124 3874 (Hann.
3148 3806 3390 3861 Sermon.
3413 3808 3451 3862 l.
3475 3809 3528 3864 i.
3549 3808 3734 3881 Satyr.
3748 3810 3826 3880 3).

2384 3896 2441 3950 2.
2471 3895 2698 3951 Pulchre
2728 3895 2798 3968 (ε)
2831 3899 3050 3966 quidam
3084 3908 3393 3953 nostrorum
3424 3903 3499 3954 ait
3534 3919 3549 3955 :
3582 3903 3893 3972 Philosophi

2318 3986 2634 4056 pariarchie
2678 3986 3090 4053 Hmreticorum,
3139 3988 3398 4044 Ecclesiie
3443 3992 3731 4060 puritatem
3780 4010 3898 4060 per-

2316 4095 2472 4133 versa
2504 4079 2839 4133 maculavere
2866 4080 3147 4146 doctrina;
3182 4090 3240 4135 ut
3266 4083 3511 4138 nesciant
3537 4084 3665 4139 illud
3693 4084 3895 4140 dictum

2318 4170 2387 4224 de
2411 4169 2642 4223 humana
2674 4168 2961 4240 fragilitate
2990 4184 3007 4222 :
3038 4169 3178 4234 Quid
3198 4170 3455 4242 gloriatur
3476 4183 3613 4226 terra
3640 4183 3687 4226 et
3724 4174 3897 4226 cinis!

2322 4260 2506 4333 (Eccli.
2542 4261 2628 4316 10.
2661 4259 2775 4333 49).
2808 4262 3104 4330 praesertim
3135 4260 3220 4334 (ι’)
3272 4276 3395 4316 cuin
3427 4262 3571 4317 idem
3602 4265 3898 4333 Apostolus

2319 4351 2461 4407 dicat
2490 4369 2504 4406 :
2547 4350 2706 4406 Video
2731 4352 2889 4405 aliam
2916 4352 3073 4422 legem
3095 4352 3147 4403 in
3170 4352 3406 4406 membris
3428 4353 3573 4418 meis,
3600 4369 3903 4423 repugnan-

2325 4450 2422 4495 tem
2452 4442 2553 4512 legi
2594 4442 2776 4495 mentis
2820 4455 2966 4500 mete,
2995 4451 3043 4494 et
3080 4441 3347 4494 dncentem
3370 4457 3450 4493 me
3472 4443 3525 4494 in
3551 4443 3905 4510 captivitatem

2325 4532 2501 4600 (Rom.
2529 4534 2582 4586 7.
2620 4531 2735 4603 23).
2770 4532 2836 4585 Et
2863 4534 3059 4586 iterum
3092 4549 3106 4584 τ
3141 4531 3262 4586 Non
3291 4533 3423 4585 enim
3444 4532 3584 4599 quod
3608 4531 3750 4596 volo,
3808 4534 3907 4587 hoc

2321 4637 2466 4691 ago:
2505 4620 2594 4675 sed
2617 4622 2756 4690 quod
2796 4622 2936 4685 nolo,
2961 4621 3018 4673 id
3058 4638 3242 4691 operor
3292 4620 3448 4692 (Ibid.
3479 4616 3588 4690 i9).
3634 4620 3696 4673 Si
3755 4623 3906 4693 quod

2325 4728 2430 4766 non
2461 4711 2576 4765 vult
2605 4720 2882 4780 operatur,
2914 4713 3191 4779 quomodo
3219 4723 3356 4767 stare
3393 4719 3573 4779 potest
3615 4709 3730 4766 hoc
3756 4716 3905 4783 quod

2325 4801 2537 4866 dicitur,
2572 4801 2735 4855 Posse
2781 4800 3054 4855 hominem
3086 4803 3204 4857 sine
3242 4810 3453 4872 peccato
3479 4814 3624 4864 esse,
3656 4802 3703 4856 si
3732 4803 3907 4858 velit?

2325 4893 2437 4961 Qua
2465 4893 2669 4947 ratione
2707 4901 2883 4962 potest
2908 4907 3029 4947 esse
3057 4892 3198 4964 quod
3228 4892 3353 4946 velit
3380 4931 3397 4957 ,
3479 4891 3694 4963 1027
3780 4906 3905 4949 cum

2395 5060 2466 5175 ξι)
2503 5054 2690 5114 Eodem
2711 5076 2858 5115 sensu
2889 5064 2943 5115 ε.
2967 5060 3270 5125 Augustinus
3304 5062 3392 5112 lib.
3431 5063 3478 5113 2.
3502 5071 3689 5136 contra
3721 5064 3909 5138 {ullam

2436 5164 2443 5172 .
2472 5141 2520 5175 n.
2545 5124 2623 5175 23.
2649 5133 2701 5175 et
2723 5125 2775 5175 S.
2798 5126 3079 5174 Ambrosius
3109 5125 3175 5173 de
3211 5124 3325 5175 rutra
3346 5124 3515 5175 seculi
3534 5138 3638 5175 rati.
3666 5126 3713 5175 1.
3743 5128 3796 5175 id
3819 5136 3909 5175 sat:

2329 5137 2375 5175 c.
2397 5124 2520 5188 8.:n.
2545 5124 2623 5175 23.
2649 5133 2701 5175 et
2723 5125 2775 5175 S.
2798 5124 3079 5188 Ambrosius
3109 5125 3175 5173 de
3211 5124 3325 5187 fuga
3346 5124 3515 5175 saeculi
3534 5138 3638 5188 cap.
3666 5126 3713 5176 1.
3743 5128 3796 5176 id
3819 5128 3909 5179 voti

2328 5185 2484 5248 magis
2505 5200 2607 5235 esse
2628 5199 2771 5248 qnam
2792 5187 2983 5248 eﬂ'cctns
3004 5187 3187 5248 dicunt.

2400 5239 2461 5311 (ὲ)
2483 5239 3085 5316 "I‘ertiillianus'adversus
3107 5245 3478 5353 Hermogenem
3501 5258 3547 5296 e.
3572 5246 3657 5297 ιχ.
3688 5265 3712 5295 α
3731 5248 3902 5300 Here-

2334 5309 2537 5372 tico_rum
2565 5307 2863 5372 _Patria_rcb_a:
2885 5305 3159 5372 Philosophi
3184 5318 3199 5354 :
3226 5322 3249 5351 ι
3281 5319 3317 5372 L
3327 5308 3604 5372 eraquede
3629 5309 3907 5372 PrescripL

2335 5382 2380 5417 c.
2419 5370 2469 5419 7.
2516 5386 2538 5415 α
2562 5368 2674 5431 Ipse
2708 5367 2921 5429 denique
2958 5364 3179 5415 haereses
3216 5379 3246 5414 a
3281 5364 3601 5431 Philosophia
3634 5372 3732 5420 ‘sub
3766 5364 3910 5420 ortia-

2336 5437 2473 5556 turl’fl
2491 5436 2686 5556 fliiiose
2707 5501 2765 5537 ac
2784 5485 3104 5556 renuentibus
3131 5484 3249 5536 uss.
3269 5485 3585 5539 lat-tiaberis
3600 5499 3714 5555 ροει
3725 5490 3909 5542 Et“.

2335 5546 2529 5602 cum'de
2546 5550 2719 5601 iisdem
2740 5546 2998 5610 Apostolus,
3023 5552 3121 5596 etc.

2397 5613 2472 5684 (ἒ)
2505 5604 2803 5681 Ειιπθδδιὲὡ
2827 5622 2896 5684 ‘3".
2920 5604 3593 5684 ἓίῖίέτέξὶθλὲδζὲιῖθὲοίφξ
3627 5612 3787 5684 ᾗίίυὲδ
3810 5629 3911 5665 α¹¹¹

2338 5667 2643 5730 ω’ἁὶεδοῐὲδ.
2666 5672 2751 5733 qui
2771 5669 2961 5722 omnino
2981 5667 3229 5718 hominem
3253 5674 3320 5718 ex
3343 5667 3548 5724 homine
3573 5667 3750 5725 tollat?
3772 5692 3797 5721 ι
