3986 6184
1411 238 1448 258 ἱ..

107 317 252 374 1149

104 430 399 503 Apostolus
464 437 670 484 asserat
734 440 793 481 se
841 424 985 495 quod
1035 423 1249 494 cupiat,
1298 423 1522 493 implere
1570 438 1679 479 non

88 522 302 596 posse?
331 520 585 595 Cumque
618 516 686 572 ab
710 516 789 570 eis
827 515 1136 585 quaerimus,
1162 514 1250 584 qui
1281 513 1388 569 sint
1418 513 1515 580 illi,
1546 528 1682 584 quos

94 614 300 681 absque
336 618 576 682 peccato
619 616 829 676 putent,
860 619 997 659 nova
1044 604 1266 674 stropha
1314 603 1551 682 eludere
1581 617 1682 657 cu—

97 676 252 773 piunt
297 676 597 756 veritatem
626 715 641 752 :
673 712 732 752 se
776 711 885 750 non
941 709 1036 750 cos
1063 694 1268 762 dicere,
1298 696 1387 764 qui
1441 676 1570 758 sini,
1597 692 1683 747 vel

100 795 318 853 fuerint,
344 779 567 858 sed'qui
595 803 716 843 esse
741 789 966 857 possint.
995 785 1202 856 Egregii
1231 786 1478 840 doctores
1500 784 1685 838 dicunt

106 898 225 938 esse
268 897 434 953 posse
461 880 599 951 quod
648 863 918 949 nunquam
970 879 1133 932 fuisse
1175 877 1567 943 demonstrant,
1596 875 1681 929 di-

108 983 261 1028 cente
288 972 564 1041 Scriptura
595 986 612 1023 :
647 969 809 1023 Omne
833 968 969 1037 quod
994 971 1222 1038 futurum
1242 976 1333 1028 est,
1354 967 1467 1035 jam
1487 968 1683 1035 factum

109 1074 176 1117 est
200 1050 269 1117 in'
284 1063 449 1131 priori
470 1071 693 1130 tempore
721 1059 943 1132 (Eccles.
971 1059 1023 1112 1.
1058 1056 1139 1128 9).
1173 1055 1357 1126 Neque
1386 1071 1527 1109 nunc
1551 1054 1680 1109 mihi

111 1160 331 1208 neceSse
359 1162 443 1208 est
468 1152 548 1206 ire
578 1167 673 1220 per
699 1151 941 1220 singulos
970 1149 1288 1202 Sanctorum
1308 1187 1323 1211 ,
1348 1156 1406 1200 et
1447 1145 1596 1216 quasi
1629 1146 1680 1198 in

107 1259 337 1313 corpore
390 1234 757 1311 pulcherrimo
807 1255 970 1294 nevos
1027 1237 1288 1307 quosdam
1339 1249 1394 1290 et
1446 1237 1682 1288 maculas

107 1333 517 1388 demonstrare:
548 1333 689 1402 quod
736 1330 977 1399 plerique
1026 1326 1338 1382 Nostrorum
1369 1325 1681 1393 simpliciter
1710 1362 1715 1365 -

108 1423 326 1489 faciunt,
359 1440 480 1478 cum
514 1423 695 1491 paucis
739 1420 1081 1475 sententiolis
1124 1418 1522 1486 Scripturarum
1553 1430 1679 1484 pos-

106 1516 213 1568 sint
265 1513 677 1575 llwreticormn,
709 1521 763 1565 et
795 1526 889 1580 per
915 1524 1009 1562 cos
1037 1507 1482 1575 PhilosOphorum
1523 1519 1680 1573 argu-

108 1613 282 1658 tncnta
327 1604 599 1659 com-inci.
649 1601 784 1669 Quid
832 1600 975 1653 enim
1044 1598 1175 1653 dicit
1221 1612 1315 1651 vas
1362 1595 1679 1650 electionis?

106 1692 360 1748 Conclusit
402 1691 546 1745 Deus
584 1692 756 1744 omnia
794 1690 884 1742 sub
921 1700 1152 1758 peccato,
1184 1698 1237 1739 ut
1267 1688 1492 1739 omnium
1530 1685 1680 1737 mise-

105 1796 273 1839 reatur
314 1781 497 1853 (Rom.
533 1783 617 1836 11.
666 1781 775 1850 32).
814 1781 877 1833 Et
909 1780 960 1832 in
1010 1778 1115 1831 alio
1145 1777 1283 1838 luco,
1317 1759 1502 1827 Omnes
1546 1773 1679 1825 enim

107 1883 458 1945 peccaverunt,
503 1882 550 1925 et
592 1872 823 1941 indigent
869 1870 1038 1940 gloria
1096 1869 1192 1920 Dei
1238 1865 1401 1936 (Ibid.
1461 1865 1516 1917 5.
1561 1862 1673 1933 25).

108 1967 458 2023 Ecclesiastes
486 1977 721 2033 quoque,
767 1976 860 2029 per
884 1974 1041 2029 quem
1090 1973 1149 2012 se
1187 1957 1384 2012 cecinit
1428 1955 1540 2025 ipsa
1587 1969 1677 2007 sa-

106 2058 316 2127 pientia,
348 2056 523 2109 libere
565 2060 916 2122 protestalur,
945 2059 998 2103 et
1024 2048 1154 2102 dicit
1188 2064 1202 2101 :
1249 2044 1370 2099 Non
1413 2056 1485 2098 est
1531 2044 1668 2097 enim

105 2152 245 2203 homo
282 2134 462 2220 justus
507 2160 657 2214 super
702 2136 906 2206 terram,
929 2141 1014 2210 qui
1053 2140 1206 2208 faciat
1260 2138 1442 2190 bonum
1488 2145 1533 2188 ct
1578 2150 1679 2189 non

104 2248 265 2310 peccet
292 2236 523 2309 (Eccles.
546 2235 608 2288 7.
637 2233 757 2301 2i).
808 2232 872 2286 Et
916 2232 1106 2284 iterum
1141 2247 1154 2282 :
1186 2227 1245 2281 Si
1271 2226 1546 2295 peccaverit
1592 2239 1681 2291 po-

102 2329 246 2401 pulus
274 2338 406 2391 tuus,
450 2342 549 2378 non
579 2334 649 2378 est
688 2322 824 2376 enim
880 2324 1028 2375 homo
1074 2318 1161 2389 qui
1207 2333 1307 2370 non
1347 2324 1513 2385 peccet
1546 2314 1677 2385 (lbi-

105 2419 267 2488 dem).
321 2417 433 2472 Et:
481 2415 594 2485 quis
638 2412 938 2484 gloriabitur
979 2419 1172 2464 castum
1228 2423 1282 2460 se
1324 2405 1507 2458 habere
1555 2405 1682 2458 cor?

108 2508 282 2580 (Prov.
311 2507 405 2562 ‘20.
457 2504 538 2576 9).
572 2504 679 2560 Et:
724 2519 824 2557 non
868 2510 940 2555 est
984 2499 1204 2553 mundus
1242 2514 1273 2550 α
1314 2497 1483 2560 sorde,
1523 2511 1613 2548 nec
1637 2495 1683 2548 si

109 2601 251 2653 unius
278 2599 375 2652 diei
404 2597 571 2667 fuerit
600 2610 752 2664 super
772 2604 956 2647 terram
979 2591 1081 2645 vita
1102 2591 1234 2656 eius.
1262 2587 1415 2642 Unde
1436 2595 1488 2641 et
1518 2585 1681 2661 David

113 2690 232 2743 dicit
262 2707 275 2742 :
306 2688 447 2742 Ecce
488 2687 620 2740 enim
646 2688 700 2738 in
728 2682 1079 2753 iniquitatibus
1103 2688 1375 2749 conceptus
1404 2693 1535 2739 sum,
1558 2685 1606 2729 et
1627 2676 1683 2731 in

114 2778 303 2831 delictis
347 2777 585 2844 concepit
613 2790 694 2827 me
724 2783 883 2827 mater
922 2788 1033 2825 utea
1083 2758 1341 2839 (Ps.i50.
1393 2768 1470 2839 7).
1516 2765 1584 2821 Et
1630 2766 1682 2821 in

114 2872 210 2923 alio
239 2868 459 2923 Psahno
491 2884 504 2918 :
539 2864 660 2919 Non
703 2864 1061 2933 iustiﬁcabitur
1085 2863 1137 2915 iu
1164 2870 1431 2930 conspectu
1457 2870 1545 2912 tuo
1574 2874 1682 2911 om-

115 2963 188 3015 nis
211 2963 378 3014 vivens
414 2956 536 3032 (Ps.
564 2957 688 3011 142.
736 2955 818 3023 2).
845 2952 995 3021 Quod
1025 2951 1385 3006 testiinonium
1435 2949 1534 3003 sub
1585 2965 1682 3003 no-

118 3056 250 3108 mine
279 3055 498 3123 pietatis
537 3063 673 3102 nova
719 3045 1186 3115 argumentatione
1212 3042 1489 3097 deludunt.
1522 3041 1686 3094 Aiunt

117 3144 251 3197 enim
280 3142 346 3195 ad
378 3138 835 3208 comparationem
859 3134 955 3189 Dei
981 3134 1185 3186 nullum
1212 3146 1331 3185 esse
1367 3124 1682 3199 perfectum,

118 3234 265 3303 quasi
296 3232 572 3298 Scriptura
616 3228 731 3280 hoc
761 3224 978 3301 dixerit.
1022 3222 1205 3292 Neque
1231 3221 1371 3275 enim
1404 3221 1514 3272 ait:
1562 3217 1684 3299 Non

112 3322 476 3394 justi/imbitur
502 3318 571 3372 ad
590 3315 1015 3387 comparationem
1040 3312 1111 3364 tui
1135 3312 1296 3364 omnis
1326 3310 1488 3363 vivens
1507 3326 1525 3361 :
1567 3292 1684 3373 sed,

121 3432 217 3468 non
273 3410 646 3483 justiﬁcabitur
697 3406 751 3459 in
817 3412 1088 3471 conspectu
1144 3410 1229 3454 tuo
1288 3399 1450 3451 omnis
1500 3398 1682 3471 vivens.

125 3504 343 3569 Quando
392 3502 533 3555 enim
577 3498 725 3561 dicit,
755 3498 807 3549 in
858 3503 1130 3563 conspectu
1180 3500 1285 3555 tuo,
1334 3488 1437 3544 hoc
1466 3487 1688 3557 intelligi

124 3595 253 3660 vult,
299 3593 442 3663 quod
491 3591 652 3644 etiam
707 3586 797 3657 qui
854 3583 1161 3638 hominibus
1205 3580 1373 3634 sancti
1420 3578 1687 3642 videntur,

130 3683 216 3740 Dei
264 3684 504 3741 scientia:
536 3693 697 3748 atque
745 3678 948 3733 notitia:
981 3689 1314 3744 nequaquam
1346 3670 1515 3725 sancti
1559 3670 1688 3724 sint.

127 3775 293 3829 llomo
315 3774 456 3828 cnim
539 3770 750 3843 1028
819 3768 962 3822 videt
986 3765 1038 3819 in
1062 3763 1219 3828 facie,
1255 3762 1393 3816 Deus
1431 3771 1610 3815 autem
1638 3759 1689 3813 in

129 3866 302 3921 corde.
359 3865 417 3920 Si
445 3874 623 3918 autem
657 3861 972 3929 inspiciente
1021 3857 1130 3910 Deo
1157 3863 1211 3909 et
1239 3854 1417 3907 omnia
1445 3862 1691 3908 contem-

130 3957 329 4022 plantc,
357 3967 518 4022 quem
562 3951 742 4004 cordis
780 3963 972 4002 arcana
1023 3960 1130 3999 non
1164 3944 1372 4005 fallunt,
1404 3944 1585 3996 nullus
1613 3951 1697 3994 est

129 4044 336 4113 justus:
369 4040 652 4111 perspicue
678 4036 1000 4099 ostenditur,
1034 4032 1333 4095 lucreticos,
1368 4046 1473 4084 non
1517 4029 1695 4083 homi-

134 4152 248 4189 nem
278 4135 334 4187 in
384 4129 595 4186 excelsa
624 4126 948 4190 susmllere;
979 4123 1074 4178 sed
1128 4122 1222 4177 Dei
1254 4124 1510 4191 potentia:
1536 4119 1696 4173 dero-

134 4239 296 4295 gare:
334 4222 609 4289 multaque
653 4219 779 4282 alia,
807 4229 926 4285 qua!
973 4215 1018 4269 si
1048 4214 1113 4268 de
1161 4211 1458 4280 Scriptnris
1497 4208 1699 4264 sanctis

137 4316 349 4370 voluero
378 4323 730 4381 congregare,
762 4321 868 4360 non
896 4305 1069 4359 dicam
1117 4302 1397 4373 Epistolas,
1425 4300 1518 4354 sed
1551 4299 1700 4351 volu-

140 4405 289 4458 minis
314 4417 529 4474 quoque
557 4398 814 4455 excedam
842 4395 1079 4450 modum.

205 4496 257 4550 ὅ.
297 4495 443 4548 Nihil
492 4491 617 4546 novi
666 4496 935 4550 asserunt,
966 4487 1055 4556 qui
1101 4486 1152 4539 in
1203 4482 1565 4553 hujuscemodi
1607 4497 1700 4550 ap-

144 4585 418 4653 plaudcnte
465 4584 566 4640 sibi
610 4580 854 4654 pcrlidia,
885 4578 1155 4646 simplices
1185 4577 1401 4647 quidem
1448 4585 1502 4630 et
1552 4573 1702 4628 indo-

144 4685 251 4729 ctos
293 4676 608 4745 decipiunt:
652 4671 746 4725 scd
801 4668 1213 4723 Ecelesiasﬁcos
1262 4668 1408 4721 viros
1436 4707 1452 4730 ,
1500 4668 1591 4737 qni
1649 4666 1700 4719 in

147 4763 255 4834 lege
300 4766 427 4830 Dei,
471 4765 559 4818 die
606 4778 666 4816 ac
706 4771 863 4815 nocte
908 4759 1252 4823 meditantur,
1301 4757 1551 4826 decipere
1597 4772 1701 4811 non

150 4855 339 4908 valent.
372 4855 577 4909 Pudeat
632 4868 763 4919 ergo
811 4864 909 4904 eos
963 4848 1280 4917 principium
1328 4859 1383 4902 et
1434 4848 1703 4902 sociorum

148 4957 377 5010 suorum,
430 4947 521 5016 qui
574 4946 766 5008 aiunt,
816 4957 974 5011 posse
1004 4939 1278 4995 hominem
1331 4940 1448 4995 sine
1489 4951 1706 5009 peccato

150 5047 264 5088 esse
285 5037 327 5089 si
355 5037 502 5101 velit,
530 5034 671 5104 quod
698 5031 868 5088 Gnaei
900 5031 1085 5085 dicunt
1113 5031 1461 5098 ἀναμάρτητον.
1497 5031 1560 5083 Et
1584 5030 1706 5098 quia

157 5120 247 5177 hoc
277 5126 347 5196 (α)
381 5126 737 5182 Eeclesiarum
788 5136 883 5191 per
906 5121 1179 5176 Orientem
1238 5132 1395 5172 aures
1423 5118 1561 5172 ferre
1602 5135 1708 5172 non

166 5226 397 5284 possunt,
425 5216 675 5272 simulant
724 5227 807 5279 se,
838 5213 949 5265 sine
994 5218 1219 5279 peccato,
1247 5207 1466 5278 quidem
1506 5206 1705 5269 dicere,

157 5304 244 5359 sed
281 5309 610 5381 ἀναμάρτητον
641 5306 821 5360 dicere
853 5319 957 5357 non
1003 5301 1235 5365 audere;
1267 5297 1341 5370 (b)
1367 5299 1516 5368 quasi
1567 5297 1707 5351 aliud

221 5432 283 5497 (al
316 5438 538 5502 Yulgaris
558 5439 795 5502 siquidem
825 5436 949 5502 apud
971 5434 1167 5502 Graecos
1203 5440 1309 5483 erat
1331 5431 1412 5480 illa
1434 5430 1675 5479 sententia
1693 5463 1709 5486 ,

159 5495 245 5571 (9);}
272 5495 541 5571 sol'ts'smc
582 5495 780 5571 peccato
811 5495 955 5571 Deus
986 5495 1258 5554 dicebatur,
1281 5505 1302 5543 ὁ
1323 5506 1429 5554 μόνος
1449 5504 1709 5553 ἀηιάρτητης,

164 5553 261 5603 Vid.
286 5553 592 5610 Clemeatum
608 5559 1002 5608 Alexandrinum.
1246 5553 1250 5554 ν
1709 5577 1713 5580 ν

195 5675 203 5683 ,
225 5614 283 5680 ἰϋ)
319 5621 519 5677 lluetio,
543 5620 747 5681 aliisque
780 5620 933 5683 doctis
956 5618 1102 5677 viris,
1128 5614 1223 5664 falli
1264 5614 1368 5676 ipse
1392 5611 1712 5683 liicronymns

165 5681 358 5743 videtur,
382 5684 462 5747 qui
493 5695 741 5744 ἀναμάρτητον
779 5681 903 5729 idem
939 5691 1051 5729 esse
1086 5683 1263 5729 statuat
1284 5688 1342 5726 ac
1361 5681 1462 5726 sine
1507 5682 1716 5741 peccato,

1416 310 1745 367 EPISTOLA
1787 308 1923 364 CXX
1938 308 2046 363 XII.

3222 313 3361 373 1150

1774 423 1855 483 sit
1892 421 2001 475 sine
2041 429 2269 493 peccato,
2296 420 2440 478 aliud
2487 424 2852 494 ἀναμάρτητον,
2890 431 3081 479 etnon
3110 423 3358 485 Graecum

1780 528 2113 581 sermonem,
2143 514 2237 591 qui
2285 514 2427 584 apud
2475 498 2971 586 illos-compositus
2999 524 3104 581 est,
3149 517 3360 587 duobus

1776 602 1963 671 verbis
1989 617 2169 658 sermo
2210 602 2436 657 Latinus
2466 603 2814 672 expresserit.
2844 601 2905 658 Si
2931 603 3116 675 absque
3156 619 3360 675 peccato

1788 689 1945 755 dicis,
1978 702 2032 747 et
2061 695 2399 762 ἀναμάρτητον
2425 690 2703 759 ἀὶεθνάιθ,
2731 692 3002 764 difﬁteris,
3034 693 3226 749 damna
3264 712 3360 752 eos

1777 796 1912 849 ergo
1945 783 2033 849 qui
2065 782 2139 853 (e)
2180 786 2520 853 ἀναμάρτητρν
2568 783 2884 853 praidicant.
2911 784 3016 838 Sed
3047 799 3171 849 non,
3205 786 3355 841 iacis.

1768 871 1936 931 .Nosti
1963 873 2106 927 enim
2134 873 2261 942 quid
2311 875 2636 928 intrinsecus
2662 875 2957 943 discipulos
2988 884 3106 929 tuos
3131 875 3351 939 doceas,

1776 961 1927 1037 aliud
1964 976 2059 1016 ore
2088 976 2540 1034 commemorans,
2575 971 2630 1015 et
2674 963 2818 1017 aliud
2838 965 3048 1039 caelans
3072 968 3357 1020 conscien-

1781 1051 1854 1105 tia
1884 1067 1899 1104 :
1934 1052 2195 1122 nobisque
2223 1054 2415 1108 alienis
2443 1064 2498 1108 et
2525 1054 2755 1109 indoctis
2812 1055 3047 1125 loqueris
3076 1072 3174 1126 per
3198 1072 3359 1127 para-

1781 1143 1951 1206 bolas,
1982 1143 2087 1198 tuis
2109 1154 2289 1199 autem
2331 1145 2585 1214 mysteria
2610 1147 2884 1201 conﬁteris
2917 1164 2932 1201 :
2957 1178 2960 1182 λ
2981 1156 3036 1201 et
3076 1148 3178 1202 hoc
3198 1148 3350 1217 juxta

1780 1232 2108 1299 Scripturam
2143 1243 2193 1288 te
2221 1238 2397 1290 facere
2420 1236 2625 1304 iactas;
2648 1237 2769 1306 quia
2798 1236 2997 1290 dictum
3028 1248 3112 1293 est
3144 1253 3160 1294 :
3191 1238 3351 1292 turbis

1778 1323 1928 1379 Iesus
1976 1326 2029 1379 in
2077 1327 2334 1396 parabolis
2384 1325 2679 1397 loquebatur
2729 1326 2879 1400 (Luc
2906 1327 2961 1382 8.
3013 1326 3116 1398 20)
3143 1346 3157 1383 :
3184 1314 3240 1382 et
3286 1330 3354 1383 ad

1779 1414 2075 1485 discipulos
2103 1416 2156 1470 in
2187 1415 2351 1471 domo
2390 1418 2522 1472 dicit
2551 1435 2564 1471 :
2610 1415 2758 1472 Vobis
2783 1419 2961 1475 datum
2986 1429 3057 1471 est
3080 1419 3210 1485 scire
3243 1435 3353 1488 mg-

1779 1507 1935 1568 steria
1954 1507 2096 1576 regni
2113 1507 2377 1573 malorum,
2396 1508 2501 1571 illis
2521 1517 2686 1561 autem
2710 1525 2810 1577 non
2837 1520 2909 1561 est
2935 1509 3109 1563 datum
3137 1509 3352 1579 (Matth.

1777 1596 1869 1671 l5.
1896 1594 2008 1666 11).
2041 1597 2146 1650 Sed
2189 1608 2241 1669 ut
2269 1597 2449 1653 dicere
2474 1613 2769 1667 coeperam,
2814 1614 3078 1669 exponam
3122 1600 3357 1655 breviter

1780 1685 2078 1754 principum
2102 1696 2163 1755 et
2188 1686 2460 1741 sociorum
2502 1697 2721 1757 tuorum
2757 1689 2994 1746 nomina.
3023 1699 3078 1742 ut
3108 1689 3353 1742 animad-

1776 1784 1978 1837 vertas,
2007 1776 2245 1842 qualium
2278 1776 2552 1829 consiirtio
2577 1776 2847 1844 gloriaris.
2877 1776 3203 1829 Manichtens
3245 1780 3353 1830 ele-

1778 1871 1894 1914 ctos
1914 1875 2063 1926 suos,
2094 1877 2230 1930 quos
2261 1864 2338 1931 (τι)
2383 1865 2521 1916 inter
2548 1867 2721 1930 ἀψὶδας
2753 1863 2988 1919 Platonis
3044 1866 3252 1936 1029
3301 1865 3356 1919 in

1778 1950 2090 2003 coelestibus
2115 1950 2381 2015 collocat,
2413 1952 2542 2005 dicit
2589 1955 2731 2005 omni
2758 1967 2944 2007 carere
2994 1969 3229 2022 peccato,
3258 1969 3359 2008 nec

1779 2040 1825 2093 si
1853 2040 2040 2105 velint,
2067 2054 2225 2109 posse
2257 2054 2501 2109 peccare.
2530 2042 2609 2094 Ad
2641 2051 2785 2095 tanta
2815 2045 2956 2095 enim
2984 2058 3076 2096 eos
3103 2045 3355 2098 virtutum

1780 2131 2018 2185 culmina
2052 2131 2468 2197 transcendisse,
2497 2142 2556 2186 ut
2585 2135 2765 2187 carnis
2796 2134 3052 2203 operibus
3100 2132 3352 2191 illudanl.

1784 2222 2152 2277 Priscillianus
2180 2223 2233 2276 in
2264 2222 2519 2291 Hispania
2548 2238 2672 2291 pars
2700 2223 2978 2277 Manicluei
3005 2223 3096 2294 (de
3119 2225 3353 2293 turpitu-

1781 2312 1906 2367 dine
1931 2315 2085 2380 cujus
2118 2325 2169 2368 te
2194 2314 2442 2382 discipuli
2475 2314 2705 2384 diligunt
2753 2315 3082 2385 plurimum)
3133 2315 3357 2385 verbum

1782 2404 2149 2473 perfectionis.
2174 2414 2229 2459 et
2256 2404 2495 2459 scientia:
2525 2404 2618 2458 tibi
2640 2414 2840 2459 temere
2869 2406 3223 2471 vindicantes,
3255 2384 3357 2459 soli

1781 2509 1901 2549 cum
1934 2495 2065 2549 solis
2088 2494 2414 2549 clauduntur
2443 2495 2793 2563 mulierculis,
2823 2505 2880 2551 et
2930 2496 3062 2551 illud
3109 2497 3190 2552 eis
3219 2497 3360 2552 inter

1781 2586 1981 2641 coitum
2007 2586 2395 2656 amplexusque
2421 2585 2709 2640 decantant
2742 2604 2756 2641 :

1892 2694 2018 2749 Tum
2045 2706 2189 2767 pater
2210 2698 2524 2767 onmipotens
2552 2688 2801 2769 facundis
2826 2700 3067 2756 imbribus
3095 2701 3251 2755 aliter

1890 2786 2131 2857 Conjugis
2155 2787 2207 2840 in
2234 2789 2477 2857 gremium
2505 2788 2635 2841 laeta:
2660 2788 2909 2843 descendit
2937 2807 2951 2844 :
2978 2801 3023 2844 et
3048 2808 3219 2846 omnes

1888 2877 2113 2948 Magnus
2137 2877 2253 2943 alit,
2280 2895 2462 2949 magno
2490 2880 2789 2933 commixtus
2815 2897 3042 2951 corpore,
3073 2885 3240 2952 fretus.

2560 2967 2787 3038 (VIRCIL.
2823 2970 3004 3042 Georg.
3029 2971 3111 3042 2).

1793 3112 1797 3116 -
1854 3078 1951 3146 Qui
1980 3078 2193 3148 quidem
2221 3088 2420 3147 partem
2452 3077 2650 3133 habent
2678 3079 2943 3135 Gnosticte
2973 3083 3259 3153 haereseos,
3291 3087 3361 3144 de

1786 3170 2033 3225 Basilidis
2075 3171 2347 3239 impietate
2384 3171 2708 3225 venientem.
2738 3172 2890 3228 Unde
2920 3183 2974 3229 et
3000 3191 3097 3229 vos
3121 3180 3360 3234 asseritis

1786 3279 1902 3324 eos,
1951 3263 2039 3332 qui
2084 3262 2287 3332 absque
2331 3263 2461 3332 legis
2501 3263 2725 3317 scientia
2758 3274 2901 3336 sunt,
2946 3277 3158 3335 peccata
3191 3271 3361 3326 vitare

1788 3371 1891 3408 non
1940 3369 2116 3423 posse.
2160 3353 2295 3420 Quid
2330 3354 2516 3424 loquor
2545 3352 2640 3425 [al.
2678 3354 2880 3428 loquar]
2910 3357 2978 3412 de
3006 3359 3360 3426 Priscilliano,

1789 3444 1878 3512 qui
1916 3451 1970 3497 et
2010 3443 2187 3496 saeculi
2215 3442 2415 3512 gladio,
2456 3452 2511 3497 et
2553 3445 2715 3497 totius
2751 3447 2896 3498 orbis
2941 3448 3258 3514 auctoritate
3288 3448 3361 3522 (e)

1789 3557 2088 3628 compedes
2111 3553 2470 3628 jinpeccabitern
2506 3568 2571 3604 ex
2609 3569 2777 3628 eorum
2809 3559 3056 3608 sententia
3090 3560 3363 3628 signiﬁcet;

1790 3630 1885 3684 nec
1908 3615 2015 3679 ipse
2036 3615 2267 3677 Pelagius
2291 3618 2529 3678 perfectos
2554 3618 2736 3684 peccati
2762 3620 2882 3684 inca;
2900 3632 3014 3684 aces
3038 3615 3189 3670 vellet
3214 3615 3362 3684 esse,

1903 3685 2099 3752 peccato
2120 3690 2456 3752 carereyosse
2483 3691 2495 3725 :
2518 3679 2646 3752 quod
2671 3690 2779 3752 cum
2805 3679 2947 3752 liberi
2972 3683 3156 3752 arbitrii
3184 3679 3367 3752 viribus

1793 3738 1918 3788 eﬂici
1942 3750 2084 3800 posse
2105 3738 2444 3797 contenderet,
2470 3738 2794 3800 vehementer
2812 3741 2860 3787 in
2884 3739 2979 3788 ﬁde
2999 3744 3209 3790 errabat.
3229 3743 3365 3792 Idem

1791 3798 1959 3869 dicunt
1977 3798 2041 3869 de
2061 3811 2310 3860 άναμιρτησια
2324 3798 2616 3869 quampiam
2634 3798 2773 3869 Hier.
2791 3799 2904 3869 fere
2920 3801 3367 3869 reddit-impacati-

1795 3858 1933 3921 tiam,
1958 3860 2069 3921 sive
2086 3857 2420 3918 nan'peccare,
2449 3857 2515 3904 illi
2539 3870 2569 3904 e
2592 3860 2834 3921 contrario
2860 3864 3059 3921 vertunt
3076 3857 3365 3921 implacabi-

1796 3919 2011 3983 litat_e_m,_
2035 3920 2140 3966 sive
2161 3916 2256 3983 non
2453 3929 2670 3983 peccare.
2696 3916 2796 3965 Nos
2817 3918 2942 3979 quod
2974 3920 3029 3983 _in
3054 3916 3186 3968 hisce
3211 3920 3367 3983 expli-

1798 3979 1964 4043 candis
2000 3977 2459 4043 immoraridiulius
2497 3978 2687 4043 pigeat,
2713 3991 2810 4026 uno
2837 3977 2903 4027 ‘et
2942 3978 3123 4043 altero_
3139 3977 3368 4043 exemplo

1796 4038 2215 4101 Hieronymianam
2246 4038 2694 4101 interpretationem
2728 4050 2785 4086 ac
2806 4048 3002 4101 sensum
3033 4039 3227 4090 defendi
3250 4038 3367 4091 con-

1801 4097 2057 4148 tendimiis.
2082 4098 2312 4147 Nimirum
2334 4097 2443 4146 cum
2475 4097 2708 4147 adulterae
2738 4099 2961 4148 mulieris
2996 4113 3210 4150 morosos
3229 4112 3370 4151 accué

1798 4166 1986 4209 sutores
2007 4158 2227 4209 Christus
2246 4158 2483 4226 Dominus
2505 4157 2658 4226 vellet
2678 4157 2942 4226 repellere,
2964 4171 2986 4211 ὁ
3008 4161 3180 4226 inquit,
3201 4175 3370 4226 agape,-

1798 4245 1907 4279 τητος
1927 4233 2025 4279 ήιῦν
2039 4236 2194 4282 πρῶτος,
2215 4228 2331 4276 etc.,
2352 4232 2449 4284 quo
2467 4219 2636 4284 inloco
2652 4217 2794 4284 plane
2817 4217 3000 4270 .nnstat
3013 4217 3372 4284 impeccabilent

1802 4294 1969 4335 vocem
1994 4279 2244 4348 Was
2267 4279 2686 4348 nonIsigniticare‘,
2709 4282 2796 4330 sed
2823 4279 3128 4348 tantum
3159 4292 3369 4348 peccato,

1800 4339 2202 4412 quemadmOdum
2248 4339 2578 4412 et_Vuli5atus
2600 4341 2873 4412 ‘iuterpres
2915 4339 3199 4412 reddit,__ét
3243 4339 3374 4412 verti

1801 4401 1996 4451 omnino
2019 4412 2228 4449 necesse
2255 4406 2349 4450 est.
2373 4401 2454 4449 Ad
2471 4401 2694 4450 eumdem
2719 4401 2910 4451 modum
2934 4401 3376 4457 tradit'ﬂerodotus

1802 4462 1891 4512 lib.
1915 4463 1963 4512 5.
1988 4475 2042 4529 e:_
2056 4461 2132 4510 '59.
2151 4461 2216 4510 de
2236 4461 2594 4515 Anaxandride.
2618 4464 2703 4525 qui
2724 4481 2872 4529 pun.
2889 4478 3017 4529 ιρῠαν
3037 4478 3303 4529 eum”,
3325 4469 3375 4517 id

1804 4530 1900 4581 est,
1924 4521 2177 4587 mulierem
2189 4558 2202 4577 .
2228 4534 2337 4587 quia
2357 4534 2450 4571 non
2471 4521 2777 4587 peccaverat.
2800 4526 3049 4575 dimittere
3073 4521 3256 4587 noluit;
3284 4521 3377 4578 nec
3470 4527 3476 4532 ’

1802 4581 2203 4696 tan?emitntellexit.
2237 4581 2631 4646 impeccabilem,
2671 4599 2762 4634 seu
2796 4598 2906 4647 quae
2939 4584 3145 4646 peccare
3167 4581 3264 4635 non
3286 4600 3375 4650 po-

1873 4659 1907 4695 s
1980 4680 1990 4691 .

1861 4659 1990 4695 isset.

1828 4746 1835 4751 -
1873 4705 1935 4781 (ο)
1975 4704 2161 4781 Vitiosa
2188 4706 2241 4781 i9
2264 4704 2526 4781 ιειέιῖιίειιξξεί
2553 4707 2764 4781 saniore
2789 4706 3381 4781 tantudmemaad

1804 4773 1849 4818 te
2134 4768 2421 4838 prmijcant.
2448 4768 2675 4838 Voculam
2696 4773 2759 4825 te,
2783 4768 2843 4838 ab
2865 4769 3079 4838 antiquis
3102 4768 3218 4838 Mss.
3243 4768 3376 4838 aliis-

1805 4830 1905 4891 que
1928 4829 2074 4878 editis
2090 4829 2337 4887 admoniti,
2359 4830 2635 4888 amovimus,
2661 4841 2756 4877 non
2780 4836 2833 4877 ut
2852 4829 3145 4890 superﬂuam
3173 4836 3378 4889 tantum,

1805 4890 1894 4940 sed
1916 4889 2042 4952 quod
2063 4895 2613 4952 sensum_pervert_eret.
2656 4944 2668 4952 α
2784 4946 2797 4952 _
2946 4947 2959 4952 _
2995 4948 3005 4952 Α
3142 4948 3152 4952 _
3180 4948 3188 4952 Δ

1870 4944 1948 5012 (αδ
1981 4949 2108 5012 Olim
2132 4956 2238 4998 erat
2258 4944 2381 5012 inter
2403 4947 2587 5012 animas
2610 4944 2846 5012 PlatonisJ
2880 4947 3116 5012 velinter
3133 4948 3300 5010 ideas,
3327 4955 3382 5000 et

1807 5008 2004 5073 formas.
2030 5010 2327 5073 impressam
2343 5008 2625 5065 lectionem.
2647 5021 2789 5070 quam
2810 5010 3121 5073 Benedictini
3142 5008 3378 5073 restitue-

1809 5069 1941 5134 runt,
1964 5069 2158 5134 codices
2180 5069 2343 5134 nostri.
2353 5082 2529 5134 magno
2550 5069 2753 5134 numero
2774 5070 3084 5134 continuant,
3107 5071 3195 5134 qui
3218 5077 3380 5134 tamen

1810 5127 2116 5198 frequentius
2136 5128 2301 5198 latinis
2330 5127 2510 5198 litteijs
2530 5128 2749 5198 absidas,
2782 5127 3275 5198 ut_Ambro_siaiius_§.
3296 5133 3377 5198 ιβ.

1810 5185 2410 5260 vel'apss'dasprteferunt.
2443 5185 2665 5260 Espljcat
2687 5185 2805 5241 vero
2840 5192 3167 5260 'ljertullianus
3205 5191 3290 5260 lib.
3314 5194 3380 5242 de

1812 5250 1967 5321 anima
1989 5261 2095 5321 cap.
2117 5251 2197 5299 54.
2213 5251 2306 5321 .uhi
2336 5267 2359 5295 ι
2378 5250 2798 5321 apud_Platonet_n,_
2819 5268 2853 5321 ιι⁵
2872 5253 3044 5321 inquit,
3076 5271 3099 5298 ι
3120 5256 3169 5302 in
3192 5253 3382 5321 aethere

1810 5311 2128 5381 sublimantur
2148 5311 2321 5381 apimte
2337 5313 2600 5381 sapientes,
2623 5312 2750 5381 apud
2772 5311 3012 5381 A_r_ium'in
3034 5311 3228 5381 aerem,
3255 5315 3381 5381 apud

1813 5371 2141 5441 Stoicos__sub
2177 5370 2436 5441 Lunamfs
2461 5379 2534 5441 _ut
2568 5370 2692 5441 scitis
2720 5387 2755 5441 ρ
2797 5374 3004 5441 Platone
3042 5370 3261 5441 apsidas,
3286 5370 3383 5423 ’γει

1812 5439 1946 5495 ἀψῖδες
1961 5431 2203 5498 Δεεξιὶιθιιεεειι
2214 5431 2436 5498 joluisse
2449 5432 2689 5498 intelligi.
2713 5432 2892 5498 fatifer
2909 5431 3124 5498 nostrum
3149 5435 3385 5498 Hierony-

1814 5491 1945 5563 mum
1960 5494 2008 5563 in
2023 5504 2128 5563 cap:
2146 5492 2193 5540 4.
2212 5491 2435 5563 Epist._ad
2447 5491 2697 5563 presios.
2713 5493 2900 5563 Plinius
2923 5495 3005 5544 lib.
3024 5496 3072 5563 ξ.
3091 5509 3134 5545 e.
3150 5497 3225 5547 15.
3244 5491 3386 5559 Apst-

1813 5553 1899 5601 das
1917 5564 1946 5600 a
1970 5551 2151 5614 Graecis
2171 5551 2439 5614 appellatos
2458 5551 2706 5603 stellarum
2729 5557 2934 5608 circulos
2954 5557 3115 5606 tradit.

1880 5614 1948 5675 (e)
1983 5612 2025 5686 _A
2046 5612 2577 5686 maximollmperayire
2596 5624 2704 5677 post
2722 5617 2925 5686 duorum
2941 5616 3260 5669 Conciliornm
3282 5631 3391 5669 ana-

1817 5674 2027 5725 themata
2052 5679 2109 5724 all
2133 5688 2210 5722 an.
2236 5674 2527 5739 ὅΒῦίοτῳίιὶε
2549 5674 2800 5729 daumatus
2824 5685 2916 5728 est.
