3986 6184
82 312 229 372 1153

75 439 406 496 peraturam
441 446 459 487 :
493 429 604 500 qui,
625 428 774 497 juxta
805 425 1166 490 Ezeclttelem,
1195 422 1389 478 liniunt
1415 422 1671 492 parietem

77 517 300 586 absque
366 524 818 587 temperamento,
873 524 930 570 et
978 513 1388 584 superveniente
1438 511 1681 566 veritatis

77 607 296 673 pluvia,
331 608 706 677 dissipantur?
739 607 924 661 Simon
946 605 1128 674 Magos
1150 604 1394 658 literesim
1422 602 1679 666 condidit,

77 693 316 751 Helena:
361 698 666 752 meretricis
697 697 911 766 adjutus
955 696 1177 750 auxilio.
1222 693 1469 747 Nicolans
1499 692 1683 746 Antio-

77 786 299 842 chenus
325 790 576 843 omnium
599 790 1059 844 immunditiarum
1087 797 1349 858 repertor,
1375 786 1570 840 choros
1591 785 1683 839 du-

79 879 159 930 xit
198 879 501 935 lexnineos.
539 881 772 935 Marcion
813 881 1036 934 Romam
1082 879 1340 949 praemisit
1378 877 1677 942 mulierem,

79 983 205 1036 quae
267 967 633 1036 decipiendos
680 971 779 1024 sibi
831 971 1038 1023 animos
1078 976 1422 1037 praepararet.
1467 965 1679 1034 Apelles

80 1057 481 1125 Philumenetu
521 1056 616 1130 [aL
651 1057 1023 1131 Philomenem]
1051 1073 1267 1112 suarum
1296 1059 1543 1112 comitem
1585 1056 1683 1109 ha-
1746 1066 1751 1071 '

81 1144 203 1200 buit
224 1145 633 1202 doctrinarum.
660 1149 938 1202 Montanus
968 1147 1225 1200 immundi
1253 1147 1468 1215 spiritus
1493 1145 1684 1213 praedi-

81 1247 262 1304 cator,
323 1240 532 1293 multas
584 1240 851 1294 Ecclesias
899 1255 995 1308 per
1071 1239 1278 1310 1032
1349 1238 1580 1292 PriSram
1631 1245 1684 1290 et

83 1326 458 1381 Maximillam
493 1330 698 1382 nobiles
743 1340 798 1384 et
842 1330 1124 1397 opulentas
1165 1330 1405 1391 feminas,
1455 1332 1681 1396 primum

82 1429 223 1469 auro
247 1420 544 1485 corrupit;
576 1419 770 1472 deinde
814 1419 1004 1472 haeresi
1047 1421 1250 1487 polluit.
1294 1419 1562 1472 Dimittam
1591 1435 1682 1472 ve-

84 1511 225 1566 tera,
256 1505 333 1559 ad
373 1508 639 1561 viciniora
670 1507 1062 1561 transcendam.
1086 1507 1264 1570 Arius,
1294 1515 1351 1561 ut
1379 1507 1561 1562 orbem
1586 1507 1684 1562 tle-

84 1593 320 1660 ciperet,
358 1608 607 1649 sororem
639 1596 891 1665 principis
917 1605 1042 1649 ante
1068 1595 1298 1664 decepit.
1329 1596 1562 1650 Donatus
1591 1611 1685 1664 per

87 1680 356 1745 Africam,
395 1693 458 1736 ut
503 1684 742 1738 infelices
766 1699 1004 1753 quosque
1031 1683 1123 1754 [al.
1149 1684 1424 1756 quousque]
1456 1683 1686 1738 linteati-

89 1770 192 1826 btts
242 1773 524 1840 pollueret
571 1777 744 1841 aquis,
794 1776 1011 1829 Lucillzc
1045 1775 1234 1844 opibus
1260 1775 1472 1842 adjutus
1497 1785 1595 1828 est.
1629 1775 1682 1826 lit

87 1860 352 1929 Hispania
378 1867 568 1932 Agape
597 1864 885 1930 Elpidinm,
903 1863 1092 1916 mulier
1113 1863 1301 1924 virum,
1326 1877 1524 1916 ciccum
1546 1877 1684 1915 caeca

91 1953 244 2006 duxit
276 1953 330 2005 in
376 1952 594 2007 foveam
618 1995 632 2019 ,
661 1966 1135 2021 successoremque
1182 1953 1270 2020 qui
1299 1952 1684 2006 Priscilliannm

95 2041 302 2097 habuit.
340 2041 656 2096 Zoroastris
688 2043 823 2112 magi
851 2043 1323 2104 studiosissimum,
1354 2052 1406 2095 et
1432 2058 1496 2095 ex
1532 2057 1686 2112 mago

94 2131 460 2201 Episc0pum,
493 2135 576 2186 cui
597 2133 779 2202 juncta
809 2132 956 2188 Galla
984 2149 1088 2187 non
1119 2143 1297 2204 gente,
1329 2133 1424 2189 sed
1452 2136 1685 2198 nomine,

93 2237 409 2290 germanam
444 2224 554 2276 huc
599 2225 828 2293 illucque
851 2235 1152 2278 currentem
1183 2225 1400 2278 alterius
1425 2234 1480 2278 et
1502 2226 1688 2278 vicinae

94 2309 372 2366 licereseos
403 2313 628 2382 reliquit
659 2312 947 2367 haeredem.
971 2313 1122 2368 Nunc
1145 2328 1356 2382 quoque
1377 2316 1686 2384 mysterium

98 2401 398 2471 iniquitatis
422 2413 701 2470 operatur.
729 2402 928 2470 Duplex
955 2417 1118 2456 sexus
1139 2414 1420 2474 tttrumque
1441 2404 1691 2472 supplau-

97 2499 192 2554 tat,
223 2501 280 2545 ttt
309 2493 446 2546 illud
482 2492 856 2562 Proplieticum
882 2506 1135 2560 cogamur
1155 2507 1428 2546 assumere
1453 2511 1466 2545 :
1491 2492 1694 2547 Clama-

101 2581 166 2632 vit
195 2582 401 2648 perdix,
437 2584 760 2651 congregavit
788 2597 900 2650 qua:
924 2599 1024 2634 non
1045 2583 1258 2651 peperit,
1281 2584 1473 2650 faciens
1493 2584 1691 2637 divitias

103 2685 242 2731 suas,
276 2687 383 2723 non
413 2687 536 2723 cum
558 2672 779 2738 judicio.
808 2670 875 2723 In
907 2672 1118 2723 dimidio
1145 2671 1340 2725 dierum
1367 2671 1442 2742 (α)
1473 2671 1691 2724 derelin-

103 2771 220 2825 quet
251 2777 361 2827 eas,
392 2772 442 2814 et
471 2761 798 2814 novissimum
829 2761 936 2830 ejus
961 2761 1052 2812 erit
1078 2761 1318 2830 insipiens
1362 2761 1572 2832 (Jerem.
1603 2761 1690 2815 17.

109 2849 218 2916 ti).

177 2939 230 2992 5.
263 2938 400 2992 Illud
424 2955 555 2993 vero
574 2939 713 3008 quod
736 2939 800 2993 ad
822 2939 1169 3010 decipiendos
1192 2937 1436 2993 homines
1455 2952 1694 3008 quosque

113 3040 294 3096 postea
346 3031 477 3082 huic
517 3031 793 3082 sententiae
837 3039 1148 3098 coaptarunt
1189 3027 1334 3098 (Non
1380 3029 1562 3098 absque
1600 3028 1696 3080 Dei

113 3120 302 3188 gratia)
349 3135 476 3171 eum
519 3120 687 3185 prima
729 3120 967 3188 legentes
1011 3119 1187 3172 fronte
1234 3119 1480 3188 decipiat,
1529 3119 1695 3173 intro-

114 3217 356 3276 spectttm
406 3217 462 3261 et
503 3208 910 3276 diligentissime
951 3209 1282 3273 ventilatum,
1323 3209 1568 3278 decipere
1590 3223 1696 3262 non

120 3309 312 3364 potest.
351 3300 428 3352 Ita
457 3299 598 3352 enim
632 3300 720 3352 Dei
754 3301 975 3367 gratiam
1003 3308 1226 3368 ponunt,
1259 3309 1315 3352 ut
1340 3315 1444 3352 non
1467 3315 1561 3368 per
1590 3301 1699 3352 siu-

116 3391 238 3456 gula
266 3407 434 3458 opera
464 3391 581 3458 ejus
625 3391 856 3444 nitamur
887 3402 938 3444 et
970 3407 1218 3460 regamur
1254 3391 1488 3444 auxilio:
1512 3391 1606 3445 sed
1632 3390 1699 3444 ad

123 3483 350 3535 liberum
392 3482 629 3535 referunt
655 3481 955 3542 arbitrium,
987 3493 1042 3536 et
1065 3481 1132 3536 ad
1159 3491 1418 3552 praecepta
1448 3481 1577 3552 legis
1603 3497 1699 3551 po-

126 3586 317 3627 nentes
365 3574 494 3626 illttd
539 3574 682 3627 lsaitc
725 3589 740 3628 :
786 3564 966 3642 Legem
995 3576 1125 3626 enim
1155 3572 1292 3628 Deus
1319 3575 1370 3626 in
1395 3574 1701 3643 adjutorium

127 3667 292 3732 posuit
323 3664 478 3734 (lsai.
508 3666 560 3718 8.
592 3680 691 3717 sec.
733 3663 930 3732 LXX),
964 3673 1022 3716 ut
1069 3663 1118 3716 in
1159 3678 1224 3718 eo
1275 3664 1381 3717 Deo
1407 3661 1702 3717 referendae

127 3756 230 3808 sint
269 3758 484 3824 gratim,
525 3756 664 3823 quod
698 3759 830 3809 tales
876 3770 973 3808 nos
1019 3755 1340 3818 condiderit,
1383 3756 1472 3824 qui
1522 3765 1703 3808 nostro

130 3846 347 3902 arbitrio
376 3849 643 3916 possimus
680 3856 734 3900 et
761 3847 958 3914 eligere
990 3845 1150 3910 bona,
1182 3854 1236 3899 et
1261 3847 1428 3898 vitare
1453 3845 1610 3897 mala.
1642 3845 1706 3897 Et

131 3951 234 3989 non
263 3938 571 4005 intelligunt
597 3936 697 3988 ista
727 3935 984 3999 dicentes,
1017 3934 1156 4002 qttod
1185 3949 1278 4002 per
1307 3949 1368 3986 os
1393 3947 1598 3993 eorum,
1629 3933 1707 3983 in-

132 4027 476 4080 tolerabilem
519 4023 901 4092 blasphemiam
953 4023 1202 4076 diabolus
1247 4022 1444 4075 sibilet.
1479 4022 1534 4076 Si
1564 4022 1705 4074 enim

134 4116 184 4170 in
213 4133 280 4170 eo
310 4125 518 4168 tantum
561 4115 652 4166 Dei
682 4122 765 4167 est
788 4113 977 4182 gratia,
1008 4111 1148 4181 quod
1180 4112 1413 4182 propriae
1442 4126 1538 4165 nos
1581 4126 1710 4165 con-

135 4207 266 4262 didit
314 4205 624 4266 voluntatis,
678 4214 734 4259 et
776 4205 945 4259 libero
971 4204 1193 4257 arbitrio
1223 4203 1458 4258 contenti
1489 4218 1705 4268 sumus;

141 4310 235 4350 nec
265 4298 404 4349 ttltra
449 4295 564 4364 ejus
594 4295 893 4364 indigemus
920 4294 1139 4355 auxilio,
1164 4309 1230 4348 tte
1254 4294 1330 4364 (b)
1355 4295 1397 4346 si
1427 4293 1714 4363 indigneri—

141 4399 254 4437 mus
297 4386 526 4438 liberant
572 4383 844 4452 frangatur
869 4382 1144 4436 arbitrium
1173 4399 1188 4437 :
1214 4398 1343 4452 ergo
1375 4398 1709 4451 nequaquam

144 4472 274 4525 ultra
309 4489 469 4528 orare
515 4473 773 4526 debemus
803 4490 818 4526 :
851 4487 951 4526 nec
991 4471 1134 4525 illius
1174 4472 1514 4527 clementiam
1545 4473 1714 4540 preci-

145 4562 240 4617 bus
262 4564 502 4628 ﬂectere,
537 4575 592 4617 ut
616 4564 937 4632 accipiamus
979 4564 1235 4633 quotidie.
1263 4563 1404 4633 quod
1431 4565 1595 4616 semel
1625 4578 1711 4617 ac-

148 4667 350 4724 ceptum
398 4657 449 4711 in
483 4669 665 4710 nostra
691 4667 773 4711 est
797 4642 1102 4725 'potestate.
1141 4655 1441 4710 Istiusmodi
1472 4655 1714 4708 homines

74 4761 110 4795 ο
151 4747 336 4801 tollunt
358 4751 682 4810 orationem,
711 4756 764 4801 et
790 4763 885 4814 per
914 4746 1138 4800 liberum
1165 4747 1461 4809 arbitrium,
1489 4758 1592 4799 non
1620 4744 1715 4797 lto-

154 4836 316 4890 mines
343 4839 571 4908 propria:
598 4839 905 4902 voluntatis,
934 4836 1026 4891 sed
1057 4837 1148 4889 Dei
1184 4837 1430 4904 potentia:
1462 4835 1629 4890 factos
1657 4850 1716 4890 se

154 4942 268 4982 esse
284 4930 507 4997 jactant,
531 4932 619 5000 qui
644 4931 836 4982 nullius
863 4942 965 4997 ope
987 4928 1240 4996 indigent.
1326 4927 1528 4998 1033
1602 4927 1717 4981 Tol-

155 5015 325 5073 lantur
353 5030 407 5076 et
444 5022 666 5092 jcjunia,
707 5021 986 5088 omnisque
1027 5017 1377 5073 continentia.
1409 5018 1544 5084 Quid
1573 5020 1715 5072 enim

217 5192 288 5256 (a)
317 5195 442 5245 Tres
462 5195 578 5244 Mss.
603 5193 927 5255 derelinquant
951 5207 1057 5244 eum
1072 5233 1086 5252 ,
1107 5195 1244 5258 juxta
1268 5195 1488 5244 Graecum
1515 5209 1713 5257 ιτκαταλιιο

253 5281 279 5302 ιν
295 5268 417 5306 inde.

227 5312 293 5374 (b)
329 5316 574 5378 Pelagiani
598 5323 838 5379 perpetuo
860 5315 1128 5379 clamabant
1151 5317 1323 5378 gratia:
1345 5317 1521 5365 divina:
1545 5330 1717 5366 necese

163 5373 348 5424 -.itatem
371 5379 429 5426 ad
449 5373 635 5440 'opera‘
651 5373 727 5440 pia
759 5390 946 5440 nocere
971 5377 1125 5426 libero
1147 5373 1365 5436 arbitrio,
1404 5392 1565 5440 neque
1592 5381 1718 5426 enim

167 5445 272 5480 eum
291 5449 410 5500 vere
432 5450 574 5500 posse
596 5437 770 5500 aliquid
804 5440 992 5496 facere,
1019 5445 1101 5500 aut
1134 5451 1388 5500 essegverc
1419 5437 1624 5486 liberum
1661 5440 1718 5486 ad

159 5497 334 5554 aliquid
355 5497 638 5560 faciendum,
663 5497 744 5560 qui
769 5511 856 5560 per
877 5511 944 5560 se.
971 5507 1021 5546 et
1043 5499 1228 5560 absque
1250 5498 1342 5546 Dei
1367 5500 1600 5559 adjutorio
1623 5512 1718 5546 non

163 5562 510 5620 ροϐεειηυυεωι
532 5557 814 5620 calumniam
839 5559 1008 5606 iisdem
1032 5572 1087 5605 ac
1108 5557 1244 5620 Hier.
1272 5557 1569 5620 argumentis
1588 5573 1718 5620 saepe

165 5611 456 5683 {Augustinus
464 5617 672 5683 refellit,
697 5625 750 5668 et
771 5621 1016 5683 prteripue
1038 5619 1166 5680 quod
1189 5618 1260 5669 illi
1284 5611 1460 5671 antris
1483 5611 1716 5668 Orationi-

164 5668 664 5728 bus'coutradicerent.

1405 308 1728 365 EPISTULA
1767 307 2029 364 CXXX“.

3212 324 3353 384 1154

1787 420 1919 475 mihi
1958 433 2181 476 necesse
2209 431 2292 477 est
2314 421 2578 488 laborare,
2612 432 2670 479 ut
2693 425 2950 495 accipiam
2979 442 3074 498 per
3099 431 3354 489 industri-

1783 522 1891 573 am,
1935 508 2075 578 quod
2117 511 2284 565 semel
2327 526 2463 566 meae
2509 511 2706 568 factum
2759 523 2842 570 est
2886 519 3197 585 potestatis?
3239 523 3354 580 lloc

1783 599 1925 669 quod
1953 599 2094 662 dico,
2126 617 2303 656 meum
2331 617 2438 656 non
2480 612 2564 658 est
2603 617 2977 674 argumentum
3021 626 3035 662 :
3079 610 3155 682 (ο)
3207 612 3356 670 Unus

1782 688 2164 757 discipulorum
2191 691 2309 760 ejus
2332 731 2349 757 ,
2383 692 2493 746 imo
2542 694 2656 762 jam
2698 697 2950 764 magister
2974 707 3029 752 et
3067 701 3226 766 totius
3251 703 3356 758 du-

1783 785 1900 831 ctor
1924 780 2212 842 exercitus,
2238 788 2293 834 et
2321 789 2505 834 contra
2535 783 2851 850 Apostolum
2879 799 2974 840 vas
3018 789 3354 858 perditionis,

1782 885 1878 939 per
1905 870 2352 936 soltecismorum,
2380 883 2435 926 et
2460 888 2566 926 non
2596 873 2694 944 (uti
2720 875 2989 946 jactitant)
3009 879 3360 950 Syllogismo-

1782 974 1900 1014 rum
1921 961 2130 1029 spineta
2157 961 2472 1028 decurrens,
2501 963 2581 1018 sic
2608 963 3008 1036 philosOpbatur
3027 979 3080 1024 et
3099 971 3356 1042 disputat.

1791 1068 1812 1102 ι
1845 1049 1901 1106 Si
1929 1050 2060 1104 nihil
2111 1065 2212 1120 ago
2255 1052 2457 1122 absque
2499 1053 2592 1108 Dei
2634 1055 2872 1124 auxilio,
2914 1067 2970 1112 et
3013 1075 3109 1128 per
3149 1061 3359 1132 singula

1784 1154 1970 1210 Opera,
2017 1140 2134 1208 ejus
2180 1149 2263 1196 est
2301 1158 2461 1198 omne
2498 1144 2642 1213 quod
2686 1161 2927 1215 gessero,
2958 1162 3088 1218 ergo
3115 1165 3220 1205 non
3252 1167 3356 1221 ego

1785 1232 1874 1300 qui
1925 1231 2131 1294 laboro,
2177 1231 2273 1285 sed
2321 1232 2414 1286 Dei
2460 1233 2512 1286 in
2558 1247 2645 1287 me
2687 1235 3032 1290 coronabitur
3079 1241 3358 1301 auxilium.

1786 1317 2084 1388 frustraque
2111 1320 2260 1375 dedit
2299 1321 2501 1376 arbitrii
2558 1333 2894 1392 potestatem,
2938 1341 3097 1396 quam
3138 1329 3364 1398 implere

1786 1425 1891 1464 non
1916 1423 2154 1479 possum,
2182 1411 2281 1464 nisi
2315 1412 2428 1480 ipse
2456 1427 2541 1466 me
2569 1427 2781 1482 semper
2806 1414 3088 1483 adjuverit.
3133 1417 3363 1472 Destrui-

1788 1509 1873 1554 tur
1896 1500 2039 1554 enim
2079 1500 2350 1567 voluntas,
2383 1516 2503 1570 qua:
2545 1503 2766 1558 alterius
2792 1520 2894 1573 ope
2923 1505 3140 1576 indiget.
3167 1507 3270 1562 Sed
3297 1508 3363 1562 li-

1787 1589 1972 1644 berum
2017 1589 2164 1644 dedit
2217 1591 2493 1645 arbitrium
2542 1592 2703 1659 Deus,
2752 1595 2896 1664 quod
2938 1596 3096 1652 aliter
3133 1598 3360 1653 liberum

1787 1694 1892 1732 non
1923 1680 2054 1743 erit,
2089 1681 2188 1733 nisi
2227 1679 2404 1735 fecero
2432 1681 2573 1750 quod
2600 1684 2843 1739 voluero.
2872 1685 2950 1740 Ac
2979 1701 3073 1754 per
3099 1686 3202 1743 ltoc
3228 1689 3304 1742 ait
3340 1706 3356 1742 :

1788 1770 1894 1822 Aut
1914 1780 2033 1822 utor
2055 1771 2226 1824 semel
2253 1779 2534 1838 potestate,
2563 1788 2683 1841 quae
2709 1775 2840 1828 mihi
2869 1775 2991 1829 data
3013 1789 3120 1844 est,
3145 1788 3202 1832 ut
3229 1779 3360 1834 libe-

1788 1873 1904 1912 rmn
1936 1869 2177 1912 servetur
2205 1859 2481 1913 arbitrium
2510 1877 2525 1915 :
2557 1871 2649 1914 aut
2676 1863 2720 1914 si
2745 1864 2964 1918 alterius
2989 1880 3091 1934 ope
3113 1866 3358 1936 indigeo.

1789 1946 2007 2000 libertas
2027 1948 2230 2000 arbitrii
2262 1949 2312 2002 in
2344 1965 2428 2003 me
2449 1949 2807 2006 destruetur.)

1861 2038 1914 2091 6.
1940 2038 2038 2104 Qui
2069 2039 2181 2092 litec
2207 2039 2356 2102 dicit,
2383 2055 2541 2109 quam
2575 2056 2679 2094 non
2705 2042 2916 2096 excedit
2944 2044 3364 2114 blasphemiam?

1791 2143 1907 2196 quae
1945 2129 2310 2183 haereticorum
2341 2144 2542 2183 venena
2580 2146 2682 2183 non
2725 2134 2977 2200 superat?
3016 2137 3274 2189 Asserunt
3303 2152 3365 2192 se

1792 2235 1886 2286 per
1910 2219 2112 2272 arbitrii
2152 2220 2444 2274 libertatem
2475 2235 2806 2289 nequaquam
2836 2224 2966 2276 ultra
3005 2229 3363 2281 necessarium

1794 2307 1987 2362 habere
2015 2308 2210 2372 Deum;
2240 2320 2293 2362 et
2321 2309 2565 2377 ignorant
2584 2311 2834 2378 scriptum
2863 2331 2876 2365 :
2904 2312 3038 2376 Quid
3057 2313 3207 2368 habes
3227 2319 3365 2384 quod

1793 2413 1894 2449 non
1915 2398 2188 2465 accepisti?
2210 2399 2252 2450 si
2278 2409 2444 2450 autem
2471 2400 2706 2466 accepisti
2726 2441 2741 2462 ,
2771 2401 2892 2470 quid
2919 2401 3156 2470 gloriaris
3176 2443 3191 2466 ,
3221 2405 3364 2471 quasi

1794 2502 1892 2538 non
1917 2487 2166 2556 acceperis
2182 2487 2208 2538 ?
2231 2486 2307 2556 (l.
2333 2486 2451 2541 Cor.
2474 2488 2528 2541 4.
2553 2487 2628 2558 7).
2659 2488 2873 2558 Magnas
2893 2492 3004 2558 agit
3025 2492 3130 2545 Deo
3145 2496 3364 2561 gratias,

1794 2577 1882 2646 qui
1936 2592 2029 2643 per
2075 2577 2375 2631 libertatem
2423 2577 2628 2632 arbitrii
2677 2580 2892 2633 rebellis
2939 2581 2991 2633 in
3035 2581 3198 2635 Deum
3235 2593 3364 2637 est:

1795 2681 1951 2735 quam
1980 2682 2076 2720 nos
2106 2668 2181 2736 (b)
2212 2667 2436 2722 libenter
2466 2670 2852 2738 amplectimur,
2883 2672 2951 2724 ita
2982 2672 3240 2727 duntaxat
3260 2715 3276 2737 ,
3311 2685 3369 2730 ut

1795 2777 2011 2830 agamus
2034 2777 2246 2830 semper
2270 2764 2465 2832 gratias
2493 2763 2728 2832 largitori
2752 2779 2766 2825 ;
2798 2765 3130 2833 sciamusque
3157 2781 3256 2820 nos
3279 2767 3368 2820 ni-

1797 2853 1872 2906 hil
1897 2869 2034 2916 esse,
2069 2854 2169 2908 nisi
2195 2854 2336 2922 quod
2363 2854 2598 2917 donavit,
2633 2855 2682 2906 in
2711 2855 2865 2906 nobis
2893 2857 3005 2924 ipse
3038 2857 3366 2924 servaverit,

1797 2943 2007 2998 dicente
2024 2944 2278 3012 Aposmlo
2304 2961 2316 2995 :
2345 2942 2465 2996 Non
2490 2952 2560 2996 est
2582 2943 2791 2996 volentis
2815 2960 2969 3008 neque
2991 2946 3260 3007 currentis,
3281 2947 3369 2999 sed

1798 3035 2079 3087 miserentis
2111 3033 2202 3085 Dei
2231 3033 2418 3102 (Rom.
2451 3033 2503 3088 9.
2535 3033 2660 3102 16).
2695 3033 2841 3087 Velle
2870 3045 2924 3088 et
2948 3050 3165 3090 currere
3187 3051 3368 3094 meum

1799 3133 1882 3178 est
1912 3141 1926 3177 :
1955 3123 2047 3177 sed
2079 3122 2248 3191 ipsqu
2277 3138 2452 3178 meum
2477 3163 2493 3190 ,
2525 3125 2643 3179 sine
2670 3125 2763 3179 Dei
2791 3139 3004 3194 semper
3037 3126 3236 3180 auxilio
3261 3143 3370 3182 non

1801 3217 1903 3270 erit
1928 3230 2125 3268 meum.
2159 3213 2296 3268 Dicit
2316 3215 2458 3268 enim
2489 3215 2630 3269 idem
2653 3215 2940 3283 Apostolus
2975 3235 2987 3270 :
3022 3217 3158 3272 Deus
3184 3226 3255 3272 est
3282 3218 3372 3286 qui

1801 3314 2040 3371 operatur
2062 3307 2114 3358 in
2141 3305 2282 3358 nobis
2311 3314 2358 3358 et
2395 3305 2518 3358 velle
2537 3315 2584 3358 et
2621 3307 2857 3374 perﬁcere
2886 3305 2904 3376 (
2926 3305 3123 3374 Philip.
3153 3307 3206 3362 2.
3235 3309 3303 3362 13
3329 3309 3369 3375 ).

1802 3395 1870 3449 Et
1911 3395 2153 3448 Salvator
2187 3398 2241 3448 in
2281 3394 2612 3463 Evangelia:
2648 3394 2805 3448 Pater
2846 3413 2984 3450 meus
3027 3413 3182 3466 usque
3221 3399 3372 3451 modo

1802 3495 2056 3554 aperatur,
2081 3494 2127 3538 et
2146 3501 2234 3555 ego
2261 3499 2442 3552 operor
2471 3483 2646 3552 (Joan.
2673 3486 2856 3556 5.17).
2885 3485 3106 3555 Semper
3129 3488 3370 3556 largitor,

1803 3591 2117 3645 semperque
2137 3577 2359 3628 donator
2381 3583 2483 3630 est.
2513 3575 2626 3628 Non
2650 3576 2778 3629 mihi
2804 3577 3021 3642 sufllcit,
3041 3579 3180 3647 quod
3205 3580 3374 3636 semel

1804 3663 2038 3725 donavit,
2073 3664 2173 3717 nisi
2214 3678 2426 3733 semper
2458 3663 2758 3718 donaverit.
2790 3666 2940 3732 Peto,
2971 3678 3024 3719 ut
3065 3669 3322 3737 accipiam
3357 3686 3372 3723 :

1805 3763 2002 3808 etcum
2031 3769 2286 3822 accepero
2309 3794 2324 3816 ,
2365 3769 2548 3808 rursus
2591 3766 2731 3822 peto.
2765 3758 2968 3808 Avarus
2996 3771 3114 3809 sum
3141 3757 3204 3808 ad
3235 3759 3376 3813 acci-

1808 3841 1995 3910 pienda
2027 3842 2279 3895 beneticia
2310 3841 2404 3895 Dei
2426 3879 2442 3903 ,
2483 3855 2581 3893 nec
2615 3841 2706 3893 ille
2736 3840 2915 3894 delicit
2954 3843 3005 3892 in
3035 3842 3247 3906 dando,
3280 3859 3377 3899 nec

1809 3947 1907 3999 ego
1941 3933 2103 3984 satior
2130 3930 2182 3983 in
2215 3927 2544 3997 accipiendo.
2625 3927 2832 3998 1034
2901 3929 3108 3994 Quanto
3148 3931 3267 4001 plus
3297 3933 3379 3986 bi-

1809 4019 1958 4085 Lcro,
1986 4029 2129 4073 tanto
2151 4019 2269 4087 plus
2299 4019 2440 4071 sitio.
2471 4017 2600 4087 Legi
2625 4020 2766 4071 enim
2789 4035 2817 4071 a
2841 4019 3121 4074 Psalmista
3149 4023 3376 4077 cantari.

1813 4107 2017 4163 Gustate
2053 4117 2101 4161 et
2136 4108 2314 4174 videte,
2339 4109 2578 4177 quoniam
2606 4110 2771 4161 suavis
2807 4121 2878 4162 est
2915 4111 3162 4165 Dominus
3185 4113 3203 4183 (
3227 4112 3377 4170 Psal.

1812 4202 1900 4255 33.
1931 4199 2022 4271 9).
2051 4200 2219 4254 Omne
2244 4199 2386 4268 quod
2412 4198 2667 4254 habemus
2697 4200 2920 4267 bonum,
2951 4214 3136 4272 gustus
3160 4216 3242 4260 est
3273 4207 3382 4261 Do-

1815 4290 1962 4343 mini.
1999 4289 2132 4343 Cum
2161 4303 2246 4342 me
2273 4298 2528 4357 putavcro
2559 4289 2625 4342 ad
2650 4291 2846 4344 calcem
2877 4295 3190 4361 pervenisse
3215 4299 3383 4351 virtu-

1814 4388 1946 4441 tum,
1990 4389 2115 4432 tunc
2161 4377 2366 4432 habebo
2404 4377 2744 4447 principium.
2791 4379 3272 4450 Principiumcnim
3300 4403 3384 4440 δας

1797 4469 2018 4543 ’piemia:
2055 4469 2204 4521 timor
2241 4466 2449 4521 Domini
2489 4466 2622 4538 (Ps.
2663 4469 2939 4539 110.10),
2976 4473 3066 4541 qui
3103 4475 3386 4544 expellitur

1817 4570 1976 4630 atque
2004 4558 2296 4614 destruitur
2319 4559 2562 4614 caritate.
2604 4559 2730 4614 Haec
2760 4577 3039 4616 ueniamus
3067 4565 3180 4616 sola
3207 4565 3384 4632 perfe-

1814 4653 1941 4716 ctio,
1973 4650 2017 4704 si
2048 4649 2386 4719 imperfectos
2409 4665 2529 4706 esse
2553 4664 2612 4705 se
2639 4652 2905 4704 noverint.
2939 4651 3003 4703 Et
3031 4669 3146 4716 vos,
3181 4654 3343 4722 inquit
3367 4696 3384 4716 ,

1818 4757 1931 4794 cum
1952 4742 2119 4794 omnia
2145 4741 2380 4810 feceritis,
2402 4739 2592 4793 dicite:
2618 4738 2763 4793 Servi
2786 4740 2987 4793 inutiles
3007 4756 3181 4793 sumus
3208 4756 3228 4793 :
3253 4743 3387 4810 quod

1819 4833 2076 4888 debuimus
2103 4836 2285 4904 facere,
2316 4832 2523 4900 fecimus
2551 4829 2698 4898 (Luc.
2725 4831 2808 4884 17.
2836 4831 2957 4898 10).
2988 4831 3043 4884 Si
3073 4831 3271 4884 inutilis
3305 4841 3388 4886 est

1818 4925 1907 4994 qui
1930 4923 2054 4978 fecit
2071 4923 2269 4987 omnia,
2292 4920 2416 4989 quid
2436 4920 2502 4974 de
2521 4919 2614 4972 illo
2638 4918 2918 4974 dicendum
2941 4928 3040 4980 est.
3060 4921 3147 4988 qui
3169 4921 3388 4989 explere

1819 5030 1926 5069 non
1955 5013 2159 5083 potuit?
2187 5010 2339 5066 Unde
2360 5019 2416 5064 et
2436 5008 2741 5078 Apostolus,
2765 5024 2831 5064 cx
2853 5019 3001 5078 parte
3020 5013 3308 5078 accepisse.
3335 5023 3386 5068 et

1822 5120 1887 5159 ex
1928 5112 2078 5172 parte
2119 5099 2586 5169 comprehendisse
2631 5114 2690 5153 se
2734 5099 2880 5166 dicit,
2919 5107 2973 5153 et
3006 5099 3230 5154 necdum
3269 5116 3389 5158 esse

1890 5254 1948 5318 (c)
1972 5254 2251 5318 ﬁmleStium
2277 5257 2407 5304 innui
2433 5252 2763 5314 intelligimus,
2786 5255 2923 5315 cujus
2942 5263 3054 5304 sunt
3070 5255 3392 5309 Definitiones

1822 5325 1873 5366 et
1895 5316 2193 5379 syllogismi,
2226 5318 2483 5365 adversum
2508 5329 2640 5379 quos
2673 5317 2866 5379 Ascripsit
2910 5318 2961 5368 S.
3007 5317 3311 5378 Augustinus
3335 5320 3391 5369 li-

1824 5376 1961 5440 brum
1985 5378 2048 5426 de
2074 5377 2382 5440 l’erlectione
2402 5376 2605 5440 justitige
2629 5389 2642 5434 ;
2670 5377 2799 5440 in__iis
2824 5379 2951 5425 enim
2977 5376 3250 5440 quanquam
3284 5381 3394 5430 aliis

1823 5439 1988 5500 verbis
2000 5450 2220 5500 eaquae
2255 5435 2668 5500 t'ecita't‘hooloco
2696 5435 3036 5500 Hieronymus,
3059 5435 3392 5493 continentut.

1890 5496 1958 5561 (d)
1983 5496 2152 5564 _Yatic'.
2179 5498 2320 5546 aiter.
2359 5497 2518 5564 49t5._
2540 5497 2736 5545 libenter
2770 5496 3040 5564 accepimus
3075 5508 3120 5564 et
3149 5500 3394 5564 amplecti

1822 5557 1955 5621 mur.
1981 5559 2087 5621 Hoc
2110 5571 2253 5618 porro
2276 5563 2366 5616 est,
2393 5557 2520 5620 quod
2546 5571 2800 5621 commune
2823 5557 3012 5621 dogma,
3038 5563 3193 5612 addita
3230 5557 3394 5617 tamen

1824 5620 1991 5668 auxilii
2020 5622 2312 5668 necessitate
2332 5655 2345 5680 ,
2371 5618 2429 5669 ad
2453 5631 2603 5682 opera
2625 5618 2874 5683 salutaria,
2892 5618 3220 5686 'Augustinus,
3246 5635 3395 5689 atque

1831 5683 1949 5731 infra
1969 5681 2106 5731 Hier.
2133 5689 2316 5730 vocant.

1831 5689 1949 5731 infra
1969 5689 2106 5731 Hier.
2133 5689 2316 5730 vocant.
