3986 6184
633 442 946 512 perfectum,
977 435 1469 504 praneritorumque
1494 425 1730 482 oblivisci
1754 465 1768 491 ,
1796 433 1852 480 et
1879 425 1934 478 in
1961 425 2187 480 futurum

635 549 696 588 se
723 525 1008 586 extendere
1028 523 1102 594 (l.
1132 521 1251 576 Cor.
1277 520 1359 574 15.
1387 518 1488 584 lo;
1516 528 1562 571 et
1587 517 1817 588 Philipp.
1845 517 1898 571 5.
1928 517 1997 570 15
2019 515 2054 584 ).
2095 515 2199 581 Qui

631 633 843 685 semper
863 612 1247 683 praeteritorum
1271 608 1617 672 obliviscitur,
1639 615 1692 661 et
1720 607 1892 659 futura
1913 604 2197 667 desiderat,

629 706 863 762 ostendit
900 717 960 757 se
1005 698 1357 772 przesentibus
1395 713 1500 750 non
1526 712 1646 750 esse
1675 704 2005 758 contentum.
2048 693 2198 760 Quod

626 805 803 851 autem
834 808 1042 849 sursum
1068 790 1316 846 deorsum
1340 789 1601 857 jactitant,
1624 788 1846 841 liberum
1874 801 1901 838 ιι
1931 785 2084 838 nobis
2114 800 2199 837 ar-

626 885 846 940 bitrium
885 882 1086 936 destrui
1114 920 1128 942 ,
1160 880 1374 933 audiant
1400 893 1430 932 e
1459 877 1727 931 contrario
1747 890 1839 929 eos
1865 874 2069 928 arbitrii
2103 874 2199 927 de-

623 983 832 1029 struere
860 973 1187 1034 libcrtatem,
1215 969 1307 1038 qui
1339 968 1473 1021 male
1496 983 1561 1021 eo
1589 967 1877 1019 abutuntur
1915 963 2196 1016 adversum

624 1064 942 1120 beneficium
985 1059 1268 1130 largitoris.
1315 1058 1445 1124 Quis
1473 1059 1698 1112 destruit
1726 1055 2041 1110 arbitrium?
2083 1055 2194 1119 ille,

623 1155 714 1223 qui
743 1169 953 1222 semper
983 1152 1092 1205 Deo
1117 1151 1222 1219 agit
1250 1150 1449 1218 gratias
1471 1189 1485 1210 ,
1514 1158 1566 1200 et
1595 1146 1965 1217 quodcumque
2008 1146 2060 1198 in
2099 1159 2197 1197 suo

623 1245 796 1300 rivulo
825 1243 967 1308 fluit,
997 1243 1063 1296 ad
1095 1243 1290 1297 fontem
1320 1241 1516 1296 refert?
1545 1257 1610 1293 an
1635 1241 1723 1309 qui
1751 1240 1876 1292 dicit
1903 1256 1915 1292 :
1945 1237 2142 1290 Recede
2165 1255 2196 1290 ιι

623 1351 703 1389 me
729 1336 848 1403 quia
875 1334 1095 1387 mundus
1117 1350 1228 1387 sum
1259 1332 1412 1402 (lsai.
1443 1332 1530 1386 65.
1563 1331 1621 1400 5)
1653 1347 1667 1383 :
1703 1346 1805 1384 non
1839 1329 2009 1382 balteo
2038 1339 2088 1381 te
2113 1342 2199 1382 nc-

624 1423 949 1478 cess:iriuin?
988 1424 1185 1477 Dedisti
1215 1424 1355 1475 enim
1384 1422 1511 1474 mihi
1540 1421 1706 1474 semel
1732 1419 1936 1472 arbitrii
1981 1417 2196 1471 liberta-

625 1523 756 1576 tem,
783 1521 841 1566 ut
863 1513 1048 1567 faciam
1071 1513 1209 1582 quod
1233 1512 1450 1566 voluero
1476 1528 1487 1563 :
1511 1510 1638 1580 quid
1665 1523 1872 1563 rursum
1903 1519 1952 1562 te
1975 1507 2190 1576 ingeris,

625 1615 682 1654 nt
714 1603 840 1655 nihil
873 1603 1066 1670 possim
1099 1603 1306 1666 facere,
1342 1602 1440 1654 nisi
1475 1609 1528 1653 tu
1561 1601 1611 1654 iii
1650 1615 1735 1654 me
1767 1610 1852 1652 tua
1877 1599 2014 1650 dona
2043 1611 2194 1650 cont-

625 1693 883 1761 pleVeris?
913 1693 1297 1746 Fraudulentcr
1329 1693 1614 1760 prmtendis
1644 1692 1732 1745 Dei
1757 1692 2001 1760 gratiam,
2036 1689 2109 1758 (α)
2141 1698 2196 1743 ιιι

624 1783 690 1835 ad
727 1784 1083 1836 conditionem
1124 1781 1355 1836 hominis
1398 1781 1631 1844 referas,
1664 1791 1718 1835 et
1749 1794 1852 1834 non
1887 1781 1937 1832 in
1973 1778 2195 1846 singulis

625 1871 876 1938 operibus
901 1871 1154 1923 auxilium
1198 1872 1285 1923 Dei
1315 1871 1581 1938 requiras;
1623 1885 1690 1923 ne
1729 1869 1929 1922 scilicet
1970 1868 2192 1922 liberum

625 1961 900 2015 arbitrium
933 1960 1160 2013 videaris
1187 1960 1464 2023 amittere;
1507 1969 1562 2013 et
1599 1975 1717 2012 cum
1764 1960 1853 2013 Dei
1880 1966 2194 2012 contemnas

623 2051 1023 2114 adminiculum,
1057 2051 1326 2103 hominum
1354 2064 1561 2119 quaeras
1588 2049 1800 2102 auxilia.

695 2145 750 2198 7.
780 2143 989 2204 Audite,
1017 2157 1220 2210 quaeso,
1247 2142 1425 2194 audite
1453 2141 1789 2209 sacrilegum.
1825 2157 1844 2190 ι
1875 2141 1954 2207 Si,
1985 2141 2190 2211 inquit,

623 2236 843 2289 voluero
867 2248 1088 2288 curvare
1117 2233 1337 2302 digitum
1362 2274 1378 2298 ,
1421 2247 1635 2287 movere
1675 2247 1887 2286 manum
1909 2273 1924 2297 ,
1965 2235 2150 2287 sedere
2173 2274 2189 2298 ,

623 2335 785 2390 stam,
833 2324 1123 2386 ambulare,
1171 2322 1495 2387 discurrere,
1541 2333 1694 2389 sputa
1740 2324 1938 2390 jacere,
1985 2321 2191 2376 duobus

623 2415 861 2484 digitulis
892 2416 1094 2467 narium
1127 2422 1471 2482 purgamenta
1514 2412 1762 2466 decutere
1787 2453 1802 2478 ,
1837 2413 2070 2468 relevare
2108 2414 2191 2467 al-

621 2522 768 2569 vum,
813 2507 1020 2559 urinam
1069 2506 1331 2574 digerere,
1373 2520 1582 2573 semper
1630 2505 1754 2558 mihi
1801 2506 2054 2558 auxilium
2100 2507 2189 2560 Dei

621 2595 980 2650 necessarium
1008 2595 1172 2648 erit?»
1217 2596 1350 2647 Audi
1381 2596 1604 2663 ingrate,
1626 2596 1731 2648 into
1756 2596 2034 2663 Sacrilege,
2060 2600 2191 2666 Apo-

620 2688 813 2742 stolum
834 2684 1207 2754 pra:dicantem
1234 2704 1246 2740 :
1272 2685 1390 2738 Sive
1410 2688 1743 2749 manducatis,
1767 2689 1868 2740 sive
1888 2689 2070 2752 bibitis,
2090 2690 2192 2742 sive

619 2779 764 2832 aliud
796 2779 916 2849 quid
941 2777 1088 2847 agitis
1108 2819 1122 2842 ,
1151 2778 1320 2832 omnia
1356 2779 1409 2830 in
1439 2778 1640 2845 nomine
1665 2778 1756 2830 Dei
1781 2780 1913 2848 agite
1950 2781 2039 2849 (1.
2066 2777 2186 2835 Cor.

621 2871 709 2926 10.
741 2871 800 2924 ΞΗ
827 2869 868 2937 ).
913 2869 982 2948 Et
1025 2869 1149 2922 illttd
1193 2868 1418 2932 Jacobi,
1500 2869 1706 2940 1035
1781 2868 1911 2922 Ecce
1951 2887 2080 2923 nunc
2105 2872 2191 2938 qni

619 2964 814 3025 dicitis,
849 2962 996 3016 hodie
1022 2971 1109 3014 aut
1139 2979 1250 3014 cras
1281 2961 1657 3032 proﬁciscemur
1677 2964 1726 3014 in
1749 2961 1890 3014 illam
1919 2963 2186 3027 civitatem,

617 3063 668 3108 et
689 3054 934 3124 faciemus
960 3050 1065 3104 illic
1085 3067 1274 3104 annum
1299 3067 1485 3112 unum,
1524 3060 1576 3102 ut
1610 3052 1916 3119 negotiemur
1949 3061 1993 3103 et
2027 3051 2190 3104 lucre-

618 3160 755 3212 mur,
783 3143 868 3214 qui
888 3143 1087 3195 nescitis
1108 3143 1170 3194 de
1193 3141 1432 3193 crastino.
1466 3139 1592 3206 Qui:
1619 3142 1747 3194 enim
1767 3151 1840 3194 est
1867 3142 1966 3194 vita
1995 3143 2190 3196 vestra?

619 3233 761 3288 Aura
793 3242 864 3287 est
902 3233 1034 3285 enim
1066 3233 1168 3285 sive
1197 3248 1352 3298 uapor
1387 3231 1650 3298 paululum
1689 3249 1936 3300 apparens
1961 3249 1980 3285 :
2009 3235 2190 3286 deinde

618 3325 906 3393 dissipatur,
941 3338 1031 3390 pro
1058 3337 1116 3374 eo
1139 3321 1272 3389 quod
1299 3321 1512 3374 debeatis
1537 3322 1698 3374 dicere
1719 3339 1737 3374 :
1763 3323 1806 3373 si
1832 3322 2074 3374 Dominus
2101 3339 2187 3376 vo-

617 3417 800 3478 luerit,
831 3425 876 3467 et
905 3415 1173 3467 vixerimus
1200 3453 1212 3475 ,
1250 3415 1488 3483 faciemus
1515 3423 1598 3464 aut
1629 3414 1722 3464 hoc
1742 3423 1828 3464 aut
1855 3415 2001 3466 illud.
2035 3413 2086 3466 Ν
2093 3431 2188 3466 unc

617 3514 783 3556 autem
815 3503 1074 3556 exsultans
1115 3505 1166 3553 in
1210 3501 1454 3568 superbiis
1495 3503 1686 3566 vestris,
1719 3505 1879 3556 omnis
1909 3505 2188 3556 istiusmodi

616 3592 852 3664 gloriatio
880 3592 1093 3659 pessima
1113 3601 1185 3644 est
1215 3595 1229 3656 (
1253 3591 1432 3644 Jacob.
1473 3592 1524 3644 4.
1553 3593 1635 3644 l5.
1667 3603 1708 3643 et
1734 3608 1839 3660 sqq.
1862 3595 1904 3659 ).
1937 3593 2186 3660 lnjuriant

619 3684 711 3736 tibi
759 3683 871 3736 fieri
917 3689 1068 3750 putas
1109 3690 1162 3734 et
1203 3681 1402 3735 destrui
1443 3680 1644 3734 arbitrii
1686 3682 2015 3745 libertatein,
2048 3684 2089 3736 si
2122 3685 2186 3738 ad

619 3772 788 3828 Deum
816 3787 1028 3842 semper
1056 3785 1326 3827 auctorem
1350 3787 1614 3836 recurras,
1640 3773 1681 3826 si
1705 3789 1769 3826 ex
1794 3774 1932 3827 illius
1960 3775 2188 3843 pendeas

616 3864 911 3927 voluntate,
939 3873 993 3918 et
1023 3863 1173 3917 dicas
1204 3881 1217 3917 :
1255 3862 1402 3916 Oculi
1432 3864 1528 3916 mei
1555 3881 1748 3932 semper
1777 3867 1844 3918 ad
1865 3864 2143 3921 Dominum
2169 3911 2184 3934 ,

614 3955 851 4018 quoniam
876 3956 983 4022 ipse
1006 3957 1178 4008 evellet
1211 3954 1274 4007 de
1309 3955 1486 4018 laqueo
1514 3955 1662 4022 pedes
1688 3957 1863 4009 meos?
1891 3957 2064 4027 (l’sal.
2095 3961 2184 4013 24.

617 4045 744 4114 15).
799 4043 948 4099 Unde
991 4053 1047 4098 et
1085 4044 1250 4098 audes
1292 4045 1468 4113 lingua
1499 4044 1739 4113 proferre
1772 4049 2073 4114 temeraria,
2112 4049 2185 4120 (ὁ)

617 4151 1048 4204 unumquemque
1068 4137 1289 4190 arbitrio
1314 4151 1410 4190 suo
1437 4131 1581 4206 regi?
1607 4138 1661 4192 Si
1683 4153 1780 4192 suo
1800 4141 2022 4194 arbitrio
2053 4143 2189 4211 regi-

616 4234 722 4289 tur,
750 4227 836 4280 ubi
861 4237 943 4279 est
967 4227 1220 4280 auxilium
1254 4226 1385 4280 Dei?
1411 4227 1462 4279 Si
1493 4227 1708 4282 Christo
1735 4239 1944 4284 rectore
1971 4246 2075 4284 non
2107 4231 2188 4284 in-

615 4317 761 4383 diget
780 4355 795 4380 ,
823 4317 1091 4383 quomodo
1121 4318 1307 4371 scribit
1332 4317 1590 4372 Jeretnias
1623 4337 1636 4373 :
1672 4318 1790 4373 Non
1818 4333 1888 4374 est
1913 4323 1963 4375 in
1990 4323 2188 4376 homine

615 4403 696 4455 via
750 4403 878 4470 ejus;
934 4403 1001 4456 Et
1032 4422 1044 4455 :
1077 4422 1108 4454 ιι
1138 4406 1350 4457 Domino
1380 4425 1578 4475 gressus
1617 4409 1831 4476 hominis
1866 4413 2188 4482 diriguntur?

619 4491 843 4559 (Jerem.
875 4491 960 4546 l0.
993 4491 1124 4560 23).
1171 4492 1366 4546 Facilia
1395 4496 1527 4549 dicis
1555 4497 1646 4548 Dei
1674 4514 1796 4552 esse
1823 4502 2066 4555 mandata
2089 4543 2102 4561 .
2134 4514 2188 4557 et

623 4595 801 4635 tamen
831 4583 1032 4635 nulluni
1063 4582 1302 4651 proferre
1343 4594 1526 4652 potes,
1562 4587 1649 4654 qui
1683 4589 1926 4642 universa
1955 4593 2189 4659 comple-

617 4675 774 4726 verit.
813 4673 1092 4741 ReSpoude
1122 4674 1279 4740 mihi,
1311 4673 1482 4729 facilia
1525 4688 1684 4742 sunt,
1725 4693 1789 4730 an
1833 4679 2100 4735 difficilia?
2133 4684 2187 4736 Si

618 4763 812 4830 facilia,
845 4765 1021 4834 profer
1057 4766 1174 4834 quis
1220 4781 1281 4820 ea
1324 4767 1646 4836 impleverit,
1685 4779 1737 4821 et
1781 4786 1877 4823 cur
1928 4771 2088 4825 David
2137 4775 2186 4826 in

618 4855 826 4909 Psalmo
854 4866 1008 4911 canat
1038 4876 1050 4910 ς
1084 4857 1182 4924 Qui
1213 4859 1362 4929 ﬁngis
1393 4859 1612 4913 laborem
1639 4861 1690 4913 in
1723 4873 1971 4928 pra'ccpto
2000 4863 2019 4931 (
2041 4861 2185 4916 Psal.

614 4944 702 4998 95.
733 4943 859 5012 20).
893 4945 960 5000 Et
989 4947 1178 5001 iterum
1212 4965 1226 5000 :
1259 4946 1475 5018 Propter
1517 4950 1663 5003 verba
1704 4950 1950 5004 labiorum
1987 4961 2186 5006 tuorum

613 5049 705 5105 ego
731 5036 976 5090 custodiri
1003 5043 1108 5092 vias
1133 5038 1287 5092 duras
1316 5037 1490 5107 (Psal.
1526 5041 1614 5095 16.
1646 5042 1723 5108 4).
1758 5041 1823 5095 Ει
1853 5043 2106 5096 Dominus
2135 5045 2187 5099 in

618 5125 905 5196 Evangelio
935 5145 948 5180 :
984 5127 1180 5182 Intrate
1210 5146 1299 5199 per
1323 5141 1590 5201 angustam
1633 5143 1828 5199 portam
1871 5133 2096 5198 (Matth.
2129 5136 2160 5189 7

616 5217 730 5287 15).
759 5216 862 5271 Et:
895 5217 1357 5289 Diligiteinimicos
1388 5231 1574 5275 vestros
1611 5224 1629 5290 (
1648 5221 1775 5276 Luc.
1808 5224 1858 5278 6.
1887 5225 1956 5280 55
1981 5228 2021 5294 ).
2071 5227 2137 5281 Et
2171 5245 2183 5280 :

619 5309 775 5360 Orate
803 5325 895 5376 pro
919 5309 980 5362 iis
1000 5312 1085 5380 qui
1114 5321 1474 5380 persequuntur
1491 5311 1614 5365 vos?
1635 5313 1844 5382 (Matth.
1868 5315 1922 5369 5.
1947 5317 2058 5387 44).
2093 5317 2184 5372 Sin

684 5435 747 5506 ta)
780 5436 947 5506 .Antea.
967 5453 1059 5486 non
1083 5441 1200 5506 satis
1218 5449 1355 5506 recte
1378 5443 1749 5506 [imponebatur
1766 5449 1814 5492 ut
1837 5444 2069 5506 particula
2093 5447 2180 5506 sic,

617 5500 666 5562 ut
707 5496 1028 5562 ticiug.atiant
1057 5499 1122 5562 ad
1147 5496 1497 5562 conditionem,
1537 5512 1634 5553 etc.
1667 5505 1776 5553 Alia
1811 5496 1886 5553 his
1919 5506 2094 5555 similia
2121 5496 2184 5554 ei

617 5551 730 5600 Mss.
752 5551 868 5605 infra
894 5560 1225 5610 emendamus.

617 5612 958 5720 ιωξιὲωιξῗηῑθι·
981 5621 1302 5681 Augustinum
1323 5622 1388 5672 de
1419 5622 1584 5675 Gestis
1605 5625 1793 5690 Pelagii
1831 5628 1880 5675 in
1913 5627 2035 5677 banc
2069 5640 2184 5677 sen-

1932 309 2168 368 SANCTI
2208 309 2454 364 lllERON
2464 308 2576 365 YMl

3307 271 3333 290 κ

3774 318 3892 382 MSS
3939 361 3958 446 )

2297 432 2472 478 autem
2504 423 2759 490 difficilia,
2791 437 2888 479 cur
2915 439 3072 480 ausus
3097 441 3155 482 es
3181 427 3368 486 dicere
3389 470 3403 493 .
3440 429 3628 488 facilia
3660 447 3784 490 esse
3813 439 3890 492 Dei
3942 423 3950 493 ἲ

2305 513 2552 566 mandata
2577 555 2591 576 ,
2621 529 2742 582 quae
2769 515 2944 569 nullus
2971 515 3300 586 impleverit?
3343 518 3467 574 Non
3499 521 3766 592 intelligis
3795 536 3890 580 tuas
3947 513 3967 592 l;

2303 601 2444 656 inter
2470 616 2528 656 se
2557 618 2855 672 repugnare
2881 606 3208 660 sententias?
3233 609 3341 660 Aut
3370 609 3521 662 enim
3549 610 3735 666 facilia
3761 626 3886 674 sunt.

2304 699 2358 746 et
2395 692 2596 746 infinita
2635 701 2718 747 est
2758 694 3044 748 multitudo
3083 695 3383 760 hominum,
3416 701 3510 769 qui
3543 717 3611 754 ea
3643 703 3888 771 impleve-

2301 783 2411 836 rint
2435 799 2450 836 :
2480 793 2571 837 aut
2595 784 2854 850 diflicilia,
2879 795 2934 841 et
2961 796 3160 843 temere
3189 785 3372 844 dixisti
3395 806 3521 846 esse
3549 791 3741 860 facile,
3764 798 3884 863 quod

2300 871 2519 928 difficile
2545 884 2648 930 est.

2307 985 2310 988 ’
2373 963 2425 1017 8.
2454 962 2646 1018 Soletis
2688 973 2739 1019 et
2779 963 2882 1019 hoc
2919 964 3134 1030 dicere,
3168 976 3260 1022 aut
3287 970 3566 1036 possibilia
3599 987 3729 1028 esse
3754 990 3883 1030 mau-

2301 1049 2423 1104 data
2443 1091 2459 1116 ,
2489 1061 2541 1105 ct
2570 1063 2713 1107 recte
2739 1069 2765 1106 a
2796 1055 2904 1108 Deo
2928 1055 3050 1110 data
3086 1074 3100 1108 :
3131 1066 3223 1111 aut
3256 1059 3614 1128 impossibilia
3641 1103 3657 1126 ,
3695 1075 3750 1118 et
3793 1083 3878 1121 non

2303 1140 2352 1192 in
2382 1139 2463 1193 his
2488 1155 2608 1196 esse
2635 1144 2844 1212 culpam
2883 1147 2972 1213 qui
3010 1148 3255 1214 accipere
3286 1149 3536 1204 mandata
3562 1193 3578 1216 ,
3615 1154 3715 1207 sed
3747 1155 3798 1209 in
3824 1174 3876 1211 eo

2299 1231 2390 1298 qui
2413 1231 2559 1284 dedit
2580 1232 2947 1300 impossibilia.
2978 1235 3240 1305 Numquid
3267 1241 3526 1308 prmcepit
3562 1243 3699 1296 mihi
3730 1245 3876 1308 Deus,

2301 1326 2360 1372 ut
2396 1333 2568 1374 essem
2613 1321 2752 1389 quod
2793 1321 2936 1376 Deus
2978 1332 3060 1377 est
3089 1343 3101 1377 :
3136 1337 3195 1379 ut
3225 1328 3355 1380 nihil
3386 1328 3528 1384 inter
3557 1347 3649 1386 me
3672 1346 3881 1390 essetet

2301 1410 2582 1466 Dominutu
2623 1411 2931 1468 Creatorem
2966 1426 3068 1469 :ut
3109 1418 3278 1486 major
3323 1435 3502 1476 essem
3547 1425 3878 1494 Angelorum

2301 1499 2527 1569 fastigio,
2552 1509 2607 1555 ut
2633 1503 2883 1556 haberem
2912 1506 3051 1573 quod
3084 1507 3269 1576 Angeli
3298 1524 3404 1563 non
3429 1511 3669 1567 habent?
3695 1516 3773 1570 De
3798 1519 3876 1572 illo

2298 1592 2555 1657 scriptum
2583 1600 2665 1644 est
2689 1593 2840 1659 quasi
2871 1595 3140 1662 pr0prium
3168 1612 3180 1648 :
3210 1596 3311 1661 Qui
3330 1612 3593 1668 peccatum
3674 1606 3878 1679 1036
3966 1613 3967 1656 ι

2299 1699 2400 1736 non
2452 1685 2587 1753 fecit,
2629 1701 2720 1738 nec
2750 1687 2899 1739 dolus
2948 1689 3177 1743 inventus
3205 1691 3260 1742 in
3307 1708 3395 1745 ore
3443 1699 3556 1760 ejus
3589 1696 3751 1766 (Isui.
3792 1702 3872 1756 55.

2297 1775 2390 1846 9).
2423 1777 2477 1830 Si
2508 1776 2580 1848 (c)
2611 1777 2711 1832 hoc
2751 1791 2804 1833 et
2848 1779 2976 1834 mihi
3011 1796 3132 1836 cum
3172 1783 3388 1839 Christo
3427 1804 3724 1845 commune
3768 1805 3872 1860 est,

2297 1868 2423 1936 quid
2465 1869 2554 1923 ille
2593 1869 2773 1924 habuit
2807 1876 3115 1942 proprium?
3157 1877 3354 1947 alioqui
3393 1897 3487 1950 per
3520 1897 3583 1938 se
3629 1895 3720 1939 tua
3760 1902 3874 1941 sen-

2299 1959 2460 2014 tentia
2485 1960 2809 2015 destruetur.
2837 1965 3047 2018 Asseris
3090 1982 3246 2036 posse
3286 1971 3552 2026 hominem
3597 1991 3723 2031 esse
3761 1980 3865 2032 sine

2298 2059 2548 2119 peccato,
2595 2053 2638 2106 si
2683 2054 2806 2107 velit
2837 2071 2850 2105 :
2884 2063 2936 2109 et
2967 2069 3082 2124 post
3109 2059 3480 2128 gravissimum
3517 2080 3770 2120 somnum
3806 2070 3864 2122 ad

2253 2214 2255 2216 η
2296 2139 2634 2208 decipiendas
2659 2143 2817 2197 rudes
2845 2145 3049 2198 animas
3088 2146 3280 2202 frustra
3322 2155 3535 2206 conaris
3560 2156 3867 2226 adjungere.

2297 2227 2419 2283 Non
2445 2231 2629 2300 absque
2659 2231 2752 2284 Dei
2775 2235 2957 2302 gratia.
2991 2235 3047 2289 Si
3085 2241 3228 2291 enim
3267 2243 3433 2294 semel
3478 2243 3642 2298 homo
3685 2265 3782 2313 per
3817 2265 3872 2305 se

2296 2328 2471 2387 potest
2498 2334 2616 2375 esse
2640 2321 2755 2375 sine
2783 2333 3024 2390 peccato,
3053 2327 3174 2394 quid
3202 2333 3505 2385 necessaria
3529 2345 3616 2388 est
3645 2337 3737 2392 Dei
3758 2354 3872 2407 gra.

2298 2410 2404 2466 tia?
2449 2408 2539 2464 Sin
2579 2420 2753 2465 autem
2787 2416 2906 2467 sine
2947 2415 3086 2469 illius
3116 2419 3284 2484 gratia
3311 2420 3443 2474 nihil
3468 2435 3653 2492 potest
3677 2426 3862 2496 facere,

2293 2501 2419 2568 qttid
2453 2517 2670 2557 necesse
2699 2505 2792 2556 fuit
2816 2504 3017 2571 dicere,
3049 2524 3202 2574 posse
3223 2511 3364 2576 quod
3393 2527 3500 2566 non
3533 2522 3749 2583 potest?
3777 2522 3870 2574 Ρυο

2296 2596 2416 2652 test,
2442 2589 2628 2658 inquit,
2659 2606 2778 2646 cs-e
2801 2591 2916 2647 sine
2948 2607 3183 2662 peccato,
3214 2609 3384 2665 potest
3415 2618 3537 2658 esse
3563 2608 3866 2676 perfectus,

2293 2679 2336 2734 si
2367 2681 2610 2736 voluerit.
2657 2684 2788 2749 Quis
2827 2687 2969 2740 enim
3011 2685 3434 2747 Christianorum
3469 2713 3579 2751 non
3614 2703 3730 2755 vult
3753 2720 3868 2760 esse

2293 2773 2408 2826 sine
2435 2785 2672 2842 peccato,
2700 2787 2791 2830 aut
2818 2781 2935 2847 quis
2967 2781 3343 2848 perfectionem
3374 2802 3612 2856 recusat,
3648 2796 3694 2849 si
3722 2800 3866 2852 sullio

2292 2865 2365 2916 cit
2387 2866 2433 2917 ei
2460 2866 2633 2927 velle;
2667 2878 2717 2922 et
2745 2871 2921 2922 statim
2945 2872 3184 2939 sequitur
3207 2890 3380 2942 posse,
3406 2879 3451 2932 si
3485 2882 3628 2937 velle
3656 2900 3869 2953 preces-

2291 2954 2460 3007 serit?
2499 2954 2689 3010 Nullus
2730 2957 3150 3016 Christianorum
3179 2975 3293 3030 est,
3326 2968 3414 3034 qui
3445 2969 3581 3024 nolit
3610 2989 3732 3028 esse
3757 2980 3868 3032 sine

2293 3057 2512 3114 peccato
2536 3065 2548 3100 :
2577 3063 2763 3103 omnes
2792 3065 2919 3120 ergo
2948 3053 3061 3106 sine
3086 3066 3304 3124 peccato
3335 3070 3518 3124 erunt,
3545 3068 3668 3133 quia
3693 3071 3870 3137 utique

2292 3154 2478 3193 omnes
2498 3143 2717 3209 cupiunt
2737 3158 2856 3198 esse
2879 3147 2996 3200 sine
3023 3158 3260 3215 peccato.
3287 3151 3354 3204 Et
3383 3153 3436 3206 in
3470 3155 3574 3211 hoc
3596 3158 3679 3228 (d)
3705 3161 3871 3229 ingra-

2295 3233 2360 3283 tis
2390 3234 2656 3287 tencberis
2680 3275 2695 3298 ,
2721 3244 2776 3288 ιιι
2803 3237 2926 3306 quia
2955 3239 3155 3293 nullum
3177 3283 3192 3306 ,
3222 3255 3305 3295 aut
3339 3261 3519 3300 rarum
3545 3265 3867 3321 quemquam

2291 3323 2407 3377 sine
2440 3335 2654 3390 peccato
2682 3325 2919 3393 proferre
2949 3340 3118 3397 potes,
3151 3348 3336 3388 omnes
3363 3337 3480 3392 sine
3507 3354 3728 3408 peccato
3752 3362 3870 3401 esse

2293 3429 2449 3480 posse
2469 3416 2700 3470 fatearis.
2727 3418 3024 3484 Possibilia,
3048 3425 3236 3493 inquit,
3261 3429 3506 3484 mandata
3533 3433 3684 3488 dedit
3714 3438 3867 3493 Dens.

2294 3504 2357 3557 Et
2388 3509 2506 3573 quis
2533 3507 2633 3561 hoc
2660 3513 2858 3577 negat?
2886 3512 2988 3566 Sed
3010 3517 3276 3582 quomodo
3299 3519 3412 3573 lucc
3437 3523 3782 3595 intelligenda
3806 3535 3869 3585 sit

2291 3598 2574 3661 sententia,
2597 3614 2686 3651 vas
2707 3601 2981 3654 electionis
3003 3606 3336 3672 apertissime
3361 3611 3556 3676 docet;
3588 3618 3660 3669 ait
3690 3621 3827 3672 enim
3854 3638 3865 3672 :

2295 3686 2439 3748 Quod
2462 3698 2568 3738 erat
2594 3690 2898 3756 impossibile
2921 3694 3043 3761 legis
3071 3693 3164 3765 [aL
3194 3695 3334 3768 legi],
3359 3700 3411 3752 in
3439 3718 3540 3769 quo
3571 3705 3867 3772 inﬁrmaba-

2292 3784 2372 3827 tur
2405 3792 2493 3842 per
2531 3793 2733 3831 carnem
2753 3821 2766 3842 ,
2804 3778 2938 3834 Deus
2967 3784 3128 3848 ﬁlium
3151 3803 3296 3839 suum
3321 3791 3522 3846 mittens
3550 3797 3608 3847 in
3631 3798 3866 3851 similitu-

2292 3865 2458 3917 dinem
2482 3868 2648 3919 carnis
2675 3871 2884 3937 peccati,
2911 3882 2956 3923 et
2985 3874 3046 3925 de
3073 3885 3275 3941 peccato
3305 3881 3663 3936 condemnavit
3688 3905 3866 3954 pecca-

2291 3963 2397 4007 tum
2433 3956 2484 4008 in
2520 3973 2672 4010 carne
2699 3959 2714 4025 (
2743 3957 2891 4013 Rom.
2919 3962 2970 4016 8.
3003 3964 3037 4016 5
3064 3965 3101 4026 ).
3149 3965 3213 4019 Et
3257 3968 3450 4023 iterum
3484 3989 3498 4024 :
3525 3971 3612 4027 Ea:
3635 3980 3867 4044 operibus

2291 4043 2415 4112 legis
2437 4061 2535 4097 non
2558 4047 2923 4114 justiﬁeabitur
2947 4053 3108 4105 omnis
3137 4070 3255 4108 caro
3285 4055 3448 4125 (Ibid.
3478 4060 3532 4116 5.
3561 4043 3684 4133 50).
3715 4066 3866 4132 Quod

2290 4149 2360 4188 ne
2383 4135 2452 4191 de
2474 4135 2590 4204 lege
2616 4136 2777 4206 Moysi
2806 4146 3009 4194 tantum
3035 4142 3233 4197 dictum
3267 4158 3438 4214 putes,
3462 4159 3516 4204 et
3537 4167 3644 4205 non
3665 4154 3734 4207 de
3756 4171 3872 4210 om.

2291 4223 2448 4279 nibus
2473 4225 2764 4292 mandatis,
2795 4243 2914 4298 qure
2945 4246 3049 4285 uno
3078 4233 3208 4300 legis
3237 4237 3454 4292 nomine
3482 4243 3862 4315 continentur,

2292 4311 2432 4365 idem
2479 4315 2765 4381 Apostolus
2805 4318 3025 4384 scribit,
3070 4321 3291 4377 dicens:
3319 4325 3580 4381 Consentio
3602 4331 3738 4383 enim
3767 4311 3870 4404 legi

2290 4402 2388 4456 Dei
2422 4404 2577 4472 juxta
2616 4406 2901 4459 interiorem
2927 4408 3177 4464 hominem
3200 4429 3220 4466 :
3246 4416 3387 4468 video
3411 4429 3578 4471 autem
3608 4423 3769 4475 aliam
3793 4402 3870 4478 le-

2290 4511 2399 4562 gem
2429 4496 2479 4546 in
2503 4497 2734 4550 membris
2762 4499 2904 4563 meis,
2933 4516 3294 4572 repugnantem
3321 4507 3418 4576 legi
3443 4513 3627 4566 mentis
3657 4531 3802 4578 mea,
3825 4527 3870 4569 et

2290 4586 2623 4653 captivantem
2668 4604 2746 4641 me
2786 4590 2838 4642 in
2885 4589 2991 4660 lege
3033 4598 3244 4662 peccati,
3273 4613 3383 4667 quia
3417 4609 3490 4652 est
3531 4602 3588 4655 in
3625 4608 3870 4660 membris

2349 4718 2412 4789 lc)
2446 4719 2552 4789 lion
2572 4721 3150 4789 probatltugustinuslib.
3167 4728 3232 4776 de
3246 4728 3411 4789 Natura
3427 4736 3480 4777 et
3502 4729 3670 4780 Gratia
3691 4747 3875 4789 contra
3901 4752 3928 4780 ο

2294 4782 2553 4859 ΡιξιιιβίιιιιιΔ
2570 4795 2680 4859 gap.
2717 4785 2796 4859 ὃᾷ.
2835 4782 2928 4855 hoc
2964 4790 3031 4856 uti
3063 4788 3373 4859 contraillum
3397 4790 3673 4859 hereticuni
3712 4782 3874 4859 5.1g};

2291 4850 2480 4918 mento:
2494 4841 2666 4918 s_Abs_it
2687 4852 2868 4918 autem,
2892 4845 3060 4908 inquit,
3088 4854 3204 4918 ιιι-ει
3225 4850 3431 4918 dicamus
3444 4851 3576 4918 Quod
3602 4841 3871 4918 aqu—ibi};-

2291 4902 2397 4949 dam
2429 4910 2595 4982 contra
2621 4910 2670 4952 te
2694 4905 2785 4954 dici
2819 4910 2918 4965 ais,
2941 4902 3150 4980 compari
3183 4911 3425 4982 hominem
3444 4902 3584 4970 Deo,
3608 4902 3870 4982 δίᾞξξξᾱιῖε

2292 4970 2491 5042 peccato
2511 4976 2622 5042 esse
2646 4976 2926 5042 asseratnr-z
2951 4970 3089 5042 quasi
3103 4983 3235 5042 gero
3269 4971 3514 5042 Angelus,
3540 4981 3656 5035 quia
3670 4970 3869 5042 absque

2294 5029 2491 5102 peccato
2509 5033 2613 5102 est}
2627 5038 2748 5102 comi
2761 5035 2938 5102 aretur
2950 5029 3083 5102 D_eo._
3101 5029 3206 5102 Ego
3219 5029 3416 5102 quidém
3441 5029 3534 5102 hoc
3551 5029 3736 5102 sentio,
3757 5029 3870 5100 q'uia

2294 5084 2438 5152 etiam
2459 5097 2568 5152 cum
2589 5084 2807 5136 fuerit'in
2828 5091 2973 5152 nobis
2991 5095 3119 5138 tanta
3139 5084 3343 5152 iustitia,
3367 5102 3423 5143 ut
3447 5096 3494 5143 ei
3525 5098 3634 5144 addi
3673 5084 3869 5149 initiis-3

2293 5143 2410 5210 nihil
2428 5147 2625 5210 possit,
2661 5161 2756 5196 nou
2795 5151 3061 5210 aequabitur
3085 5143 3306 5200 orbatura
3330 5143 3566 5204 creatori.
3596 5143 3661 5206 Si
3682 5143 3867 5208 illisit}

2292 5204 2627 5276 aliqiiiputant
2653 5215 2834 5276 tantum
2855 5204 3080 5258 'uostrum
3113 5211 3324 5276 futurum
3359 5229 3472 5263 esse
3497 5204 3868 5276 profectu—mret

2294 5219 2436 5312 aqui
2463 5219 2627 5268 putant
2653 5219 2834 5256 tantum
2868 5219 3080 5258 nostrum
3113 5219 3324 5260 futurum
3359 5229 3472 5263 esse
3497 5219 3792 5276 profectum,
3818 5228 3863 5270 ut

2294 5267 2341 5313 in
2407 5268 2795 5340 cilsubstantiam
2807 5279 3166 5340 convertamur,
3184 5279 3235 5340 et
3253 5273 3342 5323 hoc
3360 5276 3626 5340 efﬁciamur
3651 5293 3863 5340 prorsus,

2292 5329 2418 5387 quod
2446 5328 2644 5392 illoest,
2669 5331 2874 5392 viderint
2894 5332 3294 5392 quemadmodum
3329 5336 3546 5386 adstruat
3565 5328 3864 5389 sementim;

2291 5399 2426 5453 suam
2444 5390 2601 5453 :_t_nibi_
2623 5391 2713 5437 hoc
2737 5391 2887 5439 fateor
2911 5390 3004 5453 non
3031 5404 3141 5438 esse
3165 5407 3471 5453 persuasum.

2461 5449 2692 5498 Mendosc
2715 5453 2846 5511 prius
2865 5456 2968 5500 erat
2986 5447 3220 5517 ingratus.
3253 5456 3460 5517 tngrutt's
3480 5470 3668 5517 autem,
3690 5460 3772 5510 vel
3794 5461 3862 5510 in-

2291 5509 2480 5572 gratiis,
2503 5517 2557 5572 ut
2579 5509 2747 5572 omnes
2771 5518 2968 5572 not-unt,
2993 5509 3123 5572 idem
3145 5521 3221 5561 est
3243 5509 3498 5568 acvinvito.
3525 5520 3610 5569 Sic
3632 5509 3751 5570 vero
3773 5509 3862 5572 uti-

2293 5569 2370 5642 tur
2392 5569 2528 5642 Hier.
2549 5571 2630 5642 lib.
2656 5572 2698 5641 l_.
2717 5570 3220 5642 Diiilog:‘lngrtttis(al.
3248 5576 3496 5642 ingratiis)
3517 5581 3605 5631 tibi
3626 5569 3866 5642 fatendum

2292 5636 2362 5679 est
2387 5642 2405 5689 ;
2429 5641 2476 5678 et
2501 5631 2642 5700 paulo
2665 5633 2785 5682 intra
2808 5627 3203 5684 ini’itits'tenetn'is
3226 5627 3412 5687 vallum

2293 5691 2432 5741 sibtle
2443 5693 2658 5741 jactuas.

2293 5699 2432 5741 ειιηιε
2441 5699 2658 5752 jactttas.
