3986 6184
106 303 232 358 “5-,
739 335 742 338 .
1390 282 1716 342 EPISTULA
1755 281 2041 340 CXXXIII.
3207 295 3345 350 “53

68 391 72 396 ³
104 419 241 471 meis.
275 412 427 467 Miser
464 425 554 481 ego
593 409 742 462 homo
767 446 782 474 ,
821 405 934 472 quis
968 420 1050 459 me
1087 401 1316 459 liberabit
1358 402 1420 454 de
1455 414 1662 466 corpore
1776 411 1942 466 usque
1970 397 2037 452 ad
2059 399 2328 454 Oceanum
2365 414 2463 470 per
2514 399 2790 455 circuitum
2836 401 3074 456 barbara:
3107 405 3349 460 nationes

108 506 277 560 mortis
303 504 450 571 hujus
468 500 494 554 ?
525 499 704 554 Gratia
740 495 838 551 Dei
865 513 954 566 per
979 495 1157 550 Jesum
1193 492 1452 550 Christum
1484 489 1670 543 Domi-
1773 485 1991 558 Moysen
2019 487 2420 560 Prophetasque
2441 498 2818 561 cognoverant.
2847 491 2984 557 Quid
3008 507 3228 549 necesse
3253 495 3353 550 fuit

106 612 225 650 num
253 603 472 649 nostrum
509 589 704 659 (Rom.
732 589 786 642 'l.
823 588 914 642 22.
949 596 994 642 et
1020 585 1178 657 sqq.).
1205 584 1313 640 Cur
1354 593 1530 637 autem
1568 580 1672 635 hoc
1775 594 1898 634 eum
1921 580 1972 633 in
1995 581 2182 636 ultimo
2207 583 2386 638 venire
2417 592 2676 652 tempore,
2709 593 2759 637 et
2793 598 2899 637 non
2931 583 3236 653 priusquam
3269 585 3352 639 in-

110 685 338 750 dixerit,
364 682 466 736 alio
491 693 742 734 sermone
767 678 1121 733 demonstrat.
1149 675 1352 731 Scimus
1379 673 1512 727 enim
1537 669 1672 742 quod
1778 674 2129 728 numerabilis
2153 675 2352 745 periret
2378 676 2651 730 hominum
2674 675 2991 730 multitudo?
3024 676 3193 743 Quam
3219 693 3360 747 quas.

106 777 185 830 lea:
210 770 481 843 spiritualis
506 779 599 836 est,
627 787 720 837 ego
743 779 910 823 autem
937 768 1158 822 carnalis
1181 784 1312 832 sum,
1365 765 1676 818 venundatus
1779 765 2006 818 stionem
2031 764 2220 820 beatus
2246 767 2535 836 Apostolus
2561 766 2629 822 ad
2655 767 2925 821 Romanos
2949 768 3210 835 scribens,
3236 784 3360 837 pru-

107 867 195 922 sub
239 873 460 935 peccato.
511 863 661 929 Quod
700 863 834 915 enim
877 877 1080 928 operor,
1110 876 1210 912 non
1237 871 1507 928 cognosco.
1554 853 1677 908 Non
1780 856 2092 914 dentissime
2119 859 2364 925 ventilat,
2395 861 2644 929 ignorans
2668 859 2786 914 haec
2808 901 2823 926 ,
2856 868 2913 915 et
2939 860 3031 915 Dei
3061 861 3363 916 concedens

105 960 230 1013 enim
255 955 389 1026 quod
415 953 548 1020 volo,
632 952 842 1024 1037
917 949 1048 1004 illud
1072 965 1272 1019 operor,
1291 947 1380 1000 sed
1405 944 1541 1016 quod
1569 943 1676 1008 odi.
1783 950 2040 1005 scientias.
2069 951 2297 1022 Dignare
2318 952 2477 1021 igitur
2495 961 2550 1007 et
2569 962 2624 1006 tu
2643 952 2742 1007 ista
2765 953 3123 1023 nescire,qua3
3145 955 3362 1024 qumris.

106 1048 233 1104 illud
258 1047 412 1118 facio.
449 1045 546 1099 Sin
571 1053 737 1097 autem
761 1041 897 1112 quod
926 1041 1076 1107 nolo,
1105 1040 1199 1093 hoc
1225 1040 1360 1110 facio
1381 1078 1395 1102 ,
1424 1035 1678 1091 consentio
1783 1037 2032 1094 Concede
2076 1039 2189 1094 Deo
2228 1042 2516 1109 potentiam
2560 1043 2670 1108 sui,
2715 1057 3050 1113 nequaquam
3081 1051 3132 1097 te
3165 1043 3366 1112 indiget

106 1142 218 1210 legi,
242 1139 486 1210 quoniam
507 1137 638 1190 bona
658 1145 753 1190 est.
783 1133 938 1188 Nunc
965 1141 1133 1186 autem
1159 1146 1479 1201 nequaquam
1500 1143 1681 1200 operor
1785 1128 2083 1185 defensore.
2118 1131 2231 1200 Ego
2250 1131 2575 1214 miserabilis
2596 1173 2610 1196 ,
2641 1133 2729 1202 qui
2758 1141 2876 1188 tuas
2900 1143 3154 1202 exspecto
3179 1144 3368 1187 contu-

104 1231 251 1297 illud,
300 1231 390 1284 sed
438 1230 572 1300 quod
617 1230 671 1281 in
712 1243 792 1280 me
836 1225 1047 1289 habitat,
1083 1232 1362 1293 peccatum.
1396 1220 1519 1276 Scio
1549 1220 1682 1273 enim
1786 1223 1993 1288 melias,
2023 1225 2114 1292 qui
2144 1223 2274 1278 illud
2304 1238 2516 1293 semper
2543 1225 2664 1294 lego
2698 1242 2710 1277 :
2738 1223 2914 1278 Gratia
2944 1223 3070 1278 salvi
3099 1227 3222 1295 facti
3252 1227 3370 1278 estis

102 1325 237 1396 quod
263 1341 367 1378 non
399 1324 591 1376 habitat
620 1323 674 1374 in
695 1337 791 1386 me,
813 1320 907 1374 hoc
937 1328 1028 1385 est,
1053 1318 1106 1371 in
1134 1333 1286 1370 carne
1311 1331 1449 1379 mea,
1478 1319 1682 1367 bonum.
1792 1314 2009 1385 (Ephes.
2031 1315 2086 1368 2.
2114 1316 2200 1385 8).
2233 1316 2300 1370 Et
2329 1335 2342 1370 :
2371 1315 2516 1370 Beati
2543 1334 2757 1386 quorum
2781 1320 3004 1372 remissa:
3031 1329 3146 1372 sunt
3177 1320 3369 1389 iniqui-

110 1417 251 1471 Velle
289 1417 428 1470 enim
469 1415 668 1477 adiacet
708 1412 832 1466 mihi
855 1452 870 1476 ,
910 1412 1150 1482 perﬁcere
1175 1419 1344 1462 autem
1371 1408 1554 1461 bonum
1582 1421 1685 1458 non
1791 1416 1938 1471 tates,
1966 1417 2012 1461 et
2037 1424 2250 1476 quorum
2274 1417 2404 1463 tecta
2433 1419 2549 1463 sunt
2575 1419 2780 1480 peccata
2808 1410 2982 1475 (Psal.
3008 1411 3098 1464 51.
3120 1410 3201 1482 1),
3227 1421 3284 1464 ut
3305 1411 3373 1465 de

101 1509 321 1562 invenio.
353 1505 481 1560 Non
522 1506 656 1559 enim
695 1503 829 1574 quod
864 1503 977 1556 volo
1015 1502 1236 1566 bonum,
1273 1499 1366 1551 hoc
1405 1498 1538 1568 facio
1561 1495 1688 1550 :sed
1793 1515 1910 1554 mea
1937 1499 2223 1571 fragilitate
2246 1501 2452 1572 loquar,
2486 1503 2610 1557 novi
2633 1519 2719 1558 me
2748 1505 2912 1558 multa
2940 1503 3113 1571 velle,
3147 1520 3265 1574 quae
3293 1505 3375 1557 fa-

103 1600 235 1669 quod
262 1599 385 1652 nolo
406 1639 422 1663 ,
454 1598 667 1662 malum,
694 1597 788 1650 hoc
817 1612 934 1666 ago.
962 1593 1023 1648 Si
1052 1603 1220 1646 autem
1245 1590 1378 1660 quod
1413 1594 1531 1642 nolo
1554 1628 1571 1654 ,
1599 1588 1677 1641 hat

1800 1593 1977 1648 cienda
2009 1591 2101 1666 [al.
2123 1594 2321 1666 sancta]
2351 1605 2494 1659 sunt,
2515 1604 2569 1650 et
2596 1606 2771 1651 tamen
2802 1597 3025 1666 implere
3052 1611 3160 1650 non
3191 1605 3374 1666 posset

105 1691 258 1762 facio,
282 1704 606 1758 nequaquam
634 1703 725 1758 ego
754 1702 936 1755 operor
962 1684 1116 1750 illud,
1146 1682 1234 1736 sed
1255 1681 1390 1750 quod
1419 1679 1610 1733 habitat
1638 1679 1679 1731 in

1804 1685 2038 1741 Srmrrus
2077 1702 2203 1741 sunt
2243 1686 2498 1742 fortitudo
2537 1687 2683 1742 ducit
2726 1687 2793 1741 ad
2821 1688 2983 1742 vitam
3009 1728 3024 1754 ,
3068 1687 3160 1742 sed
3199 1688 3378 1741 carnis

104 1801 198 1851 me,
231 1792 500 1852 peccatum
529 1778 708 1850 (Rom.
731 1779 782 1830 7.
811 1777 898 1842 M,
921 1785 968 1830 et
1001 1773 1160 1844 sqq.).
1798 1775 2060 1846 fragilitas
2089 1777 2236 1831 ducit
2254 1777 2320 1830 ad
2352 1786 2600 1831 mortem.
2634 1777 2702 1830 Et
2730 1778 2890 1832 audio
2918 1778 3202 1831 Dominum
3233 1793 3382 1832 com-

173 1873 226 1928 9.
259 1869 637 1934 Reclamabis,
661 1876 716 1922 et
743 1865 889 1921 dices
909 1905 924 1929 ,
959 1866 1038 1933 (a)
1066 1861 1476 1917 Manichaeorum
1503 1857 1696 1927 dogma

1809 1876 2107 1922 monentem
2141 1884 2155 1921 :
2195 1865 2413 1938 Vigilale
2438 1878 2484 1922 et
2514 1878 2690 1934 orate,
2728 1884 2791 1922 ne
2819 1870 3015 1923 intretis
3053 1869 3107 1923 in
3149 1871 3383 1924 tentatio-

105 1981 202 2022 nos
232 1963 412 2033 sequi,
443 1970 502 2016 et
526 1975 712 2016 eorum
739 1957 832 2028 qui
860 1955 927 2012 de
957 1954 1185 2010 diversis
1213 1952 1418 2006 naturis
1441 1949 1679 2004 Ecclesia

1806 1975 1934 2012 nem.
1970 1958 2195 2025 Spiritus
2215 1968 2482 2029 promptus
2497 1969 2589 2026 est,
2607 1976 2725 2014 caro
2744 1970 2910 2015 autem
2931 1961 3138 2030 inﬁrma
3164 1960 3380 2033 (Matth.

107 2058 245 2114 bella
285 2054 658 2118 concinnant,
700 2049 1054 2105 asserentium
1083 2045 1278 2100 malam
1306 2057 1426 2098 esse
1453 2050 1699 2095 naturam
1802 2047 1894 2103 26,
1924 2048 2027 2114 ως
2059 2057 2103 2102 ει
2134 2048 2413 2104 Μανειη,
2445 2051 2558 2120 58),

108 2165 224 2219 qua:
256 2143 545 2201 immutari
573 2141 720 2196 nullo
746 2138 905 2194 modo
947 2137 1135 2206 possit.
1172 2134 1238 2188 Et
1265 2134 1368 2187 hoc
1397 2146 1503 2186 non
1532 2128 1660 2183 mihi

1879 2141 1967 2196 1ο.
1999 2140 2220 2195 Frustra
2249 2141 2588 2211 blasphemas
2607 2150 2660 2198 et
2687 2145 3041 2213 ignorantium
3062 2146 3279 2200 auribus
3307 2146 3385 2198 in-

109 2237 202 2294 sed
241 2234 515 2306 Apostolo
559 2231 796 2300 imputa,
837 2227 928 2298 qui
971 2226 1121 2281 novit
1155 2223 1295 2278 aliud
1340 2220 1665 2276 esseDeunI

1813 2235 1967 2304 geris,
1993 2247 2091 2287 nos
2121 2233 2347 2288 liberum
2370 2234 2649 2290 arbitrium
2677 2236 3058 2293 condemnare.
3095 2238 3387 2293 Damnctur

109 2330 251 2386 aliud
277 2343 406 2384 esse
435 2326 736 2390 hominem,
765 2323 922 2377 aliam
951 2319 1128 2374 carnis
1170 2315 1527 2386 fragilitatem,
1551 2311 1707 2366 aliam
1810 2323 1900 2379 ille
1919 2324 2009 2394 qui
2031 2324 2266 2378 damnat,
2295 2324 2560 2392 caeterum
2591 2342 2696 2382 ηοη
2727 2343 2792 2382 ει
2815 2343 2879 2382 eo
2899 2328 3195 2383 digerimus
3215 2345 3245 2384 a
3267 2329 3391 2383 pm.

112 2421 339 2491 spiritus
372 2415 768 2474 fortitudinem.
799 2411 932 2468 Caro
961 2411 1092 2464 enim
1123 2407 1372 2462 desiderat
1403 2413 1581 2459 contra
1604 2403 1684 2472 spi

1815 2415 1882 2470 tis
1909 2413 2225 2468 animalibus
2248 2455 2264 2480 ,
2303 2415 2444 2485 quod
2489 2417 2642 2470 liberi
2686 2418 2889 2472 arbitrii
2934 2418 3133 2473 conditi
3171 2433 3389 2483 sumus;

109 2517 287 2581 ritum,
315 2523 364 2566 et
389 2510 609 2582 spiritus
629 2515 804 2562 contra
827 2521 1054 2569 carnem,
1079 2512 1126 2557 et
1147 2502 1253 2556 [nec
1273 2499 1483 2554 inuicem
1505 2497 1598 2552 sibi
1619 2496 1683 2550 ad

1821 2505 1909 2560 sed
1937 2506 2111 2575 ipsum
2133 2505 2382 2572 liberum,
2405 2515 2463 2561 ut
2493 2506 2748 2574 diximus,
2781 2509 3054 2563 arbitrium
3084 2509 3181 2564 Dei
3209 2509 3395 2563 nititur

111 2614 405 2669 versantur,
430 2611 490 2656 ut
514 2617 616 2654 non
640 2613 754 2669 qute
777 2597 1029 2659 uolumus,
1061 2593 1176 2664 ipsa
1205 2592 1453 2661 faciamus
1478 2587 1629 2660 (Gal.
1655 2587 1685 2642 5

1821 2598 2012 2652 auxilio
2031 2637 2046 2664 ,
2076 2596 2326 2668 illiusque
2355 2613 2453 2669 per
2480 2599 2685 2669 singula
2721 2615 2822 2670 ope
2861 2601 3094 2671 indiget,
3127 2600 3271 2670 quod
3299 2615 3395 2656 vos

112 2698 229 2768 17).
277 2699 324 2752 A
373 2711 468 2751 Ine
511 2706 786 2761 nunquam
831 2688 1015 2744 audies
1056 2685 1250 2740 malam
1289 2698 1410 2738 esse
1446 2690 1686 2736 naturam

1825 2703 1925 2744 non
1950 2688 2149 2756 vultis;
2179 2690 2274 2745 sed
2304 2689 2356 2744 id
2383 2691 2562 2758 vultis,
2597 2700 2655 2745 ut
2683 2693 2771 2760 qui
2798 2693 2962 2746 semel
2987 2691 3147 2746 habet
3172 2691 3399 2746 liberum

113 2788 218 2844 Sed
246 2784 536 2858 quomodo
562 2784 634 2838 sit
654 2780 832 2838 carnis
858 2777 1114 2849 fragilitas
1135 2772 1470 2839 disserenda,
1488 2773 1604 2842 ipso
1626 2786 1687 2840 qu

1823 2780 2118 2848 arbitrium,
2137 2781 2245 2836 Deo
2265 2781 2511 2851 adjutore
2532 2798 2639 2836 non
2659 2792 2826 2852 egeat.
2853 2782 3102 2838 Liberum
3123 2783 3397 2837 arbitrium

114 2879 338 2950 scripsit
390 2877 660 2939 docente,
709 2873 1002 2928 discamus.
1052 2866 1329 2937 Interroga
1381 2879 1503 2920 eum
1551 2878 1688 2934 quan

1827 2871 1910 2927 dat
1936 2873 2157 2928 liberam
2184 2873 2547 2936 voluntatem,
2591 2882 2644 2926 et
2680 2887 2786 2926 non
2815 2873 2991 2926 statim
3021 2887 3088 2928 ex
3119 2872 3290 2927 libero
3315 2887 3401 2927 ar-

115 2973 319 3027 dixerit
349 2987 364 3022 :
397 2984 507 3022 non
526 2967 660 3020 enim
686 2963 820 3035 quod
841 2961 972 3028 uolo,
999 2963 1093 3015 hoc
1114 2975 1298 3030 aperor
1327 2973 1345 3012 :
1367 2956 1456 3012 sed
1479 2955 1614 3025 quod
1633 2954 1719 3008 odi
1820 2960 1981 3015 bitrio
2003 2961 2164 3016 homo
2184 2960 2343 3027 facit;
2374 2961 2470 3017 sed
2501 2961 2706 3015 Domini
2733 2962 2948 3024 auxilio,
2972 2962 3061 3031 qui
3085 2961 3278 3017 nullius
3300 2978 3404 3032 ope

115 3065 357 3125 malum,
401 3057 539 3111 illud
582 3056 737 3126 facio.
781 3054 910 3119 Quae
954 3051 1244 3106 necessitas
1285 3049 1428 3104 illius
1467 3045 1722 3115 impediat
1824 3050 2043 3122 indiget.
2085 3051 2165 3106 Tu
2201 3051 2316 3121 ipse
2355 3051 2446 3121 qui
2487 3051 2776 3122 perfectam
2805 3093 2819 3115 ,
2848 3064 2903 3106 et
2928 3052 3040 3107 Deo
3065 3054 3323 3122 aequalem
3350 3055 3404 3109 in

114 3151 492 3212 voluntatem,
517 3159 634 3214 quae
659 3152 805 3198 tanta
827 3143 925 3207 vis,
949 3140 1073 3196 odio
1097 3140 1252 3210 digna
1275 3139 1500 3208 imperet
1520 3136 1719 3202 facere,
1824 3140 2127 3196 hominibus
2150 3141 2405 3212 justitiam
2429 3143 2639 3212 jactitas
2659 3183 2673 3206 ,
2713 3153 2766 3196 et
2819 3152 3153 3211 peccatorem
3197 3154 3249 3199 te
3287 3159 3407 3201 esse

115 3250 174 3296 ut
202 3255 323 3295 non
355 3235 510 3309 quod
539 3235 684 3301 vult,
716 3232 809 3288 sed
839 3231 979 3301 quod
1002 3231 1136 3298 odit,
1161 3241 1217 3286 et
1241 3245 1350 3284 non
1375 3229 1519 3294 vult,
1547 3226 1724 3282 facere
1825 3231 2120 3299 conﬁteris,
2143 3233 2408 3302 responde
2434 3232 2585 3299 mihi,
2613 3234 2747 3289 velis
2768 3275 2781 3298 ,
2810 3250 2875 3288 an
2909 3235 3045 3290 nolis
3072 3251 3256 3292 carere
3283 3253 3407 3308 pec-

113 3326 534 3400 compellatur?
577 3322 941 3392 Respondebit
988 3321 1083 3376 tibi
1113 3339 1128 3374 :
1161 3321 1206 3374 0
1235 3320 1403 3384 homo,
1433 3329 1486 3372 tu
1519 3319 1630 3388 quis
1672 3333 1724 3372 es
1825 3323 1983 3377 cato?
2026 3323 2081 3378 Si
2110 3323 2219 3391 vis,
2258 3339 2423 3393 quare
2455 3324 2604 3395 juxta
2645 3327 2962 3380 sententiam
2994 3335 3136 3381 tuam
3166 3343 3272 3383 non
3309 3329 3412 3384 im-

114 3425 203 3493 qui
234 3419 566 3490 respondeas
591 3415 739 3470 Deo?
769 3413 1035 3484 Numquid
1063 3412 1185 3466 dicit
1216 3412 1512 3481 ﬁgmentum
1539 3409 1722 3480 ﬁgulo,
1827 3413 1942 3482 ples
1970 3414 2111 3484 quod
2141 3413 2453 3470 desideras?
2483 3415 2574 3470 Sin
2605 3427 2780 3471 autem
2813 3433 2920 3472 non
2945 3418 3046 3486 vis,
3075 3429 3410 3489 contemplo-

114 3531 281 3584 quare
313 3528 401 3566 me
431 3509 596 3580 fecisti
622 3508 730 3562 sic?
773 3506 853 3559 An
890 3521 992 3558 non
1035 3504 1183 3557 habet
1223 3511 1516 3572 potestatem
1537 3498 1727 3571 figulus
1829 3520 1942 3560 rem
1972 3516 2023 3561 te
2047 3515 2434 3578 prmcepwmm
2466 3509 2559 3564 Dei
2579 3524 2698 3565 esse
2718 3509 3075 3567 demonstras.
3097 3513 3152 3569 Si
3173 3523 3414 3571 contem-

119 3605 242 3674 luti,
273 3604 345 3657 de
372 3602 559 3656 eadem
579 3615 767 3666 massa,
790 3597 934 3651 aliud
957 3596 1160 3667 quidem
1183 3611 1269 3648 vas
1290 3595 1458 3663 facere
1483 3595 1536 3647 in
1563 3593 1726 3647 hono-
1831 3606 1951 3665 ptor
1987 3611 2046 3653 es
2065 3638 2080 3665 ,
2113 3598 2296 3668 utique
2331 3609 2384 3654 et
2427 3608 2694 3668 peccator.
2737 3601 2791 3656 Si
2834 3612 3083 3671 peccator
3109 3645 3124 3671 ,
3166 3605 3289 3660 audi
3319 3606 3414 3660 tibi

114 3713 248 3763 rem,
280 3693 444 3749 aliud
474 3702 642 3745 autem
679 3693 734 3744 in
786 3688 1141 3744 contumeliam
1172 3686 1362 3756 (Rom.
1396 3685 1450 3740 9.
1479 3684 1570 3740 20.
1595 3682 1729 3757 ειη
1831 3687 2163 3758 Scripturam
2245 3690 2455 3761 1039
2530 3692 2838 3760 loquentem
2889 3711 2902 3745 :
2954 3693 3224 3747 Peccatori
3287 3698 3416 3751 dixit

116 3788 309 3859 Objice
342 3790 466 3843 Deo
489 3787 761 3842 fortiorem
787 3785 1127 3849 calumniam,
1147 3796 1314 3851 quare
1339 3781 1513 3837 adhuc
1532 3797 1652 3836 cum
1677 3783 1729 3836 in
1833 3777 1976 3834 Deus
2006 3796 2023 3833 :
2056 3781 2224 3846 Quare
2246 3791 2299 3831 tu
2325 3797 2535 3833 enarras
2557 3783 2790 3849 justitias
2820 3798 2957 3836 meas
2978 3823 2992 3847 ,
3022 3794 3066 3836 et
3093 3788 3309 3840 assumis
3337 3799 3413 3841 te-

114 3888 276 3935 utero
295 3886 500 3935 essent
520 3877 749 3938 Esau,et
769 3874 935 3929 Jacob
953 3873 1150 3927 dixerit
1172 3888 1188 3926 :
1207 3870 1368 3924 Jacob
1391 3871 1571 3937 dilexi,
1591 3871 1732 3924 Esau
1836 3879 2138 3923 stamentum
2169 3885 2334 3921 meum
2361 3885 2450 3938 per
2477 3884 2534 3922 os
2562 3872 2738 3922 tuum?
2763 3869 2842 3924 Tu
2862 3887 2976 3925 vero
3005 3875 3159 3928 odisti
3185 3877 3414 3947 discipti.

114 3981 296 4026 autem
325 3969 462 4024 odio
490 3966 642 4018 habui
673 3963 926 4034 (Malach.
956 3963 1007 4014 1.
1037 3963 1072 4016 ’5
1091 3961 1133 4029 ).
1161 3963 1364 4014 Accusa
1390 3975 1510 4013 cum
1539 3959 1734 4028 iniqui-
1838 3975 1978 4024 nam,
2008 3968 2056 4012 et
2082 3957 2342 4027 projecisti
2376 3957 2525 4010 verba
2554 3975 2664 4013 mea
2695 3970 2969 4015 retrorsum
3004 3963 3136 4033 (Ps.
3165 3967 3256 4021 49.
3289 3970 3416 4039 16).

113 4066 274 4132 latis,
297 4077 414 4117 cur
440 4057 630 4112 Achan
661 4055 800 4109 filius
827 4051 1040 4107 Charmi
1072 4050 1141 4106 de
1166 4050 1532 4105 Jerichuntina
1560 4049 1737 4119 prmda
1841 4048 2017 4104 Verba
2042 4048 2137 4103 Dei
2163 4048 2288 4103 dum
2314 4065 2420 4103 non
2442 4050 2521 4104 vis
2542 4049 2737 4118 facere,
2768 4063 2886 4122 post
2916 4063 3118 4126 tergum
3139 4069 3282 4114 tuum
3306 4079 3422 4132 pro-

113 4155 304 4225 aliqua
339 4152 563 4204 furatus
590 4146 679 4211 sit,
703 4155 756 4199 et
781 4152 923 4198 tanta
947 4141 1111 4196 millia
1138 4141 1412 4196 hominum
1441 4142 1581 4196 illius
1609 4142 1739 4197 vitio
1838 4141 1984 4211 jicis.
2011 4141 2077 4194 Et
2103 4154 2274 4194 novus
2311 4141 2618 4210 Apostolus,
2644 4143 2760 4198 orbi
2786 4151 3044 4200 terraruin
3076 4149 3340 4220 facienda,
3368 4165 3424 4209 et

113 4247 406 4303 trucidata
450 4241 560 4297 sint
596 4239 728 4312 (los.
757 4239 836 4309 7).
869 4237 1226 4306 Quamobrem
1254 4237 1344 4291 filii
1371 4237 1452 4291 Eli
1485 4252 1740 4306 peccave-
1844 4247 1952 4286 non
1980 4230 2220 4286 facienda
2249 4230 2513 4286 decernis.
2546 4231 2650 4288 Sed
2678 4249 2785 4289 non
2813 4237 3012 4304 estita,
3042 4250 3099 4293 ut
3138 4240 3373 4310 loqueris
3407 4265 3420 4300 ;

116 4341 250 4406 rint,
299 4350 364 4395 et
408 4336 594 4391 omnis
638 4349 777 4404 pene
814 4333 1040 4404 populus
1077 4333 1393 4399 exstinctus,
1421 4347 1648 4403 arcaque
1674 4334 1745 4388 si;
1846 4322 1989 4376 aliud
2033 4323 2083 4376 in
2129 4331 2218 4376 tua
2262 4333 2441 4378 mente
2468 4335 2732 4380 versatur.
2764 4327 2988 4394 Quando
3026 4332 3167 4386 enim
3211 4344 3262 4389 te
3292 4335 3425 4392 dicis

113 4441 302 4500 capta.
342 4426 527 4484 David
562 4425 819 4496 peccavit,
840 4433 895 4479 ut
914 4432 1253 4479 enumeraret
1273 4423 1550 4494 populum,
1572 4432 1626 4479 et
1649 4438 1744 4479 cur
1847 4421 2206 4482 peccatorem,
2235 4419 2290 4466 et
2318 4427 2475 4482 posse
2513 4412 2783 4470 hominem
2806 4417 2923 4473 sine
2944 4431 3164 4488 peccato
3190 4439 3310 4479 esse
3330 4467 3345 4492 ,
3380 4428 3426 4482 si

116 4521 170 4574 in
194 4530 318 4576 toto
340 4518 559 4576 lsraele
587 4525 730 4570 tanta
752 4515 1027 4570 hominum
1049 4530 1186 4569 caesa
1208 4515 1314 4569 sint
1332 4514 1494 4568 Inillia
1516 4515 1590 4584 (1.
1612 4515 1742 4586 Reg.
1846 4503 2008 4569 νθιίις
2039 4501 2170 4557 “md
2191 4504 2272 4558 Vis
2301 4504 2523 4575 intelligi
2548 4547 2564 4572 ν
2604 4516 2654 4562 le
2695 4508 2907 4577 quidem
2935 4520 3174 4566 sanctum
3207 4529 3345 4582 esse,
3376 4527 3431 4570 et

115 4610 172 4664 2.
193 4621 246 4665 et
263 4610 481 4680 seqq.).
505 4608 572 4662 Et
595 4606 660 4661 ad
682 4615 980 4680 extremum
1001 4605 1162 4676 (quod
1183 4605 1320 4660 solet
1339 4606 1491 4660 nobis
1512 4605 1689 4676 objicc.

1855 4595 1995 4649 omni
2024 4609 2210 4650 carere
2240 4604 2461 4666 peccato
2495 4615 2508 4651 :
2549 4597 2644 4652 sed
2683 4615 2778 4666 per
2815 4599 3192 4668 humilitatem,
3225 4609 3429 4672 peccati

121 4672 564 4757 contubernalis
589 4707 768 4754 vester
792 4696 866 4768 (ll)
895 4672 1244 4767 Porphyrius)
1275 4712 1376 4766 qua
1408 4672 1612 4752 ratione
1637 4697 1746 4752 cle-
1851 4683 1928 4756 Π·
1947 4683 2260 4758 Ῥεσοατοτίε]
2290 4701 2484 4740 nomen
2515 4701 2790 4741 assumere
2819 4703 2832 4739 ε
2861 4697 2918 4742 Ul-
2943 4688 3080 4744 aliOS
3106 4693 3282 4760 potius
3312 4694 3429 4750 lau-

117 4807 311 4858 mens,
351 4801 414 4847 et
447 4789 762 4844 misericors
841 4788 1052 4860 1038
1123 4788 1264 4842 Deus
1290 4788 1357 4842 ab
1386 4787 1554 4842 Adam
1581 4804 1747 4858 usque
1851 4775 1968 4842 ἀρε,
1993 4786 2048 4830 οι
2077 4775 2168 4831 libi
2195 4776 2461 4831 delrahaso

117 4886 190 4939 ad
238 4885 492 4954 Moysen
513 4923 528 4948 ,
555 4889 610 4936 et
635 4896 666 4935 a
695 4879 878 4951 Moyse
903 4893 1075 4948 usque
1118 4878 1184 4932 ad
1224 4881 1507 4934 adventum
1548 4880 1691 4935 Chrii

1925 4868 2016 4921 11.
2057 4867 2190 4922 Illud
2234 4882 2445 4936 quoque
2483 4878 2853 4935 argumentum
2877 4879 3114 4926 vestrum
3146 4873 3288 4930 ferre
3313 4879 3433 4946 quis

120 4989 332 5045 passus
366 4973 450 5028 sit
475 4973 752 5025 universas
777 4979 963 5039 gentes
989 4969 1164 5038 perire
1195 4968 1493 5038 ignorantia
1520 4970 1676 5041 Legis
1695 4980 1750 5027 et
1854 4960 2061 5028 possit?
2091 4959 2274 5015 Dicitis
2297 4957 2380 5012 his
2405 4959 2602 5012 verbis.
2639 4959 2827 5014 «Aliud
2857 4972 2939 5016 est
2967 4977 3114 5030 esse,
3141 4967 3285 5020 aliud
3314 4983 3434 5024 esse

119 5067 537 5120 mandatorum
566 5061 681 5116 Dei.
721 5060 908 5130 Neque
933 5060 1077 5115 enim
1103 5060 1377 5113 Britannia
1403 5058 1597 5116 fertilis
1625 5078 1752 5132 pro-
1856 5064 2032 5118 posse.
2062 5049 2192 5102 Esse
2214 5063 2318 5101 non
2343 5056 2427 5102 est
2454 5049 2508 5101 in
2540 5057 2721 5103 nostra
2752 5052 2981 5119 positum
3011 5064 3290 5124 potestate,
3315 5073 3436 5115 esse

119 5159 316 5214 vincia
353 5168 744 5229 tyrannorum,
773 5153 846 5224 (ο)
876 5163 932 5208 et
955 5152 1180 5208 Scoticze
1212 5161 1431 5223 gentes,
1458 5165 1752 5225 omnesque
1856 5149 2034 5195 autem
2069 5152 2248 5208 posse,
2275 5139 2597 5210 generaliter
2625 5140 2729 5195 dici
2765 5160 2778 5196 :
2810 5143 2951 5212 quod
2982 5145 3106 5201 licet
3133 5146 3211 5219 (ά)
3241 5149 3434 5222 aliquis

197 5272 270 5344 (α)
299 5269 576 5344 ,εομειηηε
594 5268 776 5344 quipp?
800 5249 1500 5344 ενειρριεείξηίὶρδιῂοηοοε
1520 5277 1752 5344 eccas?”
1857 5245 1962 5286 non
1987 5229 2167 5297 fuerit,
2191 5237 2366 5286 tamen
2391 5233 2555 5302 possit
2582 5247 2702 5290 esse
2727 5235 2814 5305 qui
2841 5251 2960 5292 esse
2984 5238 3264 5308 voluerit,»
3285 5243 3436 5316 Rogo

122 5324 511 5383 Ma‘nichzeismi
536 5343 551 5390 ;
577 5324 727 5391 quani
743 5327 1044 5390 Augustinus
1056 5324 1296 5388 ‘pluribus
1323 5324 1441 5375 locis
1469 5326 1754 5376 calumniam

124 5403 383 5461 purgat;
408 5451 423 5461 _
519 5389 544 5461 ς
594 5389 610 5391 “
631 5451 661 5461 Α
723 5451 735 5461 Δ
834 5389 843 5390 “
881 5451 910 5461 Α
1043 5448 1082 5461 ,η
1119 5450 1128 5460 ο
1159 5455 1170 5461 _
1232 5449 1315 5461 um
1420 5449 1430 5461 _
1469 5448 1505 5461 Ἀ
1667 5452 1696 5461 Α
1861 5391 1909 5438 in
1933 5389 2099 5461 Scotia
2133 5394 2272 5452 erat,
2298 5391 2499 5453 patriam
2521 5404 2576 5442 ac
2596 5392 2828 5444 barbaros
2851 5395 3114 5456 provincia:
3149 5399 3257 5461 ejus
3277 5413 3440 5452 mores

201 5448 272 5518 (ὅ)
319 5450 684 5518 VidendusS.
709 5451 1010 5518 Augustinus
1043 5448 1194 5511 Epist.
1226 5449 1333 5498 102.
1373 5449 1430 5518 ad
1465 5448 1755 5511 Deogratias
1862 5451 2177 5518 exprobrare.

201 5459 284 5565 ((7)l
320 5459 594 5502 Videndus
631 5459 684 5501 δ.
709 5459 1010 5512 Augustinus
1043 5459 1194 5511 npist.
1226 5459 1333 5498 wz.
1373 5459 1430 5497 ad
1465 5459 1755 5511 Deograttas
1862 5465 1923 5501 ex
1961 5459 2177 5502 robrare.
3177 5459 3190 5461 '

122 5516 264 5584 pres
283 5523 552 5584 memmi,
578 5515 662 5562 ubi
697 5514 754 5561 ad
787 5524 875 5584 se‘x
909 5510 1210 5584 ‘Paganoru‘m
1233 5511 1529 5584 quaestiones
1552 5524 1754 5584 respon-
1901 5466 2000 5584 uret)
2039 5512 2185 5584 Editi,
2200 5513 2310 5564 licet
2345 5512 2468 5565 alias
2489 5515 2897 5584 non_ﬁt_erit,_nos
2919 5533 3006 5584 pro
3026 5518 3148 5569 alias
3172 5519 3438 5584 legendum

122 5571 638 5646 dengfquwstitme
669 5574 888 5646 secunda
909 5571 1033 5620 hanc
1055 5585 1119 5620 ex
1141 5571 1410 5635 Porphyrio
1430 5571 1756 5633 objectionctn
1862 5571 2392 5646 (tliits'conjeceramus,
2419 5591 2528 5626 cum
2560 5571 2715 5628 Vatic.
2911 5571 3157 5646 admonuit
3193 5571 3439 5646 ι’ἕροηοέιζ

125 5632 892 5704 valgidisgjrguuientis_refellit.
1298 5632 1320 5704 .'
1373 5697 1399 5704 η
1616 5693 1642 5704 Α

1867 5637 1979 5704 dum
2008 5632 2206 5704 alitiuis.
2232 5632 2416 5704 Porro,
2455 5652 2728 5704 quanquam
2762 5641 2906 5691 aliter
2927 5632 3441 5695 Dialectieorumfiliis

194 5700 273 5772 (c)
317 5693 491 5772 Haud
513 5696 926 5772 patilci_Mss."cutn
945 5694 1104 5772 editis
1127 5695 1480 5772 antiquioribus
1509 5693 1756 5772 scipione;
1864 5699 2021 5772 videri
2043 5701 2208 5772 possit,
2230 5693 2502 5772 rectissime
2524 5693 2850 5772 Hieronymus
2871 5693 3441 5772 argumentatur—{inme

122 5755 223 5812 sed
249 5755 496 5824 apparet
522 5758 753 5807 maluisse
775 5755 1122 5817 Hieronymum
1143 5755 1364 5820 Pelagio,
1390 5760 1472 5821 qui
1491 5758 1554 5809 de
1574 5755 1696 5808 Albi.

1869 5760 2020 5812 dibile
2044 5755 2206 5812 'euitn'
2225 5769 2302 5812 est
2327 5762 2511 5813 ntdlum
2547 5755 2757 5827 unquam
2792 5755 3038 5817 hominem
3075 5755 3269 5830 fecisse,
3288 5755 3443 5818 factu-

659 5842 722 5903 S.
766 5841 1137 5903 Hisnonrm
1179 5841 1227 5902 Ι.
2689 5855 3158 5935 (Tremo—squ.)
