3986 6184
585 270 729 330 1159

585 401 706 459 quae
726 393 810 443 est
836 384 932 438 ista
953 374 1360 452 argumentatio,
1381 380 1536 440 posse
1557 378 1696 426 esse,
1723 359 1864 433 quod
1892 369 2166 428 nunquam

586 455 780 536 fuerit?
804 488 959 545 posse
980 469 1120 537 fieri,
1143 465 1283 537 quod
1305 463 1397 537 [al.
1420 459 1529 535 qui]
1563 458 1766 514 nullum
1789 455 1982 512 fecisse
2006 458 2170 508 teste-

587 572 700 629 ris?
727 566 780 624 id
807 562 1024 621 cuilibet
1051 559 1290 616 tribuere
1307 599 1324 628 ,
1353 554 1445 628 qui
1475 570 1542 608 an
1569 551 1786 607 futurus
1811 549 1879 604 sit
1906 548 2121 618 ignores
2148 559 2166 600 :

585 673 639 718 ct
666 660 795 714 dare
822 654 1003 712 nescio
1047 651 1154 718 cui,
1189 649 1335 723 quod
1379 648 1434 704 in
1490 642 1833 710 Patriarchis,
1863 637 2167 710 Prophetis,

587 745 857 821 Apostolis
896 744 1061 801 fuisse
1101 755 1336 816 nequeas
1370 736 1708 812 approbare?
1743 733 1882 790 Audi
1909 730 2170 789 Ecclesia-

586 841 773 897 sticam
803 835 1195 908 simplicitatem
1213 877 1229 906 ,
1257 833 1372 890 sive
1399 829 1753 887 rusticitatem
1775 867 1790 894 ,
1819 833 1912 881 aut
1956 822 2173 894 imperi-

588 933 738 993 tiam,
766 938 825 985 ut
842 928 996 984 vobis
1011 926 1240 982 videtur.
1271 923 1538 994 Loquere,
1565 919 1706 992 quod
1728 915 1900 974 credis
1925 933 1936 969 :
1963 915 2172 987 publice

588 1022 817 1095 prmdica
842 1064 858 1089 ,
887 1019 1028 1092 quod
1055 1025 1264 1075 secreto
1303 1013 1578 1086 discipulis
1619 1009 1876 1083 loqueris.
1903 1007 2006 1075 Qui
2035 1005 2171 1061 dicis

586 1127 638 1172 te
672 1115 871 1170 habere
912 1110 1119 1168 arbitrii
1159 1109 1481 1174 libertatem,
1512 1119 1677 1176 quare
1707 1117 1812 1157 non
1841 1099 2010 1155 libere
2029 1097 2171 1168 quod

585 1208 754 1266 sentis
783 1204 1051 1278 loqueris?
1091 1202 1249 1260 Aliud
1291 1199 1512 1256 audiunt
1551 1195 1914 1253 cubiculorum
1960 1202 2171 1247 tuorum

587 1309 816 1365 secreta,
859 1296 1002 1353 aliud
1038 1295 1112 1367 (a)
1157 1301 1458 1350 rostrorum
1501 1289 1699 1362 populi.
1748 1286 1960 1345 Etenim
1986 1283 2174 1354 vulgus

585 1391 859 1447 indoctum
884 1405 990 1445 non
1011 1394 1187 1459 potest
1207 1398 1521 1441 arcanorum
1545 1390 1756 1436 tuorum
1777 1391 1940 1433 onera
1963 1383 2175 1434 susten-

589 1493 704 1540 tare
727 1526 742 1551 ,
776 1497 876 1538 nec
901 1496 1095 1554 capere
1125 1477 1352 1536 solidum
1380 1476 1581 1541 cibum,
1612 1471 1754 1546 quod
1782 1469 2018 1526 infantia:
2037 1467 2174 1523 lacte

508 1599 510 1601 ‘
587 1583 898 1632 contentum
926 1582 1028 1628 est.
1059 1569 1296 1626 Necdum
1324 1567 1513 1639 scripsi
1539 1608 1554 1634 ,
1584 1574 1640 1621 et
1672 1560 2016 1620 comminaris
2041 1557 2176 1614 mihi

586 1668 968 1739 rescriptorum
991 1675 1204 1721 tuorum
1231 1661 1452 1718 fulmina
1473 1701 1488 1727 ,
1516 1670 1574 1716 ut
1601 1655 1806 1714 scilicet
1843 1655 1948 1712 hoc
1982 1655 2178 1714 timore

589 1759 925 1829 perterritus,
948 1769 1056 1811 non
1077 1754 1301 1810 audeam
1324 1766 1420 1808 ora
1439 1763 1706 1816 reserare,
1730 1756 1785 1802 et
1809 1761 1916 1800 non
1937 1741 2177 1800 animad-

585 1847 753 1904 vertis
781 1847 983 1903 idcirco
1008 1860 1107 1902 nos
1135 1843 1404 1910 scribere,
1441 1850 1499 1896 ut
1522 1853 1620 1896 vos
1658 1836 1991 1907 respondere
2016 1849 2174 1906 coga-

585 1943 755 2010 mini,
783 1950 837 1997 et
863 1948 1050 2014 aperte
1072 1935 1360 2009 aliquando
1385 1933 1567 1990 dicere
1585 1973 1602 2000 ,
1629 1931 1774 2003 quod
1805 1944 1901 2000 pro
1931 1937 2176 1998 tempore

586 2033 834 2104 personis
863 2039 917 2086 et
943 2029 1077 2085 locis
1125 2027 1210 2083 vel
1241 2023 1542 2096 loquimini,
1571 2022 1660 2078 vel
1687 2021 1893 2077 tacetis.
1923 2018 2058 2076 Nolo
2083 2034 2176 2074 vo-

587 2127 670 2181 bis
698 2124 922 2179 liberum
945 2135 1086 2190 esse,
1113 2134 1311 2192 negare
1333 2115 1476 2189 quod
1503 2115 1668 2171 semel
1699 2113 2042 2184 scripseritis.
2071 2113 2175 2168 Ec-

586 2217 767 2272 clesiae
792 2213 1018 2270 victoria
1047 2219 1168 2278 est,
1198 2224 1293 2265 vos
1322 2217 1509 2280 aperte
1537 2206 1717 2263 dicere
1753 2204 1897 2277 quod
1940 2205 2171 2260 sentitis.

585 2311 693 2363 Aut
716 2307 859 2364 enim
901 2304 1042 2361 idem
1083 2299 1399 2373 responsuri
1423 2299 1588 2368 estis,
1620 2298 1762 2370 quod
1788 2305 1844 2353 et
1871 2310 1970 2352 nos
1999 2297 2176 2367 loqui—

585 2418 727 2468 mur,
758 2409 814 2456 et
842 2411 1178 2470 nequaquam
1221 2393 1374 2450 eritis
1414 2391 1749 2454 adversarii,
1791 2389 1886 2451 sed
1965 2387 2178 2467 1040

587 2492 780 2556 amici;
822 2498 916 2546 aut
930 2465 988 2542 *εἰ
1017 2465 1283 2544 contraria
1327 2492 1512 2540 nostro
1541 2480 1778 2552 dogmati
1802 2465 2050 2536 dixeritis
2072 2520 2088 2546 ,
2122 2479 2176 2534 in

585 2601 651 2642 eo
676 2585 971 2648 vincemus,
1003 2579 1144 2650 quod
1175 2592 1363 2633 omnes
1387 2583 1714 2646 cognoscent
1743 2573 2018 2636 Ecclesiae,
2047 2570 2175 2642 quid

584 2675 849 2732 sentiatis.
877 2671 1185 2729 Sententias
1202 2677 1408 2724 vestras
1425 2664 1747 2737 prodidisse,
1768 2677 2048 2732 superasse
2069 2670 2172 2717 est.

587 2769 742 2824 Patet
779 2765 950 2837 prima
991 2761 1167 2818 fronte
1206 2757 1560 2830 blasphemia.
1601 2755 1719 2811 Non
1762 2769 1984 2809 necesse
2015 2753 2177 2809 habet

585 2856 869 2923 convinci,
895 2853 1038 2926 quod
1067 2867 1162 2909 sua
1190 2850 1372 2906 statim
1416 2847 1755 2918 professione
1797 2843 2171 2914 blasphemum

585 2960 690 3007 est.
723 2945 997 3004 Minamini
1025 2943 1180 3000 nobis
1207 2940 1636 3012 responsionem,
1665 2952 1826 3009 quam
1850 2937 2025 2992 vitare
2052 2935 2174 2990 nul-

587 3047 671 3100 lus
702 3051 910 3115 potest,
941 3039 1043 3095 nisi
1091 3037 1182 3109 qui
1221 3034 1442 3091 omnino
1483 3047 1594 3088 non
1635 3030 1842 3090 scribit.
1885 3028 2036 3086 Unde
2079 3042 2177 3083 no-

586 3138 686 3192 stis
731 3133 858 3206 quid
901 3130 1096 3188 dicturi
1142 3128 1332 3192 simus,
1372 3133 1430 3180 ut
1479 3122 1888 3194 responsionem
1937 3121 2175 3192 paretis?

587 3226 835 3280 Forsitan
885 3232 1064 3277 vestra
1108 3218 1383 3284 dicemus,
1426 3224 1483 3272 et
1527 3214 1727 3270 frustra
1767 3211 1966 3285 ingenii
2009 3211 2175 3267 vestri

588 3316 792 3373 acuetis
811 3314 1016 3370 stilum.
1048 3287 1389 3376 Eunomiani,
1416 3306 1624 3374 Ariani,
1651 3303 2043 3368 Macedoniam,
2079 3317 2176 3356 no-

588 3408 819 3463 minibus
848 3403 1100 3474 separati,
1131 3402 1405 3471 impietate
1429 3398 1750 3466 concordes,
1782 3397 1986 3453 nullum
2018 3395 2175 3452 nobis

587 3500 826 3554 laborem
849 3493 1068 3550 faciunt.
1091 3491 1406 3562 Loquuntur
1427 3489 1570 3544 enim
1591 3486 1734 3559 quod
1761 3487 2018 3542 sentiunt.
2047 3486 2174 3542 Sola

588 3591 704 3644 haec
731 3581 952 3641 haeresis
977 3590 1099 3650 est,
1130 3597 1251 3652 quae
1276 3578 1490 3650 publice
1513 3576 1784 3633 erubescit
1824 3576 2002 3646 loqui,
2032 3576 2176 3647 quod

585 3687 796 3736 secreto
815 3675 1012 3732 docere
1037 3688 1145 3730 non
1171 3671 1379 3727 metuit.
1409 3669 1787 3739 Magistrorum
1812 3667 2028 3723 silentia
2051 3682 2175 3738 pro-

586 3771 692 3828 fert
716 3769 892 3824 rabies
913 3760 1322 3836 discipulorum.
1344 3759 1499 3829 Quod
1515 3757 1799 3815 audierunt
1819 3757 1872 3814 in
1892 3757 2174 3831 cubiculis,

588 3864 641 3918 in
671 3858 824 3917 tectis
851 3857 1148 3930 pradicant
1175 3870 1188 3908 :
1217 3861 1276 3909 ut
1303 3852 1349 3909 si
1379 3848 1640 3924 placuerit
1666 3847 1996 3904 auditoribus
2033 3847 2176 3920 quod

589 3952 856 4018 dixerint,
888 3947 1154 4005 referatur
1181 3944 1250 4000 ad
1279 3942 1506 4014 gloriam
1534 3939 1948 4018 magistrorum;
1985 3939 2031 3994 si
2061 3937 2175 3996 dis-

591 4045 860 4116 plicuerit,
891 4041 1050 4114 culpa
1076 4040 1146 4096 sit
1169 4036 1442 4107 discipuli,
1471 4050 1579 4092 non
1610 4032 1873 4104 magistri.
1902 4031 2032 4092 Ideo
2057 4046 2178 4090 cre-

588 4139 666 4194 vit
695 4145 874 4194 vestra
899 4130 1144 4200 haeresis,
1175 4140 1231 4187 et
1256 4127 1546 4199 decepistis
1580 4126 1840 4198 plurimos
1870 4143 1884 4182 :
1917 4125 2178 4182 maxime-

589 4248 692 4302 que
717 4245 829 4296 eos,
861 4228 951 4302 qui
979 4225 1259 4282 adhaerent
1283 4223 1620 4294 mulieribus,
1649 4230 1706 4278 et
1740 4222 1918 4278 sciunt
1949 4233 2011 4276 se
2043 4233 2174 4292 pec-

588 4339 716 4380 care
742 4337 848 4376 non
875 4333 1035 4390 posse
1054 4337 1068 4372 :
1086 4319 1212 4390 quia
1239 4333 1452 4391 semper
1472 4315 1696 4382 docetis,
1716 4329 1932 4386 semper
1947 4315 2174 4386 negatis,

586 4423 644 4470 et
681 4410 867 4467 audire
911 4408 1191 4466 meremini
1233 4405 1362 4462 illud
1402 4407 1781 4479 Propheticum
1809 4425 1822 4460 :
1854 4405 2085 4468 Gloriam
2120 4407 2176 4464 in

589 4505 856 4574 partubus,
885 4511 933 4558 et
959 4498 1380 4575 parturitionibus
1403 4499 1472 4552 da
1494 4497 1622 4566 illis,
1643 4497 1881 4562 Domine.
1910 4499 2048 4566 Quid
2075 4498 2176 4552 άα-

589 4600 666 4655 bis
694 4599 834 4654 illis?
861 4595 1076 4653 Vulvam
1093 4591 1335 4661 sterilem,
1349 4600 1397 4646 et
1417 4589 1570 4646 ubera
1594 4591 1792 4652 arentia
1817 4589 1994 4662 (Osse,
2017 4591 2108 4648 11.
2127 4600 2179 4652 et

592 4695 681 4750 14.
699 4695 857 4764 juata
880 4687 1031 4746 LXX
1055 4688 1098 4760 ).
1125 4685 1322 4744 Fervet
1345 4685 1556 4742 animus
1577 4723 1595 4753 ,
1625 4697 1727 4744 nec
1767 4697 1985 4758 possum
2010 4681 2176 4742 verba

590 4783 868 4841 cohibere.
898 4779 1220 4850 Epistolaris
1240 4775 1487 4848 angustia
1513 4789 1621 4831 non
1653 4773 1852 4844 patitur
1876 4773 2021 4845 longi
2044 4787 2176 4845 ope-

589 4877 663 4931 ris
704 4871 1144 4950 magnitudinem.
1185 4867 1397 4926 Nullius
1437 4866 1494 4922 in
1533 4865 1639 4923 hoc
1677 4863 1935 4936 opusculo
1975 4880 2174 4923 nomen

588 4967 809 5038 proprie
847 4965 1102 5037 tangitur.
1148 4961 1425 5018 Adversus
1465 4959 1780 5031 magistrum
1807 4959 2044 5028 perversi
2072 4959 2170 5016 de.

587 5060 783 5132 gmatis
802 5059 967 5116 locuti
991 5069 1195 5114 sumus.
1224 5053 1327 5123 Qui
1351 5053 1400 5110 si
1417 5053 1584 5109 iratus
1604 5050 1768 5110 fuerit
1793 5061 1954 5122 atque
1980 5052 2173 5108 rescri-

588 5153 760 5224 pserit
778 5193 795 5220 ,
825 5166 925 5209 suo
950 5147 1106 5222 quasi
1129 5161 1249 5203 mus
1270 5144 1529 5218 prodetur
1557 5141 1757 5199 indicio
1775 5183 1790 5209 ,
1829 5142 2088 5212 ampliora
2117 5143 2172 5198 in

515 5245 518 5248 ’
587 5259 719 5303 vero
743 5242 1036 5303 certamine
1061 5239 1284 5296 vulnera
1312 5242 1679 5306 suscepturus.

586 5472 760 5513 rumve
783 5470 923 5518 esse,
946 5455 1076 5520 quod
1097 5454 1274 5520 singuli
1297 5452 1522 5520 homines
1541 5449 1726 5514 possint
1747 5459 1839 5513 per
1863 5461 1923 5501 se
1938 5482 1956 5511 ,
1985 5461 2045 5500 ac
2062 5451 2173 5502 sine

594 5521 803 5570 alterius
818 5515 1000 5569 auxilio
1022 5515 1204 5577 facere]
1230 5517 1272 5566 si
1295 5515 1466 5568 velint.

655 5580 732 5645 (a),
761 5581 974 5642 Intelligi
1016 5575 1260 5645 eosputat
1281 5578 1556 5645 Victorius,
1578 5575 1661 5638 qui
1695 5587 1786 5645 pro
1822 5575 1998 5645 rostris
2039 5582 2093 5626 et
2121 5577 2173 5628 in

588 5637 764 5702 pla'téis
788 5637 1054 5690 versantur.
1209 5648 1373 5690 tamen
1391 5637 1674 5702 pleruuxiuc
1695 5637 1876 5690 habent
1895 5644 2165 5691 nostrorum

589 5700 765 5768 populi.

1869 240 2110 301 SANCTI
2152 237 2530 296 lllERONYMi

3749 224 3884 285 1160

2299 415 2302 418 ,
2345 353 2434 409 12.
2463 350 2612 408 Multi
2641 351 2766 410 anni
2793 357 2936 416 sunt,
2962 349 3102 420 quod
3128 350 3196 406 ab
3217 346 3593 406 adolescentia
3615 360 3801 419 usque
3822 350 3886 406 ad

2274 447 2412 504 hanc
2425 455 2658 514 aetatem,
2688 445 2900 501 diversa
2916 443 3108 516 scripsi
3124 442 3404 516 opuscula,
3423 456 3776 515 semperque
3792 440 3882 496 ha-

2272 541 2364 600 bui
2383 541 2561 597 studio
2587 538 2931 596 audientibus
2955 535 3125 608 loqui,
3141 535 3286 607 quod
3310 535 3534 608 publice
3553 535 3616 591 in
3637 531 3885 590 Ecclesia

2272 631 2604 690 didiceram:
2633 644 2736 687 nec
2781 627 3236 702 Philosophorum
3275 634 3604 701 argumenta
3649 626 3883 692 sectari,

2274 724 2371 780 sed
2395 723 2771 797 Apostolorum
2793 722 3121 794 simplicitati
3143 719 3512 794 acquiescere,
3535 717 3736 775 sciens
3757 719 3882 775 illud

2274 817 2532 888 scriptum
2566 833 2578 870 :
2613 813 2837 870 Perdant
2863 814 3164 886 sapientiam
3192 811 3501 888 sapientium
3522 851 3543 881 ,
3572 820 3624 865 et
3651 810 3881 881 pruriam

2273 911 2397 964 tiam
2427 907 2749 980 prudentium
2773 905 3052 979 reprobabo
3083 903 3236 976 (Isai.
3263 902 3353 960 29.
3383 903 3484 965 14ς
3512 911 3559 957 et
3587 903 3646 957 1.
3678 901 3810 956 Cor.
3834 905 3878 957 1.

2276 1000 2391 1070 19).
2420 1000 2486 1056 Ει
2507 1018 2524 1053 '.
2548 999 2776 1054 Fatuum
2802 998 2919 1066 Dei,
2938 994 3217 1070 sapientius
3239 1003 3310 1050 est
3333 993 3631 1050 hominibus
3653 995 3737 1064 (1.
3765 992 3876 1048 Cor.

2277 1094 2332 1150 1.
2351 1090 2465 1164 25).
2496 1091 2633 1148 Cum
2659 1090 2776 1146 haec
2796 1105 2856 1146 sc
2877 1090 2950 1146 ita
2971 1089 3224 1154 habeant,
3245 1101 3484 1160 provoco
3507 1086 3876 1151 adversarios,

2275 1193 2335 1239 ut
2361 1198 2550 1240 omnes
2576 1192 2725 1239 retro
2751 1181 3024 1237 chartulas
3108 1177 3318 1253 1041
3391 1193 3460 1234 ex
3504 1179 3726 1248 integro
3771 1178 3875 1232 dis-

2276 1277 2482 1332 cutiant
2500 1316 2514 1340 ,
2543 1284 2598 1332 et
2625 1275 2670 1330 si
2697 1273 2827 1344 quid
2858 1273 2913 1328 in
2942 1285 3063 1328 meo
3090 1270 3358 1344 ingeniolo
3387 1270 3505 1325 vitii
3533 1270 3877 1339 repererint,

2278 1369 2550 1440 proferant
2575 1368 2629 1424 in
2653 1367 2910 1423 medium.
2956 1368 3064 1422 Aut
3089 1364 3236 1422 enim
3259 1364 3403 1420 bona
3430 1372 3626 1430 erunt,
3657 1375 3712 1420 et
3744 1378 3874 1420 con-

2278 1462 2535 1516 tradicam
2579 1475 2767 1516 eorum
2806 1458 3090 1515 calumniae
3121 1475 3134 1511 :
3163 1464 3260 1512 aut
3294 1455 3750 1528 reprehensihilia
3771 1497 3790 1523 ,
3825 1467 3876 1511 et

2276 1553 2575 1610 conﬁtebor
2603 1566 2846 1608 errorem
2873 1568 2887 1606 :
2919 1550 3127 1606 malens
3154 1546 3446 1604 emendare
3483 1561 3648 1619 quam
3693 1561 3872 1617 pet-see

2276 1659 2468 1702 verare
2513 1644 2566 1700 in
2618 1644 2877 1715 pravitate
2922 1640 3228 1698 sententiae.
3271 1639 3340 1695 Et
3380 1647 3439 1694 tu
3475 1652 3650 1708 ergo,
3687 1637 3872 1693 doctor

2279 1737 2512 1807 egregie,
2535 1745 2629 1791 aut
2655 1735 2883 1791 defende
2913 1733 3057 1805 quod
3076 1734 3284 1789 locutus
3308 1746 3388 1801 es,
3405 1740 3462 1788 et
3479 1732 3872 1787 sententiarum

2278 1836 2491 1884 tuarum
2542 1828 2788 1883 acumina
2851 1834 3034 1880 astrue
3099 1824 3315 1896 eloquio
3362 1823 3759 1892 subsequenti,
3811 1839 3870 1878 ne

2278 1919 2490 1993 quando
2519 1919 2614 1975 tibi
2642 1918 2940 1992 placuerit,
2971 1931 3133 1988 neges
3157 1914 3303 1989 quod
3331 1915 3542 1971 locutus
3566 1930 3630 1970 es
3660 1931 3677 1969 :
3710 1924 3804 1970 aut
3827 1916 3872 1970 si

2279 2021 2425 2070 certe
2449 2011 2664 2080 errasti,
2689 2010 2839 2084 quasi
2869 2009 3056 2078 homo,
3083 2007 3254 2064 libere
3279 2005 3564 2074 conﬁtere,
3587 2014 3647 2062 et
3671 2006 3870 2061 discor-

2277 2103 2520 2160 dantium
2546 2103 2687 2160 inter
2725 2117 2787 2160 se
2820 2101 2987 2158 redde
3019 2099 3379 2162 concordiam.
3421 2097 3486 2156 In
3512 2107 3755 2158 mentem
3784 2098 3872 2154 tibi

2278 2198 2482 2266 veniat,
2506 2198 2740 2254 tunicam
2767 2194 3058 2254 Salvatoris
3086 2207 3184 2257 nec
3209 2207 3239 2246 a
3265 2191 3528 2248 militibus
3554 2191 3723 2248 fuisse
3746 2206 3871 2246 con—

2280 2292 2525 2347 scissam.
2568 2289 2820 2346 Fratrum
2847 2289 2986 2344 inter
3010 2301 3070 2343 se
3099 2286 3276 2344 cernis
3299 2285 3473 2356 iurgia
3495 2325 3514 2350 ,
3542 2297 3598 2339 et
3621 2283 3772 2340 rides
3799 2293 3872 2338 at-

2280 2397 2387 2453 que
2415 2381 2636 2448 laetaris,
2667 2379 2811 2452 quod
2837 2379 2926 2434 alii
2955 2388 3046 2436 tuo
3073 2376 3316 2445 nomine,
3343 2376 3436 2434 alii
3458 2375 3668 2434 Christi
3693 2375 3870 2445 appel-

2280 2475 2475 2530 lentur.
2523 2473 2739 2530 lmitare
2777 2472 2970 2528 Jonam
2991 2512 3008 2540 ,
3036 2483 3092 2527 et
3119 2468 3286 2536 dicito
3320 2488 3335 2524 :
3366 2469 3428 2528 Si
3458 2479 3670 2540 propter
3701 2485 3780 2523 nte
3805 2477 3871 2524 est

2279 2565 2375 2621 ista
2406 2573 2707 2635 tempestas,
2749 2565 2911 2618 tollite
2947 2579 3048 2630 me,
3075 2571 3121 2617 et
3148 2562 3325 2616 mittite
3350 2561 3404 2624 in
3432 2576 3575 2615 mare
3605 2559 3801 2631 (Jonw,
3824 2561 3871 2614 1.

2281 2659 2395 2730 12).
2426 2659 2520 2714 lllc
2549 2656 2847 2716 humilitate
2875 2655 3117 2726 dejectus
3142 2662 3226 2714 est
3254 2653 3308 2716 in
3334 2651 3665 2722 profundum
3690 2692 3708 2718 ,
3737 2662 3795 2706 ut
3822 2651 3872 2705 in

2281 2762 2464 2824 typum
2510 2751 2722 2812 Domini
2763 2749 3031 2822 gloriosus
3067 2756 3396 2819 resurgeret.
3439 2746 3521 2806 Tu
3563 2762 3663 2816 per
3687 2762 3872 2816 super-

2280 2847 2420 2899 biam
2447 2843 2514 2899 ad
2539 2854 2684 2900 astra
2711 2843 3040 2906 sustolleris,
3081 2848 3143 2900 ut
3178 2840 3248 2898 de
3291 2849 3345 2895 te
3385 2840 3644 2911 loquatur
3671 2838 3826 2896 Jesus
3857 2859 3868 2893 :

2290 2935 2534 2992 Videbam
2558 2934 2813 2996 Satanam
2835 2933 2967 2994 sicut
2988 2932 3161 3004 fulgur
3183 2931 3448 2992 cadmiam
3476 2930 3540 2988 de
3568 2932 3700 2990 caelo
3720 2930 3868 3004 (Lac.

2280 3028 2370 3090 to.
2402 3028 2517 3098 18).

2350 3121 2441 3178 15.
2469 3119 2623 3188 Quod
2652 3128 2832 3180 autem
2869 3118 2924 3174 in
2964 3117 3256 3189 Scripturis
3293 3116 3498 3174 sanctis
3537 3116 3694 3172 multi
3733 3116 3863 3186 iusti

2278 3213 2636 3284 appellentur,
2663 3210 2811 3282 ut(b)
2831 3209 3137 3276 Zacharias,
3163 3217 3219 3264 et
3246 3207 3549 3275 Elizabctb.
3568 3208 3696 3272 Job,
3715 3207 3872 3264 Josa-

2279 3306 2447 3376 pbat,
2483 3312 2542 3360 et
2573 3303 2782 3370 Josias,
2813 3311 2868 3360 et
2894 3302 3050 3360 multi
3089 3316 3322 3372 quorum
3365 3300 3681 3357 nominibus
3718 3315 3873 3356 sacra

2279 3396 2556 3466 Scriptura
2582 3402 2833 3452 contexta
2858 3402 2976 3459 est,
3007 3407 3320 3463 quanquam
3337 3392 3392 3448 in
3419 3392 3688 3462 promisso
3709 3407 3875 3463 Opere

2280 3488 2494 3560 plenius
2536 3489 2606 3561 (si
2651 3488 2876 3558 gratiam
2915 3486 3179 3543 Dominus
3221 3485 3456 3553 dederit)
3491 3485 3738 3541 dicturus
3773 3486 3872 3540 sim

2280 3579 2374 3654 [ab
2412 3578 2549 3653 sum]
2576 3597 2590 3635 :
2617 3589 2798 3635 tamen
2827 3580 2882 3635 in
2911 3578 3168 3649 praesenti
3205 3577 3445 3649 Epistola
3486 3577 3598 3633 hoc
3639 3578 3870 3632 breviter

2278 3671 2661 3743 perstrinxisse
2699 3670 2970 3737 sufﬁciat,
3000 3668 3146 3741 quod
3186 3669 3316 3739 justi
3352 3670 3738 3740 appellentur,
3767 3683 3870 3724 non

2279 3762 2422 3834 quod
2465 3761 2614 3823 omni
2641 3762 2772 3818 vitio
2802 3769 3058 3827 careant;
3102 3759 3175 3832 (ο)
3199 3761 3297 3818 sed
3325 3760 3472 3830 quod
3496 3762 3693 3832 majori
3724 3772 3870 3831 parte

2278 3853 2537 3909 virtutum
2553 3852 3018 3914 commendentur.
3037 3853 3274 3924 Denique
3287 3861 3342 3910 et
3353 3853 3644 3908 Zacharias
3657 3853 3872 3908 silentio

2279 3945 2668 4002 condemnatur
2691 3944 2844 4014 (Luc.
2869 3944 2945 4016 l),
2969 3954 3021 4002 et
3046 3943 3150 4002 Joh
3175 3944 3274 4001 sub
3302 3957 3556 4002 sermone
3579 3944 3872 4014 reprehen-

2280 4034 2428 4094 ditur
2446 4074 2462 4103 ,
2492 4044 2548 4092 et
2572 4035 2832 4105 Josapbat
2849 4077 2866 4102 .
2893 4043 2954 4092 et
2973 4035 3150 4094 .losias
3168 4077 3186 4103 ,
3211 4036 3304 4106 qui
3323 4035 3457 4105 justi
3479 4035 3687 4106 absque
3706 4034 3872 4091 dubio

2279 4126 2412 4188 dicti
2423 4135 2570 4196 sunt,
2595 4127 2792 4188 fecisse
2803 4124 3089 4188 narrantur
3107 4142 3228 4198 quae
3248 4128 3480 4186 Domino
3498 4128 3866 4198 displicerent.

2278 4217 2522 4287 Quorum
2562 4218 2698 4280 alter
2737 4219 2905 4290 impio
2945 4219 3210 4280 auxilium
3237 4219 3359 4277 tulit
3394 4219 3470 4290 (ὅ.
3499 4219 3630 4290 Reg.
3659 4221 3756 4286 23)
3775 4261 3792 4285 ,
3817 4229 3873 4276 et

2280 4319 2565 4380 correptus
2596 4318 2680 4374 est
2717 4324 2751 4370 a
2790 4310 3060 4382 PrOpbeta
3091 4327 3108 4366 :
3137 4310 3276 4368 alter
3315 4319 3504 4368 contra
3541 4323 3872 4382 praeceptum

2280 4401 2492 4458 Domini
2521 4417 2587 4457 ex
2615 4416 2713 4460 ore
2737 4400 2989 4464 Ieremia:
3008 4443 3030 4470 ,
3051 4402 3283 4470 occurrit
3310 4401 3528 4459 Nechao
3552 4403 3670 4473 regi
3697 4401 3866 4474 Egy-

2282 4492 2416 4562 ptio,
2445 4501 2501 4549 et
2530 4492 2845 4554 interfectus
2870 4503 2954 4552 est
2985 4493 3061 4566 (ι.
3089 4493 3224 4567 Reg.
3251 4493 3349 4562 εἴη
3374 4505 3424 4552 ιι
3445 4494 3504 4549 2.
3529 4494 3720 4550 Pin-at.
3751 4497 3872 4565 δε),

2279 4593 2335 4642 et
2350 4593 2528 4641 tamen
2549 4591 2774 4656 uterque
2787 4585 2964 4655 justus
2977 4585 3302 4657 appellatur.
3325 4587 3404 4644 De
3419 4588 3634 4642 ceteris
3653 4603 3768 4643 non
3789 4595 3870 4642 est

2279 4674 2437 4748 hujus
2453 4676 2708 4746 temporis
2728 4676 3000 4736 scribere:
3017 4692 3190 4748 neque
3210 4678 3351 4736 etiitn
3369 4691 3404 4733 ι
3420 4691 3507 4732 me
3522 4675 3748 4744 librum,
3770 4681 3864 4736 ses

2286 4766 2494 4842 ιω
2563 4767 2845 4837 epistolam
2894 4768 3166 4840 ﬂagitasti,
3197 4769 3288 4840 qui
3323 4766 3597 4824 dictandus
3648 4777 3742 4824 est
3801 4786 3862 4825 es

2279 4861 2410 4928 otio,
2439 4869 2493 4920 et
2518 4874 2710 4918 omnes
2735 4861 3122 4925 oblatrationes
3162 4860 3253 4934 [αι.
3284 4857 3648 4933 oppositiones}
3666 4873 3872 4918 eorum

2278 4951 2475 5008 Christi
2517 4952 2722 5014 auxilio
2766 4953 3110 5012 destruenda:
3146 4973 3161 5012 ε
3190 4952 3330 5025 quod
3365 4951 3525 5008 nobis
3549 4963 3868 5009 sanctarum

2277 5041 2680 5116 Scripturarum
2705 5046 3026 5104 testimoniis
3049 5045 3400 5103 asserendum
3425 5053 3510 5100 est
3529 5083 3544 5109 ,
3582 5047 3640 5098 in
3668 5046 3870 5115 quibus

2277 5135 2514 5209 quotidie
2549 5135 2895 5196 credentibus
2930 5139 3164 5210 loquitur
3195 5138 3357 5194 Deus.
3381 5136 3463 5208 (ὀ)
3495 5136 3742 5208 illudque
3776 5154 3870 5208 per

2345 5267 2410 5334 (b)
2445 5268 2629 5320 Recole
2667 5271 2922 5333 epistolam
2958 5272 3070 5322 121.
3108 5271 3167 5321 ad
3208 5272 3459 5336 Algasiam
3495 5274 3774 5335 quaestione
3817 5275 3866 5324 8.

2345 5343 2388 5381 tt.
2415 5331 2555 5381 1026.
2591 5339 2644 5381 et
2663 5345 2774 5381 uuae
2796 5333 2847 5381 in
2872 5346 2985 5381 eum
3017 5333 3173 5381 locum
3195 5333 3531 5381 adnotavimus
3555 5340 3668 5381 nota
3691 5333 3738 5381 ὑ.

2591 5339 2644 5383 et
2663 5345 2774 5405 quae
2796 5333 2847 5382 in
2872 5346 2985 5384 eum
3017 5333 3173 5404 locum
3195 5333 3531 5383 adnotavimus
3555 5340 3668 5402 nota
3691 5333 3738 5382 ὑ.

2278 5452 2311 5467 ﬂ
2379 5455 2402 5467 ﬂ
2501 5405 2601 5467 “et:
2632 5394 2785 5467 Yattc.
2832 5395 2920 5467 sed
2964 5409 3136 5467 nugor:
3179 5394 3389 5467 polleant
3427 5404 3568 5467 parte
3612 5401 3859 5467 mrtuust.

2276 5452 2452 5521 Confer
2473 5456 2513 5521 si
2540 5455 2676 5505 lubet
2697 5452 3134 5521 Aygustinmn'his
3154 5452 3275 5521 quae
3291 5452 3599 5506 adducuntur
3623 5458 3864 5521 exemplis

2277 5515 2599 5588 eodemnfere,
2625 5531 2722 5588 quo
2745 5515 2882 5588 Hier.
2910 5521 3049 5588 modo
3069 5515 3473 5578 respondentem.

2342 5575 2720 5651 (d)‘l".ri‘us;erat,
2749 5579 2968 5651 lunaque
2991 5587 3035 5628 te
3046 5592 3138 5651 per
3154 5575 3359 5651 saritur,
3375 5592 3493 5641 etc.,
3519 5595 3665 5645 quam
3690 5582 3860 5632 lectio-

2342 5593 2413 5641 ια]
2433 5593 2720 5650 rjrtuserat,
2749 5593 2968 5642 lunaque
2991 5593 3035 5628 te
3041 5593 3138 5687 Fer
3159 5593 3359 5639 sanam,
3375 5593 3493 5641 etc.,
3519 5595 3665 5645 quam
3690 5593 3858 5632 lectio-

2273 5651 2389 5689 nem
2420 5639 2663 5710 Vtctortus
2702 5643 2976 5750 imgirobat:
3014 5644 3093 5689 aii
3133 5642 3250 5690 editi
3290 5658 3498 5704 quorum
3542 5653 3592 5694 ct
3635 5660 3858 5706 εει-ηψπ,

2276 5700 2400 5750 forte
2425 5701 2571 5750 lectio
2594 5710 2684 5750 est.
2731 5713 2749 5750 ι
2773 5702 2948 5750 ludam:
2986 5710 3057 5750 ιιι.
3098 5711 3144 5750 et
3169 5717 3255 5750 per
3280 5712 3326 5750 ιρ
3361 5714 3548 5750 ,ςιιηειιῑν
3570 5746 3581 5750 -
3621 5719 3715 5750 etc.
3749 5706 3858 5750 llam

2276 5700 2400 5756 forte
2425 5701 2571 5752 lectio
2594 5710 2684 5754 est.
2731 5700 2948 5765 [lituique
2986 5710 3057 5762 tr,
3098 5711 3144 5752 et
3168 5717 3255 5767 per
3280 5700 3326 5756 te
3361 5714 3548 5756 δυηειαν
3570 5746 3582 5766 ,
3621 5700 3715 5757 etc.
3749 5706 3863 5760 llaec
