3986 6184
73 275 243 331 1165

76 394 356 460 bellare,
379 395 444 451 e‘t
461 393 564 448 tuis
583 391 795 458 litteris,
813 397 866 445 ct
883 389 1173 446 multorum
1193 389 1454 447 relatione
1473 392 1718 462 cognovi,

74 497 440 558 ventosque
460 501 580 543 esse
599 484 921 550 contrarios,
945 493 998 539 ct
1023 484 1075 539 in
1101 484 1458 554 perditionem
1484 493 1721 538 mutuam

78 581 368 636 fautores
402 595 526 637 esse
556 577 892 649 perditionis,
934 579 1024 648 qui
1052 576 1369 632 defensores
1397 576 1578 631 saeculi
1604 589 1725 630 esse

77 675 393 730 deberent
423 696 440 731 :
466 683 640 728 tamen
668 672 805 726 scias
827 670 880 725 in
902 669 1006 725 hac
1023 669 1294 740 provincia
1314 669 1473 723 nullis
1516 664 1723 739 1M7

80 764 385 820 humanis
466 762 720 826 auxiliis,
779 760 875 816 sed
943 759 1158 831 proprie
1209 757 1408 814 Christi
1463 754 1723 812 sententia

82 857 333 927 pulsum
368 870 521 922 esse,
551 870 657 909 non
688 852 862 908 solum
889 852 958 908 de
994 851 1152 918 urbe,
1199 850 1292 906 sed
1331 850 1399 906 de
1425 848 1724 904 Palaestinae

86 963 334 1019 quoque
379 947 586 1002 ﬁnibus
614 943 690 1016 (a)
718 943 999 999 Catilinam
1039 962 1052 997 :
1086 957 1292 1013 nosque
1323 941 1508 996 dolere
1549 938 1724 1010 pluri-

88 1054 257 1093 mum
284 1077 304 1102 ,
338 1037 498 1107 quod
543 1051 666 1092 cum
708 1034 939 1090 Lentulo
982 1033 1137 1088 multi
1185 1031 1565 1100 coniurationis
1593 1027 1725 1084 socii

88 1138 536 1197 remanserunt,
565 1128 657 1198 qui
688 1127 743 1182 in
773 1126 943 1196 Joppe
967 1132 1326 1180 remorantur.
1361 1121 1528 1177 Nobis
1545 1129 1723 1175 autem

88 1225 311 1278 melius
351 1223 535 1277 visum
563 1230 646 1276 est
691 1220 865 1273 locum
897 1226 1126 1285 mutare,
1162 1231 1320 1286 quam
1368 1214 1490 1269 ﬁdei
1534 1212 1728 1267 verita-

87 1323 213 1369 tem
243 1332 262 1381 ;
301 1313 778 1381 aediﬁciorumque
799 1319 854 1364 et
874 1307 1168 1364 mansionis
1188 1305 1552 1361 amoenitatem
1572 1303 1728 1357 amit-

90 1392 256 1471 tere,
313 1423 493 1478 quam
539 1420 726 1460 eorum
774 1402 1150 1457 communione
1193 1398 1480 1463 maculari,
1533 1396 1727 1467 quibus

90 1502 646 1571 impraesentiarum,
673 1505 766 1552 aut
806 1495 1106 1552 cedendum
1137 1501 1271 1560 erat,
1301 1503 1391 1546 aut
1419 1500 1563 1547 certe
1591 1506 1726 1562 quo-

95 1596 398 1656 tidie_non
429 1595 634 1664 lingua,
659 1589 753 1646 sed
785 1589 978 1660 gladiis
1007 1586 1387 1642 dimicandum.
1421 1584 1495 1655 (ὁ)
1521 1584 1726 1652 Quanta

95 1696 298 1741 autem
337 1686 493 1755 passi
521 1685 710 1746 simus,
739 1691 794 1737 et
817 1679 1088 1750 quomodo
1113 1679 1326 1734 excelsa
1352 1692 1545 1731 manus
1573 1675 1728 1730 Chri-

99 1780 172 1833 sti
201 1791 312 1846 pro
345 1775 513 1830 nobis
543 1776 595 1828 in
625 1773 836 1828 hostem
859 1771 1112 1837 saevierit,
1132 1777 1262 1839 puto
1285 1777 1340 1822 te
1366 1766 1564 1822 celebri
1587 1781 1727 1819 nun-

102 1875 182 1927 tio
217 1871 297 1944 (ο)
331 1870 586 1924 omnium
626 1866 965 1938 cognovisse.
1016 1864 1210 1932 Quteso
1237 1875 1367 1930 ergo
1395 1869 1469 1925 te,
1501 1868 1557 1913 ut
1581 1872 1729 1913 arre-

104 1973 268 2034 ptum
319 1976 471 2031 opus
507 1960 772 2030 impleas;
809 1971 910 2012 nec
939 1953 1178 2026 patiaris,
1209 1960 1263 2007 te
1308 1960 1592 2021 praesente,
1618 1965 1727 2005 non

108 2055 327 2111 habere
388 2051 598 2108 Christi
655 2048 954 2106 Ecclesiam
1006 2044 1366 2101 defensorem.
1421 2041 1580 2097 Certe
1628 2040 1731 2096 scit

110 2144 535 2215 unusquisque,
568 2139 712 2210 quod
745 2139 828 2193 vel
861 2137 956 2190 tibi
985 2134 1214 2190 sufﬁciat
1241 2148 1338 2202 pro
1362 2131 1501 2185 virili
1529 2139 1682 2200 parte
1711 2148 1726 2184 :

109 2239 242 2308 quia
290 2249 412 2290 non
454 2232 661 2287 viribus
707 2229 970 2298 corporis,
999 2225 1094 2281 sed
1121 2224 1343 2280 caritate
1383 2222 1546 2277 animi
1574 2220 1731 2275 dimi-

113 2327 388 2390 candum,
404 2339 529 2394 qua:
548 2320 789 2391 superari
811 2332 1080 2388 nunquam
1097 2323 1292 2387 potest.
1312 2313 1494 2370 Sancti
1509 2311 1728 2380 fratres,

114 2419 211 2489 qui
238 2434 372 2474 cum
399 2424 588 2471 nostra
615 2422 742 2468 sunt
770 2411 1050 2482 parvitate,
1075 2409 1364 2479 plurimum
1391 2415 1444 2462 te
1470 2405 1723 2461 salutant.

117 2513 263 2569 Puto
289 2519 483 2566 autem
512 2518 566 2564 et
589 2516 833 2562 sanctum
872 2503 1090 2558 fratrem
1139 2501 1410 2557 Alentium
1438 2499 1728 2554 Diaconum

120 2612 231 2658 tua:
258 2599 569 2673 dignationi
618 2607 807 2653 cuncta
855 2608 1075 2649 narrare
1119 2591 1369 2647 ﬁdeliter.
1408 2589 1731 2646 Incolumem

121 2703 176 2750 te
217 2703 278 2750 et
326 2704 632 2747 memorem
661 2688 784 2752 mei,
813 2685 1060 2741 Christus
1100 2682 1349 2738 dominus
1373 2690 1555 2736 noster
1585 2690 1734 2734 tuea-

125 2795 212 2840 tur
243 2785 599 2854 omnipotens
622 2823 638 2849 ,
665 2779 880 2836 domine
928 2790 1055 2832 vere
1099 2783 1284 2830 sancte
1319 2783 1374 2829 et
1398 2771 1734 2843 suscipiende

123 2876 312 2934 frater.

538 3024 867 3082 EPISTULA
906 3021 1172 3080 CXXXIX
1198 3021 1303 3093 (ά).

680 3180 748 3253 (e)
779 3197 848 3237 Α»
887 3195 1172 3237 amomum.

141 3347 430 3402 Arnomuu
452 3381 468 3406 ,
514 3337 647 3409 quod
685 3337 739 3391 in
767 3336 870 3406 [ide
906 3343 1082 3389 contra
1123 3332 1432 3403 Pelagianos
1456 3330 1735 3397 manserit,

207 3436 419 3500 laudat,
467 3439 536 3499 et,
582 3437 639 3484 ut
681 3436 858 3483 sancta
896 3424 1230 3495 Jerosolymte
1274 3421 1386 3476 loca
1427 3429 1584 3492 petat,
1616 3420 1737 3474 lior-

217 3536 379 3581 tatur.

218 3662 274 3715 l.
304 3655 506 3712 Nescio
548 3667 650 3725 qua
679 3650 974 3708 tentatione
997 3645 1194 3702 diaboli
1236 3644 1432 3700 factum
1474 3643 1566 3709 sit,
1598 3650 1658 3698 ut
1684 3650 1740 3698 et

146 3761 267 3807 tuus
307 3749 483 3812 labor,
521 3755 575 3802 et
601 3745 770 3801 sancti
798 3743 870 3814 (f)
907 3737 1205 3796 Innocentii
1244 3735 1547 3806 Presbyteri
1578 3734 1739 3788 indu-

145 3845 298 3908 stria,
327 3850 386 3897 et
414 3848 657 3894 nostrum
682 3835 1009 3891 desiderium
1041 3831 1106 3885 ad
1135 3841 1373 3899 prmsens
1400 3839 1736 3912 nequaquam

149 3936 401 3991 videatur
432 3932 630 3985 habere
651 3928 922 3982 ell‘ectnm.
954 3925 1068 3977 Deo
1089 3922 1276 3992 gratia,
1309 3919 1451 3988 quod
1480 3927 1532 3971 te
1561 3917 1735 3986 sospi-

149 4036 274 4092 tem,
307 4035 365 4080 et
422 4021 546 4076 ﬁdei
597 4019 777 4073 calore
802 4011 1279 4079 ferventem,inter
1301 4011 1416 4079 ipsa
1439 4016 1737 4063 tentamen-

213 4202 278 4269 (a)
319 4197 548 4269 cauum.
576 4197 820 4269 stactae
856 4199 938 4269 est,
960 4184 1737 4269 essetesse.sumemus

154 4247 400 4323 nostin—15.
425 4247 621 4323 Cornel.
644 4255 904 4323 Lentulum
926 4254 977 4300 iu
995 4251 1199 4323 civitate
1221 4247 1550 4323 reliquiaqui
1574 4247 1737 4308 conjuo

154 4308 362 4374 Habiti;
374 4308 636 4381 participes
653 4319 700 4365 in
718 4311 1262 4381 perﬁdiageonﬁrmaret,‘
1281 4308 1735 4381 (utaaliieronymus

156 4368 347 4435 iniiinii?
363 4368 573 4431 Difﬁcile
597 4385 674 4427 est
690 4368 854 4425 autem
877 4375 1020 4423 alium
1052 4373 1167 4421 heic
1189 4372 1282 4419 sub
1298 4368 1735 4435 Catilinze_no'_mine

158 4428 396 4508 in'tali'g'i:
412 4428 579 4508 quam
604 4438 860 4508 Pe_!agium
879 4470 904 4508 ,_
937 4436 1158 4508 ejusque,
1182 4428 1734 4508 sectatoreszlinfii-trus

161 4490 478 4569 éﬁiiﬁfddeih
501 4490 806 4569 vulgohiunm
829 4490 997 4547 volunt
1019 4490 1382 4569 Hieronymiani
1407 4490 1731 4569 Interpretes,

159 4549 492 4628 {5536?th
649 4561 827 4628 libens,
853 4571 905 4609 et
932 4570 1044 4607 cum
1065 4549 1363 4616 Hieronymo
1385 4549 1732 4600 reconCiliatus

160 4624 447 4678 discesserat
471 4639 500 4674 e
524 4624 798 4673 Palaestina.

229 4671 553 4763 (impunita
570 4671 719 4763 supra
749 4683 806 4731 ad
829 4681 984 4743 Epist.
1013 4680 1118 4751 1.33.
1147 4690 1210 4763 eAx
1235 4671 1731 4763 Augustinil‘lilzr'o‘ge

167 4735 533 4810 Gemis—Pelagii
571 4752 620 4795 in
637 4735 775 4802 'ﬁne,
808 4762 829 4789 (ι
852 4735 1077 4810 a'_n__escio
1099 4752 1196 4810 quo
1204 4735 1378 4810 functa
1412 4735 1728 4810 perditorum,

167 4795 408 4871 deinde
421 4795 782 4871 inoperversum
807 4795 1186 4871 perhiberent'ur
1203 4799 1402 4871 Pelagio
1411 4795 1688 4871 suffragari,
1701 4811 1724 4841 ι

169 4856 509 4921 iHi‘ei'EaétéEa‘
528 4856 639 4931 qua;
673 4856 944 4931 incredibili
977 4860 1186 4931 audacia
1221 4856 1386 4931 contra
1411 4857 1462 4926 S_.
1489 4856 1730 4931 Hierony-

169 4918 290 4995 mum
320 4918 642 4995 patratasunt
661 4966 674 4988 ,
724 4929 868 4995 etiam
923 4921 1134 4995 agdiftcia
1190 4918 1592 4995 ntmwsteriorunt
1626 4918 1733 4978 ejus

170 4988 456 5058 incensatut
481 4990 563 5058 uia:
587 4990 745 5058 ipsum
779 4988 837 5058 alt
861 4999 916 5036 eo
939 4988 1148 5058 impetu,
1183 4989 1227 5030 et
1241 4992 1454 5058 occursu
1475 4991 1732 5040 impiorum

175 5048 220 5099 in
241 5053 322 5102 Dei
343 5044 674 5104 misericordia
694 5049 844 5100 turris
864 5044 1088 5096 munitior
1104 5047 1335 5104 tueretur.

238 5099 708 5179 (dial—infantum.
745 5109 895 5179 Paulo
928 5113 1036 5170 post
1068 5106 1120 5153 in
1140 5103 1301 5153 veteri
1324 5099 1569 5157 editione,
1601 5104 1731 5150 certe

175 5171 632 5244 sdat'_unusqttisque,
661 5171 807 5244 quod,
829 5178 927 5241 etc.

257 5237 302 5301 dy)
331 5227 454 5301 {flius
477 5227 554 5287 56'.
581 5227 768 5301 seripta
794 5227 1051 5301 'ciLc._ann.
1073 5227 1182 5301 417..
1219 5299 1228 5301 ξ
1250 5290 1428 5301 JH.“
1453 5281 1548 5301 ωε

256 5288 302 5356 e)'
331 5293 505 5348 Rerum
528 5309 637 5359 quae
657 5288 818 5364 iubae
839 5291 1052 5354 Epistula
1075 5290 1431 5364 peruagantur
1452 5288 1728 5364 εςξξςξέίξ-

179 5345 341 5417 ιιιέίιίιε
377 5345 632 5409 contextus
662 5345 1161 5418 Hieronyinurnejus
1185 5354 1435 5418 auctorem
1471 5345 1722 5418 evincunt,

182 5403 339 5483 con’ira'
349 5403 751 5483 quiH'vi'étbr‘iiig
766 5403 936 5483 sentit.
956 5414 1033 5483 cui
1048 5403 1488 5483 ."Patrisslylum
1500 5403 1730 5483 redolere

182 5469 487 5542 mevidetur,
515 5488 567 5531 ct
588 5483 649 5529 ah
668 5480 829 5542 aliquo
855 5479 960 5540 ejus
983 5469 1437 5542 liimiliariuereditur
1464 5475 1680 5542 exarata.

238 5527 537 5600 (nitié'iué
552 5527 1112 5600 videtur'lnndcentiu_s.
1147 5533 1232 5600 cui
1254 5529 1454 5600 litteras
1475 5527 1536 5576 de
1567 5531 1732 5600 sancta

186 5585 913 5653 Be‘t'lt'leent'inI-Dccideiueni—ud'
926 5585 1163 5662 Alypium,
1189 5599 1234 5642 ct
1261 5590 1571 5662 A_ttqttstinunt

186 5649 477 5769 Ezrrerendas
499 5649 703 5714 hieran.
720 5649 856 5725 quod
878 5649 1215 5725 ipseTestat'ur
1239 5649 1377 5706 mitia
1400 5659 1452 5702 et
1471 5660 1661 5699 rursum
1679 5649 1730 5697 in

247 5734 273 5769 8
291 5729 532 5769 seuuentis
554 5725 783 5769 Epistolas
809 5724 912 5769 H5.

203 5724 273 5780 ille
291 5729 532 5790 sequentis
554 5724 783 5794 Epistola:
809 5724 912 5773 H3.

1511 267 1840 329 EPISTOLA
1878 265 2032 322 CXL.

3273 277 3409 333 “66

1829 399 1880 443 ta
1963 387 2171 462 1048
2244 388 2439 444 diaboli
2491 391 2734 461 cognovi.
2789 391 2900 447 Hoc
2942 405 3121 446 meum
3156 393 3411 462 gaudium

1828 491 1928 548 est,
1957 483 2170 550 quando
2196 482 2248 536 in
2280 481 2495 538 Christo
2541 484 2701 538 audio
2738 483 2878 538 ﬁlios
2925 499 3077 539 meos
3103 484 3404 551 dimicare;

1829 580 1885 627 et
1911 572 2074 626 istum
2103 572 2275 627 zelum
2307 574 2361 626 in
2390 588 2487 628 nos
2511 574 2628 644 ipse
2656 574 2962 642 conﬁrmet,
2993 575 3076 628 cui
3103 575 3408 632 credimus:

1829 672 1889 717 ut
1915 678 2013 733 pro
2050 661 2156 719 ﬁde
2181 665 2298 734 ejus
2325 666 2637 735 sanguinem
2665 665 2966 723 voluntarie
2995 663 3299 719 fundamus.
3332 663 3411 735 (g)

1830 754 2085 811 Eversam
2116 755 2352 812 nobilem
2399 756 2615 811 domum
2644 756 2879 812 funditus
2906 756 3062 812 doleo
3083 797 3098 822 ,
3137 765 3193 811 et
3234 762 3414 811 tamen

1828 847 1956 918 quid
1985 847 2040 903 in
2069 863 2227 903 causa
2253 849 2345 915 sit,
2373 849 2513 904 scire
2535 864 2641 904 non
2671 850 2842 920 potui.
2872 849 3055 919 Neque
3077 848 3219 902 enim
3249 847 3418 917 porti-

1829 947 1916 994 tor
1939 939 2241 996 litterarum
2272 954 2432 996 nosse
2457 955 2516 995 se
2543 940 2695 995 dixit.
2726 939 2881 996 Unde
2922 941 3104 995 dolere
3133 952 3417 1008 possumus

1828 1046 1928 1102 pro
1956 1033 2145 1087 amicis
2171 1032 2568 1096 communibus,
2597 1041 2650 1086 et
2680 1029 2904 1098 Christi,
2934 1031 3022 1101 qui
3054 1030 3204 1086 solus
3226 1038 3417 1098 potens

1829 1132 1884 1178 et
1929 1123 2183 1177 Dominus
2229 1131 2331 1188 est,
2363 1123 2442 1194 (h)
2472 1123 2813 1177 clementiam
2842 1121 3121 1191 deprecari
3155 1139 3169 1174 ε
3198 1119 3322 1173 licet
3349 1134 3415 1172 ex

1830 1222 1982 1282 parte
2025 1214 2119 1267 Dei
2146 1228 2448 1268 mereamur
2476 1212 2756 1277 offensam,
2787 1213 2874 1280 qui
2921 1211 3166 1265 inimicos
3204 1209 3415 1264 Domini

1831 1304 2142 1360 laverimus.
2191 1303 2460 1374 Optimum
2508 1312 2686 1359 autem
2730 1302 2917 1368 facies,
2946 1301 2990 1356 si
3020 1302 3228 1355 cunctis
3258 1301 3418 1354 rebus

1829 1395 2064 1458 omissis,
2087 1394 2361 1450 Orientem
2392 1402 2446 1449 et
2470 1394 2742 1464 praecipue
2763 1401 2948 1447 sancta
2979 1392 3090 1447 loca
3116 1400 3266 1462 petas
3293 1407 3306 1445 :
3331 1390 3418 1444 hic

1830 1487 1972 1541 enim
2001 1488 2181 1557 quieta
2207 1496 2335 1541 sunt
2364 1489 2567 1541 omnia.
2593 1487 2660 1542 Et
2684 1487 2812 1541 licet
2831 1500 3032 1540 venena
3056 1485 3286 1554 pectoris
3308 1499 3416 1538 non

1830 1581 2127 1648 amiserint,
2159 1591 2337 1636 tamen
2373 1595 2435 1636 os
2462 1580 2756 1651 impietatis
2787 1594 2891 1634 non
2938 1578 3136 1632 audent
3161 1579 3369 1647 aperire
3399 1594 3414 1629 :

1817 1674 1926 1730 sed
1963 1684 2086 1730 sunt
2131 1675 2269 1729 sicut
2311 1673 2525 1744 aspides
2576 1672 2774 1738 surdae,
2806 1680 2860 1725 et
2907 1671 3216 1725 obturantes
3261 1683 3419 1723 aures

1830 1781 1955 1822 suas
1986 1765 2160 1836 (Psal.
2184 1765 2274 1818 57.
2304 1763 2381 1832 5).
2415 1764 2646 1819 Sanctos
2673 1761 2868 1817 fratres
2893 1761 3085 1815 saluta.
3109 1759 3301 1813 Nostra
3327 1773 3420 1812 au-

1830 1867 1938 1912 tem
1986 1858 2179 1910 domus
2223 1855 2519 1910 secundum
2568 1853 2815 1908 car-nales
2860 1868 3012 1922 Opes,
3044 1852 3418 1906 hmreticorum

1831 1949 2295 2021 persecutionibus
2325 1949 2537 2018 penitus
2562 1962 2771 2015 eversa,
2799 1947 3013 2003 Christo
3041 1946 3274 2016 propitio
3303 1945 3420 2014 spi-

1831 2041 2111 2097 ritualibus
2154 2039 2358 2094 divitiis
2387 2041 2544 2110 plena
2591 2048 2693 2094 est.
2727 2038 2914 2094 Melius
2943 2047 3026 2094 est
3053 2037 3197 2093 enim
3227 2048 3421 2107 panem

1832 2135 2178 2201 manducare,
2203 2148 2363 2204 quam
2397 2132 2553 2188 ﬁdem
2585 2131 2831 2202 perdere.

2296 2330 2623 2388 EPISTOLA
2664 2328 2800 2386 CXL
2829 2327 2914 2401 (i).

2208 2506 2275 2546 AD
2311 2504 2604 2544 CYPRIANUII
2642 2499 3039 2542 PRESBYTEBUI.

1835 2653 2104 2710 Psalmum
2129 2653 2491 2724 octogesimum
2527 2667 2740 2717 nonum,
2771 2652 2918 2721 cujus
2959 2647 3158 2702 initium
3195 2653 3286 2710 est,
3317 2645 3426 2700 Do-

1906 2746 2071 2810 mine,
2094 2744 2354 2814 refugium
2375 2743 2544 2798 factus
2565 2756 2623 2798 es
2648 2741 2824 2804 nobis,
2844 2738 3098 2810 Cypriane
3125 2737 3429 2807 Presbytero

1907 2840 1975 2892 ad
2002 2839 2153 2908 ﬁdem
2179 2836 2448 2890 Hebraij
2471 2834 2717 2899 veritatis,
2752 2841 2863 2902 post
2890 2847 3042 2896 Lxx.,
3070 2838 3118 2884 et
3151 2827 3426 2898 Vulgata»:

1909 2929 2201 2994 editionem,
2235 2927 2316 2998 pie
2341 2927 2726 2996 eloquenterque
2751 2922 2978 2992 exponit.

1911 3089 1965 3142 1.
1991 3087 2145 3142 Prius
2163 3093 2234 3152 te,
2255 3083 2520 3156 Cypriane
2545 3082 2988 3154 Presbyterorum
3009 3077 3423 3144 studiosissime,

1839 3178 1907 3234 de
1949 3178 2162 3232 illorum
2205 3189 2451 3240 numero,
2482 3189 2644 3244 super
2689 3172 2882 3243 quibus
2925 3169 3126 3225 audivit
3171 3169 3423 3240 Moyses:

1840 3269 1990 3340 Elige
2018 3268 2386 3338 Presbyteros,
2413 3283 2538 3337 quos
2566 3275 2620 3318 tu
2661 3265 2770 3334 ipse
2810 3266 2907 3318 scis
2951 3280 3058 3318 esse
3101 3262 3430 3333 Presbytero:

1841 3360 2039 3432 (Exod.
2072 3359 2182 3430 12),
2215 3368 2418 3413 tantum
2449 3357 2704 3428 Epistolis
2753 3370 3032 3422 noveram,
3077 3363 3133 3410 et
3158 3354 3298 3409 beati
3324 3355 3427 3408 viri

1838 3453 2160 3509 vocabulum
2180 3460 2550 3515 consecutum,
2573 3450 2662 3520 qui
2694 3450 2748 3503 in
2772 3448 2916 3518 Lege
2938 3447 3032 3502 Dei
3061 3447 3149 3502 die
3173 3461 3236 3501 ac
3266 3454 3427 3501 nocte

1840 3545 2126 3601 meditatur
2148 3543 2319 3616 (Psal.
2347 3543 2425 3613 1).
2454 3542 2607 3596 Nunc
2629 3551 2810 3595 autem
2833 3540 2956 3610 quia
2984 3539 3267 3594 exterioris
3294 3551 3428 3608 quo-

1839 3655 1946 3711 que
1970 3638 2203 3695 hominis
2233 3635 2387 3690 nobis
2406 3635 2636 3690 invicem
2669 3634 2807 3688 facta
2835 3641 2918 3689 est
2945 3633 3200 3703 cognitio,
3227 3643 3281 3687 et
3304 3639 3430 3701 post

1838 3730 2213 3785 salutationem
2236 3727 2529 3797 dulcesque
2603 3723 2813 3796 1059
2884 3721 3429 3791 complexus,quibns

1839 3821 1941 3878 sibi
1968 3818 2201 3874 amicitia
2248 3816 2549 3886 copulatur,
2579 3822 2638 3867 ut
2686 3813 2878 3880 probes
2905 3827 3090 3865 verum
3118 3825 3240 3864 esse
3281 3810 3424 3878 quod

1839 3909 2106 3973 audieras,
2136 3905 2316 3960 statim
2343 3920 2374 3959 a
2401 3918 2488 3959 me
2512 3903 2773 3973 postulas,
2805 3910 2861 3955 ut
2881 3900 3254 3954 difﬁcillimum
3272 3899 3426 3953 Psal-

1837 4015 2006 4062 mum,
2025 3997 2114 4069 qui
2141 3995 2278 4066 apud
2303 3993 2522 4050 Graecos
2542 4003 2598 4050 et
2624 3993 2842 4048 Latinos
2859 3993 3218 4062 octogesimus
3246 4005 3425 4045 nonus

1838 4089 2172 4154 inscribitur,
2208 4087 2303 4141 tibi
2331 4086 2647 4150 edisseram,
2678 4100 2782 4140 non
2810 4087 3105 4155 composita
3133 4082 3422 4138 verborum

1837 4184 2081 4240 oratione
2111 4181 2404 4251 plausuque
2450 4178 2717 4249 populari,
2761 4179 2849 4247 qui
2875 4178 3012 4232 solet
3051 4175 3424 4246 imperitorum

1837 4291 1993 4332 aures
2018 4274 2266 4342 decipere
2291 4281 2451 4342 atque
2482 4270 2699 4341 palpare
2726 4286 2740 4335 ;
2771 4269 2863 4323 sed
2895 4270 3136 4324 oratione
3166 4265 3424 4337 simplici,

1835 4374 1890 4422 et
1917 4363 2278 4420 Ecclesiastici
2307 4361 2501 4430 eloquii
2531 4360 2756 4414 veritate
2786 4376 2800 4412 :
2833 4366 2889 4412 ut
2917 4359 3122 4414 scilicet
3150 4358 3426 4426 interpre-

1839 4457 1967 4513 tatio
1992 4466 2175 4511 nostra
2197 4470 2302 4510 non
2328 4455 2433 4508 alio
2456 4453 2748 4520 interprete
2775 4451 3029 4520 indigeat,
3058 4449 3197 4519 quod
3226 4451 3427 4520 pleris-

1835 4563 1941 4619 que
1971 4547 2191 4602 nimium
2218 4543 2432 4599 disertis
2478 4542 2725 4597 accidere
2769 4540 2930 4604 solet,
2959 4546 3016 4592 ut
3039 4538 3210 4606 major
3235 4540 3305 4592 sit
3333 4540 3422 4592 in-

1836 4636 2138 4708 telligentiae
2163 4634 2450 4690 difﬁcultas
2470 4633 2522 4687 in
2544 4647 2729 4687 eorum
2755 4627 3238 4698 explanationibus,
3257 4643 3421 4695 quam

1836 4729 1889 4784 in
1919 4728 2004 4784 his
2033 4743 2152 4797 quae
2181 4726 2472 4796 explanare
2500 4731 2782 4778 conantur.
2825 4718 3116 4790 Aggrediar
3156 4732 3291 4786 opus
3319 4717 3425 4770 dif-
3475 4738 3487 4796 ς

1835 4820 2153 4884 ﬁcillimum,
2183 4826 2238 4872 et
2265 4825 2567 4871 sanctarum
2594 4827 2809 4882 precum
2838 4820 3046 4864 tuartun
3073 4809 3234 4863 fultus
3263 4809 3420 4862 auxi-
3478 4791 3482 4796 ’

1835 4912 1928 4977 lio,
1958 4911 2098 4965 illius
2122 4907 2374 4961 versiculi
2397 4903 2754 4959 recordahor:
2780 4899 3030 4955 Dominus
3053 4899 3191 4954 dabit
3216 4900 3421 4953 verbum

1832 4997 2288 5071 euangelizantibus
2314 4999 2493 5049 uirtute
2521 4995 2680 5047 multa
2707 4992 2822 5064 (Ps.
2854 4994 2943 5047 67.
2973 4993 3084 5062 12).

1903 5090 1960 5144 2.
1990 5091 2070 5144 Ac
2114 5089 2344 5157 primum
2376 5085 2648 5140 sciendum
2679 5084 2821 5153 quod
2849 5083 3044 5138 Psalmi
3086 5083 3239 5138 istius
3263 5083 3417 5152 juxta

1833 5179 2152 5236 Hebraicum
2184 5178 2362 5234 titulus
2406 5176 2496 5243 sit,
2531 5175 2709 5229 Oratio
2738 5174 2909 5245 Moysi
2953 5174 3045 5227 viri
3089 5173 3187 5227 Dei
3220 5190 3238 5226 :
3265 5174 3417 5243 juxta

1897 5399 1966 5465 (g)
1995 5397 2130 5465 _V_ide
2154 5394 2203 5444 in
2226 5394 2359 5445 calce
2376 5392 2589 5465 epistol.
2615 5393 2722 5465 15:3.
2749 5391 2807 5465 ad
2831 5390 3218 5465 Ctesiphontem,
3349 5389 3420 5465 de

1831 5451 2007 5509 illustri
2033 5460 2176 5507 domo
2193 5491 2208 5516 ,
2232 5470 2342 5518 quas
2376 5451 2639 5518 hasreticos
2661 5453 2888 5518 fovebat,
2915 5451 3128 5514 qumque
3165 5451 3339 5500 eadem
3364 5463 3422 5500 ac

1831 5534 2048 5584 praesens
2066 5532 2240 5584 eversa
2253 5516 2415 5567 sideri
2439 5516 2607 5584 possit,
2629 5517 2965 5584 conqueritur.

1893 5583 1967 5645 (lt)
2002 5581 2144 5645 Haud
2183 5581 2312 5645 bene
2337 5573 2631 5645 vetustiores
2669 5573 2786 5623 editi
2825 5578 2916 5645 sub
2950 5573 3044 5645 alia
3069 5575 3423 5645 distipctione,

1831 5650 1876 5695 et
1894 5637 1999 5705 ejus
2025 5640 2340 5705 clementiam,
2364 5643 2420 5686 ut
2440 5637 2620 5705 Christi
2639 5650 2816 5705 nomen
2835 5638 2895 5687 ad
2917 5638 3100 5688 amicos
3121 5637 3395 5688 referatur.

1898 5698 1957 5770 (ἶ)
1983 5704 2064 5756 Al.
2096 5705 2200 5756 159.
2225 5701 2398 5765 Script.
2415 5698 2536 5752 circ.
2555 5711 2637 5749 an.
2661 5698 2775 5751 418.
