3986 6184
599 321 735 378 1167

594 438 956 516 Septuaginta,
975 431 1149 487 Oratio
1173 415 1340 499 Moysi
1354 426 1570 480 hominis
1596 424 1708 481 Dei.
1727 423 1872 516 Inter
1895 422 2169 477 hominem

596 514 771 587 autem
811 534 864 580 et
892 525 1059 577 virum
1104 518 1229 591 quid
1276 516 1483 572 intersit
1532 523 1715 572 sancta
1757 514 2029 584 Scriptura
2073 528 2170 568 nos

594 619 802 679 doceat.
833 613 1096 687 Loquitur
1136 608 1626 683 quinquagenarius
1657 606 1723 660 ad
1753 605 1925 663 Eliam
1957 624 1970 659 :
2003 602 2169 657 Homo

595 707 711 777 Dei,
741 721 832 768 res:
853 714 997 758 vocat
1026 713 1095 759 te.
1124 700 1224 759 Cui
1256 702 1345 757 ille
1368 697 1662 771 respondit,
1693 697 1754 753 Si
1783 696 1931 752 homo
1960 695 2053 748 Dei
2078 711 2168 766 ego

589 816 721 865 sum,
748 796 1017 852 descendat
1044 793 1179 867 ignis
1198 794 1261 848 de
1287 793 1433 859 coelo,
1460 800 1508 846 et
1535 789 1763 848 comedat
1788 799 1834 843 te
1855 798 1898 842 et
1918 789 2168 858 quinqua-

588 890 728 964 ginta
755 888 890 943 uiros
931 896 1042 943 tuos
1069 887 1147 957 (4.
1182 884 1311 956 Reg.
1343 884 1395 939 l.
1424 882 1458 939 9
1508 893 1554 937 et
1583 881 1695 952 10).
1721 879 1799 935 Ad
1829 879 2165 935 Timotheum

587 997 801 1057 quoque
846 979 1133 1053 Apostolus
1175 977 1362 1035 scribit
1390 995 1405 1033 :
1435 974 1515 1029 Tu
1564 983 1752 1040 autem,
1780 989 1810 1027 ο
1840 971 1989 1026 Ιιοηιο
2019 967 2118 1024 Dei
2148 1010 2164 1047 ρ

589 1074 695 1128 lucc
740 1076 860 1146 fuge
908 1070 981 1144 (1.
1011 1067 1146 1124 Tim.
1179 1070 1231 1124 6.
1267 1066 1377 1137 ll).
1424 1065 1594 1121 Porro
1635 1064 1702 1119 de
1746 1063 1860 1117 viro
1885 1061 1978 1116 Dei
2021 1059 2166 1115 idem

590 1164 879 1234 Apostolus
908 1162 1121 1216 instruit
1149 1178 1162 1213 :
1200 1158 1323 1213 Volo
1353 1166 1522 1210 autem
1559 1172 1643 1210 vos
1671 1155 1817 1218 scire,
1843 1152 1978 1222 quod
2004 1150 2168 1205 omnis

589 1257 684 1310 viri
708 1264 860 1329 caput
881 1254 1109 1309 Christus
1132 1252 1195 1305 sit
1222 1267 1239 1303 :
1266 1259 1417 1320 caput
1445 1259 1610 1301 autem
1635 1245 1861 1299 mulieris
1884 1244 1957 1297 vir
1980 1257 1999 1296 :
2017 1252 2166 1313 caput

590 1361 706 1399 uero
732 1343 922 1406 Christi
945 1342 1161 1411 Deus.(l
1180 1380 1192 1393 .
1221 1340 1340 1395 Cor.
1367 1339 1455 1394 11.
1481 1338 1561 1407 5).
1595 1337 1699 1392 Iste
1727 1337 1809 1390 vir
1839 1342 1940 1401 est,
1963 1336 2052 1408 qui
2072 1348 2165 1389 ca-

594 1443 688 1509 put
708 1435 887 1489 velare
913 1449 1017 1489 non
1045 1431 1225 1495 debet,
1257 1445 1378 1487 cum
1410 1428 1480 1484 sit
1506 1427 1685 1498 imago
1708 1434 1762 1483 et
1781 1426 1947 1496 gloria
1976 1425 2090 1491 Dei,
2114 1431 2169 1478 et

590 1523 826 1597 quotidie
874 1539 1033 1579 orans
1064 1522 1342 1592 loquitur:
1374 1519 1487 1575 Nos
1531 1529 1700 1574 autem
1741 1535 1909 1573 omnes
1950 1518 2168 1572 revelata

587 1618 718 1693 facie
748 1617 963 1688 gloriam
991 1613 1201 1670 Domini
1228 1613 1641 1684 contemplantes,
1671 1612 1725 1667 in
1767 1611 1992 1667 eamdem
2033 1610 2166 1665 ima-

588 1710 755 1781 ginem
793 1710 1247 1782 transformamur,
1282 1723 1314 1761 a
1341 1704 1505 1779 gloria
1531 1706 1585 1760 in
1609 1703 1823 1775 gloriam
1847 1706 1974 1759 sicut
1999 1718 2032 1756 a
2059 1700 2169 1755 Do-

588 1800 714 1856 nnni
736 1800 919 1871 spiritu
962 1800 1036 1871 (2.
1078 1798 1195 1853 Cor.
1241 1799 1293 1855 5.
1327 1796 1440 1869 18).
1471 1796 1541 1852 Et
1569 1798 1623 1853 in
1670 1796 1774 1850 alio
1802 1797 1920 1851 loco
1948 1812 1962 1847 :
1992 1794 2168 1849 Donec

590 1894 936 1963 perveniamus
963 1907 1134 1947 omnes
1175 1891 1230 1944 in
1270 1890 1435 1944 virum
1476 1893 1770 1958 perfectum,
1797 1888 1850 1942 in
1880 1903 2167 1941 mensuram

589 1984 753 2038 (etatis
799 1982 1123 2055 plenitudinis
1160 1978 1347 2036 Christi
1375 1977 1538 2051 (Eph.
1585 1979 1638 2033 4.
1688 1978 1803 2048 15).
1836 1975 1962 2033 Sive
2007 1977 2167 2049 igitur

594 2076 716 2141 viri,
741 2076 855 2130 sive
879 2072 1114 2129 hominis
1142 2071 1427 2141 appellatio
1456 2077 1642 2124 sancto
1667 2069 1785 2123 viro
1813 2067 2089 2140 competit,
2113 2076 2168 2123 et

592 2167 641 2222 ei
664 2166 755 2237 qui
793 2164 926 2220 vidit
955 2165 1117 2219 Deum
1145 2162 1279 2217 facie
1303 2160 1371 2217 ad
1414 2160 1624 2227 faciem,
1655 2167 1710 2215 et
1737 2158 1883 2213 salva
1925 2158 2058 2214 facta
2086 2163 2173 2213 est

593 2261 768 2311 anima
816 2256 932 2325 ejus
963 2274 975 2308 :
1006 2256 1159 2325 cujus
1208 2269 1321 2320 ore,
1367 2260 1665 2307 creaturam
1714 2250 1933 2316 mundi,
1978 2265 2166 2307 eorum

598 2350 808 2421 1050
879 2348 1134 2403 duntaxat
1181 2362 1300 2417 qua:
1351 2345 1577 2401 visibilia
1629 2351 1773 2411 sunt,
1805 2342 2165 2399 conditionem

594 2420 849 2505 hominis,
866 2448 922 2492 et
940 2438 1116 2493 omnis
1136 2446 1280 2492 retro
1300 2437 1540 2492 historia:
1559 2436 1841 2491 didicimus
1861 2420 2163 2503 veritatem,

591 2529 680 2598 qui
709 2543 817 2583 non
860 2528 1032 2583 solum
1062 2527 1216 2581 nobis
1245 2528 1479 2596 quinque
1521 2525 1734 2594 reliquit
1759 2525 1946 2594 libros,
1992 2525 2168 2582 Gene-

590 2620 714 2687 sim,
760 2617 1023 2687 Exodum,
1068 2617 1387 2684 Levitieum,
1434 2616 1696 2673 Numeros
1735 2623 1793 2672 et
1833 2616 2165 2673 Deuterono-

590 2709 756 2765 mium
789 2725 804 2763 :
834 2705 915 2779 (a)
940 2708 1037 2766 sed
1064 2706 1311 2763 undecim
1333 2720 1545 2776 quoque
1572 2705 1835 2771 Psalmos,
1858 2705 1926 2763 ab
1946 2714 2166 2777 octoge-

588 2802 727 2859 simo
770 2813 913 2859 nono
931 2840 947 2865 ,
975 2798 1126 2875 cujus
1156 2798 1472 2871 principium
1500 2806 1583 2857 est
1612 2815 1625 2853 :
1657 2797 1893 2865 Domine,
1915 2799 2166 2872 refugium

589 2892 755 2962 factus
799 2908 851 2946 es
891 2891 1054 2963 nobis,
1087 2905 1255 2961 usque
1282 2890 1353 2947 ad
1379 2888 1782 2961 nonagesimum
1822 2903 2044 2956 nonum,
2074 2889 2165 2959 qui

591 2982 921 3049 inscribitur,
970 2981 1213 3036 Psalmus
1242 2983 1297 3036 in
1333 2983 1667 3053 confessione.
1698 2981 1851 3050 Quod
1892 2992 2070 3038 autem
2110 2983 2166 3038 in

594 3074 860 3145 plerisque
888 3073 1162 3131 codicibus
1202 3073 1577 3143 nonagesimum
1606 3081 1829 3131 octavus
1854 3072 2014 3131 habet
2042 3074 2166 3131 titu-

592 3167 725 3232 lum,
756 3166 996 3222 Psatmus
1019 3166 1206 3231 Dauid,
1231 3167 1285 3222 in
1309 3166 1575 3223 Hebraico
1601 3181 1708 3222 non
1734 3166 1999 3233 habetur;
2028 3167 2166 3224 bane

587 3257 820 3315 habento
854 3257 1131 3327 Scriptura
1156 3267 1340 3315 sancta
1369 3258 1840 3326 consuetudinem,
1869 3267 1929 3314 ut
1954 3257 2029 3331 (ὁ)
2049 3274 2166 3316 om-

589 3365 686 3408 nes
716 3349 913 3407 Ριξιωὶ
936 3350 1031 3421 qui
1049 3350 1202 3420 cujus
1223 3351 1351 3417 sint,
1381 3351 1565 3408 titulos
1593 3366 1701 3406 non
1721 3350 1940 3417 habent,
1965 3351 2048 3407 his
2067 3350 2166 3408 de-

585 3451 862 3512 putentur,
889 3457 1123 3512 quorum
1147 3444 1205 3498 iu
1225 3443 1495 3512 prioribus
1512 3444 1741 3500 Psalmis
1758 3444 1975 3501 nomina
1993 3444 2164 3501 couti-

589 3542 806 3591 uentu.

658 3630 713 3689 5.
743 3626 984 3697 Quatuor
1000 3626 1403 3683 autem'Psslmi
1423 3636 1548 3683 sunt
1570 3627 1665 3698 qui
1686 3627 1887 3683 habent
1904 3628 2165 3686 orationis

587 3722 823 3788 tholum,
842 3726 1027 3777 εειιαι
1042 3718 1398 3788 decimum
1418 3717 1747 3786 inscribitur,
1767 3716 1948 3774 Oratio
1971 3718 2162 3787 David,

585 3823 635 3869 et
660 3813 846 3883 incipit
869 3830 883 3868 :
910 3810 1138 3882 Exaudi,
1169 3810 1407 3880 Domine,
1424 3811 1678 3881 justitiam
1708 3827 1894 3866 meum.
1924 3811 1994 3867 Et
2008 3821 2162 3869 octo—

586 3905 826 3976 gesimus
861 3903 1080 3975 quintus
1116 3920 1130 3958 :
1168 3901 1393 3969 Inclinat,
1416 3899 1654 3957 Domino.
1702 3901 1771 3957 Et
1806 3903 2166 3974 octogesimus

586 4008 783 4062 nonus,
807 3993 898 4065 qui
944 4007 1087 4052 nunc
1119 3993 1177 4049 in
1219 3993 1464 4049 manibus
1502 4002 1585 4048 est
1610 4010 1627 4048 :
1651 3992 1889 4058 Domine,
1911 3995 2164 4066 refugiunt

588 4089 760 4155 fusuro
794 4099 854 4139 ss
889 4085 1055 4139 nobis.
1084 4083 1153 4137 Et
1191 4084 1515 4140 centesimus
1558 4083 1781 4152 primus,
1813 4085 1907 4155 qui
1953 4084 2165 4142 titulum

586 4175 770 4245 δύα,
804 4170 983 4233 Oratio
1012 4175 1251 4245 pauperis
1297 4189 1414 4228 cum
1454 4174 1640 4229 anxius
1666 4177 1843 4245 fuerit,
1874 4185 1925 4231 et
1968 4176 2023 4230 in
2050 4191 2166 4231 con-

653 4398 729 4470 (α)
756 4395 996 4470 Dissentit
1112 4396 1410 4470 Augustinus
1431 4403 1656 4470 renarrat.
1691 4398 1759 4470 in“

584 4456 745 4524 magis
964 4456 1248 4528 mirer-sum
1280 4456 1570 4505 Psalterium
1589 4457 1765 4506 stidi
1788 4460 1968 4519 tribui;
1990 4459 2080 4510 sed
2101 4461 2167 4510 de

587 4521 679 4573 hoc
700 4527 784 4592 ρρι
813 4583 826 4592 .
867 4532 998 4592 eum
1032 4524 1332 4592 οοιρεθειεηο
1367 4529 1514 4592 μορρι
1546 4534 1571 4564 ι
1589 4516 2028 4592 tutamentum
2052 4528 2163 4582 est.

588 4577 762 4647 inquit,
784 4583 847 4632 ab
870 4582 976 4647 ipso
998 4577 1190 4647 omnino
1225 4579 1398 4647 Moyse
1427 4577 1575 4647 istum
1609 4577 1852 4627 Psalmum
1876 4580 2025 4647 fuisse
2048 4577 2164 4647 eoin;

861 4638 946 4705 q'ui
969 4641 1081 4707 uitis
1104 4641 1212 4704 ejus
1248 4638 1429 4707 litteris
1448 4639 1788 4707 _ind_itus_non_
1798 4648 1887 4699 est,
1917 4643 1964 4707 in
1986 4642 2166 4707 quibus

588 4700 699 4768 Μ
716 4700 907 4758 Cantica
924 4706 1104 4768 scripta
1123 4700 1249 4768 sunt
1258 4716 1273 4761 ;
1296 4701 1386 4768 sed
1416 4700 1992 4768 alicujugsiguiﬁcamnis
2004 4700 2164 4764 gratia

586 4761 642 4828 ac
664 4768 824 4828 magni
866 4761 1175 4828 meriti'servi
1215 4764 1311 4828 Dei
1334 4761 1954 4828 nomen_'adltibitum__est,
1980 4761 2044 4812 ei
2067 4778 2165 4827 quo

584 4814 1132 4898 dirigeieturlegemis,
1157 4825 1241 4898 vel
1258 4824 1749 4898 audieritisintg‘nti'o.
1770 4838 1792 4868 ι
1815 4814 2166 4898 Ηὶςςὸηηνὲώ

584 4882 769 4950 iterum
799 4900 866 4938 ex
888 4882 1590 4950 Origenis'seutentiaeontra
1608 4882 1851 4950 Bullinum
1881 4884 2131 4950 disputans
2148 4923 2162 4950 ,

585 4949 737 5020 Moysi
769 4950 949 5020 tribuit
967 4944 1250 5020 “secundum,
1278 4946 1429 5020 Ηιιὶιέὶ
1458 4945 1654 5020 _(verius
1686 4945 1827 5020 Julii)
1865 4944 2166 5020 Pgtiiarctue

588 5006 781 5074 {Iebrwi
810 5007 1167 5074 expositionem.
1201 5006 1347 5060 Hunc
1378 5006 1657 5074 {admorunt
1698 5006 2011 5070 [iatriarcham
2048 5009 2166 5074 alibi

585 5070 833 5135 Origenes
848 5068 1104 5135 memorat,
1126 5083 1283 5135 seque
1308 5070 1451 5135 tradit
1460 5084 1575 5135 cum
1595 5068 1679 5118 illo
1690 5068 2166 5135 _congressum._Ejus

584 5129 729 5195 porro
752 5130 911 5184 locum
945 5132 1074 5182 hunc
1089 5129 1273 5195 recole,
1292 5132 1597 5195 subripitlum
1617 5129 1913 5195 selectarum
1945 5130 1998 5179 in
2031 5129 2165 5195 Psal-

586 5190 692 5256 inos
714 5202 830 5246 tom;
854 5206 1057 5256 cperam
1078 5193 1127 5241 2.
1153 5207 1201 5255 p.
1227 5192 1334 5256 514.
1355 5192 1593 5256 videndus
1612 5190 1826 5256 Joannes
1837 5204 2044 5256 quoque
2066 5193 2165 5243 Ma-

584 5255 695 5325 lala,
714 5257 798 5325 qui
822 5252 1208 5325 inter
1229 5254 1406 5317 Moysis
1430 5253 1588 5325 la_udat
1625 5266 1735 5325 pag.
1761 5252 1880 5325 295.—
1896 5259 1950 5325 εει
1964 5252 2166 5325 ᾮοεωθε

586 5311 926 5378 Indepleustes
962 5311 1135 5378 libIY.
1172 5311 1517 5378 Cosm'ograph.
1550 5311 1639 5378 qui
1665 5311 1771 5374 ejus
1801 5311 1979 5378 Psalmi
2004 5324 2164 5378 aucto-

584 5388 696 5440 rem
707 5374 812 5440 non
829 5377 1028 5440 Moysen
1043 5376 1179 5427 illum
1198 5374 1420 5440 veterem
1436 5374 2165 5440 LegiSlatorem,sedjutiiorem

939 5446 1078 5502 putat.
1098 5439 1316 5500 ejusdem
1338 5435 1574 5499 nominis,
1599 5437 1684 5499 qui
1718 5435 2167 5500 Davidis’tempori-

618 5510 675 5546 us
693 5510 889 5549 leel‘ll.

646 5556 718 5619 (ὁ)
751 5557 925 5621 Confer
948 5558 1277 5621 pretationem
1301 5558 1764 5621 Commentariorum
1786 5559 1837 5608 in
1859 5557 2161 5621 Malachiam;

846 5620 1048 5689 5.006%?
1072 5621 1208 5689 sane?!
1247 5623 1544 5689 ξθιιιξιὶρνθε
1562 5620 1939 5689 Patre-serium.
1965 5620 2165 5689 probate

584 5673 1097 5754 sese.
1110 5673 1338 5754 suam.
1370 5682 1660 5754 maio.
1703 5673 1938 5746 usque:
1965 5673 2169 5737 ῖαωοιει

581 5734 892 5791 recentiores
910 5734 1106 5792 cuidam
1123 5734 1433 5795 dissentiant.

1893 304 2132 364 SANCTI
2170 299 2545 358 HIERONYMI

2176 5757 2198 5764 υ·-

1950 5846 1961 5853 μ

3746 305 3876 362 1168

2272 429 2441 492 specta
2471 419 2675 475 Domini
2694 418 2927 487 effuderit
2949 436 3140 492 precem
3162 436 3330 475 suam.
3364 420 3546 475 David
3569 428 3628 476 et
3652 435 3871 493 pauper,

2271 511 2361 582 qui
2389 527 2509 567 cum
2535 511 2683 566 dives
2707 520 2869 580 esset,
2900 528 2996 582 pro
3022 513 3173 568 nobis
3203 528 3414 584 pauper
3440 511 3633 568 factus
3658 522 3767 578 est,
3794 530 3877 571 re-

2272 602 2441 663 fertur
2482 603 2548 658 ad
2571 603 2865 671 Christum,
2896 605 2984 676 qui
3024 605 3161 662 sedit
3205 621 3369 677 super
3399 605 3619 676 pullum
3665 606 3829 661 asina
3852 650 3871 676 ,

2265 694 2414 767 juxta
2443 694 2753 756 Zachariam
2777 696 2927 766 (Cap.
2946 697 3063 751 9.1:.
3087 697 3168 768 9),
3194 712 3399 767 pauper
3418 706 3593 767 atque
3620 700 3870 753 mansne.

2271 793 2372 839 tus.
2402 784 2611 859 Moyses
2642 794 2819 841 autem
2848 802 2948 857 per
2986 802 3142 857 quem
3180 786 3440 841 Dominus
3469 788 3659 859 legem
3689 787 3867 853 dedit,

2269 876 2422 947 cujus
2470 892 2565 931 ore
2613 877 2912 933 audivimus
2960 878 3270 949 loquentem
3320 879 3489 934 Deum
3539 897 3555 933 :
3595 879 3872 934 Faciamus

2271 968 2523 1025 hominem
2568 970 2637 1023 ad
2661 971 2931 1040 imaginem
2956 981 3005 1024 et
3035 972 3416 1027 similitudinem
3450 982 3697 1029 nostram

2272 1059 2322 1113 1.
2352 1060 2444 1130 26)
2481 1080 2490 1113 τ
2527 1062 2807 1132 statimque
2848 1054 3075 1117 infertur
3103 1082 3116 1116 :
3145 1062 3220 1136 (c)
3249 1062 3319 1117 Et
3350 1063 3470 1133 fecit
3510 1065 3668 1119 Deus
3719 1065 3866 1121 laod-

2269 1169 2383 1205 nem
2408 1152 2475 1205 ad
2514 1154 2785 1223 inmginem
2806 1170 2970 1222 suam,
3001 1154 3071 1208 ad
3098 1154 3367 1226 imaginem
3393 1152 3492 1210 Dei
3518 1157 3650 1228 fecit
3682 1156 3823 1211 illum
3844 1175 3863 1212 :

2270 1246 2550 1299 masculum
2576 1254 2623 1299 et
2648 1247 2886 1316 feutinam
2918 1245 3033 1316 fecit
3073 1245 3219 1312 illos,
3252 1245 3321 1300 ab
3348 1245 3507 1304 initio
3534 1248 3863 1304 conditionis

2271 1337 2503 1393 hominis
2542 1336 2800 1408 usquead
2853 1347 3077 1393 mortem
3105 1344 3160 1391 et
3185 1337 3648 1393 resurrectionem
3693 1342 3861 1394 omnia

2269 1430 2519 1500 explicat,
2552 1429 2723 1500 qualis
2768 1437 2979 1485 creatus
3008 1429 3097 1494 sit,
3135 1437 3335 1500 quanto
3381 1430 3528 1486 vivat
3574 1439 3861 1504 tempore,

2269 1522 2394 1594 quid
2416 1531 2538 1595 agat
2561 1522 2615 1576 in
2641 1521 2862 1587 saeculo,
2888 1536 3047 1592 quem
3070 1520 3297 1577 fructum
3330 1522 3458 1577 vitae
3483 1522 3713 1592 habeat,
3738 1542 3860 1595 pro-

2269 1623 2388 1685 pter
2413 1613 2539 1684 quid
2587 1613 2812 1680 laboret,
2859 1626 2966 1683 quo
2993 1614 3071 1668 ire
3113 1612 3422 1668 contendat.
3475 1612 3549 1669 Et
3597 1617 3854 1686 quoniam

2268 1707 2382 1776 ipse
2412 1706 2502 1777 qui
2543 1705 2659 1762 haec
2684 1705 2869 1760 scribit
2909 1703 3073 1761 homo
3115 1714 3215 1771 est,
3248 1705 3347 1761 sub
3375 1722 3615 1777 persona
3663 1724 3764 1764 sua
3798 1710 3860 1767 de

2267 1799 2411 1852 omni
2443 1797 2656 1868 generis
2698 1795 2918 1851 humani
2963 1795 3267 1851 conditione
3313 1802 3561 1852 testatur.
3595 1797 3741 1854 Sunt
3766 1815 3857 1856 au-

2269 1898 2374 1945 tem
2416 1889 2507 1960 qui
2546 1887 2690 1943 hunc
2769 1886 2974 1961 1051
3051 1885 3343 1953 Psalmum,
3374 1887 3489 1944 sive
3514 1887 3849 1956 Orationem,

2267 1980 2332 2037 ad
2361 1978 2707 2034 Israeliticum
2755 1978 3006 2049 populum
3033 1976 3273 2033 referant
3304 1995 3317 2033 :
3347 1979 3628 2048 quomodo
3650 1979 3707 2036 in
3738 1983 3855 2037 soli-

2270 2068 2452 2125 tudine
2485 2066 2767 2125 offenderit
2792 2068 2956 2139 Deum
2986 2079 3145 2138 atque
3172 2069 3490 2135 conciderit,
3518 2078 3582 2126 et
3608 2087 3723 2128 non
3749 2088 3853 2129 me-

2266 2161 2436 2215 ruerit
2464 2170 2657 2215 terram
2690 2159 3058 2229 promissionis
3106 2159 3341 2227 intrare;
3388 2175 3593 2233 proque
3619 2166 3853 2233 patribus

2268 2252 2492 2324 ingressi
2530 2238 2653 2307 sunt
2692 2250 2784 2306 filii
2810 2294 2826 2320 ,
2868 2259 2923 2306 et
2960 2265 3177 2308 rursum
3225 2253 3491 2323 placatum
3539 2265 3855 2328 exspectent

2268 2345 2459 2411 Deum,
2488 2344 2627 2417 quod
2656 2345 2706 2399 in
2734 2343 2930 2399 Christi
2961 2346 3293 2415 compleatur
3317 2346 3573 2403 adventu.

2338 2437 2391 2492 4.
2427 2436 2604 2491 Oratio
2623 2436 2747 2508 quid
2768 2436 2820 2491 in
2848 2435 3148 2508 Scripturis.
3172 2467 3243 2478 —
3267 2436 3473 2506 Oratio,
3495 2439 3653 2510 juxta
3670 2442 3853 2498 Gram-

2268 2530 2513 2595 maticos,
2547 2528 2723 2583 omnis
2749 2542 2927 2585 sermo
2971 2527 3299 2600 loquentium
3330 2539 3432 2597 est,
3464 2531 3624 2601 cujus
3652 2543 3853 2605 etymo-

2265 2619 2460 2690 logiam
2493 2620 2571 2675 sic
2605 2621 2950 2691 exprimunt;
2977 2620 3155 2676 Oratio
3184 2631 3257 2678 est
3306 2624 3410 2677 oris
3434 2626 3590 2680 ratio.
3625 2627 3683 2682 In
3710 2628 3850 2684 Scri-

2267 2711 2439 2785 pturis
2466 2720 2645 2768 autem
2685 2712 2919 2781 Sanctis,
2950 2711 3170 2768 difﬁcile
3196 2712 3505 2770 Orationem
3532 2719 3689 2786 juxta
3719 2718 3851 2777 hunc

2267 2816 2482 2858 sensum
2513 2802 2772 2873 legimus;
2805 2802 2899 2858 sed
2926 2818 3043 2859 eam
3070 2820 3190 2874 quae
3211 2805 3279 2861 ad
3309 2820 3500 2877 preces
3522 2817 3581 2864 et
3606 2811 3851 2869 obsecra-

2266 2895 2439 2950 tiones
2473 2896 2719 2968 pertinet.
2752 2895 2915 2950 Aiuut
2943 2895 3150 2951 Hebraei
3178 2912 3287 2953 uno
3330 2899 3677 2958 Psalmorum
3705 2905 3851 2960 volu-

2266 2986 2412 3042 mine
2438 2985 2519 3058 (d)
2548 2986 2783 3060 quinque
2806 2985 2977 3043 libros
3002 2988 3266 3045 contineri
3290 3004 3305 3055 ;
3334 3004 3367 3045 a
3385 2991 3566 3060 primo
3589 3008 3760 3065 usque
3782 2995 3848 3051 ad

2266 3078 2730 3149 quadragesimum
2756 3094 2773 3144 ;
2804 3087 2859 3133 et
2881 3092 2912 3132 a
2939 3077 3347 3149 quadragesimo
3376 3082 3557 3151 primo
3583 3099 3751 3155 usque
3782 3086 3848 3141 ad

2267 3169 2717 3239 septuagesimum
2747 3169 2978 3238 primum
3006 3178 3103 3235 ;et
3123 3183 3157 3223 δ
3180 3173 3581 3242 septuagesimo
3609 3177 3847 3231 secundo

2267 3274 2435 3330 usque
2474 3258 2540 3316 ad
2569 3260 2954 3331 octogesimum
2998 3266 3283 3326 octavum;
3313 3270 3369 3317 et
3410 3262 3479 3318 ab
3521 3266 3851 3335 octogesimo

2266 3367 2411 3409 nono
2439 3353 2527 3423 qui
2551 3352 2727 3422 quarti
2768 3353 2888 3409 libri
2928 3352 3139 3409 initium
3169 3362 3272 3420 est,
3301 3363 3356 3411 et
3383 3370 3545 3427 quem
3574 3372 3717 3414 nunc
3739 3358 3851 3417 dis-

2266 3444 2530 3512 serimus,
2559 3457 2725 3514 usque
2766 3443 2833 3499 ad
2860 3444 3211 3500 centesimum
3239 3446 3504 3516 quintum.
3535 3447 3592 3502 In
3618 3463 3849 3518 quorum

2266 3536 2505 3592 omnium
2535 3535 2639 3589 fine
2665 3534 2861 3603 duplex
2891 3551 3033 3590 Atreu
3060 3537 3291 3606 positum
3317 3547 3423 3605 est,
3448 3539 3597 3609 quod
3620 3538 3846 3611 Septua-

2266 3630 2410 3702 ginta
2437 3629 2782 3692 transferunt,
2812 3629 2926 3698 ﬁat,
2953 3630 3045 3698 fiat
3068 3644 3089 3685 :
3113 3637 3225 3686 ets
3249 3631 3549 3688 eerntesimo
3576 3643 3733 3690 serto
3763 3649 3850 3691 us-

2264 3736 2374 3793 que
2399 3719 2469 3776 ad
2500 3717 2684 3776 ﬁnem.
2715 3718 2886 3775 lnstar
2924 3718 3206 3777 duodecim
3235 3720 3655 3792 Prophetarum,
3684 3725 3772 3795 qui
3795 3735 3850 3781 et

2267 3813 2371 3885 ipsi
2395 3827 2521 3869 eum
2546 3812 2791 3882 proprios
2808 3812 2977 3868 libros
3004 3811 3100 3884 [δι.
3128 3811 3348 3884 ﬁbulas]
3372 3811 3671 3881 ediderint,
3694 3815 3847 3871 unius

2266 3904 2557 3962 uoluminis
2571 3904 2790 3963 nomine
2802 3905 3169 3960 continentur.
3189 3902 3325 3960 Illud
3344 3913 3525 3961 autem
3545 3905 3690 3976 quod
3716 3920 3849 3977 peste

2266 3997 2536 4069 praeterii,
2568 4010 2817 4053 asserens
2865 3996 3006 4053 inter
3052 3995 3299 4052 undecim
3341 3996 3516 4068 Moysi
3560 3997 3805 4054 Psalmos
3829 4039 3848 4066 ,

2267 4088 2428 4145 etiam
2457 4086 2864 4157 nonagesimum
2908 4094 3156 4141 octavum
3202 4100 3354 4155 esse,
3387 4087 3441 4142 in
3470 4103 3580 4159 quo
3617 4089 3849 4158 positum

2264 4187 2350 4234 est
2377 4196 2393 4232 :
2422 4177 2658 4232 Exaltate
2671 4175 2948 4232 Dominum
2971 4176 3140 4232 Deum
3158 4186 3413 4246 nostrum,
3432 4190 3482 4234 et
3500 4179 3711 4234 ederae
3732 4195 3850 4236 sca-

2266 4266 2452 4325 bellum
2475 4269 2660 4340 pedum
2698 4269 2842 4340 ejus,
2873 4268 3115 4340 quoniam
3137 4279 3371 4325 sanctam
3393 4276 3465 4325 est
3504 4285 3527 4323 :
3563 4269 3776 4342 Hogses
3803 4282 3853 4325 et

2266 4358 2440 4413 Aaron
2465 4360 2521 4413 in
2555 4358 2897 4414 sacerdotibus
2925 4360 3056 4429 ejus,
3086 4369 3133 4414 et
3163 4357 3378 4415 Samuel
3397 4362 3453 4415 in
3488 4359 3563 4416 sis
3582 4361 3671 4431 qui
3700 4360 3851 4417 inso-

2267 4458 2386 4508 cant
2404 4466 2586 4507 nomen
2607 4452 2783 4515 illius;
2806 4451 3020 4508 videtur
3039 4459 3240 4508 nostrae
3257 4452 3536 4509 sententia:
3546 4455 3849 4517 contraire;

2266 4544 2534 4616 quomodo
2573 4545 2742 4616 Moysi
2786 4545 2878 4613 sit,
2923 4546 3017 4616 qui
3059 4544 3365 4602 Samuelem
3392 4546 3658 4612 nuntiem,
3690 4560 3852 4616 quem

2267 4637 2433 4695 multa
2473 4644 2592 4705 post
2619 4643 2859 4705 tempora
2898 4632 3068 4692 fuisse
3092 4636 3481 4707 cognoscimus.
3510 4634 3682 4706 Cujus
3705 4649 3856 4708 quae-

2266 4725 2459 4781 stionis
2480 4725 2650 4780 facilis
2668 4724 2866 4780 solutio
2884 4732 2998 4789 est;
3025 4724 3101 4797 (ε)
3124 4725 3487 4797 prophetatum
3502 4737 3710 4779 nomen
3727 4738 3859 4781 esse

2328 4946 2400 5009 (ο)
2432 4943 2813 5009 Βθςξειιιῌριιά
2849 4942 3068 5009 tiamn-
3107 4944 3261 5009 retba
3298 4938 3659 5009 ad
3678 4951 3858 5009 sum,

2266 5001 2596 5075 quic'Aeraliis
2619 5001 2766 5058 editis
2789 5017 2845 5056 ac
2866 5002 2981 5057 Mss.
3008 5006 3329 5055 restituimus.
3356 5001 3450 5053 Alii
3483 5001 3649 5053 tamen
3672 5002 3858 5054 creati

2265 5074 2744 5240 9mitgwfcti)nl'erenda
2768 5136 2846 5178 est
2879 5124 3097 5200 praefatio
3136 5128 3184 5176 in
3222 5125 3423 5175 Librum
3448 5125 3759 5201 lfsalmorum
3791 5139 3857 5176 ex

2265 5191 2344 5240 He
2380 5204 2505 5240 ralca
2528 5190 2736 5239 veritate
2754 5190 2812 5237 ad
2836 5189 3175 5240 Souhronmm.
3200 5188 3327 5237 Item
3346 5188 3399 5237 S.
3426 5186 3646 5237 Hilarius
3663 5200 3714 5237 ru
3734 5188 3857 5237 Pro-

2263 5186 2505 5242 Hebraica
2528 5190 2736 5239 veritate
2754 5190 2812 5237 ad
2836 5186 3175 5242 Sdphronium.
3200 5188 3327 5237 Item
3346 5188 3399 5237 S.
3426 5186 3646 5237 Hilarius
3663 5191 3714 5237 in
3734 5188 3858 5237 Pro-

2264 5253 2397 5315 logo,
2423 5257 2475 5315 et
2496 5252 2796 5312 Augustinus
2807 5251 2867 5315 in
2888 5247 3066 5315 ﬁssum.
3093 5249 3199 5299 150.
3238 5256 3290 5299 ut
3327 5247 3640 5315 plures‘alios
3662 5252 3858 5315 omittat

2266 5309 2397 5375 mus.
2430 5309 2693 5375 Hincjoto
2730 5309 2855 5375 calo
2893 5312 3125 5360 aberrare
3159 5309 3347 5375 constat
3383 5310 3753 5375 Cassiodorum,
3780 5313 3859 5375 qui

2266 5374 2459 5425 Prmt’at.
2485 5375 2536 5423 in
2560 5371 2866 5433 Psalterium,
2890 5384 2996 5421 cum
3021 5384 3169 5420 unum
3200 5372 3504 5433 Psalmorum
3545 5370 3726 5433 librum
3740 5370 3859 5422 esse

2266 5436 2481 5497 deﬁniat,
2518 5434 2806 5483 divisionem
2845 5432 3005 5498 tatnen
3032 5435 3085 5481 in
3117 5434 3341 5498 quinque
3375 5432 3526 5482 libros
3560 5432 3860 5498 Hieronymo

2268 5494 2475 5557 tribuit,
2500 5509 2644 5558 quam
2679 5508 2824 5558 nemo
2864 5495 3015 5557 magis
3054 5494 3264 5558 respuit.
3307 5494 3556 5558 Czpterum
3597 5507 3697 5547 non
3736 5494 3860 5558 inter

2266 5554 2502 5621 Hebraeus
2518 5554 2682 5617 modo,
2700 5556 2789 5606 sed
2812 5554 2963 5606 etiam
2980 5554 3324 5621 intergrzecos
3346 5554 3517 5621 mere,
3535 5557 3720 5621 quibus
3742 5557 3860 5606 divi-

2271 5593 2789 5729 Ξῖὅῖῑὲινιῖπῖιῖἕνῖιῖιῖἷ
2799 5593 3096 5679 arranius
3114 5593 3843 5683 ﬁsiifériéo‘ij'iho‘ti'wm
3742 5593 3790 5606 “”’
3801 5593 3813 5606 ’
3825 5593 3859 5667 ⁸.

2272 5694 2396 5733 anne
2434 5690 2557 5731 atur.

2303 5695 2759 5810 pgiliiiremndem
2778 5740 2884 5792 fere
2897 5736 3087 5787 modum
3112 5738 3379 5802 olrjectioni
3397 5744 3672 5809 respondet
3693 5741 3749 5796 ε,
3774 5740 3863 5796 m-

3934 364 3975 991 Χ

3963 1292 3976 1861 l

3968 1948 3976 2323 ἑ
