3986 6184
142 291 280 348 1175

208 405 263 460 9.
311 402 623 458 Percutiente
667 405 714 455 te
757 414 861 466 eos,
889 398 1138 455 somnium
1180 405 1347 462 erunt,
1385 412 1531 450 mane
1563 400 1710 467 quasi

135 501 290 554 herba
317 500 578 553 transiens.
603 495 755 549 Mane
780 495 955 564 ﬂoruit
977 502 1024 547 et
1051 493 1190 557 abiit,
1216 493 1285 545 ad
1304 507 1557 566 vesperam
1583 508 1708 547 con-

136 602 320 646 teretur
346 601 495 658 atque
517 588 803 642 siccabitur.
834 586 1174 656 Septuaginta
1205 602 1218 639 :
1251 584 1378 651 Qua:
1418 601 1510 654 pro
1549 585 1709 640 nihilo

138 682 395 745 habentur,
419 697 590 735 eorum
613 679 734 733 anni
757 687 899 733 erunt
923 695 940 733 :
965 678 1118 732 Mane
1135 679 1264 732 sicut
1289 678 1442 731 herba
1463 685 1705 745 transeat,

135 790 280 828 mane
320 774 500 841 ﬂoreat
541 780 588 825 et
630 779 880 835 transeat,
921 786 1120 839 vespere
1157 770 1375 837 decidat,
1406 769 1627 832 induret,
1659 777 1709 822 et

136 873 343 919 arescat.
370 863 530 918 Juxta
561 861 875 917 llebraicum
907 860 993 914 hic
1016 875 1206 915 sensus
1226 871 1308 915 est
1335 877 1347 912 :
1380 860 1598 914 Multum
1631 859 1707 931 (a)

135 954 466 1011 conversioni
501 963 697 1008 nostrae
719 952 943 1008 contulit
966 960 1020 1006 et
1047 953 1239 1018 saluti,
1305 951 1509 1022 1057
1565 951 1706 1022 quod

136 1047 307 1101 omnis
355 1045 460 1100 vita
503 1045 805 1100 mortalium
831 1086 846 1111 ,
893 1044 1044 1114 quasi
1097 1043 1382 1108 somnium,
1424 1045 1492 1096 ita
1534 1043 1703 1097 veloci

135 1147 302 1192 morte
341 1146 610 1192 contracta
653 1144 734 1190 est
767 1153 779 1189 :
808 1150 924 1205 qua:
967 1136 1021 1189 in
1064 1133 1462 1188 similitudinem
1515 1133 1705 1188 ﬂorum

133 1240 288 1300 atque
316 1230 464 1294 faeni,
499 1228 686 1284 eodem
720 1243 856 1298 pene
895 1236 1132 1296 tempore
1168 1228 1397 1282 siccatur
1424 1237 1585 1297 atque
1611 1228 1706 1282 de-

132 1323 286 1391 perit.
325 1321 645 1375 Percutiente
671 1329 736 1384 te,
766 1319 955 1390 inquit,
985 1335 1089 1385 eos,
1129 1318 1182 1373 id
1207 1328 1310 1385 est,
1338 1318 1620 1383 homines;
1653 1327 1707 1374 et

130 1416 222 1471 illo
265 1429 516 1470 sermone
559 1413 868 1482 completo:
903 1412 1104 1477 Stulte,
1153 1413 1247 1465 hac
1297 1423 1441 1465 nocte
1486 1420 1708 1480 repetent

129 1508 353 1560 animam
383 1515 518 1558 tuam
545 1520 575 1556 a
600 1513 646 1558 te
667 1521 685 1557 :
713 1519 827 1574 qua:
861 1513 1028 1557 autem
1061 1503 1362 1573 prazparasti
1387 1505 1532 1572 cujus
1562 1511 1707 1557 erunt

133 1597 279 1669 (Luc.
310 1596 398 1649 12.
429 1595 559 1665 20)?
587 1595 770 1649 Omnis
796 1594 1026 1648 humana
1057 1592 1292 1648 conditio
1318 1594 1525 1648 somnio
1554 1607 1706 1648 com-

130 1687 420 1759 parabitur.
450 1686 599 1741 Sicut
626 1686 768 1740 enim
796 1699 954 1739 mane
974 1685 1152 1739 virens
1183 1684 1366 1750 herba,
1391 1693 1444 1738 et
1472 1685 1582 1738 suis
1610 1685 1706 1738 ﬂo-

130 1782 273 1836 ribus
296 1793 550 1842 vernans,
573 1777 805 1832 delectat
831 1776 1014 1831 oculos
1037 1775 1509 1844 contemplandum
1528 1815 1544 1838 ,
1576 1789 1707 1844 pau-

131 1872 378 1941 latimque
407 1883 764 1933 marcescens,
811 1867 1004 1920 amittit
1045 1866 1516 1934 pulchritudinem,
1556 1874 1611 1919 et
1649 1866 1703 1920 in

131 1965 324 2018 foenum
370 1960 512 2030 quod
559 1956 941 2013 conterendum
979 1964 1091 2022 est,
1135 1956 1400 2010 vertitur:
1431 1957 1500 2010 ita
1528 1956 1706 2012 omnis

131 2053 332 2122 species
359 2051 635 2105 hominum
660 2055 848 2104 vernat
872 2047 929 2100 in
959 2047 1212 2117 parvulis,
1237 2047 1394 2103 ﬂoret
1419 2049 1469 2102 in
1496 2049 1708 2118 juveni-

130 2145 223 2199 bus
244 2187 259 2211 ,
294 2144 438 2214 viget
480 2141 534 2196 in
572 2141 823 2211 perfectae
849 2140 1020 2194 aetatis
1055 2140 1182 2194 viris
1212 2149 1306 2194 :et
1327 2147 1548 2208 repente
1575 2139 1705 2194 dum

130 2237 326 2300 nescit,
368 2233 661 2288 incanescit
703 2240 880 2301 caput,
911 2239 1130 2301 rugatur
1161 2229 1344 2296 facies,
1381 2232 1517 2286 cutis
1559 2233 1706 2300 prius

130 2336 338 2382 extenta
368 2323 739 2388 contrahitur;
772 2330 828 2376 et
854 2330 1096 2376 extremo
1135 2322 1258 2387 line,
1289 2321 1430 2391 quod
1460 2320 1546 2374 hic
1575 2321 1708 2376 dici-

131 2427 210 2471 tur
244 2430 490 2485 vespere,
533 2414 583 2468 id
632 2421 734 2478 est,
767 2422 1063 2478 senectute,
1104 2413 1191 2466 vix
1236 2412 1438 2467 moveri
1480 2419 1702 2482 potest:

131 2509 195 2566 ita
221 2519 279 2563 ut
303 2521 410 2562 non
439 2514 792 2575 cognoscatur
818 2504 936 2572 quis
971 2503 1120 2572 prior
1145 2502 1335 2570 fuerit,
1365 2503 1457 2557 sed
1487 2518 1623 2572 pene
1651 2503 1703 2557 in

131 2601 283 2654 alium
314 2605 690 2653 commutetur.
731 2595 868 2661 Quid
913 2595 1179 2664 loquimur
1201 2593 1270 2649 de
1297 2593 1533 2649 iniantim
1566 2603 1703 2649 tem-

133 2693 342 2764 poribus
368 2705 542 2760 usque
563 2689 626 2742 ad
659 2695 953 2743 extremam
990 2696 1044 2740 et
1084 2685 1410 2754 decrepitam
1453 2694 1704 2740 senectu-

133 2798 256 2850 tem,
281 2799 404 2839 cum
433 2783 535 2836 hoc
563 2789 617 2836 et
645 2780 868 2850 languor
889 2778 1070 2844 faciat,
1103 2787 1157 2833 et
1186 2777 1374 2832 inediae
1398 2791 1617 2844 maeror,
1647 2786 1706 2832 ut

131 2875 300 2929 vultus
345 2874 493 2944 prius
537 2871 931 2941 pulcherrimus
973 2868 1332 2933 feminarum,
1387 2867 1453 2922 ad
1505 2876 1704 2922 tantam

133 2971 362 3020 transeat
404 2963 719 3027 tasditatem,
761 2969 820 3017 ut
856 2975 1009 3015 amor
1048 2961 1102 3014 in
1141 2959 1262 3014 odia
1304 2959 1705 3015 commutetur?

130 3054 296 3126 Super
335 3054 437 3108 hac
473 3052 778 3108 conditione
802 3052 1108 3106 mortalium
1149 3060 1203 3106 et
1242 3049 1405 3105 Isaias
1429 3051 1700 3120 loquitur:

133 3145 306 3200 Omnis
335 3161 456 3200 caro
482 3148 690 3216 faenum,
721 3154 767 3198 et
796 3145 958 3198 omnis
983 3143 1148 3213 gloria
1176 3144 1286 3213 ejus
1311 3146 1456 3214 quasi
1483 3146 1578 3214 ﬂos
1607 3147 1700 3215 fae-

129 3240 197 3292 ni.
229 3237 450 3292 Faenum
476 3236 646 3302 aruit,
672 3237 769 3306 ﬂos
797 3235 981 3288 decidit
1010 3233 1162 3303 (Isai.
1189 3235 1280 3289 40.
1307 3234 1383 3303 6).
1419 3234 1576 3288 Juxta
1606 3235 1705 3289 Se-

129 3330 395 3400 ptuaginta
445 3343 654 3399 quoque
697 3327 942 3381 similiter
984 3326 1359 3394 explicandum
1401 3335 1502 3380 est.
1534 3327 1704 3381 Omne

130 3421 263 3490 quod
293 3422 343 3474 in
373 3419 571 3475 saeculo
603 3419 816 3488 longum
841 3418 1070 3484 videtur,
1094 3418 1233 3486 apud
1259 3425 1328 3481 te,
1355 3418 1515 3484 Deus,
1543 3417 1704 3472 breve

131 3520 225 3564 est.
260 3512 382 3566 Dies
413 3513 556 3565 enim
582 3519 638 3565 et
662 3510 786 3564 anni
809 3509 1002 3580 quibus
1037 3509 1267 3562 humana
1295 3508 1402 3566 vita
1429 3518 1704 3564 contracta

131 3610 240 3668 est,
289 3605 333 3657 si
379 3611 756 3672 comparentur
806 3601 1127 3667 aeternitati,
1180 3601 1563 3670 reputabuntur
1607 3615 1704 3670 pro

133 3696 309 3750 nihilo.
336 3697 486 3752 Sicut
505 3696 647 3750 enim
675 3695 839 3750 herba
867 3709 1022 3749 mane
1043 3694 1230 3760 crevit,
1255 3695 1432 3748 ﬂoruit
1458 3702 1513 3747 et
1535 3694 1704 3748 sicca-

135 3795 230 3852 tur,
271 3789 337 3842 ad
375 3801 757 3857 vesperamque
796 3786 1088 3842 indurescit
1127 3793 1182 3840 et
1220 3784 1465 3854 deperit:
1499 3783 1569 3838 ita
1600 3784 1704 3838 erit

133 3881 296 3935 omnis
327 3879 600 3934 hominum
629 3877 992 3947 pulchritudo.

198 3971 280 4025 10.
318 3970 618 4025 Consumoti
647 3969 780 4020 enim
805 3984 976 4020 sumus
1001 3969 1055 4020 in
1082 3970 1253 4035 furore
1280 3975 1387 4030 tuo,
1415 3974 1460 4018 et
1487 3965 1539 4017 in
1564 3965 1704 4017 indi-

134 4066 363 4134 gnatione
393 4072 479 4114 tua
503 4059 785 4113 conturbati
805 4075 998 4116 sumus.
1029 4058 1373 4127 Septuaginta
1403 4074 1416 4109 :
1448 4056 1584 4122 Quia
1610 4056 1702 4109 de-

135 4157 332 4222 fecimus
356 4154 409 4206 in
435 4153 514 4205 ira
543 4161 650 4214 tua,
674 4160 720 4203 et
744 4151 796 4203 in
826 4150 998 4219 furore
1024 4159 1107 4202 tuo
1145 4149 1330 4203 turbati
1363 4165 1554 4202 sumus.
1601 4148 1705 4202 Pro

134 4257 191 4295 eo
218 4241 359 4313 quod
387 4256 486 4295 nos
511 4239 740 4294 diximus
761 4279 776 4305 ,
810 4238 994 4292 turbati
1018 4254 1212 4303 sumus,
1245 4237 1320 4308 (b)
1351 4237 1704 4308 Symmachus

136 4342 182 4386 ct
224 4332 413 4403 Aquila
465 4329 870 4394 transtulerunt,
919 4329 1328 4383 acceleravimus.
1379 4328 1702 4382 Brevitatem

137 4435 302 4482 autem
334 4425 456 4478 vitae
499 4421 762 4492 signiﬁcat
805 4421 1070 4475 humanae.
1117 4419 1375 4489 Quodque
1406 4419 1580 4474 intulit
1609 4436 1622 4471 :
1651 4420 1704 4472 in

140 4516 208 4567 ira
233 4525 318 4569 tua
343 4525 389 4569 et
413 4517 468 4569 in
491 4513 663 4583 furore
687 4520 770 4566 tuo
790 4552 805 4577 ,
829 4511 1108 4566 sententiae
1139 4511 1229 4565 Dei
1259 4510 1491 4565 ostendit
1520 4525 1703 4579 perse-

140 4609 440 4673 verantiam,
464 4607 551 4661 cui
580 4621 766 4662 omnes
791 4604 1037 4659 homines
1059 4604 1419 4674 subjacemus,
1449 4603 1526 4658 illi
1555 4603 1705 4658 vide-

147 4702 295 4755 licet:
376 4698 590 4771 1058
664 4697 818 4750 Terra
844 4712 896 4750 es
936 4707 982 4750 et
1007 4698 1060 4750 in
1087 4705 1276 4750 terram
1320 4696 1436 4749 ibis.
1474 4695 1703 4751 Pulchre

142 4801 326 4858 autem,
354 4809 462 4848 non
488 4802 545 4845 ut
577 4792 627 4844 in
645 4789 1000 4860 Septuaginta
1028 4788 1274 4852 habetur,
1302 4788 1486 4842 turbati
1504 4804 1701 4854 sumus,

141 4881 225 4936 sed
247 4883 393 4952 juxta
418 4882 762 4950 Hebraicum,
786 4880 1170 4934 acceleravimus
1193 4879 1419 4946 dicitur;
1447 4889 1504 4934 ut
1524 4896 1708 4950 quam-

140 4972 215 5026 vis
255 4986 382 5029 auas
420 4975 695 5028 hominum
736 4977 891 5041 longa
918 4969 1182 5035 videatur,
1215 4979 1392 5025 tamen
1419 4986 1702 5042 compara-

144 5062 278 5119 tione
301 5067 614 5121 aeternitatis
637 5063 814 5121 brevis
841 5063 931 5118 sit.
971 5061 1126 5128 Quod
1168 5070 1222 5116 et
1261 5062 1487 5118 illustris
1536 5057 1702 5120 Poeta

145 5160 374 5225 testatur,
403 5160 589 5214 dicens
619 5174 634 5208 ε

212 5246 310 5304 Sed
336 5252 459 5322 fugit
484 5252 694 5318 interea,
723 5248 852 5322 fugit
875 5237 1207 5318 irreparabile
1239 5256 1451 5316 tempus.

1048 5335 1302 5408 (Georgic.
1336 5337 1426 5391 lib.
1453 5335 1533 5406 5.)

226 5526 275 5592 ᾳ)
307 5524 444 5588 Apud
477 5530 696 5580 Martian.
737 5535 844 5578 erat
877 5525 1235 5586 conuersationi,
1278 5524 1422 5575 editis
1460 5525 1711 5592 plerisque

147 5595 200 5632 ac
223 5593 332 5635 Mss.
365 5593 699 5641 renitentibus.

207 5647 276 5715 ib)
308 5648 543 5715 Eusebius
567 5663 729 5701 tamen
765 5650 1034 5715 Symmachi
1069 5652 1345 5715 versionem
1367 5650 1543 5700 recitat
1565 5649 1636 5699 illi
1659 5676 1711 5715 τι,

149 5705 281 5759 LXX.
303 5713 506 5764 similem
529 5727 764 5777 ιταράχθημιν
786 5705 893 5763 Vid.
916 5711 1154 5775 Hexapla.

1505 281 1834 342 EPISTOLA
1871 283 2026 343 CXL.

3243 306 3381 365 1174

1811 401 1876 458 Et
1906 405 2183 462 iterum....

1881 497 2071 554 Rhoebe
2088 501 2176 555 diu
2203 515 2303 572 (res
2329 504 2376 559 si
2395 520 2493 575 qua
2521 503 2610 560 diu
2637 507 2932 562 mortalibus
2960 511 3070 566 ulla
3097 525 3196 586 est)

1890 588 2138 647 Viximus.
2727 599 2962 671 (.lEncid.
2987 603 3101 674 10.)

1880 683 1964 737 11.
1997 682 2223 739 Posuisti
2250 688 2536 758 iniquitates
2568 699 2766 744 nostras
2800 707 2972 746 coram
3002 702 3049 747 te
3081 709 3100 748 :
3125 699 3383 769 negligen-

1809 775 1905 828 tias
1940 785 2134 832 nostras
2168 779 2222 832 in
2261 780 2372 833 luce
2410 781 2576 835 vultus
2615 783 2706 838 tui.
2743 783 3085 855 Septuaginta
3117 804 3130 840 :
3157 786 3385 844 Posuisti

1807 865 2096 935 iniquitates
2132 880 2329 925 nostras
2367 873 2422 924 in
2459 882 2726 943 conspectu
2760 883 2867 942 tuo,
2893 877 3134 930 sarculum
3156 889 3384 934 nostrum

1809 958 1860 1011 in
1881 959 2248 1016 illuminatione
2273 963 2439 1018 vultus
2465 966 2557 1018 tui.
2601 964 2701 1021 Ubi
2742 981 2840 1022 nos
2875 969 3024 1036 juxta
3065 970 3383 1026 Hebraicum

1807 1057 1861 1105 et
1903 1051 2280 1122 Symmachum
2326 1058 2622 1126 posuimus,
2655 1061 2982 1130 negligentias
3022 1071 3244 1130 nostras,
3281 1078 3384 1133 pro

1808 1159 1913 1214 quo
1946 1145 2314 1217 Septuaginta,
2346 1151 2592 1204 steculum
2622 1161 2849 1206 nostrum
2885 1156 3294 1219 transtulerunt,
3325 1156 3379 1210 in

1809 1235 2068 1291 llebraico
2097 1240 2351 1308 scriptum
2381 1250 2463 1296 est
2500 1257 2776 1308 ALOIIENU,
2815 1244 2955 1313 quod
2991 1246 3172 1314 quinta
3202 1245 3381 1302 Editio

1810 1330 2207 1399 interpretatur,
2225 1334 2646 1400 adolescentiam;
2671 1337 2859 1406 Aquila
2881 1344 3180 1408 παροράσεις,
3200 1348 3254 1394 et
3283 1354 3382 1394 nos

1808 1420 1860 1475 in
1905 1421 2138 1492 linguam
2177 1434 2412 1478 nostram
2443 1433 2657 1481 vertere
2693 1442 2996 1497 possumus,
3026 1445 3239 1496 errores,
3269 1430 3383 1485 sive

1805 1513 2136 1582 ignorantias.
2160 1514 2315 1571 Unde
2341 1516 2474 1571 dixit
2501 1517 2556 1571 in
2578 1518 2681 1573 alio
2705 1518 2824 1574 loco
2848 1537 2858 1572 :
2885 1518 3085 1574 Delicta
3095 1522 3380 1592 juventutis

1806 1619 1948 1670 mete,
1979 1615 2026 1659 et
2050 1607 2361 1678 ignorantias
2380 1625 2515 1662 meas
2535 1625 2598 1662 ne
2625 1610 2905 1664 memineris
2931 1609 3046 1680 (Ps.
3071 1610 3162 1665 24.
3191 1611 3223 1664 7
3246 1611 3284 1680 ).
3312 1611 3382 1666 Et

1807 1695 1998 1749 iterum
2033 1718 2047 1753 :
2076 1696 2272 1752 Delicta
2315 1702 2427 1769 quis
2466 1700 2743 1770 intelligit?
2781 1701 2848 1755 Et
2879 1719 2892 1754 :
2925 1701 2999 1755 Ab
3021 1702 3233 1756 occultis
3259 1703 3383 1756 meis

1806 1789 1996 1839 munda‘
2021 1802 2097 1839 me
2120 1786 2334 1841 Domine
2359 1805 2378 1842 :
2407 1797 2453 1842 et
2477 1791 2539 1841 ab
2559 1789 2738 1842 alienis
2766 1806 2914 1859 parce
2932 1807 3072 1844 servo
3095 1800 3180 1844 tuo
3207 1791 3382 1862 (Psal.

1809 1876 1894 1930 18.
1926 1874 2038 1945 15).
2070 1877 2256 1932 Aliena
2289 1880 2430 1933 enim
2459 1880 2613 1934 nobis
2635 1890 2764 1934 sunt
2791 1881 2936 1944 vitia,
2964 1897 3083 1950 qua:
3109 1896 3254 1951 saepe
3283 1898 3382 1937 vo-

1805 1968 2028 2034 luntate,
2057 1968 2324 2025 interdum
2355 1970 2651 2040 ignorantia
2673 1981 2725 2026 et
2745 1986 2928 2027 errore
2957 1972 3382 2028 committimus:

1805 2070 1860 2116 et
1889 2069 2065 2114 tamen
2089 2077 2209 2116 cum
2250 2076 2359 2116 non
2398 2063 2468 2116 sit
2492 2063 2736 2116 voluntas
2779 2063 2831 2116 in
2865 2063 3109 2127 crimine,
3143 2079 3295 2119 error
3327 2065 3382 2119 in

1805 2152 1957 2221 culpa
1983 2160 2083 2206 est.
2108 2151 2270 2206 Miror
2298 2161 2473 2206 autem
2494 2167 2591 2207 cur
2617 2155 2956 2222 Septuaginta
2977 2157 3247 2210 voluerint
3281 2172 3380 2224 pro

1805 2242 2160 2307 adolescentia,
2191 2243 2524 2313 negligentiis,
2547 2251 2594 2297 et
2614 2244 2890 2310 erroribus,
2912 2245 3026 2300 sive
3046 2246 3385 2315 ignorationi-

1807 2334 1913 2398 bus,
1943 2335 2184 2388 sarculum
2209 2335 2388 2390 dicere
2420 2352 2432 2388 :
2469 2333 2539 2408 (c)
2572 2336 2675 2390 nisi
2717 2337 2888 2402 forte,
2927 2337 3068 2406 quod
3100 2339 3151 2392 in
3179 2339 3379 2394 saeculo
3414 2348 3422 2353 ‘

1806 2433 1858 2478 ct
1886 2425 1938 2477 in
1968 2425 2089 2478 vitae
2118 2425 2272 2494 hujus
2304 2435 2543 2494 tempore
2569 2428 2698 2481 vitia
2729 2430 3152 2484 committantur.
3193 2432 3378 2496 Quod-

1806 2532 1907 2586 que
1928 2516 2103 2571 intulit
2133 2534 2144 2571 :
2176 2518 2227 2571 in
2255 2517 2643 2585 illuminatioue,
2681 2521 2792 2574 sive
2831 2520 2882 2572 in
2930 2522 3042 2575 luce
3077 2523 3243 2577 vultus
3284 2523 3379 2590 tui,

1805 2607 1946 2663 hunc
1973 2607 2134 2669 habet
2153 2623 2390 2664 sensum.
2421 2609 2561 2664 Nihil
2595 2619 2645 2666 te
2672 2620 2974 2666 nostrorum
3006 2611 3159 2666 latuit
3189 2627 3384 2681 pecca-

1806 2707 1977 2751 torum
2013 2716 2024 2750 :
2057 2707 2262 2753 secreta
2295 2713 2504 2769 quoque
2536 2711 2716 2755 nostra
2744 2711 2863 2756 tuus
2890 2703 3076 2756 oculus
3103 2702 3333 2771 inspexit
3363 2721 3378 2758 :

1800 2790 1956 2859 juxta
1986 2791 2112 2845 illud
2138 2791 2278 2860 quod
2308 2793 2564 2860 scriptum
2592 2800 2676 2846 est
2705 2810 2718 2846 :
2751 2791 2988 2846 Tenebrce
3026 2809 3127 2864 non
3164 2795 3381 2847 abscon-

1804 2883 1984 2936 dentur
2012 2879 2117 2954 [al.
2146 2881 2576 2953 obscurabuntur]
2605 2899 2638 2935 a
2672 2891 2720 2936 te
2748 2881 2933 2954 (Psal.
2963 2883 3084 2937 158.
3115 2881 3244 2954 12
3292 2885 3376 2950 Et,

1805 2973 2052 3027 Scrutans
2078 2973 2232 3026 corda
2251 2983 2296 3027 et
2319 2990 2458 3027 renes
2479 2972 2611 3027 Deus
2641 2972 2808 3044 (Psal.
2831 2974 2883 3027 7.
2910 2973 3020 3044 10).
3051 2969 3122 3028 Et
3148 2975 3338 3028 iterum
3361 2994 3374 3030 :

1806 3064 1949 3118 Sicut
1985 3064 2196 3117 tenebra:
2227 3065 2354 3134 ejus,
2382 3065 2453 3117 ita
2478 3073 2524 3118 et
2550 3065 2719 3118 lunten
2745 3067 2850 3135 ejus
2878 3065 2897 3137 (
2921 3064 3063 3120 Psal.
3101 3065 3223 3121 158.
3251 3066 3377 3136 12).

1804 3155 1974 3210 Homo
2003 3157 2146 3210 enim
2171 3157 2316 3211 videt
2343 3157 2396 3211 in
2423 3158 2574 3223 facie,
2605 3158 2745 3212 Deus
2774 3167 2948 3212 autem
2975 3158 3027 3212 in
3055 3159 3240 3214 corde.

1876 3247 1962 3300 12.
1996 3247 2180 3301 Omnes
2206 3249 2337 3301 enim
2372 3249 2477 3302 dies
2505 3250 2661 3302 nostri
2699 3249 3024 3313 transierunt,
3054 3258 3100 3303 et
3121 3251 3174 3304 in
3204 3254 3379 3322 furore

1804 3347 1888 3392 tuo
1926 3339 2326 3407 consumpsimus
2361 3355 2520 3392 annos
2549 3348 2778 3404 nostros,
2805 3340 2949 3409 quasi
2983 3357 3262 3395 sermonem
3298 3344 3381 3396 lo-

1803 3447 1976 3500 quens.
2010 3427 2353 3499 Septuaginta
2385 3448 2398 3482 :
2431 3429 2683 3496 Quoniam
2719 3431 2826 3484 dies
2862 3431 3020 3484 nostri
3056 3433 3382 3503 defecerunt:

1803 3533 1848 3576 et
1874 3524 1927 3576 in
1954 3525 2033 3575 ira
2060 3532 2146 3575 tua
2175 3523 2470 3592 defecimus.
2501 3520 2638 3574 Anni
2666 3522 2826 3576 nostri
2851 3523 2980 3575 sicut
3005 3539 3195 3577 aranea
3223 3525 3377 3578 medi-

1805 3616 1896 3667 tati
1920 3623 2060 3669 sunt.
2093 3614 2414 3669 Brevitatem
2441 3612 2689 3667 humanas
2726 3613 2848 3668 vita:
2872 3654 2888 3679 ,
2929 3629 3048 3684 quae
3096 3617 3380 3671 sententia:

1806 3705 1898 3759 Dei
1934 3705 2208 3774 hucusque
2248 3705 2488 3772 subjecta
2516 3712 2631 3769 est;
2663 3713 2718 3758 et
2742 3721 2898 3774 quam
2928 3707 2978 3758 in
3012 3707 3176 3774 priori
3203 3708 3379 3763 versi-

1803 3796 1924 3849 culo
1951 3796 2160 3848 somnio
2241 3795 2449 3864 1059
2521 3795 2886 3861 comparavit,
2918 3793 3103 3847 dicens
3133 3813 3146 3846 :
3179 3795 3377 3848 Percu-

1804 3885 1955 3936 tiente
1983 3895 2030 3936 te
2055 3899 2159 3948 eos,
2188 3884 2438 3934 somnium
2479 3889 2647 3944 erunt,
2691 3894 2832 3933 nunc
2871 3885 3105 3935 sermoni
3148 3883 3376 3952 loquen—

1806 3975 1933 4027 tium
1959 3980 2230 4042 comparat
2257 3990 2269 4025 :
2299 3980 2353 4025 ut
2383 3971 2655 4042 quomodo
2681 3984 2858 4026 sermo
2884 3973 2972 4040 qui
3000 3973 3051 4026 in
3079 3987 3173 4028 ore
3199 3989 3382 4028 versa-

1805 4071 1890 4116 tur
1918 4062 2041 4116 dum
2070 4061 2356 4132 profertur,
2386 4062 2738 4130 intercipitur,
2770 4070 2824 4116 et
2864 4076 2983 4117 esse
3017 4063 3255 4128 desistit;
3300 4066 3382 4121 sic

1804 4163 1859 4209 et
1887 4154 2059 4207 omnis
2094 4154 2198 4207 vita
2241 4162 2420 4207 nostra
2466 4163 2798 4222 pertranseat
2839 4163 2996 4223 atque
3037 4155 3298 4212 desistat:
3327 4167 3385 4213 et

1804 4243 1906 4298 hoc
1926 4243 1978 4297 in
2002 4243 2078 4298 ira
2098 4251 2153 4298 et
2169 4245 2220 4297 in
2243 4244 2420 4298 furore
2447 4243 2564 4311 Dei,
2589 4243 2675 4298 cui
2705 4245 2895 4299 merito
2919 4243 3278 4314 subjacemus,
3297 4247 3380 4302 vi-

1805 4347 1963 4392 vente
1988 4337 2038 4391 in
2069 4335 2242 4401 nobis,
2267 4344 2324 4389 ut
2348 4351 2506 4405 supra
2529 4336 2780 4402 diximus,
2806 4339 3071 4393 sententia
3103 4339 3219 4395 Dei.
3249 4340 3382 4408 Quae

1806 4430 1874 4482 sit
1915 4438 2089 4483 autem
2132 4429 2210 4482 ira
2254 4438 2307 4483 ct
2353 4427 2500 4483 furor
2540 4429 2654 4494 Dei,
2695 4431 2936 4486 crebrius
2977 4431 3226 4498 diximus,
3274 4448 3381 4490 non

1805 4518 1943 4587 quod
1986 4519 2123 4572 Deos
2170 4518 2454 4573 ulciscatur
2501 4519 2684 4585 iratus,
2731 4521 2826 4575 sed
2867 4521 3008 4590 quod
3055 4524 3381 4590 patientibus

1804 4623 1990 4678 poenas
2035 4608 2203 4664 iratus
2238 4624 2361 4664 esse
2399 4610 2661 4664 videatur.
2707 4611 2860 4678 Quod
2906 4611 3050 4664 enim
3093 4613 3144 4665 in
3187 4628 3287 4666 nos
3313 4629 3381 4667 ex

1806 4702 2205 4771 perturbatione
2239 4701 2534 4767 descendit,
2560 4701 2642 4771 (ά)
2671 4701 2722 4754 in
2754 4701 2844 4755 illo
2871 4710 2953 4754 est
2977 4716 3044 4756 ex
3069 4701 3253 4771 iudicii
3282 4718 3380 4758 ve-

1803 4797 1976 4852 ritate.
2007 4795 2078 4867 (e)
2110 4796 2211 4851 Pro
2237 4813 2465 4851 sermone
2488 4795 2733 4866 loquentis
2755 4836 2770 4862 ,
2798 4794 3142 4866 Septuaginta
3168 4799 3382 4854 medita-

1872 5022 1937 5087 (c)
1974 5021 2137 5070 Satius
2158 5024 2236 5069 est
2257 5024 2430 5081 putare
2448 5055 2462 5080 ,
2488 5017 2614 5081 quod
2640 5032 2725 5082 pro
2745 4996 2900 5079 εὖνιν,
2925 5021 3054 5084 quod
3078 5029 3129 5071 et
3150 4999 3267 5081 D‘yy
3293 5022 3380 5072 ali.

1805 5093 1996 5156 quando
2030 5094 2137 5139 sine
2161 5103 2252 5138 vau
2274 5091 2418 5138 scribi
2454 5091 2592 5156 testis
2624 5096 2702 5138 est
2740 5091 2846 5152 ipse
2869 5091 3210 5154 Hieronymus,
3235 5092 3375 5141 LXX.

1805 5148 2114 5237 acceperint;
2138 5179 2286 5234 atque
2318 5171 2442 5220 adeo
2461 5148 2627 5230 1312537
2653 5148 2883 5222 siccatum
2912 5148 3128 5224 nostrum
3151 5148 3213 5224 eo
3236 5175 3380 5224 inte].

1807 5244 1935 5294 lectu
1974 5256 2061 5305 per
2083 5255 2226 5304 quam
2262 5243 2394 5291 bene
2431 5243 2736 5303 interpretati
2757 5243 2868 5291 sint.
2909 5243 3008 5291 Sed
3038 5258 3145 5305 non_
3171 5242 3300 5294 bene
3322 5243 3382 5294 ad

1805 5325 2099 5375 Hebraicum
2123 5321 2372 5386 exemplar
2401 5324 2664 5384 scripserat
2684 5322 2990 5373 Martianaaus
3012 5296 3220 5376 πιθών.

1870 5394 1942 5458 (d)
1983 5394 2194 5443 Veteres
2227 5394 2371 5452 editi,
2405 5410 2427 5438 ι
2450 5393 2500 5441 in
2543 5391 2626 5441 illo
2667 5405 2732 5442 ex
2762 5393 2944 5454 judicio
2982 5403 3034 5445 et
3071 5408 3135 5444 ex
3176 5399 3382 5447 veritate

1975 5517 2030 5566 In
2062 5517 2274 5566 llebrzeo
2310 5529 2406 5564 non
2444 5522 2522 5565 est
2559 5516 2669 5574 nisi,
2704 5521 2810 5569 mn
2833 5521 2940 5572 ‘lDD
2965 5517 3092 5578 quod
3134 5526 3209 5568 est
3243 5531 3383 5580 quasi

1809 5590 2075 5653 proferens,
2109 5587 2188 5653 vel
2209 5593 2432 5653 tanquam
2455 5586 2690 5637 meditans
2709 5599 2727 5636 :
2746 5587 3056 5653 quarefacile
3082 5601 3250 5653 eorum
3272 5602 3363 5638 seu

1812 5649 1980 5714 tentize
2015 5650 2235 5698 accedam
2251 5686 2262 5708 ,
2289 5651 2370 5710 qui
2390 5661 2585 5714 aranea:
2609 5663 2786 5699 nomen
2809 5662 2870 5698 ex
2891 5649 3101 5700 Hebrum
3121 5651 3386 5714 archetypo

1819 5713 2059 5763 excidisse
2082 5724 2361 5774 persuasum
2390 5711 2590 5761 habent.
