3986 6184
586 227 731 285 11⁸15

589 343 775 397 tionem
797 354 999 400 oranete
1017 341 1396 396 transtulerunt.
1429 338 1710 405 Quomodo
1730 338 1874 393 enim
1902 333 2167 406 loquentis

588 448 767 489 sermo
820 430 1304 504 praetervolanita
1351 438 1407 484 et
1454 444 1587 499 opus
1636 428 1846 483 aranea:
1895 426 2166 483 incassum

589 526 804 580 texitur.
830 521 907 577 De
926 534 1032 591 quo
1057 532 1219 590 super
1246 530 1475 591 persona
1503 520 1879 576 haereticorum
1906 517 2165 588 scriptum

587 622 668 670 est
689 616 739 667 in
765 612 897 666 Isaia
928 627 943 666 :
971 608 1148 666 Telam
1167 626 1368 666 aranea:
1390 620 1562 667 texunt
1591 610 1754 683 (Isai.
1785 608 1876 667 59.
1902 608 1970 681 5)
1996 626 2010 674 ;
2041 624 2162 679 qua:

585 716 746 773 parva
772 708 825 756 et
852 700 990 756 levia
1012 709 1187 772 potest
1210 716 1404 772 capere
1432 701 1702 769 animalia,
1731 708 1788 756 ut
1813 715 2043 761 muscas.
2074 715 2167 753 cu-

582 795 714 851 lices
743 803 797 850 et
821 801 1015 850 caetera
1040 794 1379 866 hujusmodi;
1418 810 1448 851 a
1475 793 1782 851 fortioribus
1808 803 1985 851 autem
2015 809 2166 850 rum-

582 883 744 954 pitur.
788 883 961 940 instar
999 886 1194 942 levium
1228 886 1280 942 in
1309 886 1549 943 Ecclesia
1579 886 2045 958 simpliciumque,
2074 885 2165 958 qui

580 990 770 1033 eorum
798 976 1140 1050 decipiuntur
1165 980 1460 1045 erroribus,
1483 997 1604 1037 cum
1625 981 1769 1037 viros
1794 982 1854 1037 in
1876 978 1999 1036 ﬁdei
2026 979 2160 1036 veri-

582 1078 692 1125 tate
718 1069 966 1128 robuStos
996 1084 1103 1128 non
1132 1071 1350 1130 valeant
1374 1070 1638 1129 obtinere.

653 1155 740 1211 10.
788 1153 911 1210 Dies
954 1172 1203 1211 annorum
1244 1166 1531 1213 nostrorum
1577 1152 1631 1211 in
1669 1156 1796 1228 ipsis
1843 1155 2166 1226 septuaginta

579 1247 745 1300 anni:
774 1248 854 1302 sin
873 1256 1044 1303 autem
1071 1250 1306 1315 multum,
1333 1250 1586 1320 octoginta
1609 1250 1731 1304 anni
1744 1262 1765 1314 ;
1800 1259 1847 1302 et
1887 1248 2021 1318 quod
2056 1265 2167 1300 am-

579 1338 717 1409 plius
753 1349 856 1408 est,
894 1341 1038 1397 labor
1065 1350 1111 1396 et
1136 1342 1302 1397 'dolor.
1346 1342 1689 1415 Septuaginta
1723 1361 1734 1396 :
1768 1342 1889 1398 Dies
1917 1359 2165 1397 annorum

580 1437 867 1486 nostrorum
886 1432 939 1487 in
960 1432 1085 1505 ipsis
1110 1434 1433 1504 septuaginta
1457 1437 1601 1490 anni.
1636 1434 1699 1491 Si
1718 1444 1886 1489 autent
1906 1434 1957 1488 in
1982 1445 2163 1504 poten-

579 1522 763 1577 tatibus
783 1523 1038 1597 octoginta
1066 1525 1188 1580 anni
1209 1540 1228 1579 :
1251 1535 1297 1581 et
1322 1524 1540 1598 amplius
1565 1543 1738 1582 eorum
1768 1528 1909 1581 labor
1930 1534 1975 1580 et
1996 1526 2162 1580 dolor.

580 1612 687 1668 Pro
729 1626 796 1670 eo
840 1614 982 1685 quod
1027 1632 1126 1673 nos
1169 1618 1467 1689 posuimus,
1498 1618 1552 1672 in
1589 1618 1737 1688 ipsis,
1770 1624 1824 1675 et
1852 1616 1905 1673 in
1938 1616 2166 1674 Hebraeo

580 1702 811 1760 habetur
848 1720 1020 1774 essu;
1070 1708 1424 1779 Symmachus
1468 1712 1854 1782 signiﬁcantius
1897 1711 2167 1768 transtulit

579 1798 830 1865 ὁλόκληροι
872 1793 1014 1866 quod
1055 1799 1225 1869 magis
1268 1801 1332 1853 ad
1374 1814 1592 1856 sensum
1639 1816 1797 1872 quam
1834 1802 1901 1857 ad
1944 1802 2163 1859 verbum

582 1883 874 1941 transferre
903 1901 1209 1958 possumus,
1237 1889 1477 1945 universi.
1523 1892 1791 1962 Quidquid
1835 1892 1995 1964 igitur
2025 1892 2163 1949 vivi-

580 1988 719 2042 mus,
750 1975 910 2047 et(a)
952 1974 1004 2032 in
1047 1993 1154 2049 quo
1193 1978 1528 2038 delcctabilis
1575 1984 1793 2040 estvita
1832 1985 2161 2056 mortalium,

579 2066 912 2137 septuaginta
942 2084 1202 2126 annorum
1232 2072 1404 2142 spatio
1429 2070 1924 2144 comprehenditur.
1950 2077 2046 2134 Sin
2071 2096 2167 2133 au-

579 2164 677 2210 tem
700 2157 938 2229 multum,
965 2170 1019 2217 et
1048 2170 1105 2216 ut
1128 2162 1504 2234 interpretatus
1532 2174 1614 2221 est
1637 2166 2012 2239 Symmachus,
2042 2186 2165 2225 con-

580 2258 661 2302 tra
694 2250 1005 2320 opinionem,
1037 2254 1305 2325 octoginta
1345 2267 1472 2311 sunt
1516 2258 1673 2321 anni;
1716 2258 1970 2331 quidquid
2002 2274 2162 2331 supra

579 2338 763 2409 fuerit,
784 2342 986 2399 morbis
1007 2354 1059 2399 et
1082 2344 1391 2402 inﬁrmitate
1414 2347 1742 2420 transigitur,
1767 2367 1886 2421 qua:
1911 2359 1995 2407 est
2020 2353 2163 2408 socia

578 2435 895 2502 senectutis,
928 2435 1278 2506 caligantibus
1309 2440 1499 2507 oculis,
1527 2438 1829 2497 dolentibus
1857 2442 1939 2498 vel
1969 2440 2165 2500 caden-

581 2520 721 2576 tibus
749 2523 900 2591 prius
923 2522 1227 2581 durissimis
1250 2527 1521 2596 dentibus,
1544 2531 1684 2598 quod
1713 2531 1925 2601 plenius
1951 2533 2165 2590 divinus

580 2625 762 2667 sermo
789 2612 843 2669 in
872 2612 1196 2673 Ecclesiaste
1222 2616 1476 2675 describit
1506 2637 1519 2675 :
1556 2619 1766 2676 Venient
1795 2622 1902 2679 dies
1932 2628 2162 2695 malitiw,

580 2706 627 2758 et
668 2704 722 2758 in
763 2702 943 2775 quibus
978 2705 1234 2775 dicemus,
1265 2724 1365 2764 non
1390 2720 1461 2765 est
1487 2710 1629 2765 nobis
1649 2713 1904 2769 voluntas.
1945 2717 2164 2784 Quando

580 2794 931 2852 obscurabitur
948 2798 1093 2853 solet
1121 2800 1263 2869 luna,
1287 2808 1333 2856 et
1352 2802 1511 2857 stellte
1526 2820 1545 2869 ;
1574 2812 1621 2858 et
1641 2814 1988 2883 convertentur
2014 2809 2166 2866 nubes

583 2892 695 2956 post
771 2888 985 2963 ιοα)
1056 2889 1299 2963 pluviam.
1328 2892 1392 2949 In
1416 2892 1498 2950 die
1519 2911 1618 2967 qua
1645 2898 1975 2952 movebuntur
1998 2909 2165 2955 custo-

582 2978 672 3034 des
705 2977 905 3049 domus,
951 2990 999 3037 et
1034 2984 1375 3040 subvertentur
1412 2987 1507 3042 viri
1543 2988 1739 3044 virtutis
1761 3007 1779 3045 :
1801 2992 2164 3067 cessabuntque

581 3069 841 3139 metentes,
864 3074 987 3146 quia
1010 3088 1185 3145 pauca:
1208 3074 1358 3148 factm
1385 3089 1503 3134 sunt
1525 3095 1543 3134 :
1564 3088 1611 3136 et
1635 3081 2036 3140 obscurabuntur
2054 3104 2166 3159 qua:

579 3165 751 3218 vident
777 3165 832 3220 in
857 3165 1217 3237 foraminibus,
1248 3179 1297 3225 et
1322 3172 1624 3228 claudentur
1639 3175 1825 3245 januae
1845 3176 1899 3232 in
1926 3176 2039 3248 foro
2067 3196 2085 3234 :
2111 3181 2164 3235 in

578 3253 878 3323 inﬁrmitate
910 3258 1045 3315 vocis
1075 3262 1325 3329 meientis,
1352 3272 1399 3319 et
1430 3272 1661 3338 exsurget
1682 3266 1751 3321 ad
1771 3285 1939 3324 vocem
1963 3270 2090 3337 avis,
2118 3282 2166 3327 et

579 3348 981 3406 Itumiliabuntur
1023 3366 1196 3410 omnes
1232 3354 1358 3426 [ilice
1392 3358 1598 3424 cantici,
1639 3369 1690 3414 et
1730 3360 1929 3431 quidem
1960 3363 2021 3418 ab
2060 3364 2164 3419 alto

578 3441 858 3512 aspicient;
896 3450 944 3495 et
979 3454 1189 3513 pavores
1217 3444 1268 3499 in
1294 3444 1377 3500 via
1403 3461 1421 3500 :
1446 3456 1492 3503 et
1530 3448 1728 3517 ﬂorebit
1765 3448 2084 3523 amygdalus,
2115 3464 2163 3509 et

576 3528 939 3588 incrassabitur
979 3534 1193 3601 locusta,
1235 3545 1282 3590 et
1321 3536 1573 3595 scindetur
1602 3540 1862 3613 capparis.
1905 3542 2161 3611 Quoniam

576 3620 732 3678 abibit
757 3622 905 3679 homo
928 3622 985 3680 in
1005 3620 1210 3682 domum
1234 3628 1527 3686 aeternitatis
1552 3647 1693 3696 sate;
1740 3642 1787 3687 et
1824 3636 2077 3706 gyrabunt
2108 3639 2163 3694 in

579 3717 694 3786 foro
714 3716 801 3785 qui
821 3711 1088 3789 plangunt,
1115 3717 1441 3791 quoadusqite
1466 3720 1544 3793 (b)
1572 3737 1672 3778 non
1708 3723 1934 3793 pulsetur
1959 3727 2164 3799 [unicu-

579 3804 659 3861 lus
692 3808 891 3880 argenti
917 3802 965 3863 et
1006 3816 1292 3865 conteratur
1326 3821 1676 3869 Ornamentum
1699 3817 1836 3885 auri,
1867 3828 1912 3872 et
1937 3820 2164 3891 confrin-

577 3907 729 3970 gatur
772 3898 960 3972 hydria
998 3902 1066 3959 ad
1102 3903 1315 3974 fontem,
1343 3912 1393 3962 et
1431 3906 1741 3979 impediatur
1781 3912 1894 3966 rota
1921 3892 1985 3966 in
2022 3912 2160 3983 lacu,

576 4000 625 4048 et
649 4001 971 4051 convertatur
1009 3996 1176 4073 pulvis
1213 3999 1269 4053 in
1304 4007 1493 4055 terram
1526 4002 1657 4056 sicut
1687 4003 1828 4075 fuit;
1864 4012 1911 4060 et
1949 4007 2161 4077 spiritus

575 4092 855 4139 revertatur
883 4085 951 4141 ad
970 4072 1269 4158 Dominum,
1291 4090 1379 4161 qui
1399 4086 1537 4147 dedit
1557 4072 1698 4150 eum.
1727 4091 1936 4150 Vanitas
1961 4072 2161 4153 vanita-

577 4182 706 4244 tum,
734 4171 858 4230 dicit
879 4171 1231 4251 Ecclesiastes,
1261 4189 1308 4235 et
1328 4181 1560 4243 universa
1582 4185 1800 4244 vanitas.
1829 4185 1959 4255 Qua:
1980 4191 2160 4247 omnia

575 4267 825 4322 humana:
853 4270 976 4325 vitae
1014 4281 1070 4326 et
1104 4270 1337 4331 maxime
1380 4279 1673 4334 senectutis
1715 4278 1964 4338 miserias
2006 4297 2160 4339 com-

573 4358 958 4431 prehendunt:
988 4371 1043 4418 et
1081 4380 1241 4437 quem
1285 4381 1504 4425 sensum
1553 4368 1808 4441 habeant,
1841 4373 1914 4447 (e)
1963 4375 2016 4431 in
2062 4391 2161 4433 suo

574 4453 696 4508 loco
737 4450 1105 4511 disseruimus.
1146 4452 1283 4513 Sunt
1320 4459 1410 4529 qui
1451 4460 1612 4517 istum
1652 4463 1829 4521 locum
1870 4467 2160 4539 allegorice

574 4547 996 4620 interpretantes
1014 4590 1032 4620 ,
1064 4548 1132 4607 ad
1160 4550 1365 4608 sabbati
1391 4552 1929 4629 circumcisionisque.
1952 4570 2158 4633 myste-

574 4641 715 4698 rium
741 4638 988 4700 referunt
1012 4661 1026 4701 :
1054 4644 1198 4717 quod
1227 4645 1456 4715 primum
1479 4648 1881 4718 requiescamus
1907 4653 1960 4711 in
1990 4653 2157 4726 Lege,

572 4741 629 4789 et
673 4742 859 4805 postea
884 4747 1027 4799 vera:
1070 4737 1495 4795 circumcisionis
1542 4740 1596 4799 in
1639 4740 1930 4813 Evangelia
1978 4759 2159 4803 sacra-

571 4834 752 4881 menta
779 4840 879 4882 nos
903 4833 1151 4896 teneant,
1183 4828 1532 4888 admenentes
1555 4840 1609 4888 et
1637 4833 1766 4889 illud
1803 4853 1816 4891 :
1850 4835 1932 4891 Da
1960 4848 2158 4909 partem

571 4927 781 4989 septem,
817 4929 865 4975 et
906 4920 977 4977 da
1017 4931 1213 4994 partem
1250 4934 1383 4979 octo.
1415 4925 1483 4982 Et
1509 4928 1844 4999 septuaginta
1884 4930 2074 5001 millia,
2103 4943 2159 4991 et

570 5014 840 5083 octoginta
885 5014 1054 5072 milita
1101 5014 1380 5073 hominum
1427 5020 1835 5091 multitudines,
1886 5034 1915 5079 a
1962 5026 2156 5097 quibus

634 5163 706 5278 ἐξ)
739 5165 938 5220 Scilicet
974 5168 1187 5221 ma
1214 5170 1331 5221 armi
1371 5170 1524 5223 nostri
1555 5174 1857 5247 septuaginta
1891 5178 2008 5229 arati
2042 5186 2155 5232 sunt

720 5236 885 5278 autem
907 5230 1029 5278 ιιιῆιι
1066 5231 1332 5278 tramitis.
1356 5240 1525 5278 casum
1562 5248 1843 5278 nmmum.
1873 5240 1920 5278 in
1943 5239 2155 5278 παι-ιω

567 5230 887 5311 (ΡΨ-ΕΞθὲ
907 5230 1525 5311 ίιιτνξέῐξειυξεξιεξιωτα
1562 5230 1847 5311 siceum
1873 5240 1921 5289 ιη
1943 5230 2155 5311 nam

573 5294 1167 5361 estw-mn,wa
1203 5294 1524 5357 ins-obustis,
1566 5294 1707 5348 Lm.
1746 5304 1798 5349 ut
1835 5294 2075 5364 mustine,
2110 5313 2156 5357 τι

879 5426 1091 5509 esset
1110 5429 1815 5509 ρδιζιῖεεξιὲίι.39βνιξι,ῌ9δεεςειεε
1832 5440 1890 5509 κει
1907 5436 2153 5509 Passieno

568 5479 871 5572 ﬁgieeusﬁ'ex
896 5479 1037 5572 cuius
1065 5479 1625 5572 iu'terpreta'tio‘u’cﬁauJ
1645 5479 2156 5572 ἆιῶῖῦίηῖᾆιὶἱῖιᾞῖῶξ

562 5538 723 5613 locum
746 5538 1070 5613 Hieronymus
1092 5538 2155 5623 recitet:'Viaoiiiiéiiuiéﬁfdﬁzn'féisiiﬁli

566 5598 886 5668 Mttt'ttapaeus,
913 5622 978 5658 ex
1001 5608 1210 5668 Vulgata
1245 5612 1554 5668 quoadusque
1576 5615 1809 5668 pulsetur.

627 5624 1963 5745 iiiifiioﬁeit‘iiis‘inqzﬁmﬂgii'umo.

1875 220 2119 279 SANCTI
2157 217 2539 279 UlEltONYMl

3751 243 3897 302 sm
3942 220 3949 291 ἓ

2281 337 2537 436 templum
2576 342 2677 397 sub
2715 343 3002 406 Salomone
3035 363 3408 414 constructum
3446 368 3559 417 αι.
3602 361 3729 420 Sed
3766 370 3887 436 qaut

2277 424 2465 529 hoc-ad
2489 446 2809 529 praesentem
2835 439 3035 506 locum.
3057 446 3142 502 cui
3160 448 3365 506 sufﬁcit
3387 452 3636 525 simplex
3672 465 3742 513 et

2274 520 2596 594 explanatio,
2626 543 2746 598 quae
2776 546 2884 587 non
2913 535 3171 593 doctrina:
3196 541 3424 610 gloriam
3456 520 3521 600 ni
3545 520 3886 618 multiplica-

2274 611 2418 670 tione
2443 631 2790 691 sermonum;
2839 625 2935 682 sed
2982 627 3211 701 legentis
3246 632 3412 693 debet
3449 611 3885 712 intelligentia-

2272 710 2551 775 qumrere?

2344 803 2435 859 M.
2468 804 2724 872 Quoniam
2746 812 3074 870 transivimus
3089 818 3188 873 cito
3206 828 3256 873 et
3274 821 3624 883 minuimus.
3654 826 3887 901 Septu-

2271 893 2417 962 ginta
2447 912 2459 947 :
2496 896 2752 963 Quoniam
2779 908 3068 975 supervenit
3102 914 3449 970 manando
3482 933 3655 991 supr
3690 893 3884 989 nos,“

2271 987 2624 1059 corripiemur.
2668 991 2775 1050 Pro
2812 1012 2921 1068 quo
2956 1000 3011 1055 in
3040 999 3231 1061 Graeco
3255 1007 3517 1078 scriptum
3669 987 3879 1073 uas.-

2270 1086 2523 1150 θησόμεθα,
2557 1085 2700 1153 quod
2727 1088 2946 1146 verbum
2973 1093 3282 1166 ambiguum
3307 1108 3421 1167 est;
3450 1110 3508 1157 et
3537 1111 3659 1161 tam
3689 1121 3876 1164 σαπ-

2272 1171 2530 1241 ptiouem,
2560 1190 2717 1245 quam
2747 1181 3105 1240 eruditionem
3131 1186 3546 1263 doctrinamque

2274 1260 2432 1326 Quem
2469 1265 2602 1320 enim
2637 1267 2807 1340 diligit
2844 1270 3118 1345 Dominus,
3154 1282 3388 1351 corripit,
3424 1260 3544 1342 sive
3583 1260 3799 1359 e;Idit,
3821 1311 3875 1349 κ

2271 1353 2497 1423 ﬂagellat
2523 1374 2721 1415 omnem
2750 1362 2915 1431 ﬁlium
2950 1382 3097 1437 quem
3133 1373 3333 1442 recipit.
3372 1375 3548 1443 Quem
3586 1353 3874 1442 locuti“

2269 1444 2620 1518 Symmachus
2667 1457 2937 1511 transtulit
2968 1476 2981 1513 :
3011 1459 3336 1522 Succidintus
3374 1470 3515 1525 enim
3554 1487 3797 1543 repnte,
3824 1490 3872 1535 et

2270 1540 2550 1597 avolamus.
2597 1543 2793 1610 Quinta
2822 1547 3001 1605 Editio
3029 1551 3132 1609 hoc
3161 1557 3323 1614 modo
3353 1577 3369 1614 ε
3402 1540 3668 1627 Mans
3692 1540 3869 1624 trans-

2269 1629 2455 1686 ivimus
2492 1636 2722 1691 celeriter
2753 1647 2800 1693 et
2838 1641 3180 1700 dissolvitur.
3233 1648 3302 1705 Et
3341 1661 3429 1707 est
3470 1668 3694 1714 sensus.
3743 1660 3869 1719 Post

2270 1723 2606 1791 septuaginta
2649 1741 2844 1797 annos,
2882 1741 2957 1797 et.
2997 1744 3055 1791 ut
3090 1737 3315 1794 multum
3340 1746 3647 1816 octoginta,
3672 1752 3868 1820 quibus

2271 1810 2545 1871 hominum
2568 1817 2674 1874 vita
2699 1823 3029 1893 transigitur.
3110 1830 3318 1905 ιωι
3392 1810 3519 1893 cum
3758 1844 3865 1901 iuo-

2270 1906 2341 1961 rit
2367 1922 2397 1962 a
2422 1924 2647 1980 corpore
2674 1927 2972 1988 segregata,
2996 1932 3155 1978 vento
3179 1927 3385 1984 similes
3407 1932 3733 2002 notamus;
3758 1940 3862 1994 sive

2270 1998 2392 2067 quia
2430 2014 2590 2070 supra
2623 2003 2804 2059 herbae
2826 2010 3020 2066 virenti
3043 2023 3097 2067 et
3123 2013 3317 2072 ﬂorum
3345 1998 3749 2088 pdehritadissi
3772 2067 3790 2094 ,
3812 2041 3861 2085 et

2270 2089 2338 2144 ad
2361 2106 2636 2162 veSperam
2665 2098 2888 2156 siceitati
2917 2104 3192 2163 hominem
3229 2123 3515 2183 comparat
3545 2136 3561 2172 :
3590 2135 3741 2176 nunc

2269 2183 2515 2241 ariditate
2534 2204 2773 2260 veSperte
2790 2234 2807 2260 ,
2834 2198 3186 2258 succisionem
3216 2204 3410 2261 ﬂorum
3438 2210 3616 2277 ponit.
3649 2183 3859 2271 Et

2272 2281 2671 2348 pertransierit,
2724 2285 2928 2357 inquit,
2977 2304 3138 2349 ornus
3185 2295 3330 2364 quod
3375 2299 3644 2367 vivimus,
3690 2306 3856 2364 subita

2271 2378 2444 2424 morte
2469 2370 2830 2432 dissolvimur.
2871 2378 3026 2446 Quod
3051 2393 3231 2439 autem
3261 2386 3627 2461 Septuaginta
3655 2396 3855 2465 dixere,

2275 2458 2528 2527 Quoniam
2570 2471 2882 2536 superveniet
2918 2470 3014 2544 [ει.
3054 2478 3367 2553 supervenit]
3410 2458 3775 2557 Modo,
3813 2458 3858 2547 et

2269 2554 2621 2623 corripiomur,
2671 2560 2814 2617 hunc
2848 2561 3012 2622 habet
3053 2582 3293 2625 sensum.
3343 2572 3477 2630 Post

2269 2659 2441 2701 annos
2464 2657 2519 2704 et
2546 2653 2837 2723 octoginta,
2860 2670 2981 2712 cum
3007 2662 3214 2718 venerit
3234 2663 3447 2722 Domini
3471 2674 3848 2740 mansuetudo.

2268 2745 2324 2792 et
2351 2738 2465 2836 dies
2486 2743 2640 2799 nobis
2662 2748 2850 2803 mortis
2876 2750 3154 2820 ingruerit,
3188 2769 3292 2811 non
3317 2756 3703 2827 judicabimur
3715 2738 3851 2836 juxta

2269 2830 2540 2901 meritum,
2564 2836 2655 2890 sed
2684 2837 2832 2906 juxta
2856 2840 3196 2900 clementiam
3226 2863 3243 2900 :
3268 2856 3326 2904 et
3346 2860 3471 2920 qum
3493 2830 3732 2924 putatur
3744 2872 3853 2913 oor-

2269 2923 2441 2990 reptio
2459 2939 2598 2991 esse,
2619 2929 2851 2986 eruditio
2868 2940 2951 2988 est
2969 2944 3027 2989 et
3043 2935 3310 2995 doctrina.
3330 2940 3592 3015 Satisque
3605 2949 3854 3004 miramur

2268 3014 2395 3084 quid
2424 3019 2691 3077 voluerint
2723 3024 2946 3080 verbum
2978 3028 3298 3087 Hebraicum
3326 3046 3414 3090 ste
3436 3072 3454 3102 ,
3482 3036 3847 3111 Septuaginta,

2269 3105 2634 3178 Theodotiou,
2672 3125 2725 3170 et
2768 3114 2933 3172 Sexta
2975 3119 3152 3179 Edltio
3188 3125 3487 3182 transferre

2268 3216 2382 3255 nem
2422 3217 2443 3257 :
2486 3219 2608 3261 cum
2656 3206 2739 3279 (ά)
2779 3210 2990 3279 Aquila,
3022 3213 3380 3285 Symmachus
3408 3227 3465 3274 et
3492 3221 3694 3289 Quinta
3729 3224 3849 3279 Edi-

2270 3291 2344 3348 tio
2375 3296 2746 3362 festinationem
2784 3308 2842 3355 et
2873 3314 3075 3373 repente
3092 3306 3432 3379 celeriterque
3462 3314 3849 3370 transtulerint.

2340 3384 2429 3441 t5.
2472 3387 2599 3452 Quis
2640 3391 2777 3445 novit
2805 3391 3158 3462 fortitudinem
3193 3397 3291 3454 ira
3322 3409 3459 3468 tum,
3496 3411 3545 3458 et
3582 3407 3852 3461 scandunt

2269 3476 2499 3534 timorem
2523 3489 2689 3550 tuum,
2706 3483 3103 3554 indignationem
3125 3490 3304 3544 tuam?
3317 3490 3681 3565 Septuaginta
3703 3498 3851 3565 :Qais

2268 3569 2403 3623 novit
2428 3580 2726 3639 potestatem
2750 3574 2843 3630 ira:
2871 3586 2992 3643 tute,
3019 3587 3065 3633 et
3094 3596 3202 3648 pro
3225 3583 3407 3637 timore
3432 3593 3527 3640 tuo
3557 3588 3698 3643 ira.
3721 3600 3845 3645 tua

2267 3659 2628 3751 dinumeraret
2650 3664 2797 3724 inter
2824 3668 3145 3729 Hebraicum
3171 3684 3228 3731 et
3255 3677 3617 3751 Septuaginta
3649 3684 3845 3740 diversa

2267 3748 2540 3809 distinctio
2567 3765 2669 3813 est.
2702 3757 3053 3835 Septuaginta
3080 3768 3227 3823 enim
3256 3748 3751 3833 dinumerationem
3778 3779 3839 3832 ti-

2266 3844 2403 3899 mori
2442 3855 2497 3903 et
2535 3847 2707 3907 furori
2739 3852 2950 3912 Domini
2989 3861 3273 3931 copulant.
3314 3864 3491 3923 Porm
3528 3867 3844 3927 Hebraicum

2265 3940 2508 4008 sequenti
2538 3951 2689 4012 aptat
2713 3947 3016 4018 versiculo,
3048 3961 3110 4008 ut
3136 3964 3399 4026 sequatur
3427 3974 3444 4011 :
3480 3958 3554 4017 Ut
3590 3977 3842 4019 mm-

2267 4038 2350 4084 tur
2370 4032 2478 4087 dies
2503 4038 2696 4103 nostri,
2724 4039 2797 4094 sic
2821 4045 3031 4099 ostende
3055 4047 3138 4116 (ο)
3164 4064 3185 4103 :
3215 4057 3267 4104 et
3290 4053 3553 4109 Venimus
3578 4058 3736 4111 corde
3763 4074 3844 4113 sa-

2265 4121 2440 4190 pienti.
2476 4124 2631 4193 Quod
2660 4128 2899 4188 breviter
2930 4135 3002 4190 ita
3030 4138 3186 4194 nobis
3208 4139 3589 4202 disserendum
3618 4148 3838 4206 videtur.

2264 4211 2395 4280 Quis
2418 4226 2595 4285 potest
2615 4232 2776 4278 nosse
2795 4227 3050 4294 quamdiu
3074 4228 3152 4285 ira
3177 4239 3291 4301 tua,
3316 4250 3385 4291 ex
3409 4251 3511 4307 qua
3534 4240 3697 4294 timor
3721 4254 3842 4297 nas-

2263 4310 2412 4404 citur
2428 4306 2665 4368 humano
2699 4318 2922 4386 generi,
2964 4334 3279 4390 perseveret
3299 4362 3315 4393 ,
3359 4306 3464 4385 nisi
3495 4338 3546 4386 te
3571 4330 3837 4404 docente,

2263 4399 2354 4492 qui
2384 4399 2525 4459 Deus
2552 4405 2655 4460 est
2682 4406 2869 4478 itaque
2892 4412 3144 4484 obsecro,
3170 4427 3228 4473 ut
3252 4427 3463 4492 tempus
3489 4424 3614 4480 vitae
3642 4399 3842 4485 uestra:

2264 4489 2467 4586 indices
2495 4497 2682 4567 nobis,
2711 4517 2820 4571 quo
2848 4509 3120 4574 possimus
3146 4512 3313 4570 corde
3341 4489 3604 4586 sapienti,
3630 4528 3726 4577 tuo
3749 4536 3842 4579 nos

2259 4582 2466 4684 judicio
2491 4600 2819 4684 preparato.
2840 4594 2997 4662 Quod
3022 4610 3201 4657 autem
3223 4604 3358 4660 dixit
3381 4582 3555 4674 {Quis
3575 4582 3722 4666 novit
3740 4617 3844 4684 for-

2264 4679 2531 4734 titudinem
2556 4681 2662 4735 sive
2687 4695 2988 4754 potestatem
3013 4693 3107 4748 ira:
3130 4703 3268 4763 tute;
3291 4707 3338 4752 et
3361 4698 3643 4755 scandam
3689 4679 3844 4761 tirno-

2261 4786 2369 4827 rens
2390 4780 2553 4840 tuum,
2572 4773 2978 4846 indignationem
2999 4792 3139 4841 tum
3155 4787 3418 4844 tostendlt
3435 4796 3559 4845 esse
3581 4790 3838 4862 diﬂiclle,

2262 4862 2356 4918 irae
2386 4863 2703 4937 timorisque
2727 4871 2784 4924 et
2818 4871 3206 4944 indignationis
3237 4879 3329 4936 Del
3362 4886 3635 4938 secretum
3668 4888 3840 4943 ratio-

2263 4969 2495 5026 nemque
2523 4971 2855 5030 cognoscere
2882 4980 2897 5018 :
2931 4964 3074 5023 unde
3096 4980 3155 5025 et
3180 4970 3447 5041 Propheta
3476 4972 3839 5047 lacrymabili-

2261 5057 2345 5107 ter
2368 5051 2689 5123 deprecatur
2713 5070 2729 5109 ε
2766 5056 2986 5115 Domine
3011 5076 3075 5115 ne
3099 5058 3153 5116 in
3178 5063 3259 5117 ira
3284 5074 3372 5119 tua
3399 5076 3591 5137 arguas
3620 5085 3735 5136 me;
3760 5086 3834 5126 ne-

2260 5160 2356 5213 que
2383 5146 2437 5199 in
2467 5149 2639 5217 furore
2661 5157 2747 5202 tuo
2772 5151 3021 5221 corripias
3045 5169 3125 5208 me
3150 5153 3171 5226 (
3192 5154 3336 5210 Psal.
3366 5158 3420 5213 6.
3451 5158 3527 5231 t).
3556 5156 3675 5217 Non
3698 5162 3833 5218 enim

2328 5282 2788 5366 (abequilgtamen
2812 5293 3008 5366 nedum,
3029 5294 3163 5366 quod
3188 5290 3395 5366 aliirmat
3416 5296 3555 5366 iiier.
3583 5294 3832 5362 festinato-

2258 5360 2384 5413 pem,
2408 5349 2800 5413 aut’celcritatem
2824 5364 2915 5403 non
2939 5349 3166 5412 vertisse,
3192 5356 3336 5406 aliter
3363 5359 3511 5407 etiam
3534 5349 3593 5410 ac.
3614 5349 3834 5413 Min

2258 5408 2498 5482 liebraieo
2521 5418 2657 5482 textu
2682 5412 2865 5482 legisse
2881 5416 3023 5482 nobis
3044 5408 3261 5479 videtur,
3284 5420 3344 5478 si,
3370 5433 3516 5482 quam
3544 5408 3834 5473 'Druﬁsi'usal:

2257 5472 2370 5549 te“,
2388 5472 2503 5549 ,εἱυε
2523 5472 2857 5549 interpretatis
2869 5477 3225 5549 ,ξειίιβρτωειηει
3248 5472 3467 5549 caiisa
3484 5472 3696 5549 saw;
3714 5472 3798 5549 ss
3818 5499 3831 5544 ;

2257 5534 2479 5608 quam:
2511 5534 2813 5608 ρθνηὶιῖιδὶυίι
2832 5534 2931 5596 vir.
2957 5534 3135 5599 αὖίρρε
3178 5548 3267 5600 tiro
3295 5544 3432 5608 Vm,
3454 5534 3555 5598 levi
3576 5534 3832 5599 manasse

2164 5666 2173 5671 _
2256 5607 2382 5672 legit
2399 5608 2532 5664 ιυηιι,
2557 5606 2783 5672 quodest
2804 5608 2891 5672 vir.

2321 5668 2392 5741 (ε)
2424 5674 2503 5728 ΑΙ,
2527 5673 2575 5725 ut
2598 5669 2836 5723 ventorum
2856 5668 2969 5721 heie
2988 5676 3137 5733 atque
3160 5669 3309 5727 intra.
