3986 6184
135 192 269 249 1177

127 298 359 370 corripit
384 338 399 363 ,
422 300 484 351 ut
513 291 797 349 interficiat
821 299 978 360 atque
1005 289 1309 360 disperdat;
1342 288 1434 344 sed
1462 297 1518 344 ut
1542 288 1713 344 corri-

127 402 220 466 gat
241 401 296 447 et
316 387 590 446 emendet.
615 385 970 452 Quamobrem
993 391 1044 438 et
1071 383 1122 436 in
1148 382 1286 437 Osee
1313 382 1462 450 (Cap.
1491 383 1544 436 4.
1575 379 1666 451 14)
1691 421 1707 448 ,

128 483 331 555 populo
365 477 709 544 Judaeorum,
746 474 835 530 cui
870 475 1093 554 multum
1135 472 1300 527 iratus
1339 481 1454 538 est,
1492 469 1620 525 dicit
1651 483 1712 525 se

67 581 76 590 '
128 585 474 644 nequaquam
512 567 701 634 irasci,
737 581 839 622 nec
871 565 1089 620 visitare
1135 577 1304 618 nurus
1331 575 1516 618 eorum
1540 601 1556 627 ,
1589 574 1709 614 cum

127 659 574 721 adnlteraverint.
607 657 677 712 Et
754 657 964 730 1062
1041 670 1135 726 per
1163 652 1498 710 Ezechielem
1533 650 1710 721 loqui-

129 767 216 812 tur
237 754 304 810 ad
327 751 626 808 Jerusalem
657 769 670 806 :
697 749 819 804 Jam
845 766 946 804 non
974 749 1168 802 irascar
1195 747 1304 813 tibi,
1337 754 1381 800 et
1409 743 1547 798 zelus
1573 759 1710 797 meus

127 847 332 904 recessit
355 862 386 896 a
415 852 463 897 te
483 842 697 916 (Ezech.
732 841 819 897 16.
847 839 957 913 42).
993 839 1062 894 Et
1089 839 1142 894 in
1171 838 1350 893 verbis
1383 835 1596 890 Dierum
1623 849 1709 888 so-

128 946 252 1004 nat,
292 932 514 1006 quando
557 935 734 1004 pergit
766 932 929 988 Israel
960 929 1246 987 adversum
1286 928 1465 984 hostes
1494 927 1546 981 in
1575 940 1710 996 pra:-

126 1030 254 1083 lium
283 1025 362 1098 (a)
391 1025 556 1082 corde
583 1023 822 1096 pacifico.

197 1119 285 1174 16.
326 1117 398 1174 Ut
425 1125 749 1172 numerentur
770 1116 876 1170 dies
905 1115 1086 1184 nostri,
1109 1113 1181 1170 sic
1207 1112 1431 1177 ostende,
1456 1119 1501 1164 et
1531 1109 1700 1163 venie-

123 1227 234 1264 mus
266 1209 424 1263 corde
450 1208 686 1278 sapienti.
715 1206 1064 1278 Septuaginta
1094 1223 1107 1258 :
1144 1203 1414 1259 Dexter-am
1461 1211 1598 1254 tuam
1636 1201 1708 1253 ita

122 1310 297 1355 notam
318 1301 428 1372 fac,
453 1310 500 1355 et
525 1301 745 1355 eruditos
766 1300 916 1352 corde
938 1301 988 1352 in
1013 1297 1282 1368 sapientia.
1311 1293 1465 1362 Quod
1491 1293 1704 1363 Aquila,

120 1389 488 1461 Symmachus
510 1399 563 1444 et
583 1390 776 1458 Quinta
822 1388 999 1443 Editio
1024 1387 1101 1442 sic
1121 1396 1435 1441 verterunt:
1463 1383 1578 1436 Dies
1618 1399 1708 1436 no-

117 1493 252 1539 stros
283 1485 358 1538 sic
387 1483 614 1548 ostende,
648 1492 700 1536 ut
724 1483 979 1537 veniamus
1000 1481 1151 1535 corde
1177 1479 1414 1550 sapienti.
1437 1477 1706 1545 Errorque

120 1577 452 1647 perspicuus
479 1583 581 1642 est,
606 1590 702 1631 cur
724 1589 821 1646 pro
847 1573 1042 1639 diebus,
1071 1571 1415 1642 Septuaginta
1443 1570 1700 1622 dexteram

121 1665 366 1722 dixerint
397 1684 410 1719 :
441 1681 643 1721 tantane
684 1666 880 1737 quippe
923 1665 1144 1718 verbum
1189 1661 1542 1730 compositum
1587 1667 1701 1724 est,

120 1753 437 1824 signiﬁcans
467 1753 573 1807 dies
604 1763 821 1808 nostros.
851 1752 1004 1819 Quod
1035 1755 1087 1805 in
1117 1749 1373 1819 singulari
1408 1762 1631 1801 numero
1655 1745 1703 1802 si

121 1845 411 1909 scribatur,
447 1854 689 1898 extrema
721 1845 898 1898 littera
921 1885 935 1909 ,
963 1857 1082 1911 qua:
1109 1840 1409 1910 appellatur
1433 1853 1533 1890 nos
1557 1876 1570 1899 ,
1606 1850 1700 1888 ex-

123 1939 306 2007 primit
333 1939 634 2001 dexteram;
663 1937 800 1991 sicut
823 1945 904 1990 est
931 1933 1060 1987 illud
1091 1932 1142 1986 in
1173 1930 1387 1984 nomine
1415 1941 1698 1991 annuum,

123 2032 211 2100 qui
244 2031 662 2100 interpretatur,
695 2028 830 2096 filius
859 2025 1097 2079 dexterae.
1131 2023 1226 2078 Sin
1249 2031 1427 2074 autem
1460 2034 1571 2072 una
1600 2017 1699 2070 ha-

123 2124 264 2187 beat,
298 2122 436 2175 diem
459 2121 545 2174 vel
572 2121 678 2172 dies
709 2127 884 2172 sonat.
920 2117 1015 2169 Est
1041 2123 1218 2168 autem
1248 2125 1438 2167 sensus
1464 2128 1476 2162 :
1508 2108 1704 2162 Nume-

123 2229 236 2267 rum
272 2227 541 2267 annorum
579 2210 891 2278 dierumque
921 2215 1228 2261 nostrorum
1251 2245 1267 2270 ,
1297 2203 1488 2272 quibus
1518 2200 1571 2253 in
1602 2199 1704 2252 hoc

122 2306 320 2359 siculo
347 2319 451 2360 nos
479 2303 662 2356 vivere
688 2297 998 2363 decrevisti,
1029 2294 1257 2351 ostende
1281 2292 1456 2356 nobis,
1486 2300 1544 2345 ut
1566 2303 1700 2359 pra:-

124 2409 374 2462 paremus
401 2408 505 2449 nos
532 2390 782 2445 adventui
809 2399 928 2454 tuo;
951 2397 1004 2443 et
1025 2393 1332 2456 contempto
1354 2395 1537 2438 errore
1560 2395 1703 2435 mor-

127 2485 306 2539 talium
329 2526 346 2550 ,
369 2485 438 2540 ad
463 2494 514 2540 te
535 2498 756 2554 pergere
777 2480 1089 2535 festinemus
1113 2520 1127 2545 ,
1157 2479 1538 2547 cupiamusque
1565 2489 1702 2544 prae-

125 2578 349 2631 sentiam
373 2586 541 2640 tuam,
557 2585 611 2630 et
630 2576 694 2628 ad
713 2582 765 2628 te
781 2572 1096 2627 festinemus
1115 2569 1278 2625 corde
1293 2567 1540 2638 sapienti.
1563 2563 1705 2619 Nihil

126 2669 265 2721 enim
298 2667 372 2722 ita
404 2667 608 2736 decipit
641 2665 930 2720 humanum
963 2675 1132 2733 genus
1156 2701 1171 2725 ,
1204 2675 1361 2729 quam
1394 2659 1518 2711 dum
1551 2655 1704 2725 igno-

129 2765 240 2811 rant
283 2758 459 2827 spatia
499 2758 621 2812 vita:
662 2771 806 2823 sum,
850 2753 1146 2824 longiorem
1191 2750 1289 2806 sibi
1330 2747 1512 2804 satculi
1549 2746 1706 2816 hujus

130 2831 524 2915 possessionem
546 2848 941 2919 repromittunt.
964 2843 1116 2900 Unde
1138 2851 1191 2898 et
1209 2837 1338 2896 illud
1375 2837 1586 2909 egregie
1627 2837 1707 2892 di-

129 2947 272 2993 ctum
297 2947 384 2995 est
416 2957 431 2994 :
461 2937 537 3011 (b)
566 2938 779 2992 Nullum
810 2946 916 2992 tam
943 2948 1127 2989 senem
1170 2947 1291 2988 esse
1319 2940 1373 2988 et
1401 2931 1480 2984 sic
1513 2929 1705 2984 decre-

131 3029 250 3097 pita:
291 3031 488 3097 aetatis,
548 3038 605 3084 ut
637 3044 741 3083 non
774 3042 833 3086 se
860 3027 1034 3081 adhuc
1065 3040 1170 3081 uno
1201 3025 1320 3095 plus
1347 3037 1493 3078 anno
1523 3023 1707 3077 vivere

129 3125 457 3192 suspicetur.
499 3121 579 3176 Ad
623 3125 762 3176 hunc
798 3135 1016 3176 sensum
1060 3119 1293 3189 pertinet
1328 3127 1382 3172 et
1413 3115 1538 3170 illud
1565 3114 1706 3184 quod

129 3213 326 3270 dicitur
363 3234 378 3270 :
410 3211 664 3272 Memento
695 3213 868 3266 mortis
897 3220 1028 3276 tute,
1060 3218 1111 3266 et
1139 3227 1238 3264 non
1269 3208 1500 3279 peccabis
1531 3206 1703 3275 (Eccl.

129 3306 181 3362 7.
209 3307 328 3378 40).
360 3307 462 3377 Qui
499 3307 642 3364 enim
679 3322 738 3362 se
768 3303 1082 3359 recordatur
1111 3300 1348 3372 quotidie
1385 3312 1505 3354 esse
1535 3297 1707 3352 mori-

133 3405 307 3454 turum
329 3441 346 3466 ,
385 3400 681 3456 contemnit
714 3395 1000 3466 praesentia
1023 3435 1036 3460 ,
1069 3403 1124 3448 et
1158 3391 1226 3446 ad
1255 3392 1428 3446 futura
1467 3391 1704 3446 festinat.

135 3484 244 3542 lloc
269 3498 354 3544 est
382 3488 524 3560 quod
552 3485 717 3543 David
749 3487 803 3541 in
842 3487 949 3540 alio
993 3493 1247 3554 precatur
1277 3483 1396 3538 loco
1420 3522 1434 3547 ,
1478 3480 1661 3534 dicens
1687 3495 1704 3534 :

140 3575 216 3630 Ne
237 3581 444 3650 auferas
473 3595 551 3634 me
579 3579 630 3632 in
653 3575 863 3631 dimidio
888 3575 1083 3628 dierum
1111 3589 1356 3636 meorum,
1395 3571 1532 3641 prius
1557 3585 1706 3639 quam

137 3666 324 3734 abeam,
347 3680 396 3725 et
420 3686 522 3725 non
545 3668 813 3723 subsistam
838 3663 956 3737 (Ps.
982 3665 1103 3723 101ρ
1127 3663 1217 3720 Ξὸ.
1242 3673 1286 3717 et
1306 3659 1454 3718 Psal.
1478 3656 1566 3716 58.
1595 3660 1702 3730 14).

142 3759 289 3827 Quod
319 3763 393 3820 ita
420 3765 703 3835 exponitur
727 3780 740 3816 :
766 3761 842 3817 Ne
871 3775 935 3816 eo
964 3770 1206 3830 tempore
1234 3755 1400 3812 facias
1430 3770 1515 3812 me
1546 3755 1704 3822 mori,

136 3851 350 3918 quando
373 3855 549 3911 adhuc
576 3854 824 3924 putabam
850 3868 935 3905 me
963 3850 1246 3912 victurum,
1280 3858 1336 3900 ιιι
1360 3846 1554 3914 possim
1584 3859 1710 3913 pec-

135 3954 245 4000 cata
269 3948 542 4015 corrigere
579 3943 910 4011 ptenitentia.
943 3940 1000 3992 Si
1035 3940 1176 3992 enim
1213 3938 1315 3990 hoc
1351 3935 1540 3989 feceris
1562 3975 1576 3998 ,
1612 3934 1698 3987 in-

136 4045 323 4092 ventus
345 4037 404 4091 in
425 4035 637 4092 delictis
663 4034 797 4088 meis
826 4044 948 4086 esse
977 4029 1254 4084 desistam.
1289 4025 1408 4080 Non
1429 4065 1445 4092 ,
1475 4039 1582 4094 quo
1609 4023 1701 4096 [aL

135 4126 286 4200 quod]
318 4141 470 4198 spem
501 4121 909 4182 resurrectionis
946 4127 1103 4190 neget
1128 4135 1142 4186 ;
1175 4118 1268 4174 sed
1297 4130 1404 4187 quo
1433 4131 1614 4172 coram
1644 4125 1708 4171 eo

137 4231 193 4272 se
221 4230 384 4289 neget
413 4232 575 4290 posse
603 4214 926 4279 subsistere,
957 4210 1098 4280 apud
1126 4224 1283 4279 quem
1316 4221 1504 4263 omnes
1535 4209 1623 4276 qui
1653 4207 1709 4261 in

141 4306 275 4363 vitiis
301 4313 685 4380 perseverant,
711 4317 808 4375 pro
836 4301 1008 4358 nihilo
1037 4307 1414 4370 computantur
1439 4295 1532 4371 [aL
1555 4313 1709 4368 repu-

142 4400 349 4472 lantur].
381 4401 483 4458 Ubi
521 4412 621 4455 nos
660 4395 998 4466 interpretati
1034 4408 1252 4458 sumus,
1295 4391 1516 4444 eruditos
1545 4390 1709 4446 corde

145 4487 192 4541 in
221 4491 483 4560 sapientia
514 4488 714 4557 [verius
742 4485 1011 4557 sapienti],
1041 4485 1128 4539 alil
1159 4484 1543 4538 transtulerunt
1571 4497 1708 4536 com-

146 4603 328 4662 aeditos
350 4649 365 4673 ,
385 4605 539 4664 verbi
570 4602 915 4672 ambiguitate
969 4598 1176 4672 1063
1229 4596 1459 4666 decepti.
1486 4597 1541 4652 Si
1563 4595 1706 4652 enim

145 4695 284 4750 dicas
311 4704 671 4766 πεπιδημένους.
712 4692 1018 4762 compeditos
1047 4691 1116 4763 (ε)
1143 4688 1424 4758 signiﬁcat.

212 4785 295 4842 17.
329 4788 592 4846 Revertere
639 4785 851 4839 Domine
888 4783 1186 4875 usquequo?
1212 4789 1258 4834 et
1294 4779 1565 4835 exorabilis
1604 4789 1708 4835 esto

147 4867 286 4948 super
305 4899 468 4939 servos
494 4891 624 4937 tuos.
657 4876 1006 4948 Septuaginta
1050 4867 1316 4930 similiter.
1341 4875 1476 4941 Quia
1501 4873 1710 4944 agimus

209 5074 278 5145 te)
310 5077 382 5145 sd
406 5079 628 5145 Graecum
653 5090 806 5145 eius
825 5089 1005 5145 nava
1115 5139 1176 5145 ..
1551 5135 1560 5145 .

209 5089 258 5131 ia
312 5089 382 5126 Ad
406 5089 628 5130 Graecum
653 5091 688 5127 ιν
709 5090 756 5140 ψυ
913 5089 1005 5136 νυιῇ.

208 5089 279 5196 (lt;
310 5139 429 5191 Puta
453 5155 479 5188 a
499 5140 734 5190 Cicerone
757 5089 925 5186 mf‘d‘e
947 5136 1235 5192 Senectute,
1263 5149 1285 5180 ι
1307 5129 1464 5181 Nemo
1484 5135 1615 5182 enim
1634 5140 1711 5184 est

151 5195 240 5264 iam
261 5195 410 5252 Senex
429 5237 445 5264 ,
468 5209 523 5251 ut
555 5214 650 5251 non
675 5206 814 5262 putet
852 5213 908 5248 se
947 5209 1096 5246 unum
1121 5195 1275 5245 adhuc
1309 5207 1484 5242 annum
1509 5208 1621 5245 esse
1644 5198 1712 5244 vi-

151 5262 501 5390 mf'xddunt
518 5333 719 5375 veteres
737 5322 874 5377 editi,
899 5328 951 5371 et
974 5323 1152 5390 przeter
1167 5318 1503 5390 Florentinum
1520 5318 1711 5390 quidam

152 5374 228 5455 3‘?"
249 5374 358 5455 “se:
371 5387 449 5455 ,δίη
643 5374 951 5455 «etaim.
973 5374 1185 5455 ὲνμιέἐιοδ
1205 5374 1712 5455 είθιιέίίείξιιιιιῖιλοβιιίι

154 5451 266 5510 vero
287 5448 479 5510 antiquo
500 5447 582 5498 illo
603 5448 777 5497 Latino
808 5439 1070 5510 interpreti
1086 5439 1283 5510 Graecis
1304 5439 1525 5510 librarius
1547 5439 1627 5510 qui
1648 5466 1708 5510 ττι.

157 5509 359 5577 pinsita»;
379 5503 564 5577 scripsit
580 5503 1009 5577 locofmagsptvéug.
1033 5505 1201 5577 Falsus
1217 5503 1358 5576 Hier.
1377 5503 1710 5577 ln'ilreviario,

158 5561 500 5680 ιςτφιξιᾶᾲΐάαὴι
536 5570 779 5625 codicibus
817 5561 996 5620 dicitur
1031 5568 1263 5629 eruditos,
1299 5565 1350 5616 in
1385 5561 1494 5616 aliis
1533 5561 1711 5616 dicitur

158 5639 173 5673 ε
223 5641 312 5680 1111³
347 5647 448 5680 tos.

150 5633 448 5692 ρθῑιψριιξιοε,

1495 175 1819 232 EPISTOLA
1861 176 2016 232 CXL.

3255 188 3392 246 1178

1822 287 2210 357 paenitentiam,
2242 295 2295 342 et
2322 288 2553 345 scientes
2583 289 2704 344 vitae
2733 299 2931 348 nostrae
2957 292 3292 365 brevitatem,
3321 303 3389 357 ad

1820 388 1870 434 te
1896 378 2056 434 corde
2079 378 2308 447 sapienti
2331 379 2576 450 cupimus
2598 384 2880 450 pervenire
2905 401 2918 437 :
2945 396 3000 441 et
3026 395 3105 455 tu,
3135 389 3386 460 Domine,

1817 478 2088 524 revertere
2113 468 2179 524 ad
2211 484 2328 524 nos.
2360 470 2604 526 Peccatis
2629 473 2772 527 enim
2804 475 3004 530 nostris
3030 478 3184 548 longe
3207 496 3387 538 reces.

1820 573 1999 626 seras,
2034 569 2088 616 et
2115 561 2396 616 dimiseras
2427 577 2560 628 nos;
2592 571 2650 617 ut
2673 563 3071 622 ambularemus
3095 573 3389 628 secundum

1815 652 2139 708 voluntatem
2171 661 2226 708 et
2255 655 2610 724 cogitationes
2656 665 2889 712 nostras.
2920 658 3074 724 Quod
3099 671 3276 718 autem
3307 666 3389 720 in-

1815 740 1954 808 fert,
1984 759 2240 814 usquequo
2262 784 2279 810 ,
2307 744 2448 799 illam
2481 745 2640 801 habet
2670 747 3103 818 intelligentiam,
3132 767 3290 822 quam
3333 756 3389 810 in

1813 834 2127 888 duodecimo
2166 834 2378 890 Psalmo
2415 836 2494 905 (tl)
2541 837 2766 907 legimus
2802 855 2818 894 :
2857 838 3127 910 Usquequo
3170 842 3387 899 Domine

1812 927 2114 981 Oblivisceris
2145 928 2238 981 mei
2279 929 2330 981 in
2372 929 2525 997 ﬁnem
2549 929 2572 981 7
2597 928 2696 996 Qui
2727 931 2868 985 enim
2912 933 2964 986 in
2991 937 3231 1004 angustia
3253 951 3386 991 con-

1813 1018 2029 1073 stitutus
2054 1021 2158 1082 est,
2193 1034 2372 1073 serum
2409 1021 2457 1074 ei
2499 1020 2709 1076 videtur
2750 1022 2841 1078 Dei
2865 1025 3118 1079 auxilium
3148 1044 3162 1079 :
3191 1036 3244 1082 et
3267 1043 3390 1093 pro.-

1813 1117 1992 1178 pterea
2026 1109 2314 1178 impensius
2345 1111 2684 1180 deprecatur,
2719 1123 2776 1168 ut
2806 1113 2914 1168 cito
2940 1114 3240 1185 adjutorem
3275 1117 3384 1172 Do-

1811 1199 2017 1253 minum
2043 1199 2158 1272 [al.
2204 1201 2400 1274 Deum]
2445 1203 2676 1270 sentiat;
2719 1215 2774 1260 et
2808 1221 3144 1277 nequaquam
3191 1208 3384 1263 iratum

1805 1289 2040 1358 jndicem
2060 1331 2074 1356 ,
2105 1291 2199 1347 sed
2227 1293 2514 1363 placatum.

1874 1385 1939 1440 18
1948 1427 1960 1438 .
1978 1387 2143 1456 Imple
2156 1403 2246 1440 nos
2263 1390 2508 1442 matutina
2521 1389 2866 1444 misericordia
2884 1399 2989 1456 tua,
3007 1401 3053 1445 et
3065 1393 3386 1448 laudabimus

1808 1485 1853 1530 et
1871 1477 2151 1532 lretabimur
2170 1481 2222 1532 in
2243 1482 2431 1534 cunctis
2453 1482 2624 1535 diebus
2642 1484 2844 1536 nostris.
2872 1483 3216 1554 Septuaginta
3241 1503 3255 1539 :
3282 1485 3384 1539 Re-

1807 1569 2112 1636 plctisumus
2133 1587 2279 1624 mane
2300 1572 2645 1626 misericordia
2671 1583 2777 1638 tua,
2795 1584 2840 1627 et
2867 1576 3200 1631 exultavimus
3225 1587 3272 1630 et
3297 1578 3387 1631 de-

1807 1657 1972 1711 lectati
1995 1675 2168 1712 sumus
2190 1661 2241 1714 in
2265 1661 2494 1714 omnibus
2518 1661 2692 1716 diebus
2718 1664 2922 1718 nostris.
2938 1664 2994 1719 ln
3011 1666 3220 1720 cunctis
3248 1681 3384 1735 pene

1807 1747 1937 1800 locis
1991 1748 2124 1802 hanc
2171 1749 2369 1804 habent
2411 1751 2756 1821 Septuaginta
2804 1756 3284 1821 consuetudinem,
3328 1765 3386 1811 ut

1803 1837 1943 1905 quod
1974 1839 2111 1905 apud
2143 1838 2398 1894 Hebraeos
2435 1841 2486 1894 in
2518 1841 2748 1896 futurum
2771 1844 3071 1900 ostenditur
3106 1845 3202 1916 [aL
3229 1847 3380 1916 poni-

1805 1925 1929 1997 tur],
1950 1925 2051 1981 hoc
2081 1928 2152 1981 illi
2173 1929 2322 1998 quasi
2339 1931 2448 1998 jam
2470 1929 2663 1986 factum
2687 1942 2740 1987 et
2767 1935 3096 2003 praeteritum
3122 1936 3381 1994 referant.

1804 2017 1901 2072 Hic
1931 2034 2058 2085 ergo
2078 2059 2093 2083 ,
2126 2034 2232 2073 non
2255 2059 2269 2084 ,
2301 2029 2359 2075 ut
2390 2021 2468 2076 illi
2493 2021 2812 2089 voluerunt,
2841 2025 3026 2081 dicunt
3049 2043 3108 2082 se
3135 2029 3384 2098 impletos

1806 2126 1927 2166 esse
1957 2114 2217 2167 matutina
2247 2115 2614 2170 misericordia
2642 2118 2757 2182 Dei,
2782 2128 2943 2188 atque
2966 2120 3172 2177 laetatos
3203 2136 3218 2176 :
3251 2124 3383 2178 alio-

1803 2205 1894 2274 qui
1927 2205 1971 2258 si
2003 2204 2102 2258 hoc
2138 2205 2336 2260 factum
2367 2216 2517 2275 erat,
2559 2209 2826 2278 quomodo
2856 2218 3042 2280 postea
3070 2212 3381 2282 ‘deprecan-

1807 2303 1912 2358 tur,
1935 2305 1989 2350 et
2015 2296 2198 2350 dicunt
2222 2315 2237 2353 ;
2261 2296 2480 2366 Respice
2501 2299 2556 2352 in
2581 2315 2750 2353 servos
2781 2309 2893 2353 tuos
2922 2311 2970 2355 et
2994 2303 3048 2354 in
3075 2318 3230 2371 opera
3252 2314 3336 2358 tua
3357 2308 3384 2360 γ

1805 2384 1900 2440 sed
1939 2395 2107 2440 totum
2137 2387 2276 2456 quod
2310 2388 2600 2457 postulant,
2631 2389 2752 2445 ideo
2779 2389 3155 2460 deprecantur,
3187 2403 3244 2448 ut
3271 2410 3386 2452 me-

1807 2489 2028 2534 reantur
2066 2482 2380 2536 matutinam
2421 2482 2842 2538 misericordiam
2876 2485 3029 2554 ejus,
3061 2502 3222 2556 quam
3253 2503 3374 2542 cum

1805 2567 2005 2624 fuerint
2033 2571 2340 2638 consecuti,
2380 2571 2597 2628 laudent
2632 2575 2801 2629 Deum
2845 2584 3003 2646 atque
3047 2577 3295 2632 testentur
3320 2578 3375 2632 in

1805 2664 2010 2718 cunctis
2038 2664 2224 2718 diebus
2248 2664 2371 2720 vita:
2417 2679 2550 2720 suae.
2580 2664 2650 2738 (e)
2680 2667 2934 2722 Videntur
2958 2677 3136 2724 autem
3168 2671 3297 2724 mihi
3328 2672 3381 2725 in

1808 2756 2224 2810 resurrectionis
2250 2771 2400 2825 spem
2430 2766 2646 2811 aeterna:
2679 2759 2798 2812 vitre
2824 2761 3041 2827 praemia
3071 2761 3372 2829 deprecari,

1807 2845 2048 2899 dicentes
2081 2862 2095 2899 :
2125 2845 2294 2914 Imple
2316 2862 2408 2900 nos
2433 2847 2685 2900 matutina
2711 2849 3060 2902 misericordia
3089 2859 3194 2903 tua.
3223 2850 3380 2916 Quod

1807 2935 2022 3004 quidem
2055 2945 2109 2990 et
2135 2936 2372 2992 vicesimi
2403 2937 2561 3006 primi
2599 2936 2800 2991 Psalmi
2841 2937 3025 2993 titulus
3062 2947 3251 3006 sonat,
3289 2941 3381 3009 qui

1810 3028 2023 3096 proprie
2059 3027 2128 3082 ad
2163 3028 2475 3098 mysterium
2515 3028 2723 3083 Domini
2750 3037 2805 3085 et
2837 3030 2900 3084 ad
2926 3032 3381 3088 resurrectionem

1809 3121 1924 3188 ejus
1942 3121 2235 3188 pertinens,
2258 3121 2598 3176 inscribitur:
2623 3121 2730 3175 Pro
2751 3123 3093 3192 assumptione
3112 3126 3383 3178 matutina.

1881 3210 1968 3264 19.
2003 3210 2232 3279 Laeti/ica
2279 3229 2371 3267 nos
2428 3229 2520 3281 pro
2560 3213 2752 3278 diebus,
2798 3214 2975 3283 quibus
3022 3232 3114 3270 nos
3179 3215 3387 3288 1064

1809 3303 2046 3373 amisisti,
2105 3313 2151 3357 et
2214 3305 2362 3358 annis
2391 3339 2408 3369 ,
2452 3305 2632 3374 quibus
2692 3306 2910 3360 vidimus
2953 3307 3109 3360 mala.
3155 3308 3381 3377 Septua-

1809 3395 1951 3464 ginta
1978 3411 1990 3448 :
2019 3393 2196 3448 Ltetati
2223 3412 2394 3448 sumus
2417 3413 2507 3464 pro
2529 3396 2724 3463 diebus,
2753 3399 2933 3467 quibus
2962 3415 3053 3452 nos
3081 3399 3379 3464 ltumiliasti,

1809 3487 1978 3549 annis,
2002 3487 2179 3552 quibus
2199 3487 2414 3541 vidimus
2436 3488 2593 3541 mata.
2621 3489 2684 3542 Et
2703 3489 2964 3556 Lazarus,
2991 3492 3078 3560 qui
3112 3499 3390 3559 receperat

1811 3577 1949 3630 mala
1982 3577 2032 3631 in
2071 3578 2176 3631 vita
2227 3591 2351 3643 sua,
2387 3573 2436 3630 in
2467 3578 2584 3632 sinu
2610 3573 2879 3634 Abraham
2927 3588 3131 3635 aeterno
3164 3581 3390 3650 quiescit

1808 3669 2001 3739 gaudio
2032 3668 2186 3740 (Luc.
2213 3669 2324 3738 16).
2351 3668 2483 3723 Mala
2523 3678 2700 3724 autem
2743 3685 2849 3724 non
2883 3686 2944 3726 ea
2989 3671 3224 3740 appellat
3261 3687 3383 3741 qua:

1810 3762 2074 3815 contraria
2107 3761 2258 3816 bonis
2290 3771 2436 3827 sunt,
2467 3755 2558 3815 sed
2592 3776 2688 3829 pro
2715 3761 3003 3816 afﬂictione
3032 3765 3184 3830 ponit
3211 3773 3266 3816 et
3294 3779 3388 3817 an-

1810 3851 2020 3919 gustiis.
2051 3850 2252 3914 Quibus
2284 3849 2435 3901 malis
2473 3858 2528 3902 et
2567 3849 2700 3902 Sara
2741 3847 2932 3904 afﬂixit
2972 3851 3114 3918 Agar
3138 3851 3385 3906 ancillam

1812 3954 1964 3994 suam
1991 3955 2004 4002 ;
2040 3945 2095 3991 ct
2120 3935 2188 3991 de
2224 3937 2414 4006 quibus
2456 3937 2507 3990 in
2539 3935 2832 4006 Evangelio
2862 3936 3116 3994 scribitur
3147 3955 3161 3992 :
3193 3935 3392 4009 Suﬂicil

1813 4027 1912 4083 diei
1946 4027 2143 4082 malitia
2170 4029 2299 4100 sua(
2326 4027 2570 4084 Matth.6.
2603 4029 2713 4099 54).
2739 4027 2948 4097 Quanto
2968 4029 3126 4101 igitur
3146 4031 3314 4102 magis
3339 4034 3391 4088 in

1815 4121 1915 4176 hoc
1937 4121 2156 4187 saeculo,
2176 4120 2656 4190 persecutionibus,
2693 4129 3024 4190 paupertate,
3049 4119 3387 4176 inimicorum

1814 4211 2071 4281 potentia,
2095 4212 2181 4266 vel
2211 4211 2517 4266 morborum
2540 4211 2865 4268 cruciatibus
2890 4211 3149 4266 fuerimus
3171 4211 3383 4278 afﬂicti;

1815 4311 1962 4358 tanto
1992 4309 2116 4373 post
2144 4303 2594 4358 resurrectionem
2631 4301 2682 4357 in
2717 4299 2896 4356 futuro
2927 4302 3132 4372 majora
3170 4307 3390 4376 praemia

1814 4410 2227 4463 consequemur.
2264 4383 2494 4449 Pulchre
2520 4404 2696 4449 autem
2733 4409 2836 4448 non
2866 4395 3034 4459 dixit,
3063 4395 3392 4450 sustinuimus

1813 4481 1984 4544 mala;
2008 4479 2100 4534 sed
2128 4479 2364 4532 vidimus.
2397 4478 2527 4546 Quis
2556 4481 2697 4536 enim
2727 4489 2811 4533 est
2840 4481 3000 4534 homo
3029 4482 3118 4550 qui
3142 4482 3306 4546 vivat,
3337 4491 3392 4536 et

1814 4587 1918 4628 non
1948 4573 2117 4627 videat
2149 4582 2370 4627 mortem
2397 4569 2416 4643 (
2443 4569 2680 4626 Psal.88.
2710 4571 2778 4626 69
2807 4570 2867 4642 )?
2896 4573 3024 4639 Quae
3051 4585 3155 4626 non
3189 4580 3292 4624 tam
3325 4571 3390 4625 ad

1814 4667 2214 4722 dissolutionem
2246 4664 2486 4732 corporis
2518 4663 2797 4718 referenda
2826 4673 2930 4728 est,
2967 4678 3124 4732 quam
3155 4663 3219 4716 ad
3252 4664 3393 4716 mul-

1816 4756 2092 4812 titudinem
2133 4762 2508 4825 peccatorum,
2547 4752 2694 4820 juxta
2733 4765 2892 4819 quam
2933 4752 3168 4807 dicitur:
3199 4750 3384 4806 Anima

1813 4863 1924 4922 qua:
1953 4849 2258 4922 peccaverit,
2288 4847 2401 4916 ipsa
2428 4845 2667 4899 morietur
2689 4841 2885 4912 (Eucti
2942 4841 3054 4915 18).

1877 5074 1955 5136 (d)
1989 5071 2085 5120 Alii
2124 5081 2187 5120 ex
2213 5070 2359 5136 editis
2395 5081 2451 5119 ac
2487 5068 2601 5119 Mss.
2641 5069 2872 5136 dicimus,
2898 5069 3024 5134 quod
3053 5063 3238 5136 referri
3264 5081 3390 5119 com-

1814 5131 1958 5197 mode
1983 5139 2162 5197 potest
2206 5131 2286 5197 ad
2309 5143 2442 5189 eam,
2474 5144 2623 5197 quam
2664 5131 2986 5197 Hieronymus
3023 5131 3392 5197 elucubraverat

1814 5195 1991 5245 Psalmi
2008 5193 2289 5242 'iluodecimi
2305 5194 2688 5255 expositionem,
2717 5193 2992 5255 inter'illos,
3017 5194 3080 5242 de
3113 5193 3290 5255 quibus
3313 5201 3389 5242 te-

1816 5264 1969 5305 statur
1994 5259 2094 5317 ipse
2119 5256 2166 5302 in
2189 5253 2414 5316 Catalogo
2437 5268 2467 5302 a
2491 5254 2676 5304 decimo
2693 5267 2841 5316 usque
2859 5255 2923 5303 ad
2941 5253 3178 5317 decimum
3201 5260 3390 5317 sextum

1815 5315 2059 5366 Psalmuiu
2111 5315 2371 5365 Tractatas’
2402 5322 2580 5378 septem
2629 5315 2940 5366 concinnasse
2962 5355 2974 5376 ,
3012 5317 3095 5379 qui
3136 5315 3395 5366 intercide-

1815 5385 1943 5427 runt.

1879 5440 1944 5502 (e)
1983 5440 2137 5487 Antea
2161 5445 2266 5502 erat
2297 5438 2528 5502 singularl
2554 5451 2782 5497 numero,
2807 5452 2902 5502 nec
2925 5438 3258 5502 superloribus
3280 5440 3396 5490 satis

1819 5499 2125 5564 cohaerenter
2149 5500 2337 5550 videtur
2373 5499 2423 5550 et
2454 5502 2616 5550 dicens
2643 5514 2660 5550 :
2685 5508 2785 5564 tum
2816 5499 2864 5551 in
2889 5499 3161 5564 praepositio
3176 5500 3354 5564 deerat
3375 5538 3392 5563 ,

1816 5567 1988 5679 me!
2006 5562 2096 5674 al‘io
2117 5576 2264 5613 sensu
2303 5572 2408 5627 post
2445 5561 2808 5616 resurrectionis
2840 5561 3003 5628 spem,
3047 5563 3318 5630 copulativa
3348 5561 3394 5615 et

1943 5639 1968 5674 e
1993 5637 2030 5673 ia
2055 5638 2131 5674 ur.

1943 5633 2131 5674 CDMUI'.
