3986 6184
576 276 716 334 H79

643 389 733 445 20.
767 387 1025 456 Appareat
1049 377 1189 447 apud
1217 386 1383 430 servos
1412 377 1525 424 tuos
1557 382 1683 438 opus
1711 373 1874 456 (sum,
1906 369 1952 414 et
1974 359 2144 456 gloria

576 493 662 537 tua
677 451 826 546 super
846 451 979 541 filios
1003 483 1194 522 eorum.
1216 461 1559 533 Septuaginta
1583 474 1599 515 ι
1624 457 1700 527 (a)
1731 453 1948 523 Respice
1968 451 2145 546 iri—ser-

577 662 630 715 in
657 655 828 710 servis
849 651 960 708 suis
987 651 1103 720 ipse
1127 647 1381 703 Dominus
1402 651 1657 714 operatur
1676 653 1810 709 opus
1836 649 2016 692 suum.
2037 631 2148 687 Nec

573 764 786 822 propria
815 746 905 817 qui
930 743 1166 816 postulat
1192 741 1362 797 salute
1388 743 1672 793 contentus
1701 739 1805 798 est,
1834 727 1930 785 sed
1957 723 2148 796 quzcrit

571 821 796 914 gloriam
823 839 1077 903 ﬁliorum,
1108 835 1159 890 id
1184 841 1288 898 est,
1323 843 1602 886 servorum
1633 825 1748 880 Dei.
1780 821 2146 914 Filiosautem

574 909 678 988 non
723 941 828 985 tam
873 929 992 983 illos
1033 927 1122 997 qui
1166 925 1234 980 de
1279 937 1464 978 eorum
1509 918 1680 987 stirpe
1717 909 1960 985 generati
1999 914 2144 971 sunt,

571 1042 728 1098 quam
767 1022 1059 1092 discipulos
1105 1019 1360 1073 debemus
1406 1014 1688 1082 accipere;
1734 1007 1800 1062 de
1847 1004 2038 1074 quibus
2093 1007 2150 1100 et

573 1119 768 1173 Paulus
791 1114 1148 1184 loquebatur:
1181 1108 1358 1162 Filioli
1388 1104 1516 1169 mei,
1555 1117 1680 1172 quos
1703 1101 1886 1152 iterum
1920 1100 2146 1184 parturio

581 1207 725 1279 (Gal.
755 1208 811 1260 4.
842 1181 958 1276 1⁷9).
989 1202 1142 1258 Unde
1170 1209 1223 1254 et
1269 1197 1505 1253 Joannes
1536 1189 1825 1261 Apostolus
1854 1181 2146 1279 secundum
2195 1188 2198 1191 '

578 1274 768 1353 merita
799 1274 1026 1349 ﬁliorum
1058 1304 1294 1353 suorum,
1325 1286 1697 1358 profectusque
1718 1291 1939 1348 operum
1965 1274 2151 1342 singu-

575 1388 770 1452 lorum,
797 1383 984 1439 scribit
1009 1381 1074 1436 ad
1101 1379 1368 1451 parvulos,
1395 1374 1582 1431 scribit
1605 1371 1672 1426 ad
1695 1373 1939 1440 juvenes,
1967 1362 2150 1419 scribit

574 1479 641 1534 ad
669 1486 864 1548 patres.

644 1573 736 1625 21.
767 1569 831 1623 Et
849 1569 912 1624 sit
939 1567 1091 1621 decor
1113 1562 1321 1618 Domini
1343 1559 1439 1614 Dei
1466 1557 1623 1612 nostri
1644 1569 1796 1622 super
1817 1566 1929 1613 nos,
1955 1554 2002 1600 et
2023 1559 2149 1615 opus

578 1678 821 1716 manuum
849 1669 1134 1713 nostrarum
1157 1659 1240 1726 [ac
1271 1653 1449 1707 stabile
1475 1665 1628 1720 super
1648 1663 1739 1701 nos
1767 1661 1785 1700 :
1816 1653 1862 1709 et
1885 1657 2013 1711 opus
2040 1653 2152 1690 ma-

578 1772 736 1809 nuum
764 1763 1051 1807 nostrarum
1077 1750 1342 1817 conﬁrma.
1372 1743 1720 1813 Septuaginta
1747 1756 1762 1796 ζ
1791 1738 1856 1791 Et
1882 1737 1946 1788 sit
1975 1732 2147 1802 splen-

576 1847 670 1898 dor
710 1842 918 1896 Domini
956 1841 1050 1894 Dei
1089 1838 1248 1891 nostri
1284 1851 1434 1904 super
1471 1849 1599 1897 nos;
1639 1839 1686 1884 et
1725 1843 1879 1898 apera
1908 1837 2150 1878 manuum

579 1945 868 1992 nostrarum
896 1933 1058 2002 dirige
1102 1946 1255 1999 super
1295 1944 1386 1981 nos
1408 1941 1427 1980 :
1450 1923 1525 1995 (b)
1551 1932 1599 1977 et
1628 1937 1757 1991 opus
1786 1932 2029 1972 manuum
2056 1930 2151 1967 no-

580 2039 803 2081 strarum
830 2024 1010 2094 dirige.
1046 2021 1146 2077 Ubi
1173 2002 1296 2073 sunt
1324 2018 1413 2087 qui
1440 2013 1593 2069 liberi
1620 2010 1827 2067 arbitrii
1856 2008 1957 2063 sibi
1989 2015 2148 2076 pote-

582 2128 721 2174 state
750 2116 1084 2188 plaudentes,
1117 2114 1170 2167 in
1199 2126 1264 2166 eo
1293 2117 1477 2179 putant
1496 2122 1555 2162 se
1585 2105 1678 2160 Dei
1705 2102 1932 2174 gratiam
1960 2113 2149 2155 consc-

578 2221 750 2275 culos,
833 2205 1042 2279 1065
1125 2203 1170 2257 si
1197 2201 1430 2256 habeant
1454 2205 1769 2269 potestatem
1795 2189 2150 2256 faciendi,vel

576 2317 684 2358 non
707 2299 930 2354 faciendi
957 2299 1116 2360 bona,
1139 2295 1251 2350 sive
1270 2292 1448 2348 mala?
1471 2292 1607 2345 Ecce
1630 2288 1714 2342 hic
1736 2287 1920 2341 beatus
1941 2283 2150 2351 Moyses

581 2401 703 2463 post
726 2388 1174 2445 resurrectionem
1205 2398 1363 2454 quam
1393 2380 1775 2451 postulaverat,
1801 2375 2020 2430 dicens:
2051 2369 2152 2423 lm-

578 2483 662 2551 ple
702 2496 794 2534 nos
831 2478 1078 2530 matutina
1113 2472 1461 2527 misericordia
1493 2479 1617 2535 tua,
1656 2476 1704 2521 et
1748 2463 2071 2521 laudabimus
2102 2468 2149 2514 et

576 2571 861 2627 lwtabimur
887 2569 940 2622 in
964 2566 1155 2620 cunctis
1180 2563 1353 2617 diebus
1379 2562 1560 2615 nostris
1584 2601 1599 2624 ,
1639 2571 1972 2628 nequaquam
2001 2567 2063 2608 su
2084 2567 2150 2606 ι·-

577 2663 785 2719 rexisse
813 2667 1098 2716 contentus
1127 2665 1211 2712 est
1229 2697 1243 2721 ,
1287 2663 1342 2710 et
1375 2661 1589 2708 mternze
1617 2651 1744 2705 vitae
1775 2647 1992 2718 praemia
2021 2659 2151 2699 con-

583 2759 866 2818 secutum;
897 2749 990 2804 sed
1020 2747 1290 2818 postulat,
1319 2752 1378 2799 ut
1402 2743 1565 2798 decor
1594 2738 1802 2795 Domini
1841 2737 1935 2792 Dei
1967 2736 2047 2790 sui
2081 2736 2152 2792 sit

581 2859 746 2914 super
771 2856 864 2898 eos
887 2842 974 2912 qui
1001 2839 1366 2902 surrexerint,
1396 2845 1450 2891 et
1476 2833 1753 2904 splendeat
1787 2832 1840 2887 in
1870 2833 2152 2889 animabus

584 2935 940 3005 eordibusque
978 2941 1282 2988 sanctorum
1313 2937 1329 2984 ξ
1358 2937 1414 2985 et
1455 2943 1618 2998 opera
1663 2941 1916 2981 manuum
1963 2940 2148 2980 eorum

584 3027 702 3097 ipse
723 3026 935 3096 dirigat,
967 3024 1230 3094 faciatque
1249 3035 1370 3076 esse
1390 3027 1640 3090 perpetua
1666 3034 1682 3074 :
1705 3018 1926 3088 ipseque
1951 3016 2151 3072 conﬁr-

580 3125 694 3174 met
736 3115 989 3187 quidquid
1033 3116 1085 3169 in
1128 3113 1328 3170 sanctis
1364 3111 1574 3166 videtur
1616 3109 1761 3164 boni.
1805 3106 1954 3164 Sicut
2000 3107 2148 3162 enim

577 3209 856 3264 humilitas
882 3206 1220 3277 deprecantis
1249 3212 1486 3259 meretur
1515 3201 1731 3272 praemia
1761 3216 1776 3256 :
1804 3201 1875 3254 ita
1900 3197 2151 3269 superbia

574 3299 986 3358 comtemnentis
1021 3296 1093 3370 [al
1136 3291 1456 3366 conﬁdentis]
1495 3292 1588 3348 Dei
1625 3291 1821 3346 auxilio
1846 3289 2148 3345 deseretur.

987 3511 1317 3569 EPISTOLA
1357 3509 1427 3581 (c)
1464 3508 1625 3564 cm
1662 3507 1767 3579 (ά).

1131 3703 1199 3744 AD
1235 3699 1584 3744 AUGUSTINUI.

581 3889 877 3945 Gratulalur
904 3888 1011 3959 ejus
1053 3886 1333 3952 industria,
1365 3901 1456 3956 per
1491 3899 1642 3954 quam
1686 3881 2031 3937 hereticorum
2067 3884 2154 3952 [a-

653 3983 898 4039 ctionibus
918 3982 1181 4048 obstiterit,
1207 3996 1362 4052 eaque
1387 3982 1440 4034 in
1466 3996 1520 4034 re
1545 3995 1690 4032 suum
1714 3993 1908 4048 quoque
1929 3976 2154 4032 studium

648 4074 757 4128 testi
760 4075 960 4143 ﬁcatar.

653 4251 880 4305 Domino
906 4259 1090 4306 sancto
1116 4265 1179 4307 ac
1207 4249 1514 4306 beatissimo
1551 4248 1710 4319 Papa:
1763 4203 2153 4305 AUCUS’I‘INO

583 4339 1049 4398 HIERONYMUS.

653 4510 811 4566 Omni
840 4509 1053 4582 quidem
1083 4518 1324 4581 tempore
1350 4511 1734 4567 beatitudinem
1770 4521 1938 4580 tuam,
1966 4527 2033 4569 eo
2052 4528 2158 4584 quo

640 4736 714 4800 (a)
748 4734 889 4800 Hunc
919 4735 1058 4797 juxta
1095 4731 1237 4782 LXX.
1261 4731 1583 4800 versiculum,
1608 4733 1764 4782 inscio
1787 4731 1992 4800 lectore,
2030 4732 2158 4781 Mar-

580 4792 794 4866 t_iahé;us_
820 4792 1068 4866 Erasmum
1106 4802 1302 4844 secutus
1340 4796 1594 4866 expupxit,
1631 4807 1778 4866 quem
1814 4792 2055 4866 Victorius
2093 4807 2158 4843 ex

578 4859 823 4908 Brixianis
859 4858 1107 4908 codicibus
1134 4853 1437 4918 reposuerat.
1462 4855 1622 4918 Atque
1646 4853 1739 4918 ille
1765 4853 1958 4917 quidem
1982 4857 2158 4918 abesse

578 4921 763 4983 absque
801 4921 1061 4983 subnexa;
1086 4915 1496 4983 interpretationis
1539 4915 1797 4983 dispendio
1836 4916 2157 4983 potestased

577 4977 756 5043 praeter
771 4981 973 5043 aliorum
997 4980 1142 5043 eligam
1167 4979 1277 5026 Mss.
1297 4977 1458 5043 ﬁdem,
1479 4981 1525 5043 in
1542 4979 1716 5041 quibus
1737 4989 1870 5040 saepe
1889 4977 2156 5043 invenitur,

575 5037 699 5092 Stata
723 5055 778 5090 ac
798 5041 934 5090 ﬁrma
970 5037 1348 5102 estillieronymi
1372 5037 1620 5102 regula'et
1657 5037 1953 5102 consuetudo
1974 5074 1989 5102 ,
2013 5051 2158 5101 quam

577 5104 792 5152 studiose
815 5105 864 5151 in
888 5103 1029 5164 hujus
1049 5099 1560 5164 Psalmi,'ahgu_e__"alibi
1593 5105 1641 5148 in
1665 5100 1864 5164 aliarum
1889 5099 2158 5164 Scriptura-

576 5177 682 5212 rum
708 5158 1015 5226 expositione
1037 5173 1217 5226 servat,
1234 5158 1298 5211 ut
1318 5158 1458 5226 LXX.
1492 5163 1766 5226 versionem
1789 5158 2119 5226 simuljuingat
2139 5197 2154 5221 ,

579 5227 693 5287 etsi
719 5221 910 5287 quando
943 5225 1088 5287 etiam
1118 5221 1262 5274 aliter
1285 5223 1412 5285 apud
1443 5235 1530 5272 eos
1550 5236 1646 5271 non
1672 5223 1904 5281 habetur,
1930 5222 1975 5269 id
2000 5221 2158 5283 ipsum

575 5285 749 5333 saltem
773 5286 1009 5334 lectorem
1032 5285 1220 5333 doceat.

641 5347 709 5406 (b)
744 5346 1033 5407 Alterahaec
1049 5346 1247 5404 additio,
1259 5350 1304 5394 et
1313 5357 1432 5404 Opus
1448 5357 1673 5393 manuum
1688 5342 2151 5407 nostrarumrdt'rige,

576 5418 624 5452 tu
665 5407 848 5456 Latinis
886 5406 1068 5466 aliquot
1104 5407 1357 5456 l’salteriis
1395 5407 1742 5454 vetustioribus
1781 5413 1832 5454 et
1875 5406 2156 5466 quibusdam

579 5469 724 5528 etiam
749 5466 932 5516 Graecis
964 5466 1101 5514 codd.
1127 5481 1221 5516 nou
1257 5467 1486 5524 habetur,
1511 5479 1676 5528 neque
1715 5468 1761 5514 in
1802 5467 2008 5514 Romana
2051 5466 2154 5528 edi-

579 5524 745 5587 tione;
789 5535 1051 5587 monetque
1096 5529 1398 5587 Augustinus
1435 5531 1485 5576 in
1535 5524 1939 5576 euieut'latissitnis
1979 5527 2155 5575 codici-

705 5582 932 5635 asterisco
967 5582 1142 5647 notari,
1167 5582 1221 5637 ut
1261 5602 1325 5638 ex
1357 5589 1571 5640 Hebraeo
1613 5587 1882 5653 supplenda
1916 5588 2154 5637 indicare-

645 5701 706 5766 (ε)
747 5703 816 5752 Αι.
842 5703 922 5752 80.
945 5706 1131 5768 Scripta
1151 5711 1273 5770 forte
1293 5723 1375 5759 an.
1398 5712 1513 5763 418,

1837 248 2076 305 SANCTI
2117 246 2495 304 lllERONYMI

2254 382 2412 437 decet
2437 381 2643 436 honore
2666 419 2684 448 ,
2727 384 3014 435 veneratus
3037 389 3194 445 sum;
3234 381 3296 432 et
3336 373 3708 430 habitantem
3735 372 3782 424 in
3807 382 3861 425 re

2253 473 2417 528 dilexi
2457 473 2732 527 dominum
2776 472 3107 526 Salvatorem
3150 487 3166 524 :
3209 467 3307 524 sed
3347 464 3453 540 [aL
3507 462 3586 538 et]
3630 477 3788 529 nunc,
3813 466 3860 516 si

575 587 659 626 vos
687 540 796 619 tuas
815 540 910 629 ,γει
935 561 991 613 in
1020 574 1177 629 ορενα
1203 565 1311 620 tua.
1349 561 1394 606 ει
1418 550 1583 620 dirige
1609 546 1743 618 βιίοδ
1773 559 1970 598 εοηίηι·
2001 540 2145 632 Εῗεο
2224 567 2227 569 ’
2260 563 2374 619 ﬁeri
2401 572 2617 632 potest,
2645 563 2861 618 cumulo
2889 560 3087 632 aliquid
3117 558 3394 624 addimus,
3438 565 3501 612 et
3530 556 3860 625 plenecons-

2255 654 2489 725 plemus,
2522 662 2580 708 ut
2619 653 2819 723 absque
2858 653 2936 708 tui
2983 651 3218 706 nominis
3258 646 3580 712 mentione,
3613 661 3688 701 ne
3713 661 3858 699 una.

2256 745 2470 816 quidem
2495 745 2678 801 horam
2697 745 2974 816 praeterire
3001 745 3286 814 patiamur,
3313 741 3408 812 qui
3436 749 3650 796 contra
3679 737 3858 794 ﬂantes

2259 848 2449 894 ventos
2475 839 2668 894 ardore
2708 837 2832 893 ﬁdei
2877 836 3175 908 perstitisti.
3209 834 3467 900 Maluisti,
3505 841 3782 902 quantum
3807 834 3854 886 ia

2259 939 2311 986 te
2337 931 2453 997 fuit,
2485 932 2632 986 solus
2655 929 2875 986 liberari
2902 929 2971 984 de
2993 928 3264 992 Sodomis,
3290 941 3455 997 quam
3478 941 3618 981 cum
3639 942 3856 996 perenn-

2259 1024 2399 1078 tibus
2445 1023 2784 1078 commorari.
2841 1021 2953 1077 Scit
2996 1019 3344 1090 quid-dicam
3397 1017 3703 1087 prudentia
3752 1028 3850 1073 tua.

2257 1113 2425 1168 Macte
2452 1114 2667 1178 virtute,
2700 1113 2752 1166 in
2785 1111 2914 1167 orbe
2937 1110 3030 1182 [al.
3056 1109 3214 1183 urbe]
3241 1110 3565 1164 celebraris.
3599 1108 3852 1164 Catholici

2261 1213 2312 1259 te
2337 1204 2668 1259 conditorem
2691 1205 2926 1274 antiqum
2952 1217 3162 1257 rursum
3187 1201 3307 1256 ﬁdei
3333 1211 3687 1256 venerantur
3706 1212 3852 1271 atque

2268 1298 2599 1366 suspiciunt;
2647 1305 2721 1362 et,
2768 1295 2911 1367 quod
2964 1297 3173 1365 signum
3216 1295 3438 1364 majoris
3492 1295 3694 1364 gloria:
3740 1303 3852 1360 est,

2261 1405 2450 1444 omnes
2479 1389 2719 1444 haeretici
2747 1388 3086 1442 detestantur
3111 1402 3126 1440 :
3157 1394 3211 1440 et
3243 1401 3332 1440 mc
3362 1385 3482 1455 pari
3514 1400 3848 1454 persequun-

2264 1489 2349 1534 tur
2373 1479 2530 1544 odio;
2561 1486 2617 1532 ut
2638 1494 2774 1549 quos
2799 1478 2992 1548 gladiis
3020 1486 3315 1546 nequeunt,
3339 1486 3469 1531 voto
3496 1477 3846 1531 interficiant.

2260 1570 2587 1626 Incolumem
2615 1578 2670 1624 et
2695 1571 2798 1623 mei
2827 1584 3119 1624 memorem
3154 1577 3205 1622 te
3242 1567 3447 1622 Christi
3487 1568 3708 1622 Domini
3746 1569 3848 1623 cle-

2260 1663 2456 1717 meutia
2511 1670 2766 1728 tueatur,
2813 1659 3033 1715 domine
3080 1657 3386 1714 venerande
3436 1667 3493 1713 et
3543 1657 3846 1713 beatissime

2257 1755 2418 1825 Papa.

2569 1946 2779 2018 mea
2851 1943 3183 2001 EPISTULA
3205 1943 3277 2016 (ε)
3318 1943 3533 2001 CXLII.

2817 2134 2885 2172 AD
2922 2133 3274 2174 AUGUSTINUI.

2258 2298 2528 2370 Signiﬁcat
2555 2297 2821 2351 damnatas
2848 2295 3060 2351 haereses
3088 2297 3220 2351 clam
3241 2306 3290 2351 et
3313 2298 3522 2369 oblique
3540 2300 3716 2353 adhuc
3745 2316 3843 2353 mo-

2329 2392 2412 2445 liri
2434 2432 2450 2458 ,
2481 2399 2527 2445 et
2555 2407 2656 2444 non
2683 2389 2930 2444 neminem
2959 2397 3207 2461 potentem
3233 2407 3362 2456 esse,
3394 2394 3488 2461 qui
3526 2393 3844 2448 dissimulan-

2327 2495 2400 2541 ter
2426 2484 2497 2540 eis
2523 2483 2705 2554 faveat.

2327 2665 2556 2720 Domino
2583 2673 2772 2723 sancto
2794 2680 2858 2723 ac
2894 2664 3206 2724 beatissimo
3246 2663 3409 2735 Papa:
3451 2660 3842 2721 AUGUSTINO

2257 2755 2320 2810 lll
2331 2756 2725 2815 ERONYMUS.

2331 2930 2482 2986 Multi
2549 2939 2775 3002 utroque
2836 2931 3144 2988 claudicant
3211 2930 3385 3002 pede;
3433 2940 3492 2988 et
3543 2946 3615 2988 ne
3675 2930 3842 2985 fractis

2256 3023 2471 3094 quidem
2538 3025 2840 3080 cervicibus
2917 3024 3288 3091 inclinantur,
3369 3024 3644 3080 habentes
3712 3022 3843 3078 alle-

2257 3125 2399 3172 ctum
2465 3116 2666 3172 erroris
2712 3116 2962 3187 pristini,
3011 3131 3135 3173 cum
3200 3115 3538 3186 praedicandi
3607 3115 3843 3172 eamdem

2257 3223 2363 3263 non
2388 3207 2622 3264 habeant
2649 3207 2975 3264 libertatem.
3001 3207 3183 3264 Sancti
3219 3207 3442 3274 fratres,
3479 3207 3574 3277 qui
3604 3221 3726 3262 cum
3752 3219 3846 3260 no-

2256 3309 2367 3356 stra
2397 3309 2520 3355 sunt
2546 3299 2808 3370 parvitate
2828 3341 2844 3367 ,
2881 3300 3152 3370 praecipue
3177 3307 3380 3355 sancta:
3413 3314 3480 3354 ac
3503 3297 3847 3353 venerabiles

2259 3393 2382 3448 ﬁlia:
2425 3401 2551 3460 tuas,
2584 3391 2900 3463 suppliciter
2942 3401 2998 3447 te
3026 3391 3283 3446 salutant.
3323 3391 3546 3446 Fratres
3578 3400 3724 3454 tuos,
3752 3390 3847 3444 do-

2257 3484 2458 3538 minum
2486 3499 2664 3539 meum
2693 3483 2965 3554 Alypium,
2993 3491 3047 3537 et
3077 3482 3352 3538 dominum
3383 3496 3570 3536 meum
3598 3482 3678 3554 (b)
3711 3481 3844 3536 Evo-

2259 3575 2404 3631 dium
2426 3616 2442 3641 ,
2474 3586 2534 3631 ut
2562 3591 2683 3632 meo
2714 3576 2931 3631 nomine
2969 3575 3174 3630 salutes
3199 3616 3212 3640 ,
3239 3588 3433 3644 precor
3481 3575 3563 3644 (Γ)
3595 3588 3842 3628 coronam

2259 3675 2423 3721 tuam.
2453 3667 2617 3737 Capta
2651 3666 2726 3738 (g)
2756 3665 3053 3722 Jerusalem
3096 3673 3312 3720 tenetur
3344 3679 3374 3718 a
3403 3663 3843 3720 Nabuchodono-

2260 3771 2371 3826 sor,
2405 3771 2506 3813 nec
2545 3756 2792 3813 Jeremias
2827 3757 2943 3813 vult
2985 3755 3175 3813 audire
3201 3754 3422 3812 consilia
3454 3771 3470 3809 :
3505 3756 3642 3825 quin
3675 3755 3842 3827 potius

2322 3999 2401 4061 (ά)
2431 3994 2842 4061 IsthazcEpistola
2864 3997 2916 4061 in
2931 3995 3046 4061 Mss.
3069 3994 3261 4061 duobus
3281 3993 3502 4061 Μοιιειεῑτ..Δ
3515 3993 3843 4061 Vindocinen-

2259 4055 2344 4117 sis;
2365 4055 2698 4108 referentibus
2717 4057 3068 4115 Benedictinis,
3087 4057 3312 4118 proxime
3335 4057 3579 4118 superiori
3603 4055 3841 4118 subditur,

2262 4115 2543 4182 interjectis
2555 4126 2741 4168 tantum
2765 4119 2841 4182 his
2872 4118 3030 4182 tribus
3060 4115 3244 4176 verbis,
3268 4115 3523 4182 Jam'post
3559 4115 3842 4182 suscriptio-

2258 4177 2544 4230 nemfuulti
2567 4185 2765 4242 utroque
2789 4177 3082 4242 claudicant,
3110 4184 3229 4242 etc.,
3249 4193 3361 4240 qua
3394 4177 3534 4242 nobis
3563 4178 3843 4242 conjunctio

2259 4245 2310 4290 in
2331 4254 2490 4302 unam
2513 4253 2623 4289 cum
2657 4239 2821 4302 primis
2841 4241 3098 4302 probatur,
3123 4239 3523 4302 quibusminime
3547 4245 3622 4286 est
3647 4239 3840 4285 vel-osi-

2259 4301 2376 4352 mile
2393 4339 2407 4360 ,
2433 4310 2531 4351 tam
2567 4300 2720 4351 breve
2743 4300 2970 4350 dictatum
2989 4336 3003 4358 ,
3028 4313 3125 4362 qup
3149 4313 3245 4349 non
3271 4300 3365 4349 nisi
3389 4301 3582 4362 :enigma
3606 4309 3758 4362 unum
3783 4303 3841 4362 et

2175 4366 2181 4371 '
2260 4357 2470 4414 alterum
2493 4364 2800 4412 renuntiatur
2818 4400 2832 4420 ,
2865 4363 2938 4411 sic
2958 4357 3362 4424 abs'Hieronymo
3379 4357 3582 4424 semitm
3601 4358 3756 4424 scribi
3776 4357 3840 4407 ad

2260 4425 2588 4486 Augustinum
2627 4425 2862 4486 potuisse.
2902 4423 2974 4471 Ad
3007 4422 3741 4486 hac_scriptionis__ingenium_,
3782 4431 3841 4467 ac

2262 4481 2420 4535 series
2455 4486 2575 4534 hanc
2607 4481 2876 4546 superioris
2907 4495 3019 4532 esse
3057 4483 3210 4532 veluti
3244 4481 3565 4546 appendicem
3611 4481 3834 4546 probant.

2262 4548 2361 4597 Sed
2396 4560 2505 4596 cum
2542 4548 2592 4594 in
2633 4541 2838 4606 vulgatis
2860 4544 2953 4592 huc
2975 4541 3380 4606 usqueiomini—b'us
3417 4544 3465 4589 iu
3501 4541 3625 4606 duas
3645 4541 3840 4602 disper-

2262 4611 2466 4668 tiantur,
2493 4613 2643 4668 atque
2666 4603 2755 4667 ipsi
2795 4604 2847 4653 S.
2890 4603 3161 4668 Augustini
3185 4605 3424 4668 editores,
3448 4603 3628 4663 quibus
3664 4614 3838 4668 eorum

2212 4663 2223 4686 ³
2263 4669 2375 4718 Mss.
2402 4662 2523 4716 ﬁdes
2546 4662 2803 4727 perspecta
2827 4675 2950 4727 erat,
2971 4662 3100 4715 hanc
3121 4666 3184 4713 ab
3207 4664 3286 4713 illa
3307 4677 3396 4714 non
3421 4662 3685 4727 utcumque
3701 4699 3715 4718 ,
3742 4662 3838 4710 sed

2262 4738 2374 4780 octo
2396 4722 2627 4789 annorum
2651 4722 2914 4789 interstitio
2929 4722 3180 4789 separent,
3201 4728 3396 4789 antiquae
3416 4722 3688 4789 auctoritati
3711 4733 3838 4769 con-

2263 4791 2413 4840 traire
2437 4802 2531 4837 non
2556 4787 2910 4850 placuit._Heic.
2929 4782 3094 4837 tamen
3116 4782 3204 4836 suo
3228 4782 3328 4850 loeti
3359 4782 3638 4840 subdimus,
3663 4790 3725 4830 ut
3748 4795 3838 4831 na-

2262 4853 2362 4902 tivo
2383 4846 2843 4912 ordinibuoadﬁeri
2872 4851 3148 4912 praestabat,
3172 4846 3544 4898 consuleremus.

2347 4913 2393 4972 e)
2427 4910 2500 4972 έι.
2524 4909 2600 4958 81⁷.
2625 4909 2816 4972 scripta
2826 4909 3008 4972 eodem
3022 4915 3256 4972 tempore.

2347 4966 2763 5044 filivpdiusjste
2800 4971 3058 5020 Uxalensis
3093 4966 3198 5032 eSt,
3231 4983 3319 5032 per
3354 4967 3402 5018 id
3440 4968 3675 5030 temporis
3710 4966 3837 5016 fama

2261 5035 2532 5084 sanctitatis
2560 5035 2849 5081 notissimus.

2330 5093 2393 5159 (g)
2430 5094 2500 5143 Ex
2529 5106 2590 5142 eo
2610 5092 2744 5151 dicit,
2769 5092 2895 5154 quod
2922 5091 3146 5202 Episcori
3185 5091 3363 5141 Africae
3394 5088 3594 5153 capillos
3616 5092 3664 5138 in
3701 5101 3838 5138 coro-

2330 5171 2338 5202 :
2361 5156 2577 5202 sneciem
2600 5160 2765 5202 tonsas
2784 5154 3054 5202 deferrent.
3119 5154 3230 5202 dem
3253 5155 3419 5202 itaque
3446 5158 3523 5200 est
3547 5187 3560 5202 .
3586 5164 3643 5199 ac
3665 5161 3836 5202 precor

2261 5154 2577 5217 nac's'peciem
2600 5160 2765 5217 tonsas
2784 5154 3054 5217 deterrent.
3097 5154 3240 5217 [dem
3253 5155 3419 5216 itaque
3446 5158 3560 5217 est,
3586 5164 3652 5217 ac
3665 5161 3836 5217 precor

2261 5211 2404 5280 caput
2424 5224 2578 5280 tuum,
2599 5222 2683 5280 aut
2701 5215 2991 5280 dignitatem
3014 5223 3160 5263 tuam.
3186 5211 3435 5274 Pleraque
3474 5212 3568 5261 alia
3607 5211 3686 5260 his
3707 5211 3838 5260 simi-

2262 5276 2332 5327 lia'
2349 5276 2574 5339 exempla
2596 5277 2938 5339 invenireest.

2323 5339 2418 5401 (Ιιλ
2429 5337 2455 5386 J
2463 5334 2703 5387 erusalem
2725 5345 2778 5401 et
2799 5335 3232 5401 Nabuchodonpsor
3250 5336 3529 5401 nominibus
3552 5339 3722 5401 putant
3736 5334 3840 5401 qui:

2260 5393 2607 5459 dam'l’tomam,
2634 5405 2687 5448 et
2707 5398 2965 5459 Alaricurn,
2989 5397 3224 5459 quiillam
3259 5399 3410 5457 cepit,
3433 5393 3718 5459 signiﬁcari.
3745 5393 3840 5442 Alii

2260 5475 2369 5510 cum
2400 5457 2612 5510 Victoria
2633 5459 2865 5508 Joannem
2897 5457 3354 5520 Jerosolymitanum
3374 5491 3388 5514 ,
3412 5459 3497 5520 qui
3522 5457 3685 5520 adhuc
3707 5467 3839 5504 eno-

2260 5537 2344 5571 res
2364 5534 2495 5579 suos,
2519 5523 2623 5583 sive
2641 5522 2737 5583 jam
2761 5520 3000 5568 damnatas
3021 5517 3239 5583 haereses
3259 5557 3272 5575 ,
3300 5526 3418 5580 puta
3433 5517 3839 5583 Pelagianorum,

2261 5585 2381 5633 clam
2422 5577 2492 5632 et
2519 5577 2716 5644 oblique
2751 5587 3005 5644 conaretur
3048 5577 3342 5636 defendere,
3393 5587 3447 5628 et
3489 5577 3840 5640 Jerosolymam

2260 5646 2409 5706 ipsam
2435 5641 2706 5705 mtestat'e,
2745 5655 2801 5694 ac
2829 5641 3032 5691 factione
3064 5651 3148 5688 sua
3181 5651 3470 5702 oppressam
3503 5647 3742 5702 teneret,
3779 5655 3845 5695 ne

2259 5706 2589 5770 resipisceret.
2881 5733 2889 5736 —

3731 234 3863 293 1ιῇ
3911 305 3938 360 ἱ

3915 365 3950 626 ἱ

3934 633 3964 1174 l

3959 1323 3964 1632 l
