3986 6184
103 248 239 306 1181

99 387 397 458 Egyptum
426 382 734 446 desiderat,
761 384 820 433 ut
847 375 1111 432 moriatur
1141 375 1194 432 in
1225 373 1496 446 Taphnes,
1524 381 1579 430 et
1605 372 1682 430 ibi

100 480 569 550 servitute-pereat
593 471 937 542 sempiterna.

528 626 862 685 EPISTOLA
897 623 1107 684 omn
1149 624 1246 698 (α).

479 789 549 829 ΔΙ)
585 785 814 828 ALYPIUI
852 783 922 825 ET
959 781 1316 824 AUGUSTINUI.

100 909 286 980 Alypio
331 915 380 961 et
422 905 706 978 Augustino
751 903 1054 975 gratulatur,
1083 917 1300 973 quorum
1342 917 1498 972 opera
1537 900 1682 958 Cele-

169 1000 338 1054 stiana
380 997 584 1052 heresis
629 997 694 1050 sit
722 994 969 1050 exstincta
997 1009 1018 1048 .'
1045 992 1291 1062 simulque
1322 1001 1523 1047 excusat
1550 992 1685 1063 quod

166 1089 398 1144 nondum
442 1085 698 1158 scripserit
725 1085 965 1141 adversus
1004 1083 1158 1140 libros
1204 1084 1428 1139 Anniani
1464 1082 1684 1139 Diaconi

171 1178 464 1250 Pelagiani.

165 1291 416 1345 Dominis
439 1303 568 1345 vere
596 1288 797 1344 sanctis
818 1295 978 1359 atque
1001 1286 1150 1342 omni
1173 1286 1455 1343 ailectione
1478 1300 1543 1342 ac
1560 1286 1685 1356 jure

94 1385 422 1440 venerandis
482 1381 736 1438 ALYPIO
798 1391 852 1438 et
917 1380 1313 1438 AUGUSTINO
1361 1379 1682 1451 Episcopis,

93 1473 543 1531 IIlERONYMUS
570 1474 626 1530 in
647 1473 862 1530 Christo
889 1473 1139 1528 salutem.

163 1607 400 1662 Sanctus
424 1606 766 1662 Innocentius
785 1605 1097 1678 Presbyter,
1122 1604 1214 1675 qui
1237 1601 1396 1674 hujus
1420 1602 1686 1658 sermonis

94 1706 176 1756 est
222 1697 480 1767 portitor,
522 1712 666 1751 anno
713 1697 1027 1768 praeterito,
1068 1695 1221 1766 quasi
1263 1709 1598 1764 nequaquam
1628 1695 1681 1749 in

95 1787 329 1842 Africam
353 1801 694 1853 reversurus,
709 1801 827 1841 mea
843 1787 911 1841 ad
925 1786 1286 1856 dignationem
1300 1793 1534 1839 vestram
1552 1781 1687 1838 scri-

101 1886 185 1948 pta
213 1893 326 1933 non
345 1877 596 1947 sumpsit.
617 1877 820 1932 Tamen
837 1877 946 1931 Deo
956 1875 1156 1946 gratias
1172 1875 1379 1946 agimus
1396 1913 1412 1940 ,
1432 1873 1574 1943 quod
1612 1872 1685 1928 ita

100 1969 305 2036 evenit,
329 1977 389 2024 ut
405 1979 648 2025 nostrum
673 1968 948 2024 silentium
969 1967 1164 2023 vestris
1187 1965 1430 2037 epistolis
1476 1964 1682 2036 1067

101 2062 413 2118 vinceretis.
444 2059 572 2117 Mihi
607 2061 751 2117 enim
789 2063 965 2116 omnis
993 2058 1205 2115 occasio
1231 2058 1537 2129 gratissima
1567 2067 1669 2126 est,

99 2169 192 2224 per
217 2169 382 2224 quam
406 2153 585 2209 scribo
610 2160 800 2208 vestra:
827 2151 1173 2215 reverentiae;
1200 2157 1394 2204 testem
1415 2148 1676 2204 invocans

105 2248 294 2311 Deum,
323 2244 469 2315 quod
489 2243 532 2298 si
576 2252 756 2314 posset
788 2241 926 2306 ﬂeri,
955 2240 1245 2310 assumptis
1272 2240 1373 2294 alis
1397 2239 1680 2309 columbae,

103 2340 292 2396 vestris
340 2336 682 2407 amplexibus
719 2334 1058 2404 implicarer:
1087 2347 1302 2400 semper
1328 2332 1544 2403 quidem
1585 2347 1684 2402 pro

106 2431 296 2486 merito
350 2428 608 2484 virtutum
657 2434 1002 2490 vestrarum;
1057 2422 1152 2478 sed
1203 2437 1346 2478 nunc
1411 2423 1680 2489 maxime,

102 2523 220 2594 quia
245 2520 325 2591 (ὁ)
363 2517 807 2590 cooperatoribus
830 2524 884 2572 et
924 2513 1235 2570 auctoribus
1260 2512 1435 2579 vobis,
1464 2512 1684 2569 haeresis

100 2612 399 2669 Celestiana
439 2609 682 2681 iugulata
715 2617 822 2674 est,
843 2621 962 2677 quae
979 2605 1052 2660 ita
1084 2603 1268 2660 infecit
1291 2603 1453 2659 corda
1483 2603 1684 2659 multo-

103 2721 216 2761 rum
239 2747 256 2774 ,
305 2713 368 2759 ιιι
405 2717 532 2759 cum
577 2708 857 2772 superatos
884 2698 1272 2766 damnatosque
1319 2709 1440 2751 esse
1467 2710 1527 2751 se
1554 2710 1682 2751 sen-

105 2799 252 2866 tiant,
284 2807 465 2852 tamen
491 2809 700 2850 venena
737 2791 998 2847 mentium
1029 2803 1136 2845 non
1165 2789 1416 2844 omittam
1439 2787 1500 2861 [f.
1529 2788 1683 2842 amit-

106 2887 228 2961 tant]
253 2907 268 2944 :
300 2896 361 2944 et
393 2886 536 2957 quod
575 2885 747 2941 solum
772 2891 1016 2954 possunt,
1040 2895 1139 2936 nos
1159 2881 1391 2946 oderint,
1422 2896 1520 2952 per
1549 2894 1686 2952 quos

106 2987 291 3048 putant
314 2994 381 3035 se
409 2979 710 3032 libertatem
733 2974 992 3031 docenda
1031 2973 1304 3029 haereseos
1328 2973 1647 3044 perdidisse.

173 3071 228 3125 2.
271 3068 430 3137 Quod
456 3075 636 3122 autem
661 3067 899 3138 quaaritis
922 3108 938 3134 ,
965 3075 1142 3121 utrum
1168 3067 1536 3136 rescripserim
1558 3082 1689 3123 con-

107 3172 183 3219 tra
226 3164 399 3218 libros
434 3161 665 3216 Anniani
717 3159 810 3232 [al.
842 3158 1082 3230 Amandi]
1107 3199 1120 3222 ,
1151 3157 1574 3213 Pseudodiaconi
1608 3159 1686 3231 (ο)

106 3256 417 3312 Celedensis
441 3295 457 3322 ,
490 3254 578 3324 qui
603 3252 976 3323 copiosissime
1005 3251 1239 3320 pascitur
1277 3249 1383 3320 (ά),
1415 3259 1474 3304 ut
1498 3250 1689 3306 aliena:

110 3347 461 3418 blasphemia:
490 3345 654 3401 verba
703 3344 895 3399 frivola
941 3342 1312 3398 subministret
1335 3381 1351 3408 ,
1381 3341 1564 3397 sciatis
1599 3358 1687 3398 me

112 3439 253 3507 ipsos
279 3438 450 3493 libros
477 3436 531 3492 in
555 3435 828 3493 schedulis
851 3433 1047 3489 missos
1067 3447 1098 3487 a
1118 3441 1304 3488 sancto
1325 3431 1488 3488 fratre
1506 3441 1690 3487 nostro

114 3530 341 3587 Eusebio
390 3531 715 3600 Presbytero
753 3527 1096 3597 suscepisse,
1137 3540 1247 3581 non
1296 3535 1420 3580 ante
1466 3525 1690 3580 multum

118 3624 399 3693 temporis;
432 3630 489 3678 et
532 3620 726 3677 exinde
771 3619 856 3674 vel
900 3617 1276 3690 ingruentibus
1323 3615 1560 3681 morbis,
1605 3615 1689 3670 vel

119 3713 437 3770 dormitione
474 3723 675 3768 sancta:
713 3721 769 3767 et
815 3709 1139 3766 venerabilis
1178 3707 1301 3762 filia:
1331 3715 1525 3761 vestrae
1576 3706 1685 3760 Eu-

121 3805 326 3870 stochii,
360 3804 434 3860 ita
463 3804 702 3859 doluisse
723 3843 740 3870 ,
775 3811 834 3857 ut
860 3799 1245 3871 propemodum
1266 3797 1693 3853 contemnendos

123 3904 384 3962 putarem.
421 3894 480 3948 In
522 3893 712 3949 eodem
759 3896 903 3948 enim
947 3891 1062 3945 luto
1092 3891 1334 3955 haesitat,
1364 3898 1419 3942 et
1456 3887 1694 3956 exceptis

123 3986 294 4041 verbis
341 3983 566 4039 tinnulis
607 3991 770 4052 atquo
795 3979 1162 4044 emendicatis,
1196 3977 1330 4031 nihil
1357 3976 1500 4030 aliud
1523 3975 1695 4045 loqui-

125 4084 223 4131 tur.
251 4077 458 4132 Tamen
500 4073 729 4128 multum
771 4072 1010 4142 egimus;
1043 4077 1102 4124 ut
1135 4067 1263 4123 dum
1293 4066 1532 4136 epistolae
1562 4081 1696 4121 mea:

133 4168 456 4239 respondere
495 4173 740 4229 conatur,
769 4162 1003 4233 apertius
1045 4174 1105 4216 se
1155 4158 1442 4230 proderet,
1475 4165 1530 4212 et
1574 4156 1692 4211 bla-

128 4259 390 4328 sphemias
436 4271 562 4313 suas
606 4253 858 4310 omnibus
891 4249 1232 4323 patefaceret.
1260 4247 1526 4318 Quidquid
1553 4247 1696 4302 enim

135 4349 182 4405 in
210 4353 299 4407 illa
323 4349 621 4408 miserabili
646 4345 864 4420 Synodo
898 4342 1262 4414 Diospolitana
1292 4339 1490 4395 dixisse
1509 4353 1571 4394 se
1598 4338 1695 4394 de-

209 4485 256 4546 a)
294 4485 362 4536 ΑΙ.
387 4486 468 4536 79.
494 4482 1028 4546 scripta__exeunte_a.n-_
1038 4477 1184 4546 “93
1283 4537 1294 4546 _
1484 4498 1518 4516 "
1611 4531 1643 4546 ..

211 4533 254 4611 of
287 4533 777 4611 Alibivoperatioribus
805 4555 823 4592 :
848 4549 900 4592 et
921 4533 971 4590 in
1005 4537 1295 4590 Lovaniensi
1321 4534 1535 4586 editione
1556 4533 1700 4596 adju-

135 4605 299 4658 tarib'us
321 4623 405 4670 pro
427 4605 720 4658 auctoribus.
1284 4658 1296 4670 ,
1652 4657 1664 4668 .

200 4666 256 4707 iri
292 4671 408 4707 ant
436 4672 518 4707 nui
561 4666 823 4707 Intrandum
861 4663 1016 4707 velint
1050 4659 1319 4707 Teledensts
1353 4671 1382 4707 a
1424 4655 1664 4707 Teledani

199 4666 256 4775 is)
292 4659 416 4720 S'unt
436 4672 521 4732 qui
559 4666 823 4740 legendum
861 4659 1319 4736 velint.T_eledensis
1353 4671 1382 4708 a
1424 4659 1629 4730 reledan
1651 4659 1702 4704 in

139 4726 193 4777 Ca
213 4731 324 4794 cidze
344 4733 554 4794 regione
575 4729 886 4794 haud__i_gnot_1
910 4721 1348 4794 nominisoppidoi,
1378 4717 1700 4794 cujusvidea-

140 4780 475 4858 t1I.r._fuiése§et
498 4791 688 4858 Marcus
709 4780 794 4858 ill'e
816 4787 876 4858 est
898 4799 1047 4858 qusm
1067 4780 1700 4858 niei‘:i§.crieitsni§!;!3-

139 4849 227 4912 Alii
249 4839 586 4903 cum'liarouio
605 4887 618 4911 ,
644 4850 732 4912 sed
755 4848 895 4898 valde
913 4839 1432 4912 infirmisoargumehtis
1454 4839 1702 4912 Canaden-

139 4910 228 4969 sis,
251 4921 302 4962 et
339 4913 579 4964 Valeriani
605 4903 876 4973 praeferunt
913 4903 1224 4973 pro/minui.
1266 4903 1498 4973 Plerique
1536 4909 1702 4973 autem

142 4961 297 5037 patriai
320 4961 820 5037 Campanumfaciuut
856 4961 1240 5037 et:Ce_l§nen'sem
1277 4961 1576 5037 diaconum;
1614 4961 1702 5037 sed

142 5024 277 5095 vulgo
299 5024 890 5099 auditjceledensisetiam
913 5027 1101 5099 inhiass.
1120 5026 1357 5099 .Is-porro
1375 5024 1570 5099 videtur
1587 5036 1706 5099 esse

144 5087 281 5152 (ιιιεῖω
324 5088 522 5148 Orosius
564 5093 764 5154 Goliatlt,
811 5093 922 5154 sive
961 5087 1167 5154 Pelagii
1206 5087 1498 5154 armigerum
1550 5090 1703 5154 vocat.

152 5145 174 5196 ἆ
203 5154 304 5206 Stat
325 5145 694 5209 immanissimus
728 5145 959 5216 superbia
994 5145 1246 5216 Goliam...
1284 5145 1484 5216 habens:
1503 5151 1611 5216 post
1648 5156 1706 5193 se

148 5218 427 5281 armigerum
447 5233 610 5276 suum,
632 5219 716 5281 qui
740 5209 834 5281 etsi
859 5217 963 5281 ipse
987 5225 1081 5281 non
1103 5209 1324 5281 dimicat,
1350 5211 1520 5281 cuncta
1545 5213 1708 5281 tamen

150 5269 287 5336 teris,w
297 5288 346 5329 et
367 5269 480 5330 ferri
502 5269 728 5341 suffragia
751 5269 1100 5341 subministrat.
1123 5287 1146 5315 ι
1177 5269 1380 5341 scilicet
1415 5269 1530 5341 eius.
1559 5277 1710 5341 Opera

152 5341 198 5383 et
238 5326 1072 5403 sesesummasumma;:
1112 5337 1405 5403 eamusque
1428 5326 1709 5403 id???”

151 5406 290 5474 gensu
324 5389 666 5474 atque—animo
708 5397 928 5474 Homiliaa
963 5389 1148 5474 aliqugt
1176 5389 1481 5474 S._.Jt{anﬂis.
1503 5389 1704 5474 Clum).-

151 5460 289 5536 ftqtni
389 5451 748 5536 illo_Latinitate
768 5460 956 5510 donata:
976 5491 992 5518 ,
1017 5451 1068 5507 et
1089 5453 1290 5506 Orontio
1313 5451 1578 5514 Pelagiano
1597 5451 1711 5510 Ept-

153 5527 290 5580 scopo
306 5527 554 5586 inscriptae.
1665 5574 1674 5583 ν

161 5636 180 5650 ν
317 5580 544 5650 Nimirum
581 5585 769 5650 Pelagii
799 5581 994 5650 haeresi.
1041 5579 1209 5650 Simile
1222 5576 1471 5650 "quiddam
1505 5574 1713 5650 dixit}?

156 5636 385 5718 lulianum
407 5647 658 5718 Augustin.
686 5636 792 5696 Ιῗὲ.
817 5642 1120 5708 0p.lmperf.
1145 5653 1194 5690 ιι.
1221 5636 1298 5690 5i.
1324 5651 1358 5688 Α
1392 5636 1603 5701 deceptis
1620 5636 1712 5684 mi-

159 5709 270 5753 δεηε
289 5709 495 5767 pasceris
518 5709 712 5761 otiosus.

1451 232 1790 293 EPISTOLA
1825 232 2033 291 CXLIV
2045 276 2059 291 .

3224 245 3371 304 “82

1793 359 1975 422 negat,
2006 351 2059 406 in
2086 350 2200 408 hoc'
2225 365 2388 423 opere
2423 352 2741 423 confitetur;
2769 370 2870 413 nec
2901 358 3105 429 grande
3140 369 3225 416 est
3248 363 3367 418 ine-
3427 425 3431 430 ,

1790 443 2048 513 piissimis
2061 445 2249 501 naeniis
2265 446 2610 516 respondere.
2633 447 2691 504 Si
2717 459 2895 503 autem
2919 451 3174 508 Dominus
3199 454 3361 509 vitam

1796 535 2008 607 1068
2063 536 2328 603 tribuerit,
2350 546 2406 593 et
2425 539 2753 597 notariorum
2771 538 3113 597 habuerimus
3129 545 3363 613 copiam,

1789 625 1972 694 paucis
1986 626 2458 683 lucubratiunculis
2475 628 2942 698 respondebimus:
2958 645 3065 686 non
3077 641 3136 686 ut
3146 634 3367 688 convin-

1790 731 1978 771 camus
2011 716 2256 774 haeresim
2283 729 2582 774 emortuam
2615 717 2707 792 [al.
2735 720 3036 794 mortuam];
3063 723 3159 778 sed
3188 731 3244 779 ut
3263 725 3365 780 im-

1790 809 2032 878 peritiam
2061 819 2219 880 atque
2237 809 2625 881 blasphemiam
2648 812 2785 882 ejus,
2803 814 2999 869 nostris
3019 816 3358 872 sermonibus

1788 901 2148 958 confutemus.
2175 903 2472 974 Meliusque
2499 905 2608 960 hoc
2632 904 2832 960 faceret
2859 908 3116 963 sanctitas
3148 918 3361 977 vestra;

1789 1009 1857 1050 ne
1893 995 2286 1065 compellamur
2330 1007 2517 1053 contra
2564 998 2876 1058 haereticum
2906 1010 3088 1056 nostra
3119 1001 3358 1058 laudare.

1789 1084 1972 1142 Sancti
1996 1086 2093 1141 lilii
2110 1101 2426 1143 communes
2453 1089 2530 1160 (e)
2555 1089 2764 1156 Albina,
2787 1090 3039 1146 Pinianus
3065 1100 3121 1146 et
3144 1092 3364 1148 Melania

1791 1177 2076 1247 plurimum
2099 1193 2196 1234 vos
2228 1179 2478 1242 salutant.
2513 1179 2622 1236 llas
2651 1181 2858 1236 litteras
2883 1182 2952 1238 de
2993 1193 3174 1238 sancta
3197 1185 3364 1240 Beth-

1787 1269 1924 1325 leem
1950 1311 1965 1338 ,
2007 1281 2191 1327 sancto
2237 1272 2559 1344 Presbytero
2594 1271 2904 1328 Innocentio
2937 1273 3060 1329 dedi
3089 1277 3366 1345 perferen-

1786 1361 1903 1417 das.
1945 1361 2130 1433 Neptis
2171 1374 2348 1419 vestra
2406 1363 2569 1420 Paula
2597 1364 2665 1436 (ι’)
2695 1364 3072 1421 miserabiliter
3101 1366 3361 1438 depreca-

1791 1464 1896 1521 tur,
1926 1464 1985 1511 ut
2029 1471 2295 1512 memores
2328 1458 2448 1526 ejus
2483 1458 2636 1524 sitis,
2663 1467 2719 1512 et
2754 1459 2975 1513 multum
3003 1474 3100 1514 vos
3139 1461 3356 1516 salutat.

1791 1544 2094 1602 Incolumes
2120 1561 2218 1602 vos
2247 1557 2301 1602 et
2337 1563 2605 1604 memores
2635 1549 2775 1614 mei,
2809 1549 3020 1604 Domini
3044 1551 3212 1605 nostri
3236 1551 3364 1607 Jesu

1788 1637 1984 1694 Christi
2030 1648 2244 1696 tueatur
2265 1641 2547 1696 clementia
2568 1681 2584 1707 ,
2610 1641 2820 1697 Domini
2845 1657 2974 1700 vere
3003 1645 3176 1700 sancti
3203 1654 3365 1717 atque

1789 1729 2028 1784 omnium
2055 1729 2341 1786 affectione
2368 1731 2702 1788 venerabiles
2731 1741 2932 1803 patres.

2219 1886 2550 1944 EPISTOLA
2588 1889 2794 1946 cxuv
2833 1889 2933 1963 (ο).

1859 2011 1905 2053 8.
1930 2011 2209 2054 Αυρυετικι
2229 2015 2296 2054 ΑΒ
2324 2015 2575 2057 ορτΑτυι
2594 2018 2882 2060 ειηεοοιθωι
2907 2019 3291 2064 κιιιςνιτλαυιί.

2154 2089 2235 2145 De
2258 2089 2464 2145 Natura
2498 2101 2545 2146 et
2573 2094 2766 2164 origine
2793 2095 2996 2150 animus.

1789 2198 2034 2254 Nondum
2073 2216 2128 2254 se
2164 2201 2253 2255 abs
2297 2201 2608 2274 Hieronymo
2652 2220 2947 2274 responsum
2991 2208 3214 2277 epistolae
3262 2227 3372 2266 sua:

1862 2289 1970 2344 heic
1995 2290 2119 2345 151.
2137 2289 2203 2345 de
2223 2289 2432 2362 Origine
2455 2292 2638 2347 animle
2655 2295 2920 2363 accepisse,
2940 2312 3028 2350 nec
3042 2313 3151 2352 eam
3167 2298 3370 2355 interim

1859 2381 2280 2435 consultationem
2308 2381 2362 2436 in
2391 2382 2569 2454 uulgus
2594 2383 2674 2437 edi
2696 2401 2750 2440 se
2778 2385 3014 2456 probare.

1860 2493 2090 2549 Domino
2142 2492 2455 2548 beatissimo
2479 2534 2496 2560 ,
2545 2495 2932 2566 Sinceriterque
2969 2499 3271 2568 carissimo,
3313 2512 3371 2558 et

1787 2584 2247 2642 desideratissimo
2283 2584 2456 2653 fratri,
2485 2595 2540 2640 et
2575 2585 2908 2659 Coepiscopo
2933 2588 3212 2649 0PTATO
3248 2593 3371 2652 AU-

1788 2678 2125 2738 GUSTINUS
2150 2679 2207 2735 in
2228 2678 2458 2734 Domino
2484 2679 2734 2736 salutem.

1864 2813 1919 2868 1.
1955 2829 1977 2867 s
2009 2812 2114 2869 Per
2154 2811 2465 2884 religiosum
2512 2811 2892 2883 Presbyterum
2921 2813 3003 2886 (It)
3025 2811 3367 2874 Saturninum

1854 2991 1926 3056 (e)
1957 2993 2115 3060 Antea
2151 3003 2307 3054 penes
2341 2990 2674 3060 hlartiauaaum
2710 2997 2764 3060 et
2787 2990 3239 3060 Yict_or_._.4(b_inu§,_
3254 2997 3369 3060 Αρῇ-

1789 3052 1980 3105 uiduus.
2005 3053 2068 3104 Et
2089 3052 2253 3102 notum
2275 3052 2474 3115 quidem
2494 3052 2718 3115 Albinam
2748 3052 2862 3102 lieic
2885 3053 3085 3103 indicari
3104 3093 3118 3114 ,
3141 3052 3367 3109 meum

1790 3117 2000 3178 senioris
2020 3115 2161 3178 tiliam
2182 3148 2198 3173 ,
2218 3114 2424 3178 junioris
2441 3147 2456 3174 ,
2489 3127 2599 3178 quae
2620 3114 2829 3178 Piniano
2844 3123 3073 3178 nupserat
3095 3151 3110 3174 ,
3134 3127 3366 3178 matrem,

1791 3178 1922 3226 unde
1947 3175 2429 3239 legendumquidem
2455 3175 2624 3239 Albino
2647 3189 2733 3239 pro
2758 3175 2950 3225 Albinus
2971 3179 3157 3227 monuit
3180 3175 3368 3239 pridem

1789 3237 2060 3299 Barouius,
2085 3237 2488 3301 quemadmodum
2525 3238 2572 3286 in
2611 3238 2765 3301 tribus
2805 3239 3055 3301 antiquiss.
3081 3237 3218 3289 codd.
3252 3241 3366 3290 Mss.
3433 3246 3439 3253 '

1793 3297 2441 3366 Colbertinte‘llibliothecm
2472 3299 2660 3366 reperit
2689 3297 3183 3366 scriptum'lialuzius.
3222 3302 3369 3366 Isque

1793 3375 1984 3411 rursum
2007 3364 2056 3410 in
2079 3359 2294 3422 Indiculo
2316 3373 2520 3422 operum
2542 3360 2595 3422 δ.
2622 3359 2915 3421 Augustini,
2938 3361 3052 3408 dum
3075 3359 3370 3413 commemo-

1793 3431 1961 3472 rantur
1984 3425 2092 3483 ejus
2114 3421 2476 3484 lucubrationes
2498 3421 2731 3484 adversus
2752 3421 3040 3484 Pelagianos
3058 3457 3072 3482 ,
3101 3426 3148 3472 in
3186 3424 3370 3475 Biblio-

1795 3481 2189 3548 thecaeiejusdem
2213 3483 2499 3548 Colbertinze
2517 3481 2807 3548 codicelegi
2825 3481 3033 3548 testatur
3047 3481 3116 3548 ad
3135 3485 3366 3548 .4lln'nam,

1795 3547 1877 3594 ubi
1904 3543 2054 3595 editio
2078 3543 2348 3608 Ulirnnierii
2366 3545 2520 3608 habet
2543 3543 2842 3608 A_lbi_nianum
2861 3579 2875 3604 ,
2901 3545 3007 3608 alia:
3045 3544 3261 3608 Albinum
3281 3587 3293 3608 ,
3320 3543 3373 3598 et

1798 3608 1846 3670 in
1871 3608 2126 3667 excerptis
2148 3605 2373 3670 thilletii
2388 3618 2476 3670 ⁸βιι
2499 3606 2607 3670 eod.
2631 3604 2830 3670 Jurensi
2854 3605 3072 3670 Albinam
3097 3606 3197 3670 legi
3219 3604 3370 3660 notat.

1795 3667 1894 3731 Nos
1910 3670 1958 3718 in
1980 3666 2122 3731 epist.
2146 3668 2195 3716 3.
2220 3667 2279 3715 ad
2301 3666 2540 3716 Bullinum
2564 3667 2774 3731 diximus
2796 3681 2859 3716 ex
2882 3667 3083 3731 aliorum
3106 3666 3369 3729 sententia,

1795 3727 2081 3780 feminarum
2119 3731 2431 3792 qua:_merito_
2452 3727 2762 3792 excellerent
2793 3730 2985 3792 nomina
3015 3731 3316 3792 quandoque,
3343 3727 3372 3781 a

1796 3794 2048 3842 veteribus
2069 3787 2330 3840 masculina
2361 3790 2623 3837 inﬂexione
2653 3787 2803 3835 fuisse
2828 3789 3003 3836 donata
3021 3787 3047 3846 ,“
3071 3790 3200 3838 unde
3223 3787 3371 3841 Mela-

1795 3852 1906 3902 nius
1928 3866 2016 3916 pro
2033 3848 2243 3916 -_Mell_mia
2267 3857 2404 3916 esset
2423 3885 2436 3905 ,
2463 3855 2513 3895 et
2542 3845 2730 3916 Albi-nus
2756 3859 2842 3916 pro
2864 3847 3034 3916 Alpina
3051 3849 3217 3916 ,quod
3241 3865 3372 3916 nunc

1799 3907 2048 3960 emendari
2072 3908 2325 3966 volumus,
2353 3913 2405 3957 et
2425 3908 2652 3956 constitui
2677 3920 2705 3954 e
2729 3909 2969 3956 contrario
2989 3911 3038 3956 in
3069 3907 3169 3957 ium
3206 3910 3370 3960 ell‘erri

1797 3974 1938 4022 solita
1963 3972 2219 4020 mulierum
2239 3970 2432 4018 nomina
2452 3969 2736 4029 diminutive
2753 4003 2767 4027 ,
2795 3968 2925 4029 unde
2961 3968 3218 4019 Mclanium
3237 4007 3250 4029 ,
3275 3985 3372 4022 non

1798 4032 2048 4095 Helonius,
2075 4030 2322 4095 Euboiium
2359 4027 2656 4095 ριεςῃῑιώοιςε2
2682 4028 2962 4095 angam-Im
2998 4044 3082 4095 pro
3105 4027 3334 4095 magaria
3357 4069 3372 4092 ’

1800 4089 2090 4159 glyceritun,
2114 4091 2343 4159 gratiam,
2359 4089 2757 4159 'Philomathium,
2774 4089 3123 4159 'Adelphasium
3141 4130 3154 4154 ,
3182 4089 3375 4158 aliaque

1799 4152 1878 4206 his
1911 4155 2091 4218 similia
2106 4153 2394 4218 diminutive
2431 4155 2502 4203 sic
2538 4161 2829 4218 nuncupata.
2870 4152 3013 4218 Quod
3041 4153 3107 4218 de
3141 4152 3375 4218 praesenti

1800 4229 1997 4281 quoque
2017 4213 2471 4281 Albinadicendum
2504 4213 2749 4281 videatur,
2774 4226 2885 4281 quae
2911 4213 3378 4281 Albinium'appella-

1801 4233 1997 4281 quoque
2017 4233 2192 4266 AIDllla
2215 4233 2471 4264 utcenuuui
2504 4233 2722 4263 vrucatur
2736 4253 2749 4273 ,
2774 4233 2885 4276 qua:
2911 4233 3144 4265 Awmtum
3167 4233 3225 4279 3])
3241 4233 3376 4267 veita-

1801 4287 1850 4330 ta
1873 4282 1970 4338 sit,
1995 4287 2079 4328 aut
2102 4275 2338 4326 Albinum.
2374 4277 2438 4338 At
2471 4277 2695 4338 enimut
2725 4276 2874 4324 multa
2913 4285 3169 4328 occurrant
3211 4233 3376 4328 ἁπερεί

1800 4337 2061 4390 mulierum
2098 4339 2291 4387 nomina
2315 4339 2367 4386 in
2389 4337 2490 4387 ium
2519 4337 2693 4400 Latine
2726 4340 3028 4400 pronuntiata
3049 4373 3064 4398 ,
3100 4353 3165 4388 ex
3198 4339 3379 4390 Graecae

1801 4401 1979 4464 lingua:
1998 4401 2198 4474 ingenio
2213 4400 2517 4472 diminutive,
2541 4398 2775 4474 Romana,
2796 4400 3060 4474 cuiusmodi
3082 4401 3255 4474 Alpina
3281 4409 3373 4474 est,

1800 4461 2038 4525 nusquam
2053 4461 2290 4525 invenio,
2317 4470 2578 4525 n_ec_certe_
2594 4473 2661 4511 ex
2695 4461 2849 4525 hujus
2858 4461 3036 4523 linguae
3057 4463 3275 4525 analogia
3287 4461 3380 4525 fil-

1801 4521 1984 4574 bimum
2001 4561 2015 4582 ,
2052 4524 2140 4574 sed
2166 4521 2384 4572 Albinula
2405 4522 2611 4572 dicenda
2635 4521 2785 4571 esset.
2810 4521 2850 4571 E
2887 4521 3128 4572 contrario
3149 4521 3247 4571 no'n
3278 4523 3380 4572 fru-

1802 4593 1902 4635 stra
1926 4586 2110 4636 habent
2131 4584 2246 4634 Mss.
2279 4583 2458 4644 Albino,
2486 4583 2566 4633 vel
2591 4583 2838 4640 Albinum,
2879 4590 2930 4631 et
2953 4583 3003 4630 in
3043 4584 3242 4644 vocandi
3266 4597 3380 4632 casu

1803 4645 1987 4703 Albine,
2015 4647 2276 4698 masculina
2307 4643 2652 4696 terminatione
2690 4651 2790 4692 tum
2825 4643 2938 4705 heic
2956 4677 2969 4701 ,
2997 4650 3096 4691 tum
3119 4643 3232 4705 alibi
3256 4647 3378 4705 apud

1804 4702 2161 4770 Augustinum;
2188 4710 2380 4758 tametsi
2419 4709 2473 4770 in
2503 4705 2775 4770 ejus_epist.
2817 4702 2926 4770 124.
2965 4716 3028 4770 ex
3053 4717 3150 4753 uno
3174 4702 3382 4770 Corbei-

1808 4763 1912 4820 ensi
1954 4771 2047 4835 Ms.
2070 4763 2335 4835 repositum
2369 4763 2850 4835 Albintéjitfouare
2887 4763 3235 4835 ist_nd_consilii
3274 4765 3386 4835 heic

1806 4845 2003 4894 quoque
2037 4826 2144 4883 loci'
2166 4845 2254 4880 nos
2278 4834 2530 4894 cepimus,
2556 4826 3044 4894 Notaruni_brevitati
3067 4826 3386 4894 consulentes

1806 4886 1862 4943 tit
1889 4886 2053 4944 Albino
2086 4886 2429 4944 scriberemus.
2472 4890 2731 4950 Creterum
2751 4886 2979 4950 ﬁnitimis
3002 4899 3089 4948 pro
3125 4886 3385 4950 ζσιρὶηἱωῃιδ

1807 4957 2142 5013 restituimus,
2168 4952 2295 5013 quod
2334 4950 2587 5013 sexcentis
2607 4946 2733 5010 apud
2767 4946 3092 5013 Augustinum
3125 4946 3245 4997 locis
3269 4985 3282 5004 ,
3319 4947 3386 4996 ita

1807 5016 2043 5078 appellari
2065 5007 2367 5075 compertum
2406 5013 2486 5078 sit.
2513 5007 2723 5078 Yeteres
2755 5007 2869 5056 editi
2906 5016 3072 5078 tamen
3105 5016 3388 5078 constanter

1807 5068 2094 5140 A'p'inianwn
2120 5068 2329 5140 vocant,
2345 5073 2462 5140 quin
2486 5069 2990 5140 eti.am_l_liercnymus
3013 5071 3123 5140 vita:
3153 5069 3206 5118 S.
3233 5068 3386 5140 Mela-

1809 5129 1905 5188 nite
1922 5138 2128 5197 scriptor
2149 5133 2274 5197 apud
2299 5129 2494 5197 Stirium
2527 5132 2611 5181 die
2633 5133 2712 5180 51.
2737 5129 3122 5197 Januarii,th
3143 5139 3249 5197 erat
3272 5143 3389 5197 {ipe-

1810 5199 1954 5249 niano
1975 5192 2194 5268 .q'zu'dem
2229 5195 2397 5307 ag?
2431 5200 2634 5258 quatuor
2677 5204 2928 5264 annorum.
2953 5192 3158 5244 Videtur
3203 5192 3388 5243 deinde

1811 5260 2069 5307 Melanium
2090 5271 2178 5307 pro
2200 5267 2273 5307 Mc
2375 5271 2406 5306 a
2429 5255 2696 5307 legendum
2719 5267 2768 5301 In
2790 5261 2943 5302 recto.

1811 5255 2069 5328 Melanium
2090 5271 2178 5320 pro
2200 5255 2406 5323 ntelmu'a
2429 5255 2696 5328 legendum
2719 5255 2770 5328 in
2786 5261 2943 5328 recto.

1877 5315 2132 5431 ag’itpér
2183 5315 2375 5370 Viennae
2417 5315 2627 5381 primum
2670 5315 2820 5366 edita.
2844 5317 3032 5382 scripta
3072 5321 3125 5368 ut
3167 5315 3389 5376 videtur,

1876 5445 1952 5512 (g)
1985 5444 2216 5512 Intellige
2237 5442 2439 5494 Paulam
2465 5441 2726 5504 iuniorem,
2751 5438 2898 5491 Lacus
2929 5446 2982 5491 et
3003 5439 3195 5492 Toxotii
3226 5439 3390 5502 tiliam,

1812 5507 2058 5558 Eustachii
2084 5507 2300 5567 neptem.

1877 5569 1952 5630 (h)
1986 5569 2104 5617 limo
2128 5564 2205 5630 est
2233 5584 2257 5613 α
2278 5566 2490 5630 secunda
2521 5565 2572 5614 S.
2596 5565 2858 5630 Augustini
2891 5564 2948 5630 ad
2973 5564 3202 5630 Optatum
3221 5565 3394 5630 Mille-

1819 5627 2032 5680 vitanum
2054 5630 2118 5680 de
2141 5629 2322 5679 Natura
2347 5637 2400 5679 et
2421 5627 2625 5686 Origine
2648 5628 2820 5676 anima:
2846 5627 3053 5686 epistola
3074 5644 3098 5673 ι
3125 5642 3190 5679 ex
3215 5629 3278 5687 iis
3298 5629 3396 5679 sci-

1819 5694 1939 5746 licet
1959 5706 2085 5758 quos
2104 5691 2166 5744 ad
2190 5692 2416 5742 eumdem
2437 5691 2528 5740 hac
2548 5690 2613 5741 de
2635 5705 2690 5742 re
2713 5690 2920 5754 scripsit.
