3986 6184
586 299 727 360 1183

585 429 695 477 tuae
718 409 1078 475 venerationis
1104 406 1307 463 litteras
1332 418 1534 476 sumpsi
1612 403 1823 477 1069
1897 401 2045 457 hoca
2071 415 2157 457 me

586 521 777 579 magno
824 502 1001 569 studio
1038 498 1179 569 quod
1217 496 1455 563 nondum
1497 496 1674 555 habeo
1714 490 2158 565 ﬂagitantis..Sed

578 615 678 658 cur
708 597 813 650 hoc
838 591 1031 651 feceris
1055 604 1274 652 causam
1301 588 1431 651 mihi
1455 583 1910 657 aperuistimuod
1955 583 2159 640 scilicet

582 685 772 743 credas
800 683 868 739 de
898 682 1000 737 hac
1023 696 1084 737 re
1124 679 1259 743 mihi
1278 677 1577 734 consulenti
1602 676 1714 747 jam
1742 675 1909 732 fuisse
1933 687 2156 742 respon-

578 791 720 834 sum.
752 773 965 841 Utinam
996 772 1071 832 ita
1089 771 1269 827 esset!
1301 769 1454 824 Absit
1478 778 1537 825 ut
1562 776 1614 824 te
1636 807 1655 835 ,
1691 766 1846 837 cujus
1879 773 2155 834 exspecta-

582 868 784 925 tionem
822 862 1187 920 avidissimam
1230 862 1475 919 noverim
1500 900 1515 927 ,
1544 859 1703 930 huius
1745 857 1983 914 muneris
2005 870 2155 912 com-

579 956 995 1015 municationem
1022 953 1356 1017 fraudarem;
1403 950 1498 1007 sed
1539 950 1585 1006 si
1611 949 1738 1020 quid
1767 948 1962 1015 credis,
1992 946 2157 1003 frater

578 1050 875 1118 carissime,
903 1047 1141 1120 quinque
1181 1044 1351 1101 ferme
1379 1044 1504 1099 anni
1536 1058 1664 1099 ecce
1691 1043 1888 1101 evoluti
1914 1049 2059 1107 sunt,
2091 1055 2158 1093 ex

578 1155 685 1211 quo
710 1141 764 1196 in
790 1140 1064 1196 Orientem
1091 1136 1211 1195 misi
1240 1135 1316 1207 (a)
1336 1135 1555 1191 Librum
1581 1150 1687 1191 non
1705 1134 2153 1205 praesumptionis,

577 1233 674 1291 sed
702 1230 1111 1293 consultationis
1140 1244 1298 1297 meae,
1329 1237 1385 1284 et
1413 1228 1589 1284 adhuc
1613 1226 1876 1297 rescripta
1903 1240 2008 1282 non
2038 1240 2157 1280 me-

583 1327 688 1393 rui,
716 1326 915 1399 quibus
939 1322 1072 1383 mihi
1102 1321 1425 1379 enodaretur
1450 1321 1566 1376 hate
1591 1320 1837 1391 quaestio,
1868 1320 1920 1374 in
1948 1333 2048 1388 qua
2070 1333 2158 1374 me

580 1420 734 1493 cupis
758 1417 826 1475 ad
865 1425 920 1477 te
954 1424 1158 1473 certam
1188 1413 1328 1470 ferre
1355 1412 1699 1469 sententiam.
1735 1411 2029 1481 Utrumque
2057 1423 2157 1480 ego

580 1512 849 1573 misissem
872 1549 891 1582 ,
930 1509 979 1575 si
1012 1516 1303 1578 utrumque
1348 1505 1620 1562 haberem.
1653 1505 1767 1561 Hoc
1809 1512 1987 1563 autem
2017 1502 2156 1573 quod

580 1600 773 1668 habeo,
815 1603 935 1667 sine
973 1601 1167 1669 altero,
1205 1597 1348 1670 quod
1399 1595 1633 1655 nondum
1674 1594 1870 1663 habeo,
1910 1594 2158 1664 cuiquam

580 1692 777 1747 debere
819 1706 907 1747 me
943 1690 1057 1760 jam
1100 1690 1347 1755 mittere,
1377 1687 1463 1743 vel
1502 1686 1667 1743 edere
1691 1701 1799 1745 nou
1827 1685 2059 1752 videtur,
2089 1700 2158 1742 ne

587 1783 701 1846 ille,
734 1782 823 1850 qui
852 1781 981 1834 mihi
1012 1779 1243 1834 fortasse
1267 1818 1282 1843 ,
1307 1787 1365 1831 ut
1394 1777 1644 1832 desidero
1673 1791 2025 1847 responsurus
2051 1785 2154 1842 est,

582 1872 1059 1941 interrogationem
1128 1882 1309 1923 meam
1361 1867 1725 1937 disputatione
1781 1868 2156 1935 operosissima

577 1965 925 2029 elaboratam,
952 1962 1071 2019 siue
1094 1975 1195 2017 sua
1220 1959 1571 2031 responsione
1590 1998 1606 2027 ,
1635 1974 1754 2029 quae
1771 1959 1948 2015 adhuc
1965 1959 2157 2029 despe-

580 2054 745 2110 randa
776 2069 877 2107 non
904 2061 1012 2121 est,
1042 2066 1136 2122 per
1162 2065 1349 2107 manus
1377 2049 1651 2106 hominum
1677 2049 2023 2118 notitiamque
2052 2048 2133 2103 dif
2136 2079 2157 2089 -

581 2145 730 2200 fundi
755 2144 876 2214 jure
903 2150 1233 2207 succenseat,
1266 2140 1424 2211 idque
1445 2139 1756 2210 iactantius,
1790 2154 1949 2209 quam
1980 2140 2157 2195 utilius

582 2235 771 2289 fecisse
815 2247 902 2286 me
936 2228 1163 2301 judicet,
1218 2229 1371 2301 quasi
1418 2244 1518 2301 ego
1568 2228 1829 2299 potuerim
1877 2244 2153 2300 qurerere,

577 2324 721 2395 quod
748 2323 838 2379 ille
867 2337 971 2376 non
1004 2320 1237 2393 potuerit
1261 2318 1515 2384 enodare,
1544 2332 1665 2374 cum
1694 2317 1916 2375 forsitan
1966 2320 2155 2390 possit,

580 2418 741 2487 idque
763 2414 889 2469 dum
919 2413 1097 2478 faciat,
1119 2410 1537 2483 exspectandum
1564 2410 1651 2465 sit.
1683 2410 1846 2481 Magis
1877 2413 2019 2467 enim
2046 2412 2157 2467 scio

581 2505 723 2576 quod
755 2505 874 2558 aliis
910 2511 1205 2573 occupatur
1228 2543 1242 2566 ,
1275 2517 1393 2571 qua:
1421 2502 1639 2557 minime
1682 2501 1973 2560 differenda
2005 2512 2152 2573 sunt,

572 2595 856 2666 plurisque
886 2591 1187 2663 pendentia.
1224 2591 1377 2658 Quod
1405 2600 1462 2646 ut
1507 2602 1594 2646 tua
1635 2606 1848 2662 quoque
1892 2595 2156 2649 Sanctitas

582 2684 809 2749 noverit,
853 2684 1068 2738 attende
1112 2682 1404 2752 paulisper,
1432 2682 1571 2753 quod
1611 2683 1739 2737 mihi
1785 2682 1891 2738 alio
1919 2698 2059 2739 anno
2087 2684 2157 2756 (b)

577 2759 927 2850 perlatorem
970 2788 1062 2844 per
1090 2788 1250 2845 quem
1281 2774 1605 2843 scripseram
1652 2781 1981 2829 remeantem
2026 2776 2159 2830 scri-

579 2868 767 2938 pserit.
796 2865 929 2921 Nam
959 2864 1061 2921 hoc
1081 2880 1147 2921 ex
1176 2866 1292 2936 ejus
1319 2865 1545 2936 epistola
1572 2866 1624 2919 in
1656 2866 1811 2920 istam
1842 2866 2105 2920 transtuli.
2132 2886 2151 2918 ι

578 2956 791 3023 Incidit,
840 2956 1027 3027 inquit,
1072 2963 1284 3025 tempus
1333 2954 1728 3021 difﬁcillimum,
1774 2955 1986 3026 quando
2029 2957 2157 3013 mihi

583 3059 763 3103 tacere
801 3046 992 3101 melius
1018 3044 1117 3100 fuit
1144 3059 1307 3116 quam
1353 3038 1534 3116 loqui;
1569 3044 1641 3099 ita
1673 3052 1730 3099 ut
1774 3053 1955 3099 nostra
1984 3045 2157 3100 studia

577 3149 855 3201 cessarent
879 3138 954 3211 (ε)
975 3155 1043 3196 ne
1067 3180 1087 3208 ,
1123 3138 1277 3209 juxta
1314 3137 1566 3208 Appium,
1595 3135 1783 3195 canina
1815 3146 2159 3195 exerceretur

577 3232 848 3291 laeuttdia.
880 3232 1067 3303 Itaque
1110 3230 1321 3287 duobus
1355 3230 1550 3285 libellis
1595 3228 1719 3296 tuis,
1752 3244 1885 3300 quos
1917 3243 2039 3285 meo
2065 3244 2161 3285 no-

576 3327 709 3384 mini
758 3325 1062 3396 dedicasti,
1120 3322 1503 3382 eruditissimis
1553 3330 1609 3379 et
1647 3322 1793 3379 omni
1844 3322 2161 3393 eloquentiae

582 3416 872 3489 splendore
918 3417 1245 3488 fulgentibus
1271 3457 1286 3483 ,
1314 3416 1386 3474 ad
1425 3423 1633 3485 tempus
1683 3415 2011 3485 respondere
2054 3432 2158 3471 non

577 3507 745 3581 ponti.
772 3506 890 3565 Non
936 3522 1042 3577 quo
1069 3504 1360 3577 quidquam
1404 3504 1459 3560 in
1507 3505 1615 3563 illis
1655 3504 2159 3575 reprehendendum

579 3606 757 3669 ptuem
786 3613 809 3651 ε
848 3596 945 3652 sed
987 3596 1112 3666 quia
1159 3595 1311 3666 juxta
1343 3595 1658 3665 [apostolum
1687 3637 1701 3662 ,
1742 3599 2084 3668 unusquisque
2109 3599 2164 3654 in

576 3707 669 3755 suo
691 3705 842 3747 sensu
868 3686 949 3761 (ι)
973 3687 1187 3747 abundet
1226 3703 1244 3742 :
1273 3688 1405 3743 alius
1427 3688 1634 3758 quidem
1678 3688 1770 3755 sic,
1821 3689 1957 3744 alios
1998 3699 2163 3746 autem

577 3784 653 3837 sic
677 3780 852 3854 (Reus.
880 3779 971 3836 tt.
1001 3780 1036 3836 δ
1060 3780 1103 3850 ).
1136 3779 1297 3834 Certe
1325 3776 1583 3853 quidquid
1606 3779 1711 3834 dici
1752 3781 1921 3850 potuit
1944 3822 1962 3849 ,
1986 3788 2042 3836 et
2070 3796 2163 3837 su-

585 3875 737 3932 blimi
787 3875 1002 3947 ingenio
1043 3872 1114 3931 de
1155 3871 1555 3943 Seripturarum
1612 3881 1921 3932 sanctarum
1964 3873 2165 3932 hauriri

582 3966 817 4021 fontibus
846 4005 861 4032 ,
919 3980 949 4020 a
997 3975 1051 4019 te
1081 3965 1315 4034 positum
1361 3974 1521 4035 atque
1570 3964 1859 4021 dissertum
1914 3975 2017 4021 est.
2057 3965 2165 4023 Sed

582 4070 768 4129 quaso
815 4056 1175 4117 reverentiam
1228 4065 1415 4123 tuam,
1467 4070 1751 4125 parumper
1808 4057 2027 4126 patiaris
2078 4072 2166 4115 me

583 4159 742 4206 tuum
778 4146 996 4203 laudare
1031 4146 1321 4218 ingenium.
1360 4145 1470 4200 Nos
1516 4146 1658 4201 enim
1687 4146 1833 4201 inter
1857 4162 1956 4202 nos
1982 4148 2164 4202 erudi-

582 4240 749 4297 tionis
769 4252 933 4294 causa
987 4235 1324 4292 disserimus.
1352 4234 1617 4293 Caeterum
1639 4237 1838 4305 aemuli,
1860 4244 1914 4292 et
1938 4237 2167 4297 maxime

585 4328 848 4393 haeretici,
878 4326 925 4379 si
944 4325 1185 4382 diversas
1214 4327 1355 4382 inter
1376 4339 1474 4382 nos
1503 4328 1797 4383 sententias
1823 4327 2076 4397 viderint,
2098 4330 2167 4386 de

582 4416 750 4474 animi
804 4413 1276 4485 calumniabuntur
1338 4431 1569 4475 raucore
1643 4419 1859 4495 1M0
1928 4419 2168 4481 descen-

581 4509 734 4565 dere.
776 4506 907 4562 libi
935 4514 1117 4562 autem
1155 4504 1441 4561 decretum
1472 4515 1563 4561 est
1588 4516 1641 4562 to
1666 4522 1870 4576 amare,
1895 4519 1947 4565 te
1967 4511 2047 4583 (ἢ)
2074 4522 2168 4565 βψ

586 4598 821 4672 spicere,
846 4597 1053 4667 colere,
1087 4594 1309 4661 mirari,
1336 4603 1534 4667 tuaque
1559 4596 1702 4653 dicta
1737 4600 1893 4669 quasi
1927 4614 2047 4657 mea
2074 4600 2169 4657 de-

585 4692 830 4749 fendere.
856 4689 1019 4748 Certe
1060 4696 1119 4745 et
1144 4687 1200 4743 in
1231 4688 1459 4760 Dialogo
1481 4703 1641 4759 quem
1668 4703 1845 4759 nuper
1865 4688 2031 4758 edidi,
2063 4700 2169 4748 tua

583 4780 928 4843 beatitudinis
977 4788 1040 4837 ut
1077 4780 1297 4851 dignum
1325 4780 1496 4838 fuerat
1520 4781 1832 4838 recordatus
1856 4796 1974 4839 sum
2004 4800 2019 4836 :
2050 4799 2168 4841 ma-

584 4877 777 4950 gisque
795 4876 989 4932 demus
1026 4888 1266 4945 operam,
1299 4884 1358 4929 ut
1386 4874 1838 4945 perniciosissima
1862 4874 2082 4943 haeresis
2101 4876 2169 4933 de

586 4970 846 5028 Ecclesiis
872 4968 1150 5025 auferatur
1179 5008 1195 5034 ,
1224 4982 1344 5039 qua:
1390 4982 1607 5041 semper
1637 4967 1854 5023 simulat
1900 4968 2169 5039 poeniten-

589 5064 750 5130 ἥκοις
781 5072 840 5119 ut
860 5061 1087 5118 decemli
1117 5062 1170 5115 in
1199 5061 1278 5133 (ά)
1306 5061 1572 5116 Ecelesiis
1603 5061 1795 5117 habeat
1822 5061 2124 5117 facultatem
2152 5080 2165 5117 :

591 5173 729 5287 MEO.)
758 5171 974 5237 Epistda
1009 5173 1066 5223 in
1092 5172 1373 5225 haenostra
1410 5173 1702 5225 recensione
1716 5173 1822 5222 151.
1846 5173 2169 5237 scriptaanno

706 5295 983 5362 )_0roeium
1002 5292 1211 5362 scilicet.
1233 5293 1322 5362 Est
1344 5300 1508 5345 autem
1528 5293 1614 5362 illa
1636 5292 1687 5343 S.
1711 5292 1999 5362 Hieronymi
2024 5297 2167 5358 epist.

595 5354 835 5409 HL'data
856 5368 979 5405 anno
1002 5355 1111 5405 416.
1138 5367 1281 5417 quam
1303 5355 1397 5405 huc
1419 5354 1644 5418 transfert
1665 5355 1833 5417 majori
1858 5354 1923 5405 ei
1948 5354 2106 5418 parte.

655 5419 737 5490 (ς)
759 5421 919 5469 Antea
940 5424 1046 5466 erat
1080 5423 1128 5468 et
1166 5428 1254 5478 pro
1284 5428 1345 5466 ne
1380 5417 1510 5479 quod
1546 5429 1745 5468 sensum
1783 5417 2014 5467 orationis
2054 5430 2168 5480 per-

601 5487 845 5610 Ϊῗῖὲῗᾚι
878 5537 1371 5610 ιθᾳρθωΛΗῇςιιοιῃωί
1397 5540 1539 5610 epist.
1567 5538 2011 5610 ad'dugustinum,
2039 5541 2171 5610 prin-

598 5598 872 5664 cepetbujus
888 5600 1043 5664 editor
1062 5598 1254 5649 Gottivv
1268 5598 1373 5649 haec
1394 5598 1609 5664 ejusdem
1621 5598 1913 5664 Hieronymi
1937 5598 2171 5664 annectit,

665 5657 740 5778 Et;
771 5657 919 5705 quta
944 5659 1097 5707 Graec.
1119 5657 1509 5724 πληροφοριὶσῡωξΜ.
1679 5657 1907 5712 abundat.

687 5715 717 5760 2
773 5716 860 5766 Ms.
889 5715 1004 5764 00d.
1030 5719 1270 5771 suscipere
1288 5755 1302 5778 ,
1320 5724 1448 5778 quod
1473 5734 1573 5773 non
1594 5723 1829 5778 unprobo.

1030 5719 1302 5779 suscipere,
1320 5724 1448 5786 quod
1473 5734 1573 5773 non
1594 5723 1829 5783 intprobo.

1887 281 2127 341 SANCTI
2166 280 2461 338 HIERONY
2471 282 2541 336 Ml

3748 280 3847 338 “Si

2265 415 2333 456 ne
2376 400 2422 454 si
2466 406 2651 471 aperta
2676 413 2735 456 se
2787 400 2909 457 luce
2937 399 3268 472 prodiderit,
3309 399 3469 461 foras
3507 398 3848 479 expulsam-

2262 494 2446 548 riatur.
2479 512 2499 546 ι
2924 528 2929 533 ι

2331 585 2385 639 2.
2432 586 2664 643 «Cernis
2713 599 2939 656 nempe,
2970 587 3274 646 venerande
3322 587 3549 655 frater,
3612 587 3732 645 haec
3775 594 3851 648 reri

2262 678 2547 733 carrissimi
2573 677 2733 733 verba
2757 719 2773 747 ,
2803 679 3127 753 inquisitioni
3158 695 3297 735 mea:
3325 680 3554 736 reddita
3578 723 3596 747 ,
3627 696 3739 736 non
3762 698 3850 739 ean

2262 783 2484 839 negasse
2529 767 2927 838 responsionem
2954 810 2971 836 ,
3015 769 3110 825 sed
3153 782 3454 827 excusasse
3495 771 3573 826 de
3617 780 3848 844 tempore,

2262 860 2403 930 quod
2434 860 2487 914 in
2510 860 2612 915 alia
2649 861 2819 932 magis
2844 860 3084 931 urgentia
3107 876 3295 917 curam
3336 874 3646 933 cogamur
3677 865 3851 935 inpa-

2262 950 2408 1007 dere.
2485 950 2646 1008 Vides
2691 953 2852 1008 etiam
2879 967 3045 1022 quam
3082 953 3412 1010 benevolum
3450 955 3713 1010 animum
3755 973 3848 1027 erga

2262 1056 2348 1099 me
2383 1052 2533 1112 gerat
2552 1082 2570 1109 ,
2600 1042 2795 1113 quidve
2813 1051 3156 1100 eomnroncat
3174 1083 3193 1111 ,
3219 1059 3291 1101 ne
3314 1046 3535 1102 scilicet
3561 1047 3715 1117 quod
3742 1049 3849 1103 inter

2264 1150 2395 1201 nos,
2440 1134 2584 1189 salva
2630 1135 2814 1204 utique
2861 1135 3081 1191 caritate
3120 1150 3185 1190 ac
3231 1137 3555 1193 sinceritate

2262 1224 2574 1283 eruditionis
2614 1240 2773 1281 causa
2813 1225 3039 1283 facimus
3062 1266 3080 1295 ,
3117 1227 3519 1285 calumnientur
3563 1233 3850 1300 εωυιί,ει

2262 1317 2493 1373 maxime
2511 1317 2743 1372 haeretici
2765 1317 2835 1374 de
2852 1316 3018 1372 animi
3038 1332 3264 1375 rancore
3281 1318 3650 1377 desewdere.
3685 1323 3850 1378 Proin-

2261 1409 2329 1465 de
2358 1411 2402 1464 si
2428 1418 2711 1480 utrumque
2735 1423 2869 1479 opus
2894 1420 3137 1481 nostrum
3158 1449 3177 1476 ,
3218 1419 3274 1466 et
3318 1412 3411 1466 ubi
3438 1427 3548 1483 ego

2262 1509 2316 1556 et
2341 1500 2428 1555 ubi
2456 1501 2567 1570 ipse
2593 1500 2661 1554 ad
2680 1501 2927 1570 inquisita
2956 1500 3313 1571 responderit,
3339 1501 3591 1558 homines
3612 1504 3845 1574 Iesu-int,

2261 1595 2383 1663 quia
2424 1592 2582 1646 etiam
2618 1598 2867 1661 oportet,
2911 1602 2968 1645 ut
3003 1591 3051 1646 si
3091 1592 3276 1647 eadem
3305 1594 3541 1664 quaestio
3562 1594 3847 1651 secundum

2262 1686 2377 1755 ejus
2429 1683 2747 1739 sententiam
2807 1682 3134 1739 sufﬁcienter
3195 1681 3355 1739 fuerit
3408 1684 3725 1754 explicata,
3774 1700 3849 1742 me

2263 1773 2576 1830 instructum
2620 1788 2753 1843 esse
2779 1775 2977 1845 gratias
3006 1787 3161 1844 agam
3182 1815 3198 1840 ,
3231 1786 3343 1830 non
3380 1789 3587 1845 parvus
3614 1779 3727 1832 erit
3748 1776 3845 1833 frn-

2260 1877 2396 1931 ctus,
2444 1881 2563 1921 cum
2606 1865 2707 1920 hoc
2753 1865 2949 1921 exierit
2993 1869 3046 1920 in
3087 1865 3328 1920 notitiam
3370 1866 3755 1936 plurimorum,
3800 1877 3846 1926 ut

2261 1957 2497 2013 minores
2523 1956 2688 2011 nostri
2714 1971 2821 2011 non
2846 1956 3017 2011 solum
3042 1959 3231 2021 sciant,
3263 1956 3392 2027 quid
3417 1957 3487 2014 de
3516 1957 3629 2014 hac
3653 1975 3719 2014 ne
3738 1973 3843 2015 sen~

2265 2049 2364 2103 tire
2391 2046 2657 2115 debeant,
2704 2061 2822 2117 quae
2864 2047 3005 2102 inter
3044 2060 3141 2102 nos
3182 2046 3427 2117 diligenti
3465 2049 3842 2121 disceptation

2261 2139 2496 2195 discussa
2535 2148 2617 2195 est
2642 2181 2656 2207 ,
2703 2154 2886 2195 verum
2929 2142 3087 2194 etiam
3130 2139 3340 2195 discant
3368 2145 3626 2212 exemplo
3647 2154 3842 2211 nostra,

2262 2233 2373 2287 Deo
2402 2232 2718 2297 miserante,
2747 2241 2905 2302 atque
2930 2233 3188 2302 propitio,
3216 2234 3681 2303 quemadmodum
3720 2237 3845 2293 inter

2261 2323 2564 2378 carissimos
2593 2322 2785 2378 fratres
2808 2366 2824 2392 ,
2865 2324 2934 2377 ita
2966 2338 3070 2378 non
3095 2323 3235 2379 desit
3256 2324 3466 2380 alterna
3497 2326 3843 2397 inquisitius

2261 2417 2425 2487 gratia
2450 2416 2755 2486 disputatio,
2784 2426 2841 2470 ut
2867 2425 3041 2472 tamen
3057 2426 3271 2471 maneat
3298 2418 3555 2474 inviolata
3583 2419 3841 2476 dilectioa

2330 2509 2385 2564 ὃ.
2432 2527 2452 2559 ι
2475 2507 2531 2563 Si
2564 2520 2740 2563 autem
2768 2507 3027 2577 scriptum
3052 2520 3264 2573 meum,
3306 2507 3401 2563 ubi
3442 2520 3534 2565 res
3585 2511 3842 2567 obscuris-

2262 2600 2395 2654 sima
2412 2598 2773 2653 tantummodo
2790 2598 2979 2669 lcgitur
2992 2598 3261 2669 inquisita,
3277 2598 3397 2655 sine
3411 2600 3561 2656 iiﬁus
3572 2602 3839 2672 rescripto,

2264 2690 2353 2744 ubi
2379 2688 2597 2744 forsitan
2626 2689 2903 2759 apparebit
2930 2690 3223 2758 inventum,
3240 2692 3531 2760 emanarit,
3556 2693 3724 2750 latius
3740 2710 3844 2765 per-

2262 2790 2383 2852 gat,
2434 2780 2703 2851 perveniat
2733 2780 2891 2835 etiam
2934 2781 3003 2835 ad
3044 2781 3164 2836 illos
3186 2823 3200 2847 ,
3234 2784 3324 2853 qui
3362 2794 3760 2853 comparantes,
3794 2798 3845 2843 ut

2262 2873 2336 2927 ait
2356 2872 2663 2942 Apostolus,
2692 2871 2986 2941 semetipsos
3011 2871 3351 2944 sibimetipsis,
3387 2890 3500 2930 non
3534 2877 3840 2949 intelligunt,

2262 2977 2369 3035 quo
2410 2965 2588 3019 animo
2630 2979 2663 3019 a
2708 2964 2861 3021 nobis
2904 2964 3033 3030 fiat,
3075 2980 3180 3037 quo
3228 2966 3331 3037 ipsi
3368 2982 3441 3024 eo
3471 2971 3848 3029 animofacere

2264 3059 2507 3113 nesciunt
2533 3098 2548 3124 ,
2599 3063 2655 3113 et
2696 3056 3021 3113 voluntatem
3076 3070 3251 3113 meam
3297 3072 3425 3129 erga
3484 3060 3844 3119 honorandum

2264 3163 2362 3220 pro
2410 3149 2521 3205 suis
2563 3148 2863 3220 ingentibus
2898 3148 3100 3204 meritis
3150 3147 3565 3207 dilectissimum
3604 3155 3842 3217 amicum,

2263 3254 2369 3296 non
2410 3241 2553 3297 sicut
2594 3256 2711 3296 eam
2756 3239 2975 3309 vident,
3024 3242 3292 3313 quomodo
3341 3257 3449 3299 nec
3502 3245 3723 3313 vident,
3758 3246 3850 3302 sed

2264 3334 2402 3389 sicut
2443 3333 2522 3389 eis
2560 3332 2763 3387 libitum
2789 3341 2873 3388 est
2893 3374 2907 3400 ,
2953 3342 3008 3389 et
3032 3334 3169 3388 sicut
3193 3333 3323 3389 odio
3344 3350 3447 3390 suo
3469 3336 3711 3392 dictante
3737 3352 3848 3391 sus.

2266 3428 2508 3498 picantur
2537 3468 2552 3495 ,
2600 3436 2910 3496 exponent:
2968 3425 3109 3496 quod
3155 3426 3393 3497 profecto
3422 3469 3438 3493 ,
3492 3441 3756 3499 quantum
3802 3431 3848 3485 is

2266 3520 2417 3574 ttobis
2444 3528 2546 3584 est,
2576 3530 2766 3573 cavere
2793 3518 3067 3573 debentus.
3106 3519 3177 3573 At
3198 3521 3242 3573 si
3271 3518 3435 3585 forte,
3466 3522 3615 3591 quod
3646 3537 3743 3593 per
3763 3534 3847 3576 nos

2266 3615 2597 3671 innotescere
2625 3612 2873 3667 nolumus
2892 3651 2906 3677 ,
2934 3612 3092 3665 etiam
3130 3613 3306 3668 invitis
3335 3612 3492 3668 nobis
3516 3657 3533 3680 ,
3563 3615 3646 3669 eis
3672 3614 3848 3686 qtibus

2267 3706 2513 3760 nolumus
2544 3702 2834 3758 innotuerit
2860 3744 2873 3768 ,
2902 3701 3026 3771 quid
3055 3703 3309 3766 restabit,
3341 3703 3445 3756 nisi
3488 3718 3661 3775 mque
3683 3706 3849 3759 animo

2269 3796 2469 3852 habere
2494 3794 2701 3849 Domini
2729 3792 3291 3863 voluntaterntNeque
3322 3793 3541 3869 1071
3589 3797 3729 3851 enim
3755 3797 3848 3852 hoc

2269 3887 2505 3943 scribere
2531 3885 2595 3942 ad
2619 3898 2938 3958 quemquam
2966 3885 3216 3941 deberem
3243 3928 3258 3950 ,
3286 3886 3437 3956 quod
3459 3889 3851 3958 semper-fatere

2268 3977 2575 4033 Voluissem.
2625 3974 2755 4031 Nam
2785 3977 2829 4031 si
2862 3973 3027 4049 (quod
3052 3975 3213 4046 absit)
3249 3972 3430 4045 aliquo
3464 3978 3549 4032 vel
3577 3990 3704 4034 casn
3724 4020 3742 4045 ,
3771 3976 3851 4034 vel

2270 4067 2584 4123 necessitate
2626 4081 2893 4136 nunquam
2932 4066 3027 4121 ille
3059 4065 3439 4137 rescripserit,
3471 4070 3655 4138 procul
3691 4069 3853 4126 dubio

2262 4167 2455 4214 {nostra
2475 4157 2813 4221 eousuitatio,
2833 4168 2990 4228 quam
3010 4156 3077 4212 ad
3099 4171 3221 4212 eum
3253 4156 3514 4226 misimns,
3536 4159 3854 4231 quandoque

2271 4247 2711 4304 manifestabitur.
2786 4246 2896 4303 Nec
2951 4247 3154 4302 inutilis
3200 4247 3496 4319 legentibus
3533 4249 3675 4314 erit,
3729 4249 3855 4320 quia

2271 4340 2372 4396 etsi
2414 4355 2521 4395 non
2561 4339 2649 4395 illa
2695 4340 3004 4407 invenient,
3049 4353 3170 4410 quae
3216 4340 3522 4411 requirunt,
3575 4340 3857 4397 invenient

2271 4444 2417 4488 certe
2439 4472 2454 4496 ,
2495 4430 2939 4502 quemadmodum
2983 4430 3091 4487 sint
3123 4430 3437 4505 inquirenda
3461 4473 3475 4499 ,
3524 4447 3630 4487 nee
3653 4441 3858 4489 temere

2272 4520 2585 4578 afﬁrmanda
2609 4560 2624 4587 ,
2652 4534 2772 4591 quae
2796 4520 3042 4576 nesciunt
3063 4562 3078 4589 ,
3108 4529 3163 4577 et
3186 4522 3317 4576 dum
3341 4535 3403 4577 ea
3427 4562 3440 4586 ,
3489 4536 3615 4593 quo
3654 4524 3732 4577 ibi
3779 4524 3857 4579 le-

2271 4616 2467 4686 gerint,
2498 4613 2781 4670 consulere
2813 4614 2975 4670 etiam
3000 4613 3122 4685 ipsi,
3150 4628 3284 4686 quos
3308 4614 3595 4685 potuerint,
3615 4614 3864 4670 studiosa
3972 4610 3973 4671 ἡ

2274 4708 2517 4773 caritate,
2546 4721 2651 4761 non
2671 4705 2997 4762 discordiosa
3014 4707 3349 4764 contentione
3363 4705 3654 4769 curabunt;
3678 4706 3865 4762 donec

2273 4808 2367 4859 aut
2388 4798 2438 4854 id
2460 4837 2477 4865 ,
2509 4796 2653 4867 quod
2678 4797 2862 4853 volunt
2902 4798 3172 4869 reperiant
3199 4839 3214 4865 ,
3241 4804 3327 4852 aut
3365 4796 3477 4867 ipsa
3501 4794 3866 4866 inquisitione
3972 4794 3973 4869 ἲ

2275 4890 2438 4947 aciem
2461 4889 2654 4943 mentis
2679 4897 2994 4955 exerceant,
3025 4897 3080 4944 ut
3107 4889 3328 4944 ulterius
3345 4886 3727 4957 inquirendum
3755 4904 3864 4944 non

2275 4996 2394 5039 esse
2421 4988 2761 5051 cognoscant.
2805 4979 2956 5035 Nune
2981 4987 3154 5034 tamen
3178 5019 3201 5045 ,
3220 4977 3474 5050 quamdiu
3491 4976 3604 5047 jam
3628 4979 3863 5033 consulti
3972 5040 3973 5065 ἰ

2275 5074 2430 5129 amici
2476 5072 2710 5128 nondum
2755 5081 2838 5127 est
2874 5071 3209 5142 desperanda
3235 5072 3550 5141 responsio,
3598 5070 3861 5125 edendam

2277 5180 2383 5231 non
2412 5178 2531 5221 esse
2553 5164 2993 5219 consultationem
3030 5171 3266 5237 nostram
3292 5204 3308 5230 ,
3349 5171 3608 5234 quantum
3645 5161 3861 5233 quidem

2276 5261 2330 5315 in
2360 5258 2513 5313 nobis
2541 5267 2624 5313 est
2647 5298 2661 5324 ,
2703 5264 2830 5326 puto
2853 5255 2995 5326 quod
3035 5255 3392 5325 persuaserim
3420 5253 3698 5310 dilectioni
3724 5265 3860 5317 tua;

2276 5363 2577 5421 quanquam
2623 5357 2679 5404 et
2721 5347 2837 5417 ipse
2874 5361 2981 5409 non
3020 5359 3138 5401 eam
3170 5342 3347 5401 solam
3375 5346 3725 5416 poposceris,
3770 5343 3860 5399 sed

2276 5440 2577 5509 adiunctam
2622 5439 2781 5494 etiam
2811 5437 2926 5506 ejus
2954 5451 3109 5507 quem
3131 5438 3414 5504 consului,
3459 5437 3858 5507 responsionem

2278 5538 2497 5600 apposite
2521 5536 2579 5585 ad
2622 5550 2728 5583 rem
2754 5548 2765 5583 :
2799 5552 2821 5580 α
2841 5533 2958 5584 Cum
2994 5540 3253 5600 superatos
3276 5534 3641 5597 damnatosque
3665 5548 3777 5585 esse

2278 5596 2524 5655 sentiant,
2551 5605 2712 5645 tamen
2737 5597 3179 5658 veneuameutium
3204 5608 3303 5643 non
3344 5596 3580 5645 omittunt
3601 5635 3616 5653 .
3658 5606 3711 5645 et
3741 5596 3863 5658 quod

2280 5659 2433 5707 solum
2460 5666 2671 5720 possunt,
2700 5670 2784 5720 nos
2802 5656 3007 5720 oderint,
3035 5668 3121 5713 per
3137 5668 3265 5715 quos
3288 5668 3347 5706 se
3371 5658 3665 5709 libertatem
3686 5656 3865 5708 ducen-

2281 5721 2356 5769 dae
2380 5717 2628 5769 hmi-eseos
2648 5717 2929 5783 perdidisse,
2953 5731 2973 5759 ι
3005 5722 3099 5763 etc.

3864 190 3873 257 ι

3956 1940 3972 2419 ὲ
