3986 6184
90 296 242 356 H85
799 337 803 341 ν

90 411 195 468 tibi
246 411 653 474 desideraveris
690 410 831 468 mitti
851 448 872 478 ,
917 407 1062 480 quod
1101 407 1286 479 utique
1328 403 1565 463 facerem
1586 445 1604 473 ,
1651 404 1699 461 si

90 504 385 561 haberem.
466 507 522 563 Si
548 513 727 563 autem
763 511 824 560 ut
857 501 1039 559 verbis
1073 509 1179 558 tum
1223 497 1522 557 sanctitatis
1557 504 1698 560 utar.

88 611 217 666 quae
241 595 302 653 in
334 606 429 653 tua
455 596 678 671 epistola
707 594 933 665 posuisti
955 635 973 660 ,
1010 592 1275 663 me
1311 605 1439 647 mea
1477 587 1703 644 lucidam

88 688 616 754 demonstrationem,
642 702 795 758 quam
815 684 942 743 mihi
962 683 1236 755 promerito
1253 681 1337 754 (ut
1351 677 1567 750 scribis)
1586 677 1703 734 ritis

89 795 221 838 mea;
259 789 450 837 auctor
488 779 616 837 lucis
638 778 871 837 attribuit
888 817 909 845 ,
931 792 1040 835 non
1063 776 1235 857 ipsum
1269 773 1406 831 dicis
1432 770 1703 831 consulta-

90 873 340 940 tionem,
367 880 429 929 et
466 871 870 943 inquisitionem
907 883 1081 926 meam
1107 908 1124 933 ,
1159 866 1256 924 sed
1292 864 1427 922 mibi
1447 864 1562 935 jam
1586 860 1703 930 ejus

88 964 170 1019 rei
196 1002 213 1028 ,
263 978 436 1034 quam
462 963 719 1034 quesivi,
768 961 1081 1033 provenisse
1125 958 1486 1016 inventionem
1525 962 1700 1025 putas,

88 1065 146 1113 et
163 1056 346 1127 ipsam
364 1057 550 1128 potius
571 1057 745 1128 poscis
764 1063 825 1112 ut
841 1055 1048 1112 mittam
1068 1070 1084 1121 ;
1107 1053 1339 1109 facerem
1363 1049 1413 1106 si
1440 1049 1513 1104 ita
1535 1054 1701 1111 esset,

91 1158 150 1205 ut
203 1157 391 1220 putas.
469 1149 585 1221 Ego
639 1148 783 1206 enim
842 1146 1054 1215 adhuc,
1110 1145 1320 1211 fateor,
1363 1158 1472 1198 non
1502 1138 1702 1205 inveni.

89 1240 559 1310 quemadmodum
582 1241 805 1306 Anima,
834 1247 891 1296 et
911 1245 1186 1313 peccatum
1217 1251 1286 1293 ex
1311 1234 1481 1291 Adam
1508 1232 1703 1296 trahat,

94 1329 269 1400 (unde
316 1331 573 1389 dubitare
614 1332 694 1388 las
738 1345 847 1387 non
888 1328 996 1399 est)
1040 1337 1098 1385 et
1138 1329 1253 1399 ipsa
1288 1340 1358 1382 ex
1397 1323 1571 1380 Adam
1596 1336 1704 1377 non

96 1422 392 1491 trahatur,
446 1422 591 1493 quod
611 1420 744 1479 mihi
768 1420 1074 1492 diligentius
1100 1416 1507 1490 inquirendum,
1545 1425 1705 1484 quam

91 1513 472 1573 inconsultius
496 1512 844 1571 asserendum
866 1520 972 1570 est.
1005 1530 1030 1565 ι

162 1606 227 1663 4.
274 1623 297 1658 ι
333 1604 552 1662 Habent
569 1604 764 1661 litterae
784 1612 910 1670 tute,
938 1603 1108 1660 nescio
1121 1610 1244 1675 quot
1270 1615 1412 1655 senes
1429 1606 1477 1654 et
1496 1613 1529 1652 a
1547 1595 1707 1653 doctis

94 1695 467 1753 sacerdotibus
499 1695 757 1751 institutos
796 1695 930 1751 uiros
950 1734 967 1759 ,
1006 1709 1134 1764 quos
1161 1690 1231 1746 ad
1266 1701 1366 1749 tuo:
1393 1687 1704 1744 modicitatis

94 1789 505 1860 intelligentiam
527 1827 544 1853 ,
593 1787 1021 1857 assertionequ
1095 1784 1305 1839 veritate
1359 1779 1707 1852 plenissimam

93 1894 343 1935 revocare
388 1894 497 1935 non
541 1886 787 1946 poteras;
823 1891 927 1935 nec
964 1884 1141 1930 tamen
1182 1870 1437 1942 exprimis
1459 1881 1704 1939 quamam

93 1972 165 2028 sit
200 1970 443 2028 assertio
472 1978 563 2026 tua
602 1969 827 2027 veritate
849 1966 1156 2039 plenissima
1179 2003 1197 2031 ,
1225 1962 1295 2021 ad
1323 1976 1482 2033 quam
1506 1973 1666 2016 senes
1688 1998 1704 2025 ,

94 2070 148 2118 et
191 2077 226 2118 a
279 2061 466 2119 doctis
518 2059 887 2118 sacerdotibus
934 2057 1207 2114 institutos
1250 2052 1396 2110 viros
1445 2063 1706 2108 revocare

95 2170 203 2213 non
253 2163 503 2224 poteras.
555 2151 615 2208 Si
652 2151 796 2207 enim
837 2148 943 2205 hoc
979 2147 1275 2213 tenebant,
1313 2144 1399 2202 vel
1439 2150 1620 2200 tenent
1648 2141 1707 2198 bi

96 2260 258 2302 senes
281 2283 300 2310 ,
331 2242 484 2315 quod
509 2257 540 2297 a
568 2241 740 2301 doctis
772 2236 1143 2296 sacerdotibus
1165 2243 1487 2305 acceperunt
1508 2272 1526 2299 ,
1567 2246 1704 2303 quo-

98 2337 262 2394 modo
321 2335 422 2393 tibi
468 2334 664 2391 rustim
685 2372 701 2399 ,
749 2326 806 2389 et
851 2331 1033 2389 minus
1069 2329 1328 2387 instructa
1383 2325 1705 2382 clericorum

99 2429 253 2485 turba
280 2427 570 2485 molestias
608 2430 959 2496 generavth
983 2422 1036 2477 in
1063 2420 1149 2476 Itis
1172 2418 1333 2476 rebus
1355 2458 1373 2485 ,
1421 2416 1477 2472 in
1516 2414 1706 2485 quibus

100 2538 132 2575 a
158 2520 329 2577 doctis
350 2514 701 2574 sacerdotibus
722 2518 891 2586 fuerat
909 2509 1188 2568 instituta?
1252 2506 1311 2565 Si
1338 2512 1516 2562 autem
1545 2516 1706 2560 senes

104 2615 186 2672 isti
208 2657 226 2683 ,
271 2613 364 2670 vel
392 2612 551 2668 turba
573 2609 892 2666 clericorum
921 2605 992 2661 ab
1019 2618 1086 2660 eo
1111 2600 1252 2674 quod
1275 2616 1306 2655 a
1334 2598 1507 2655 doctis
1529 2610 1706 2653 sacer-

104 2705 318 2763 dotibus
361 2706 691 2772 acceperat,
740 2710 837 2754 sua
878 2695 1141 2770 pravitate
1184 2690 1464 2754 deviabat,
1495 2687 1705 2743 illorum

104 2800 279 2871 potius
301 2798 627 2854 auctoritate
652 2794 826 2853 fuerat
847 2789 1181 2863 corrigenda,
1206 2796 1267 2845 et
1280 2801 1310 2840 a
1328 2782 1557 2842 tumultu
1575 2794 1708 2838 con-

106 2890 500 2947 tcntiosissimo
537 2885 961 2959 comprimenda.
996 2882 1208 2956 1073
1234 2878 1343 2936 Sed
1368 2889 1557 2934 rursus
1582 2886 1706 2928 cum

103 2980 236 3038 dicis
278 2980 356 3036 Te
380 2979 639 3035 novellum
690 2978 967 3046 rudemque
1008 2975 1266 3029 doctorem
1288 3011 1306 3035 ,
1341 2977 1599 3023 tantorum
1646 2979 1706 3019 ac

108 3076 289 3129 talium
332 3071 718 3139 Episcoporum
764 3070 1062 3123 traditiones
1097 3067 1322 3122 timuisse
1361 3074 1704 3132 corrumpere,

106 3176 149 3220 et
177 3173 481 3220 conuertere
523 3161 756 3217 homines
790 3160 847 3214 in
885 3158 1144 3213 meliorem
1195 3164 1392 3225 partem
1433 3152 1495 3206 ob
1525 3151 1706 3221 defun-

106 3268 311 3312 ctorum
346 3253 601 3324 injuriae:
644 3250 970 3324 formidasse,
1013 3248 1140 3319 quid
1188 3248 1285 3302 das
1313 3243 1575 3315 intelligi,
1606 3241 1707 3296 nisi

104 3347 247 3418 quod
275 3346 399 3415 illi,
427 3358 563 3417 quos
586 3343 861 3413 corrigere
883 3339 1136 3411 cupiebas
1160 3379 1176 3407 ,
1201 3338 1480 3393 doctorum
1499 3374 1518 3403 ,
1543 3343 1706 3404 atque

108 3455 430 3514 magnorum
449 3440 562 3509 jam
587 3436 963 3493 defunctorum
990 3433 1363 3503 episcOporum
1393 3426 1709 3483 traditiones

111 3534 345 3590 nolendo
357 3533 636 3598 deserere,
666 3528 886 3594 novello,
912 3525 1129 3597 rudique
1151 3522 1346 3578 doctori
1364 3519 1710 3591 acquiescere

109 3623 477 3681 recusabant?
549 3622 664 3690 Qua
686 3620 740 3675 in
771 3632 831 3675 re
854 3616 922 3673 de
947 3615 1054 3671 illis
1087 3613 1300 3669 interim
1328 3620 1479 3666 taceo
1501 3649 1517 3677 ,
1563 3616 1706 3663 tuam

114 3730 239 3771 vero
278 3714 611 3772 assertionem
633 3751 650 3778 ,
694 3720 856 3781 quam
885 3706 1023 3764 dicis
1048 3718 1171 3762 esse
1216 3706 1426 3758 ueritate
1474 3698 1710 3771 plenissi-

114 3824 284 3876 mam,
323 3807 676 3863 vehementer
709 3803 853 3860 scire
902 3799 1191 3864 desidero;
1242 3813 1349 3854 non
1373 3797 1542 3866 ipsam
1587 3793 1710 3853 dico

114 3900 440 3956 sententiam
462 3939 480 3965 ,
506 3896 602 3952 sed
628 3896 745 3965 ejus
769 3894 1143 3950 assertionem.
1174 3909 1195 3944 ι

181 3990 236 4046 5.
288 4008 309 4043 ι
347 3985 645 4056 lmprobari
695 3983 844 4039 enim
888 3981 987 4036 abs
1032 3988 1087 4035 te
1118 3992 1251 4044 eos,
1279 3977 1375 4047 qui
1418 3974 1708 4043 afﬁrmant,

118 4094 305 4136 annos
348 4078 565 4149 animas
606 4074 884 4130 bominu
930 4084 999 4126 ex
1034 4069 1125 4124 illa
1169 4082 1314 4136 una,
1363 4080 1483 4137 qua:
1522 4074 1710 4137 proto-

122 4172 288 4241 plasto
333 4170 463 4227 data
514 4176 600 4225 est
622 4207 639 4236 ,
703 4180 801 4236 per
847 4161 1253 4235 generationum
1314 4158 1711 4215 successionem

124 4263 402 4335 propagari
438 4303 454 4330 ,
507 4268 669 4330 atque
711 4255 961 4323 traduci,
1013 4252 1343 4310 sufﬁcienter
1386 4249 1603 4319 quidem
1657 4248 1713 4304 in

127 4365 361 4412 nostram
405 4353 654 4410 notitiam
700 4348 1004 4421 protulisti;
1042 4345 1141 4402 sed
1174 4359 1279 4415 qua
1306 4343 1515 4399 ratione
1537 4384 1553 4411 ,
1599 4342 1715 4413 qui-

130 4444 290 4501 busve
315 4445 616 4501 divinarum
647 4440 1041 4510 Scripturarum
1084 4433 1407 4491 testimoniis
1443 4431 1497 4489 id
1522 4432 1716 4488 lalsutn

130 4549 246 4592 esse
280 4534 674 4593 monstraveris
696 4572 713 4600 ,
747 4530 875 4603 quia
908 4538 1015 4585 tum
1051 4528 1240 4583 littera:
1265 4541 1376 4583 non
1418 4524 1716 4593 continent,

135 4623 455 4695 ignoramus.
504 4623 704 4681 Deinde
729 4621 857 4693 quid
892 4620 1009 4690 ipse
1041 4631 1144 4689 pro
1178 4620 1319 4684 isto,
1351 4615 1495 4688 quod
1519 4616 1718 4687 impro-

138 4714 259 4784 bas,
291 4726 509 4783 teneas,
541 4716 735 4786 legenti
769 4713 901 4771 mihi
940 4710 1219 4783 epistolam
1255 4718 1396 4767 tuam
1416 4750 1432 4776 ,
1473 4717 1528 4765 et
1559 4724 1716 4780 quam

139 4801 380 4863 fratribus
406 4816 565 4863 antea
593 4804 667 4878 (a)
698 4802 1121 4861 Caesariensibus
1142 4841 1158 4869 ,
1186 4809 1242 4857 et
1269 4815 1428 4871 quam
1465 4798 1598 4856 mihi
1620 4815 1720 4857 nu-

135 4900 364 4962 perrime
389 4900 632 4956 direxisti
656 4939 672 4964 ,
720 4911 829 4953 non
855 4895 1132 4951 evidenter
1156 4902 1403 4962 apparet,
1447 4892 1550 4948 nisi
1578 4893 1720 4963 quod

142 4998 191 5045 te
208 4988 626 5057 videocredere,
649 4987 789 5044 sicut
817 4974 1008 5042 scribis
1031 5025 1049 5052 ,
1079 4980 1241 5037 Deum
1267 4982 1444 5052 fecisse
1473 4982 1719 5047 homines,

141 5087 185 5131 et
214 5082 394 5150 facere,
424 5090 472 5136 et
502 5085 756 5153 facturum
782 5093 892 5133 esse
907 5116 924 5145 ,
950 5090 1109 5146 neque
1133 5071 1328 5142 aliquid
1347 5064 1460 5127 ’esse
1483 5071 1537 5124 in
1562 5073 1718 5138 etatis,

144 5179 228 5224 aut
276 5172 331 5227 in
370 5181 545 5241 terra,
593 5170 729 5243 quod
779 5186 882 5225 non
921 5170 1034 5239 ipso
1081 5163 1400 5230 constiterit,
1446 5169 1492 5216 et
1532 5171 1726 5218 constet

148 5269 361 5318 auctore.
406 5263 522 5321 Hoc
551 5276 681 5320 sane
712 5262 785 5317 ita
826 5274 1013 5316 verum
1060 5267 1144 5314 est
1167 5302 1183 5328 ,
1228 5264 1288 5312 ut
1322 5252 1567 5311 dubitare
1603 5252 1727 5310 hinc

215 5508 290 5576 (a)
322 5509 401 5560 De
422 5510 497 5576 bis
516 5510 695 5563 litteris
716 5508 974 5576 ab»0pt_atno
990 5506 1120 5556 datis
1140 5504 1199 5554 ad
1223 5503 1554 5576 Caesarienses
1576 5499 1731 5565 loqui-

154 5573 231 5638 tur
254 5568 509 5638 Augustin.
534 5576 679 5638 epist.
704 5573 815 5638 190.
842 5568 906 5638 ad
924 5570 1172 5631 Optatum,
1204 5584 1227 5613 ι
1248 5568 1485 5638 Quamvis
1508 5571 1604 5638 ture
1623 5578 1732 5614 san-

160 5626 502 5686 ctitatis'nullas
519 5626 579 5685 ad
600 5650 682 5684 me
700 5636 855 5696 ipsum
878 5626 1015 5696 datas
1030 5632 1312 5696 acet-petitu
1335 5626 1537 5696 litteras,
1567 5636 1730 5696 tamen

161 5696 399 5761 quia_il_lae,
424 5711 543 5761 quas
563 5697 623 5747 ad
652 5691 987 5746 Mauritaniam
1022 5691 1378 5761 Caesariensem
1412 5691 1584 5761 misis'.i
1610 5703 1730 5761 ,me

162 5753 280 5815 ataui
302 5753 567 5809 Ca-éaieam
605 5761 851 5819 praesente
872 5761 1219 5819 venenum"...
1246 5753 1424 5803 factum
1448 5760 1550 5817 est,
1595 5759 1648 5804 ut
1674 5767 1731 5804 ea

166 5829 269 5878 qum
292 5823 533 5886 scripsisti,
565 5815 710 5872 etiam
729 5820 834 5882 ipse
857 5815 1189 5883 perlegerem,
1215 5832 1239 5863 ν
1270 5823 1366 5869 etc.

1432 236 1443 237 Π
1475 288 1809 348 EPISTOLA
1848 283 2073 346 CXLIV.

3250 306 3394 367 “86

1802 401 1982 460 nullus
2024 401 2238 461 debeat.
2307 402 2415 462 Sed
2465 404 2643 467 adhuc
2686 410 2741 464 te
2787 417 3002 481 oportet
3048 417 3389 493 exprimere,

1810 496 1952 554 unde
1988 496 2149 555 faciat
2190 498 2401 556 animas
2426 500 2603 570 Dens,
2649 516 2785 574 quas
2821 519 2986 577 negas
3010 523 3077 565 ex
3106 517 3396 587 propagine

1805 588 1923 643 ﬁeri
1946 629 1962 658 ,
2011 598 2190 645 utrum
2229 590 2493 653 aliunde?
2531 593 2598 648 Et
2630 594 2682 649 si
2719 594 2791 650 ita
2818 606 2939 665 est,
2976 599 3227 669 quidnam
3268 606 3396 665 illud

1805 678 1918 743 sit,
1951 693 2022 734 an
2063 681 2285 745 omnino
2315 681 2384 738 de
2418 683 2632 739 nihilo?
2679 684 2815 742 Nam
2850 688 2985 745 illud
3021 690 3265 764 Origenis
3288 739 3304 765 ,
3343 710 3399 756 et

1805 767 2124 829 Priscilliani
2142 811 2157 839 ,
2182 773 2269 833 vel
2290 774 2337 830 si
2359 772 2450 846 qui
2471 775 2560 832 alii
2592 776 2699 834 tale
2722 779 2923 850 aliquid
2948 786 3187 842 sentiunt
3214 804 3230 841 :
3252 791 3394 859 quod

1809 878 1909 934 pro
1960 865 2168 922 meritis
2221 866 2348 923 vitm
2397 869 2593 939 prioris
2641 878 3101 947 iuvenumque
3152 882 3396 938 mortalia

1809 954 2202 1013 contrudantur
2225 959 2308 1030 (ὁ)
2336 959 2395 1015 in
2415 972 2676 1033 corpora,
2713 963 2887 1033 absit,
2919 977 2977 1023 ut
2994 971 3231 1039 sentias;
3276 972 3398 1030 bule

1808 1045 2007 1117 quippe
2024 1048 2262 1118 opinioni
2300 1067 2519 1121 promus
2542 1056 2849 1125 Apostolica
2870 1064 3185 1121 contradicit
3216 1077 3398 1123 aucto-

1807 1140 1960 1207 ritas,
1989 1139 2194 1208 dieens,
2218 1143 2382 1214 Esau,
2410 1154 2467 1202 et
2488 1146 2676 1216 Jacob,
2699 1157 2979 1222 antequam
3005 1157 3115 1211 nati
3141 1155 3394 1229 fuissent;

1809 1230 1941 1286 nihil
1982 1242 2231 1303 operatos
2270 1236 2393 1293 boni
2417 1277 2433 1307 ,
2480 1239 2565 1296 vel
2606 1241 2755 1297 mali.
2800 1243 2964 1314 igitur
3003 1261 3111 1303 non
3147 1264 3214 1305 ex
3258 1258 3393 1316 toto,

1808 1324 1907 1380 sed
1935 1340 2001 1380 ex
2025 1335 2175 1396 parte
2197 1370 2213 1397 ,
2247 1329 2401 1386 nobis
2424 1339 2509 1388 est
2533 1340 2619 1389 tua
2643 1334 2713 1391 de
2732 1334 2832 1392 hac
2855 1351 2916 1394 re
2938 1347 3064 1397 nota
3092 1348 3352 1400 sententia
3379 1362 3394 1413 ;

1808 1419 2033 1475 assertio
2056 1435 2188 1477 vero
2214 1422 2331 1493 ejus
2349 1464 2365 1492 ,
2394 1424 2448 1481 id
2488 1436 2570 1482 est
2596 1428 2736 1485 unde
2763 1429 3018 1489 doceatur
3040 1449 3221 1493 verum
3251 1453 3392 1508 esse,

1810 1509 1953 1578 quod
1977 1512 2143 1568 sentis
2166 1554 2182 1579 ,
2210 1528 2309 1569 nos
2328 1517 2543 1586 penitus
2579 1517 2726 1576 latet.
2776 1520 3067 1593 Propterea
3103 1529 3396 1598 petiveram

1812 1602 2080 1670 prioribus
2104 1604 2295 1662 litteris
2331 1610 2466 1665 meis
2488 1651 2504 1678 ,
2556 1618 2616 1667 ut
2641 1612 2869 1669 libellum
2907 1613 3060 1673 Fidei
3081 1660 3098 1685 ,
3139 1634 3296 1691 quem
3345 1632 3398 1680 te

1811 1694 2092 1763 scripsisse
2114 1709 2504 1755 commemoras
2521 1742 2537 1769 ,
2564 1701 2721 1774 eique
2743 1705 2924 1761 nescio
2953 1723 3114 1778 quem
3140 1712 3396 1784 presbyte-

1811 1799 1925 1836 rum
1954 1786 2208 1855 fallaciter
2240 1790 2597 1861 subscripsisse
2622 1800 2970 1867 conquereris
2987 1839 3004 1869 ,
3030 1801 3160 1856 mihi
3184 1804 3400 1862 mittere

1809 1873 2145 1944 dignareris:
2184 1881 2331 1949 quod
2368 1883 2533 1939 etiam
2563 1898 2707 1943 nunc
2731 1896 2860 1957 peto
2878 1928 2895 1957 ,
2921 1898 2978 1947 et
3002 1890 3076 1966 (ε)
3097 1893 3227 1965 quid
3253 1898 3400 1954 testi-

1811 1966 2113 2025 moniorum
2178 1968 2481 2028 divinorum
2554 1975 2680 2033 huic
2749 1982 3031 2049 quastioni
3092 1988 3400 2045 reseranda:

1810 2055 2068 2117 adhibere
2106 2062 2347 2131 potuisti.
2398 2063 2545 2120 Dicis
2581 2066 2726 2122 enim
2769 2070 2823 2123 in
2863 2072 3089 2141 epistola
3119 2076 3186 2131 ad
3212 2076 3396 2135 Cassa-

1812 2148 2020 2240 rienses
2044 2191 2060 2216 ,
2105 2149 2373 2208 Placuisse
2391 2156 2559 2221 nobis,
2597 2166 2656 2211 ut
2674 2174 2873 2215 omnem
2901 2166 3122 2221 veritatis
3143 2172 3401 2240 approba-

1811 2239 2000 2332 tionem
2039 2242 2193 2297 etiam
2236 2243 2448 2300 Iudices
2474 2256 2834 2319 cognoscerent
2866 2254 3076 2327 1073
3099 2261 3396 2332 δίκαιαι-α,

1809 2328 1990 2396 quibus
2027 2346 2094 2386 ea:
2128 2335 2379 2389 communi
2417 2336 2773 2406 deprecatione
2814 2343 3153 2403 residentibus
3173 2387 3188 2413 ,
3240 2361 3287 2406 et
3330 2328 3401 2406 ad

1810 2420 1967 2514 ﬁdem
2004 2424 2240 2479 uniuersa
2277 2426 2579 2485 rimantibus
2601 2469 2621 2496 ,
2663 2431 2720 2485 id
2755 2432 3011 2492 Dioinitas
3033 2476 3050 2505 ,
3099 2448 3157 2496 ut
3185 2443 3398 2514 scribis,

1811 2512 2177 2571 misericordia:
2215 2532 2325 2573 aute
2361 2518 2617 2588 inlusione
2662 2524 2851 2595 largita
2888 2535 2964 2582 est
2987 2567 3005 2596 ,
3055 2538 3114 2583 ut
3156 2512 3403 2603 majorem

1809 2605 2196 2675 aﬂirutationem
2240 2626 2335 2680 pro
2378 2612 2489 2666 suis
2532 2614 2763 2671 sensibus
2815 2622 3244 2699 «salicumque
3281 2642 3402 2699 pro-

1810 2699 2004 2789 ferrent
2025 2739 2041 2764 ,
2080 2714 2237 2787 quam
2264 2712 2428 2759 uestra
2452 2704 2593 2761 circa
2617 2722 2705 2763 eos
2734 2710 3058 2767 mediocritas
3079 2729 3197 2770 cum
3219 2716 3401 2789 ingen-

1809 2788 1936 2882 tium
1963 2791 2361 2849 testimoniorttm
2388 2797 2777 2855 auctoritatibus
2797 2803 3093 2857 retentam.
3134 2807 3243 2863 Has
3272 2788 3402 2882 crgo

1811 2880 2213 2938 testimoniorum
2264 2884 2549 2956 ingentium
2592 2892 2921 2948 auctoritates
2968 2895 3172 2966 ingenti
3221 2880 3403 2958 studio

1809 2972 1951 3027 scire
1978 2971 2249 3030 desidero.
2310 2975 2493 3032 Sciam
2539 2980 2738 3051 quippe
2767 2997 2929 3039 unam
2953 2999 3175 3047 causam
3200 2990 3404 3049 videris

1810 3071 2029 3154 secutus
2053 3105 2068 3132 ,
2117 3080 2222 3134 qua
2266 3067 2696 3128 contradictores
2737 3082 2861 3130 tuos
2895 3076 3208 3149 refelleres,
3256 3086 3403 3154 quod

1810 3152 2018 3211 scilicet
2065 3168 2324 3226 negarent
2365 3173 2491 3216 esse
2535 3175 2673 3232 opus
2738 3164 2834 3221 Dei
2884 3168 3097 3226 animas
3167 3152 3400 3233 nostras.

1811 3246 1969 3314 Quod
1996 3247 2044 3304 si
2072 3250 2317 3306 sentiunt
2337 3292 2357 3319 ,
2402 3255 2601 3311 merito
2625 3271 2816 3315 eorum
2842 3265 3111 3320 sententia
3134 3267 3406 3337 iudicatur

1811 3353 1934 3431 esse
1982 3341 2310 3403 damnanda.
2380 3345 2663 3431 Namboe
2697 3350 2745 3407 si
2787 3353 2859 3410 de
2904 3355 3037 3427 ipsis
3085 3362 3405 3431 corporibus

1810 3429 2054 3491 dicerent
2075 3471 2092 3501 ,
2117 3437 2308 3507 procul
2359 3426 2544 3495 dubio'
2572 3441 2783 3500 fuerant
2812 3426 3135 3506 emendandi
3155 3426 3284 3517 {vel
3302 3455 3407 3512 tie-

1813 3526 2068 3583 testaudi.
2108 3528 2239 3596 Quis
2265 3531 2411 3586 enim
2435 3531 2773 3591 Christianus
2798 3549 2957 3611 neget
2975 3555 3140 3612 opera
3165 3544 3260 3601 Del
3280 3560 3404 3604 esse

1811 3630 2039 3690 corpora
2095 3621 2429 3694 singulorum
2485 3640 2821 3700 quorumque
2877 3637 3251 3692 nascentium?
3295 3638 3407 3697 Nec

1815 3716 1993 3800 tamen
2017 3726 2081 3767 ea
2100 3723 2387 3784 propterea
2416 3732 2678 3787 negamus
2699 3735 2731 3774 a
2757 3723 3068 3789 parentibus
3092 3728 3259 3797 gigni,
3283 3732 3406 3800 quia

1813 3799 2047 3859 fatemur
2092 3804 2350 3861 divinitus
2393 3806 2543 3874 tingi.
2606 3809 2833 3874 Quando
2872 3825 3002 3881 ergo
3044 3814 3277 3881 dicitur,
3304 3799 3407 3876 sic

1814 3891 1978 3946 etiam
2029 3893 2330 3948 animarum
2358 3902 2661 3950 nostrarum
2710 3895 2793 3967 (ti)
2818 3897 3133 3969 incorporea
3155 3905 3404 3975 quaedam

1808 3982 1900 4039 aui
1926 3981 2142 4051 generis
2167 3983 2379 4040 semina
2400 4022 2417 4050 ,
2457 3994 2513 4041 et
2532 4000 2564 4040 a
2594 3988 2907 4057 parentibus
2932 3992 3069 4049 trahi
3094 4032 3110 4061 ,
3140 4003 3198 4051 et
3222 4005 3403 4055 tamen

1815 4087 1885 4131 ex
1927 4074 2235 4131 eisanimas
2264 4076 2359 4132 Dei
2397 4090 2566 4147 opere
2606 4077 2748 4147 ﬁeri,
2796 4081 2868 4138 ad
2912 4080 3017 4141 hoc
3062 4085 3406 4147 refutandus:
3526 4143 3535 4151 ,

1816 4182 1924 4224 non
1953 4169 2187 4225 humana
2206 4170 2519 4241 conjectura
2542 4211 2560 4242 ,
2599 4161 2696 4229 sed
2735 4173 2915 4231 divina
2943 4175 3218 4249 Scriptura
3256 4184 3410 4241 testis

1818 4258 2121 4318 adhibenda
2141 4271 2247 4318 est.
2284 4262 2421 4318 Nam
2458 4263 2527 4321 de
2562 4264 2764 4322 sanctis
2806 4267 2959 4325 libris
2999 4274 3273 4330 montem
3309 4290 3409 4333 au-

1810 4351 2085 4409 ctoritatis
2101 4354 2272 4423 potuit
2296 4354 2452 4411 nobis
2475 4358 2909 4433 testimoniorum
2935 4368 3410 4438 suppeterecopia,

1819 4456 1924 4512 qua
1971 4442 2228 4512 probatur
2272 4445 2414 4503 Dens
2447 4447 2659 4505 animas
2687 4448 2905 4519 facere;
2951 4454 3048 4510 sed
3089 4458 3413 4516 testimoniis

1822 4533 2021 4593 talibus
2041 4534 2079 4590 ii
2106 4536 2533 4609 redarguuntur,
2571 4542 2663 4612 qui
2700 4556 2865 4613 opera
2903 4544 3001 4600 Dei
3033 4550 3414 4620 medrugulas

1822 4641 2064 4698 quasque
2104 4629 2312 4686 animas
2348 4631 2405 4686 in
2450 4630 2757 4688 hominibus
2792 4634 3140 4691 nascentibus
3173 4649 3410 4709 negant;

1824 4735 1932 4776 non
1961 4720 1997 4776 ii
2023 4722 2119 4792 qui
2144 4721 2249 4779 hoc
2268 4723 2502 4782 [suitur
2522 4764 2541 4792 ,
2568 4735 2624 4781 et
2649 4731 2826 4783 nmen
2851 4740 2974 4794 eas,
3006 4728 3145 4785 sicut
3163 4744 3410 4802 corpora,

1826 4811 1938 4868 Deo
1980 4814 2195 4885 quidem
2236 4826 2533 4885 operante,
2576 4816 2830 4885 formari,
2877 4818 2975 4875 sed
3016 4835 3083 4876 ex
3134 4833 3412 4892 parentum

1828 4907 2237 4977 propagatione.
2282 4907 2630 4963 cauendum.
2671 4908 2754 4963 Ad
2797 4907 2901 4965 bos
2943 4910 3271 4969 releuandos
3321 4915 3414 4971 tibi

1826 4995 2013 5052 divina
2059 4997 2363 5052 testimonia
2403 5005 2551 5053 certa
2592 5004 2882 5068 quaternis
2907 5010 3034 5056 sunt
3057 5044 3074 5069 ,
3116 5012 3211 5059 aut
3231 5007 3279 5061 si
3302 5007 3413 5077 jam

1829 5087 2119 5153 invenisti,
2150 5086 2341 5153 nobis,
2386 5087 2477 5159 qui
2509 5090 2744 5146 nondum
2777 5092 3115 5161 invenimus,
3157 5109 3280 5151 cum
3311 5096 3417 5151 im-

1788 5240 1795 5246 ,
1831 5182 2171 5252 pensissime,
2200 5189 2460 5250 quantum
2490 5195 2809 5252 possumus,
2838 5184 3171 5256 inquiramus
3190 5226 3207 5252 ,
3231 5197 3417 5245 mutua

1898 5306 1965 5380 (bl
2001 5308 2159 5359 Antea
2197 5312 2307 5380 erat
2343 5308 2719 5380 contradqntur,
2743 5308 2890 5370 male,
2916 5318 2971 5380 ut
2990 5318 3043 5363 et
3066 5311 3115 5361 in
3140 5313 3419 5379 Archetypo

1832 5369 2148 5433 subsequens
2166 5369 2337 5421 vocula
2360 5384 2423 5419 an
2448 5384 2535 5433 pro
2557 5370 2608 5420 in
2629 5369 2740 5433 qua:
2765 5372 3099 5425 emendamus.

1900 5435 1970 5499 (ε)
2005 5432 2233 5485 Notatum
2258 5432 2459 5483 Gottiw.’
2498 5432 2685 5483 Editori
2721 5432 2927 5485 fortasse
2961 5435 3203 5502 quidquid
3240 5437 3419 5504 legen-

2011 5557 2189 5626 Conter
2217 5557 2457 5626 laudatam
2498 5557 2758 5626 Augustini
2794 5558 3085 5626 Epistrltio.
3110 5561 3168 5612 ad
3191 5560 3420 5626 Optatum

1836 5620 1970 5674 hunc
1992 5621 2372 5689 eumdemnum.
2404 5620 2479 5689 li2
2517 5621 2564 5669 in
2597 5620 2694 5670 ﬁne
2730 5623 3078 5689 et15._initio;
3104 5620 3421 5689 quin'potius

1839 5693 1937 5736 tota
1963 5683 2255 5735 conferenda
2281 5690 2357 5732 est
2380 5696 2444 5732 ex
2468 5684 2663 5743 integro
2684 5720 2695 5742 ,
2717 5683 2780 5732 de
2807 5683 2978 5734 eadem
3003 5683 3138 5737 enini
3156 5683 3420 5738 Milevitaui

1838 5749 2059 5813 Episcopi
2084 5744 2455 5819 consultatione,
2483 5744 2651 5819 libello
2674 5746 2804 5809 lidei,
2834 5754 2886 5799 et
2908 5746 3193 5815 Hieronymi
3228 5750 3315 5799 bac
3336 5759 3420 5803 stt-

1844 5830 1933 5887 ριπ
1957 5816 2227 5883 quastione
2250 5816 2441 5877 scriptis
2470 5816 2590 5874 agit.
