3986 6184
641 205 780 262 1187

639 319 926 376 dilectione
968 317 1244 373 mittenda.
1285 317 1398 372 Tua
1442 320 1638 390 quippe
1675 322 1993 378 consultatio
2019 324 2220 394 brevis,

637 420 796 478 atque
821 418 1084 476 postrema
1106 407 1157 460 in
1184 406 1398 474 litteris,
1420 425 1553 478 quas
1578 410 1644 466 ad
1658 410 1849 467 fratres
1865 411 2222 470 Ctesarienses

636 497 866 564 misisti,
913 497 982 551 ita
1027 511 1086 550 se
1131 496 1328 552 habet:
1367 497 1582 569 Exora,
1631 503 1836 571 inquis,
1877 513 1934 556 ut
1953 521 2030 558 me
2055 506 2221 574 ﬁlium

636 599 855 642 vestrum
880 627 895 654 ,
922 597 1071 658 atque
1095 588 1436 659 discipulum,
1467 607 1516 645 et
1541 592 1610 645 ad
1639 593 1746 646 hcce
1771 597 2010 665 mysteria
2037 614 2215 667 nuper,

631 679 957 748 proximeque
979 717 995 745 ,
1041 677 1153 734 Deo
1168 680 1380 749 juvante
1407 723 1422 748 ,
1447 685 1722 738 venientem
1747 727 1763 753 ,
1792 702 1892 756 qua
1916 687 2102 742 debetis
2127 730 2141 755 ,
2170 699 2217 744 et

631 771 845 840 dignum
883 780 957 825 est
979 811 994 835 ,
1036 783 1083 826 et
1109 789 1210 841 qua
1229 774 1500 843 prudentes
1539 778 1844 847 respondere
1869 781 2220 836 convenitSa-

629 861 852 915 cerdotes
871 901 886 926 ,
936 862 1299 931 informatione
1340 866 1562 920 doceatis
1593 882 1612 920 :
1651 877 1822 921 utrum
1849 871 2010 940 magis
2033 871 2124 925 illa
2153 873 2217 925 sit

629 952 845 1006 tenenda
865 954 1114 1007 sententia
1138 995 1154 1020 ,
1199 971 1314 1023 qua:
1351 957 1574 1010 animam
1602 958 1724 1011 dicit
1763 975 1868 1012 esse
1893 959 1956 1012 de
1985 961 2212 1027 traduce,

627 1053 674 1096 et
701 1059 790 1112 per
815 1043 1067 1098 occultam
1089 1049 1363 1114 quamdam
1387 1048 1632 1119 originem
1655 1088 1671 1114 ,
1704 1050 2030 1120 ordinemque
2054 1068 2215 1106 secre-

629 1140 734 1184 tum
757 1133 810 1185 in
835 1148 983 1186 omne
1007 1133 1270 1188 hominum
1298 1153 1455 1206 genus
1477 1177 1494 1204 ,
1531 1149 1738 1192 caeteras
1768 1141 1965 1194 animas
1989 1157 2050 1194 ea:
2091 1142 2216 1197 Adce

626 1223 932 1293 protoplasti
960 1228 1306 1297 transfusione
1334 1228 1555 1298 deﬂuere
1577 1268 1594 1295 ,
1640 1247 1706 1283 an
1733 1231 1897 1300 potius
1921 1248 1980 1285 ea
2003 1272 2018 1297 ,
2061 1249 2214 1301 quam

625 1331 799 1369 omnes
837 1316 1023 1386 fratres
1047 1320 1197 1372 vestri
1221 1361 1236 1385 ,
1287 1329 1333 1373 et
1362 1321 1649 1375 sacerdotes
1675 1323 1756 1376 hic
1791 1324 1942 1393 positi
1979 1326 2208 1393 retinent,

624 1415 671 1459 et
694 1407 947 1476 aﬂirmant
965 1449 980 1476 ,
1012 1408 1244 1479 eligenda
1264 1411 1514 1479 deﬁnitio,
1543 1414 1912 1482 credulitasque
1930 1417 2208 1485 retinenda,

623 1513 740 1567 qua:
760 1497 928 1553 Deum
955 1511 1214 1555 auctorem
1234 1504 1583 1557 universarum
1610 1521 1781 1559 rerum
1810 1547 1825 1570 ,
1857 1507 2212 1578 hominumque

622 1600 918 1645 cunctorum
955 1601 1001 1646 et
1027 1593 1183 1663 fuisse
1208 1635 1224 1663 ,
1263 1605 1309 1649 et
1329 1611 1435 1650 esse
1464 1635 1478 1662 ,
1506 1605 1553 1650 et
1581 1599 1810 1667 futurum
1835 1615 1942 1654 esse
1962 1609 2169 1656 testatur
2191 1643 2207 1669 ,

620 1694 667 1737 et
696 1685 875 1740 credit.
902 1704 923 1738 ι

697 1793 909 1867 1074.
961 1796 1012 1851 6.
1047 1813 1066 1848 ι
1094 1796 1294 1856 Horum
1321 1797 1477 1868 igitur
1503 1799 1754 1869 duorum,
1783 1817 1902 1871 quae
1924 1805 2208 1861 consulens

617 1887 942 1956 proposuisti
969 1927 984 1952 ,
1012 1887 1094 1942 vis
1119 1896 1178 1942 ut
1207 1888 1433 1958 eligatur
1454 1930 1469 1956 ,
1504 1891 1598 1946 tibi
1622 1891 2010 1960 respondeatur
2038 1896 2203 1952 alter-

616 1988 794 2032 utrum
819 2020 834 2044 ,
879 1980 1024 2049 quod
1072 1980 1188 2035 ﬂeri
1234 1981 1453 2036 deberet
1494 1981 1562 2036 ab
1591 1984 1922 2053 scientibus,
1963 1988 2006 2041 si
2026 1998 2206 2044 essent

613 2069 754 2125 inter
796 2086 855 2125 se
877 2069 984 2125 duo
1011 2072 1110 2126 ista
1135 2072 1401 2125 contraria
1421 2112 1435 2137 ,
1483 2081 1539 2125 ut
1565 2074 1731 2129 altero
1757 2077 1928 2130 electo
1949 2115 1966 2143 ,
2015 2091 2207 2134 conse-

610 2170 836 2230 quenter
870 2170 1016 2217 esset
1057 2162 1283 2217 alterum
1312 2164 1692 2233 respuendum.
1745 2166 1898 2221 Nunc
1918 2178 2114 2236 autem,
2157 2170 2204 2224 si

608 2251 873 2321 quispiam
903 2266 1008 2306 non
1035 2252 1263 2307 alterum
1285 2267 1315 2308 e
1341 2253 1546 2309 duobus
1574 2255 1657 2310 his
1675 2254 1856 2326 eligat,
1884 2259 1977 2313 sed
2001 2271 2202 2314 utrum-

606 2358 711 2413 que
737 2358 920 2397 verum
942 2358 1063 2399 esse
1090 2345 1431 2414 respondeat,
1461 2347 1511 2401 id
1536 2357 1639 2415 est,
1671 2350 1722 2402 in
1749 2363 1907 2405 omne
1925 2351 2200 2409 hominum

603 2450 774 2504 genus
789 2446 1011 2491 caeteras
1029 2438 1235 2492 animas
1258 2453 1329 2492 ex
1362 2439 1494 2493 Δάαι
1513 2442 1824 2510 protoplasti
1843 2444 2198 2503 transfusione

606 2525 864 2594 deﬂuere,
897 2536 950 2582 et
975 2528 1320 2584 nihilominus
1345 2530 1508 2585 Deum
1532 2540 1804 2588 auctorem
1831 2536 2193 2593 universarum

601 2633 817 2686 rerum,
865 2619 1249 2692 hominumque
1292 2631 1603 2678 cunctorum
1631 2635 1687 2680 et
1726 2625 1927 2696 fuisse,
1975 2638 2191 2699 etesse,

603 2719 658 2764 et
679 2709 913 2765 futurum
943 2726 1064 2767 esse
1089 2712 1311 2780 credat,
1365 2722 1420 2768 et
1445 2713 1624 2783 dicat,
1668 2717 1795 2788 quid
1823 2717 1946 2774 huic
1974 2731 2192 2777 contra-

597 2801 879 2857 dicendum
903 2818 1024 2858 esse
1051 2805 1280 2860 censes?
1310 2805 1576 2877 Numquid
1615 2824 1738 2863 nam
1759 2809 1950 2866 dicturi
1972 2828 2187 2869 sumus:

597 2890 659 2946 Si
701 2909 764 2946 ea:
810 2895 1100 2964 parentibus
1135 2897 1321 2951 animae
1364 2909 1751 2970 prapagantur,
1798 2919 1898 2956 non
1943 2914 2014 2958 est
2049 2903 2190 2960 Deus

593 2994 771 3038 auctor
793 2987 1020 3041 omnium
1045 3004 1214 3042 rerum
1239 2990 1357 3058 quia
1379 3005 1479 3044 non
1515 2992 1640 3062 facit
1675 2994 1873 3048 animas
1893 2995 1920 3049 Ρ
1954 2995 2189 3066 Respon-

593 3077 804 3133 debitur
829 3080 969 3135 enim
993 3122 1008 3147 ,
1061 3082 1106 3137 si
1152 3083 1251 3138 hoc
1294 3083 1620 3139 dixerimus:
1667 3101 1798 3157 ergo
1827 3088 1946 3157 quia
1971 3107 2186 3162 corpora

591 3184 655 3223 ea:
680 3172 972 3240 parentibus
992 3183 1359 3245 propagantur,
1390 3191 1494 3229 non
1512 3185 1583 3230 est
1607 3175 1744 3232 Deus
1767 3189 1939 3234 auctor
1959 3183 2185 3236 omnium

591 3277 800 3328 rerum,
832 3264 877 3316 si
899 3273 1107 3334 propter
1135 3265 1229 3318 hoc
1259 3266 1503 3320 dicendus
1533 3278 1606 3322 est
1638 3284 1738 3322 non
1759 3272 1926 3340 facere
1945 3287 2179 3342 corpora.

590 3353 721 3418 Quis
765 3364 941 3409 autem
983 3366 1176 3425 neget,
1231 3368 1504 3414 auctorem
1548 3359 1899 3418 humanorum
1943 3367 2180 3422 omnium

587 3457 870 3511 corporum
919 3445 1124 3510 Deum,
1169 3449 1261 3501 sed
1309 3449 1450 3504 illius
1491 3451 1632 3505 dicat
1669 3453 1876 3519 solius,
1924 3457 2066 3526 quod
2113 3458 2181 3516 de

589 3543 727 3587 terra
760 3534 1003 3603 primitus
1027 3535 1215 3603 ﬂuxit,
1243 3548 1335 3593 aut
1360 3552 1506 3595 certe
1527 3543 1687 3597 etiam
1716 3545 1958 3615 conjugis
1989 3549 2174 3619 ipsius,

585 3624 707 3692 quia
737 3633 790 3679 et
816 3626 982 3695 ipsam
1003 3627 1073 3683 de
1097 3628 1265 3684 latere
1291 3630 1408 3701 ejus
1437 3632 1549 3701 ipse
1577 3634 1840 3701 formavit,
1869 3653 1976 3692 non
1998 3650 2174 3697 autem

583 3716 743 3770 etiam
765 3727 1068 3774 exterarum
1092 3760 1108 3788 ,
1153 3722 1276 3791 quia
1304 3737 1371 3778 ex
1408 3723 1516 3778 illis
1543 3733 1734 3799 caetera
1758 3727 2029 3785 hominum
2057 3747 2177 3788 cor-

584 3823 711 3878 pora
740 3809 1032 3868 deﬂuxisse
1059 3829 1256 3885 negare
1285 3829 1392 3872 non
1421 3821 1745 3886 possumus?
1775 3840 1796 3874 ι

657 3900 710 3956 7.
748 3919 768 3953 t
801 3903 880 3958 Ac
906 3919 1000 3973 per
1026 3904 1127 3960 hoc
1146 3946 1161 3971 ,
1191 3907 1271 3975 si,
1311 3909 1568 3964 adversus
1588 3927 1723 3981 quos
1753 3913 1848 3968 tibi
1874 3924 1958 3970 est
1987 3917 2039 3972 in
2071 3918 2172 3975 hac

578 3991 874 4060 quaestione
921 3995 1239 4064 conﬂictus,
1285 4000 1365 4054 sic
1403 4011 1715 4056 asseverant
1759 4006 2058 4063 animarum
2104 4026 2170 4066 ex

578 4081 724 4139 illius
751 4084 906 4140 unius
925 4087 1255 4144 derivatione
1282 4092 1647 4162 pr0paginem,
1681 4102 1740 4148 ut
1758 4109 1850 4150 eas
1865 4096 1975 4166 jam
2004 4099 2169 4157 Deum

577 4189 774 4248 negent
799 4181 993 4250 facere,
1023 4194 1184 4254 atque
1209 4185 1461 4255 formare,
1495 4188 1632 4244 insta
1655 4190 1735 4244 eis
1764 4191 2166 4262 redarguendis,

575 4271 991 4339 convincendis,
1039 4277 1400 4345 corrigendis,
1445 4289 1700 4349 quantum
1751 4282 1973 4339 Domino
2017 4286 2169 4356 adju-

575 4371 734 4418 vante
777 4366 1032 4432 potueris.
1079 4366 1139 4422 Si
1168 4378 1346 4422 autem
1378 4370 1525 4424 initia
1555 4374 1799 4441 quaedam
1823 4391 1888 4432 ex
1913 4377 2007 4433 illo
2039 4395 2161 4448 uno,

571 4462 627 4509 et
662 4453 914 4525 deinceps
945 4470 976 4510 a
1006 4456 1316 4527 parentibus
1360 4459 1593 4526 attrahi,
1637 4471 1693 4517 et
1723 4471 1900 4522 tamen
1931 4469 2164 4539 singulas

570 4546 626 4604 in
654 4546 961 4606 hominibus
997 4549 1221 4621 singulis
1263 4549 1534 4607 afﬁrmant
1570 4553 1641 4608 ab
1679 4566 1898 4613 auctore
1923 4561 2159 4616 omnium

569 4655 750 4696 rerum
778 4642 890 4696 Deo
909 4643 1102 4710 creari,
1130 4651 1290 4713 atque
1315 4642 1555 4713 formari,
1579 4646 1708 4717 quid
1731 4649 1811 4703 eis
1838 4653 2156 4719 reSpondea-

569 4740 674 4799 tur,
706 4733 914 4803 inquire
941 4734 1010 4790 de
1038 4735 1331 4806 Scripturis
1359 4737 1593 4793 maxime
1621 4740 1820 4796 sanctis
1839 4783 1855 4809 ,
1883 4744 2022 4812 quod
2052 4762 2157 4801 non

565 4824 636 4879 sit
658 4824 986 4896 ambiguum,
1018 4842 1118 4882 nec
1159 4826 1316 4883 aliter
1339 4829 1510 4899 possit
1547 4830 1771 4902 intelligi
1803 4849 1817 4888 :
1858 4841 1950 4888 aut
1977 4837 2022 4890 si
2046 4835 2156 4906 jam

563 4915 835 4981 invenisti,
865 4927 924 4972 ut
941 4918 1191 4988 superius
1216 4920 1501 4989 postulavi,
1526 4922 1698 4994 dirige
1727 4935 1782 4980 et
1809 4926 1984 4985 nobis.
2003 4929 2156 4997 Quod

561 5007 609 5061 si
643 5016 694 5062 te
735 5007 1115 5076 adhuc,.sicut
1153 5026 1240 5066 me
1265 5011 1427 5078 latet;
1475 5013 1614 5070 insta
1651 5016 1866 5086 quidem
1909 5021 2154 5078 omnibus

519 5154 524 5159 ,
559 5098 762 5154 viribus
786 5113 880 5155 eos
903 5099 1201 5166 confutare,
1220 5103 1308 5172 qui
1333 5102 1518 5159 dicunt
1542 5107 1742 5162 animas
1769 5124 1872 5163 non
1900 5125 1963 5163 ea:
2005 5127 2154 5168 onere

559 5187 748 5245 Divina
774 5233 790 5258 ,
817 5191 960 5262 quod
1003 5207 1099 5249 eos
1136 5193 1315 5249 dixisti
1346 5196 1398 5251 in
1429 5198 1653 5268 epistola
1694 5208 1780 5255 tua
1809 5203 1979 5273 prima
2023 5205 2153 5261 inter

557 5283 846 5338 secretiores
890 5284 1090 5353 fabulas
1125 5303 1509 5356 murmurasse,
1556 5292 1736 5346 deinde
1775 5306 1978 5367 prapter
2022 5299 2151 5353 hanc

556 5373 854 5426 sententiam
880 5373 1109 5441 stultam,
1157 5386 1308 5448 atque
1352 5378 1563 5448 impiam
1588 5398 1620 5435 a
1662 5391 1749 5437 tuo
1795 5397 2066 5454 consortio,
2102 5399 2150 5442 et

518 5485 525 5498 ι
562 5455 800 5514 Ecclesia:
822 5463 1026 5518 servitio
1047 5470 1313 5524 recessisse
1330 5511 1346 5538 ,
1376 5480 1534 5542 atque
1560 5473 1820 5531 adversus
1845 5491 1940 5532 eos
1969 5481 2145 5534 omni-

554 5542 655 5596 bus
684 5550 853 5637 modis
879 5551 1141 5622 defende,
1173 5567 1229 5613 et
1250 5569 1420 5628 tuere,
1449 5563 1590 5633 quod
1620 5563 1673 5618 in
1700 5565 1888 5622 eadem
1918 5568 2140 5637 epistola

553 5632 798 5703 posuisti,
830 5637 996 5691 Deum
1024 5646 1197 5716 fecisse
1246 5651 1462 5724 animas,
1512 5665 1560 5709 et
1604 5659 1784 5731 facere,
1815 5669 1860 5712 et
1888 5660 2144 5726 facturum

1907 206 2150 264 SANCTI
2189 208 2578 270 BIERONYMI

3817 203 3957 297 nisi

2322 346 2445 398 esse,
2470 348 2628 402 neque
2649 334 2846 406 aliquid
2872 353 2978 394 esse
2995 341 3048 395 in
3079 345 3239 413 uelis,
3268 348 3447 402 autin
3479 357 3650 419 terra,
3681 357 3821 422 quod
3843 377 3913 413 se:

2321 421 2434 489 ipso
2459 427 2754 494 constiterit,
2783 439 2873 482 aut
2895 442 3084 487 constet
3109 445 3342 491 auctore.
3370 438 3494 494 Hoc
3519 442 3678 496 enim
3709 445 3780 500 de
3803 457 3912 504 oms;

2323 514 2541 567 omnino
2563 529 2764 584 genere
2785 529 3044 576 creatura:
3069 526 3352 583 verissime
3374 570 3391 596 ,
3432 540 3611 602 atque
3638 538 3912 596 rectissime

2322 605 2576 673 creditur,
2611 609 2828 676 dicitur,
2867 612 3187 686 defenditur,
3219 623 3649 692 comprobatur.
3738 631 3910 706 1075

2323 697 2464 753 Deus
2486 701 2626 754 enim
2668 713 2854 758 auctor
2881 707 3251 766 universarum
3277 728 3462 770 rerum
3486 758 3500 782 ,
3541 718 3910 794 hominumque

2321 797 2634 844 cunctorum
2665 801 2718 846 et
2742 792 2861 862 fuit,
2901 806 2956 850 et
2981 808 3079 863 est,
3106 809 3162 855 et
3186 800 3398 859 futurus
3423 815 3510 861 est
3530 849 3548 873 ,
3591 810 3746 878 quod
3774 813 3821 866 in
3847 792 3909 868 ex.

2324 889 2492 934 trema
2527 891 2612 936 tua
2652 884 2719 938 ad
2761 884 3119 960 Coepiscopos
3162 905 3379 950 nostros
3409 897 3737 957 Provinciae
3763 904 3906 961 (II-ss-

2320 971 2517 1026 riensis
2541 976 2938 1034 Consultatione
2987 984 3250 1054 posuisti,
3305 998 3470 1058 atque
3527 1001 3589 1045 ut
3651 994 3711 1048 id
3764 1002 3903 1066 potas
3954 965 3958 1052 Ῐ

2319 1062 2598 1133 eligerent,
2628 1071 2878 1138 exemplo
2905 1076 3142 1130 omnium
3173 1077 3430 1149 fratrum,
3465 1095 3527 1139 et
3565 1062 3903 1146 consacerdo-

2319 1159 2548 1228 tum,qui
2564 1171 2688 1214 sunt
2706 1164 2844 1231 apud
2859 1180 2974 1232 vos,
2988 1179 3148 1238 atque
3165 1171 3217 1226 id
3241 1174 3496 1244 retinent,
3515 1180 3903 1248 quodammodo

2316 1244 2558 1304 hortatus
2584 1265 2662 1305 es.
2689 1253 2795 1308 Sed
2821 1256 2923 1310 alia
2948 1261 3175 1327 quaestio
3198 1271 3282 1317 est
3304 1265 3390 1319 ubi
3413 1244 3717 1339 quaeritur,
3749 1285 3901 1331 utrum

2315 1343 2552 1398 omnium
2581 1347 2878 1404 animarum
2900 1392 2915 1416 ,
2950 1360 3006 1407 et
3029 1368 3316 1425 corporum
3340 1371 3551 1426 auctor,
3581 1364 3900 1440 eﬂ‘ectorqne

2315 1431 2456 1488 Deus
2497 1437 2591 1504 sit,
2622 1440 2764 1508 quod
2791 1443 2988 1498 veritas
3017 1445 3210 1511 habet,
3254 1464 3321 1504 an
3353 1451 3560 1522 aliquid
3602 1431 3897 1515 naturaru

2314 1524 2587 1580 exoriatur
2605 1568 2620 1593 ,
2653 1529 2794 1598 quod
2823 1532 2939 1600 ipse
2964 1549 3069 1588 non
3097 1536 3288 1604 faciat,
3319 1555 3439 1610 quae
3465 1545 3656 1612 opinio
3696 1564 3897 1615 prorsus

2312 1616 2512 1671 erroris
2533 1628 2651 1684 est;
2679 1621 2784 1675 alia
2811 1637 2940 1678 vero
2971 1626 3056 1680 ubi
3086 1629 3366 1696 quatritur,
3396 1645 3584 1689 utrum
3624 1637 3772 1694 Deus
3801 1645 3895 1696 ani-

2311 1721 2427 1760 mas
2471 1707 2730 1764 humanas
2758 1727 2824 1767 ex
2856 1718 3143 1787 propagine
3166 1761 3181 1784 ,
3213 1735 3282 1775 au
3326 1723 3441 1778 sine
3484 1732 3790 1801 prOpagine
3828 1735 3889 1789 fa-

2309 1795 2433 1863 ciat,
2459 1814 2591 1868 quas
2623 1810 2797 1857 tamen
2820 1804 2887 1859 ab
2907 1806 2998 1862 illo
3028 1807 3165 1876 ﬁeri,
3189 1810 3436 1870 dubitare
3461 1816 3542 1873 fas
3565 1795 3695 1876 non.
3715 1836 3811 1879 est.
3841 1828 3883 1881 ln

2308 1902 2408 1957 qua
2430 1894 2728 1961 quaestione
2746 1896 2979 1954 sobrium
3004 1911 3054 1956 te
3071 1917 3212 1970 esse,
3231 1919 3296 1961 ac
3313 1908 3629 1978 vigilantem
3651 1918 3774 1972 volo
3794 1921 3883 1986 tt);

2308 1994 2375 2034 ne
2410 1982 2488 2037 sic
2515 1985 2811 2041 animarum
2845 1992 3185 2062 propaginem
3234 1995 3516 2066 destruas,
3564 2012 3626 2057 ut
3659 1982 3880 2063 bzeresiin

2307 2070 2642 2142 Pelagianam
2682 2077 2924 2135 incautus
2966 2082 3228 2140 incurras.
3276 2086 3410 2143 Nam
3449 2092 3497 2145 si
3544 2094 3881 2154 humanorum

2305 2178 2612 2234 corporum,
2643 2185 2869 2239 quorum
2902 2178 3211 2246 propagatio
3250 2189 3334 2235 est
3361 2184 3628 2242 omnibus
3655 2202 3796 2257 nota,
3822 2195 3881 2247 di-

2303 2255 2474 2312 cimus
2497 2266 2672 2314 tamen
2699 2262 2890 2331 Deum,
2919 2280 3152 2337 vereque
3179 2269 3408 2328 dicimus
3428 2315 3443 2338 ,
3475 2292 3589 2332 non
3618 2280 3761 2337 illius
3787 2295 3880 2338 ωηο

2303 2355 2412 2401 tum
2466 2351 2622 2417 primi
2667 2351 2939 2422 hominis,
2996 2359 3352 2430 conjugumve
3415 2367 3761 2438 primorum,
3805 2377 3877 2430 sed

2299 2438 2537 2494 omnium
2566 2457 2632 2496 ex
2662 2443 2768 2499 illis
2809 2458 3220 2518 propagatorum
3249 2468 3371 2510 esse
3395 2467 3710 2518 creatorem
3733 2505 3748 2529 ,
3775 2478 3876 2535 pato

2298 2529 2454 2586 facile
2482 2531 2740 2605 intelligi,
2774 2551 2869 2592 eos
2897 2539 2988 2608 qui
3015 2541 3314 2600 animarum
3354 2546 3668 2608 defendunt
3712 2529 3876 2627 proga-

2294 2620 2494 2691 ginem,
2524 2640 2630 2680 non
2656 2641 2722 2682 ex
2765 2628 2868 2684 hoc
2903 2646 3002 2687 nos
3031 2633 3106 2706 (2)
3151 2635 3349 2695 habere
3392 2642 3538 2698 velle
3577 2620 3871 2717 destruere,

2294 2715 2507 2783 quando
2534 2717 2674 2772 Deus
2709 2721 2918 2778 animas
2944 2723 3090 2792 facit,
3119 2741 3244 2784 cum
3263 2740 3318 2786 et
3337 2748 3567 2804 corpora
3604 2740 3753 2809 facit,
3776 2715 3874 2815 qua

2291 2802 2360 2858 de
2402 2809 2691 2878 propagine
2736 2809 2855 2866 ﬂeri
2894 2829 3091 2885 negare
3119 2833 3226 2874 non
3274 2802 3610 2896 possumus;
3787 2802 3872 2890 illis

2289 2893 2609 2953 documenta
2654 2916 2774 2957 esse
2816 2907 3138 2977 quarenda,
3183 2913 3380 2982 quibus
3419 2919 3474 2972 lii
3515 2925 3612 2990 qui
3659 2928 3872 2982 sentiunt

2288 2989 2568 3058 propagari
2599 2991 2829 3059 animas,
2882 2998 3211 3066 repellantur
3233 3043 3248 3067 ,
3275 3005 3322 3058 si
3352 3020 3447 3062 eos
3475 2989 3669 3069 errare
3697 3018 3870 3072 veritas

2288 3076 2552 3148 loquitur;
2581 3083 2648 3138 de
2669 3100 2773 3154 qua
2798 3101 2857 3142 re
2884 3088 2961 3143 illi
2990 3092 3158 3162 magis
3183 3092 3422 3166 fuerant,
3456 3101 3504 3154 si
3533 3104 3652 3158 ﬁeri
3681 3119 3866 3175 posset,

2286 3168 2670 3243 interrogandi,
2705 3189 2924 3248 propter
2949 3197 3174 3251 quorum
3199 3185 3452 3256 injuriam
3487 3193 3568 3264 (5)
3608 3168 3870 3255 deiunch

2284 3275 2426 3328 rum,
2455 3265 2593 3318 sicut
2621 3266 2814 3323 scribis
2844 3271 2895 3323 in
2929 3271 3008 3342 (a)
3040 3271 3280 3344 Epistola
3305 3319 3320 3346 ,
3351 3295 3512 3350 quam
3539 3285 3674 3341 mihi
3699 3301 3865 3359 poste-

2283 3352 2477 3408 riorem
2509 3355 2721 3425 misisti,
2751 3360 2802 3414 in
2825 3363 3083 3418 meliorem
3113 3377 3312 3435 partem
3332 3387 3624 3432 convertere
3647 3382 3863 3440 homines

2281 3443 2614 3510 formidabas.
2635 3448 2741 3504 llos
2761 3453 2902 3507 enim
2927 3455 3212 3527 defunctos,
3238 3464 3367 3518 tales
3389 3475 3683 3541 tantosque,
3710 3487 3756 3530 et
3773 3489 3860 3531 tam

2279 3535 2452 3591 doctos
2479 3538 2764 3611 Episcopos
2801 3547 2957 3615 fuisse
2981 3551 3199 3621 dixisti,
3248 3568 3304 3612 ut
3349 3576 3534 3618 earum
3573 3535 3857 3627 traditiones

2278 3626 2477 3682 timeres
2527 3632 2704 3687 doctor
2749 3639 2977 3694 novellus
2999 3683 3015 3709 ,
3054 3647 3292 3718 rudisque
3340 3669 3685 3728 corrumpere
3732 3626 3852 3720 uelle.

2274 3716 2454 3790 Itaque
2476 3725 2519 3778 si
2545 3727 2684 3782 scire
2723 3743 2956 3800 possem,
3001 3735 3129 3791 tates
3153 3716 3216 3792 ac
3238 3742 3361 3794 tanti
3400 3755 3449 3798 et
3479 3716 3595 3804 «ab.
3624 3754 3757 3808 docti
3777 3759 3860 3810 ein‘

2275 3809 2428 3866 istam
2475 3815 2542 3870 de
2585 3818 2882 3878 animarum
2923 3830 3304 3898 propagatione
3346 3844 3712 3909 sententiam,
3753 3849 3856 3917 qui.

2272 3899 2372 3956 bus
2411 3903 2486 3976 (b)
2514 3908 2599 3963 vel
2640 3911 2956 3971 testimoniis
2991 3919 3349 3977 asserebant:
3392 3943 3556 3996 quam
3599 3899 3783 3990 tamen]
3809 3940 3857 3992 in

2271 3991 2463 4049 litteris
2506 3998 2573 4052 ad
2604 3999 2962 4060 Caesarienses
3001 4008 3138 4064 datis
3162 4051 3178 4076 ,
3227 3991 3446 4071 illorum
3491 4026 3856 4082 auctoritatem

2271 4097 2609 4156 nequaquam
2634 4094 2949 4164 respiciens,
2979 4098 3348 4159 inventionem
3376 4123 3592 4177 novam,
3625 4127 3678 4169 et
3708 4118 3858 4171 inau-

2270 4173 2440 4231 ditum
2469 4178 2662 4251 dogma
2691 4198 2814 4240 esse
2839 4187 3040 4257 dixisti,
3067 4205 3191 4246 cum
3221 4197 3497 4266 proiecto,
3537 4212 3594 4256 et
3631 4204 3676 4258 si
3704 4221 3859 4264 error

2267 4276 2370 4335 est,
2399 4285 2595 4328 novum
2624 4281 2801 4332 tamen
2831 4292 2953 4333 eum
2983 4294 3090 4336 nou
3116 4296 3240 4341 esse
3281 4290 3604 4361 noverimus,
3637 4297 3737 4350 sed
3767 4314 3857 4355 νος

2268 4367 2489 4431 tustum,
2521 4373 2575 4420 et
2599 4367 2896 4439 antiquum.

2337 4455 2392 4511 8.
2463 4476 2482 4510 ι
2537 4460 2762 4526 Quando
2820 4474 3000 4522 autem
3056 4485 3157 4526 nos
3195 4473 3386 4544 aliquae
3425 4491 3608 4533 causae
3655 4480 3712 4536 in
3755 4484 3852 4538 ali-

2263 4561 2366 4616 qua
2409 4553 2706 4620 quaestione
2745 4572 2854 4612 non
2893 4559 3164 4619 immerito
3201 4565 3439 4622 dubitare
3479 4575 3852 4644 compellunt,

2329 4679 2392 4762 fa)
2403 4755 2415 4762 Α
2433 4685 2625 4762 Excidit
2647 4690 2752 4762 haec
2766 4700 3194 4762 quoquegepistola
3217 4714 3229 4748 :
3252 4707 3476 4751 ceterum
3501 4704 3680 4754 confer
3696 4712 3857 4762 modo

2259 4739 2497 4813 laudatam
2521 4739 3036 4813 Augustinijnumtvﬁ:

2323 4805 2786 4894 '(b)hes:t‘s'altelm,
2827 4805 3074 4894 nece—mm
3099 4825 3242 4894 video
3263 4839 3343 4894 cur
3365 4825 3535 4894 istum
3568 4827 3649 4894 pel
3687 4837 3852 4894 paru-

2257 4867 2385 4948 cula,
2408 4875 2592 4948 qutejn
2615 4867 2883 4948 archel'ypo
2901 4867 3420 4948 erat-fad'margi—nem
3442 4888 3495 4936 iu
3520 4867 3854 4944 οόἰῖἶοξξιτδελ

2251 4933 2489 5015 sit.
2516 4934 2710 5015 Medica,
2725 4933 2922 5015 quidem
2945 4933 3087 5015 main:
3112 4933 3419 5015 hoc—ipsein
3441 4933 3588 5015 versu
3617 4933 3852 5015 periodus

2255 4991 2446 5074 indiget
2463 5032 2477 5056 ,
2511 4991 2810 5074 quae-manca
2835 4991 2919 5055 est
2946 4991 3220 5074 afﬁnis}
3236 4991 3850 5074 'iiiia"gu'.,'.2ie"niiﬁini"22

2254 5058 2543 5136 pendetem}
2566 5061 2646 5136 v‘el
2675 5063 2955 5136 iudicarem
2973 5105 2998 5136 ,_
3021 5079 3124 5136 aut_
3142 5058 3261 5133 quid
3288 5058 3471 5136 simil;
3493 5058 3844 5136 13531756131.

2253 5118 2544 5188 asserebant.
2571 5118 2798 5202 Prqiime
2811 5191 2820 5199 ι
2834 5118 3077 5202 superiori
3099 5118 3216 5202 loco
3235 5118 3848 5202 *ubi'di'c'itdrffniﬁtiﬁ

2251 5180 2585 5259 scirefossem.
2603 5224 2616 5243 ,
2640 5186 2822 5237 Editori
2846 5180 3056 5242 Gottivv.
3071 5180 3266 5259 deesse
3296 5180 3846 5259 pttmt_-t¥&rii:1id‘§

2252 5241 2420 5326 uellem
2441 5243 2485 5292 si
2513 5241 2640 5326 scire
2663 5262 2863 5326 possem,
2892 5260 2985 5326 etc.
3011 5241 3519 5326 subsequeniiaivero
3530 5241 3843 5326 Sail-63;};

2251 5303 2564 5387 da‘au‘tttmatl,
2591 5303 2809 5387 qualibus
2828 5303 3082 5387 {quibusve
3105 5303 3388 5367 testimme
3402 5303 3508 5369 Vaut-

2250 5369 2444 5433 ratioth
2455 5369 2680 5431 quibusve
2701 5369 2992 5433 testimoniis,
3019 5383 3112 5425 etc.

2314 5429 2386 5501 (1)
2502 5433 2763 5501 archetypo
2785 5448 2888 5494 nec,
2914 5429 3039 5501 quod
3063 5437 3105 5486 si
3126 5439 3355 5488 retinere
3377 5440 3526 5501 velis,
3548 5445 3709 5501 inquit
3727 5447 3836 5496 Edi-

2314 5460 2360 5489 μ
2425 5460 2478 5478 ιιι
2502 5460 2763 5497 αιιιιυιινυ
2785 5460 2888 5494 πει,
2914 5460 3038 5498 ψιυυ
3063 5460 3105 5486 δι
3126 5460 3355 5488 renuere
3378 5460 3526 5501 velis,
3548 5460 3709 5558 1:133“

2249 5460 2545 5571 tor‘ifottisv:
2569 5494 2675 5571 alia
2701 5498 3086 5571 interpunctione
3110 5511 3234 5557 opus
3257 5509 3369 5571 est,
3406 5503 3501 5554 hoc
3523 5519 3572 5553 ιιι
3685 5547 3701 5568 ,
3725 5522 3837 5571 ωρι-

2249 5551 2424 5619 tantem
2448 5554 2676 5619 tjolo,nec
2697 5557 2776 5617 sit,
2803 5551 2894 5607 etc.
2921 5565 2969 5606 at
2987 5551 3341 5619 minus'probe.

2418 5616 2632 5688 ﬁliquid,
2650 5615 2812 5688 inquit
2842 5621 2988 5688 idem,
3006 5615 3332 5688 deest-forte,
3361 5623 3477 5675 illas
3500 5643 3534 5678 α
3561 5638 3678 5680 Deo.

2307 5677 2377 5744 (ὃ)
2416 5677 2594 5729 Denuo
2614 5677 2758 5741 idem,
2786 5681 2948 5739 verba,
2973 5680 3058 5739 ait,
3081 5677 3400 5744 corrupta—ac
3423 5677 3654 5744 molliori;
3666 5677 3821 5745 inata:
