3986 6184
130 307 303 364 1189

133 421 395 492 1076
482 435 584 476 non
627 418 787 476 etiam
830 417 957 473 hinc
998 417 1244 474 dubitare
1284 418 1562 488 debemus,
1591 433 1766 478 utrum

126 515 430 568 dubitare
459 513 769 574 debeamus.
802 512 879 566 De
921 511 1096 566 dubiis
1121 511 1315 582 quippe
1337 513 1498 568 rebus
1526 515 1644 569 sine
1670 515 1768 570 du-

123 600 441 658 bitatione
497 601 845 658 dubitandum
905 611 1006 656 est.
1061 601 1264 669 Vides,
1320 603 1768 672 quemadmodum

123 691 474 762 Apostolus
501 693 567 748 de
592 708 653 749 se
689 693 808 762 ipso
835 691 1078 747 dubitare
1119 707 1226 747 non
1250 692 1457 748 dubitet
1476 735 1490 757 ,
1519 704 1691 748 utrum
1713 695 1767 749 in

122 799 402 854 corpore,
429 803 506 840 an
529 795 672 840 extra
691 802 877 856 corpus
902 795 1085 855 raptus
1113 789 1182 840 sit
1208 786 1261 840 in
1289 787 1500 841 tertium
1526 787 1720 844 omium
1748 805 1763 842 :

119 877 257 931 sive
307 876 470 946 hoc,
499 878 614 933 sive
660 877 789 932 illud
811 919 830 944 ,
872 879 1039 933 nescio
1062 917 1078 944 ,
1118 876 1256 932 Deus
1281 879 1394 932 scit.
1425 877 1500 949 (1.
1527 878 1646 934 Cor.
1676 877 1764 933 12.

117 966 182 1020 Et.
218 968 314 1036 5).
353 969 483 1024 Cur
509 984 637 1040 ergo
665 969 817 1034 mihi,
845 969 1097 1040 quamdiu
1125 969 1340 1035 nescio,
1370 968 1617 1024 dubitare
1655 984 1764 1024 non

119 1058 305 1114 liceat
326 1100 344 1125 ,
383 1069 576 1116 utrum
607 1062 800 1116 Anima
841 1076 957 1116 mea
987 1061 1040 1114 iu
1086 1060 1241 1114 istam
1268 1059 1431 1116 vitam
1460 1075 1526 1114 ex
1570 1074 1764 1130 propa-

116 1150 260 1220 gine
284 1191 302 1214 ,
343 1166 428 1206 an
459 1153 576 1207 sine
619 1151 910 1224 propagine
935 1151 1174 1216 venerit,
1203 1165 1324 1205 cum
1364 1165 1484 1205 eam
1511 1150 1766 1205 utrolibet

114 1241 306 1295 modo
326 1257 361 1296 a
395 1257 638 1309 summo,
658 1252 712 1298 et
737 1258 863 1297 vero
884 1242 992 1296 Deo
1006 1241 1197 1296 iactam
1215 1256 1336 1297 esse
1356 1257 1464 1296 non
1484 1241 1763 1297 dubitem?

115 1331 246 1388 Cur
277 1337 432 1390 mihi
471 1336 548 1390 las
575 1352 682 1390 non
709 1337 778 1390 sit
814 1335 997 1390 dicere
1029 1352 1043 1388 :
1075 1335 1199 1390 Scio
1229 1335 1468 1388 Animam
1509 1350 1675 1389 meam
1699 1349 1765 1388 ea:

115 1441 294 1495 opere
341 1427 457 1481 Dei
483 1428 769 1493 subsistere,
802 1436 849 1482 et
879 1443 1089 1497 prorsus
1119 1443 1246 1497 Opus
1271 1425 1368 1480 Dei
1389 1442 1495 1481 esse
1514 1467 1530 1494 ,
1571 1426 1675 1480 sive
1698 1441 1764 1480 ea:

117 1522 450 1591 prapagine
469 1562 484 1587 ,
517 1522 644 1576 sicut
671 1538 882 1590 corpus,
915 1520 1017 1574 sive
1045 1529 1189 1574 extra
1237 1520 1587 1590 prapaginem,
1631 1518 1763 1572 sicut

115 1610 247 1676 illa,
283 1628 421 1679 qua
448 1617 614 1681 primo
635 1615 828 1668 homini
852 1613 974 1666 data
1000 1622 1091 1676 est,
1125 1613 1315 1679 nescio,
1353 1611 1491 1667 Deus
1513 1611 1606 1667 scit
1633 1611 1714 1683 (l)
1737 1611 1764 1666 ?

119 1701 325 1758 Unum
358 1703 565 1758 horum
593 1707 674 1760 vis
701 1715 756 1759 ut
783 1704 1144 1760 conﬁrmem?
1170 1705 1409 1769 Possem,
1444 1705 1490 1758 si
1519 1719 1756 1759 nossem.

118 1792 293 1862 Quod
335 1794 386 1847 si
423 1794 545 1863 ipse
582 1795 744 1860 nosti,
775 1811 843 1849 en
885 1795 1050 1850 habes
1071 1810 1157 1849 me
1176 1793 1508 1864 cupidiorem
1529 1794 1758 1859 discere,

121 1884 286 1955 quod
316 1885 521 1941 nescio
540 1927 554 1950 ,
581 1901 740 1956 quam
765 1886 962 1942 docere
982 1927 998 1951 ,
1030 1885 1175 1956 quod
1199 1886 1334 1940 scio.
1361 1885 1417 1940 Si
1457 1893 1634 1939 autem
1663 1898 1761 1939 ne-

120 1975 274 2039 scis,
315 1976 474 2040 sicut
511 1990 612 2046 ego
631 2017 648 2044 ,
681 1991 776 2030 ora
800 1976 940 2030 sicut
964 1989 1085 2046 ego.
1115 1984 1174 2029 ut
1201 1975 1317 2029 sive
1346 1989 1442 2044 per
1467 1973 1762 2044 quemlibet

123 2079 364 2120 servum
401 2081 601 2129 suum,
647 2065 762 2120 sive
792 2082 888 2134 per
929 2081 989 2119 se
1034 2066 1209 2133 ipsum
1241 2065 1493 2133 Magister
1532 2064 1622 2117 ille
1661 2079 1761 2119 nos

122 2155 376 2220 doceat,
433 2157 528 2224 qui
575 2155 712 2208 dixit
753 2153 1031 2222 discipulis
1059 2154 1172 2206 suis
1206 2171 1219 2206 :
1264 2151 1348 2206 Ne
1385 2153 1545 2208 velitis
1571 2153 1672 2206 dici
1697 2153 1760 2206 ab

125 2245 452 2300 hominibus
481 2243 646 2300 Βιώὺὶ
665 2286 681 2311 ,
718 2261 849 2298 unus
887 2252 959 2298 est
997 2244 1131 2297 enim
1155 2241 1406 2312 Magister
1425 2255 1584 2298 vester
1607 2243 1760 2298 Chri-

126 2348 244 2393 stus
266 2337 508 2413 (ilgatth.
533 2335 626 2392 23.
655 2337 734 2408 8).
775 2336 832 2392 Si
860 2345 1042 2391 tamen
1067 2340 1166 2392 scit
1197 2336 1451 2406 expedire
1489 2337 1674 2402 nobis,
1702 2346 1762 2392 ut

128 2429 304 2483 etiam
347 2429 484 2482 talia
525 2428 856 2495 noverimus,
884 2427 974 2497 qui
1003 2428 1152 2482 novit
1180 2442 1286 2482 non
1309 2427 1478 2481 solum
1507 2425 1636 2497 quid
1664 2426 1760 2482 do—

132 2531 284 2588 ceat,
319 2537 522 2576 verum
548 2524 709 2576 etiam
741 2521 868 2591 quid
895 2521 1050 2576 nobis
1081 2520 1292 2576 discere
1318 2521 1604 2591 expediat;
1635 2537 1760 2576 nam

131 2613 420 2668 conﬁteor
461 2612 737 2669 dilectioni
784 2622 889 2668 tuae
947 2612 1292 2682 cupiditatem
1341 2629 1552 2679 meam;
1602 2614 1759 2683 cupio

135 2704 372 2774 quidem
417 2714 475 2759 et
503 2704 605 2759 hoc
634 2705 772 2759 scire
791 2745 807 2770 ,
840 2705 981 2775 quod
1007 2705 1240 2775 qtimris;
1274 2704 1369 2758 sed
1395 2705 1564 2758 multo
1589 2707 1760 2775 magis

136 2810 412 2866 cuperem
444 2796 605 2862 scire,
631 2796 675 2849 si
699 2796 811 2850 ﬁeri
838 2804 1038 2864 posset,
1067 2792 1279 2864 quando
1303 2794 1386 2864 (2)
1411 2805 1760 2864 praesentetur

139 2886 505 2943 desideratus
533 2887 783 2942 omnibus
811 2889 1080 2958 gentibus,
1104 2897 1158 2942 et
1187 2887 1401 2957 quando
1428 2904 1650 2958 regnum
1679 2888 1762 2943 fu—

141 2987 331 3032 turum
361 2979 438 3032 sit
461 2977 802 3042 Sanctorum,
835 2994 993 3047 quam
1021 2980 1161 3033 unde
1185 2979 1237 3032 in
1267 2979 1403 3033 hanc
1430 2988 1630 3034 terram
1668 2995 1761 3034 ve—

141 3072 267 3126 nire
295 3070 564 3139 ceperim.
598 3070 667 3124 Et
710 3081 889 3125 tamen
935 3070 1066 3124 illud
1087 3111 1102 3138 ,
1142 3086 1263 3125 cum
1291 3071 1358 3126 ab
1387 3071 1514 3137 illo,
1545 3073 1634 3141 qui
1660 3073 1762 3128 scit
1797 3060 1803 3066 ’

141 3165 338 3222 on‘nia
363 3204 381 3231 ,
437 3162 684 3233 discipuli
731 3165 852 3231 sui,
883 3164 1054 3218 nostri
1099 3163 1378 3232 Apostoli,
1418 3173 1758 3233 quaererent,

146 3272 486 3328 responsum
524 3263 849 3327 acceperunt
891 3278 904 3312 :
939 3255 1062 3310 Non
1101 3264 1174 3310 est
1204 3265 1424 3310 vestrum
1463 3272 1612 3310 nosse
1636 3266 1762 3311 tem-

148 3368 268 3420 pus,
315 3361 411 3404 aut
447 3361 708 3420 tempora,
741 3365 855 3419 qua:
883 3347 1024 3402 Deus
1068 3349 1235 3419 posuit
1279 3349 1334 3402 in
1379 3365 1473 3403 sua
1518 3357 1763 3419 potestate

154 3441 293 3514 (Act.
329 3443 386 3498 1.
419 3440 502 3513 7).
541 3441 676 3507 Quid
722 3442 770 3495 si
816 3449 871 3495 et
913 3440 1017 3495 hoc
1058 3441 1158 3494 scit
1201 3454 1308 3494 non
1353 3455 1472 3495 esse
1518 3453 1761 3497 nosuum

153 3534 318 3598 scire,
351 3533 449 3602 qui
478 3531 720 3602 profecto
749 3533 870 3599 scit,
898 3530 1026 3601 quid
1057 3531 1213 3586 nobis
1242 3532 1313 3586 sit
1341 3533 1470 3588 utile
1495 3534 1633 3588 scire
1653 3533 1677 3585 ἲ
1697 3533 1763 3589 Et

155 3622 288 3676 illud
317 3622 544 3692 quidem
579 3639 673 3691 per
710 3622 860 3676 illum
901 3623 1050 3690 scio,
1092 3636 1199 3676 non
1245 3636 1366 3676 esse
1407 3623 1578 3677 nostri
1622 3623 1762 3678 scire

157 3724 438 3784 tempora,
470 3729 590 3784 quae
618 3713 775 3768 Pater
804 3715 982 3783 posuit
1021 3713 1072 3768 in
1115 3728 1210 3768 sua
1251 3723 1549 3783 potestate;
1581 3723 1759 3770 utrum

149 3815 337 3861 autem
363 3808 629 3875 originem
658 3807 996 3872 Animarum,
1026 3821 1186 3876 quam
1232 3807 1469 3861 nondum
1499 3808 1634 3873 scio,
1663 3822 1762 3862 no-

156 3905 339 3952 strum
365 3896 440 3950 sit
464 3896 602 3948 scire
621 3933 637 3958 ,
665 3895 717 3947 id
751 3905 833 3948 est
861 3897 1125 3962 pertineat
1161 3895 1228 3948 ad
1257 3909 1356 3948 nos
1394 3895 1447 3948 id
1476 3895 1614 3950 scire
1635 3936 1649 3962 ,
1691 3911 1760 3952 ne

155 3986 261 4042 hoc
305 3983 529 4056 quidem
568 3984 699 4038 scio.
743 3982 874 4037 Nam
904 3983 950 4036 si
975 3983 1164 4036 saltem
1207 3981 1310 4035 hoc
1354 3983 1584 4048 scirem,
1616 3984 1761 4052 quod

159 4087 411 4132 nostrum
465 4089 573 4129 non
624 4075 694 4128 sit
737 4072 792 4128 id
849 4072 1028 4139 scire,
1076 4085 1182 4126 non
1237 4070 1410 4126 solum
1453 4071 1755 4142 afﬁrmare,

159 4166 421 4236 quamdiu
461 4164 646 4221 nescio
665 4205 680 4230 ,
707 4178 894 4219 verum
933 4163 1093 4218 etiam
1123 4176 1365 4231 quaerere
1390 4163 1497 4232 jam
1527 4163 1757 4220 desiste-

163 4272 296 4314 rem.
321 4258 479 4313 Nunc
507 4265 685 4310 autem
707 4255 948 4326 quamvis
974 4263 1081 4308 tam
1103 4254 1174 4308 sit
1196 4253 1482 4308 obscurum
1507 4294 1522 4320 ,
1547 4270 1611 4309 ac
1636 4271 1759 4325 pro-

163 4347 414 4416 fundum,
500 4349 704 4419 1077
779 4356 840 4402 ut
868 4346 988 4416 plus
1024 4345 1132 4400 illic
1159 4345 1385 4400 docendi
1430 4360 1646 4402 caveam
1673 4357 1755 4402 te-

167 4443 468 4496 meritatem
496 4481 512 4504 ,
570 4454 729 4508 quam
788 4436 1030 4494 discendi
1080 4437 1306 4492 habeam
1371 4437 1753 4508 cupiditatem,

169 4537 342 4586 tamen
366 4531 532 4586 etiam
554 4529 657 4584 hoc
682 4529 803 4584 volo
829 4529 989 4592 scire,
1012 4528 1056 4582 si
1077 4542 1318 4597 possum.
1347 4528 1414 4582 Et
1443 4529 1566 4583 licet
1587 4530 1757 4585 multo

173 4625 398 4692 amplius
438 4623 512 4677 sit
540 4621 928 4687 necessarium,
956 4617 1100 4689 quod
1130 4619 1204 4673 ait
1231 4618 1322 4673 ille
1349 4617 1575 4675 Sanctus
1606 4638 1619 4674 :
1650 4619 1757 4674 Νοο

173 4719 274 4765 tum
295 4714 420 4768 mihi
440 4713 526 4785 {ac
547 4711 759 4767 Domine
778 4712 931 4780 ﬁnem
949 4726 1115 4763 meum
1142 4708 1313 4780 (Psal.
1336 4709 1424 4765 '58.
1447 4710 1501 4781 5)
1525 4710 1656 4778 (non
1679 4711 1754 4784 (a)

177 4789 312 4858 enim
350 4807 425 4860 ait
451 4823 472 4859 :
503 4806 703 4858 initium
727 4802 918 4873 meum)
944 4801 1088 4873 quod
1116 4801 1185 4856 ad
1222 4801 1378 4858 istam
1403 4806 1753 4873 quaestionem

177 4893 383 4962 attinet,
412 4910 501 4950 me
531 4895 742 4949 lateret.

245 4983 299 5040 9.
333 5004 352 5038 ι
400 4985 599 5042 Verum
645 4986 712 5042 de
759 4985 875 5056 ipso
903 4998 1115 5054 quoque
1155 4981 1306 5036 initio
1347 4999 1468 5039 meo
1515 4985 1752 5057 ingratus

181 5073 378 5133 doctori
403 5094 526 5134 meo
552 5094 660 5134 non
703 5092 844 5144 sum,
877 5077 1018 5147 quod
1050 5076 1294 5131 Animam
1327 5075 1611 5133 humanam
1639 5081 1751 5150 spi-

183 5165 337 5222 ritum
363 5183 520 5237 esse,
563 5184 671 5226 non
694 5183 924 5241 corpus,
960 5182 1188 5237 eumque
1217 5166 1625 5249 rationabilem,
1665 5170 1754 5226 vel

241 5315 316 5390 'la)
348 5319 553 5372 Videtur
573 5322 706 5390 hunc
741 5321 899 5390 locum
919 5319 1206 5390 describere
1237 5316 1502 5390 gugypius,
1527 5319 1609 5368 ubi
1634 5318 1759 5390 legit

379 5390 534 5433 tamen
556 5397 650 5434 non
684 5382 891 5433 initium.
917 5381 1052 5430 Sum.
1089 5380 1215 5440 Edit.
1238 5378 1451 5440 Gottivv.
1477 5393 1565 5440 pro
1585 5378 1757 5431 subse-

191 5443 350 5500 quenti
367 5452 604 5507 contextu
627 5445 754 5507 quod
781 5447 918 5507 istam
943 5441 1110 5507 mallet
1134 5439 1354 5501 pluribus
1377 5439 1494 5502 legi,
1528 5458 1551 5486 ε
1575 5441 1757 5492 vellem

191 5508 242 5548 ut
262 5504 379 5610 quod
400 5506 458 5554 ad
482 5507 622 5556 istam
640 5504 965 5569 quaestionem
991 5504 1180 5557 attinet.
1200 5513 1280 5550 me
1304 5514 1398 5547 non
1426 5507 1620 5551 lateret.
1643 5519 1666 5548 ι

255 5560 264 5610 l
305 5563 317 5610 l
354 5566 466 5610 Cum
503 5569 764 5610 archetvno
804 5578 892 5610 suo
931 5564 1113 5610 Edilor.
1151 5562 1363 5610 Gottivv.
1408 5567 1620 5610 Utrum:
1645 5579 1666 5610 ι]

255 5560 466 5631 Hlﬁum
503 5560 764 5631 archetypo
804 5578 892 5631 suo
919 5564 1132 5631 _Editor._
1151 5562 1363 5611 Gottivv.
1408 5567 1575 5631 Utrum
1603 5577 1620 5613 :
1645 5579 1759 5615 mox

195 5624 365 5688 consuli
385 5629 523 5688 jubet
550 5630 632 5678 lib.
659 5624 824 5677 contra
850 5626 1239 5675 Prisciliiauistas
1267 5636 1400 5688 num.
1426 5624 1581 5688 ultim.

251 5685 316 5750 (2)
353 5685 503 5752 Lege,
541 5691 705 5752 inquit
734 5689 869 5752 ﬁdit:
889 5688 1100 5752 Gpttivv.
1127 5685 1460 5752 pi'tesentietur
1489 5698 1506 5735 :
1533 5687 1583 5734 in
1614 5701 1762 5750 quam

198 5748 583 5804 temtestihonia
606 5748 668 5800 ex
696 5750 780 5798 lib.
806 5749 887 5798 XI.
911 5748 1129 5798 Coul'ess.
1156 5748 1368 5798 adducit.

577 5836 643 5904 S.
686 5835 1058 5904 Musonum
1094 5833 1147 5899 1.

1517 311 1851 375 EPISTOLA
1886 308 2116 370 CXLIV.

3320 308 3460 370 1190

1878 419 2294 477 intellectualem
2341 418 2477 484 scio,
2506 430 2608 473 nec
2630 430 2748 472 eam
2775 415 2868 470 Dei
2910 429 3029 470 esse
3061 424 3338 484 naturam,
3361 421 3459 475 sed

1874 514 2052 583 potius
2087 522 2385 568 creaturam
2416 511 2750 580 aliquatenus
2779 507 3058 561 mortalem
3082 549 3097 574 ,
3121 509 3174 562 in
3200 519 3456 578 quantum

1872 602 1928 658 in
1952 603 2188 659 deterius
2207 603 2546 668 commutari,
2579 609 2634 656 et
2652 616 2684 654 a
2710 599 2819 654 vita
2847 599 2962 666 Dei,
2999 598 3152 669 cujus
3177 603 3459 671 participa-

1870 693 2017 749 tione
2054 694 2210 750 beata
2237 695 2346 760 sit,
2392 693 2613 748 alienari
2646 699 2860 761 potest;
2888 699 2942 745 et
2971 690 3308 761 aliquatenus
3353 695 3460 749 im-

1869 785 2170 853 mortalem,
2201 786 2452 855 quoniam
2482 799 2722 850 sensum,
2742 798 2849 854 quo
2876 782 2926 838 ei
2967 781 3040 854 (b)
3069 792 3188 852 post
3217 782 3354 839 hanc
3379 784 3461 840 vi-

1869 882 1976 930 tam
2017 876 2104 932 vel
2148 876 2324 944 bene,
2364 875 2451 931 vel
2479 875 2619 932 male
2663 875 2772 940 sit,
2805 873 3052 929 amittere
3102 889 3209 930 non
3260 883 3456 945 potest.

1867 967 1992 1024 Scio
2018 969 2180 1023 etiam
2199 1010 2214 1036 ,
2244 984 2349 1023 non
2377 984 2500 1024 eam
2525 984 2622 1038 pro
2656 967 2864 1024 actibus
2889 976 3013 1023 ante
3053 982 3271 1023 carnem
3295 969 3458 1040 gestis

1866 1057 2070 1114 includi
2112 1059 2169 1114 in
2211 1074 2374 1116 carne
2403 1062 2684 1128 meruisse,
2717 1060 2813 1116 sed
2842 1075 2942 1115 nec
2977 1060 3097 1116 ideo
3121 1076 3242 1116 esse
3269 1062 3322 1117 in
3354 1062 3458 1118 bo-

1868 1149 2014 1204 niine
2039 1149 2157 1205 sine
2188 1150 2348 1206 sorde
2392 1152 2635 1220 peccati,
2667 1151 2769 1206 etsi
2795 1153 2946 1204 unius
2985 1151 3086 1204 diei
3107 1193 3124 1218 ,
3165 1153 3302 1206 sicut
3326 1153 3459 1208 scri-

1866 1247 2015 1309 ptum
2049 1249 2132 1297 est
2162 1283 2178 1307 ,
2223 1241 2378 1312 fuerit
2413 1243 2514 1295 vita
2551 1243 2664 1313 ejus
2705 1259 2861 1312 super
2888 1251 3075 1296 terram
3115 1241 3242 1314 (Job
3283 1244 3370 1298 14.
3400 1245 3455 1300 5.

1856 1332 2013 1402 juxta
2051 1331 2249 1406 LXX).
2275 1335 2355 1391 Ac
2395 1350 2488 1405 per
2518 1333 2621 1391 hoc
2663 1336 2774 1391 scio
2801 1352 2866 1391 ex
2913 1335 3082 1390 Adam
3132 1352 3228 1406 per
3264 1337 3459 1392 seriem

1863 1417 2226 1494 generationis
2268 1427 2388 1482 sine
2433 1437 2657 1496 peccato
2696 1427 2965 1483 neminem
3011 1427 3192 1494 nasci,
3222 1428 3362 1484 unde
3403 1436 3461 1484 et

1865 1516 2100 1586 parvulis
2127 1518 2485 1573 necessarium
2527 1529 2611 1574 est
2649 1534 2744 1588 per
2771 1518 2996 1590 gratiam
3035 1519 3456 1589 regenerationis

1863 1605 1922 1660 in
1949 1606 2164 1664 Christo
2191 1609 2420 1664 renasci.
2468 1609 2595 1664 Haec
2627 1618 2733 1664 tam
2780 1610 2948 1664 multa
2970 1650 2984 1674 ,
3014 1624 3115 1665 nec
3160 1626 3320 1680 parva
3341 1651 3357 1677 ,
3389 1611 3460 1665 de

1864 1698 2049 1765 initio,
2081 1701 2168 1756 vel
2199 1702 2406 1771 origine
2435 1703 2748 1757 Animarum
2796 1712 3098 1758 nostrarum
3120 1745 3137 1770 ,
3169 1704 3222 1758 iu
3265 1704 3459 1774 quibus

1863 1792 2016 1861 plura
2063 1802 2190 1848 sunt
2230 1794 2298 1848 ad
2327 1809 2446 1850 eam
2485 1795 2761 1850 scientiam
2803 1795 3158 1864 pertinentia,
3189 1811 3309 1866 quas
3354 1795 3460 1852 ﬁde

1862 1891 2129 1946 constant,
2155 1891 2211 1938 et
2235 1883 2485 1939 didicisse
2506 1899 2592 1939 me
2617 1886 2876 1955 gratulor,
2905 1894 2959 1939 et
2988 1901 3149 1942 nosse
3169 1886 3455 1943 conﬁrmo.

1861 1970 2234 2042 Quapropter,
2266 1977 2311 2029 si
2340 1975 2520 2030 nescio
2553 1975 2608 2029 in
2651 1975 2858 2046 origine
2886 1977 3203 2032 Animarum
3228 2020 3243 2045 ,
3276 1988 3457 2034 utrum

1863 2061 1983 2118 illas
2014 2063 2150 2118 Deus
2173 2063 2477 2119 hominibus
2499 2081 2562 2118 ex
2586 2069 2902 2135 prOpagine,
2931 2083 2997 2120 an
3019 2070 3136 2122 sine
3165 2071 3460 2141 propagine

1861 2152 2046 2218 faciat,
2097 2168 2230 2222 quas
2261 2164 2438 2208 tamen
2481 2155 2550 2207 ab
2578 2156 2695 2222 ipso
2723 2155 2839 2208 ﬁeri
2886 2171 2992 2209 non
3022 2158 3268 2226 ambigo,
3315 2162 3456 2217 scire

1862 2243 2077 2312 quidem
2108 2252 2163 2297 et
2186 2243 2287 2298 hoc
2319 2245 2488 2314 magis
2514 2245 2676 2316 eligo,
2703 2261 2860 2314 quam
2884 2246 3124 2314 nescire;
3156 2249 3250 2303 sed
3271 2267 3459 2320 quam-

1861 2333 1954 2388 diu
2000 2351 2107 2390 non
2149 2350 2367 2405 possum
2393 2377 2408 2403 ,
2441 2337 2634 2392 melius
2680 2336 2804 2392 hinc
2842 2337 3026 2392 dubito
3052 2381 3068 2406 ,
3113 2356 3271 2410 quam
3309 2343 3458 2398 velut

1861 2434 2066 2480 certum
2108 2427 2431 2483 conﬁrmare
2477 2427 2678 2499 aliquid
2727 2429 2935 2496 audeo,
2982 2431 3122 2500 quod
3168 2432 3242 2486 illi
3281 2434 3362 2490 rei
3387 2436 3459 2491 sit

1862 2515 1999 2570 forte
2028 2519 2380 2585 contrarium,
2411 2518 2478 2572 de
2504 2534 2609 2588 qua
2634 2518 2877 2574 dubitare
2907 2536 3013 2574 non
3047 2521 3241 2578 debeo.

1933 2608 2022 2664 10.
2070 2626 2088 2660 ‹
2122 2609 2202 2663 Tu
2229 2609 2428 2678 itaque,
2456 2609 2528 2663 mi
2559 2609 2724 2666 frater
2746 2611 2906 2675 bone,
2937 2614 3189 2682 quoniam
3219 2616 3456 2671 consulis

1859 2714 1988 2766 me,
2039 2711 2092 2756 et
2133 2701 2214 2754 vis
2258 2717 2422 2755 unum
2473 2701 2664 2756 horum
2706 2703 2955 2757 deliuiam
2991 2723 3002 2756 :
3037 2715 3212 2760 utrum
3248 2707 3457 2766 Animae

1859 2802 2070 2848 cetera:
2095 2809 2161 2847 ex
2189 2793 2281 2847 illo
2311 2809 2417 2848 uno
2455 2794 2696 2858 homine,
2780 2795 2992 2866 1078
3064 2798 3203 2851 sicut
3227 2814 3455 2868 corpora

1859 2901 1959 2956 per
1980 2887 2346 2955 propaginem,
2377 2899 2442 2937 an
2471 2884 2586 2938 sine
2626 2887 2939 2954 propagine,
2972 2886 3108 2940 sicut
3131 2887 3273 2941 illius
3299 2891 3457 2945 unius

1861 2991 1890 3029 a
1920 2975 2200 3042 Creatore,
2227 2975 2451 3044 singulis
2477 2975 2698 3044 singulas
2730 2975 2858 3030 ﬁant
2885 2977 2973 3047 (ab
3005 2978 3120 3048 ipso
3147 2980 3289 3034 enim
3315 2982 3448 3049 ﬁeri,

1861 3067 1976 3122 sive
2005 3068 2100 3130 sic,
2135 3081 2231 3122 seu
2261 3067 2338 3120 sic
2364 3081 2472 3120 non
2505 3068 2782 3138 negamus)
2825 3077 3028 3136 patere,
3061 3079 3117 3122 ut
3145 3071 3304 3125 etiam
3333 3073 3451 3141 ipse

1861 3159 2160 3220 consulam.
2191 3158 2460 3228 quomodo
2487 3158 2609 3212 inde
2643 3159 2834 3212 Anima
2874 3169 3148 3228 peccatum
3180 3164 3454 3232 originali—

1862 3259 1945 3306 ter
1966 3251 2161 3318 trahat,
2183 3251 2323 3305 unde
2339 3237 2669 3320 originaliter
2696 3252 2808 3320 ipsa
2835 3267 2940 3306 non
2967 3252 3233 3307 trahitur?
3251 3253 3453 3310 Omnes

1863 3345 2007 3400 enim
2048 3345 2268 3398 Animas
2303 3360 2369 3400 ex
2417 3343 2588 3398 Adam
2619 3343 2829 3400 trahere
2878 3347 3135 3415 originale
3178 3357 3453 3416 peccatum

1863 3435 2108 3490 similiter
2138 3450 2244 3489 non
2286 3449 2545 3505 negamus
2570 3477 2584 3500 ,
2623 3451 2692 3490 ne
2721 3436 2773 3489 in
2820 3436 3161 3506 Pelagianam
3203 3438 3452 3494 haeresim

1861 3523 2234 3582 detestabilem
2277 3526 2564 3580 irruamus.
2596 3525 2652 3581 Si
2680 3525 2809 3590 hoc,
2851 3527 2993 3596 quod
3023 3542 3122 3596 ego
3153 3527 3446 3599 interrogo,

1862 3636 1963 3675 nec
1991 3629 2044 3674 tu
2073 3621 2211 3684 scis,
2252 3620 2371 3675 sine
2408 3636 2494 3674 me
2522 3621 2786 3690 patienter
2825 3631 3107 3692 utrumque
3134 3626 3364 3692 nescire,
3397 3635 3454 3681 et

1859 3711 2004 3784 quod
2031 3720 2087 3765 tu
2131 3711 2461 3780 interrogas,
2494 3721 2548 3765 et
2575 3712 2714 3781 quod
2753 3727 2874 3781 ego.
2906 3712 2961 3766 Si
2990 3723 3167 3767 autem
3204 3715 3314 3783 jam
3345 3717 3452 3771 scis

1861 3803 2003 3872 quod
2032 3803 2320 3869 interrogo,
2349 3815 2468 3853 cum
2501 3800 2603 3852 hoc
2632 3800 2794 3852 etiam
2825 3814 2912 3852 me
2936 3800 3208 3865 docueris,
3241 3814 3364 3858 tunc
3394 3815 3452 3858 et

1860 3894 2017 3958 illud,
2041 3890 2181 3959 quod
2201 3892 2279 3944 vis
2306 3899 2364 3943 ut
2392 3889 2766 3957 reSpondeam,
2792 3889 2921 3943 nihil
2948 3891 3016 3944 ibi
3037 3890 3150 3960 jam
3179 3903 3446 3965 metuens,

1859 3980 2200 4050 reSpondebo
2229 3981 2334 4052 (5).
2369 3980 2501 4035 Peto
2525 3995 2682 4049 ergo,
2717 3995 2784 4034 ne
2814 3995 3153 4044 succenseas,
3186 3985 3311 4054 quia
3340 4001 3450 4041 non

1860 4074 2008 4145 potui
2026 4073 2347 4127 conﬁrmare
2371 4072 2511 4142 quod
2540 4071 2756 4141 quaeris,
2786 4073 3052 4142 sed‘potui
3075 4073 3447 4134 demonstrare

1859 4165 1984 4237 quid
2015 4180 2264 4234 qumras,
2311 4163 2451 4234 quod
2483 4178 2603 4218 cum
2653 4165 2917 4219 inveneris
2940 4207 2956 4230 ,
2988 4169 3308 4223 coulirmare
3338 4186 3447 4224 non

1859 4257 2073 4313 dubites
2103 4256 2245 4326 quod
2267 4257 2564 4326 quaerebas.
2592 4257 2658 4310 Et
2686 4256 2787 4312 hoc
2808 4257 3020 4326 quidem
3047 4263 3312 4316 sanctitati
3340 4271 3446 4319 tuae

1858 4347 2196 4405 scribendum
2227 4345 2560 4412 existimavi,
2606 4348 2696 4417 qui
2741 4349 3084 4419 prOpagincm
3128 4351 3442 4410 Animarum

1853 4442 1964 4512 jam
1993 4439 2144 4510 quasi
2189 4446 2368 4493 certus
2414 4438 2813 4507 improbandam
2861 4449 3032 4508 putas.
3081 4441 3347 4499 Czeterum
3398 4447 3448 4502 si

1857 4531 1964 4589 illis
1984 4572 1999 4595 ,
2029 4531 2120 4600 qui
2147 4529 2284 4586 hanc
2321 4538 2605 4597 asserunt,
2634 4531 3038 4586 rescribendum
3083 4533 3300 4599 fuisset,
3330 4536 3442 4591 for-

1857 4631 2016 4684 tassis
2039 4629 2376 4685 ostenderem
2401 4669 2418 4695 ,
2448 4628 2893 4698 quemadmodum
2937 4627 2990 4682 id
3023 4629 3163 4697 quod
3192 4644 3252 4684 se
3286 4645 3448 4689 nosse

1857 4723 2185 4777 arbitrantur
2206 4763 2221 4782 ,
2251 4723 2534 4791 ignorent,
2579 4729 2632 4772 et
2658 4733 2724 4770 ne
2755 4717 2854 4770 hoc
2878 4732 3119 4772 asserere
3160 4719 3442 4791 auderent,

1856 4823 2115 4882 quantum
2143 4811 2432 4866 formidare
2457 4808 2734 4862 deberent.
2761 4805 2902 4860 Sane
2925 4808 2975 4860 in
2999 4811 3261 4876 rescripto
3286 4812 3448 4867 amici

1856 4905 2000 4974 quod
2028 4905 2148 4958 huic
2175 4901 2429 4970 Epistolas
2457 4899 2679 4961 inserui,
2713 4912 2780 4951 ne
2808 4906 2859 4951 te
2886 4897 3021 4952 forte
3049 4911 3279 4964 moveat,
3305 4901 3450 4969 quod

1856 4996 1992 5051 duos
2036 4995 2201 5047 libros
2229 5007 2259 5044 a
2291 5006 2376 5045 me
2405 4989 2598 5044 missos
2627 4989 3096 5053 commemoravit,
3145 4989 3338 5059 quibus
3365 5005 3451 5046 re-

1858 5087 2126 5157 spondere
2159 5099 2381 5138 vacuum
2412 5081 2512 5136 sibi
2548 5092 2755 5151 tempus
2794 5096 2901 5136 non
2945 5080 3109 5136 fuisse
3148 5081 3445 5150 respondit.

1860 5179 2014 5234 Unus
2037 5185 2122 5232 est
2151 5176 2217 5230 de
2243 5174 2344 5229 hac
2373 5173 2669 5244 quazstione
2689 5212 2707 5240 ,
2747 5187 2854 5227 non
2879 5172 3071 5238 ambo;
3119 5173 3174 5226 in
3218 5172 3323 5226 alio
3349 5188 3448 5228 au-

1859 5279 1966 5326 tem
2020 5267 2094 5339 (ο)
2143 5265 2286 5321 aliud
2324 5265 2394 5320 ab
2420 5265 2513 5320 illo
2556 5263 2924 5328 consulendo,
2969 5273 3024 5318 et
3066 5264 3446 5332 pertractando

1926 5385 2014 5513 pi)"
2032 5396 2260 5471 consule,
2285 5398 2353 5447 ait
2374 5396 2504 5446 Edit.
2538 5394 2754 5469 ᾳριιίνν.
2795 5393 2882 5444 lib.
2908 5401 3078 5444 contra
3114 5394 3322 5445 Priscill.
3349 5409 3394 5446 c.
3421 5397 3450 5448 1

1857 5462 1899 5512 l.
1959 5498 1973 5511 .
1999 5469 2049 5510 et
2072 5460 2158 5509 ιιι).
2182 5459 2227 5508 9..
2255 5466 2408 5508 contr.
2435 5457 2658 5507 Maxunc.
2683 5471 2726 5506 c.
2761 5455 2836 5506 12.
2861 5456 2909 5506 2.
2934 5457 2981 5504 2.

1959 5455 2049 5511 .'et
2072 5460 2158 5509 lib.
2182 5459 2227 5508 9..
2248 5455 2408 5508 contr.
2435 5457 2658 5507 Maxinic.
2683 5471 2726 5506 c.
2761 5455 2836 5506 12.
2861 5456 2909 5506 2.
2934 5457 2981 5504 2.

1923 5525 1994 5587 (ε)
2027 5522 2110 5571 Sic
2134 5523 2313 5572 iterum
2334 5521 2634 5569 restituimus
2659 5532 2721 5567 ex
2749 5519 3061 5580 coniecturis,
3079 5531 3188 5568 cum
3210 5520 3259 5568 in
3278 5531 3453 5570 exem-

1926 5629 1998 5690 (3)
2035 5627 2324 5690 Restituitur
2350 5638 2412 5690 ex
2438 5623 2655 5690 Eugypio
2684 5621 2850 5690 _l_0cus,
2876 5637 2986 5690 cum
3023 5625 3457 5690 antenvitiosees-

1863 5683 2148 5741 seiihtuens
2197 5687 2319 5735 Edit.
2347 5683 2773 5736 Gottiva'mallet
2795 5687 3020 5746 restitui;
3054 5683 3176 5735 nihil
3206 5686 3322 5735 mali
3345 5684 3457 5745 jam

1861 5765 2052 5809 tumens
2076 5747 2386 5814 respondebo.

2695 5830 2940 5910 (I‘reute
2977 5827 3169 5907 ltuit.)
3428 5872 3454 5901 ν
