3986 6184
533 286 674 344 1195

527 396 744 470 gnitatis
768 401 850 449 est
889 401 1103 444 nomen.
1133 381 1286 470 Unde
1313 386 1366 434 et
1401 378 1469 433 ad
1494 377 1716 470 Titum,
1737 382 1793 430 et
1830 376 1898 470 ad
1924 376 2111 470 ’ξίφο-

531 466 715 543 theum
763 482 830 537 de
875 473 1210 532 ordinatione
1257 469 1507 540 Episcopi
1556 477 1612 522 et
1659 466 1874 521 Diaconi
1919 466 2116 522 dicitur

532 577 661 648 (Tit.
702 574 764 636 1;
805 571 859 624 1.
900 566 1038 621 Tim.
1065 562 1124 636 ὅ)
1160 581 1175 618 :
1204 561 1271 618 de
1301 560 1635 629 Presbyteris
1671 559 1890 613 omnino
1917 561 2114 613 retice-

530 677 660 721 tur:
701 660 824 731 quia
871 660 927 713 in
962 656 1230 728 Episcopo
1254 663 1310 710 et
1334 652 1624 724 Presbyter
1655 651 1981 707 continetur.
2013 651 2114 718 Qui

526 752 856 826 provehitur,
886 750 954 805 de
995 748 1189 804 minori
1215 747 1284 801 ad
1315 745 1483 816 majus
1513 744 1840 814 provehitur.
1873 747 1979 798 Aut
2006 744 2112 814 igi-

529 857 617 903 tur
641 861 712 901 ex
743 843 1063 913 Presbytero
1089 839 1366 895 ordinetur
1395 837 1660 892 Diaconus
1679 878 1693 902 ,
1742 844 1797 890 ut
1826 835 2116 907 Presbyter

526 939 704 994 minor
748 935 984 990 Diacono
1031 930 1444 1002 comprobetur,
1495 929 1546 982 in
1597 943 1756 998 quem
1803 927 1998 983 crescit
2047 943 2114 982 ex

525 1046 716 1103 parvo,
740 1036 834 1085 aut
857 1028 899 1084 si
921 1042 986 1083 ex
1015 1025 1248 1081 Diacono
1271 1022 1548 1078 ordinatur
1567 1021 1876 1091 Presbyter,
1903 1020 2116 1074 noverit

525 1141 588 1182 se
627 1124 792 1180 lucris
829 1121 1126 1183 minorem,
1160 1115 1474 1173 Sacerdotio
1499 1129 1619 1170 esse
1654 1113 1934 1183 majorem.
1965 1112 2032 1167 Et
2057 1119 2115 1166 ut

525 1217 758 1271 sciamus
814 1212 1128 1268 traditiones
1173 1206 1507 1278 Apostolicas
1549 1211 1790 1274 sumptas
1832 1203 1901 1258 de
1946 1202 2114 1258 veteri

525 1306 891 1370 Testamento,
931 1300 1070 1372 quod
1092 1302 1268 1354 Aaron
1289 1306 1343 1352 et
1369 1297 1460 1351 ﬁlii
1497 1296 1613 1366 ejus
1641 1304 1799 1365 atque
1822 1295 2020 1350 Levita:
2059 1295 2115 1350 in

523 1397 752 1466 Templo
795 1395 1038 1459 fuerunt,
1085 1392 1188 1446 hoc
1226 1385 1328 1446 sibi
1351 1389 1598 1460 Episcopi
1650 1396 1702 1444 et
1730 1387 2031 1461 Presbyteri
2060 1395 2116 1444 et

524 1487 745 1544 Diaconi
784 1485 1055 1540 vindicent
1083 1483 1135 1537 in
1166 1481 1424 1536 Ecclesia.

813 1573 1026 1647 1084
1097 1571 1428 1629 EPISTOLA
1469 1569 1704 1626 CXLVII
1727 1571 1826 1642 (a).

939 1684 1008 1721 Αυ
1035 1681 1347 1720 summum
1375 1663 1451 1734 (b)
1479 1680 1704 1719 ursum.
1836 1735 1838 1738 ν

523 1760 867 1817 Sabinianum
890 1756 1199 1820 Diaconum,
1222 1757 1307 1824 qui
1328 1764 1614 1824 perpetrato
1635 1753 1908 1820 adulterio,
1938 1754 1992 1806 in
2017 1752 2116 1807 Be-

597 1852 778 1905 thleem
803 1848 1022 1919 fugerat,
1058 1862 1148 1916 per
1175 1845 1367 1898 litteras
1408 1843 1652 1911 EpiscOpi
1676 1844 1756 1896 sui
1795 1841 2114 1913 Hieronymo

595 1939 997 2003 commendatus,
1023 1952 1328 2004 manensque
1352 1935 1405 1988 in
1431 1935 1620 1988 sanctis
1646 1934 1795 2001 locis,
1826 1942 1872 1988 et
1892 1932 2115 1988 Diaconi

595 2034 756 2104 oﬂicio
797 2035 1046 2102 fungens,
1078 2028 1323 2096 uirginem
1347 2025 1620 2096 quamdam
1665 2042 1862 2080 sacram
1901 2027 1968 2078 ad
2005 2036 2116 2080 stu-

595 2141 764 2195 prum,
800 2127 1073 2194 fugamque
1110 2118 1513 2172 sollicitauerat:
1542 2117 1908 2188 deprehensum
1937 2117 2114 2182 obiur-

593 2226 696 2288 gat,
726 2225 876 2285 utque
899 2215 954 2267 in
978 2211 1292 2268 Monasterio
1317 2211 1573 2280 paeniteat,
1605 2211 1858 2266 hortatur.

595 2332 647 2386 1.
690 2327 909 2385 Samuel
945 2323 1458 2396 quondamlugebat
1491 2323 1704 2378 Saulem
1727 2362 1740 2387 ,
1773 2323 1896 2392 quia
1937 2323 2112 2392 poeni-

523 2429 697 2476 tuerat
739 2417 1058 2480 Dominum,
1100 2415 1241 2485 quod
1286 2414 1526 2468 tinxisset
1565 2429 1687 2467 eum
1727 2428 1906 2482 regem
1951 2429 2114 2483 super

521 2511 687 2567 Israel
715 2509 789 2577 (1.
820 2507 949 2578 Reg.
977 2506 1067 2576 16)
1101 2521 1116 2558 :
1145 2511 1200 2560 et
1225 2504 1420 2558 Paulus
1465 2501 1773 2558 Corinthios
1793 2544 1806 2566 ,
1838 2504 1892 2557 in
1919 2505 2112 2573 quibus

518 2602 835 2659 audiebatur
862 2597 1140 2654 fornicatio
1163 2638 1178 2662 ,
1215 2606 1268 2651 et
1296 2595 1415 2650 talis
1454 2595 1737 2650 fornicatio
1771 2596 1865 2666 (c),
1899 2612 2017 2666 qua:
2044 2612 2112 2652 ne

519 2697 660 2751 inter
696 2699 883 2763 gentes
924 2688 1168 2760 quidem,
1200 2703 1332 2742 voce
1373 2686 1538 2742 ﬂebili
1564 2688 1974 2753 commonebat,
2025 2688 2109 2744 di-

519 2799 648 2841 cens
676 2801 690 2837 :
726 2781 811 2836 Ne
848 2797 965 2835 cum
1002 2795 1180 2834 rursus
1217 2794 1397 2834 uenero
1417 2818 1430 2843 ,
1458 2777 1688 2831 humiliet
1712 2794 1790 2831 me
1811 2776 1950 2834 Deus
1969 2781 2111 2850 apud

519 2892 628 2941 vos,
658 2885 704 2929 et
750 2875 952 2944 lugeant
979 2870 1165 2926 multos
1208 2886 1270 2924 ea:
1293 2870 1372 2923 his
1399 2871 1486 2942 qui
1522 2879 1640 2924 ante
1679 2882 2035 2941 peccaverunt,
2065 2881 2112 2927 et

520 2984 622 3021 non
649 2973 854 3036 egerunt
882 2962 1231 3034 paenitentiam
1273 2977 1427 3031 super
1453 2961 1817 3030 immunditiis,
1848 2979 1973 3031 quas
1999 2980 2112 3032 ges-

519 3067 695 3113 serunt
717 3059 772 3111 in
791 3053 1111 3127 impudicitia
1132 3061 1178 3108 et
1203 3052 1537 3122 fornicatione
1561 3053 1636 3118 (1.
1660 3051 1780 3108 Cor.
1805 3053 1892 3108 12.
1915 3055 2108 3126 ultim).

518 3150 578 3207 Si
609 3150 711 3204 hoc
736 3146 1004 3217 Pr0pheta
1047 3152 1103 3200 et
1141 3144 1428 3213 Apostolus
1471 3143 1616 3198 nulla
1657 3144 1758 3213 ipsi
1786 3145 1903 3200 labe
1931 3160 2111 3201 macu-

518 3239 646 3306 lati,
690 3238 945 3294 clementi
991 3236 1047 3291 in
1087 3243 1310 3291 cunctos
1353 3243 1534 3290 mente
1584 3233 1875 3302 faciebant,
1910 3246 2110 3307 quanto

517 3330 687 3400 magis
712 3344 812 3400 ego
838 3329 953 3398 ipse
977 3333 1225 3397 peccator
1245 3367 1259 3391 ,
1288 3326 1342 3380 in
1371 3335 1421 3380 te
1460 3325 1632 3382 debeo
1674 3325 1850 3382 facere
1877 3327 1956 3400 (ά)
1986 3345 2111 3399 pec-

518 3434 787 3486 catorem,
817 3420 908 3488 qui
946 3433 1051 3472 non
1081 3420 1161 3472 vis
1186 3418 1323 3487 erigi
1369 3427 1493 3486 post
1519 3420 1728 3474 ruinam
1754 3461 1770 3487 ,
1801 3436 1901 3475 nec
1926 3423 2109 3479 oculos

517 3513 584 3568 ad
608 3509 802 3566 ctelum
833 3508 1019 3572 levas;
1046 3507 1140 3561 sed
1178 3506 1249 3577 (e)
1281 3508 1536 3576 prodacta
1564 3509 1737 3564 Patris
1775 3511 2069 3567 substantia
2088 3555 2105 3582 ,

517 3615 808 3675 porcorum
853 3597 1060 3668 siliquis
1087 3596 1370 3652 delectaris
1407 3596 1561 3666 (Luc.
1610 3597 1731 3670 15),
1765 3609 1820 3654 et
1846 3602 2109 3671 superbia

516 3700 788 3766 praerupta
831 3687 1230 3753 conscendens,
1276 3703 1515 3759 praeceps
1549 3689 1744 3745 laberis
1791 3691 1844 3745 in
1890 3692 2109 3762 profun-

517 3786 679 3844 dum?
711 3786 876 3840 Deum
911 3791 1149 3839 ventrem
1179 3782 1260 3837 vis
1281 3781 1482 3838 habere
1511 3797 1609 3852 pro
1644 3782 1860 3840 Christo
1893 3802 1906 3839 :
1939 3788 2108 3844 servis

517 3877 762 3944 libidini,
801 3874 1047 3947 gloriaris
1085 3874 1152 3945 (Γ)
1192 3874 1245 3928 in
1274 3888 1435 3928 carne
1474 3882 1530 3929 et
1558 3873 1870 3931 confusione
1904 3886 2025 3945 tua,
2055 3889 2110 3935 et

520 3970 675 4042 quasi
702 3969 912 4040 pinguis
957 3965 1130 4021 hostia
1171 3965 1228 4019 in
1259 3975 1486 4020 mortem
1514 3966 1784 4035 propriam
1811 3969 2105 4039 saginaris,

519 4060 858 4130 imitarisque
909 4071 1095 4112 eorum
1147 4056 1307 4110 vitam
1335 4097 1349 4122 ,
1402 4070 1628 4126 quorum
1681 4066 1946 4115 tormenta
2001 4076 2108 4117 non

520 4152 717 4209 metuis
745 4171 760 4207 :
787 4150 1039 4219 ignorans
1057 4187 1074 4214 ,
1099 4145 1355 4217 quoniam
1381 4145 1678 4217 benignitas
1705 4148 1801 4204 Dei
1839 4149 1906 4205 ad
1937 4151 2109 4220 panti-

518 4243 740 4297 tentiam
771 4247 822 4292 te
851 4239 1113 4291 hortetur.
1139 4235 1443 4291 Secundum
1475 4246 1655 4293 autem
1685 4236 1936 4293 duritiam
1959 4247 2106 4295 tuam

516 4341 573 4388 et
601 4345 696 4385 cor
734 4327 1072 4396 iiupwnitens
1092 4366 1108 4392 ,
1138 4327 1464 4382 thesaurizas
1493 4328 1588 4384 tibi
1628 4329 1760 4384 iram
1802 4331 1855 4385 in
1885 4331 1971 4388 die
2010 4333 2106 4388 ira;

522 4422 700 4494 (Rom.
727 4419 784 4474 2.
822 4419 899 4490 5).
926 4420 1009 4472 An
1050 4417 1249 4473 idcirco
1277 4417 1554 4474 induratur
1582 4421 1741 4491 juxta
1771 4422 2105 4480 Pharaonem

472 4560 475 4562 _
525 4513 720 4586 (Exod.
751 4511 786 4567 4
813 4519 862 4565 et
897 4509 1062 4581 seqq.)
1097 4524 1192 4566 cor
1220 4519 1389 4578 tuum,
1417 4512 1542 4581 quia
1567 4528 1672 4568 non
1703 4515 1884 4569 statim
1911 4503 2104 4584 percu-

602 4667 649 4731 a)
685 4665 762 4731 Αι.
786 4666 848 4715 48
868 4665 1048 4731 scripta
1067 4666 1251 4731 incerto
1272 4672 1499 4731 tempore.

603 4727 647 4789 ὁ)
684 4729 742 4779 In
765 4741 862 4778 uno
885 4727 1157 4789 Veronensi
1180 4727 1469 4789 admirandae
1491 4728 1790 4789 antiquitatis
1813 4728 1902 4778 Ms.
1929 4731 2102 4780 inscri-

516 4786 652 4843 bit'ur
684 4791 750 4840 ad
788 4788 1095 4840 Sabinianum
1124 4786 1446 4855 cohortatur-ia
1492 4789 1556 4855 de
1598 4786 1890 4850 ptenitentia,
1939 4792 2105 4855 incipit

516 4867 638 4917 vero
660 4855 920 4917 pgmjiosiw
942 4859 988 4917 et
997 4848 1266 4917 particula,
1291 4855 1346 4897 Et
1369 4846 1574 4909 Samuel,
1598 4846 1720 4917 'etc.,_
1745 4846 1956 4917 tanta.

581 4911 806 4988 tam
835 4911 1152 4988 εεῐξιξιέίέξιέεξι
1168 4911 1535 4988 ξειὲεξξεξιξκξψεξ
1559 4911 1837 4988 etquidem
1871 4926 1990 4963 voce
2014 4914 2104 4964 πεί

512 4973 825 5036 δὶὶί,ἰ;ειε.,
862 4973 1144 5036 inconcinno
1167 4979 1325 5036 atque
1337 4973 1543 5021 obscuro
1565 4973 1732 5034 senSu,
1755 4988 1902 5036 quem
1926 4988 1991 5024 ex
2016 4989 2102 5026 eo-

514 5031 630 5086 dem
655 5031 930 5084 Veronensi
951 5033 1213 5095 archetypo
1236 5031 1576 5082 reformamus.

578 5099 676 5161 (d)_
691 5097 851 5145 Antea
877 5101 983 5143 erat
1004 5101 1268 5161 peccatore,
1297 5103 1350 5144 et
1371 5108 1484 5143 mox
1522 5095 1680 5145 levare
1714 5109 1800 5158 pro
1823 5097 1966 5158 levas,
1991 5111 2102 5161 quae

511 5158 612 5210 duo
636 5158 913 5208 Veronens.
939 5158 1184 5205 emendat.

581 5221 630 5282 (e
686 5219 767 5268 Ali
803 5226 887 5268 uot
927 5217 1042 5266 Mss.
1094 5230 1184 5278 pro
1214 5215 1332 5266 dissi
1367 5221 1484 5276 ala;
1523 5231 1588 5266 ex
1631 5218 1774 5267 editis
1811 5226 1975 5270 autem
2018 5220 2101 5271 alii

581 5221 730 5330 idita.
755 5233 836 5330 ali
874 5277 1070 5330 prodita
1106 5280 1293 5330 legunt.
1330 5229 1616 5330 {inpressam
1654 5279 1913 5330 lectionem
1941 5282 2099 5330 Vero-

511 5277 730 5343 perdita,
755 5277 836 5330 alii
874 5277 1070 5341 prodita
1089 5277 1316 5343 legunt;
1330 5277 1616 5343 impressam
1654 5279 1913 5343 lectionem
1941 5282 2099 5343 Vero-

513 5339 660 5391 nens.
688 5339 882 5398 probat,
906 5349 958 5390 et
978 5339 1248 5388 simillimus
1277 5339 1563 5389 Tertulliani
1587 5339 1722 5390 locus
1760 5341 1820 5391 de
1855 5342 2025 5392 Pudic.
2051 5359 2095 5393 c.

512 5401 567 5450 8.
612 5401 813 5467 «Minor
856 5402 984 5467 illius
1024 5402 1257 5467 producta
1267 5402 1554 5467 substantia
1598 5403 1648 5450 in
1695 5402 1852 5467 aliena
1883 5407 2100 5467 regione

514 5463 783 5526 mendicat.
807 5479 830 5507 ι
867 5463 995 5526 Quin
1028 5462 1182 5512 etiam
1217 5462 1417 5512 Hieron.
1457 5463 1506 5510 in
1540 5475 1647 5526 cap.
1688 5463 1829 5512 J0me
1858 5466 1908 5516 5.
1941 5462 2099 5516 (Post

513 5524 834 5585 substantiam
857 5525 1144 5585 prodactarn,
1169 5539 1206 5585 ινΔ
1223 5531 1316 5585 etc.

577 5581 657 5644 (Γ)
692 5581 966 5648 Υθωηὲοε.
1003 5582 1231 5648 gloriaris
1264 5583 1315 5632 in
1343 5584 1635 5648 confusione,
1659 5585 1845 5648 absque
1868 5593 1914 5648 et
1932 5599 2098 5647 came,

517 5650 573 5694 et
586 5637 743 5706 paulo
763 5637 1192 5709 possenumquam
1211 5659 1300 5708 pro
1322 5637 1468 5697 vitam
1487 5658 1508 5707 ;
1527 5637 1745 5709 denique
1764 5637 1894 5709 'quod
1919 5637 2101 5702 bonitas

512 5702 607 5768 pro'
619 5702 850 5768 quatiam
867 5702 1142 5766 benignius.

1835 262 2075 323 SANCTI
2115 262 2496 324 HIERONYMI

3681 262 3824 322 1196

2224 380 2372 444 teris,
2404 386 2458 432 et
2483 375 2557 447 (g)
2597 373 2860 429 diﬂ'ereris
2889 373 2958 429 ad
2997 388 3209 445 poenam
3289 373 3506 446 1085
3586 372 3726 428 diu?
3760 376 3824 430 Et

2219 471 2311 526 ille
2338 469 2531 525 dilatus
2560 477 2662 531 est,
2695 477 2749 522 et
2778 466 2964 521 decem
3011 468 3192 537 plagas
3234 481 3341 521 non
3380 467 3538 535 quasi
3580 465 3652 518 ab
3687 466 3823 520 irato

2221 562 2354 628 Deo,
2385 559 2480 616 sed
2510 557 2660 630 quasi
2687 573 2716 612 a
2759 567 2910 628 patre
2931 568 3304 613 commonente
3340 557 3627 625 sustinuit,
3649 557 3823 612 donec

2219 653 2273 710 in
2298 667 2611 725 perversum
2637 661 2754 705 acta
2783 651 3095 720 pmnitentia
3117 693 3132 718 ,
3159 650 3418 724 populum
3463 666 3629 720 quem
3663 650 3825 704 dimi-

2219 756 2393 813 serat,
2426 761 2520 817 per
2565 744 2781 801 deserta
2825 754 3178 814 sequeretur,
3228 753 3283 798 et
3330 742 3540 814 ingredi
3590 743 3825 799 auderet

2220 841 2419 906 maria;
2465 854 2564 910 per
2607 854 2726 909 qua:
2769 839 2851 894 vel
2883 839 2961 908 (lt)
3011 838 3124 892 sola
3163 837 3347 891 doceri
3393 837 3608 907 potuit,
3639 837 3824 891 timori

2222 931 2528 988 habendum
2550 945 2696 994 eum,
2725 930 2810 986 cui
2840 930 3002 984 etiam
3027 929 3296 985 elementa
3323 928 3611 984 servirent.
3648 915 3819 983 Dixe-

2221 1032 2306 1077 rat
2331 1031 2387 1078 et
2416 1022 2525 1088 ille,
2570 1021 2691 1076 Non
2716 1022 2833 1075 novi
2862 1019 3162 1085 Dominum,
3195 1036 3356 1090 neque
3395 1021 3600 1073 dimitto
3630 1017 3818 1075 Israel.

2221 1112 2391 1181 Quem
2418 1123 2474 1168 tu
2502 1113 2718 1168 imitans
2758 1113 2994 1182 loqueris
3024 1131 3037 1165 :
3078 1110 3218 1165 Visio
3243 1127 3395 1178 quam
3432 1112 3516 1165 hic
3562 1112 3700 1165 videt
3724 1155 3740 1176 ,
3767 1112 3820 1165 in

2222 1209 2330 1263 dies
2375 1208 2552 1280 longos
2593 1217 2700 1271 est,
2746 1216 2793 1261 et
2836 1208 2891 1260 in
2941 1215 3169 1275 tempora
3216 1205 3370 1275 longa
3412 1206 3507 1258 iste
3550 1205 3820 1274 prophetat

2221 1298 2557 1369 (Ezech.12.
2593 1295 2708 1368 27).
2752 1297 2980 1364 Propter
3019 1294 3162 1366 quod
3216 1294 3346 1350 dicit
3393 1295 3453 1363 (ἱ)
3498 1294 3643 1348 idem
3691 1295 3818 1348 Pro-

2221 1389 2380 1461 pheta
2414 1407 2428 1444 :
2460 1388 2588 1443 Haec
2631 1388 2755 1442 dicit
2794 1387 2997 1440 Adonai
3025 1385 3277 1440 Dominus
3308 1401 3328 1440 :
3373 1384 3498 1439 Non
3541 1387 3815 1457 prolonga-

2221 1479 2411 1534 buntur
2437 1478 2660 1551 amplius
2687 1494 2861 1533 omnes
2888 1493 3144 1532 sermones
3188 1476 3286 1530 mei
3307 1517 3323 1544 ,
3363 1493 3707 1546 quoscumque
3737 1478 3814 1530 lo-

2220 1588 2382 1643 quar;
2426 1571 2545 1640 quia
2586 1571 2768 1640 loquar
2809 1570 3053 1636 verbum,
3094 1577 3142 1622 et
3171 1569 3359 1640 faciam
3405 1567 3574 1642 (Ibid.
3623 1584 3671 1620 υ.
3696 1568 3810 1640 28).

2220 1661 2448 1717 Sanctus
2473 1661 2637 1716 David
2664 1661 2730 1716 de
2758 1660 2936 1731 impiis
2957 1669 3012 1715 et
3034 1659 3101 1714 de
3139 1660 3380 1715 scelestis
3406 1659 3542 1714 dicit
3563 1661 3812 1730 (quorum

2223 1761 2279 1807 tu
2306 1768 2430 1823 pars
2457 1767 2564 1808 non
2590 1751 2824 1819 modica,
2854 1751 2948 1807 sed
2972 1752 3221 1820 princeps
3247 1751 3330 1820 es)
3359 1750 3506 1821 quod
3532 1753 3718 1805 saeculi
3743 1751 3813 1806 fe-

2221 1843 2419 1899 licitate
2466 1843 2775 1899 fruerentur
2809 1853 2866 1898 et
2908 1843 3154 1898 dicerent
3198 1860 3211 1895 :
3263 1842 3535 1908 Quomodo
3600 1845 3814 1913 cognoui

2219 1936 2380 2003 Deus,
2407 1945 2455 1990 et
2480 1937 2526 1991 si
2549 1945 2622 1990 est
2645 1936 2858 1990 scientia
2883 1936 2937 1989 in
2961 1935 3202 1989 excelso?
3232 1934 3365 1989 Ecce
3391 1937 3492 2004 ipsi
3520 1947 3812 2005 peccatores

2219 2037 2266 2082 et
2289 2028 2602 2081 abundantes
2631 2029 2686 2081 in
2718 2028 2906 2082 sarculo
2936 2028 3259 2082 obtinuerunt
3284 2028 3488 2082 divitias
3520 2027 3695 2096 (Psal.
3727 2028 3806 2082 72.

2220 2121 2308 2175 11.
2354 2128 2399 2174 et
2430 2119 2522 2189 12)
2567 2137 2580 2172 :
2635 2135 2772 2190 pene
2816 2120 2968 2189 lapso
3005 2118 3141 2188 pede
3166 2127 3222 2174 et
3267 2117 3547 2173 ﬂuctuanti
3592 2120 3810 2189 vestigio

2219 2210 2539 2265 causabatur
2567 2250 2583 2276 ,
2616 2209 2846 2264 dicens:
2895 2209 3036 2280 Ergo
3079 2210 3188 2264 sine
3233 2225 3388 2263 causa
3416 2210 3704 2280 justiﬁcaei
3731 2227 3810 2264 cor

2217 2319 2403 2368 meum,
2429 2311 2473 2356 et
2495 2302 2594 2356 lavi
2612 2303 2744 2356 inter
2763 2303 3054 2357 innocentes
3073 2318 3257 2356 manus
3276 2317 3412 2355 meas
3437 2300 3604 2369 (Ibid.
3629 2319 3678 2355 υ.
3701 2301 3807 2372 1⁸5).

2218 2393 2560 2448 Prmmiserat
2603 2394 2783 2459 enim,
2833 2392 2969 2459 Quia
3008 2394 3276 2448 temulatus
3319 2409 3434 2447 sum
3460 2409 3618 2463 super
3647 2394 3811 2461 irrigua

2217 2495 2440 2555 agentes,
2471 2500 2645 2553 pacem
2693 2493 3015 2554 peccatorum
3043 2485 3216 2538 videns
3245 2499 3265 2538 :
3305 2485 3428 2554 quia
3474 2500 3582 2538 non
3629 2495 3700 2538 est
3739 2501 3809 2538 re-

2217 2584 2414 2646 spectus
2443 2577 2593 2630 morti
2633 2572 2728 2646 [al.
2756 2575 2810 2629 in
2836 2573 3016 2648 morte]
3047 2591 3219 2628 eorum
3239 2615 3254 2641 ,
3295 2583 3342 2628 et
3385 2575 3558 2628 solida
3588 2576 3740 2646 plaga
3762 2577 3809 2628 in

2216 2665 2544 2740 ﬂagella'[al.
2575 2664 2805 2738 flagello]
2836 2683 3029 2720 eorum.
3053 2665 3122 2720 In
3145 2666 3401 2720 laboribus
3424 2667 3691 2720 hominum
3716 2684 3808 2721 non

2216 2767 2355 2823 sunt,
2396 2767 2444 2812 et
2486 2775 2602 2812 cum
2626 2757 2914 2811 hominibus
2941 2773 3044 2810 non
3083 2758 3502 2829 ﬂagellabantur.
3533 2757 3806 2829 Propterea

2217 2851 2378 2904 tenuit
2404 2865 2487 2904 eos
2529 2848 2794 2918 superbia,
2841 2848 3142 2902 circumdati
3173 2858 3289 2902 sunt
3334 2849 3609 2919 iniquitate
3648 2859 3696 2902 et
3719 2852 3805 2903 int-

2218 2943 2404 3013 pietate
2431 2958 2545 2996 sua.
2574 2940 2882 3012 Egredietur
2904 2942 3035 2996 sicut
3060 2957 3124 2995 ea:
3149 2941 3303 3010 adipe
3325 2941 3573 3011 iniquitas
3597 2958 3764 2997 eorum
3784 2957 3804 2997 :

2217 3033 2525 3087 transierunt
2549 3033 2604 3086 in
2641 3031 2882 3099 a/fectum
2910 3033 3098 3087 cordis.
3142 3031 3537 3104 Cogitauerunt,
3582 3045 3629 3088 et
3655 3035 3804 3088 locuti

2216 3136 2332 3181 sunt
2359 3126 2515 3192 mala,
2557 3127 2873 3196 iniquitatem
2901 3127 2956 3180 in
2990 3127 3185 3181 excelso
3227 3125 3322 3198 [aL
3349 3128 3627 3201 excelsum]
3657 3131 3804 3183 locuti

2215 3227 2354 3274 sunt.
2405 3217 2696 3272 Posuerunt
2743 3218 2796 3272 in
2831 3217 3013 3272 caelum
3052 3234 3108 3272 os
3147 3234 3318 3285 suum,
3362 3230 3408 3274 et
3434 3222 3611 3291 lingua
3635 3237 3802 3276 eorum

2219 3310 2508 3379 pertransiit
2531 3324 2686 3378 super
2707 3317 2891 3363 terram
2920 3306 3084 3379 (Ibid.
3127 3325 3175 3364 υ.
3205 3311 3241 3365 5
3265 3320 3312 3364 et
3341 3313 3516 3382 seqq.).

2290 3401 2346 3455 2.
2386 3400 2576 3456 Nonne
2628 3401 2726 3456 tibi
2770 3401 2984 3456 videtur
3022 3401 3089 3456 de
3118 3409 3169 3455 te
3195 3403 3374 3457 omnis
3414 3405 3517 3458 iste
3556 3403 3797 3459 Psalmus

2214 3508 2334 3550 esse
2360 3493 2727 3562 compositus?
2754 3491 2958 3562 Vegeto
2985 3493 3183 3562 quippe
3202 3509 3261 3548 es
3284 3509 3538 3563 corpore,
3566 3506 3622 3551 et
3639 3512 3802 3553 novus

2215 3583 2529 3641 Antichristi
2559 3583 2871 3650 Apostolus,
2905 3597 3029 3638 cum
3056 3583 3110 3638 in
3141 3600 3244 3639 una
3274 3594 3433 3640 notus
3464 3585 3639 3641 fueris
3666 3590 3796 3644 civi-

2217 3684 2344 3741 tate,
2378 3673 2766 3744 transgrederis
2786 3674 2852 3728 ad
2869 3673 3048 3729 aliam.
3079 3673 3195 3729 Non
3227 3676 3427 3746 indiges
3455 3679 3797 3748 sumptibus;

2212 3782 2320 3824 non
2367 3767 2522 3837 plaga
2571 3767 2695 3821 forti
2744 3768 3077 3836 perculeris;
3112 3777 3311 3824 etcum
3343 3768 3685 3837 hominibus,
3713 3771 3798 3841 qui

2215 3875 2324 3916 non
2350 3868 2492 3923 sunt,
2525 3867 2583 3913 ut
2609 3867 2682 3924 tu,
2715 3859 2860 3912 velut
2882 3859 3274 3914 irrationabilia
3305 3860 3573 3930 iumenta,
3607 3864 3798 3932 corripi

2213 3969 2322 4008 non
2353 3953 2599 4009 mereris.
2631 3952 2922 4023 Propterea
2963 3954 3136 4009 elatus
3187 3969 3247 4009 es
3295 3955 3347 4009 in
3389 3958 3717 4026 superbiam,
3746 3968 3798 4011 et

2212 4046 2590 4101 vestimentum
2622 4054 2767 4100 tuum
2801 4047 2870 4116 (j)
2898 4055 2981 4101 est
3009 4045 3146 4101 facta
3200 4045 3437 4114 luxuria,
3468 4057 3522 4102 et
3549 4048 3699 4117 quasi
3727 4063 3798 4101 ex

2212 4138 2397 4193 arvina
2421 4137 2601 4208 pingui
2629 4146 2686 4193 et
2712 4137 2945 4207 quodam
2968 4136 3127 4207 adipe
3156 4147 3411 4193 eructans
3432 4139 3589 4193 verba
3618 4139 3800 4192 morti-

2212 4229 2346 4295 fera,
2376 4245 2485 4285 non
2511 4239 2564 4286 te
2594 4230 2820 4301 respicis
2901 4231 3114 4302 ιωθ
3189 4246 3312 4288 esse
3337 4233 3672 4296 moriturum,
3699 4247 3800 4288 nec

2213 4335 2468 4391 umquam
2492 4331 2610 4392 post
2633 4324 2900 4391 expletam
2920 4321 3218 4390 libidinem,
3254 4324 3557 4394 paenitentia
3580 4337 3799 4378 remor-

2213 4411 2381 4466 deris.
2413 4411 2676 4467 Transisti
2706 4412 2759 4467 in
2787 4411 3038 4467 affectum
3081 4413 3284 4480 cordis,
3318 4422 3372 4469 et
3417 4429 3484 4468 ne
3514 4414 3610 4467 tibi
3650 4414 3802 4469 solus

2213 4503 2444 4558 videaris
2477 4518 2709 4570 errasse,
2739 4503 2960 4559 simulas
2989 4503 3219 4558 nefanda
3257 4504 3326 4559 de
3355 4505 3526 4558 servis
3555 4504 3667 4568 Dei,
3699 4521 3800 4560 ne-

2212 4595 2390 4649 sciens
2419 4591 2560 4662 quod
2586 4593 2919 4662 iniquitatem
2953 4595 3008 4649 in
3038 4596 3203 4650 altum
3234 4594 3487 4665 loquaris,
3532 4604 3588 4649 et
3629 4610 3804 4664 ponas

2210 4684 2265 4738 in
2296 4685 2493 4740 caelum
2523 4698 2584 4737 os
2620 4693 2790 4738 tuum.
2819 4683 2930 4740 Nec
2956 4687 3153 4741 mirum
3177 4686 3266 4740 sia
3294 4693 3344 4738 te
3368 4685 3804 4754 qualescumque

2211 4775 2350 4829 servi
2380 4774 2471 4828 Dei
2496 4773 2966 4844 blasphementur,
2995 4791 3121 4831 cum
3164 4774 3596 4845 patremfamilias
3628 4773 3803 4831 Beel-

2211 4865 2382 4920 zebub
2407 4867 2720 4920 vocaverint
2750 4875 2933 4936 patres
2976 4866 3074 4920 tui.
3127 4865 3243 4920 Non
3272 4875 3353 4920 est
3377 4863 3678 4933 discipulus
3707 4881 3803 4920 su-

2213 4971 2308 5025 pra
2356 4955 2695 5026 magistrum,
2746 4973 2849 5013 nec
2879 4971 3068 5012 servus
3112 4972 3275 5026 supra
3306 4955 3585 5011 dominum
3619 4973 3798 5012 suum.

2209 5048 2265 5104 Si
2295 5046 2370 5103 illi
2398 5049 2450 5103 in
2481 5047 2635 5103 viridi
2663 5049 2808 5119 ligno
2837 5057 2986 5103 tanta
3025 5045 3290 5114 fecerunt,
3340 5057 3394 5102 tu
3425 5047 3479 5102 in
3510 5062 3620 5113 me,
3649 5049 3802 5104 arido

2275 5218 2342 5288 (g)
2380 5223 2568 5273 Iterum
2608 5234 2674 5272 ex
2705 5222 2959 5275 Veronen.
3002 5234 3112 5272 cum
3152 5224 3288 5271 esset
3318 5219 3582 5271 «ὤσει-νίς
3617 5223 3701 5271 diu
3746 5222 3804 5272 ad

2307 5297 2416 5332 iam.
2440 5301 2462 5329 ι

2208 5296 2416 5348 pugnam.
2440 5301 2462 5329 ι

2273 5345 2347 5407 (It)
2384 5346 2568 5394 Deerat
2606 5343 2681 5414 uel
2701 5344 2953 5414 particula,
2977 5356 3176 5414 quame
3199 5343 3314 5393 Mss.
3339 5343 3664 5406 suﬁ'ecimus;
3692 5358 3800 5395 mox

2206 5419 2422 5469 quoque
2428 5415 2535 5456 erat
2555 5412 2778 5469 servth
2787 5412 3151 5469 proservtrenl.

2277 5465 2337 5532 (ᾗ)
2378 5467 2494 5517 Haec
2533 5485 2575 5532 ¢_
2578 5467 2713 5516 Idem
2749 5465 3010 5532 Propheta,
3057 5465 3174 5514 Haec
3216 5465 3398 5532 dicit»
3439 5468 3489 5532 in
3525 5467 3802 5532 vermeusi

2205 5525 2516 5578 omittuntur.
2539 5528 2624 5577 Fet
2645 5537 2807 5577 autem
2829 5525 3139 5588 adgGraacum,
3159 5527 3418 5588 exemplar
3445 5528 3542 5578 iste
3567 5529 3802 5579 Euctus.

2204 5587 2267 5639 lis
2281 5591 2442 5653 locus,
2466 5603 2505 5653 a_
2516 5603 2613 5653 quo
2636 5586 2858 5653 nonnihil
2873 5585 3387 5653 Vulgatusjuterpfes
3401 5589 3600 5653 differt.

2270 5650 2340 5714 (j)
2373 5646 2448 5700 Ex
2472 5646 2781 5701 CiSterciensi
2816 5647 3079 5714 alteroque
3094 5646 3378 5714 Veronensi
3401 5649 3518 5701 Mss.
3550 5665 3665 5702 cum
3686 5651 3806 5701 alias

2208 5706 2376 5778 ιωᾶὰι,
2402 5721 2456 5767 et
2474 5714 2527 5765 in
2549 5717 2789 5776 postrema
2816 5706 3028 5760 editione
3047 5708 3180 5770 iteret
3203 5706 3425 5758 licentia.
