3986 6184
259 255 407 316 119⁸1

1602 244 1932 304 EPISTOLA
1969 242 2221 300 CXLVII.

3395 251 3534 311 1198

257 373 430 445 ligno,
461 369 587 445 quid
616 328 850 426 facturus
875 378 936 422 es
979 364 1132 438 (Luc.
1177 363 1268 420 23.
1301 362 1436 433 51)?
1467 361 1601 418 Tale
1633 360 1760 433 quid
1788 367 1844 416 et
1951 359 2144 430 inquit,
2173 365 2220 414 et
2248 372 2362 413 ecce
2383 368 2563 412 manus
2582 363 2782 412 extenta
2807 358 2877 412 ad
2899 343 3010 425 me;
3028 366 3074 415 et
3097 359 3152 416 in
3169 360 3282 432 ipsa
3300 365 3534 422 uolumen

255 465 312 520 in
356 464 612 520 Malachia
657 462 808 532 plebs
857 458 1214 514 scandalizata
1259 456 1615 519 credentium,
1663 453 1739 525 (a)
1771 453 1839 509 de

251 555 425 610 corde
457 565 545 610 tuo
569 553 841 623 loquitur:
866 550 1138 618 Dixerunt,
1160 565 1319 604 uanus
1335 560 1404 603 est
1422 549 1510 620 qui
1529 548 1680 602 seruit
1707 546 1836 600 Deo.

250 644 323 698 Et
351 645 478 715 quid
498 645 650 714 plus?
677 643 811 710 Quia
833 643 1191 697 custodivimus
1211 641 1454 695 mandata
1482 641 1611 709 ejus,
1638 647 1685 693 et
1707 655 1837 710 quo-

248 737 390 789 niam
410 737 591 790 inimus
616 735 956 804 supplicantes
994 745 1112 788 ante
1151 734 1329 804 [aciem
1357 732 1564 786 Domini
1601 735 1836 800 omnipo-

247 829 418 880 tentis.
454 826 518 880 Et
548 843 681 880 nunc
707 843 800 880 nos
825 827 994 880 beatos
1017 825 1231 878 dicimus
1256 825 1467 878 alienos.
1501 823 1837 890 Rewdiﬁcan-

245 930 328 972 tur
354 935 530 972 omnes
557 919 644 988 qui
691 919 882 987 faciunt
925 918 1118 986 iniqua.
1164 915 1426 970 Adversati
1475 922 1589 968 sunt
1620 911 1748 976 Deo,
1787 920 1838 966 et

240 1009 373 1063 salvi
400 1013 528 1080 facti
550 1019 686 1064 sunt.
712 1010 966 1076 (Malach.
990 1011 1044 1064 5.
1068 1010 1122 1064 5.
1142 1009 1229 1064 14.
1243 1010 1397 1079 juxta
1419 1005 1613 1077 LXX).
1633 1005 1836 1074 Quibus

239 1113 436 1172 postea
463 1103 604 1157 diem
627 1102 813 1170 judicii
848 1102 1105 1156 Dominus
1125 1102 1504 1163 comminatur,
1533 1097 1731 1168 etquid
1754 1098 1836 1151 in—

241 1205 328 1250 ter
351 1199 559 1267 justum
587 1208 640 1252 et
670 1197 928 1268 injustum
958 1195 1196 1252 futurum
1228 1195 1320 1258 sit,
1347 1195 1519 1250 multo
1550 1204 1679 1248 ante
1700 1207 1836 1262 pra:-

240 1292 529 1355 nuntians,
557 1292 661 1345 ait:
693 1288 761 1343 Et
783 1290 1164 1344 convertimini:
1189 1298 1233 1342 et
1257 1287 1483 1341 uidebitis
1508 1286 1629 1356 quid
1665 1285 1728 1338 sit
1756 1286 1835 1338 in-

238 1391 316 1434 ter
334 1383 556 1450 justum,
585 1390 630 1435 et
655 1383 896 1451 injustam
915 1397 934 1436 :
957 1382 1085 1435 inter
1102 1381 1390 1435 servientem
1409 1377 1650 1444 Domino,
1667 1385 1715 1430 et
1733 1391 1835 1430 non

235 1473 542 1524 servientem
571 1470 728 1542 (Ibid.
762 1471 976 1540 ultim.).

313 1562 370 1614 5.
417 1561 544 1615 Hrec
574 1562 664 1616 tibi
696 1561 916 1616 ridicula
946 1561 1084 1615 forte
1110 1560 1410 1626 videantur,
1440 1559 1530 1630 qui
1551 1558 1831 1628 commdis,

235 1663 290 1708 et
317 1653 506 1723 lyricis
523 1654 896 1724 scriptoribus,
915 1663 970 1708 et
990 1653 1166 1708 mimis
1191 1652 1398 1708 Lentuli
1416 1654 1494 1722 (1)
1513 1651 1831 1707 delectaris:

235 1761 568 1816 quamquam
603 1763 668 1801 ne
701 1747 797 1801 ista
833 1747 926 1800 tibi
954 1746 1167 1816 quidem
1197 1761 1308 1814 pra:
1336 1746 1495 1798 nimia
1525 1744 1704 1798 cordis
1733 1742 1832 1798 he-

234 1841 500 1896 betudine
524 1840 868 1910 intelligenda
895 1839 1277 1894 concesserim.
1298 1835 1686 1904 Prophetarum
1705 1849 1831 1888 ver-

235 1934 302 1987 ba
335 1943 652 1988 contenmes
683 1931 777 2004 [al.
825 1927 1168 2001 contemnas];
1201 1927 1298 1982 sed
1339 1925 1690 1996 respondebit
1733 1923 1830 1979 tibi

236 2026 444 2078 Amos:
478 2023 542 2077 Et
561 2024 615 2076 in
642 2024 800 2077 tribus
836 2031 881 2076 et
921 2022 976 2074 in
1026 2029 1244 2088 quatuor
1268 2017 1632 2087 impietatibus,
1664 2032 1832 2070 nonne

233 2116 512 2170 aversabor
535 2130 672 2176 eum,
691 2113 814 2165 dicit
837 2111 1089 2164 Dominus
1111 2110 1290 2180 (Amos
1308 2111 1360 2162 1.
1388 2110 1440 2162 5.
1451 2109 1608 2177 juxta
1627 2103 1831 2175 LXX)?

231 2205 506 2273 Quoniam
525 2203 668 2258 enim
688 2202 1002 2264 Damascus,
1020 2199 1184 2264 Gaza,
1200 2197 1396 2270 Tyrus,
1425 2197 1680 2262 ldnmaza,
1701 2199 1833 2249 Am-

232 2296 483 2361 manitae,
511 2303 568 2348 et
597 2293 862 2357 Moabitaz,
908 2289 1080 2345 Judaei
1127 2303 1344 2360 quoque
1373 2297 1428 2344 et
1467 2288 1654 2354 Israel,
1684 2302 1830 2358 saepe

231 2387 300 2440 ad
330 2401 392 2439 se
426 2385 520 2439 Dei
548 2383 801 2438 vaticinio
842 2382 1130 2446 destinato,
1165 2390 1223 2435 ut
1270 2388 1493 2451 agerent
1538 2377 1828 2449 aliquando

235 2477 634 2546 pmnitentiam,
666 2474 852 2528 audire
881 2481 1351 2545 contempserunt,
1386 2473 1482 2526 ira:
1509 2487 1642 2539 suae,
1666 2486 1825 2541 quam

231 2571 490 2625 illaturus
537 2577 654 2633 est,
685 2567 942 2622 Dominus
990 2581 1181 2621 causas
1218 2566 1549 2637 justissimas
1599 2565 1824 2635 profert,

230 2665 424 2718 dicens
450 2681 464 2715 :
494 2660 562 2716 In
591 2661 749 2715 tribus
776 2670 824 2715 et
847 2669 1062 2730 quatuor
1089 2659 1431 2730 impietatibus
1473 2676 1640 2714 nonne
1685 2675 1827 2714 aver-

231 2767 388 2816 sabor
417 2761 538 2814 eos?
566 2759 640 2832 (b)
669 2759 1001 2815 Sceleratum
1031 2769 1136 2826 est,
1168 2761 1363 2831 inquit,
1393 2761 1535 2816 mala
1563 2762 1824 2830 cogitare:

232 2853 509 2908 concessi.
533 2851 773 2921 Nequius
803 2860 886 2906 est
911 2853 1052 2908 male
1100 2853 1331 2922 cogitata
1365 2853 1502 2908 velle
1542 2853 1822 2924 perficere,

232 2965 285 3009 et
315 2955 420 3007 hoc
453 2967 548 3022 pro
571 2967 689 3007 mea
717 2950 1088 3006 misericordia
1117 2951 1384 3020 benignus
1413 2950 1632 3005 indulsi.
1657 2949 1827 3005 Num-

232 3047 362 3116 quid
397 3054 454 3100 et
479 3059 641 3113 opere
680 3044 1007 3114 implendum
1031 3053 1316 3114 peccatum
1348 3043 1483 3097 tuit?
1503 3051 1558 3098 et
1583 3057 1703 3098 mea
1730 3057 1823 3097 su-

233 3137 404 3207 perbe
433 3134 685 3190 calcanda
765 3136 973 3207 ιωῚ
1050 3134 1377 3189 clementia?
1408 3135 1611 3190 Tamen
1636 3143 1828 3205 etpost

234 3230 462 3291 factum,
519 3228 641 3297 quia
674 3227 816 3280 malo
870 3227 1242 3296 pmnitentiam
1289 3227 1612 3296 peccatoris,
1665 3243 1825 3298 quam

235 3329 470 3375 mortem
493 3337 506 3372 :
539 3318 662 3372 Non
688 3319 819 3372 enim
842 3319 954 3372 sani
984 3333 1112 3388 opus
1137 3318 1319 3371 habent
1344 3319 1559 3384 medico,
1583 3319 1672 3372 sed
1695 3318 1829 3374 male

237 3413 478 3465 habentes
509 3409 664 3480 (Luc.
683 3411 738 3465 5.
762 3411 878 3480 51),
904 3409 1108 3480 jacenti
1133 3425 1348 3464 manum
1367 3411 1602 3480 porrigo,
1623 3418 1677 3465 et
1691 3425 1824 3466 con-

238 3516 486 3572 spersum
518 3503 570 3554 in
603 3501 862 3570 sanguine
892 3516 1013 3567 suo,
1034 3510 1090 3555 ut
1113 3502 1342 3570 pr0priis
1361 3501 1822 3570 fletibuslavetur,

239 3593 516 3646 exhortor.
551 3591 706 3659 Quod
735 3591 778 3646 si
811 3605 909 3645 nec
938 3591 1016 3645 sic
1066 3590 1432 3660 paenitentiam
1484 3593 1600 3646 vult
1641 3608 1822 3663 agere,

239 3691 294 3736 et
322 3683 494 3736 fracto
525 3682 738 3751 navigio
769 3681 1022 3746 tabulam,
1054 3697 1149 3750 per
1176 3697 1335 3752 quam
1357 3682 1554 3737 salvari
1587 3692 1814 3753 poterat,

238 3788 345 3826 non
381 3781 632 3835 retentat,
680 3787 842 3842 cogor
871 3772 1086 3828 dicere:
1119 3773 1290 3843 Super
1335 3775 1496 3838 tribus
1537 3785 1584 3829 et
1611 3791 1826 3846 quatuor

237 3865 601 3930 impietatibus,
659 3879 823 3915 nonne
871 3862 1136 3916 auersabor
1183 3880 1318 3929 eum,
1374 3865 1495 3917 dicit
1541 3865 1826 3920 Dominus?

236 3955 595 4009 Aversionem
621 3952 894 4005 mstimans
922 3966 1042 4004 esse
1083 3951 1155 4020 (ο)
1184 3967 1284 4020 pro
1339 3967 1522 4020 paena,
1556 3953 1682 4008 dum
1712 3971 1825 4012 sua:

237 4051 498 4114 peccator
530 4041 851 4111 relinquitur
879 4040 1160 4095 voluntati.
1195 4040 1323 4094 Inde
1352 4049 1436 4095 est
1460 4042 1601 4111 quod
1633 4058 1826 4113 pecca-

239 4143 292 4188 ta
317 4145 531 4204 patrum
562 4131 614 4184 in
637 4131 848 4185 tertiam
877 4139 932 4185 et
960 4139 1204 4200 quartam
1230 4133 1632 4201 generationem
1662 4137 1823 4190 resti-

240 4228 340 4282 tuit
377 4225 575 4298 (Exod.
606 4223 720 4294 ΞΟ),
755 4223 882 4277 dum
914 4238 1020 4277 non
1043 4223 1156 4276 vult
1175 4225 1355 4277 statim
1382 4225 1572 4293 punire
1598 4241 1826 4295 peccau-

243 4329 344 4381 tes,
397 4317 492 4372 sed
549 4317 832 4385 ignoscens
882 4314 1102 4384 primis,
1156 4326 1427 4384 postrema
1475 4319 1820 4378 condemnat.

243 4400 456 4476 Alioqui
484 4407 528 4462 si
557 4407 800 4475 protinus
830 4407 1092 4460 scelerum
1117 4406 1260 4460 ultor
1285 4406 1571 4462 existeret:
1597 4418 1652 4464 et
1681 4413 1824 4466 mul-

245 4510 322 4551 tos
349 4500 510 4566 alios,
549 4510 602 4553 et
644 4509 790 4552 certe
819 4499 1042 4553 Paulum
1086 4499 1400 4568 Apostolum
1429 4501 1686 4556 Ecclesia:
1717 4517 1822 4556 non

245 4586 526 4643 haberent.
576 4589 827 4643 Ezechiel
871 4589 1158 4658 Propheta,
1201 4591 1354 4659 cujus
1397 4607 1557 4661 supra
1601 4592 1824 4648 fecimus

247 4686 595 4746 mentionem,
627 4682 720 4736 Dei
749 4683 971 4736 verbum
995 4681 1059 4735 ad
1086 4695 1144 4736 se
1176 4680 1373 4736 factum
1402 4684 1664 4749 referens,
1699 4686 1772 4739 ait
1807 4705 1821 4741 :

247 4773 395 4841 Aperi
423 4790 479 4828 os
507 4784 668 4840 tuum,
697 4781 745 4826 et
772 4774 1021 4826 manduca
1054 4787 1168 4841 qua:
1197 4789 1286 4842 ego
1313 4773 1442 4828 dabo
1471 4775 1578 4828 tibi.
1610 4773 1677 4828 Et
1697 4775 1821 4841 vidi,

316 4905 378 4973 (a)
411 4907 547 4973 _Editi
586 4905 649 4955 de
683 4917 766 4973 ore
797 4905 878 4973 τιξξο
905 4916 923 4954 :
949 4903 1072 4952 infra
1110 4902 1295 4973 leviora
1330 4905 1424 4973 alia
1463 4918 1528 4955 ex
1570 4906 1821 4973 Yerpnen.

249 4965 562 5030 emendatum;
601 4970 792 5030 passim.
827 4965 1068 5030 Czeterum
1108 4976 1172 5013 ex
1216 4965 1468 5026 Cypriano,
1516 4966 1720 5029 epistola
1763 4967 1824 5016 ad

249 5024 485 5078 Donatum
512 5024 615 5077 haec
643 5029 778 5076 Hier.
803 5026 1060 5076 transtulit.

315 5087 396 5153 (ὁ)
414 5089 721 5139 Recoleudus
759 5089 962 5149 insignis
991 5087 1273 5153 Hieronymi
1306 5085 1438 5136 locus
1467 5087 1513 5153 in
1549 5089 1696 5136 Amos
1716 5103 1820 5150 cap.

252 5147 294 5195 1.
320 5147 585 5199 'c'Pt-imum
626 5147 876 5211 peccatum
895 5156 972 5197 est
995 5147 1254 5209 cogitasse,
1279 5160 1401 5211 quae»
1420 5147 1542 5196 mala
1565 5155 1678 5211 sunt
1704 5161 1716 5196 :
1741 5147 1823 5211 se.

252 5212 453 5260 eundum
479 5209 854 5274 cogitationibus
869 5210 1168 5274 acquievisse
1185 5209 1432 5270 perversis
1453 5220 1466 5255 :
1486 5210 1683 5259 tertium
1697 5210 1823 5271 quod

253 5281 415 5321 mente
447 5271 753 5329 decreveris,
778 5271 1236 5332 opere’complesse
1263 5283 1276 5315 :
1301 5281 1525 5332 quartum
1566 5277 1674 5332 post
1707 5283 1822 5330 pec-

252 5339 404 5395 catum
431 5349 524 5383 non
560 5347 712 5395 agere
750 5328 1106 5395 mmmam,
1129 5333 1253 5395 etin
1281 5328 1371 5380 suo
1400 5333 1493 5381 sibi
1517 5328 1824 5392 cumplacere

250 5392 441 5455 delicto.
467 5413 488 5439 ι
521 5392 639 5454 Quae
661 5392 770 5442 beic
794 5407 879 5455 per
904 5402 1065 5455 partes
1086 5393 1649 5455 Sabiniano‘exprobrat.

313 5453 381 5512 (ε)
417 5455 487 5503 lta
519 5469 580 5504 ex
619 5453 863 5504 Veronen.
906 5453 957 5502 et
993 5453 1307 5502 (Listerciensi
1346 5453 1461 5503 Mss}
1498 5453 1821 5513 restituimus,

252 5514 426 5578 quibus
449 5529 510 5563 ex
549 5525 684 5578 parte
721 5515 1014 5578 vetustiores
1053 5516 1172 5578 editi
1209 5515 1549 5578 suffragantur,
1575 5517 1623 5563 in
1647 5515 1824 5576 quibus

255 5579 357 5646 ESll.‘
371 5575 550 5646 {lugens
570 5589 588 5636 ,'
610 5577 791 5646 reliqui.
811 5578 938 5646 enim
961 5576 1084 5646 haud
1108 5581 1257 5646 recte
1272 5575 1442 5646 dicens
1460 5589 1548 5640 pro
1569 5575 1726 5646 paena.

317 5634 388 5698 (1)
411 5634 816 5698 Martias).,mt'ntis
834 5645 880 5687 et
905 5639 1124 5696 Lentulis,
1139 5637 1296 5686 addita
1309 5634 1473 5688 ηοωιὲ
1488 5654 1500 5688 :
1515 5634 1732 5688 [Malus
1749 5649 1823 5687 ce-

255 5689 396 5746 lebris
415 5705 518 5750 erat
531 5689 907 5764 nmnograpltus.
919 5699 1055 5758 Quod
1079 5689 1227 5750 etiam
1247 5707 1388 5750 recte
1401 5699 1618 5761 quadrat.
1642 5699 1724 5760 (Ν.
1742 5698 1823 5760 Ε.)

1953 449 2089 504 libri.
2122 448 2191 504 Et
2215 449 2421 504 revolvit
2440 447 2572 503 illud
2596 450 2651 502 in
2679 460 2952 520 conspectu
2977 467 3110 519 meo,
3141 462 3188 507 et
3214 453 3268 508 in
3293 455 3404 525 ipso
3427 455 3526 528 [aL

1945 538 2048 613 eo.]
2077 541 2320 611 scriptum
2363 548 2492 606 erat,
2515 555 2549 592 tt
2574 538 2705 610 facis
2737 547 2787 593 et
2812 549 3107 607 retrorsum,
3153 542 3448 610 (amentum,
3480 553 3529 602 et

1944 648 2166 699 carmen,
2193 641 2240 686 et
2268 645 2343 686 tne
2373 629 2582 704 (Eucti.
2610 631 2667 685 2.
2695 629 2750 687 8.
2778 639 2825 686 et
2857 633 3018 703 sqq.).
3049 632 3224 687 Prima
3251 633 3531 706 Scriptura

1943 724 2012 778 ad
2041 733 2094 779 te
2120 723 2375 794 pertinet,
2400 724 2447 778 si
2469 731 2649 779 tamen
2675 723 2911 779 volneris
2938 738 3100 794 agere
3130 725 3524 794 ptenitentiam,

1946 825 2068 884 post
2096 815 2371 870 delictum.
2399 814 2649 870 Secunda
2674 815 2742 870 ad
2763 824 2998 882 sanctos,
3024 815 3116 886 qui
3138 816 3204 871 ad
3230 817 3322 870 Dei
3351 819 3526 872 canti-

1943 925 2063 966 cum
2095 917 2472 980 provocantur.
2499 908 2616 964 Non
2649 918 2734 965 est
2782 911 2928 966 enim
2959 909 3186 979 pulchra
3212 909 3447 964 laudatio
3472 909 3529 965 in

1942 1019 2036 1059 ore
2062 1004 2382 1074 peccatoris.
2410 1002 2596 1060 Tertia
2620 1003 2687 1057 ad
2715 1003 2790 1056 tui
2805 1002 3028 1070 similes,
3058 1001 3149 1073 qui
3174 1002 3528 1070 desperantes

1941 1097 2260 1166 semetipsos
2290 1095 2628 1151 tradiderunt
2667 1093 3046 1161 immnnditiae,
3077 1102 3132 1148 et
3159 1093 3524 1160 fornicationi,

1941 1196 1998 1243 et
2025 1189 2218 1254 ventri,
2245 1198 2298 1243 et
2324 1187 2410 1242 his
2432 1202 2552 1256 qua:
2577 1185 2716 1240 infra
2743 1193 2988 1241 ventrem
3019 1194 3178 1250 sunt;
3214 1184 3303 1253 qui
3333 1193 3524 1253 putant

1940 1282 2118 1337 omnia
2145 1288 2321 1336 morte
2350 1279 2515 1346 ﬁniri,
2549 1288 2604 1334 et
2629 1277 2762 1333 nihil
2787 1291 2910 1334 esse
2936 1284 3061 1348 post
3084 1285 3335 1340 mortem,
3357 1284 3414 1330 et
3435 1274 3523 1329 di-

1940 1384 2100 1431 cunt:
2134 1373 2424 1444 Tempestas
2471 1373 2517 1426 si
2565 1371 2840 1439 transierit,
2888 1387 2991 1426 non
3040 1370 3202 1425 veniet
3247 1384 3401 1438 super
3431 1382 3524 1420 nos

1939 1465 2094 1535 (Isai.
2126 1464 2219 1520 28.
2269 1463 2383 1535 15).
2415 1463 2577 1518 Liber
2623 1463 2734 1529 ille,
2777 1477 2938 1533 quem
2980 1460 3248 1531 Propheta
3275 1458 3520 1520 devorat,

1939 1559 2114 1612 omnis
2143 1557 2312 1610 series
2343 1556 2740 1624 Scripturarum
2770 1563 2874 1610 est.
2917 1554 2974 1609 ln
3021 1555 3214 1624 quibus
3255 1562 3310 1608 et
3341 1552 3519 1623 paeni-

1939 1656 2058 1702 tens
2085 1645 2378 1715 plangitur,
2407 1653 2464 1700 et
2481 1645 2660 1714 justus
2683 1645 2917 1708 canitur,
2965 1653 3020 1699 et
3059 1642 3396 1698 maledicitur
3421 1642 3515 1696 de-

1937 1738 2174 1807 sperauti
2198 1735 2294 1808 [ιιι.
2320 1735 2664 1807 desperans.].
2685 1735 2823 1788 Nihil
2843 1735 2914 1789 ita
2929 1743 3191 1804 repugnat
3217 1735 3346 1800 Deo,
3364 1747 3525 1803 quam

1936 1840 2032 1881 cor
2057 1826 2422 1894 imptenitens.
2449 1825 2636 1880 Solum
2661 1825 2867 1880 crimen
2883 1832 2989 1890 est,
3011 1823 3153 1892 quod
3166 1825 3376 1877 veniam
3394 1838 3526 1878 con-

1937 1919 2092 1988 sequi
2122 1931 2228 1972 non
2255 1924 2454 1986 potest.
2485 1915 2543 1972 Si
2571 1916 2715 1970 enim
2756 1917 2807 1972 ei
2851 1916 3144 1986 ignoscitur
3178 1926 3301 1987 post
3328 1906 3557 1987 pecca-'

1936 2018 2073 2073 tum,
2102 2009 2193 2078 qui
2225 2023 2454 2078 peccare
2503 2007 2732 2073 desistit,
2782 2016 2839 2062 et
2864 2007 2955 2063 ille
2980 2007 3147 2064 ﬂectit
3169 2008 3403 2078 judicem
3432 2009 3522 2079 qui

1935 2111 2087 2170 rogat
2113 2119 2126 2154 :
2157 2099 2501 2169 imposnitens
2526 2109 2706 2154 autem
2730 2099 2908 2152 omnis
2932 2101 3000 2153 ad
3031 2100 3361 2155 iracundiam
3389 2116 3520 2170 pro-

1935 2198 2091 2244 vocat
2133 2188 2460 2258 iudicantem
2496 2204 2510 2241 :
2553 2189 2732 2243 solum
2831 2189 3044 2260 1088
3129 2188 3523 2262 desperationis

1935 2282 2138 2336 crimen
2181 2289 2285 2347 est,
2318 2279 2463 2350 quod
2501 2279 2709 2336 mederi
2765 2289 3013 2350 nequeat.
3066 2280 3236 2335 Porro
3280 2289 3341 2334 ut
3382 2283 3521 2337 scias

1933 2372 2103 2427 Deum
2124 2369 2364 2441 quotidie
2382 2377 2694 2441 peccatores
2715 2369 2781 2424 ad
2805 2371 3177 2439 paenitentiam
3194 2385 3514 2441 provocare,

1933 2464 2025 2534 qui
2052 2464 2097 2518 si
2128 2462 2289 2533 rigidi
2333 2461 2689 2532 perstiterint,
2723 2461 2792 2516 de
2819 2463 3089 2517 clemente
3115 2478 3238 2517 eum
3267 2477 3515 2518 severum

1932 2563 1988 2610 et
2025 2563 2230 2610 trucem
2259 2553 2480 2619 faciunt,
2528 2553 2653 2608 audi
2681 2553 2832 2608 Isaia:
2857 2554 3022 2609 verba
3047 2553 3312 2609 dicentis:
3339 2554 3407 2608 Et
3433 2570 3522 2609 vo-

1931 2646 2082 2711 cabit,
2112 2645 2303 2714 inquit,
2327 2643 2578 2698 Dominus
2595 2643 2807 2698 sabaoth
2831 2644 2884 2698 in
2913 2644 2996 2698 die
3017 2645 3108 2699 illa
3139 2644 3217 2716 (d)
3236 2645 3304 2698 ad
3321 2646 3516 2716 ﬂetum,

1930 2746 1980 2792 et
2003 2739 2263 2810 planctum
2282 2753 2543 2808 magnum,
2567 2744 2612 2790 et
2638 2736 3055 2803 decalvationem,
3084 2745 3130 2790 et
3159 2737 3517 2790 accinctionem

1929 2831 2232 2885 ciliciorum.
2261 2830 2376 2900 Ipsi
2395 2846 2510 2884 vero
2533 2833 2758 2899 fecerunt
2784 2828 3016 2882 Iustitiam
3041 2838 3088 2882 et
3111 2827 3513 2884 multationem.

1929 2931 2204 2978 mactantes
2233 2924 2438 2988 vitulos,
2480 2930 2527 2976 et
2553 2922 2874 2976 immolantes
2917 2936 3053 2988 oves,
3101 2930 3156 2976 ut
3199 2920 3521 2976 comederent'

1929 3030 2130 3081 carnes,
2177 3023 2228 3070 et
2277 3013 2498 3068 biberent
2546 3015 2742 3082 uiuum,
2789 3015 3047 3070 dicentes:
3075 3015 3441 3071 Manducemus
3470 3025 3519 3070 et

1931 3109 2174 3173 bibamus,
2203 3124 2316 3162 cras
2349 3109 2482 3162 enim
2504 3109 2778 3162 moriemur
2822 3106 2975 3180 (Isai.
3019 3107 3112 3163 22.
3137 3107 3225 3163 12.
3255 3117 3302 3162 et
3327 3109 3516 3178 seqq.).

1931 3198 2061 3255 Post
2089 3213 2222 3270 quas
2249 3214 2410 3255 voces
2450 3208 2505 3254 et
2553 3199 2779 3270 perdita:
2807 3201 3004 3256 mentis
3033 3200 3338 3266 audaciam,
3369 3200 3517 3256 Scri-

1929 3299 2088 3360 ptura
2116 3299 2525 3354 commemorat,
2554 3289 2761 3346 dicens.
2793 3289 2862 3344 Et
2903 3292 3125 3346 revelata
3167 3301 3287 3348 sunt
3325 3293 3433 3347 haec
3461 3293 3514 3345 in

1929 3382 2138 3436 auribus
2164 3380 2376 3436 Domini
2397 3380 2630 3445 sabaotlt,
2659 3397 2761 3435 non
2785 3381 3070 3436 remittetur
3096 3381 3236 3437 vobis
3265 3383 3359 3437 hoc
3400 3397 3521 3453 pec-

1929 3482 2118 3538 catum,
2150 3473 2309 3527 donec
2333 3474 2624 3528 moriamini
2652 3472 2874 3544 (Ibidem
2894 3491 2941 3528 υ.
2976 3473 3090 3545 11).
3119 3475 3176 3530 Si
3214 3476 3361 3530 enim
3393 3489 3518 3544 pet~

1929 3574 2050 3620 cato
2076 3565 2273 3619 mortui
2312 3563 2538 3632 fuerint,
2583 3572 2710 3640 tunc
2749 3565 2830 3620 eis
2859 3566 3163 3621 remittetur
3210 3577 3514 3636 peccatum.

1928 3655 2083 3722 Quod
2115 3654 2372 3724 quamdiu
2400 3655 2453 3709 in
2485 3664 2708 3724 peccato
2733 3655 2986 3723 vixerint,
3018 3672 3126 3712 non
3151 3657 3462 3714 dimittitur.

1999 3747 2054 3800 4.
2096 3745 2260 3800 Parce
2280 3760 2464 3814 quaeso
2489 3747 2680 3798 anima:
2705 3754 2827 3798 tute.
2855 3746 2924 3814 (ε)
2957 3746 3131 3800 Crede
3155 3748 3244 3800 Dei
3274 3748 3513 3802 futurum

1928 3850 2050 3890 esse
2068 3835 2349 3902 judicium.
2373 3833 2684 3886 Recordare
2713 3847 2744 3886 a
2766 3833 2910 3901 quali
2948 3835 3213 3904 Episcopo
3243 3838 3512 3895 Diaconus

1928 3923 2204 3977 ordinatus
2225 3923 2319 3976 sis.
2342 3920 2452 3976 Nec
2479 3921 2675 3976 mirum
2693 3923 2937 3992 quamvis
2953 3933 3196 3980 sanctum
3214 3925 3513 3996 hominem,

1929 4013 2194 4068 tamenin
2226 4014 2445 4070 homine
2496 4013 2780 4084 deligendo
2829 4017 3071 4085 potuisse
3109 4017 3242 4085 falli,
3296 4035 3418 4076 cum
3463 4031 3519 4078 et

1927 4106 2097 4162 Deum
2127 4107 2402 4177 pmuiteat,
2429 4105 2568 4175 quod
2594 4107 2717 4162 Saul
2749 4107 2805 4163 in
2837 4123 3018 4179 regem
3045 4113 3259 4167 unxerit
3281 4112 3358 4184 (1.
3379 4112 3513 4184 Reg.

1927 4197 2043 4267 15).
2073 4205 2128 4252 et
2156 4198 2210 4251 in
2234 4196 2518 4252 duodecim
2549 4197 2822 4267 Apostolis
2848 4198 3013 4256 Judas
3049 4201 3119 4255 sit
3150 4202 3392 4270 proditor
3419 4218 3513 4258 re-

1927 4295 2140 4358 pertus;
2167 4296 2225 4344 et
2251 4287 2320 4342 de
2345 4287 2614 4358 quondam
2643 4289 2852 4345 ordinis
2891 4291 2966 4344 tui
2996 4289 3304 4348 hominibus
3332 4292 3402 4364 (Ῑ)
3422 4293 3517 4348 Ni-

1991 4420 2070 4491 (tt)
2085 4419 2318 4491 .Rectius,
2343 4419 2844 4491 saltemadﬁrgecnm
2867 4423 3144 4491 exemplar,
3157 4426 3256 4476 duo
3278 4434 3513 4491 praestan-

1926 4481 2099 4548 tissimi
2124 4483 2276 4530 nostri
2290 4481 2493 4548 codices
2514 4481 2565 4548 in
2589 4482 2669 4533 die
2689 4483 2787 4548 illa,
2807 4483 2988 4548 ﬂetum,
3011 4481 3058 4535 et
3092 4481 3338 4548 planctum
3358 4496 3405 4537 et
3429 4490 3516 4539 de-

1927 4542 2237 4592 calvationem
2261 4544 2447 4604 absque
2483 4543 2550 4594 ad
2619 4542 2950 4607 raeposit'ione.
2979 4542 3044 4594 et
3067 4542 3236 4596 vocula
3259 4561 3338 4596 ma

1996 4603 2056 4654 fel
2094 4603 2292 4654 Excusi.
2324 4621 2347 4650 tt
2370 4604 2526 4654 Crede
2562 4559 2656 4654 Ιξεί
2698 4606 2847 4652 ﬁlium
2883 4609 3096 4654 futurum
3131 4619 3244 4654 esse
3278 4559 3374 4654 iugi

1996 4603 2056 4669 (ε)
2094 4603 2292 4662 Excusi,
2324 4621 2347 4650 tt
2368 4603 2526 4675 Crede
2562 4603 2656 4654 Dei
2691 4603 2847 4652 ’ﬁlium
2883 4609 3096 4676 futurum
3131 4619 3244 4676 esse
3253 4603 3508 4712 Judicem.

1925 4663 2203 4736 ﬁesordare
2227 4679 2255 4713 a
2286 4665 2701 4736 quo_Epts_copo,g
2733 4673 2828 4736 etc.
2863 4665 3014 4715 Nobis
3043 4666 3236 4736 placuit.
3299 4681 3507 4736 eronen.

1927 4725 2018 4775 Ms.
2043 4728 2204 4800 sequi,
2231 4725 2474 4798 .ad‘cujus
2508 4725 2652 4776 fidem
2682 4725 2811 4774 haud
2847 4739 2995 4788 pauca
3034 4725 3128 4776 alia
3172 4727 3374 4777 minoris
3403 4743 3509 4779 mo-

1926 4793 2080 4836 menti
2110 4793 2370 4846 exigimus.

1989 4848 2060 4911 (f)
2093 4847 2288 4911 Nicolao
2311 4848 2720 4911 Antiocheno,_ex_
2758 4853 2948 4908 septem
2966 4849 3133 4911 primis
3148 4847 3376 4899 Diaconis
3392 4863 3508 4910 uno,

1925 4907 2170 4972 haeresim
2193 4907 2534 4972 Nicolaitarum
2573 4907 2740 4972 t_rtbuit
2769 4907 3047 4972 constanter
3070 4910 3221 4972 ‘Hier.
3263 4923 3361 4972 quo
3399 4907 3510 4961 cum

1926 4965 2463 5030 faciurnt'l'iertullianus
2483 4967 2547 5016 de
2579 4967 2856 5030 Praescript.
2882 4980 2925 5016 c.
2952 4969 3031 5030 46.
3069 4965 3295 5019 Irenmus'
3316 4968 3353 5018 ι.
3381 4972 3425 5021 1.
3461 4985 3506 5020 c.

1923 5029 2338 5093 g7.__Epipbau_ius
2370 5027 2548 5093 haeres.
2579 5027 2662 5093 25.
2698 5027 2801 5093 etc.
2833 5027 2946 5093 Sed
2971 5029 3192 5093 lgnagus
3213 5031 3418 5093 epistola
3446 5033 3508 5081 ad

1925 5086 2684 5164 {tuliénssvﬁsﬂzAlenus:
2719 5089 2897 5164 δεῖσαι·
2932 5089 2967 5139 ιο
2997 5086 3054 5164 '1:
3074 5086 3506 5164 .E“5°5;.H“9Q‘_‘.°

1925 5149 2052 5215 Hist.
2077 5147 2110 5196 1.
2134 5149 2181 5197 5.
2216 5148 2580 5215 Theodoretus,
2598 5149 2800 5215 aliique,
2827 5164 2940 5199 eum
2975 5152 3172 5215 quidem
3207 5164 3235 5200 a
3257 5147 3508 5203 Nicolaitis

1926 5210 2148 5269 iactatum
2186 5218 2452 5269 auctorem,
2493 5212 2582 5260 sed
2620 5209 2756 5269 falso,
2788 5209 2969 5260 eorum
2993 5209 3257 5262 haereseos
3290 5215 3504 5265 tradunt.

1974 5272 2050 5337 eis
2087 5270 2328 5337 ve_ro_l_oci
2366 5276 2565 5332 praestat
2601 5272 2992 5337 animadvertere
3030 5288 3118 5337 pro
3159 5273 3505 5328 Nicolaitarum

1925 5332 2122 5398 nomine
2143 5333 2192 5380 in
2210 5331 2330 5398 Mss.
2355 5331 2532 5398 magno
2544 5345 2791 5398 consensu
2815 5333 2990 5398 bab_ert
3024 5331 3394 5398 It'eophytorum,
3424 5339 3506 5387 cui

1924 5398 2086 5462 tamen
2111 5392 2307 5462 lectioni
2330 5392 2555 5462 substitui
2581 5393 2881 5462 v_el_im_banc
2903 5394 2933 5444 ἱ
2948 5392 3207 5462 eronensis
3227 5398 3479 5462 archetypi

1923 5462 1964 5502 ο
1996 5453 2229 5503 hetarum.
2251 5453 2373 5502 Nem
2412 5467 2459 5511 e,
2481 5461 2535 5502 ut
2555 5453 2668 5502 alibi
2691 5455 3020 5507 adnotavimus
3041 5459 3091 5507 in
3115 5458 3315 5520 epistola
3341 5453 3469 5508 14ἶέ

1921 5467 2256 5564 l-{t’eliodorum
2284 5513 2336 5562 S.
2362 5467 2674 5564 lgpiohanius.
2702 5515 2880 5564 Auctor
2897 5516 3098 5564 lndiculi
3119 5519 3183 5564 de
3201 5519 3469 5564 Hmresibut

1972 5514 2256 5579 eligdorum,
2284 5513 2336 5562 S.
2362 5513 2674 5579 Epiphanius,
2702 5515 2880 5579 Attctor
2897 5516 3098 5568 lndlculi
3119 5513 3183 5568 d'e
3201 5519 3500 5579 Haresibus,

1958 5577 2008 5641 ui
2031 5575 2327 5641 Hieronymo
2363 5575 2610 5641 tribuitur,
2649 5585 2701 5626 et
2730 5576 2782 5628 S.
2815 5578 3115 5641 Augustinus
3143 5581 3320 5630 haeresi
3357 5583 3432 5632 17.
3471 5575 3502 5629 a

1968 5637 2406 5702 icolaitis_0pbitas
2439 5637 2701 5702 deducunt,
2734 5655 2757 5685 tt
2785 5645 2845 5702 et
2867 5637 2957 5702 per
2994 5655 3164 5691 eorum
3197 5642 3412 5694 fabulosa
3442 5641 3499 5690 lla

1923 5706 2123 5762 gmenta
2144 5698 2204 5749 ad
2227 5697 2476 5750 colubrum
2497 5699 2753 5750 colendum
2779 5697 2929 5750 fuisse
2955 5710 3267 5763 perventum.
3286 5721 3310 5752 ι

3409 4563 3508 4598 um.
3605 4605 3609 4609 ,
