3986 6184
74 346 248 404 Vide
274 352 516 417 quanta
541 345 684 402 inter
706 344 802 400 has
825 345 939 400 vias
958 341 1225 413 separatio
1247 338 1339 408 sit,
1369 343 1736 407 quantumque

69 440 470 496 discrimen.
499 437 591 494 Illa
616 437 682 494 ad
709 445 932 493 mortem
953 477 969 503 ,
1001 435 1118 490 haec
1144 431 1314 489 tendit
1336 430 1404 485 ad
1429 429 1610 493 vitam.
1639 427 1736 482 Illa

76 533 162 602 (α)
195 532 557 588 celebratur
579 539 632 586 et
658 530 844 584 teritur
872 545 899 582 a
933 528 1132 592 multis,
1167 526 1280 580 haec
1303 523 1389 577 vix
1419 519 1685 582 invenitur
1704 535 1735 574 a

72 630 329 695 paucis.
371 625 480 680 Illa
508 624 651 683 enim
681 623 822 677 vitiis
850 638 943 692 per
971 618 1428 680 consuetudinem,
1457 612 1610 684 quasi
1639 612 1734 665 tle-

78 719 310 772 elivior
347 732 428 786 ac
461 717 690 779 mollior,
709 725 761 771 et
779 717 920 770 velut
949 712 1262 784 quibusdam
1287 722 1496 764 animus
1515 705 1733 760 ﬂoribus

73 809 482 876 immutatum
514 806 664 862 facile
690 805 754 859 ad
783 820 840 867 se
869 805 1002 876 rapit
1028 801 1442 858 conuueantium
1489 796 1730 850 multitu-

75 900 293 954 dinem
335 915 352 950 :
387 898 520 954 haec
564 912 692 952 vero
740 897 944 952 insueto
1021 894 1229 967 1101
1305 890 1436 960 calle
1479 889 1729 944 virtutum

79 991 328 1046 tristior
361 1001 540 1060 atque
569 989 835 1058 horridior
865 1008 877 1042 :
909 987 975 1040 ab
1000 985 1082 1040 his
1115 994 1318 1052 tantum
1352 982 1583 1050 eligitur,
1613 979 1730 1048 qui-

79 1084 195 1138 bus
231 1099 363 1137 non
403 1092 524 1150 tant
551 1080 833 1153 delectatio
864 1079 1064 1142 itineris
1089 1077 1238 1133 cordi
1267 1084 1369 1140 est,
1399 1089 1555 1143 quam
1588 1070 1731 1125 utili-

83 1187 170 1230 tas
233 1158 590 1232 mansionis.
639 1177 896 1243 Asperam
942 1172 1081 1234 enim
1127 1169 1321 1238 nobis,
1359 1175 1412 1246 et
1457 1167 1728 1222 insuavem

77 1267 390 1320 virtutum
426 1267 594 1330 viam,
619 1266 780 1319 nimia
812 1264 937 1318 facit
965 1263 1210 1320 vitiorum
1235 1258 1586 1322 consuetudo,
1612 1271 1730 1326 quae

80 1360 127 1413 si
167 1361 227 1413 in
269 1367 509 1428 partem
536 1359 758 1414 alteram
791 1355 1157 1417 transferatur,
1183 1354 1250 1423 (b)
1274 1353 1570 1415 invenietur,
1595 1351 1732 1404 sicut

81 1453 413 1518 Scriptura
449 1453 787 1518 dicit,semita
807 1451 1022 1521 justitite
1043 1448 1178 1502 larvis
1199 1446 1376 1516 (Prov.
1397 1446 1558 1502 2.20.
1577 1445 1731 1516 juxta

37 1585 56 1623 λ
85 1543 314 1613 LXX).
372 1545 653 1598 Ponamus
682 1558 807 1611 ergo
831 1541 939 1612 jam
971 1541 1231 1594 rationem
1263 1539 1385 1594 vita:
1413 1547 1609 1592 nostrae
1629 1577 1644 1601 ,
1677 1545 1733 1592 et

85 1653 192 1707 per
236 1651 431 1705 quam
485 1635 816 1698 potissimum
857 1627 1167 1700 gradiantur
1204 1629 1375 1694 viam,
1406 1627 1729 1682 conscientia

93 1741 244 1784 teste
277 1729 600 1781 discamus.
629 1724 798 1780 Omne
821 1724 961 1776 enim
991 1720 1133 1790 quod
1160 1722 1559 1789 agimus,omne
1586 1717 1728 1786 quod

90 1821 430 1889 loquimur,
464 1824 554 1884 aut
579 1816 644 1869 de
674 1815 798 1877 lata,
835 1821 923 1866 aut
948 1812 1015 1866 de
1039 1819 1260 1878 angusta
1289 1809 1373 1860 via
1396 1818 1500 1862 est.
1525 1809 1578 1864 Si
1607 1821 1724 1860 cum

94 1913 305 1983 paucis
359 1918 654 1977 angustum
685 1907 783 1960 iter
808 1912 863 1959 et
891 1903 1136 1958 subtilem
1164 1899 1449 1970 quamdam
1480 1898 1724 1952 semitam

95 2004 442 2057 invenimus
469 2041 484 2065 ,
531 1998 597 2053 ad
642 1997 800 2050 vitam
847 1994 1134 2050 tendimus.
1177 1990 1234 2048 Si
1274 2006 1401 2048 vero
1441 1989 1724 2050 multorum

101 2096 464 2150 comitamur
486 2091 646 2154 viam,
673 2086 964 2142 secundum
993 2084 1200 2144 Domini
1228 2081 1562 2144 sententiam,
1587 2081 1727 2134 imus

100 2187 168 2242 ad
204 2193 510 2239 mortem-

180 2280 248 2344 lt
267 2319 279 2330 .
319 2277 382 2330 Si
421 2287 554 2342 ergo
581 2270 706 2326 odio
727 2277 888 2336 atque
912 2266 1105 2322 invidia
1134 2261 1491 2336 possidemur.
1514 2261 1557 2314 si
1583 2260 1732 2328 cupi-

103 2370 268 2426 ditati
323 2375 387 2421 et
436 2363 675 2427 avaritia:
719 2360 987 2427 cedimus,
1039 2358 1081 2428 si
1127 2355 1409 2426 praesentia
1450 2351 1727 2414 commoda

108 2461 323 2525 futuris
373 2455 717 2527 prmferimus
747 2470 760 2508 :
790 2467 885 2521 per
919 2449 1206 2518 spatiosum
1241 2445 1377 2510 viam
1410 2443 1724 2498 incedimus.

110 2551 409 2612 “alienius
438 2547 583 2602 cnim
608 2544 674 2610 ad
699 2544 812 2610 lucc
837 2542 1088 2597 comitum
1117 2535 1529 2600 multitudinem,
1549 2544 1602 2588 et
1623 2534 1727 2589 late

112 2643 385 2708 similium
439 2639 703 2709 stipamur
740 2633 1056 2705 agminibus.
1105 2629 1161 2686 Si
1194 2626 1518 2692 iracundiam
1549 2625 1726 2679 libidi-

115 2749 365 2806 nemque
397 2713 622 2802 explere
649 2729 911 2791 volumus,
942 2726 986 2779 si
1013 2721 1262 2792 injuriam
1288 2719 1615 2776 vindicamus
1634 2716 1723 2782 [aL

115 2827 436 2898 vindicare],
464 2823 510 2877 si
534 2818 865 2888 maledicenti
891 2814 1339 2879 remaledicimus,
1361 2821 1414 2876 et
1443 2810 1724 2876 adversum

119 2919 416 2986 inimicum
449 2916 666 2986 inimico
691 2913 869 2982 animo
893 2924 1077 2965 sumus
1096 2949 1113 2975 .
1141 2922 1292 2975 teque
1320 2920 1440 2962 cum
1487 2905 1724 2974 pluribus

120 3009 372 3082 ferimur.
409 3006 474 3060 Si
505 3006 588 3060 vel
614 3003 892 3064 adulamur
913 3002 1030 3072 ipsi,
1055 3001 1139 3054 vel
1165 2999 1472 3064 adulantem
1499 2996 1724 3050 libenter

121 3102 403 3166 audimus,
437 3098 484 3154 si
533 3097 598 3166 (ε)
644 3110 831 3151 verum
877 3095 1057 3148 dicere
1093 3092 1260 3162 gratia
1306 3089 1640 3158 impedimur,
1671 3095 1727 3142 et

121 3195 294 3270 magis
351 3188 633 3262 offendere
671 3187 876 3240 animos
924 3186 1196 3256 hominum
1251 3182 1530 3250 timemus,
1565 3193 1724 3250 quam

128 3299 234 3367 non
273 3298 347 3362 te;
395 3280 580 3356 animo
625 3277 799 3352 loqui;
830 3276 896 3356 de
936 3277 1220 3349 multorum
1252 3274 1379 3332 item
1408 3273 1490 3346 via
1519 3285 1722 3344 sumus.

127 3365 228 3448 'l‘ot
268 3371 450 3442 nostri
492 3379 615 3442 sunt
653 3370 817 3442 socii,
850 3376 980 3440 quot
1022 3367 1260 3438 extranei
1305 3365 1564 3438 veritatis.
1598 3366 1667 3432 At
1694 3379 1726 3420 e

131 3463 428 3540 contrario,
459 3463 533 3534 (μ)
557 3462 601 3534 si
624 3461 690 3537 ab
717 3461 799 3532 bis
825 3461 1069 3526 omnibus
1093 3459 1234 3530 vitiis
1256 3473 1438 3524 sumus
1463 3457 1722 3536 extranei,

133 3558 176 3611 si
207 3571 404 3626 purum
428 3570 492 3628 ac
516 3556 737 3628 liberum
763 3555 998 3610 animum
1027 3562 1358 3623 prtestamus,
1382 3562 1437 3608 et
1464 3552 1607 3618 omni
1635 3567 1728 3608 cu-

136 3647 359 3715 piditate
386 3646 590 3714 calcata
611 3687 626 3714 ,
657 3646 788 3720 solis
817 3645 1092 3712 studemus
1122 3645 1313 3706 divites
1352 3658 1472 3699 esse
1514 3643 1724 3697 virtuti-

136 3736 237 3807 bus
271 3756 286 3789 ί
321 3754 421 3809 per
451 3748 729 3810 angustam
765 3739 900 3794 viam
931 3738 1172 3806 nitimur.
1203 3736 1554 3804 Conversatio
1581 3735 1726 3792 enim

137 3809 235 3898 ista
271 3809 568 3902 paucorum
598 3837 698 3882 est.
741 3827 940 3898 Estque
983 3842 1254 3900 perrarum
1284 3839 1443 3898 atque
1475 3825 1723 3891 difficile,

141 3916 364 3992 idoneos
417 3917 572 3982 hujus
618 3917 823 3968 itineris
858 3916 1079 3968 comites
1109 3917 1362 3982 reperire.
1400 3915 1536 3982 Quin
1567 3916 1725 3978 etiam

105 3991 289 4064 ‘multi
337 3998 442 4064 hac
485 4007 563 4070 ire
610 4021 669 4062 se
714 4006 1083 4080 sin‘iulant,’et
1123 4020 1216 4083 per
1243 4006 1457 4066 diversa
1484 4021 1727 4061 errorum

145 4097 479 4163 diverticula,
504 4097 568 4150 ad
590 4097 729 4150 viam
750 4095 1102 4151 multitudinis
1120 4106 1475 4152 revertuntur.
1500 4097 1729 4168 Ideoque

147 4189 436 4258 timendum
469 4197 572 4253 est,
603 4202 670 4241 ne
699 4201 833 4258 quos
863 4173 1024 4240 duces
1053 4188 1179 4240 recti
1212 4186 1368 4255 hujus
1397 4187 1604 4241 itineris
1637 4171 1730 4242 ha-

149 4277 270 4346 bere
297 4265 393 4332 nos
418 4276 690 4332 credimus
719 4294 730 4330 :
761 4291 853 4330 eos
882 4280 1105 4332 comites
1137 4276 1424 4331 habeamus
1454 4278 1675 4350 erroris.

217 4355 295 4444 l2.
338 4353 392 4431 Si
443 4370 604 4440 igitur
635 4351 998 4424 inveniuntur
1035 4369 1313 4437 exempla,
1345 4385 1464 4439 qua:
1495 4384 1591 4426 nos
1637 4385 1730 4442 per

154 4447 280 4515 hanc
317 4447 514 4517 ducant
556 4461 733 4525 viam,
783 4469 836 4515 ct
885 4469 1087 4516 rectum
1138 4461 1411 4532 Evangelii
1463 4463 1726 4518 tramitem

154 4560 376 4632 teneant,
403 4554 676 4621 sequenda
699 4561 840 4620 sunt.
869 4552 959 4608 Sin
991 4568 1119 4608 vero
1147 4569 1208 4609 ea
1236 4554 1322 4607 vel
1346 4553 1619 4618 deficiunt,
1645 4555 1729 4609 vel

159 4631 373 4708 deficere
395 4647 1066 4716 pulanlur,Apnstolorum
1085 4645 1254 4701 forma
1335 4648 1542 4722 1102
1617 4649 1726 4702 uni.

159 4739 310 4792 versis
336 4740 611 4810 proposita
642 4748 742 4818 est.
791 4737 993 4814 Clamat
1033 4753 1126 4800 vas
1167 4739 1446 4818 electionis
1496 4739 1724 4818 Paulus,

164 4838 347 4896 nosque
376 4830 528 4899 quasi
562 4829 626 4884 ad
653 4811 932 4899 angustum
965 4829 1063 4883 hoc
1092 4829 1191 4885 iter
1215 4809 1544 4896 convocans,
1568 4809 1726 4886 (liciti

161 4909 429 5000 Imitatorcs
458 4921 560 4974 mei
587 4931 774 5000 estote,
805 4920 935 4973 sicut
966 4927 1010 4973 et
1041 4935 1132 4996 ego
1163 4919 1349 4974 Christi
1379 4921 1454 4992 (1.
1487 4921 1604 4974 Cor.
1638 4922 1723 4980 ll.

168 5005 229 5084 ἢ).
257 4994 398 5065 Certe
427 5013 570 5090 quod
614 4994 695 5066 est
732 5013 960 5084 amplius
987 4994 1270 5090 omnibus,
1301 5012 1466 5080 ipsius
1512 5013 1725 5068 Domini

167 5099 346 5156 relucet
374 5104 708 5174 exemplum,
737 5103 826 5174 qui
871 5105 923 5158 in
972 5103 1261 5174 Evangelio
1308 5104 1419 5156 ait:
1457 5101 1632 5156 Venite
1659 5103 1728 5157 ad

232 5269 293 5397 [αὶ
325 5278 410 5327 Alii
433 5280 549 5330 Mss.
576 5279 843 5330 celebratur
866 5293 898 5329 a
930 5277 1146 5342 pluribus
1165 5314 1179 5337 ,
1220 5282 1263 5328 ct
1287 5283 1473 5328 tenetur
1495 5292 1526 5328 a
1548 5277 1726 5328 multis.

232 5337 273 5394 Ut
326 5339 456 5391 LXX.
505 5355 654 5397 om
696 5354 740 5392 ειν
779 5355 922 5397 τρίβους
952 5349 1178 5397 sagacem
1216 5353 1344 5397 mag,
1388 5340 1726 5389 «invenissent

226 5337 293 5404 μ’)
505 5355 654 5406 ὤνησαν
696 5354 740 5392 ἂν
779 5337 1178 5406 culpave-dinumerare;
1216 5353 1344 5398 λιὶας,
1367 5358 1408 5406 -ι
1429 5340 1730 5406 invenissent

178 5401 328 5462 utique
349 5401 759 5464 semitas'justitite
789 5401 955 5452 lieves.
978 5419 1000 5448 ι
1067 5403 1192 5453 Olim
1227 5411 1332 5450 erat
1365 5403 1412 5449 in
1446 5401 1732 5464 quibusdam

34 5499 39 5522 ι
180 5464 410 5531 ιιῖιριυιξξᾷδ
432 5481 452 5506 α
469 5467 697 5531 invenies
710 5468 928 5531 semitam
955 5465 1148 5531 iustitia}
1173 5466 1352 5531 levem.
1371 5479 1393 5507 υ

34 5515 40 5588 ᾇ
157 5555 190 5590 εν
231 5515 306 5590 (c)__
330 5522 627 5574 Cistercieus.
651 5527 744 5590 ‘Ms.
770 5515 966 5590 duoque'
1005 5528 1123 5576 editi
1170 5527 1247 5575 «εἰ
1270 5538 1388 5575 vero
1413 5525 1616 5588 gratiam
1639 5525 1730 5572 im-

151 5579 414 5648 jpenditnus
431 5618 444 5639 ,
462 5594 517 5648 et
538 5587 690 5648 magis
703 5603 725 5632 υ
757 5595 851 5637 etc.

235 5638 306 5714 (tt)
336 5638 505 5696 Vocula
546 5638 645 5698 his”
663 5662 819 5711 penes
854 5649 1075 5714 Martian.
1109 5649 1315 5714 deerat;
1353 5657 1457 5703 tum
1490 5661 1616 5700 unus
1637 5646 1728 5710 Ms.-

183 5707 306 5754 vacta'
319 5717 470 5758 suam
492 5722 578 5774 pro
597 5707 764 5764 attritus
784 5711 1023 5764 extranei.

1463 217 1792 288 EPlSTOLA
1825 219 2103 290 CXLVIII.

3279 241 3422 308 mo

1853 352 2026 392 omnes
2037 337 2126 409 qui
2141 337 2380 397 laboratis
2401 349 2449 398 et
2471 347 2665 408 onerati
2683 347 2818 412 estis,
2837 356 2888 402 et
2905 363 2997 418 ego
3018 348 3094 422 (φ)
3111 353 3421 424 requiescere

1846 428 2031 498 faciam
2055 448 2160 488 vos.
2198 431 2378 489 Tollite
2397 437 2582 508 jugum
2607 455 2772 494 meum
2793 455 2948 508 super
2974 456 3080 502 vos,
3111 452 3157 495 ct
3187 425 3419 508 discitea

1845 539 1923 578 me
1942 565 1954 589 ,
1979 527 2096 594 quia
2122 527 2256 582 mitis
2275 544 2386 582 sum
2405 568 2420 595 ,
2453 538 2497 584 et
2523 529 2729 586 humilis
2776 531 2928 586 corde
2970 530 3178 603 (Matth.
3206 534 3295 590 ll.

1842 615 1956 684 29).
1991 616 2044 672 Si
2074 620 2426 687 periculosum
2458 631 2542 676 est
2572 623 2761 677 imitari
2790 623 2930 689 illos,
2955 623 3021 678 de
3047 625 3237 692 quibus
3257 626 3419 692 ,dubi-

1843 715 1922 762 tas
1966 724 2031 762 an
2080 709 2319 766 imitandi
2358 712 2462 766 sint
2489 729 2501 766 :
2531 714 2673 769 hunc
2701 725 2845 770 certe
2876 715 3066 768 imitari
3096 717 3414 786 tutissimum

1841 808 1954 864 est,
1987 811 2144 870 atque
2182 803 2296 872 ejus
2341 805 2558 874 vestigia
2596 807 2781 874 sequi,
2815 808 2902 877 qui
2954 806 3088 861 dixit
3116 827 3128 859 :
3161 807 3270 879 Ego
3299 827 3410 865 sum

1839 892 1938 955 via,
1973 895 2174 958 veritas,
2205 904 2248 947 et
2278 895 2378 949 vita
2406 895 2586 966 (Joan.
2619 898 2702 958 H.
2734 896 2814 968 6).
2845 896 3124 966 Nunquam
3153 901 3295 966 enim
3324 916 3413 955 er-

1839 993 1941 1051 rat,
1969 987 2056 1053 qui
2086 989 2323 1057 sequitur
2351 990 2646 1044 veritatem.
2680 990 2833 1052 Unde
2859 999 2914 1046 et
2940 991 3229 1061 Apostolus
3254 994 3419 1049 Joan-

1838 1090 1934 1132 nes
1955 1077 2028 1135 ait
2057 1094 2069 1130 :
2101 1077 2201 1142 Qui
2229 1079 2349 1131 dicit
2379 1095 2430 1134 se
2458 1082 2509 1136 in
2540 1080 2737 1154 Christo
2761 1098 2982 1147 manere,
3007 1083 3150 1142 debet
3171 1085 3299 1137 sicut
3326 1085 3414 1152 ille

1839 1169 2132 1235 ambulavit,
2160 1181 2206 1223 et
2235 1173 2342 1240 ipse
2369 1173 2626 1228 ambulare
2659 1173 2736 1246 (l.
2759 1173 2920 1230 Joatt.
2943 1174 2998 1232 2.
3027 1177 3103 1246 6).
3136 1177 3202 1234 Et
3229 1177 3416 1234 beatus

1838 1257 2026 1320 Petrus
2056 1262 2128 1313 ait
2153 1278 2166 1314 :
2197 1260 2424 1326 Christus
2454 1280 2546 1332 pro
2577 1264 2720 1318 nobis
2748 1283 2927 1336 passus
2952 1277 3023 1322 est
3045 1306 3058 1328 ,
3092 1268 3227 1326 vobis
3257 1268 3414 1321 relin-

1838 1366 1991 1417 quens
2018 1352 2321 1418 exeiuplum,
2350 1364 2404 1406 ut
2429 1355 2708 1425 sequamini
2735 1358 3070 1426 vestigiaequ
3093 1373 3110 1411 .'
3130 1359 3218 1427 qui
3244 1375 3416 1428 pecca-

1837 1453 1943 1512 tum
1967 1462 2067 1504 non
2098 1447 2209 1518 fecit
2230 1488 2245 1513 ,
2287 1464 2376 1500 nec
2405 1459 2476 1500 est
2506 1449 2735 1508 inventus
2761 1449 2910 1504 dolus
2948 1451 3000 1514 in
3035 1467 3121 1503 ore
3147 1451 3277 1518 ejus.
3311 1451 3410 1517 Qui

1837 1553 1950 1616 cunt
1991 1537 2392 1600 malediceretur,
2436 1555 2535 1596 non
2576 1539 2944 1596 maledicebat:
2972 1557 3086 1602 cum
3129 1551 3404 1611 pateretur,

1837 1647 1936 1684 non
1958 1629 2378 1684 comminabatur.
2402 1630 2653 1685 Tradebat
2675 1644 2840 1685 autem
2852 1632 3113 1702 judicanti
3137 1649 3190 1687 se
3208 1635 3416 1703 injuste.

1841 1721 1938 1786 Qui
1969 1732 2170 1791 peccata
2199 1733 2370 1778 nostra
2389 1764 2404 1786 ,
2431 1723 2541 1791 ipse
2569 1723 2780 1790 pertulit
2819 1725 2872 1775 in
2900 1739 3111 1792 corpore
3137 1739 3227 1780 suo
3259 1739 3412 1791 super

1836 1812 2029 1879 lignum
2047 1852 2062 1874 ,
2089 1820 2141 1863 ut
2169 1813 2387 1879 peccatis
2415 1815 2636 1878 mortui,
2657 1815 2875 1882 justitia:
2904 1814 3128 1875 vivamus
3162 1815 3238 1885 (l.
3267 1815 3414 1869 Petr.

1833 1901 1888 1958 2.
1918 1902 2010 1956 21.
2035 1912 2080 1956 ει
2110 1902 2294 1972 seqq).

1908 1995 1994 2050 15.
2033 1992 2218 2048 Cesset
2262 1995 2434 2048 munis
2476 1995 2750 2050 excusatio
2794 2010 3073 2062 errorum,
3104 1996 3416 2054 auferantur

1835 2085 2084 2152 peceandi
2117 2082 2257 2138 foeda
2285 2083 2493 2137 solatia.
2525 2083 2668 2137 Nihil
2703 2085 2924 2140 omnino
2949 2086 3178 2154 agimus,
3202 2089 3292 2155 qui
3316 2103 3416 2144 nos

1837 2188 1932 2241 per
1957 2173 2309 2226 multitudinis
2337 2175 2576 2241 exempla
2608 2173 2964 2239 defendimus,
2995 2184 3048 2230 et
3073 2177 3140 2234 ad
3167 2179 3415 2234 consola-

1838 2263 2034 2330 tionem
2055 2271 2309 2327 nostram,
2331 2262 2503 2318 aliena
2527 2278 2670 2333 saepe
2695 2277 3036 2322 numerantes
3059 2263 3202 2330 vitia,
3227 2267 3416 2323 deesse

1836 2353 1990 2418 nobis
2017 2353 2264 2420 dicimus,
2286 2369 2420 2423 quos
2443 2354 2731 2412 debeamus
2758 2357 2930 2426 sequi.
2963 2359 3042 2412 Ad
3067 2359 3207 2414 illius
3232 2376 3417 2416 exem-

1835 2447 1981 2517 plum
2030 2447 2305 2514 mittimur,
2348 2463 2507 2515 quem
2555 2463 2742 2504 omnes
2792 2450 3023 2508 fatemur
3071 2452 3413 2509 imitandum.

1833 2541 2005 2609 Atque
2035 2539 2155 2594 ideo
2188 2539 2451 2608 praecipua
2483 2540 2574 2596 tibi
2604 2556 2737 2597 cura
2764 2543 2852 2610 sit,
2884 2544 3052 2613 legem
3087 2561 3246 2601 nosse
3277 2547 3416 2603 divi-

1835 2648 1956 2694 nam
1983 2648 1998 2687 :
2027 2647 2120 2702 per
2148 2647 2305 2701 quam
2333 2634 2405 2702 (ι’)
2441 2634 2614 2702 possis
2636 2674 2651 2698 ,
2680 2636 2832 2704 quasi
2876 2638 3158 2705 praesentia
3190 2653 3412 2696 cernere

1833 2726 2074 2794 exempla
2111 2733 2416 2780 sanctorum
2447 2742 2459 2778 :
2492 2725 2618 2795 quid
2649 2725 2946 2782 faciendum
2975 2729 3066 2792 sit,
3101 2729 3294 2800 quidve
3319 2730 3401 2786 vl-

1833 2818 2048 2874 tandum
2069 2858 2084 2879 ,
2118 2816 2257 2876 illius
2285 2816 2506 2871 consilio
2533 2816 2676 2872 disce
2709 2817 2801 2881 [.il.
2828 2817 3071 2883 discere].
3120 2818 3408 2876 Maximum

1831 2910 1973 2966 enim
2013 2908 2079 2963 ad
2115 2908 2374 2978 justitiam
2400 2909 2652 2966 auxilium
2676 2950 2690 2976 ,
2720 2917 2802 2966 est
2830 2909 3052 2979 implere
3077 2911 3271 2969 divinis
3295 2915 3413 2969 elo-

1831 3005 1969 3075 quiis
2013 3002 2248 3058 animum
2270 3043 2286 3067 ,
2315 3011 2369 3056 et
2393 3001 2532 3070 quod
2559 3016 2722 3072 opere
2747 3002 2939 3072 exequi
2965 3003 3172 3072 cupias,
3202 3020 3418 3076 semper

1831 3095 1992 3152 corde
2018 3093 2285 3149 meditari.
2318 3094 2457 3148 Rudi
2484 3093 2657 3149 adhuc
2686 3095 2900 3164 populo,
2933 3104 2987 3168 et
3014 3096 3318 3154 hominibus
3345 3099 3415 3154 ad

1831 3186 2185 3244 obedientiam
2233 3185 2495 3250 insuetis,
2529 3200 2623 3254 per
2665 3185 2883 3258 Moysen
2925 3186 3219 3256 imperatur
3247 3203 3276 3241 a
3309 3189 3415 3243 Do-

1830 3280 1998 3344 mino,
2031 3287 2085 3334 ut
2113 3279 2165 3333 in
2195 3278 2408 3349 signum
2439 3279 2739 3343 memoriae,
2769 3293 2872 3348 qua
2903 3288 3169 3349 praecepta
3202 3279 3416 3334 Domini

1831 3369 2210 3426 recordentur:
2232 3369 2307 3440 (g)
2335 3384 2429 3438 per
2443 3368 2677 3438 singulas
2695 3368 3131 3424 vestimentorum
3156 3368 3414 3436 fimbrias,

1833 3461 2062 3524 habeant
2106 3476 2224 3518 cum
2268 3475 2430 3516 cocco
2479 3460 2806 3532 hiacyntliini
2837 3461 3036 3516 coloris
3064 3462 3326 3531 insignia,
3358 3469 3419 3516 ut

1831 3555 1989 3610 etiam
2017 3569 2144 3608 casu
2183 3552 2286 3608 huc
2316 3553 2546 3622 illucque
2573 3553 2984 3621 respicientibus
3022 3554 3224 3619 oculis,
3259 3569 3416 3608 man-

1832 3645 2073 3710 datorum
2119 3644 2419 3698 caelestium
2468 3643 2725 3700 memoria
2775 3654 3044 3700 nascatur.
3095 3643 3170 3700 De
3217 3645 3412 3713 quibus

1833 3735 2054 3790 fitubriis
2084 3734 2335 3790 Pharismi
2367 3734 2759 3802 redarguuntur
2779 3749 2811 3787 a
2835 3734 3059 3788 Domino
3081 3733 3295 3803 (Matth.
3321 3735 3414 3790 25.

1832 3827 1901 3896 5)
1923 3867 1939 3890 ,
2021 3825 2230 3895 1103
2302 3823 2444 3891 quod
2475 3839 2565 3876 eas
2592 3837 2849 3890 perverso
2875 3837 3006 3887 usu,
3038 3839 3141 3876 non
3173 3827 3238 3877 ad
3267 3839 3415 3879 com-

1833 3916 2177 3970 monitionem
2206 3920 2594 3981 praeceptorum
2621 3911 2742 3976 dei,
2779 3911 2872 3966 sed
2903 3914 2969 3967 ad
2995 3915 3411 3972 ostentationem

1834 4005 1913 4058 sui
1944 4003 2141 4059 habere
2169 4003 2450 4072 cmperint,
2486 4011 2542 4056 ut
2565 4003 2768 4058 scilicet
2798 4003 2948 4072 quasi
2974 4003 3040 4059 de
3070 4005 3286 4073 majoris
3312 4007 3414 4062 ob-

1835 4096 2150 4153 servationis
2184 4096 2473 4165 diligentia,
2507 4097 2677 4150 sancti
2709 4111 2738 4150 a
2768 4098 2964 4166 populo
2989 4097 3378 4165 judicarenlur.

1909 4188 1995 4251 14.
2038 4186 2155 4243 Tibi
2182 4201 2309 4241 vero
2337 4187 2568 4242 servanti
2599 4201 2705 4244 non
2748 4186 2856 4256 jam
2889 4187 3080 4258 littera:
3108 4201 3372 4260 precepta
3394 4229 3411 4257 ,

1835 4277 1928 4348 sed
1958 4278 2174 4347 spiritus
2195 4319 2208 4339 .
2237 4276 2537 4338 divinorum
2567 4275 2936 4332 mandatorum
2966 4280 3224 4332 meritoria
3255 4280 3415 4349 spiri-

1836 4368 2050 4436 tualiter
2073 4366 2365 4426 excolenda
2394 4376 2496 4430 est.
2519 4367 2618 4425 Cui
2641 4384 2746 4424 non
2769 4377 2874 4426 tam
2903 4361 3214 4438 frequenter
3235 4385 3418 4426 recor-

1835 4462 2005 4518 danda
2031 4470 2155 4517 sunt
2186 4470 2447 4532 praecepta
2480 4461 2686 4528 Domini
2710 4503 2726 4528 ,
2751 4477 2908 4530 quam
2938 4475 3148 4530 semper
3177 4463 3418 4530 cogitan-

1835 4556 1919 4614 da.
1966 4555 2081 4610 Sitit
2127 4569 2254 4624 ergo
2297 4554 2490 4610 divinae
2531 4552 2821 4622 Scriptum:
2849 4567 3060 4627 semper
3090 4551 3143 4606 in
3171 4553 3418 4608 manibus

1837 4649 1972 4714 tuis,
2005 4657 2059 4702 et
2098 4645 2293 4716 jugiter
2332 4653 2511 4702 mente
2551 4644 2850 4700 volvantur.
2897 4640 3006 4697 Nec
3031 4639 3282 4700 sufficere
3321 4642 3416 4698 tibi

1900 4847 1970 4919 (ti)
2004 4848 2101 4919 ὲιίί
2127 4847 2250 4916 ﬁdi“.
2266 4843 2648 4919 '6ﬁ‘?“"?.%'9‘_~-_
2671 4914 2713 4919 __
2728 4873 2946 4919 mam;

1899 4901 1969 4972 (ἡ
2007 4911 2102 4972 Pro
2124 4907 2275 4968 possis
2297 4901 2651 4972 Cistercienses
2671 4901 3140 4972 membranaaputes.

2006 4971 2100 5017 Pr,J
2125 4960 2284 5015 'cocco
2319 4965 2522 5017 Cisterc.
2681 4969 2774 5031 toto
2795 5002 2808 5019 ,
2848 4962 2930 5031 alii
2968 4960 3112 5031 tota!_
3143 4960 3224 5010 vel
3259 4966 3418 5031 "Mm

1835 5023 2016 5081 vitiose
2039 5041 2208 5077 omnes
2227 5063 2242 5086 ,
2265 5036 2318 5076 ut
2340 5034 2486 5089 puto;
2512 5025 2627 5087 quid
2653 5026 2780 5073 enim
2805 5024 2862 5072 ad
2879 5036 2987 5089 rem
3010 5023 3344 5089 faciteoccus,
3368 5030 3420 5089 ut

1834 5092 1898 5148 de
1925 5093 2011 5140 hac
2035 5084 2234 5152 tantum
2249 5084 2366 5140 voce
2389 5084 2542 5152 dit-ani
2560 5124 2572 5147 ,
2608 5099 2751 5152 quam
2777 5085 3040 5152 praeferunt
3063 5084 3181 5135 editi
3206 5087 3420 5136 omnes?

1835 5153 1934 5202 Sed
1961 5160 2012 5200 ut
2035 5149 2281 5212 intelligas
2319 5157 2474 5212 totum
2504 5149 2632 5197 hunc
2669 5149 2825 5212 locum
2862 5160 2974 5196 esse
3007 5154 3284 5212 corruptum
3303 5186 3316 5205 ,
3342 5161 3420 5212 pne

1833 5215 1934 5279 duo
1953 5213 2151 5279 quidem
2183 5207 2438 5279 sutit__llss.
2477 5208 2784 5279 exemplaria
2806 5243 2821 5267 ,
2866 5221 2976 5270 quae
3013 5207 3187 5279 iisdem
3223 5210 3419 5258 omnino

1833 5271 2000 5325 verbis
2038 5274 2220 5334 legant.
2290 5271 2785 5334 Cistercieusequod
2829 5283 2977 5334 unum
3013 5271 3237 5332 profero:
3292 5285 3418 5333 «per

1837 5332 2182 5386 extremitates
2201 5336 2600 5385 vestimentorum
2618 5332 2827 5395 liuibrias
2851 5333 3078 5395 habeant,
3112 5344 3295 5395 easque
3319 5332 3420 5384 toto

1835 5398 2097 5460 hyacnnini
2137 5397 2312 5460 caloris
2354 5395 2618 5458 insignia.»
2685 5394 2832 5460 Cujus
2877 5393 3100 5460 lectionis
3137 5393 3248 5460 cum
3288 5397 3423 5458 prius

1838 5455 2022 5510 eou‘ima
2047 5460 2189 5508 editis
2212 5458 2359 5520 longe
2385 5455 2636 5520 praeturam
2657 5494 2680 5520 ,Α
2717 5455 2925 5520 alterum
2964 5455 3122 5520 malim
3152 5457 3233 5520 sic
3251 5455 3420 5520 emen-

1837 5521 1956 5574 dare
1969 5535 2030 5570 ex
2047 5521 2269 5582 ingenio:
2296 5515 2469 5582 Easque
2485 5517 2632 5582 {iocre
2662 5515 2925 5582 Ityacintim'
2963 5515 3133 5572 coloris
3145 5516 3420 5582 insignium.

1836 5573 2013 5632 Notum
2036 5573 2220 5644 quippe
2242 5587 2320 5631 est
2341 5573 2402 5630 ad
2421 5573 2653 5644 ﬁmbriam
2669 5573 2818 5644 ,Ijute
2843 5588 3114 5644 extremam
3137 5573 3269 5643 pallii
3288 5593 3425 5638 oram
3485 5601 3499 5642 ,-

1836 5641 2084 5694 ambiebat
2102 5641 2139 5702 ,ἡ
2159 5641 2200 5693 ‘e
2242 5651 2447 5706 quatuor
2493 5643 2601 5694 e'us
2619 5681 2622 5686 .
2642 5656 2702 5692 an
2726 5641 2836 5694 'ulis
2879 5642 3057 5699 timeas
3089 5641 3424 5707 hjaciutbiuos
3481 5643 3484 5646 ’

1840 5705 2163 5758 pependisse.
2185 5705 2318 5758 quod
2335 5717 2496 5758 usque
2517 5657 2665 5758 bouis
2860 5711 3081 5758 servant.

1839 5705 2163 5771 pependisse,
2185 5705 2318 5771 quad
2335 5717 2496 5771 usque
2517 5705 2665 5759 hodie
2682 5705 2842 5761 Iudaei
2860 5711 3081 5761 servant.
