3986 6184
583 262 719 323 “li

583 385 738 450 putes
762 374 1008 430 mandata
1037 367 1134 422 Dei
1154 361 1410 420 memoria
1436 369 1640 450 tenere,
1668 364 1724 450 et
1747 355 2000 450 operibus
2017 353 2163 450 obli-

586 443 734 524 visci.
761 464 866 519 Sed
893 461 1014 514 ideo
1043 457 1130 511 illa
1155 467 1417 524 cognosce
1437 492 1454 518 ,
1483 461 1542 505 ut
1584 449 1745 504 facias
1786 443 2032 516 quicquid
2081 443 2164 496 fa-

586 557 827 614 ciendum
855 547 1126 604 didiceris.
1157 545 1280 600 Non
1305 546 1434 599 enim
1462 542 1718 598 auditores
1750 539 1875 609 legis
1890 539 2022 608 justi
2044 546 2164 590 sunt

585 645 722 715 apud
745 642 931 706 Deum,
955 641 1041 693 sed
1068 643 1285 709 factores
1306 636 1429 706 legis
1448 632 1872 706 justiﬁcabuntur
1898 631 2075 700 (Rom.
2096 628 2158 682 2.

584 735 700 805 51).
720 731 884 786 Latus
913 730 1128 800 quidem
1155 739 1208 783 et
1236 729 1529 782 immensus
1558 725 1752 779 divinm
1788 723 1919 792 legis
1943 734 2166 790 campus

584 823 907 880 extenditur.
949 821 1046 888 Qui
1090 820 1314 875 diversis
1359 816 1677 872 testimoniis
1708 814 1978 879 veritatis,
2022 812 2168 866 velut

584 915 892 971 caelestibus
917 911 1235 983 quibusdam
1255 909 1474 964 floribus
1496 923 1745 973 vernans,
1768 907 1898 960 mira
1929 903 2166 959 oblecta-

585 1009 729 1063 tione
759 1007 983 1077 legentis
1007 1004 1243 1059 animum
1273 1001 1441 1071 pascit
1467 1015 1531 1055 ac
1556 999 1781 1054 refovet.
1819 998 1949 1066 Quae
1987 996 2166 1050 omnia

584 1113 796 1169 semper
822 1109 1146 1167 cognoscere
1166 1135 1182 1161 ,
1212 1107 1500 1161 secumque
1534 1091 1810 1144 revolvere
1831 1130 1846 1154 ,
1880 1089 2068 1156 ingens
2100 1086 2167 1140 ad

585 1188 1001 1247 conservandam
1028 1186 1287 1257 justitiam
1314 1184 1631 1239 beneficium
1655 1191 1755 1236 est.
1788 1181 1891 1235 Sed
1919 1180 2068 1250 quasi
2101 1179 2169 1234 ad

583 1280 1019 1351 compendiosum
1045 1279 1310 1349 quoddam
1341 1278 1420 1348 (a)
1447 1275 1932 1339 commonitorium,
1958 1276 2045 1330 illa
2069 1276 2165 1330 tibi

584 1375 854 1444 Evangelii
899 1372 1138 1442 eligenda
1188 1372 1450 1427 sententia
1499 1379 1611 1433 est,
1637 1379 1692 1424 et
1721 1368 2165 1438 superscribenda

583 1465 733 1520 cordi
766 1475 854 1518 tuo
875 1506 890 1531 ,
918 1479 1035 1534 quae
1063 1463 1128 1518 ad
1156 1464 1318 1518 totius
1339 1462 1560 1531 justitite
1593 1461 1917 1516 breviarium
1942 1503 1955 1525 ,
1988 1461 2166 1515 domi-

583 1557 706 1612 nico
743 1571 838 1610 ore
872 1554 1173 1625 profertur:
1204 1553 1389 1608 Omnia
1429 1568 1752 1622 quacumque
1779 1553 1930 1606 vultis
1977 1561 2031 1604 ut
2083 1554 2170 1623 fa-

584 1649 721 1700 ciant
766 1647 904 1701 vobis
940 1647 1166 1700 homines
1189 1686 1202 1710 ,
1231 1645 1337 1699 lucc
1363 1655 1408 1698 et
1434 1661 1518 1698 vos
1546 1645 1700 1715 facile
1720 1644 1843 1697 illis.
1881 1642 2006 1696 Hart:
2035 1644 2170 1696 enim

585 1735 694 1788 Lex
713 1745 758 1788 et
783 1734 1291 1806 Prophetw(Mrttllt.
1319 1734 1371 1787 7.
1397 1733 1508 1800 12).
1539 1733 1762 1786 ΙηΙῘηὶιίε
1790 1747 2018 1802 namque
2045 1739 2171 1786 sunt

585 1826 812 1894 Species,
841 1834 1124 1893 partesque
1148 1823 1400 1891 justitiiez
1421 1838 1553 1891 quas
1576 1837 1680 1876 non
1703 1822 1864 1876 modo
1886 1824 2024 1892 stylo
2051 1838 2173 1892 per-

585 1915 758 1983 sequi,
788 1914 883 1968 sed
903 1914 1222 1983 cogitatione
1247 1913 1406 1966 etiam
1437 1925 1629 1980 capere
1665 1911 2034 1965 difficillimum
2063 1921 2166 1968 est.

585 2004 728 2070 Quas
754 2019 940 2058 omnes
967 2019 1071 2057 una
1098 2018 1161 2058 ac
1189 2003 1338 2058 brevi
1364 2002 1627 2056 sententia
1656 2003 2088 2072 comprehendit,
2115 2011 2170 2058 et

585 2096 842 2150 latentem
869 2095 1143 2148 hominum
1177 2093 1582 2160 conscientiam,
1610 2102 1819 2149 secreto
1845 2095 2006 2150 animi
2027 2095 2172 2165 judi-

583 2188 686 2253 cio,
717 2195 807 2240 aut
829 2187 1076 2252 absolvit,
1109 2194 1200 2241 aut
1223 2188 1466 2240 damnat.

657 2279 745 2334 15.
790 2278 868 2332 Ad
894 2293 1108 2333 omnem
1140 2278 1299 2348 igitur
1325 2287 1526 2344 actum,
1551 2284 1616 2331 ad
1647 2291 1806 2332 omne
1826 2277 2074 2346 verbum,
2101 2277 2168 2333 ad

583 2384 797 2424 omnem
825 2370 984 2424 etiam
1012 2371 1302 2440 cogitatum
1328 2411 1343 2437 ,
1373 2369 1489 2424 haec
1513 2370 1776 2424 sententia
1808 2379 2127 2426 retractetur
2153 2391 2166 2426 :

584 2477 702 2530 qua:
747 2462 838 2516 tibi
883 2463 1034 2530 quasi
1083 2465 1359 2531 speculum
1404 2462 1674 2532 quoddam
1714 2474 1993 2533 paratum,
2021 2474 2075 2520 et
2101 2466 2167 2521 ad

587 2567 801 2606 manum
845 2567 1059 2621 semper
1100 2557 1367 2623 positum,
1410 2556 1720 2625 qualitatem
1753 2565 1856 2610 tute
1882 2559 2169 2615 voluntatis

584 2643 865 2710 ostendat,
897 2660 960 2699 ac
996 2646 1156 2699 etiam
1182 2647 1264 2700 vel
1303 2647 1371 2701 de
1410 2647 1610 2714 injusto
1637 2661 1802 2716 opere
1831 2649 2120 2718 redarguat
2143 2692 2159 2718 ,

585 2735 668 2790 vel
698 2735 765 2790 de
789 2736 937 2805 justo
963 2729 1217 2792 hetiticet.
1265 2738 1716 2808 Quotiescumque
1743 2740 1884 2794 enim
1919 2741 2081 2796 talem
2113 2743 2166 2796 in

583 2825 806 2878 alterum
836 2825 1086 2880 habueris
1114 2827 1389 2893 animum,
1433 2828 1646 2898 qualem
1694 2828 1746 2883 in
1795 2837 1846 2885 te
1889 2829 1958 2884 ab
1996 2831 2168 2887 altero

585 2919 786 2972 servari
833 2919 1024 2988 cupis,
1067 2921 1334 2989 aequitatis
1363 2920 1504 2974 viam
1557 2930 1726 2977 tenes.
1773 2922 1994 2990 Quoties
2037 2939 2168 2980 vero

587 3008 708 3062 talis
735 3023 859 3078 erga
885 3010 1106 3064 alterum
1137 3010 1322 3076 fueris,
1345 3012 1556 3081 qualem
1588 3013 1641 3066 in
1669 3022 1721 3068 te
1750 3014 1830 3069 vis
1863 3016 2165 3072 neminem:

585 3101 687 3155 iter
725 3101 947 3168 justitiaa
1027 3101 1236 3174 1104
1310 3102 1662 3173 dereliquisti.
1713 3105 1792 3159 En
1826 3114 1992 3161 totum
2036 3107 2166 3162 illud

583 3191 777 3244 divinae
806 3192 936 3261 legis
965 3192 1191 3247 arduum
1224 3202 1501 3265 totumque
1529 3193 1765 3251 difficile.
1801 3196 1878 3251 En
1907 3198 1974 3253 ob
1999 3214 2164 3269 quam

584 3296 798 3336 causam
840 3283 970 3338 dura
1013 3284 1236 3353 imperia
1268 3285 1496 3341 Domino
1520 3288 1879 3343 reclamamus
1900 3331 1914 3355 ,
1947 3299 2000 3344 et
2027 3289 2164 3346 dici-

585 3387 704 3426 mus
735 3388 833 3428 nos
863 3375 945 3430 vel
975 3373 1320 3444 difficultate,
1352 3377 1438 3432 vel
1485 3379 1909 3449 impossibilitate
1938 3383 2164 3437 manda-

584 3472 757 3518 torum
791 3467 979 3532 premi.
1023 3466 1130 3521 Nec
1163 3469 1392 3536 sufficit,
1424 3471 1564 3538 quod
1591 3472 1738 3540 jussa
1771 3488 1875 3527 non
1902 3474 2126 3532 facimus
2147 3517 2163 3543 ,

583 3552 686 3606 nisi
728 3555 886 3607 etiam
927 3555 1204 3624 jubentem
1264 3561 1521 3627 injustum
1568 3563 1970 3629 pronuntiemus
1999 3584 2011 3619 :
2039 3567 2164 3623 dum

584 3643 758 3712 ipsum
787 3646 1051 3714 aequitatis
1079 3657 1372 3715 auctorem,
1407 3665 1511 3705 non
1539 3653 1700 3707 modo
1727 3654 1852 3708 dura
1881 3667 1936 3711 et
1963 3659 2127 3714 ardua
2146 3700 2163 3727 ,

583 3735 677 3789 sed
708 3737 867 3790 etiam
902 3737 1246 3806 impossibilia
1278 3743 1598 3811 praecepisse
1618 3747 2011 3816 conquerimur.
2041 3749 2168 3804 0m-

584 3825 700 3891 nia,
734 3827 936 3896 inquit,
965 3843 1288 3900 aurarumque
1318 3833 1467 3888 vultis
1488 3875 1503 3900 ,
1531 3845 1587 3888 ut
1612 3838 1804 3907 faciant
1831 3840 1965 3894 vobis
1995 3842 2164 3897 Immi-

585 3933 704 3982 nes,
733 3918 840 3972 hare
867 3927 915 3973 et
943 3935 1028 3974 vos
1053 3920 1210 3989 facile
1234 3922 1358 3978 illis.
1415 3925 1675 3996 Ccnjnngi
1705 3930 1818 3985 vult
1862 3932 1998 3987 inter
2029 3950 2128 3992 nos
2148 3978 2162 4001 ,

583 4017 742 4077 atque
757 4012 1021 4073 connecti,
1039 4026 1133 4080 per
1150 4023 1328 4067 mutua
1346 4015 1603 4071 beneficia
1621 4021 1896 4075 caritatem
1909 4063 1921 4077 .
1941 4023 2167 4082 Omnes-

583 4113 688 4167 que
729 4097 973 4155 homines
998 4103 1196 4156 vicario
1228 4105 1366 4158 inter
1395 4120 1455 4173 se
1483 4123 1667 4163 amore
1703 4114 1975 4182 copulari,
2010 4128 2068 4171 ut
2114 4118 2165 4173 id

583 4207 904 4262 unoquoque
943 4205 1229 4264 praestante
1267 4199 1456 4268 alteri,
1480 4203 1622 4271 quod
1666 4204 1764 4259 sibi
1805 4207 1873 4261 ab
1913 4211 2164 4266 omnibus

585 4285 824 4350 praestari
857 4286 983 4338 velit
1009 4304 1022 4340 :
1047 4295 1153 4340 tota
1181 4289 1386 4356 justitia
1411 4332 1427 4357 ,
1459 4301 1515 4347 et
1544 4304 1870 4366 prmceptum
1903 4298 2003 4354 hoc
2032 4302 2162 4372 Dei,

582 4373 881 4426 communis
901 4375 971 4428 sit
999 4378 1197 4431 utilitas
1225 4381 1520 4438 hominum.
1546 4386 1629 4449 Et,
1657 4402 1690 4441 ο
1713 4389 1897 4444 miram
1926 4391 2165 4448 clemen-

581 4465 708 4518 tiam
740 4465 979 4521 Dominil
1007 4483 1039 4523 ο
1079 4469 1397 4526 ineti‘abilem
1445 4475 1538 4529 Dei
1570 4478 1984 4550 benignitatem!
2016 4485 2164 4540 Prte-

582 4559 746 4613 mium
775 4560 927 4615 nobis
953 4562 1258 4632 pollicetur,
1293 4566 1334 4619 si
1363 4581 1460 4620 nos
1490 4567 1718 4625 invicem
1743 4573 2030 4644 diligamus
2052 4619 2065 4641 ,
2105 4577 2156 4633 id

581 4662 683 4716 est,
711 4653 755 4706 si
784 4655 936 4710 nobis
963 4670 1026 4710 ea
1057 4667 1368 4726 praestemus
1397 4659 1644 4728 invicem,
1671 4678 1896 4732 quorum
1921 4669 2154 4724 vicissim

580 4745 896 4814 indigemus.
945 4747 1012 4800 Et
1036 4762 1132 4802 nos
1161 4750 1391 4819 superbo
1421 4752 1579 4807 simul
1622 4764 1675 4807 et
1708 4753 1916 4822 ingrato
1943 4759 2120 4814 animo
2141 4800 2156 4826 ,

578 4837 696 4905 ejus
734 4838 1016 4893 renitimur
1042 4840 1306 4898 voluntati
1333 4861 1346 4897 :
1376 4844 1528 4913 cujus
1551 4846 1712 4901 etiam
1741 4846 2023 4919 imperium
2055 4849 2153 4906 be-

578 4931 823 4985 neficium
853 4940 956 4986 est.

653 5023 739 5078 l6.
781 5024 922 5078 Nulli
961 5041 1190 5096 unquam
1233 5028 1454 5083 omnino
1482 5029 1768 5097 detrahas,
1798 5047 1897 5088 nec
1925 5033 2154 5090 aliorum

577 5113 967 5184 vituperatione
1011 5126 1062 5171 te
1107 5117 1423 5174 laudabilem
1465 5120 1634 5175 videri
1678 5123 2155 5194 veliszmagisque

578 5206 739 5259 vitam
774 5215 914 5260 tuam
947 5204 1020 5278 (ὁ)
1050 5222 1243 5264 ornare
1272 5208 1438 5274 disce,
1473 5224 1630 5280 quam
1653 5211 1883 5268 alienam
1912 5229 2155 5285 carpere.

635 5339 706 5400 (a)
740 5341 905 5410 Penes
916 5342 1167 5410 Erasmum
1184 5359 1240 5396 ac
1250 5345 1472 5410 Martian.
1505 5346 1676 5408 «quasi
1687 5344 1746 5396 ad
1763 5349 2157 5410 compendiosum

571 5398 1018 5476 locum,‘quoddam
1042 5398 1613 5476 commoriitoriumr__et'c_.
1658 5468 1669 5476 .
1762 5475 1768 5476 γ
1851 5398 1896 5476 ,ξ

635 5464 707 5522 (υ)
742 5464 820 5513 Sic
845 5465 1066 5532 plerique
1101 5471 1211 5532 Mss.
1247 5479 1396 5532 atque
1436 5469 1553 5518 editi
1595 5468 1809 5532 habent;
1851 5469 2158 5525 Martianaeus

572 5531 690 5592 vero
711 5534 816 5592 post
853 5527 1036 5576 Erasm.
1061 5527 1331 5592 ordinaref
1363 5529 1670 5592 Sequentem
1707 5527 1864 5579 locum
1899 5545 1960 5580 ex
1988 5534 2156 5585 Grieco

573 5576 700 5656 pagi
711 5576 918 5656 λυειωχ
940 5576 1104 5656 uoster
1123 5576 1584 5656 gregales-1mg
1598 5576 1864 5653 “arterias;
1886 5576 2154 5656 jussa;

820 5651 1114 5715 vcritatem_
1124 5637 1442 5715 habetjﬁn'oli
1453 5637 1682 5715 'diiigé’ré
1693 5637 1709 5640 ⁷
1719 5637 1971 5711 sam—nuit:
1980 5637 2093 5706 71e-
2103 5637 2156 5708 lc

569 5705 752 5762 egestas
771 5706 1030 5766 opprimat.
1076 5709 1244 5762 Tanta
1264 5705 1716 5764 diversitatis'ratio
1752 5705 1968 5775 petenda
1991 5705 2071 5773 est
2093 5705 2158 5775 ab

1891 236 2136 297 SANCTI
2173 234 2552 294 HlERONYM-l

3753 228 3900 286 (ιη

2273 353 2350 407 Ac
2375 365 2587 420 semper
2624 349 2912 422 Scriptum
2939 367 3140 409 memor
3168 361 3290 409 esto
3318 350 3566 408 dicentis
3607 368 3624 404 :
3655 351 3799 407 Noli
3821 356 3894 408 dx-

2273 444 2426 515 ligere
2463 444 2759 512 detrahere,
2793 462 2856 500 ne
2898 447 3162 502 eradiceris
3193 446 3399 519 (Prov.
3439 445 3544 501 20.
3590 446 3691 502 i3.
3734 447 3892 517 im

2272 533 2468 605 LXX).
2519 534 2680 592 Pauci
2708 536 2991 592 admodum
3022 548 3177 605 sunt,
3213 541 3305 610 qui
3348 539 3482 595 huic
3510 539 3658 594 vitio
3685 556 3895 596 renun-

2273 627 2434 693 tient,
2466 644 2694 699 raroque
2717 631 2986 698 invenies,
3014 634 3104 702 qui
3133 635 3205 688 ita
3233 635 3399 688 vitam
3432 649 3603 689 suam
3641 635 3890 706 irrepne-

2273 717 2592 774 hensibilem
2619 720 2873 779 exhibere
2895 724 3079 786 velint,
3103 735 3162 779 ut
3187 739 3295 779 non
3319 725 3561 781 libenter
3587 728 3892 797 reprebetr

2274 811 2401 866 dant
2425 813 2672 869 alienam.
2703 815 2975 887 Tantaque
3001 818 3158 887 hujus
3179 819 3305 873 mali
3335 820 3501 875 libido
3532 832 3768 876 mentes
3798 822 3888 877 bc-

2273 906 2474 959 minum
2505 907 2714 972 invasit,
2747 918 2803 962 ut
2831 911 2990 965 etiam
3019 912 3106 981 qui
3139 913 3326 980 procul
3355 913 3423 968 ab
3447 915 3582 968 aliis
3612 916 3775 970 vitiis
3804 932 3884 971 re-

2274 1010 2570 1066 cesserunt,
2604 1000 2654 1054 in
2685 1002 2824 1056 istud
2859 1011 3035 1058 mmen
3066 1006 3217 1074 quasi
3251 1007 3303 1061 in
3331 1017 3648 1062 extremum
3679 1007 3880 1063 diaboli

2275 1088 2520 1156 laqueum
2551 1092 2803 1147 incidant.
2837 1094 2915 1148 Tu
2945 1111 3076 1151 vero
3102 1097 3206 1154 hoc
3235 1101 3432 1155 malum
3465 1102 3541 1156 ita
3573 1103 3795 1172 eﬂ’uge,
3826 1115 3877 1159 at

2275 1195 2379 1234 non
2408 1182 2566 1236 modo
2598 1185 2709 1252 ipsa
2738 1201 2843 1240 non
2869 1187 3119 1245 detrahas
3139 1232 3154 1255 ,
3185 1193 3279 1246 sed
3309 1208 3377 1246 ne
3402 1193 3490 1247 alii
3519 1196 3756 1264 quidem
3785 1197 3878 1252 de-

2276 1272 2528 1338 trahenti,
2546 1276 2832 1346 aliquando
2857 1281 3066 1336 credas.
3082 1283 3193 1339 Nec
3213 1285 3681 1344 obtrectatoribus
3696 1304 3884 1346 aucto-

2275 1365 2484 1419 ritatem
2517 1366 2583 1422 de
2608 1384 2876 1424 consensu
2909 1374 3106 1429 tribuas
3137 1394 3152 1429 :
3193 1393 3260 1432 ne
3299 1395 3486 1434 eorum
3524 1384 3720 1438 vitium
3774 1401 3878 1439 nu-

2276 1455 2425 1520 trias,
2450 1460 2751 1514 annuendo.
2789 1460 2935 1527 Noli,
2969 1465 3137 1535 inquit
3164 1467 3465 1539 Scriptura,
3495 1483 3876 1533 consentaneus

2275 1560 2381 1599 esse
2399 1563 2512 1600 cum
2533 1549 2890 1621 deroganlibus
2915 1555 3157 1612 adversus
3179 1563 3471 1630 proximum
3495 1575 3666 1632 tuum,
3701 1581 3754 1622 et
3771 1587 3872 1624 non

2274 1638 2490 1708 accipies
2514 1641 2590 1711 (ε)
2619 1659 2770 1712 super
2795 1645 2943 1700 illum
2969 1660 3250 1718 peccatum.
3278 1654 3340 1709 Et
3364 1656 3492 1711 alibi
3519 1677 3536 1712 :
3562 1659 3695 1730 Sepi
3725 1680 3871 1717 aures

2277 1737 2390 1818 tuas
2415 1733 2596 1801 spinis,
2625 1743 2673 1788 et
2703 1737 2808 1790 noli
2831 1739 3010 1793 audire
3037 1742 3270 1814 linguam
3296 1763 3515 1816 nequam
3547 1750 3748 1818 (Eccli.
3779 1754 3865 1808 ‘28.

2274 1816 2567 1886 28).Unde
2594 1835 2646 1878 et
2669 1825 2858 1883 beatus
2888 1829 3074 1898 David,
3099 1833 3340 1892 diversas
3419 1816 3633 1912 nos
3719 1845 3865 1898 inno-

2275 1914 2466 1967 centiae
2487 1918 2695 1984 species
2711 1920 3037 1993 justitizeque
3051 1925 3419 1996 dinumerans,
3441 1932 3506 1986 de
3526 1933 3632 1988 hac
3653 1952 3865 2008 quoque

2277 2004 2471 2059 virtute
2492 2021 2596 2061 non
2621 2012 2804 2078 tacuit,
2829 2012 3057 2071 dicendo
3083 2036 3096 2072 :
3124 2018 3194 2071 Et
3221 2021 3555 2091 opprobrium
3582 2004 3693 2080 non
3721 2004 3861 2082 acre-

2274 2093 2348 2160 pit
2372 2095 2612 2150 adversus
2638 2102 2898 2169 proximos
2925 2121 3045 2160 suos
3076 2106 3262 2179 (Psal.
3291 2112 3383 2166 14.
3415 2114 3449 2168 4
3475 2114 3495 2184 )
3522 2132 3536 2166 :
3572 2130 3853 2187 propterea

2275 2185 2418 2252 quod
2450 2185 2562 2256 ipse
2589 2205 2694 2244 non
2725 2197 2896 2249 solum
2918 2197 3260 2270 adversatur;
3275 2203 3368 2258 sed
3394 2206 3557 2260 etiam
3591 2185 3857 2282 persequi-

2276 2283 2363 2329 tur
2415 2277 2805 2338 detrahentem.
2857 2287 2946 2341 Ait
2998 2291 3140 2344 enim
3193 2310 3208 2347 :
3253 2292 3626 2352 Detrahentem
3672 2277 3853 2373 secreto

2275 2371 2506 2437 proximo
2535 2390 2628 2427 suo
2657 2375 2790 2430 hunc
2814 2395 3084 2450 persequar
3111 2382 3280 2452 (Psal.
3312 2386 3439 2442 100.
3467 2389 3548 2458 5).
3604 2389 3701 2446 Est
3737 2371 3854 2449 sane

2275 2461 2380 2516 tale
2407 2461 2509 2518 hoc
2531 2465 2714 2521 vitium
2735 2509 2751 2536 ,
2783 2471 2929 2539 quod
2955 2474 3039 2528 vel
3067 2475 3119 2528 in
3152 2477 3337 2545 primis
3366 2480 3612 2550 extingui
3639 2483 3851 2551 debeat,

2273 2561 2326 2606 et
2355 2554 2422 2608 ab
2449 2557 2529 2610 eis
2553 2559 2641 2627 qui
2667 2574 2726 2615 se
2754 2572 2937 2620 sancte
2964 2566 3244 2624 instituere
3273 2571 3481 2638 volunt,
3517 2589 3740 2643 prorsus
3758 2593 3844 2631 ex-

2273 2644 2436 2700 cludi.
2479 2645 2621 2704 Nihil
2661 2653 2804 2708 enim
2849 2664 2957 2712 tam
3007 2658 3268 2730 inquietat
3308 2663 3593 2732 animum,
3629 2670 3753 2722 nihil
3781 2679 3853 2725 est

2274 2740 2414 2809 quod
2450 2740 2521 2796 ita
2562 2745 2813 2802 mobilem
2860 2761 3096 2806 mentem
3141 2768 3205 2810 ac
3250 2755 3423 2811 levem
3465 2758 3662 2827 faciat,
3705 2779 3852 2833 quam

2273 2829 2428 2886 facile
2452 2842 2618 2891 totum
2643 2838 2888 2907 credere,
2920 2851 2976 2896 et
3004 2843 3424 2902 obtrectatorum
3456 2852 3622 2906 verba
3646 2895 3660 2920 ,
3694 2829 3850 2910 teme-

2272 2925 2415 2979 rario
2432 2929 2626 2984 mentis
2646 2944 2870 2988 assensu
2897 2935 3067 3005 sequi.
3095 2937 3231 2993 Hinc
3252 2941 3397 2996 enim
3424 2945 3635 3001 crebras
3657 2948 3852 3003 dissen-

2273 3016 2484 3085 siones,
2513 3018 2637 3076 hinc
2665 3024 2786 3078 odia
2834 3025 3032 3096 injusta
3075 3043 3387 3088 nascuntur.
3439 3035 3557 3091 Hoc
3595 3049 3679 3093 est
3718 3042 3850 3110 quod

2272 3126 2415 3182 saepe
2439 3114 2507 3170 de
2533 3117 2871 3174 amicissimis
2895 3123 3056 3177 etiam
3087 3126 3335 3183 inimicos
3365 3127 3530 3197 facit,
3560 3133 3688 3188 dum
3730 3151 3854 3191 con-

2271 3204 2462 3270 cordes
2480 3208 2714 3277 quidem,
2734 3211 2830 3266 sed
2851 3213 3100 3270 credulas
3121 3219 3350 3287 animas,
3373 3223 3660 3295 maliloqua
3688 3228 3855 3298 lingua

2271 3298 2542 3356 dissociat.
2575 3303 2646 3358 At
2674 3314 2879 3372 contra,
2910 3323 3099 3378 magna
3135 3312 3288 3380 quies
3317 3316 3522 3383 animi,
3563 3334 3856 3391 magnaque

2272 3400 2355 3445 est
2384 3407 2591 3448 morum
2618 3396 2868 3464 gravitas,
2898 3412 3002 3452 non
3035 3408 3237 3458 temere
3261 3403 3330 3459 de
3356 3421 3630 3477 quoquam
3657 3413 3854 3467 sinistri

2271 3485 2472 3555 aliquid
2510 3488 2710 3544 audire.
2758 3490 3064 3562 Beatusque
3101 3505 3184 3549 est
3221 3499 3310 3566 qui
3343 3499 3416 3552 ita
3446 3513 3507 3553 se
3529 3513 3718 3556 contra
3762 3503 3850 3560 hoc

2272 3577 2457 3631 vitium
2481 3581 2724 3649 armavit,
2751 3590 2809 3634 ut
2831 3583 2970 3652 apud
2993 3600 3114 3639 eum
3138 3587 3423 3644 detrahere
3449 3608 3617 3647 nemo
3645 3597 3844 3650 audeat.

2270 3664 2422 3732 Quod
2448 3669 2494 3720 si
2527 3667 2641 3723 hazc
2665 3670 2716 3724 in
2747 3673 2902 3728 nobis
2927 3685 3070 3730 esset
3090 3677 3393 3747 diligentia,
3429 3698 3502 3736 ne
3534 3688 3741 3752 passim
3764 3688 3848 3743 ob-

2270 3761 2647 3816 trectatoribus
2666 3764 3027 3836 crederemus,
3045 3769 3156 3838 jam
3179 3785 3358 3824 omnes
3378 3772 3688 3833 detrahere
3715 3782 3850 3834 time-

2271 3863 2523 3911 rent:ne
2571 3872 2678 3910 non
2726 3865 2832 3913 tam
2877 3861 3046 3929 alios,
3079 3878 3235 3932 quam
3265 3865 3476 3934 seipscs
3510 3870 3650 3925 viles
3689 3873 3851 3927 detra-

2271 3947 2450 4004 hendo
2491 3950 2746 4006 facerent.
2796 3951 2902 4007 Sed
2945 3953 3047 4010 hoc
3091 3957 3211 4010 ideo
3254 3960 3457 4014 malum
3498 3963 3714 4019 celebre
3741 3975 3848 4032 est,

2273 4041 2471 4096 idcirco
2513 4042 2566 4096 in
2610 4045 2790 4099 multis
2842 4045 3015 4102 fervet
3059 4047 3162 4104 hoc
3191 4051 3412 4118 vitium,
3448 4055 3574 4124 quia
3619 4072 3752 4126 pene
3789 4059 3853 4113 ab

2274 4135 2520 4190 omnibus
2552 4136 2780 4192 libenter
2802 4140 3033 4196 auditur.
3375 4137 3385 4157 ⁸

2344 4228 2431 4280 17.
2477 4229 2828 4285 Adulatorum
2872 4248 3083 4304 quoque
3125 4239 3550 4306 assentationes,
3597 4249 3652 4295 et
3699 4230 3897 4298 noxia!

2269 4318 2629 4376 blandimenta
2689 4322 2941 4392 fallacim,
2972 4326 3115 4380 velut
3157 4328 3415 4398 quasdam
3459 4340 3634 4399 pestes
3657 4333 3856 4389 animae

2270 4410 2411 4481 fuge.
2455 4412 2596 4467 Nihil
2632 4426 2713 4469 est
2753 4417 2893 4486 quod
2945 4427 3050 4472 tam
3098 4419 3254 4476 facile
3293 4432 3593 4492 corrumpat
3643 4436 3854 4480 mentes

2271 4503 2565 4573 hominum,
2591 4506 2719 4561 nihil
2749 4509 2891 4578 quod
2919 4519 3025 4564 tam
3055 4511 3195 4567 dulci
3225 4509 3276 4568 et
3302 4514 3447 4568 molli
3483 4517 3709 4572 vulnere
3736 4521 3855 4573 ani-

2268 4609 2414 4650 mum
2444 4597 2616 4650 feriat.
2650 4597 2803 4652 Unde
2827 4607 2882 4653 et
2903 4601 3120 4670 quidam
3147 4605 3353 4672 sapiens
3385 4605 3460 4658 ait
3488 4623 3501 4657 :
3534 4605 3703 4661 Verba
3727 4610 3858 4662 adu-

2267 4688 2485 4742 latorum
2511 4686 2686 4740 mollia
2706 4729 2719 4750 ,
2760 4691 2949 4760 feriunt
2976 4704 3143 4747 autem
3170 4695 3404 4747 interiora
3429 4699 3622 4750 ventris
3661 4699 3852 4766 (Prov.

2263 4778 2360 4833 26.
2381 4777 2494 4850 22).
2524 4778 2592 4833 Et
2621 4779 2876 4835 Dominus
2900 4781 3137 4853 loquitur
3162 4799 3250 4854 per
3279 4782 3596 4851 Prophetain
3626 4804 3641 4840 :
3666 4788 3857 4858 Popu-

2265 4872 2346 4924 lus
2373 4887 2509 4924 meus
2529 4911 2542 4934 ,
2565 4872 2653 4940 qui
2691 4872 2980 4942 beati/icant
3004 4893 3090 4930 vos
3112 4919 3126 4942 ,
3156 4877 3396 4932 seducunt
3429 4892 3535 4943 vos,
3566 4889 3614 4932 et
3647 4884 3853 4938 semitas

2267 4963 2448 5031 pedum
2474 4975 2751 5016 vestrorum
2778 4966 3029 5036 dissipant
3067 4967 3219 5037 (Isai.
3243 4970 3294 5025 3.
3322 4967 3409 5022 12.
3432 4985 3537 5023 sec.
3565 4969 3768 5044 LXX).
3794 4973 3849 5028 In

2265 5053 2480 5120 multis,
2531 5057 2633 5110 isto
2677 5059 2905 5112 maxime
2952 5069 3230 5131 tempore,
3280 5071 3469 5131 regnat
3517 5064 3624 5119 hoc
3665 5067 3848 5121 vitium

2264 5144 2514 5214 quodque
2540 5155 2621 5200 est
2647 5147 3040 5216 gravissimum,
3071 5149 3392 5207 humilitatis
3421 5168 3485 5208 ac
3518 5155 3847 5211 benevolen-

2266 5234 2351 5288 tiae
2375 5235 2490 5290 loco
2516 5236 2745 5291 ducitur.
2775 5239 2851 5292 Eo
2880 5238 2957 5305 fit,
2985 5250 3038 5294 ut
3063 5241 3150 5310 qui
3178 5241 3387 5298 adulari
3421 5247 3617 5313 nescit,
3647 5259 3741 5302 aut
3771 5250 3845 5302 in-

2263 5347 2560 5416 homonymia
2582 5362 2754 5416 vocum
2775 5350 3116 5401 Hebraicarum
3137 5387 3151 5413 ,
3187 5368 3311 5416 quas
3343 5356 3637 5408 edisserere
3661 5374 3752 5410 non
3777 5369 3846 5410 est

2261 5409 2403 5476 hujus
2426 5409 2534 5476 loci.
2570 5412 2788 5476 Tantum
2819 5426 3070 5476 monemus
3091 5409 3178 5476 pro
3205 5409 3273 5465 'ne
3305 5419 3583 5472 eradiceris
3605 5460 3616 5476 .
3657 5409 3845 5472 veteres

2261 5470 2455 5520 Latinos
2476 5472 2770 5546 Scriptores,
2796 5477 2877 5546 qui
2893 5474 3027 5546 hunc
3049 5470 3203 5522 locum
3214 5476 3452 5546 allegant
3470 5470 3735 5546 reaVLXX.
3751 5470 3844 5546 ple-

2261 5546 2466 5605 rumque
2489 5531 2662 5597 legere
2685 5531 3021 5605 nejejttollaris
3040 5571 3054 5594 ,
3095 5538 3225 5597 quod
3262 5531 3480 5604 intelligi
3515 5531 3703 5605 debet,
3736 5531 3786 5593 a'c
3805 5546 3845 5594 si

2259 5593 2507 5643 diceretur
2529 5593 2586 5644 rie
2609 5609 2634 5644 e
2656 5595 2812 5645 medio
2833 5595 3028 5645 tollaris.

2325 5655 2400 5732 (.9).
2430 5656 2551 5732 υιιρ.
2577 5657 2776 5732 vetere?
2799 5658 3050 5732 editam
3079 5656 3293 5721 πείρίεε
3327 5675 3420 5725 ρον
3443 5665 3557 5716 tuo:
3584 5676 3847 5732 rem

2264 5712 2484 5769 Totidem
2506 5718 2620 5769 Mss.
2641 5718 2868 5768 adversus
2887 5715 3006 5766 illos.
