3986 6184
80 270 274 330 ιςιδ

82 387 314 454 vidus,
346 395 451 444 aut
481 387 750 460 superbus
775 395 1011 458 putetur.
1042 387 1141 445 Est
1163 403 1292 445 sane
1315 387 1518 460 grande
1541 396 1598 444 et
1621 386 1746 442 sub-

83 477 208 532 tile
243 479 567 534 artiﬁcium
590 520 607 546 ,
636 479 859 536 laudare
882 481 1113 536 alterum
1144 482 1196 536 in
1228 480 1745 536 commendationem

84 570 238 637 sui,
276 579 350 626 et
389 571 743 641 decipiendo,
786 572 1024 626 animum
1068 572 1169 626 sibi
1215 572 1451 642 obligare
1493 569 1743 639 decepti:

86 661 414 733 quodque
455 667 555 719 hoc
593 665 824 719 maxime
849 665 980 720 vitio
1005 665 1087 735 agi
1111 665 1290 731 solet,
1331 663 1486 718 ﬁctas
1523 663 1744 729 laudes,

91 767 288 810 certo
323 757 514 825 pretio
542 757 800 812 vendere.
834 757 964 824 Quae
994 757 1110 812 haec
1136 766 1280 812 tanta
1305 767 1387 812 est
1412 755 1605 811 levitas
1631 753 1748 808 ani-

88 847 213 911 mi,
252 864 408 917 qua:
435 857 578 904 tanta
607 851 847 916 vanitas,
884 849 1072 905 relicta
1120 851 1335 920 pr0pria
1379 847 1744 913 conscientia,

90 937 385 992 alienam
436 940 745 1008 opinionem
791 941 940 1010 sequi
973 957 986 994 :
1015 951 1070 995 et
1113 941 1328 1011 quidem
1370 941 1546 994 ﬁctam
1587 947 1747 1008 atque

89 1029 500 1085 simulatam?
582 1033 794 1104 1106
868 1033 1000 1102 Rapi
1033 1042 1194 1088 vento
1215 1032 1363 1086 falsae
1383 1031 1458 1103 (a)
1488 1030 1748 1085 laudatio-

93 1123 219 1184 nis,
261 1125 529 1192 gaudere
557 1126 624 1180 ad
645 1127 1155 1181 circumventionem
1177 1141 1349 1192 suam,
1369 1135 1423 1180 et
1443 1125 1745 1180 illusionem

91 1227 210 1282 pro
252 1213 550 1270 beneﬁcio
575 1219 863 1286 accipere?
902 1217 982 1271 Tu
1030 1233 1159 1287 ergo
1202 1217 1248 1271 si
1293 1231 1421 1271 vere
1465 1214 1746 1270 laudabilis

95 1317 241 1358 esse
295 1306 509 1373 cupis,
547 1307 756 1362 laudem
803 1308 1081 1363 hominum
1130 1323 1200 1362 ne
1243 1307 1508 1377 requiras.
1559 1306 1748 1375 Illique

94 1408 396 1462 prmpara
423 1396 808 1452 conscientiam
832 1406 999 1463 tuam,
1025 1397 1113 1468 qui
1136 1407 1182 1450 et
1201 1397 1510 1450 illuminabit
1531 1396 1746 1450 abscon-

96 1487 228 1539 dita
260 1486 644 1553 tenebrarum,
675 1498 721 1542 et
750 1489 1094 1559 manifestabit
1129 1488 1347 1542 consilia
1389 1487 1619 1542 cordium
1638 1527 1654 1554 ,
1697 1494 1748 1541 et

96 1586 240 1631 tunc
279 1562 518 1649 laus-(b)
546 1581 638 1634 tibi
670 1581 765 1634 erit
794 1599 827 1634 a
856 1579 962 1634 Deo
994 1581 1070 1653 (I.
1094 1579 1214 1634 Cor.
1241 1581 1294 1636 4.
1320 1579 1402 1652 5).

48 1709 57 1746 ι
182 1671 288 1725 18.
353 1671 452 1726 Sit
499 1673 660 1741 igitur
707 1674 942 1728 intentus
989 1688 1052 1728 ac
1099 1674 1358 1744 vigilans,
1391 1681 1445 1728 et
1487 1672 1746 1728 adversus

48 1752 51 1756 ’
101 1773 362 1831 peccata
399 1778 616 1832 semper
644 1773 880 1818 armatus
903 1764 1116 1818 animus
1141 1773 1284 1818 tuus.
1328 1764 1517 1817 Sermo
1541 1763 1596 1816 in
1625 1777 1745 1816 om-

98 1855 289 1910 nibus
325 1856 650 1910 moderatus
671 1866 724 1910 et
747 1872 956 1925 parcus,
983 1865 1037 1910 et
1057 1855 1147 1925 qui
1174 1855 1551 1909 necessitatem
1574 1852 1744 1922 magis

105 1946 402 2015 loquendi
432 1946 647 2011 indicet,
672 1961 830 2016 quam
855 1945 1205 2001 voluntatem.
1234 1943 1304 2014 (c)
1323 1943 1490 1999 Ornet
1520 1942 1748 2013 pruden-

109 2038 255 2091 tiam
307 2037 694 2100 verecundia,
739 2037 988 2106 quodque
1044 2036 1371 2104 praecipuum
1425 2034 1480 2087 in
1534 2033 1747 2087 feminis

109 2145 361 2200 semper
411 2130 545 2196 fuit,
577 2138 798 2184 cunctas
847 2129 900 2182 in
951 2138 1004 2184 te
1055 2130 1280 2183 virtutes
1312 2128 1484 2197 pudor
1508 2136 1744 2197 superet.

111 2221 224 2276 Diu
259 2231 410 2276 ante
439 2220 722 2275 considera
745 2260 760 2286 ,
791 2219 918 2289 quid
962 2218 1288 2289 loquendum
1331 2219 1436 2284 sit,
1471 2228 1526 2272 et
1573 2217 1749 2271 adhuc

115 2320 327 2367 tacens
364 2310 615 2381 provide,
647 2325 715 2366 ne
745 2309 870 2379 quid
901 2310 1102 2365 dixisse
1132 2310 1410 2378 poeniteat.
1444 2307 1622 2362 Verba
1655 2317 1746 2362 tua

114 2404 420 2474 ponderet
462 2403 752 2473 cogitatio,
795 2411 850 2457 et
891 2401 1088 2472 lingua:
1127 2400 1363 2456 officium
1405 2401 1568 2455 animi
1612 2399 1748 2455 libra

119 2493 451 2566 dispenset.
492 2494 648 2550 Unde
677 2495 951 2564 Scriptura
977 2495 1108 2549 dicit
1133 2513 1146 2548 :
1175 2493 1458 2565 Argentum
1483 2505 1529 2549 et
1557 2511 1744 2548 aurum

123 2600 279 2644 tuum
309 2590 519 2658 con/1a,
549 2598 595 2643 et
625 2589 784 2643 verbis
811 2589 909 2642 tuis
940 2589 1094 2658 facito
1113 2597 1378 2653 stateram,
1402 2598 1449 2642 et
1477 2592 1648 2659 frenos
1669 2587 1748 2641 ori

127 2691 218 2737 tuo
261 2692 446 2737 rectos
470 2696 490 2734 :
515 2690 561 2735 et
587 2681 792 2735 attende
819 2697 883 2734 ne
913 2682 1043 2748 forte
1086 2680 1277 2733 labaris
1317 2681 1494 2750 lingua
1534 2678 1742 2750 (Eccli.

126 2774 200 2830 28
222 2775 266 2845 ).
299 2774 593 2843 Nunquam
632 2772 711 2844 (ά)
741 2773 941 2827 malum
968 2773 1188 2826 verbum
1221 2773 1288 2827 de
1314 2787 1406 2827 ore
1435 2781 1524 2826 tuo
1552 2785 1743 2841 proce-

131 2865 249 2930 dat,
279 2881 415 2936 quae
442 2866 508 2919 ad
535 2865 805 2919 cumulum
834 2863 1178 2932 benignitatis
1201 2862 1407 2931 juberis
1433 2864 1594 2917 etiam
1625 2877 1744 2916 ma-

132 2957 519 3013 lcdicentibus
547 2954 886 3008 benedicere.
923 2953 1300 3020 Misericordes,
1327 2953 1531 3021 inquit,
1564 2952 1744 3005 mode-

134 3049 238 3114 sti,
273 3044 543 3109 humiles,
569 3060 671 3097 non
708 3043 974 3097 reddentes
1011 3044 1203 3097 malum
1245 3060 1338 3112 pro
1369 3043 1507 3096 malo
1529 3083 1545 3109 ,
1587 3058 1748 3110 neque

133 3139 485 3194 maledictum
516 3151 608 3205 pro
633 3133 922 3202 maledicto,
941 3135 1030 3190 sed
1058 3151 1085 3188 e
1110 3135 1368 3189 contrario
1399 3133 1744 3188 benedicentes

137 3233 218 3301 (I.
253 3233 409 3285 Petr.
438 3229 492 3282 5.
519 3227 597 3298 9).

217 3325 307 3381 19.
354 3321 576 3377 Mentiri
605 3333 734 3375 vero
762 3326 922 3389 atque
946 3317 1128 3388 jurare
1148 3360 1163 3385 ,
1195 3317 1373 3388 lingua
1405 3326 1495 3373 tua
1525 3331 1746 3387 prorsus

141 3417 386 3487 ignoret,
408 3421 694 3482 tantusque
719 3413 772 3465 in
801 3419 852 3465 te
878 3413 946 3464 sit
974 3408 1044 3483 (ε)
1073 3411 1184 3465 veri
1205 3424 1374 3475 amor,
1402 3417 1460 3463 ut
1487 3406 1746 3478 quidquid

143 3507 377 3570 dixeris,
407 3505 644 3574 juratum
674 3513 849 3572 putes.
876 3503 951 3557 De
972 3518 1077 3572 quo
1100 3500 1344 3556 Salvator
1361 3499 1428 3555 ad
1455 3499 1745 3568 discipulos

145 3601 251 3654 ait:
274 3599 391 3668 Ego
413 3607 586 3651 autem
608 3596 721 3650 dico
743 3594 901 3661 vobis,
926 3611 1028 3648 non
1046 3596 1227 3664 jurare
1251 3595 1476 3648 omnino.
1501 3595 1566 3647 Et
1588 3596 1746 3662 paulo

145 3699 270 3761 post
299 3709 312 3744 :
344 3690 434 3745 Sit
460 3698 631 3743 autem
653 3705 817 3742 sermo
841 3696 1017 3752 vester,
1049 3695 1142 3749 est,
1170 3694 1240 3739 est
1263 3701 1280 3739 :
1303 3703 1540 3748 non,non
1561 3686 1743 3750 :Quod

148 3794 320 3838 autem
351 3784 436 3837 his
465 3782 808 3835 abundantius
831 3789 903 3834 est
923 3821 938 3844 ,
969 3797 1001 3832 a
1030 3779 1164 3832 malo
1201 3789 1271 3832 est
1304 3777 1532 3848 (Matth.
1564 3779 1620 3832 5.
1652 3778 1741 3832 34.

147 3875 265 3945 57).
298 3876 358 3928 In
392 3874 542 3926 omni
576 3873 734 3938 igitur
754 3880 874 3922 actu
901 3878 1060 3936 atque
1089 3870 1275 3933 verbo,
1306 3870 1485 3936 quieta
1513 3883 1664 3922 mens
1691 3876 1747 3923 et

148 3966 363 4038 placida
410 3972 658 4019 servetur
702 3979 715 4012 ε
764 3974 1085 4028 semperque
1128 3959 1434 4026 cogitationi
1488 3968 1592 4012 tuac
1647 3959 1745 4014 Dei

152 4057 443 4129 praesentia
471 4060 715 4108 occurrat
747 4069 761 4106 :
791 4051 861 4106 sit
886 4049 1109 4104 humilis
1135 4049 1375 4116 animus,
1402 4064 1466 4104 ac
1496 4049 1659 4116 mitis,
1691 4057 1747 4104 et

59 4166 62 4170 ί
155 4149 416 4204 adversus
447 4145 562 4200 sola
590 4143 717 4198 vitia
747 4150 979 4198 erectus.
1023 4140 1307 4210 Nunquam
1354 4140 1502 4194 illum
1530 4150 1623 4195 aut
1649 4156 1744 4196 su-

162 4244 338 4312 perbia
367 4239 612 4305 extollat,
640 4246 733 4292 aut
758 4234 978 4290 avaritia
1002 4233 1256 4299 inﬂectat,
1284 4241 1376 4287 aut
1402 4233 1479 4286 ira
1504 4233 1746 4302 praecipi-

163 4345 255 4390 tet.
287 4334 430 4390 Nihil
461 4333 606 4386 enim
638 4329 869 4400 quietius
891 4368 906 4393 ,
934 4326 1064 4382 nihil
1091 4326 1275 4397 purius
1297 4368 1312 4393 ,
1343 4326 1476 4381 nihil
1514 4327 1744 4396 denique

165 4427 431 4497 pulchrius
455 4440 523 4479 ea
554 4430 734 4477 mente
763 4435 885 4476 esse
913 4418 1091 4482 debet,
1120 4434 1238 4489 qua:
1269 4419 1320 4472 in
1348 4418 1442 4473 Dei
1474 4417 1747 4473 habitacu-

162 4516 264 4571 lum
291 4512 638 4586 preparauda
657 4519 762 4575 est,
785 4525 944 4579 quem
969 4525 1075 4564 non
1098 4523 1228 4564 auro
1251 4508 1444 4578 templa
1465 4507 1740 4579 fulgentia,

167 4622 264 4662 non
310 4606 542 4677 geunnis
589 4603 777 4657 altaria
815 4601 1063 4655 distincta
1093 4600 1398 4667 delectant,
1425 4600 1519 4655 sed
1563 4601 1743 4657 anima

119 4719 132 4767 ς
171 4709 344 4753 ornata
387 4695 702 4753 virtutibus.
750 4691 878 4747 Ideo
907 4700 963 4779 et
990 4692 1242 4761 templum
1275 4691 1407 4756 Dei,
1438 4701 1742 4747 sanctorum

175 4791 322 4844 corda
342 4791 616 4851 dicuntur,
647 4785 954 4839 afﬁrmante
980 4781 1256 4850 Apostolo,
1284 4782 1371 4852 qui
1403 4781 1477 4837 ait
1501 4799 1515 4836 :
1545 4781 1607 4836 Si
1630 4784 1742 4852 quis

172 4881 398 4952 templum
423 4881 526 4934 Dei
551 4875 833 4940 violaverit,
853 4873 1107 4942 disperdet
1130 4872 1277 4924 illum
1299 4871 1454 4926 Deus.
1471 4871 1741 4944 Templum

180 4975 302 5026 enim
331 4973 422 5027 Dei
448 4980 687 5028 sanetum
715 4976 809 5035 est,
840 4965 976 5036 quod
1006 4963 1124 5017 estis
1147 4978 1231 5016 vos
1258 4963 1335 5032 (I.
1361 4963 1481 5018 Cor.
1507 4965 1559 5019 5.
1588 4965 1700 5037 I7).

239 5066 325 5120 ‘20.
367 5067 507 5121 Nihil
535 5064 733 5119 habeas
759 5057 1060 5114 humilitate
1091 5055 1447 5126 praestantius,
1529 5058 1738 5129 1107

242 5237 301 5306 la)
335 5240 482 5291 Iidem
504 5242 716 5288 Veteres
739 5235 889 5294 editi,
913 5232 1052 5296 falsis
1074 5229 1362 5281 adulationis
1379 5265 1394 5290 ,
1427 5230 1505 5280 cui
1540 5228 1740 5300 lectioni

178 5299 328 5356 favet.
369 5303 492 5356 quod
532 5299 658 5350 infra
696 5309 903 5347 numero
935 5295 1014 5344 50.
1056 5293 1264 5343 habetur
1305 5291 1421 5356 ﬁcta
1463 5291 1740 5344 adulatione

315 5341 328 5359 ,
369 5317 492 5366 quoa
532 5317 658 5350 Intra
696 5317 903 5347 numero
936 5317 1014 5344 ou.

263 5417 304 5488 li)
341 5425 533 5488 (liuere.
556 5420 811 5483 unicuique
834 5431 922 5482 pro
942 5417 1047 5488 tibi:
1058 5477 1069 5488 ,
1398 5477 1427 5488 ..

261 5477 305 5550 c)
341 5486 465 5550 Idem
487 5484 684 5550 Cisterc.
710 5477 1476 5550 ometpudicitiamperecmdia.
1725 5538 1736 5548 .

266 5535 317 5609 α’)
347 5546 455 5595 Cum
493 5545 632 5610 modo
669 5535 1353 5610 laudato'Cistercsplerique
1525 5537 1606 5610 alii
1627 5535 1739 5586 libri

186 5600 416 5670 Nunquam
436 5605 741 5670 maledictum
760 5603 871 5670 _(ve_l
894 5600 1186 5670 maledictio)
1215 5600 1284 5650 de
1297 5613 1380 5650 ore
1405 5606 1485 5650 tuo
1508 5607 1604 5670 etc.

248 5622 282 5657 'n
311 5622 416 5657 nam
436 5622 741 5656 mateatcmm
769 5622 871 5667 (vel
894 5622 1186 5664 masculum}
1215 5622 1275 5650 uc
1297 5622 1380 5650 un:
1405 5622 1485 5650 tttu
1508 5622 1604 5648 cw.

248 5622 310 5735 (eli
339 5670 444 5719 Mss.
487 5667 625 5718 codd.
670 5664 880 5718 veritatis
905 5676 1073 5724 amor,
1118 5669 1171 5713 et
1213 5676 1326 5713 mox
1374 5675 1501 5712 unus
1532 5659 1734 5712 Cisterc.

179 5729 479 5792 itath
498 5737 648 5800 putes.

1481 266 1822 329 EPISTOLA
1857 265 2136 329 CXLVIII.

3299 289 3441 346 ιω

1859 385 2100 457 nihilque
2125 386 2427 444 amabilius.
2473 386 2602 445 Haec
2629 397 2714 446 est
2747 392 2890 448 enim
2920 397 3188 468 praecipua
3216 414 3439 460 conser-

1856 479 2031 532 vatrix
2057 519 2074 546 ,
2106 489 2160 533 et
2185 481 2335 550 quasi
2367 491 2548 536 custos
2580 483 2823 553 quaedam
2857 486 3110 543 virtutum
3155 493 3392 549 omnium
3422 512 3438 552 :

1859 567 2099 638 nihilque
2127 579 2211 625 est
2238 571 2380 640 quod
2405 586 2505 627 nos
2533 573 2604 626 ita
2631 582 2686 628 et
2717 574 3022 632 hominibus
3045 589 3226 648 gratos
3248 591 3302 636 et
3330 584 3438 640 Deo

1855 657 2036 724 faciat,
2063 676 2225 731 quam
2252 663 2299 717 si
2323 664 2446 719 vitae
2472 666 2666 720 merito
2691 668 2904 738 magni,
2934 668 3234 727 humilitate
3272 673 3440 751 inﬁmi

1853 753 2041 806 simus.
2069 753 2298 824 Propter
2327 756 2468 826 quod
2498 756 2775 828 Scriptura
2799 759 2932 815 dicit
2956 778 2970 816 :
2995 762 3199 827 Quanto
3220 781 3434 834 magnus

1853 857 1929 908 es,
1958 843 2174 899 humilia
2200 855 2248 899 te
2272 847 2328 900 in
2354 849 2608 912 omnibus,
2631 859 2680 903 et
2703 865 2876 905 coram
2909 850 3021 907 Deo
3062 855 3285 910 invenies
3312 873 3440 927 gra-

1855 934 1978 988 tiam
2004 934 2196 1004 (Eccli.
2220 937 2274 993 5.
2295 937 2412 1010 20).
2444 939 2509 994 Et
2536 940 2794 997 Dominus
2820 943 3056 1012 loquitur
3076 961 3172 1016 per
3197 947 3440 1018 Prophe-

1853 1035 1960 1082 tam
1988 1045 2002 1083 :
2033 1028 2205 1100 Super
2231 1047 2378 1100 quem
2404 1033 2563 1087 alium
2587 1036 2931 1112 requiacqpt,
2965 1037 3065 1092 nisi
3089 1055 3242 1110 super
3267 1041 3442 1094 humi-

1852 1117 1973 1184 lem,
2005 1128 2052 1173 et
2081 1120 2326 1190 quietum,
2358 1133 2406 1178 et
2437 1135 2728 1180 trementem
2747 1128 2895 1181 verba
2915 1144 3028 1183 mea
3057 1128 3214 1200 (lsai.
3234 1131 3324 1187 66.
3343 1131 3441 1204 2)?

1851 1212 1928 1283 (ι’)
1957 1212 2158 1270 Verum
2202 1224 2258 1271 tu
2305 1231 2426 1273 eam
2471 1217 2835 1276 humilitatem
2876 1236 3147 1292 sequere:
3179 1241 3438 1297 nonquae

1851 1306 2155 1362 ostenditur
2173 1350 2188 1375 ,
2217 1316 2379 1378 atque
2405 1309 2689 1366 simulatur
2711 1322 2868 1382 gestu
2896 1315 3143 1383 corporis
3162 1357 3178 1382 ,
3204 1327 3297 1372 aut
3323 1317 3430 1373 fra-

1851 1404 1937 1449 cta
1969 1411 2102 1452 voce
2131 1398 2442 1466 verborum,
2472 1401 2570 1456 sed
2597 1417 2717 1472 quae
2748 1417 2882 1472 puro
2909 1403 3104 1460 aﬁ‘ectu
3131 1408 3311 1463 cordis
3338 1425 3436 1463 ex-

1851 1488 2120 1555 primitur.
2151 1489 2312 1544 Aliud
2339 1498 2425 1546 est
2451 1492 2594 1547 enim
2625 1493 2880 1548 virtutem
2912 1493 3131 1562 habere,
3161 1497 3306 1553 aliud
3332 1499 3441 1554 vir-

1852 1579 1980 1634 tutis
2018 1579 2420 1638 similitudinem
2455 1600 2468 1636 :
2493 1583 2639 1638 aliud
2666 1596 2750 1640 est
2774 1601 2956 1642 rerum
2984 1589 3228 1644 umbram
3259 1593 3433 1662 sequi,

1851 1668 1996 1724 aliud
2026 1672 2330 1728 veritatem.
2359 1674 2523 1730 Multo
2565 1675 2859 1732 deformior
2898 1679 2988 1732 illa
3027 1690 3112 1735 est
3140 1683 3392 1750 superbia
3417 1721 3434 1748 ,

1849 1774 1970 1828 qua:
1996 1761 2096 1816 sub
2121 1763 2440 1830 quibusdam
2471 1765 2788 1822 humilitatis
2832 1769 3000 1837 signis
3043 1770 3192 1826 latet.
3244 1772 3436 1826 Nescio

1849 1851 1994 1906 enim
2039 1853 2308 1921 quomodo
2354 1856 2592 1926 turpiora
2633 1867 2759 1912 sunt
2783 1858 2948 1926 vitia,
2999 1875 3123 1930 quae
3171 1862 3431 1916 virtutum
3523 1847 3528 1853 ἢ

1849 1941 2029 2011 specie
2058 1943 2326 2000 celantur.

1921 2033 2013 2087 21.
2054 2033 2196 2088 Nulli
2227 2043 2279 2089 te
2305 2050 2534 2104 unquam
2561 2037 2629 2093 de
2653 2037 2865 2107 generis
2902 2042 3181 2098 nobilitate
3224 2060 3438 2116 praepo-

1850 2136 1969 2187 nas,
1999 2137 2173 2191 neque
2216 2125 2560 2181 obscuriores
2607 2144 2846 2198 quasque
2887 2140 2942 2185 et
2985 2132 3272 2190 humiliore
3316 2139 3436 2195 loco

1852 2221 2004 2266 natas
2023 2252 2038 2277 ,
2073 2223 2126 2267 te
2149 2213 2435 2270 inferiores
2464 2226 2639 2286 putes.
2667 2217 2852 2273 Nescit
2871 2221 3060 2291 religio
3084 2236 3266 2280 nostra
3309 2243 3429 2297 ραι·-

1851 2317 2014 2358 sonas
2041 2305 2324 2374 accipere:
2347 2321 2448 2362 nec
2474 2308 2815 2365 conditiones
2844 2311 3120 2370 hominum
3143 2357 3158 2383 ,
3191 2319 3286 2372 sed
3312 2322 3434 2375 ani—

1851 2409 1970 2448 mos
2019 2395 2236 2466 inspicit
2290 2399 2644 2468 singulorum.
2693 2401 2924 2458 Servum
2977 2414 3034 2460 et
3085 2409 3323 2465 nobilem
3369 2413 3437 2468 de

1851 2486 2090 2542 moribus
2130 2491 2458 2557 pronuntiat.
2507 2490 2633 2546 Sola
2671 2492 2812 2562 apud
2860 2495 3029 2550 Deum
3061 2499 3284 2556 libertas
3315 2511 3434 2570 est,

1851 2591 1958 2632 non
1983 2580 2187 2634 servire
2221 2582 2474 2651 peccatis.
2505 2583 2724 2638 Summa
2752 2585 2893 2655 apud
2924 2588 3094 2644 Deum
3124 2600 3207 2646 est
3237 2593 3432 2647 nobili-

1853 2678 1957 2735 tas,
1988 2671 2192 2726 clarum
2223 2674 2672 2730 essevirtutibus.
2698 2676 2834 2742 Quid
2859 2680 3000 2748 apud
3027 2681 3196 2736 Deum
3223 2683 3276 2737 in
3303 2684 3430 2739 viris

1851 2761 2082 2817 nobilius
2115 2763 2296 2831 Petro,
2334 2767 2415 2835 (g)
2439 2766 2527 2835 qui
2557 2767 2790 2834 piscator
2817 2778 2873 2823 et
2903 2786 3106 2840 pauper
3132 2772 3267 2826 fuit?
3297 2775 3436 2840 Quid

1851 2853 1906 2908 in
1937 2854 2149 2910 feminis
2175 2857 2330 2912 beata
2357 2858 2521 2914 Maria
2547 2859 2810 2914 illustrius
2830 2902 2845 2926 ,
2890 2878 3010 2931 qua:
3056 2880 3252 2933 sponsa
3298 2866 3437 2922 fabri

1851 2945 2210 3002 describitur?
2256 2948 2363 3004 Sed
2409 2950 2483 3004 illi
2530 2952 2780 3020 piscatori
2824 2939 2878 3008 et
2928 2955 3151 3024 pauperi
3200 2957 3434 3013 ccelestis

1853 3039 2008 3108 regni
2037 3053 2066 3092 a
2089 3038 2306 3095 Christo
2333 3041 2626 3097 creduntur
2656 3043 2854 3099 claves.
2889 3045 3015 3108 Haec
3039 3062 3239 3115 sponsa
3271 3049 3431 3118 fabri,

1851 3130 2049 3184 meruit
2091 3145 2212 3186 esse
2257 3139 2429 3187 mater
2476 3133 2653 3198 illius,
2683 3150 2713 3188 a
2752 3151 2859 3205 quo
2902 3137 3032 3206 ipsa:
3071 3141 3252 3195 claves
3295 3141 3435 3196 data:

1850 3230 1994 3274 sunt.
2038 3220 2200 3290 Eligit
2239 3222 2381 3276 enim
2427 3222 2570 3278 Deus
2615 3224 2869 3294 ignobilia
2918 3235 2972 3282 et
3012 3231 3434 3300 contemptibilia

1852 3308 2012 3380 hujus
2038 3311 2220 3367 mundi
2249 3311 2335 3386 (I.
2365 3312 2482 3368 Cor.
2513 3316 2564 3370 I.
2588 3314 2658 3369 27
2680 3318 2698 3384 )
2719 3356 2734 3381 ,
2768 3325 2825 3371 ut
2865 3326 3110 3388 potentes
3134 3335 3197 3376 ac
3226 3322 3436 3378 nobiles

1851 3400 1918 3455 ad
1947 3400 2301 3458 humilitatem
2330 3403 2538 3460 facilius
2563 3404 2874 3461 adduceret.
2922 3408 3055 3464 Nam
3084 3422 3138 3466 et
3164 3412 3298 3468 alias
3325 3413 3437 3468 fru-

1851 3501 1962 3548 stra
1988 3493 2090 3548 sibi
2112 3494 2306 3564 aliquis
2331 3495 2399 3550 de
2425 3496 2706 3552 nobilitate
2731 3500 2942 3568 generis
2967 3502 3275 3570 applaudit,
3309 3520 3431 3561 cum

1853 3586 2088 3642 universi
2120 3587 2266 3656 paris
2295 3588 2534 3656 honoris,
2562 3598 2615 3644 et
2641 3590 2881 3660 ejusdem
2908 3594 3047 3663 apud
3077 3595 3242 3651 Deum
3278 3600 3434 3666 pretii

1849 3679 1988 3746 sint,
2021 3678 2111 3748 qui
2151 3695 2259 3734 uno
2304 3680 2504 3736 Christi
2545 3683 2804 3751 Sanguine
2834 3694 2959 3738 sunt
2989 3686 3255 3756 redempti
3286 3705 3300 3741 :
3331 3705 3434 3746 nec

1851 3769 2074 3823 interest
2097 3784 2201 3837 qua
2227 3771 2346 3837 quis
2371 3771 2685 3825 conditione
2711 3780 2868 3824 natus
2898 3772 2988 3838 sit,
3017 3788 3140 3827 cum
3166 3789 3355 3831 omnes
3381 3779 3436 3834 in

1848 3861 2060 3916 Christo
2101 3862 2381 3931 aequaliter
2423 3876 2790 3917 renascamur.
2839 3863 2971 3918 Nam
3003 3875 3056 3920 et
3085 3867 3132 3920 si
3157 3867 3437 3926 oblivisci-

1848 3967 1990 4018 mur,
2020 3953 2141 4021 quia
2169 3968 2238 4007 ex
2269 3968 2378 4007 uno
2403 3967 2592 4008 omnes
2618 3954 2866 4023 generati
2905 3969 3092 4012 sumus
3119 3975 3133 4011 :
3161 3958 3348 4014 saltem
3380 3961 3434 4016 id

1851 4059 2064 4115 semper
2089 4046 2400 4103 meminisse
2429 4046 2722 4113 debemus,
2751 4047 2874 4118 quia
2913 4064 3009 4119 per
3048 4065 3213 4108 unum
3244 4069 3434 4114 omnes

1849 4150 2248 4206 regeneramur.
2819 4208 2823 4212 ι

1926 4229 2019 4282 22.
2061 4229 2202 4284 Cave
2229 4245 2298 4285 ne
2325 4231 2370 4285 si
2396 4229 2642 4299 jejunare
2670 4237 2758 4287 aut
2785 4232 3055 4292 abstinere
3083 4239 3312 4308 cteperis
3332 4282 3347 4307 ,
3383 4249 3434 4298 te

1853 4329 2006 4393 putes
2025 4322 2135 4391 jam
2169 4337 2291 4377 esse
2328 4331 2588 4377 sanctam.
2634 4322 2762 4378 Htec
2789 4325 2930 4380 enim
2957 4327 3124 4384 virtus
3149 4330 3431 4400 adjumen-

1852 4422 1964 4469 tum
1997 4423 2100 4481 est,
2132 4429 2240 4468 non
2272 4413 2528 4484 perfectio
2607 4416 2820 4488 1108
2893 4422 3209 4477 sanctitatis.
3236 4424 3433 4495 Magis-

1854 4524 1958 4579 que
1989 4507 2042 4563 id
2070 4507 2456 4578 providendum
2482 4516 2585 4576 est,
2610 4523 2678 4564 ne
2710 4509 2806 4563 tibi
2835 4509 2954 4576 hoc,
2987 4527 3106 4566 cum
3139 4515 3280 4568 licita
3307 4533 3436 4571 con-

1852 4609 2084 4663 temnas,
2102 4601 2444 4656 securitatem
2466 4599 2748 4670 quamdam
2768 4599 3074 4654 illicitorum
3093 4601 3437 4671 laciat.Quic-

1854 4693 1982 4764 quid
2004 4708 2164 4764 supra
2183 4692 2440 4763 justitiam
2460 4691 2680 4746 offertur
2701 4689 2831 4755 Deo,
2856 4705 2963 4745 non
2991 4690 3153 4747 debet
3174 4693 3434 4762 impedire

1853 4785 2139 4858 justitiam,
2171 4785 2265 4840 sed
2292 4785 2566 4855 adjuvare.
2598 4781 2736 4849 Quid
2764 4791 2943 4836 autem
2975 4785 3193 4852 prodest
3223 4789 3431 4841 tenuari

1848 4881 2172 4936 abstinentia
2216 4891 2410 4945 corpus
2430 4916 2446 4942 ,
2476 4876 2518 4929 si
2550 4875 2760 4928 animus
2787 4874 3104 4930 intumescat
3133 4877 3426 4945 superbia?

1853 4973 2022 5041 Quam
2052 4971 2261 5024 laudem
2291 4967 2615 5023 merebimur
2644 4966 2712 5020 de
2742 4966 2944 5036 pallore
2969 4967 3184 5036 jejunii,
3216 4970 3259 5022 si
3291 4969 3430 5023 iuvi-

1848 5063 1934 5117 dia
1982 5060 2125 5115 lividi
2168 5058 2378 5113 simus?
2421 5055 2556 5123 Quid
2604 5056 2811 5110 virtutis
2862 5056 3023 5111 habet
3068 5056 3252 5112 vinum
3317 5074 3427 5115 non

1847 5155 2032 5211 bibere
2052 5193 2066 5218 ,
2097 5159 2154 5207 et
2184 5150 2261 5205 ira
2287 5157 2446 5219 atque
2477 5146 2600 5202 odio
2639 5145 2930 5201 inebriari?
2955 5146 3139 5212 Tunc,
3171 5148 3386 5217 inquam
3407 5189 3425 5218 ,

1847 5247 2104 5320 praeclara
2127 5253 2212 5300 est
2241 5240 2562 5298 abstinentia
2582 5280 2598 5306 ,
2628 5249 2755 5294 tunc
2777 5233 2998 5308 pulchra
3028 5248 3188 5309 atque
3216 5241 3424 5309 magni-

1845 5340 1946 5396 ﬁca
1972 5335 2250 5406 castigatio
2277 5333 2519 5405 corporis
2545 5371 2562 5399 ,
2594 5345 2716 5387 cum
2757 5339 2840 5386 est
2881 5329 3095 5385 animus
3133 5329 3349 5401 jejunus
3392 5347 3424 5388 a
3518 5378 3521 5380 _

1909 5534 1980 5595 (Ι)
2013 5532 2095 5582 Sic
2117 5530 2338 5592 legimus
2361 5540 2424 5595 ex
2463 5525 2586 5595 Meus.
2619 5525 2830 5595 nostris,
2870 5536 2981 5574 cum
3018 5530 3163 5575 antea
3201 5524 3429 5588 impressi

1844 5587 2016 5646 omnes
2047 5587 2663 5655 Verumtamen/tamunde
2689 5593 2784 5655 etc:
2849 5646 2861 5655 _
2954 5653 2962 5655 Α
3270 5587 3285 5588 ί
3329 5648 3345 5655 Δ
3379 5647 3388 5655 _

1909 5658 1982 5721 (g)
2016 5655 2210 5704 Desunt
2249 5654 2299 5702 in
2339 5651 2539 5721 Cisterc.
2578 5646 2782 5721 θέε..ᾳυὶ
2810 5646 3020 5721 piscator
3041 5655 3088 5698 et
3111 5661 3294 5721 pauper
3316 5647 3415 5710 fuit,

1909 5658 1982 5772 (gl)
2016 5658 2210 5704 Desunt
2249 5658 2299 5702 in
2339 5658 2539 5702 Cisterc.
2584 5658 2674 5722 ras.
2698 5660 2782 5706 qui
2810 5658 3020 5710 piscator
3041 5658 3088 5698 et
3111 5661 3220 5712 pauj

1844 5720 1916 5777 Pa
1969 5732 2000 5772 ο
2021 5723 2131 5784 post
2152 5728 2240 5780 pro
2263 5712 2526 5768 credmtur
2548 5709 2634 5766 alu
2653 5710 2772 5763 Mss.
2797 5709 2935 5763 codd.
2962 5709 3220 5763 donantur.
