  <div class='ocr_page' id='page_1' title='image "/cluster/home/n/w/nwhite01/storage/ocr_20150623/22/uva.x000826587/692.png"; bbox 0 0 3986 6184; ppageno 0'>
   <div class='ocr_carea' id='block_1_1' title="bbox 15 5796 22 5832">
    <p class='ocr_par' dir='ltr' id='par_1_1' title="bbox 15 5796 22 5832">
     <span class='ocr_line' id='line_1_1' title="bbox 15 5796 22 5832; baseline 0 0"><span class='ocrx_word' id='word_1_1' title='bbox 15 5796 22 5832; x_wconf 84' lang='lat' dir='ltr'><strong>i</strong></span> 
     </span>
    </p>
   </div>
   <div class='ocr_carea' id='block_1_2' title="bbox 67 324 233 387">
    <p class='ocr_par' dir='ltr' id='par_1_2' title="bbox 67 324 233 387">
     <span class='ocr_line' id='line_1_2' title="bbox 67 324 233 387; baseline 0 0"><span class='ocrx_word' id='word_1_2' title='bbox 67 324 233 387; x_wconf 64' lang='grc' dir='ltr'><strong>ιω</strong></span> 
     </span>
    </p>
   </div>
   <div class='ocr_carea' id='block_1_3' title="bbox 148 1065 1689 1155">
    <p class='ocr_par' dir='ltr' id='par_1_3' title="bbox 148 1065 1689 1155">
     <span class='ocr_line' id='line_1_3' title="bbox 148 1065 1689 1155; baseline -0.007 -17"><span class='ocrx_word' id='word_1_3' title='bbox 148 1084 248 1140; x_wconf 77' lang='grc'><strong>28.</strong></span> <span class='ocrx_word' id='word_1_4' title='bbox 278 1084 491 1155; x_wconf 83' lang='lat' dir='ltr'><strong>Reperi</strong></span> <span class='ocrx_word' id='word_1_5' title='bbox 515 1098 642 1139; x_wconf 90' lang='lat' dir='ltr'><strong>vero</strong></span> <span class='ocrx_word' id='word_1_6' title='bbox 664 1091 715 1137; x_wconf 92' lang='lat' dir='ltr'><strong>te</strong></span> <span class='ocrx_word' id='word_1_7' title='bbox 736 1068 812 1155; x_wconf 88' lang='lat' dir='ltr'><strong>(a)</strong></span> <span class='ocrx_word' id='word_1_8' title='bbox 833 1080 970 1135; x_wconf 86' lang='lat' dir='ltr'><strong>miro</strong></span> <span class='ocrx_word' id='word_1_9' title='bbox 995 1065 1116 1135; x_wconf 62' lang='lat' dir='ltr'><strong>fidei</strong></span> <span class='ocrx_word' id='word_1_10' title='bbox 1138 1077 1334 1137; x_wconf 82' lang='lat' dir='ltr'><strong>ardore</strong></span> <span class='ocrx_word' id='word_1_11' title='bbox 1352 1088 1689 1139; x_wconf 89' lang='lat' dir='ltr'><strong>succensam,</strong></span> 
     </span>
    </p>
   </div>
   <div class='ocr_carea' id='block_1_4' title="bbox 77 1166 1694 1246">
    <p class='ocr_par' dir='ltr' id='par_1_4' title="bbox 77 1166 1694 1246">
     <span class='ocr_line' id='line_1_4' title="bbox 77 1166 1694 1246; baseline -0.007 -15"><span class='ocrx_word' id='word_1_12' title='bbox 77 1176 302 1246; x_wconf 89' lang='lat' dir='ltr'><strong>aliquot</strong></span> <span class='ocrx_word' id='word_1_13' title='bbox 331 1176 451 1246; x_wconf 87' lang='lat' dir='ltr'><strong>jam</strong></span> <span class='ocrx_word' id='word_1_14' title='bbox 480 1184 605 1230; x_wconf 85' lang='lat' dir='ltr'><strong>ante</strong></span> <span class='ocrx_word' id='word_1_15' title='bbox 633 1182 803 1228; x_wconf 87' lang='lat' dir='ltr'><strong>annos</strong></span> <span class='ocrx_word' id='word_1_16' title='bbox 829 1171 1213 1227; x_wconf 76' lang='lat' dir='ltr'><strong>continentiam</strong></span> <span class='ocrx_word' id='word_1_17' title='bbox 1242 1166 1607 1238; x_wconf 84' lang='lat' dir='ltr'><strong>proposuisse,</strong></span> <span class='ocrx_word' id='word_1_18' title='bbox 1639 1173 1694 1246; x_wconf 86' lang='lat' dir='ltr'><strong>et</strong></span> 
     </span>
    </p>
   </div>
   <div class='ocr_carea' id='block_1_5' title="bbox 74 1244 1689 1338">
    <p class='ocr_par' dir='ltr' id='par_1_5' title="bbox 74 1244 1689 1338">
     <span class='ocr_line' id='line_1_5' title="bbox 74 1244 1689 1338; baseline -0.007 -15"><span class='ocrx_word' id='word_1_19' title='bbox 74 1244 375 1338; x_wconf 68' lang='lat' dir='ltr'><strong>reliqtsuut</strong></span> <span class='ocrx_word' id='word_1_20' title='bbox 424 1267 551 1323; x_wconf 79' lang='lat' dir='ltr'><strong>vltte</strong></span> <span class='ocrx_word' id='word_1_21' title='bbox 599 1276 707 1324; x_wconf 64' lang='lat' dir='ltr'><strong>me</strong></span> <span class='ocrx_word' id='word_1_22' title='bbox 752 1276 963 1335; x_wconf 86' lang='lat' dir='ltr'><strong>tempus</strong></span> <span class='ocrx_word' id='word_1_23' title='bbox 1007 1261 1279 1335; x_wconf 69' lang='lat' dir='ltr'><strong>pudicitiae</strong></span> <span class='ocrx_word' id='word_1_24' title='bbox 1322 1244 1689 1315; x_wconf 66' lang='lat' dir='ltr'><strong>consecrasse.</strong></span> 
     </span>
    </p>
   </div>
   <div class='ocr_carea' id='block_1_6' title="bbox 74 1349 1692 1429">
    <p class='ocr_par' dir='ltr' id='par_1_6' title="bbox 74 1349 1692 1429">
     <span class='ocr_line' id='line_1_6' title="bbox 74 1349 1692 1429; baseline -0.007 -15"><span class='ocrx_word' id='word_1_25' title='bbox 74 1357 263 1429; x_wconf 78' lang='lat' dir='ltr'><strong>Magni</strong></span> <span class='ocrx_word' id='word_1_26' title='bbox 289 1359 405 1415; x_wconf 85' lang='lat' dir='ltr'><strong>hoc</strong></span> <span class='ocrx_word' id='word_1_27' title='bbox 420 1359 586 1414; x_wconf 78' lang='lat' dir='ltr'><strong>animi</strong></span> <span class='ocrx_word' id='word_1_28' title='bbox 609 1358 840 1428; x_wconf 73' lang='lat' dir='ltr'><strong>sigrium,</strong></span> <span class='ocrx_word' id='word_1_29' title='bbox 858 1364 913 1411; x_wconf 89' lang='lat' dir='ltr'><strong>et</strong></span> <span class='ocrx_word' id='word_1_30' title='bbox 935 1354 1183 1425; x_wconf 61' lang='lat' dir='ltr'><strong>pet-lecta;t</strong></span> <span class='ocrx_word' id='word_1_31' title='bbox 1201 1351 1415 1407; x_wconf 76' lang='lat' dir='ltr'><strong>virtutis</strong></span> <span class='ocrx_word' id='word_1_32' title='bbox 1436 1349 1692 1404; x_wconf 88' lang='lat' dir='ltr'><strong>indicium</strong></span> 
     </span>
    </p>
   </div>
   <div class='ocr_carea' id='block_1_7' title="bbox 74 1441 1693 1519">
    <p class='ocr_par' dir='ltr' id='par_1_7' title="bbox 74 1441 1693 1519">
     <span class='ocr_line' id='line_1_7' title="bbox 74 1441 1693 1519; baseline -0.009 -11"><span class='ocrx_word' id='word_1_33' title='bbox 74 1460 183 1516; x_wconf 89' lang='lat' dir='ltr'><strong>est,</strong></span> <span class='ocrx_word' id='word_1_34' title='bbox 206 1452 542 1519; x_wconf 64' lang='lat' dir='ltr'><strong>munitiora</strong></span> <span class='ocrx_word' id='word_1_35' title='bbox 562 1449 742 1509; x_wconf 76' lang='lat' dir='ltr'><strong>subito</strong></span> <span class='ocrx_word' id='word_1_36' title='bbox 765 1457 1001 1518; x_wconf 81' lang='lat' dir='ltr'><strong>expertae</strong></span> <span class='ocrx_word' id='word_1_37' title='bbox 1020 1444 1303 1515; x_wconf 80' lang='lat' dir='ltr'><strong>voluptati,</strong></span> <span class='ocrx_word' id='word_1_38' title='bbox 1336 1441 1521 1512; x_wconf 76' lang='lat' dir='ltr'><strong>fugere</strong></span> <span class='ocrx_word' id='word_1_39' title='bbox 1539 1446 1693 1501; x_wconf 78' lang='lat' dir='ltr'><strong>notas</strong></span> 
     </span>
    </p>
   </div>
   <div class='ocr_carea' id='block_1_8' title="bbox 76 1542 618 1615">
    <p class='ocr_par' dir='ltr' id='par_1_8' title="bbox 76 1542 618 1615">
     <span class='ocr_line' id='line_1_8' title="bbox 76 1542 618 1615; baseline -0.007 -14"><span class='ocrx_word' id='word_1_40' title='bbox 76 1542 272 1615; x_wconf 72' lang='lat' dir='ltr'><strong>carnis</strong></span> <span class='ocrx_word' id='word_1_41' title='bbox 304 1544 618 1608; x_wconf 69' lang='lat' dir='ltr'><strong>illecebras,</strong></span> 
     </span>
    </p>
   </div>
   <div class='ocr_carea' id='block_1_9' title="bbox 75 1623 1697 1705">
    <p class='ocr_par' dir='ltr' id='par_1_9' title="bbox 75 1623 1697 1705">
     <span class='ocr_line' id='line_1_9' title="bbox 75 1623 1697 1705; baseline -0.006 -15"><span class='ocrx_word' id='word_1_42' title='bbox 75 1634 349 1697; x_wconf 74' lang='lat' dir='ltr'><strong>ﬂammas</strong></span> <span class='ocrx_word' id='word_1_43' title='bbox 367 1634 496 1693; x_wconf 80' lang='lat' dir='ltr'><strong>ﬁdei</strong></span> <span class='ocrx_word' id='word_1_44' title='bbox 518 1648 702 1691; x_wconf 88' lang='lat' dir='ltr'><strong>amore</strong></span> <span class='ocrx_word' id='word_1_45' title='bbox 721 1631 817 1705; x_wconf 83' lang='lat' dir='ltr'><strong>[aL</strong></span> <span class='ocrx_word' id='word_1_46' title='bbox 833 1627 1043 1702; x_wconf 76' lang='lat' dir='ltr'><strong>ardore]</strong></span> <span class='ocrx_word' id='word_1_47' title='bbox 1063 1629 1417 1700; x_wconf 76' lang='lat' dir='ltr'><strong>restinguere.</strong></span> <span class='ocrx_word' id='word_1_48' title='bbox 1430 1625 1543 1684; x_wconf 77' lang='lat' dir='ltr'><strong>Sed</strong></span> <span class='ocrx_word' id='word_1_49' title='bbox 1556 1623 1697 1681; x_wconf 79' lang='lat' dir='ltr'><strong>illud</strong></span> 
     </span>
    </p>
   </div>
   <div class='ocr_carea' id='block_1_10' title="bbox 77 1718 1697 1801">
    <p class='ocr_par' dir='ltr' id='par_1_10' title="bbox 77 1718 1697 1801">
     <span class='ocr_line' id='line_1_10' title="bbox 77 1718 1697 1801; baseline -0.008 -14"><span class='ocrx_word' id='word_1_50' title='bbox 77 1743 309 1801; x_wconf 84' lang='lat' dir='ltr'><strong>quoque</strong></span> <span class='ocrx_word' id='word_1_51' title='bbox 336 1727 508 1785; x_wconf 73' lang='lat' dir='ltr'><strong>simul</strong></span> <span class='ocrx_word' id='word_1_52' title='bbox 532 1726 716 1793; x_wconf 81' lang='lat' dir='ltr'><strong>didici,</strong></span> <span class='ocrx_word' id='word_1_53' title='bbox 747 1724 894 1795; x_wconf 81' lang='lat' dir='ltr'><strong>quod</strong></span> <span class='ocrx_word' id='word_1_54' title='bbox 920 1739 1008 1779; x_wconf 90' lang='lat' dir='ltr'><strong>me</strong></span> <span class='ocrx_word' id='word_1_55' title='bbox 1038 1738 1146 1778; x_wconf 89' lang='lat' dir='ltr'><strong>non</strong></span> <span class='ocrx_word' id='word_1_56' title='bbox 1172 1718 1525 1777; x_wconf 83' lang='lat' dir='ltr'><strong>mediocriter</strong></span> <span class='ocrx_word' id='word_1_57' title='bbox 1547 1718 1697 1789; x_wconf 76' lang='lat' dir='ltr'><strong>angit</strong></span> 
     </span>
    </p>
   </div>
   <div class='ocr_carea' id='block_1_11' title="bbox 77 1811 1695 1887">
    <p class='ocr_par' dir='ltr' id='par_1_11' title="bbox 77 1811 1695 1887">
     <span class='ocr_line' id='line_1_11' title="bbox 77 1811 1695 1887; baseline -0.009 -9"><span class='ocrx_word' id='word_1_58' title='bbox 77 1837 145 1879; x_wconf 87' lang='lat' dir='ltr'><strong>ac</strong></span> <span class='ocrx_word' id='word_1_59' title='bbox 166 1820 436 1879; x_wconf 76' lang='lat' dir='ltr'><strong>stimulat</strong></span> <span class='ocrx_word' id='word_1_60' title='bbox 457 1861 474 1887; x_wconf 98' lang='lat'><strong>,</strong></span> <span class='ocrx_word' id='word_1_61' title='bbox 501 1827 556 1874; x_wconf 89' lang='lat' dir='ltr'><strong>te</strong></span> <span class='ocrx_word' id='word_1_62' title='bbox 573 1817 1059 1874; x_wconf 80' lang='lat' dir='ltr'><strong>videlicet~tantum</strong></span> <span class='ocrx_word' id='word_1_63' title='bbox 1089 1814 1191 1870; x_wconf 85' lang='lat' dir='ltr'><strong>hoc</strong></span> <span class='ocrx_word' id='word_1_64' title='bbox 1215 1813 1416 1869; x_wconf 80' lang='lat' dir='ltr'><strong>bonum</strong></span> <span class='ocrx_word' id='word_1_65' title='bbox 1433 1850 1451 1879; x_wconf 96' lang='lat'><strong>,</strong></span> <span class='ocrx_word' id='word_1_66' title='bbox 1488 1811 1695 1880; x_wconf 84' lang='lat' dir='ltr'><strong>absque</strong></span> 
     </span>
    </p>
   </div>
   <div class='ocr_carea' id='block_1_12' title="bbox 81 1902 1694 1985">
    <p class='ocr_par' dir='ltr' id='par_1_12' title="bbox 81 1902 1694 1985">
     <span class='ocr_line' id='line_1_12' title="bbox 81 1902 1694 1985; baseline -0.008 -13"><span class='ocrx_word' id='word_1_67' title='bbox 81 1928 397 1972; x_wconf 57' lang='lat' dir='ltr'><strong>consensa</strong></span> <span class='ocrx_word' id='word_1_68' title='bbox 420 1918 474 1971; x_wconf 88' lang='lat' dir='ltr'><strong>et</strong></span> <span class='ocrx_word' id='word_1_69' title='bbox 512 1918 673 1985; x_wconf 82' lang='lat' dir='ltr'><strong>pacto</strong></span> <span class='ocrx_word' id='word_1_70' title='bbox 710 1910 808 1965; x_wconf 84' lang='lat' dir='ltr'><strong>viri</strong></span> <span class='ocrx_word' id='word_1_71' title='bbox 856 1921 1087 1965; x_wconf 83' lang='lat' dir='ltr'><strong>servare</strong></span> <span class='ocrx_word' id='word_1_72' title='bbox 1123 1905 1390 1975; x_wconf 65' lang='lat' dir='ltr'><strong>cupisse,</strong></span> <span class='ocrx_word' id='word_1_73' title='bbox 1421 1917 1545 1958; x_wconf 86' lang='lat' dir='ltr'><strong>cum</strong></span> <span class='ocrx_word' id='word_1_74' title='bbox 1590 1902 1694 1959; x_wconf 88' lang='lat' dir='ltr'><strong>hoc</strong></span> 
     </span>
    </p>
   </div>
   <div class='ocr_carea' id='block_1_13' title="bbox 82 1993 1697 2077">
    <p class='ocr_par' dir='ltr' id='par_1_13' title="bbox 82 1993 1697 2077">
     <span class='ocr_line' id='line_1_13' title="bbox 82 1993 1697 2077; baseline -0.009 -14"><span class='ocrx_word' id='word_1_75' title='bbox 82 2006 419 2077; x_wconf 81' lang='lat' dir='ltr'><strong>Apostolica</strong></span> <span class='ocrx_word' id='word_1_76' title='bbox 448 2005 668 2059; x_wconf 87' lang='lat' dir='ltr'><strong>omnino</strong></span> <span class='ocrx_word' id='word_1_77' title='bbox 695 2001 986 2058; x_wconf 81' lang='lat' dir='ltr'><strong>interdicat</strong></span> <span class='ocrx_word' id='word_1_78' title='bbox 1012 1997 1332 2062; x_wconf 81' lang='lat' dir='ltr'><strong>auctoritas,</strong></span> <span class='ocrx_word' id='word_1_79' title='bbox 1360 2010 1481 2067; x_wconf 66' lang='lat' dir='ltr'><strong>quas</strong></span> <span class='ocrx_word' id='word_1_80' title='bbox 1510 1995 1562 2049; x_wconf 92' lang='lat' dir='ltr'><strong>in</strong></span> <span class='ocrx_word' id='word_1_81' title='bbox 1592 1993 1697 2049; x_wconf 70' lang='lat' dir='ltr'><strong>ine</strong></span> 
     </span>
    </p>
   </div>
   <div class='ocr_carea' id='block_1_14' title="bbox 83 2089 1692 2161">
    <p class='ocr_par' dir='ltr' id='par_1_14' title="bbox 83 2089 1692 2161">
     <span class='ocr_line' id='line_1_14' title="bbox 83 2089 1692 2161; baseline -0.009 -5"><span class='ocrx_word' id='word_1_82' title='bbox 83 2099 366 2156; x_wconf 77' lang='lat' dir='ltr'><strong>duntaxat</strong></span> <span class='ocrx_word' id='word_1_83' title='bbox 416 2106 577 2155; x_wconf 78' lang='lat' dir='ltr'><strong>causa</strong></span> <span class='ocrx_word' id='word_1_84' title='bbox 598 2138 613 2161; x_wconf 92' lang='lat'><strong>,</strong></span> <span class='ocrx_word' id='word_1_85' title='bbox 643 2112 751 2151; x_wconf 88' lang='lat' dir='ltr'><strong>non</strong></span> <span class='ocrx_word' id='word_1_86' title='bbox 781 2095 941 2149; x_wconf 83' lang='lat' dir='ltr'><strong>modo</strong></span> <span class='ocrx_word' id='word_1_87' title='bbox 969 2108 1193 2148; x_wconf 79' lang='lat' dir='ltr'><strong>uxorem</strong></span> <span class='ocrx_word' id='word_1_88' title='bbox 1221 2092 1338 2144; x_wconf 89' lang='lat' dir='ltr'><strong>viro</strong></span> <span class='ocrx_word' id='word_1_89' title='bbox 1357 2129 1374 2154; x_wconf 95' lang='lat'><strong>,</strong></span> <span class='ocrx_word' id='word_1_90' title='bbox 1406 2089 1501 2144; x_wconf 90' lang='lat' dir='ltr'><strong>sed</strong></span> <span class='ocrx_word' id='word_1_91' title='bbox 1531 2089 1692 2142; x_wconf 90' lang='lat' dir='ltr'><strong>etiam</strong></span> 
     </span>
    </p>
   </div>
   <div class='ocr_carea' id='block_1_15' title="bbox 83 2180 1698 2257">
    <p class='ocr_par' dir='ltr' id='par_1_15' title="bbox 83 2180 1698 2257">
     <span class='ocr_line' id='line_1_15' title="bbox 83 2180 1698 2257; baseline -0.012 -7"><span class='ocrx_word' id='word_1_92' title='bbox 83 2194 269 2250; x_wconf 77' lang='lat' dir='ltr'><strong>virum</strong></span> <span class='ocrx_word' id='word_1_93' title='bbox 302 2190 495 2247; x_wconf 78' lang='lat' dir='ltr'><strong>uxoris</strong></span> <span class='ocrx_word' id='word_1_94' title='bbox 516 2188 746 2257; x_wconf 79' lang='lat' dir='ltr'><strong>subjecit</strong></span> <span class='ocrx_word' id='word_1_95' title='bbox 769 2186 1039 2257; x_wconf 81' lang='lat' dir='ltr'><strong>potestati.</strong></span> <span class='ocrx_word' id='word_1_96' title='bbox 1072 2183 1235 2245; x_wconf 75' lang='lat' dir='ltr'><strong>Uxor,</strong></span> <span class='ocrx_word' id='word_1_97' title='bbox 1264 2182 1455 2250; x_wconf 87' lang='lat' dir='ltr'><strong>inquit,</strong></span> <span class='ocrx_word' id='word_1_98' title='bbox 1476 2180 1557 2232; x_wconf 78' lang='lat' dir='ltr'><strong>sui</strong></span> <span class='ocrx_word' id='word_1_99' title='bbox 1582 2182 1698 2231; x_wconf 83' lang='lat' dir='ltr'><strong>ebr-</strong></span> 
     </span>
    </p>
   </div>
   <div class='ocr_carea' id='block_1_16' title="bbox 86 2273 1699 2355">
    <p class='ocr_par' dir='ltr' id='par_1_16' title="bbox 86 2273 1699 2355">
     <span class='ocr_line' id='line_1_16' title="bbox 86 2273 1699 2355; baseline -0.009 -15"><span class='ocrx_word' id='word_1_100' title='bbox 86 2286 232 2355; x_wconf 81' lang='lat' dir='ltr'><strong>poris</strong></span> <span class='ocrx_word' id='word_1_101' title='bbox 257 2289 573 2355; x_wconf 76' lang='lat' dir='ltr'><strong>potestatem</strong></span> <span class='ocrx_word' id='word_1_102' title='bbox 600 2296 702 2334; x_wconf 80' lang='lat' dir='ltr'><strong>non</strong></span> <span class='ocrx_word' id='word_1_103' title='bbox 731 2279 908 2340; x_wconf 83' lang='lat' dir='ltr'><strong>habet,</strong></span> <span class='ocrx_word' id='word_1_104' title='bbox 936 2276 1149 2330; x_wconf 70' lang='lat' dir='ltr'><strong>sed&#39;uir.</strong></span> <span class='ocrx_word' id='word_1_105' title='bbox 1184 2273 1434 2329; x_wconf 70' lang='lat' dir='ltr'><strong>Similiter</strong></span> <span class='ocrx_word' id='word_1_106' title='bbox 1456 2281 1624 2326; x_wconf 67' lang='lat' dir='ltr'><strong>autem</strong></span> <span class='ocrx_word' id='word_1_107' title='bbox 1651 2278 1699 2324; x_wconf 86' lang='lat' dir='ltr'><strong>et</strong></span> 
     </span>
    </p>
   </div>
   <div class='ocr_carea' id='block_1_17' title="bbox 86 2365 1692 2445">
    <p class='ocr_par' dir='ltr' id='par_1_17' title="bbox 86 2365 1692 2445">
     <span class='ocr_line' id='line_1_17' title="bbox 86 2365 1692 2445; baseline -0.007 -14"><span class='ocrx_word' id='word_1_108' title='bbox 86 2376 164 2431; x_wconf 75' lang='lat' dir='ltr'><strong>air</strong></span> <span class='ocrx_word' id='word_1_109' title='bbox 197 2384 521 2445; x_wconf 69' lang='lat' dir='ltr'><strong>potestatem</strong></span> <span class='ocrx_word' id='word_1_110' title='bbox 545 2388 647 2426; x_wconf 81' lang='lat' dir='ltr'><strong>non</strong></span> <span class='ocrx_word' id='word_1_111' title='bbox 672 2370 823 2425; x_wconf 75' lang='lat' dir='ltr'><strong>habet</strong></span> <span class='ocrx_word' id='word_1_112' title='bbox 858 2370 939 2424; x_wconf 78' lang='lat' dir='ltr'><strong>sui</strong></span> <span class='ocrx_word' id='word_1_113' title='bbox 979 2371 1206 2439; x_wconf 84' lang='lat' dir='ltr'><strong>corporis</strong></span> <span class='ocrx_word' id='word_1_114' title='bbox 1228 2409 1243 2433; x_wconf 98' lang='lat'><strong>,</strong></span> <span class='ocrx_word' id='word_1_115' title='bbox 1268 2367 1357 2421; x_wconf 81' lang='lat' dir='ltr'><strong>sed</strong></span> <span class='ocrx_word' id='word_1_116' title='bbox 1392 2367 1571 2420; x_wconf 79' lang='lat' dir='ltr'><strong>mulier</strong></span> <span class='ocrx_word' id='word_1_117' title='bbox 1613 2365 1692 2437; x_wconf 79' lang='lat'><strong>(1.</strong></span> 
     </span>
    </p>
   </div>
   <div class='ocr_carea' id='block_1_18' title="bbox 701 1532 1693 1613">
    <p class='ocr_par' dir='ltr' id='par_1_18' title="bbox 701 1532 1693 1613">
     <span class='ocr_line' id='line_1_18' title="bbox 701 1532 1693 1613; baseline -0.021 -9"><span class='ocrx_word' id='word_1_118' title='bbox 701 1543 909 1613; x_wconf 63' lang='grc'>1111</span> <span class='ocrx_word' id='word_1_119' title='bbox 986 1547 1043 1595; x_wconf 85' lang='lat' dir='ltr'><strong>et</strong></span> <span class='ocrx_word' id='word_1_120' title='bbox 1066 1536 1293 1595; x_wconf 81' lang='lat' dir='ltr'><strong>calentis</strong></span> <span class='ocrx_word' id='word_1_121' title='bbox 1318 1534 1495 1603; x_wconf 69' lang='lat' dir='ltr'><strong>adhuc</strong></span> <span class='ocrx_word' id='word_1_122' title='bbox 1518 1532 1693 1589; x_wconf 64' lang='lat' dir='ltr'><strong>atatis</strong></span> 
     </span>
    </p>
   </div>
   <div class='ocr_carea' id='block_1_19' title="bbox 89 2458 1689 2539">
    <p class='ocr_par' dir='ltr' id='par_1_19' title="bbox 89 2458 1689 2539">
     <span class='ocr_line' id='line_1_19' title="bbox 89 2458 1689 2539; baseline -0.008 -15"><span class='ocrx_word' id='word_1_123' title='bbox 89 2470 210 2524; x_wconf 84' lang='lat' dir='ltr'><strong>Cor.</strong></span> <span class='ocrx_word' id='word_1_124' title='bbox 237 2469 295 2523; x_wconf 79' lang='lat'><strong>&#39;2.</strong></span> <span class='ocrx_word' id='word_1_125' title='bbox 326 2468 364 2522; x_wconf 71' lang='grc'><strong>4</strong></span> <span class='ocrx_word' id='word_1_126' title='bbox 387 2467 431 2539; x_wconf 90' lang='grc'><strong>).</strong></span> <span class='ocrx_word' id='word_1_127' title='bbox 478 2465 561 2521; x_wconf 86' lang='lat' dir='ltr'><strong>Tu</strong></span> <span class='ocrx_word' id='word_1_128' title='bbox 599 2479 729 2519; x_wconf 91' lang='lat' dir='ltr'><strong>vero</strong></span> <span class='ocrx_word' id='word_1_129' title='bbox 767 2463 917 2532; x_wconf 84' lang='lat' dir='ltr'><strong>quasi</strong></span> <span class='ocrx_word' id='word_1_130' title='bbox 953 2462 1116 2518; x_wconf 86' lang='lat' dir='ltr'><strong>oblita</strong></span> <span class='ocrx_word' id='word_1_131' title='bbox 1160 2459 1378 2521; x_wconf 68' lang='lat' dir='ltr'><strong>hederis</strong></span> <span class='ocrx_word' id='word_1_132' title='bbox 1404 2458 1689 2526; x_wconf 74' lang='lat' dir='ltr'><strong>nuptialis,</strong></span> 
     </span>
    </p>
   </div>
   <div class='ocr_carea' id='block_1_20' title="bbox 92 2550 1701 2631">
    <p class='ocr_par' dir='ltr' id='par_1_20' title="bbox 92 2550 1701 2631">
     <span class='ocr_line' id='line_1_20' title="bbox 92 2550 1701 2631; baseline -0.007 -14"><span class='ocrx_word' id='word_1_133' title='bbox 92 2561 363 2631; x_wconf 70' lang='lat' dir='ltr'><strong>pectique</strong></span> <span class='ocrx_word' id='word_1_134' title='bbox 382 2557 546 2628; x_wconf 69' lang='lat' dir='ltr'><strong>huius</strong></span> <span class='ocrx_word' id='word_1_135' title='bbox 570 2572 633 2611; x_wconf 86' lang='lat' dir='ltr'><strong>ae</strong></span> <span class='ocrx_word' id='word_1_136' title='bbox 651 2555 1116 2627; x_wconf 52' lang='lat' dir='ltr'><strong>juris-immemor,</strong></span> <span class='ocrx_word' id='word_1_137' title='bbox 1146 2553 1448 2607; x_wconf 77' lang='lat' dir='ltr'><strong>inconsulto</strong></span> <span class='ocrx_word' id='word_1_138' title='bbox 1474 2550 1588 2604; x_wconf 90' lang='lat' dir='ltr'><strong>viro</strong></span> <span class='ocrx_word' id='word_1_139' title='bbox 1608 2564 1701 2605; x_wconf 85' lang='lat' dir='ltr'><strong>vo—</strong></span> 
     </span>
    </p>
   </div>
   <div class='ocr_carea' id='block_1_21' title="bbox 91 2644 1707 2718">
    <p class='ocr_par' dir='ltr' id='par_1_21' title="bbox 91 2644 1707 2718">
     <span class='ocr_line' id='line_1_21' title="bbox 91 2644 1707 2718; baseline -0.008 -9"><span class='ocrx_word' id='word_1_140' title='bbox 91 2657 215 2711; x_wconf 89' lang='lat' dir='ltr'><strong>visti</strong></span> <span class='ocrx_word' id='word_1_141' title='bbox 253 2653 499 2708; x_wconf 82' lang='lat' dir='ltr'><strong>Domino</strong></span> <span class='ocrx_word' id='word_1_142' title='bbox 525 2652 849 2706; x_wconf 77' lang='lat' dir='ltr'><strong>castitatem.</strong></span> <span class='ocrx_word' id='word_1_143' title='bbox 881 2648 987 2707; x_wconf 88' lang='lat' dir='ltr'><strong>Sed</strong></span> <span class='ocrx_word' id='word_1_144' title='bbox 1033 2647 1333 2718; x_wconf 83' lang='lat' dir='ltr'><strong>periculose</strong></span> <span class='ocrx_word' id='word_1_145' title='bbox 1377 2644 1707 2715; x_wconf 81' lang='lat' dir='ltr'><strong>promittitur</strong></span> 
     </span>
    </p>
   </div>
   <div class='ocr_carea' id='block_1_22' title="bbox 97 2736 1700 2816">
    <p class='ocr_par' dir='ltr' id='par_1_22' title="bbox 97 2736 1700 2816">
     <span class='ocr_line' id='line_1_22' title="bbox 97 2736 1700 2816; baseline -0.009 -14"><span class='ocrx_word' id='word_1_146' title='bbox 97 2746 237 2816; x_wconf 88' lang='lat' dir='ltr'><strong>quod</strong></span> <span class='ocrx_word' id='word_1_147' title='bbox 271 2744 464 2799; x_wconf 66' lang='lat' dir='ltr'><strong>adhuc</strong></span> <span class='ocrx_word' id='word_1_148' title='bbox 488 2742 542 2797; x_wconf 92' lang='lat' dir='ltr'><strong>in</strong></span> <span class='ocrx_word' id='word_1_149' title='bbox 570 2742 792 2797; x_wconf 83' lang='lat' dir='ltr'><strong>alterius</strong></span> <span class='ocrx_word' id='word_1_150' title='bbox 820 2746 1087 2811; x_wconf 71' lang='lat' dir='ltr'><strong>potestate</strong></span> <span class='ocrx_word' id='word_1_151' title='bbox 1113 2747 1215 2793; x_wconf 89' lang='lat' dir='ltr'><strong>est.</strong></span> <span class='ocrx_word' id='word_1_152' title='bbox 1240 2736 1309 2791; x_wconf 83' lang='lat' dir='ltr'><strong>Et</strong></span> <span class='ocrx_word' id='word_1_153' title='bbox 1334 2736 1519 2791; x_wconf 87' lang='lat' dir='ltr'><strong>nescio</strong></span> <span class='ocrx_word' id='word_1_154' title='bbox 1540 2747 1700 2804; x_wconf 87' lang='lat' dir='ltr'><strong>quam</strong></span> 
     </span>
    </p>
   </div>
   <div class='ocr_carea' id='block_1_23' title="bbox 99 2827 1703 2910">
    <p class='ocr_par' dir='ltr' id='par_1_23' title="bbox 99 2827 1703 2910">
     <span class='ocr_line' id='line_1_23' title="bbox 99 2827 1703 2910; baseline -0.009 -15"><span class='ocrx_word' id='word_1_155' title='bbox 99 2840 167 2895; x_wconf 86' lang='lat' dir='ltr'><strong>sit</strong></span> <span class='ocrx_word' id='word_1_156' title='bbox 212 2848 378 2910; x_wconf 70' lang='lat' dir='ltr'><strong>grata</strong></span> <span class='ocrx_word' id='word_1_157' title='bbox 428 2837 681 2900; x_wconf 80' lang='lat' dir='ltr'><strong>donatio,</strong></span> <span class='ocrx_word' id='word_1_158' title='bbox 710 2835 757 2889; x_wconf 89' lang='lat' dir='ltr'><strong>si</strong></span> <span class='ocrx_word' id='word_1_159' title='bbox 799 2848 937 2888; x_wconf 78' lang='lat' dir='ltr'><strong>imus</strong></span> <span class='ocrx_word' id='word_1_160' title='bbox 975 2830 1165 2886; x_wconf 69' lang='lat' dir='ltr'><strong>oﬁerat</strong></span> <span class='ocrx_word' id='word_1_161' title='bbox 1208 2844 1322 2885; x_wconf 88' lang='lat' dir='ltr'><strong>rem</strong></span> <span class='ocrx_word' id='word_1_162' title='bbox 1362 2829 1597 2884; x_wconf 87' lang='lat' dir='ltr'><strong>duorum</strong></span> <span class='ocrx_word' id='word_1_163' title='bbox 1624 2827 1703 2905; x_wconf 71' lang='grc' dir='ltr'><strong>(ὁ)</strong></span> 
     </span>
    </p>
   </div>
   <div class='ocr_carea' id='block_1_24' title="bbox 99 2918 1700 3000">
    <p class='ocr_par' dir='ltr' id='par_1_24' title="bbox 99 2918 1700 3000">
     <span class='ocr_line' id='line_1_24' title="bbox 99 2918 1700 3000; baseline -0.009 -15"><span class='ocrx_word' id='word_1_164' title='bbox 99 2929 261 2985; x_wconf 78' lang='lat' dir='ltr'><strong>Multa</strong></span> <span class='ocrx_word' id='word_1_165' title='bbox 277 2929 401 3000; x_wconf 83' lang='lat' dir='ltr'><strong>jam</strong></span> <span class='ocrx_word' id='word_1_166' title='bbox 424 2943 521 2999; x_wconf 91' lang='lat' dir='ltr'><strong>per</strong></span> <span class='ocrx_word' id='word_1_167' title='bbox 543 2924 909 2997; x_wconf 80' lang='lat' dir='ltr'><strong>hujuscemodi</strong></span> <span class='ocrx_word' id='word_1_168' title='bbox 929 2922 1285 2992; x_wconf 83' lang='lat' dir='ltr'><strong>ignorantiam</strong></span> <span class='ocrx_word' id='word_1_169' title='bbox 1301 2927 1358 2975; x_wconf 92' lang='lat' dir='ltr'><strong>et</strong></span> <span class='ocrx_word' id='word_1_170' title='bbox 1376 2918 1700 2984; x_wconf 79' lang='lat' dir='ltr'><strong>audivimus,</strong></span> 
     </span>
    </p>
   </div>
   <div class='ocr_carea' id='block_1_25' title="bbox 101 3010 1701 3086">
    <p class='ocr_par' dir='ltr' id='par_1_25' title="bbox 101 3010 1701 3086">
     <span class='ocr_line' id='line_1_25' title="bbox 101 3010 1701 3086; baseline -0.009 -9"><span class='ocrx_word' id='word_1_171' title='bbox 101 3031 155 3077; x_wconf 88' lang='lat' dir='ltr'><strong>et</strong></span> <span class='ocrx_word' id='word_1_172' title='bbox 182 3022 431 3076; x_wconf 68' lang='lat' dir='ltr'><strong>vidimus</strong></span> <span class='ocrx_word' id='word_1_173' title='bbox 452 3018 621 3074; x_wconf 86' lang='lat' dir='ltr'><strong>scissa</strong></span> <span class='ocrx_word' id='word_1_174' title='bbox 645 3016 919 3086; x_wconf 62' lang='lat' dir='ltr'><strong>coniugia,</strong></span> <span class='ocrx_word' id='word_1_175' title='bbox 946 3014 1205 3084; x_wconf 74' lang='lat' dir='ltr'><strong>quodque</strong></span> <span class='ocrx_word' id='word_1_176' title='bbox 1222 3012 1495 3067; x_wconf 82' lang='lat' dir='ltr'><strong>recordari</strong></span> <span class='ocrx_word' id='word_1_177' title='bbox 1528 3010 1701 3080; x_wconf 89' lang='lat' dir='ltr'><strong>piget,</strong></span> 
     </span>
    </p>
   </div>
   <div class='ocr_carea' id='block_1_26' title="bbox 105 3102 1703 3176">
    <p class='ocr_par' dir='ltr' id='par_1_26' title="bbox 105 3102 1703 3176">
     <span class='ocr_line' id='line_1_26' title="bbox 105 3102 1703 3176; baseline -0.01 -4"><span class='ocrx_word' id='word_1_178' title='bbox 105 3114 405 3171; x_wconf 80' lang='lat' dir='ltr'><strong>occasione</strong></span> <span class='ocrx_word' id='word_1_179' title='bbox 444 3111 709 3169; x_wconf 83' lang='lat' dir='ltr'><strong>castitatis</strong></span> <span class='ocrx_word' id='word_1_180' title='bbox 754 3108 1075 3164; x_wconf 80' lang='lat' dir='ltr'><strong>adulterium</strong></span> <span class='ocrx_word' id='word_1_181' title='bbox 1124 3106 1516 3176; x_wconf 86' lang='lat' dir='ltr'><strong>perpetratum.</strong></span> <span class='ocrx_word' id='word_1_182' title='bbox 1566 3102 1703 3157; x_wconf 88' lang='lat' dir='ltr'><strong>Nam</strong></span> 
     </span>
    </p>
   </div>
   <div class='ocr_carea' id='block_1_27' title="bbox 106 3192 1705 3276">
    <p class='ocr_par' dir='ltr' id='par_1_27' title="bbox 106 3192 1705 3276">
     <span class='ocr_line' id='line_1_27' title="bbox 106 3192 1705 3276; baseline -0.009 -14"><span class='ocrx_word' id='word_1_183' title='bbox 106 3205 234 3262; x_wconf 87' lang='lat' dir='ltr'><strong>dum</strong></span> <span class='ocrx_word' id='word_1_184' title='bbox 265 3221 377 3262; x_wconf 90' lang='lat' dir='ltr'><strong>una</strong></span> <span class='ocrx_word' id='word_1_185' title='bbox 423 3216 547 3276; x_wconf 79' lang='lat' dir='ltr'><strong>pars</strong></span> <span class='ocrx_word' id='word_1_186' title='bbox 584 3217 647 3258; x_wconf 87' lang='lat' dir='ltr'><strong>se</strong></span> <span class='ocrx_word' id='word_1_187' title='bbox 681 3202 843 3257; x_wconf 68' lang='lat' dir='ltr'><strong>etiam</strong></span> <span class='ocrx_word' id='word_1_188' title='bbox 867 3214 898 3254; x_wconf 88' lang='lat' dir='ltr'><strong>a</strong></span> <span class='ocrx_word' id='word_1_189' title='bbox 930 3198 1092 3254; x_wconf 87' lang='lat' dir='ltr'><strong>licitis</strong></span> <span class='ocrx_word' id='word_1_190' title='bbox 1133 3197 1399 3253; x_wconf 70' lang='lat' dir='ltr'><strong>abStiuet&#39;:</strong></span> <span class='ocrx_word' id='word_1_191' title='bbox 1428 3195 1597 3249; x_wconf 87' lang='lat' dir='ltr'><strong>altera</strong></span> <span class='ocrx_word' id='word_1_192' title='bbox 1636 3192 1705 3248; x_wconf 89' lang='lat' dir='ltr'><strong>ad</strong></span> 
     </span>
    </p>
   </div>
   <div class='ocr_carea' id='block_1_28' title="bbox 109 3285 1706 3367">
    <p class='ocr_par' dir='ltr' id='par_1_28' title="bbox 109 3285 1706 3367">
     <span class='ocr_line' id='line_1_28' title="bbox 109 3285 1706 3367; baseline -0.01 -11"><span class='ocrx_word' id='word_1_193' title='bbox 109 3300 291 3356; x_wconf 82' lang='lat' dir='ltr'><strong>illicita</strong></span> <span class='ocrx_word' id='word_1_194' title='bbox 314 3298 548 3367; x_wconf 80' lang='lat' dir='ltr'><strong>delapsa</strong></span> <span class='ocrx_word' id='word_1_195' title='bbox 572 3304 677 3351; x_wconf 89' lang='lat' dir='ltr'><strong>est.</strong></span> <span class='ocrx_word' id='word_1_196' title='bbox 701 3295 769 3348; x_wconf 80' lang='lat' dir='ltr'><strong>Et</strong></span> <span class='ocrx_word' id='word_1_197' title='bbox 793 3292 977 3347; x_wconf 84' lang='lat' dir='ltr'><strong>nescio</strong></span> <span class='ocrx_word' id='word_1_198' title='bbox 994 3290 1049 3346; x_wconf 90' lang='lat' dir='ltr'><strong>in</strong></span> <span class='ocrx_word' id='word_1_199' title='bbox 1076 3290 1166 3347; x_wconf 86' lang='lat' dir='ltr'><strong>tali</strong></span> <span class='ocrx_word' id='word_1_200' title='bbox 1188 3298 1373 3355; x_wconf 72' lang='lat' dir='ltr'><strong>causa;</strong></span> <span class='ocrx_word' id='word_1_201' title='bbox 1397 3287 1518 3357; x_wconf 78' lang='lat' dir='ltr'><strong>quis</strong></span> <span class='ocrx_word' id='word_1_202' title='bbox 1536 3285 1706 3357; x_wconf 81' lang='lat' dir='ltr'><strong>magis</strong></span> 
     </span>
    </p>
   </div>
   <div class='ocr_carea' id='block_1_29' title="bbox 111 3378 1707 3459">
    <p class='ocr_par' dir='ltr' id='par_1_29' title="bbox 111 3378 1707 3459">
     <span class='ocr_line' id='line_1_29' title="bbox 111 3378 1707 3459; baseline -0.011 -10"><span class='ocrx_word' id='word_1_203' title='bbox 111 3392 382 3455; x_wconf 85' lang='lat' dir='ltr'><strong>accusari,</strong></span> <span class='ocrx_word' id='word_1_204' title='bbox 412 3390 537 3459; x_wconf 76' lang='lat' dir='ltr'><strong>quis</strong></span> <span class='ocrx_word' id='word_1_205' title='bbox 564 3387 796 3458; x_wconf 75' lang='lat' dir='ltr'><strong>amplius</strong></span> <span class='ocrx_word' id='word_1_206' title='bbox 824 3384 1030 3455; x_wconf 84' lang='lat' dir='ltr'><strong>culpari</strong></span> <span class='ocrx_word' id='word_1_207' title='bbox 1062 3381 1279 3446; x_wconf 58' lang='lat' dir='ltr'><strong>debeat;</strong></span> <span class='ocrx_word' id='word_1_208' title='bbox 1311 3378 1597 3435; x_wconf 41' lang='lat' dir='ltr'><strong>utrum&#39;ille</strong></span> <span class='ocrx_word' id='word_1_209' title='bbox 1614 3378 1707 3449; x_wconf 89' lang='lat' dir='ltr'><strong>qui</strong></span> 
     </span>
    </p>
   </div>
   <div class='ocr_carea' id='block_1_30' title="bbox 112 3474 1708 3556">
    <p class='ocr_par' dir='ltr' id='par_1_30' title="bbox 112 3474 1708 3556">
     <span class='ocr_line' id='line_1_30' title="bbox 112 3474 1708 3556; baseline -0.007 -15"><span class='ocrx_word' id='word_1_210' title='bbox 112 3486 364 3556; x_wconf 84' lang='lat' dir='ltr'><strong>repulsus</strong></span> <span class='ocrx_word' id='word_1_211' title='bbox 391 3498 426 3538; x_wconf 93' lang='lat' dir='ltr'><strong>a</strong></span> <span class='ocrx_word' id='word_1_212' title='bbox 446 3484 677 3553; x_wconf 81' lang='lat' dir='ltr'><strong>conjuge</strong></span> <span class='ocrx_word' id='word_1_213' title='bbox 704 3480 1018 3543; x_wconf 86' lang='lat' dir='ltr'><strong>fornicatur,</strong></span> <span class='ocrx_word' id='word_1_214' title='bbox 1040 3492 1109 3532; x_wconf 89' lang='lat' dir='ltr'><strong>an</strong></span> <span class='ocrx_word' id='word_1_215' title='bbox 1130 3478 1225 3531; x_wconf 83' lang='lat' dir='ltr'><strong>illa</strong></span> <span class='ocrx_word' id='word_1_216' title='bbox 1246 3482 1367 3546; x_wconf 75' lang='lat' dir='ltr'><strong>ante</strong></span> <span class='ocrx_word' id='word_1_217' title='bbox 1392 3474 1708 3546; x_wconf 87' lang='lat' dir='ltr'><strong>repellendo</strong></span> 
     </span>
    </p>
   </div>
   <div class='ocr_carea' id='block_1_31' title="bbox 115 3565 1702 3641">
    <p class='ocr_par' dir='ltr' id='par_1_31' title="bbox 115 3565 1702 3641">
     <span class='ocr_line' id='line_1_31' title="bbox 115 3565 1702 3641; baseline -0.006 -11"><span class='ocrx_word' id='word_1_218' title='bbox 115 3590 143 3630; x_wconf 91' lang='lat' dir='ltr'><strong>a</strong></span> <span class='ocrx_word' id='word_1_219' title='bbox 174 3591 241 3632; x_wconf 87' lang='lat' dir='ltr'><strong>se</strong></span> <span class='ocrx_word' id='word_1_220' title='bbox 260 3577 441 3631; x_wconf 81' lang='lat' dir='ltr'><strong>virum</strong></span> <span class='ocrx_word' id='word_1_221' title='bbox 461 3613 478 3641; x_wconf 93' lang='lat'><strong>,</strong></span> <span class='ocrx_word' id='word_1_222' title='bbox 508 3582 630 3629; x_wconf 90' lang='lat' dir='ltr'><strong>eum</strong></span> <span class='ocrx_word' id='word_1_223' title='bbox 672 3570 1035 3626; x_wconf 62' lang='lat' dir='ltr'><strong>fornicationi</strong></span> <span class='ocrx_word' id='word_1_224' title='bbox 1060 3567 1461 3640; x_wconf 86' lang='lat' dir='ltr'><strong>quodammodo</strong></span> <span class='ocrx_word' id='word_1_225' title='bbox 1498 3565 1702 3637; x_wconf 86' lang='lat' dir='ltr'><strong>objicit.</strong></span> 
     </span>
    </p>
   </div>
   <div class='ocr_carea' id='block_1_32' title="bbox 115 3659 1710 3740">
    <p class='ocr_par' dir='ltr' id='par_1_32' title="bbox 115 3659 1710 3740">
     <span class='ocr_line' id='line_1_32' title="bbox 115 3659 1710 3740; baseline -0.008 -14"><span class='ocrx_word' id='word_1_226' title='bbox 115 3669 294 3740; x_wconf 82' lang='lat' dir='ltr'><strong>Atque</strong></span> <span class='ocrx_word' id='word_1_227' title='bbox 314 3677 377 3723; x_wconf 75' lang='lat' dir='ltr'><strong>us</strong></span> <span class='ocrx_word' id='word_1_228' title='bbox 402 3678 567 3737; x_wconf 80' lang='lat' dir='ltr'><strong>super</strong></span> <span class='ocrx_word' id='word_1_229' title='bbox 587 3666 687 3720; x_wconf 71' lang='lat' dir='ltr'><strong>hac</strong></span> <span class='ocrx_word' id='word_1_230' title='bbox 706 3678 887 3730; x_wconf 84' lang='lat' dir='ltr'><strong>causa,</strong></span> <span class='ocrx_word' id='word_1_231' title='bbox 919 3661 1049 3734; x_wconf 82' lang='lat' dir='ltr'><strong>quid</strong></span> <span class='ocrx_word' id='word_1_232' title='bbox 1076 3661 1275 3717; x_wconf 84' lang='lat' dir='ltr'><strong>veritas</strong></span> <span class='ocrx_word' id='word_1_233' title='bbox 1301 3659 1516 3725; x_wconf 88' lang='lat' dir='ltr'><strong>habeat,</strong></span> <span class='ocrx_word' id='word_1_234' title='bbox 1544 3670 1710 3730; x_wconf 51' lang='lat' dir='ltr'><strong>agno:</strong></span> 
     </span>
    </p>
   </div>
   <div class='ocr_carea' id='block_1_33' title="bbox 116 3755 1707 3835">
    <p class='ocr_par' dir='ltr' id='par_1_33' title="bbox 116 3755 1707 3835">
     <span class='ocr_line' id='line_1_33' title="bbox 116 3755 1707 3835; baseline -0.007 -16"><span class='ocrx_word' id='word_1_235' title='bbox 116 3778 255 3830; x_wconf 83' lang='lat' dir='ltr'><strong>scas,</strong></span> <span class='ocrx_word' id='word_1_236' title='bbox 291 3774 466 3835; x_wconf 85' lang='lat' dir='ltr'><strong>pauca</strong></span> <span class='ocrx_word' id='word_1_237' title='bbox 491 3760 623 3816; x_wconf 84' lang='lat' dir='ltr'><strong>mihi</strong></span> <span class='ocrx_word' id='word_1_238' title='bbox 646 3759 713 3815; x_wconf 88' lang='lat' dir='ltr'><strong>de</strong></span> <span class='ocrx_word' id='word_1_239' title='bbox 738 3758 921 3814; x_wconf 80' lang='lat' dir='ltr'><strong>divina</strong></span> <span class='ocrx_word' id='word_1_240' title='bbox 943 3757 1264 3813; x_wconf 79' lang='lat' dir='ltr'><strong>auctoritate</strong></span> <span class='ocrx_word' id='word_1_241' title='bbox 1289 3755 1536 3826; x_wconf 89' lang='lat' dir='ltr'><strong>ponenda</strong></span> <span class='ocrx_word' id='word_1_242' title='bbox 1559 3757 1707 3810; x_wconf 81' lang='lat' dir='ltr'><strong>sunt.</strong></span> 
     </span>
    </p>
   </div>
   <div class='ocr_carea' id='block_1_34' title="bbox 118 3848 1712 3928">
    <p class='ocr_par' dir='ltr' id='par_1_34' title="bbox 118 3848 1712 3928">
     <span class='ocr_line' id='line_1_34' title="bbox 118 3848 1712 3928; baseline -0.008 -15"><span class='ocrx_word' id='word_1_243' title='bbox 118 3857 450 3928; x_wconf 78' lang='lat' dir='ltr'><strong>Apostolieae</strong></span> <span class='ocrx_word' id='word_1_244' title='bbox 470 3855 727 3910; x_wconf 79' lang='lat' dir='ltr'><strong>doctrinae</strong></span> <span class='ocrx_word' id='word_1_245' title='bbox 748 3853 929 3923; x_wconf 85' lang='lat' dir='ltr'><strong>regula</strong></span> <span class='ocrx_word' id='word_1_246' title='bbox 955 3862 1057 3906; x_wconf 88' lang='lat' dir='ltr'><strong>nec</strong></span> <span class='ocrx_word' id='word_1_247' title='bbox 1081 3866 1202 3905; x_wconf 86' lang='lat' dir='ltr'><strong>cum</strong></span> <span class='ocrx_word' id='word_1_248' title='bbox 1232 3848 1513 3905; x_wconf 84' lang='lat' dir='ltr'><strong>Juviniano</strong></span> <span class='ocrx_word' id='word_1_249' title='bbox 1536 3856 1712 3920; x_wconf 67' lang='lat' dir='ltr'><strong>aequat</strong></span> 
     </span>
    </p>
   </div>
   <div class='ocr_carea' id='block_1_35' title="bbox 120 3938 1712 4011">
    <p class='ocr_par' dir='ltr' id='par_1_35' title="bbox 120 3938 1712 4011">
     <span class='ocr_line' id='line_1_35' title="bbox 120 3938 1712 4011; baseline -0.008 -6"><span class='ocrx_word' id='word_1_250' title='bbox 120 3946 473 4005; x_wconf 76' lang='lat' dir='ltr'><strong>continentiae</strong></span> <span class='ocrx_word' id='word_1_251' title='bbox 521 3948 683 4011; x_wconf 75' lang='lat' dir='ltr'><strong>opera</strong></span> <span class='ocrx_word' id='word_1_252' title='bbox 732 3943 1198 4010; x_wconf 86' lang='lat' dir='ltr'><strong>nuptiarum,nec</strong></span> <span class='ocrx_word' id='word_1_253' title='bbox 1244 3954 1364 3992; x_wconf 91' lang='lat' dir='ltr'><strong>cum</strong></span> <span class='ocrx_word' id='word_1_254' title='bbox 1418 3938 1712 3992; x_wconf 68' lang='lat' dir='ltr'><strong>Maniclimo</strong></span> 
     </span>
    </p>
   </div>
   <div class='ocr_carea' id='block_1_36' title="bbox 123 4029 1715 4112">
    <p class='ocr_par' dir='ltr' id='par_1_36' title="bbox 123 4029 1715 4112">
     <span class='ocr_line' id='line_1_36' title="bbox 123 4029 1715 4112; baseline -0.009 -15"><span class='ocrx_word' id='word_1_255' title='bbox 123 4040 370 4112; x_wconf 71' lang='lat' dir='ltr'><strong>coniugia</strong></span> <span class='ocrx_word' id='word_1_256' title='bbox 399 4035 746 4093; x_wconf 80' lang='lat' dir='ltr'><strong>condemnat.</strong></span> <span class='ocrx_word' id='word_1_257' title='bbox 789 4032 870 4087; x_wconf 84' lang='lat' dir='ltr'><strong>ita</strong></span> <span class='ocrx_word' id='word_1_258' title='bbox 908 4034 1003 4086; x_wconf 83' lang='lat' dir='ltr'><strong>vas</strong></span> <span class='ocrx_word' id='word_1_259' title='bbox 1041 4030 1320 4087; x_wconf 86' lang='lat' dir='ltr'><strong>electionis</strong></span> <span class='ocrx_word' id='word_1_260' title='bbox 1357 4044 1421 4085; x_wconf 88' lang='lat' dir='ltr'><strong>ac</strong></span> <span class='ocrx_word' id='word_1_261' title='bbox 1462 4029 1715 4100; x_wconf 80' lang='lat' dir='ltr'><strong>magister</strong></span> 
     </span>
    </p>
   </div>
   <div class='ocr_carea' id='block_1_37' title="bbox 125 4121 1713 4204">
    <p class='ocr_par' dir='ltr' id='par_1_37' title="bbox 125 4121 1713 4204">
     <span class='ocr_line' id='line_1_37' title="bbox 125 4121 1713 4204; baseline -0.009 -14"><span class='ocrx_word' id='word_1_262' title='bbox 125 4134 362 4204; x_wconf 80' lang='lat' dir='ltr'><strong>gentium</strong></span> <span class='ocrx_word' id='word_1_263' title='bbox 383 4171 400 4198; x_wconf 94' lang='lat'><strong>,</strong></span> <span class='ocrx_word' id='word_1_264' title='bbox 434 4130 577 4184; x_wconf 83' lang='lat' dir='ltr'><strong>inter</strong></span> <span class='ocrx_word' id='word_1_265' title='bbox 600 4128 887 4197; x_wconf 74' lang='lat' dir='ltr'><strong>utrumuue</strong></span> <span class='ocrx_word' id='word_1_266' title='bbox 925 4126 1252 4194; x_wconf 86' lang='lat' dir='ltr'><strong>temperatus</strong></span> <span class='ocrx_word' id='word_1_267' title='bbox 1282 4121 1481 4178; x_wconf 85' lang='lat' dir='ltr'><strong>incedit</strong></span> <span class='ocrx_word' id='word_1_268' title='bbox 1506 4136 1569 4176; x_wconf 90' lang='lat' dir='ltr'><strong>ac</strong></span> <span class='ocrx_word' id='word_1_269' title='bbox 1597 4135 1713 4176; x_wconf 90' lang='lat' dir='ltr'><strong>me-</strong></span> 
     </span>
    </p>
   </div>
   <div class='ocr_carea' id='block_1_38' title="bbox 127 4208 1717 4293">
    <p class='ocr_par' dir='ltr' id='par_1_38' title="bbox 127 4208 1717 4293">
     <span class='ocr_line' id='line_1_38' title="bbox 127 4208 1717 4293; baseline -0.009 -12"><span class='ocrx_word' id='word_1_270' title='bbox 127 4226 277 4293; x_wconf 85' lang='lat' dir='ltr'><strong>dius,</strong></span> <span class='ocrx_word' id='word_1_271' title='bbox 323 4233 383 4278; x_wconf 91' lang='lat' dir='ltr'><strong>ut</strong></span> <span class='ocrx_word' id='word_1_272' title='bbox 425 4220 724 4277; x_wconf 80' lang='lat' dir='ltr'><strong>remedium</strong></span> <span class='ocrx_word' id='word_1_273' title='bbox 766 4215 1171 4274; x_wconf 66' lang='lat' dir='ltr'><strong>incontinentis:</strong></span> <span class='ocrx_word' id='word_1_274' title='bbox 1218 4210 1522 4284; x_wconf 73' lang='lat' dir='ltr'><strong>indulgeat,</strong></span> <span class='ocrx_word' id='word_1_275' title='bbox 1550 4221 1602 4269; x_wconf 90' lang='lat' dir='ltr'><strong>et</strong></span> <span class='ocrx_word' id='word_1_276' title='bbox 1646 4208 1717 4267; x_wconf 80' lang='lat' dir='ltr'><strong>ad</strong></span> 
     </span>
    </p>
   </div>
   <div class='ocr_carea' id='block_1_39' title="bbox 132 4298 1717 4387">
    <p class='ocr_par' dir='ltr' id='par_1_39' title="bbox 132 4298 1717 4387">
     <span class='ocr_line' id='line_1_39' title="bbox 132 4298 1717 4387; baseline -0.008 -14"><span class='ocrx_word' id='word_1_277' title='bbox 132 4317 411 4387; x_wconf 64' lang='lat' dir='ltr'><strong>praemium</strong></span> <span class='ocrx_word' id='word_1_278' title='bbox 466 4314 723 4385; x_wconf 82' lang='lat' dir='ltr'><strong>provocet</strong></span> <span class='ocrx_word' id='word_1_279' title='bbox 762 4310 1165 4366; x_wconf 88' lang='lat' dir='ltr'><strong>continentiam.</strong></span> <span class='ocrx_word' id='word_1_280' title='bbox 1200 4298 1474 4377; x_wconf 63' lang='lat' dir='ltr'><strong>Tbtusciue</strong></span> <span class='ocrx_word' id='word_1_281' title='bbox 1519 4305 1569 4359; x_wconf 89' lang='lat' dir='ltr'><strong>in</strong></span> <span class='ocrx_word' id='word_1_282' title='bbox 1618 4305 1717 4360; x_wconf 75' lang='lat' dir='ltr'><strong>hac</strong></span> 
     </span>
    </p>
   </div>
   <div class='ocr_carea' id='block_1_40' title="bbox 134 4398 1715 4479">
    <p class='ocr_par' dir='ltr' id='par_1_40' title="bbox 134 4398 1715 4479">
     <span class='ocr_line' id='line_1_40' title="bbox 134 4398 1715 4479; baseline -0.008 -16"><span class='ocrx_word' id='word_1_283' title='bbox 134 4424 284 4464; x_wconf 86' lang='lat' dir='ltr'><strong>causa</strong></span> <span class='ocrx_word' id='word_1_284' title='bbox 314 4409 438 4479; x_wconf 84' lang='lat' dir='ltr'><strong>ejus</strong></span> <span class='ocrx_word' id='word_1_285' title='bbox 466 4406 555 4461; x_wconf 87' lang='lat' dir='ltr'><strong>hic</strong></span> <span class='ocrx_word' id='word_1_286' title='bbox 578 4418 769 4460; x_wconf 84' lang='lat' dir='ltr'><strong>sensus</strong></span> <span class='ocrx_word' id='word_1_287' title='bbox 796 4411 914 4467; x_wconf 90' lang='lat' dir='ltr'><strong>est,</strong></span> <span class='ocrx_word' id='word_1_288' title='bbox 944 4407 1005 4456; x_wconf 91' lang='lat' dir='ltr'><strong>ut’</strong></span> <span class='ocrx_word' id='word_1_289' title='bbox 1027 4416 1095 4456; x_wconf 79' lang='lat' dir='ltr'><strong>ex</strong></span> <span class='ocrx_word' id='word_1_290' title='bbox 1133 4398 1410 4470; x_wconf 79' lang='lat' dir='ltr'><strong>utriusque</strong></span> <span class='ocrx_word' id='word_1_291' title='bbox 1453 4398 1715 4453; x_wconf 86' lang='lat' dir='ltr'><strong>sententia</strong></span> 
     </span>
    </p>
   </div>
   <div class='ocr_carea' id='block_1_41' title="bbox 140 4486 1718 4570">
    <p class='ocr_par' dir='ltr' id='par_1_41' title="bbox 140 4486 1718 4570">
     <span class='ocr_line' id='line_1_41' title="bbox 140 4486 1718 4570; baseline -0.006 -17"><span class='ocrx_word' id='word_1_292' title='bbox 140 4511 469 4570; x_wconf 76' lang='lat' dir='ltr'><strong>proponatur</strong></span> <span class='ocrx_word' id='word_1_293' title='bbox 508 4500 733 4553; x_wconf 81' lang='lat' dir='ltr'><strong>caStitas</strong></span> <span class='ocrx_word' id='word_1_294' title='bbox 756 4536 773 4564; x_wconf 93' lang='lat'><strong>,</strong></span> <span class='ocrx_word' id='word_1_295' title='bbox 814 4502 904 4550; x_wconf 90' lang='lat' dir='ltr'><strong>aut</strong></span> <span class='ocrx_word' id='word_1_296' title='bbox 945 4498 1092 4550; x_wconf 75' lang='lat' dir='ltr'><strong>certe</strong></span> <span class='ocrx_word' id='word_1_297' title='bbox 1129 4486 1451 4563; x_wconf 71' lang='lat' dir='ltr'><strong>ab&#39;utroque</strong></span> <span class='ocrx_word' id='word_1_298' title='bbox 1478 4489 1718 4558; x_wconf 65' lang='lat' dir='ltr'><strong>debitum</strong></span> 
     </span>
    </p>
   </div>
   <div class='ocr_carea' id='block_1_42' title="bbox 140 4589 705 4647">
    <p class='ocr_par' dir='ltr' id='par_1_42' title="bbox 140 4589 705 4647">
     <span class='ocr_line' id='line_1_42' title="bbox 140 4589 705 4647; baseline -0.004 -3"><span class='ocrx_word' id='word_1_299' title='bbox 140 4604 339 4646; x_wconf 80' lang='lat' dir='ltr'><strong>conimu</strong></span> <span class='ocrx_word' id='word_1_300' title='bbox 348 4607 416 4647; x_wconf 90' lang='lat' dir='ltr'><strong>ne</strong></span> <span class='ocrx_word' id='word_1_301' title='bbox 442 4589 705 4645; x_wconf 84' lang='lat' dir='ltr'><strong>solvatur.</strong></span> 
     </span>
    </p>
   </div>
   <div class='ocr_carea' id='block_1_43' title="bbox 207 4677 1720 4752">
    <p class='ocr_par' dir='ltr' id='par_1_43' title="bbox 207 4677 1720 4752">
     <span class='ocr_line' id='line_1_43' title="bbox 207 4677 1720 4752; baseline -0.008 -13"><span class='ocrx_word' id='word_1_302' title='bbox 207 4683 293 4739; x_wconf 75' lang='grc'><strong>29.</strong></span> <span class='ocrx_word' id='word_1_303' title='bbox 309 4683 413 4739; x_wconf 89' lang='lat' dir='ltr'><strong>Sed</strong></span> <span class='ocrx_word' id='word_1_304' title='bbox 434 4684 549 4752; x_wconf 79' lang='lat' dir='ltr'><strong>ipsa</strong></span> <span class='ocrx_word' id='word_1_305' title='bbox 568 4680 676 4751; x_wconf 84' lang='lat' dir='ltr'><strong>jam</strong></span> <span class='ocrx_word' id='word_1_306' title='bbox 700 4677 938 4749; x_wconf 84' lang='lat' dir='ltr'><strong>Apostoli</strong></span> <span class='ocrx_word' id='word_1_307' title='bbox 956 4677 1115 4732; x_wconf 89' lang='lat' dir='ltr'><strong>verba</strong></span> <span class='ocrx_word' id='word_1_308' title='bbox 1139 4689 1422 4746; x_wconf 88' lang='lat' dir='ltr'><strong>ponamus,</strong></span> <span class='ocrx_word' id='word_1_309' title='bbox 1448 4681 1720 4749; x_wconf 81' lang='lat' dir='ltr'><strong>totamque</strong></span> 
     </span>
    </p>
   </div>
   <div class='ocr_carea' id='block_1_44' title="bbox 145 4765 1721 4841">
    <p class='ocr_par' dir='ltr' id='par_1_44' title="bbox 145 4765 1721 4841">
     <span class='ocr_line' id='line_1_44' title="bbox 145 4765 1721 4841; baseline -0.006 -15"><span class='ocrx_word' id='word_1_310' title='bbox 145 4774 274 4828; x_wconf 82' lang='lat' dir='ltr'><strong>lianc</strong></span> <span class='ocrx_word' id='word_1_311' title='bbox 307 4780 528 4830; x_wconf 83' lang='lat' dir='ltr'><strong>causam</strong></span> <span class='ocrx_word' id='word_1_312' title='bbox 568 4786 599 4828; x_wconf 86' lang='lat' dir='ltr'><strong>a</strong></span> <span class='ocrx_word' id='word_1_313' title='bbox 638 4772 719 4827; x_wconf 88' lang='lat' dir='ltr'><strong>sui</strong></span> <span class='ocrx_word' id='word_1_314' title='bbox 762 4769 1025 4841; x_wconf 88' lang='lat' dir='ltr'><strong>principio</strong></span> <span class='ocrx_word' id='word_1_315' title='bbox 1052 4776 1428 4823; x_wconf 83' lang='lat' dir='ltr'><strong>retractemus.</strong></span> <span class='ocrx_word' id='word_1_316' title='bbox 1462 4765 1721 4835; x_wconf 77' lang='lat' dir='ltr'><strong>Loquitur</strong></span> 
     </span>
    </p>
   </div>
   <div class='ocr_carea' id='block_1_45' title="bbox 147 4854 1721 4931">
    <p class='ocr_par' dir='ltr' id='par_1_45' title="bbox 147 4854 1721 4931">
     <span class='ocr_line' id='line_1_45' title="bbox 147 4854 1721 4931; baseline -0.008 -11"><span class='ocrx_word' id='word_1_317' title='bbox 147 4864 281 4920; x_wconf 85' lang='lat' dir='ltr'><strong>enim</strong></span> <span class='ocrx_word' id='word_1_318' title='bbox 310 4866 374 4920; x_wconf 87' lang='lat' dir='ltr'><strong>ad</strong></span> <span class='ocrx_word' id='word_1_319' title='bbox 398 4862 710 4920; x_wconf 70' lang='lat' dir='ltr'><strong>Corinthios</strong></span> <span class='ocrx_word' id='word_1_320' title='bbox 731 4878 747 4915; x_wconf 89' lang='lat'><strong>:</strong></span> <span class='ocrx_word' id='word_1_321' title='bbox 770 4859 850 4915; x_wconf 88' lang='lat' dir='ltr'><strong>De</strong></span> <span class='ocrx_word' id='word_1_322' title='bbox 872 4857 1050 4931; x_wconf 82' lang='lat' dir='ltr'><strong>quibus</strong></span> <span class='ocrx_word' id='word_1_323' title='bbox 1075 4867 1246 4911; x_wconf 83' lang='lat' dir='ltr'><strong>autem</strong></span> <span class='ocrx_word' id='word_1_324' title='bbox 1269 4857 1541 4927; x_wconf 80' lang='lat' dir='ltr'><strong>scripsistis</strong></span> <span class='ocrx_word' id='word_1_325' title='bbox 1567 4854 1721 4909; x_wconf 83' lang='lat' dir='ltr'><strong>mihi:</strong></span> 
     </span>
    </p>
   </div>
   <div class='ocr_carea' id='block_1_46' title="bbox 154 4946 1721 5020">
    <p class='ocr_par' dir='ltr' id='par_1_46' title="bbox 154 4946 1721 5020">
     <span class='ocr_line' id='line_1_46' title="bbox 154 4946 1721 5020; baseline -0.007 -9"><span class='ocrx_word' id='word_1_326' title='bbox 154 4957 327 5012; x_wconf 75' lang='lat' dir='ltr'><strong>bonum</strong></span> <span class='ocrx_word' id='word_1_327' title='bbox 356 4968 431 5013; x_wconf 81' lang='lat' dir='ltr'><strong>est</strong></span> <span class='ocrx_word' id='word_1_328' title='bbox 457 4955 652 5010; x_wconf 74' lang='lat' dir='ltr'><strong>homini</strong></span> <span class='ocrx_word' id='word_1_329' title='bbox 679 4954 942 5007; x_wconf 79' lang='lat' dir='ltr'><strong>mulierem</strong></span> <span class='ocrx_word' id='word_1_330' title='bbox 971 4962 1072 5003; x_wconf 79' lang='lat' dir='ltr'><strong>non</strong></span> <span class='ocrx_word' id='word_1_331' title='bbox 1103 4959 1305 5019; x_wconf 83' lang='lat' dir='ltr'><strong>tangere</strong></span> <span class='ocrx_word' id='word_1_332' title='bbox 1330 4948 1406 5020; x_wconf 88' lang='lat'><strong>(1.</strong></span> <span class='ocrx_word' id='word_1_333' title='bbox 1428 4946 1547 5003; x_wconf 83' lang='lat' dir='ltr'><strong>Cor.</strong></span> <span class='ocrx_word' id='word_1_334' title='bbox 1568 4948 1620 5000; x_wconf 91' lang='lat'><strong>7.</strong></span> <span class='ocrx_word' id='word_1_335' title='bbox 1646 4947 1721 5017; x_wconf 81' lang='lat'><strong>1).</strong></span> 
     </span>
    </p>
   </div>
   <div class='ocr_carea' id='block_1_47' title="bbox 160 5039 1724 5117">
    <p class='ocr_par' dir='ltr' id='par_1_47' title="bbox 160 5039 1724 5117">
     <span class='ocr_line' id='line_1_47' title="bbox 160 5039 1724 5117; baseline -0.006 -15"><span class='ocrx_word' id='word_1_336' title='bbox 160 5045 225 5102; x_wconf 60' lang='lat' dir='ltr'><strong>lit</strong></span> <span class='ocrx_word' id='word_1_337' title='bbox 243 5056 544 5117; x_wconf 79' lang='lat' dir='ltr'><strong>quanquam</strong></span> <span class='ocrx_word' id='word_1_338' title='bbox 575 5045 660 5101; x_wconf 86' lang='lat' dir='ltr'><strong>hic</strong></span> <span class='ocrx_word' id='word_1_339' title='bbox 680 5044 973 5099; x_wconf 82' lang='lat' dir='ltr'><strong>laudaverit</strong></span> <span class='ocrx_word' id='word_1_340' title='bbox 1001 5042 1318 5103; x_wconf 88' lang='lat' dir='ltr'><strong>castitatem,</strong></span> <span class='ocrx_word' id='word_1_341' title='bbox 1338 5047 1514 5093; x_wconf 84' lang='lat' dir='ltr'><strong>tamen</strong></span> <span class='ocrx_word' id='word_1_342' title='bbox 1544 5055 1610 5094; x_wconf 90' lang='lat' dir='ltr'><strong>ne</strong></span> <span class='ocrx_word' id='word_1_343' title='bbox 1630 5039 1724 5093; x_wconf 86' lang='lat' dir='ltr'><strong>ali-</strong></span> 
     </span>
    </p>
   </div>
   <div class='ocr_carea' id='block_1_48' title="bbox 156 5126 1726 5207">
    <p class='ocr_par' dir='ltr' id='par_1_48' title="bbox 156 5126 1726 5207">
     <span class='ocr_line' id='line_1_48' title="bbox 156 5126 1726 5207; baseline -0.005 -16"><span class='ocrx_word' id='word_1_344' title='bbox 156 5137 345 5207; x_wconf 82' lang='lat' dir='ltr'><strong>quibus</strong></span> <span class='ocrx_word' id='word_1_345' title='bbox 361 5140 603 5194; x_wconf 84' lang='lat' dir='ltr'><strong>videatur</strong></span> <span class='ocrx_word' id='word_1_346' title='bbox 619 5126 898 5207; x_wconf 82' lang='lat' dir='ltr'><strong>prohibere</strong></span> <span class='ocrx_word' id='word_1_347' title='bbox 913 5132 1184 5204; x_wconf 72' lang='lat' dir='ltr'><strong>coniugia,</strong></span> <span class='ocrx_word' id='word_1_348' title='bbox 1197 5130 1485 5201; x_wconf 83' lang='lat' dir='ltr'><strong>subjungit.</strong></span> <span class='ocrx_word' id='word_1_349' title='bbox 1508 5127 1726 5197; x_wconf 78' lang='lat' dir='ltr'><strong>Pwpter</strong></span> 
     </span>
    </p>
   </div>
   <div class='ocr_carea' id='block_1_49' title="bbox 162 5219 1722 5298">
    <p class='ocr_par' dir='ltr' id='par_1_49' title="bbox 162 5219 1722 5298">
     <span class='ocr_line' id='line_1_49' title="bbox 162 5219 1722 5298; baseline -0.005 -17"><span class='ocrx_word' id='word_1_350' title='bbox 162 5230 536 5297; x_wconf 74' lang='lat' dir='ltr'><strong>[ornicatiortem</strong></span> <span class='ocrx_word' id='word_1_351' title='bbox 572 5230 739 5284; x_wconf 71' lang='lat' dir='ltr'><strong>autem</strong></span> <span class='ocrx_word' id='word_1_352' title='bbox 759 5227 1098 5298; x_wconf 72' lang='lat' dir='ltr'><strong>unusquisque</strong></span> <span class='ocrx_word' id='word_1_353' title='bbox 1126 5226 1269 5279; x_wconf 72' lang='lat' dir='ltr'><strong>suam</strong></span> <span class='ocrx_word' id='word_1_354' title='bbox 1294 5224 1501 5278; x_wconf 74' lang='lat' dir='ltr'><strong>uxorem</strong></span> <span class='ocrx_word' id='word_1_355' title='bbox 1524 5219 1722 5275; x_wconf 76' lang='lat' dir='ltr'><strong>habeat.</strong></span> 
     </span>
    </p>
   </div>
   <div class='ocr_carea' id='block_1_50' title="bbox 151 5304 1728 5395">
    <p class='ocr_par' dir='ltr' id='par_1_50' title="bbox 151 5304 1728 5395">
     <span class='ocr_line' id='line_1_50' title="bbox 151 5304 1728 5395; baseline -0.004 -19"><span class='ocrx_word' id='word_1_356' title='bbox 151 5306 231 5395; x_wconf 63' lang='grc' dir='ltr'><strong>1(ε)</strong></span> <span class='ocrx_word' id='word_1_357' title='bbox 260 5322 418 5380; x_wconf 71' lang='lat' dir='ltr'><strong>Uxori</strong></span> <span class='ocrx_word' id='word_1_358' title='bbox 452 5326 529 5381; x_wconf 78' lang='lat' dir='ltr'><strong>vir</strong></span> <span class='ocrx_word' id='word_1_359' title='bbox 552 5304 771 5379; x_wconf 80' lang='lat' dir='ltr'><strong>debitum</strong></span> <span class='ocrx_word' id='word_1_360' title='bbox 797 5322 976 5376; x_wconf 85' lang='lat' dir='ltr'><strong>reddat</strong></span> <span class='ocrx_word' id='word_1_361' title='bbox 1008 5335 1027 5376; x_wconf 90' lang='lat'><strong><em>:</em></strong></span> <span class='ocrx_word' id='word_1_362' title='bbox 1059 5320 1290 5375; x_wconf 80' lang='lat' dir='ltr'><strong>similiter</strong></span> <span class='ocrx_word' id='word_1_363' title='bbox 1332 5326 1501 5373; x_wconf 72' lang='lat' dir='ltr'><strong>autem</strong></span> <span class='ocrx_word' id='word_1_364' title='bbox 1527 5324 1573 5371; x_wconf 87' lang='lat' dir='ltr'><strong>et</strong></span> <span class='ocrx_word' id='word_1_365' title='bbox 1598 5330 1728 5370; x_wconf 73' lang='lat' dir='ltr'><strong>utter</strong></span> 
     </span>
    </p>
   </div>
   <div class='ocr_carea' id='block_1_51' title="bbox 161 5469 1729 5595">
    <p class='ocr_par' dir='ltr' id='par_1_51' title="bbox 161 5469 1729 5595">
     <span class='ocr_line' id='line_1_51' title="bbox 161 5469 1729 5595; baseline -0.004 -63"><span class='ocrx_word' id='word_1_366' title='bbox 161 5472 287 5595; x_wconf 46' lang='lat' dir='ltr'><strong>“(si</strong></span> <span class='ocrx_word' id='word_1_367' title='bbox 324 5478 452 5530; x_wconf 69' lang='lat' dir='ltr'><strong>Male</strong></span> <span class='ocrx_word' id='word_1_368' title='bbox 496 5478 654 5531; x_wconf 79' lang='lat' dir='ltr'><strong>editor</strong></span> <span class='ocrx_word' id='word_1_369' title='bbox 680 5477 950 5529; x_wconf 81' lang='lat' dir='ltr'><strong>‘Beuedict.</strong></span> <span class='ocrx_word' id='word_1_370' title='bbox 996 5476 1058 5527; x_wconf 88' lang='lat' dir='ltr'><strong>ad</strong></span> <span class='ocrx_word' id='word_1_371' title='bbox 1096 5475 1363 5529; x_wconf 85' lang='lat' dir='ltr'><strong>Erasmian.</strong></span> <span class='ocrx_word' id='word_1_372' title='bbox 1404 5471 1543 5526; x_wconf 85' lang='lat' dir='ltr'><strong>codd.</strong></span> <span class='ocrx_word' id='word_1_373' title='bbox 1586 5469 1729 5543; x_wconf 60' lang='lat' dir='ltr'><strong>miri?</strong></span> 
     </span>
    </p>
   </div>
   <div class='ocr_carea' id='block_1_52' title="bbox 244 5596 1617 5677">
    <p class='ocr_par' dir='ltr' id='par_1_52' title="bbox 244 5596 1617 5677">
     <span class='ocr_line' id='line_1_52' title="bbox 244 5596 1617 5677; baseline 0 0"><span class='ocrx_word' id='word_1_374' title='bbox 244 5600 287 5677; x_wconf 59' lang='lat' dir='ltr'><strong>tl</strong></span> <span class='ocrx_word' id='word_1_375' title='bbox 324 5600 498 5677; x_wconf 52' lang='lat' dir='ltr'><strong>99W:</strong></span> <span class='ocrx_word' id='word_1_376' title='bbox 520 5602 572 5677; x_wconf 64' lang='grc' dir='ltr'><strong>ξ·</strong></span> <span class='ocrx_word' id='word_1_377' title='bbox 597 5602 854 5677; x_wconf 54' lang='lat' dir='ltr'><strong>Augustin</strong></span> <span class='ocrx_word' id='word_1_378' title='bbox 875 5601 938 5677; x_wconf 65' lang='lat' dir='ltr'><strong>ei</strong></span> <span class='ocrx_word' id='word_1_379' title='bbox 958 5599 1201 5677; x_wconf 59' lang='lat' dir='ltr'><strong>Ecdiciae,</strong></span> <span class='ocrx_word' id='word_1_380' title='bbox 1220 5598 1480 5677; x_wconf 65' lang='grc' dir='ltr'>Ειῑειρὲτιω</span> <span class='ocrx_word' id='word_1_381' title='bbox 1504 5596 1617 5677; x_wconf 62' lang='lat'><strong>2.9.3:</strong></span> 
     </span>
    </p>
   </div>
   <div class='ocr_carea' id='block_1_53' title="bbox 228 5598 1731 5786">
    <p class='ocr_par' dir='ltr' id='par_1_53' title="bbox 228 5598 1731 5786">
     <span class='ocr_line' id='line_1_53' title="bbox 244 5598 1617 5667; baseline -0.001 -19"><span class='ocrx_word' id='word_1_382' title='bbox 244 5601 271 5648; x_wconf 88' lang='lat' dir='ltr'><strong>b</strong></span> <span class='ocrx_word' id='word_1_383' title='bbox 327 5600 497 5655; x_wconf 84' lang='lat' dir='ltr'><strong>Confer</strong></span> <span class='ocrx_word' id='word_1_384' title='bbox 520 5602 572 5653; x_wconf 87' lang='lat' dir='ltr'><strong>S.</strong></span> <span class='ocrx_word' id='word_1_385' title='bbox 597 5602 854 5667; x_wconf 77' lang='lat' dir='ltr'><strong>Augustini</strong></span> <span class='ocrx_word' id='word_1_386' title='bbox 878 5601 938 5652; x_wconf 86' lang='lat' dir='ltr'><strong>ad</strong></span> <span class='ocrx_word' id='word_1_387' title='bbox 958 5599 1200 5653; x_wconf 85' lang='lat' dir='ltr'><strong>Eodiciam</strong></span> <span class='ocrx_word' id='word_1_388' title='bbox 1220 5600 1262 5651; x_wconf 87' lang='lat' dir='ltr'><strong>E</strong></span> <span class='ocrx_word' id='word_1_389' title='bbox 1294 5598 1480 5650; x_wconf 86' lang='lat' dir='ltr'><strong>istolam</strong></span> <span class='ocrx_word' id='word_1_390' title='bbox 1504 5598 1617 5649; x_wconf 72' lang='lat'><strong>262.</strong></span> 
     </span>
     <span class='ocr_line' id='line_1_54' title="bbox 228 5598 1731 5786; baseline -0.003 -72"><span class='ocrx_word' id='word_1_391' title='bbox 228 5598 563 5786; x_wconf 54' lang='lat' dir='ltr'><strong>[giuVictorius</strong></span> <span class='ocrx_word' id='word_1_392' title='bbox 600 5671 653 5716; x_wconf 77' lang='lat' dir='ltr'><strong>et</strong></span> <span class='ocrx_word' id='word_1_393' title='bbox 689 5665 823 5779; x_wconf 42' lang='grc' dir='ltr'><strong>ἐξεμεῖ</strong></span> <span class='ocrx_word' id='word_1_394' title='bbox 845 5662 926 5731; x_wconf 76' lang='lat' dir='ltr'><strong>alii</strong></span> <span class='ocrx_word' id='word_1_395' title='bbox 951 5676 1016 5715; x_wconf 85' lang='lat' dir='ltr'><strong>ex</strong></span> <span class='ocrx_word' id='word_1_396' title='bbox 1053 5660 1201 5739; x_wconf 70' lang='lat' dir='ltr'><strong>editis</strong></span> <span class='ocrx_word' id='word_1_397' title='bbox 1228 5615 1433 5746; x_wconf 60' lang='lat' dir='ltr'><strong>agduiit,</strong></span> <span class='ocrx_word' id='word_1_398' title='bbox 1477 5678 1501 5707; x_wconf 66' lang='lat' dir='ltr'><strong>ct</strong></span> <span class='ocrx_word' id='word_1_399' title='bbox 1523 5668 1731 5735; x_wconf 71' lang='lat' dir='ltr'><strong>etuna-</strong></span> 
     </span>
     <span class='ocr_line' id='line_1_55' title="bbox 333 5720 1731 5786; baseline -0.001 -12"><span class='ocrx_word' id='word_1_400' title='bbox 333 5730 364 5774; x_wconf 81' lang='lat' dir='ltr'><strong>u</strong></span> <span class='ocrx_word' id='word_1_401' title='bbox 397 5724 539 5781; x_wconf 70' lang='lat' dir='ltr'><strong>suum</strong></span> <span class='ocrx_word' id='word_1_402' title='bbox 764 5725 1022 5786; x_wconf 61' lang='grc' dir='ltr'><strong>διώξει.»</strong></span> <span class='ocrx_word' id='word_1_403' title='bbox 1065 5734 1177 5786; x_wconf 66' lang='lat' dir='ltr'><strong>quae</strong></span> <span class='ocrx_word' id='word_1_404' title='bbox 1212 5726 1266 5776; x_wconf 84' lang='lat' dir='ltr'><strong>in</strong></span> <span class='ocrx_word' id='word_1_405' title='bbox 1304 5724 1418 5775; x_wconf 68' lang='lat' dir='ltr'><strong>Mss.</strong></span> <span class='ocrx_word' id='word_1_406' title='bbox 1458 5726 1557 5774; x_wconf 80' lang='lat' dir='ltr'><strong>non</strong></span> <span class='ocrx_word' id='word_1_407' title='bbox 1593 5720 1731 5774; x_wconf 76' lang='lat' dir='ltr'><strong>inite-</strong></span> 
     </span>
    </p>
   </div>
   <div class='ocr_carea' id='block_1_54' title="bbox 168 5720 1731 5835">
    <p class='ocr_par' dir='ltr' id='par_1_54' title="bbox 168 5720 1731 5835">
     <span class='ocr_line' id='line_1_56' title="bbox 168 5720 1731 5835; baseline -0.006 -54"><span class='ocrx_word' id='word_1_408' title='bbox 168 5720 364 5835; x_wconf 44' lang='grc' dir='ltr'><strong>(ἔξει-ηε</strong></span> <span class='ocrx_word' id='word_1_409' title='bbox 397 5724 539 5781; x_wconf 76' lang='lat' dir='ltr'><strong>suun</strong></span> <span class='ocrx_word' id='word_1_410' title='bbox 569 5720 1022 5789; x_wconf 74' lang='lat' dir='ltr'><strong>viruiirbabeat,s</strong></span> <span class='ocrx_word' id='word_1_411' title='bbox 1065 5734 1177 5790; x_wconf 62' lang='lat' dir='ltr'><strong>qua</strong></span> <span class='ocrx_word' id='word_1_412' title='bbox 1212 5726 1266 5776; x_wconf 85' lang='lat' dir='ltr'><strong>m</strong></span> <span class='ocrx_word' id='word_1_413' title='bbox 1458 5720 1731 5793; x_wconf 74' lang='lat' dir='ltr'><strong>nou‘idite-</strong></span> 
     </span>
    </p>
   </div>
   <div class='ocr_carea' id='block_1_55' title="bbox 1419 304 2066 373">
    <p class='ocr_par' dir='ltr' id='par_1_55' title="bbox 1419 304 2066 373">
     <span class='ocr_line' id='line_1_57' title="bbox 1419 304 2066 373; baseline -0.008 0"><span class='ocrx_word' id='word_1_414' title='bbox 1419 310 1765 373; x_wconf 69' lang='lat' dir='ltr'><strong>11le</strong></span> <span class='ocrx_word' id='word_1_415' title='bbox 1786 304 2066 369; x_wconf 56' lang='lat' dir='ltr'><strong>CXLVI“:</strong></span> 
     </span>
    </p>
   </div>
   <div class='ocr_carea' id='block_1_56' title="bbox 68 418 3379 507">
    <p class='ocr_par' dir='ltr' id='par_1_56' title="bbox 68 418 3379 507">
     <span class='ocr_line' id='line_1_58' title="bbox 68 418 3379 507; baseline -0.003 -8"><span class='ocrx_word' id='word_1_416' title='bbox 68 451 201 499; x_wconf 84' lang='lat' dir='ltr'><strong>rato</strong></span> <span class='ocrx_word' id='word_1_417' title='bbox 220 441 435 506; x_wconf 67' lang='lat' dir='ltr'><strong>eundi;</strong></span> <span class='ocrx_word' id='word_1_418' title='bbox 455 445 514 497; x_wconf 70' lang='grc' dir='ltr'><strong>α</strong></span> <span class='ocrx_word' id='word_1_419' title='bbox 529 436 697 495; x_wconf 83' lang='lat' dir='ltr'><strong>nimis</strong></span> <span class='ocrx_word' id='word_1_420' title='bbox 712 433 978 507; x_wconf 62' lang='lat' dir='ltr'><strong>addicito</strong></span> <span class='ocrx_word' id='word_1_421' title='bbox 1004 432 1277 490; x_wconf 73' lang='lat' dir='ltr'><strong>interdicit</strong></span> <span class='ocrx_word' id='word_1_422' title='bbox 1300 431 1537 495; x_wconf 85' lang='lat' dir='ltr'><strong>ornatui,</strong></span> <span class='ocrx_word' id='word_1_423' title='bbox 1556 430 1685 484; x_wconf 84' lang='lat' dir='ltr'><strong>sint-</strong></span> <span class='ocrx_word' id='word_1_424' title='bbox 1802 428 1929 483; x_wconf 69' lang='lat' dir='ltr'><strong>uiro.</strong></span> <span class='ocrx_word' id='word_1_425' title='bbox 1952 422 2141 480; x_wconf 65' lang='lat' dir='ltr'><strong>latin</strong></span> <span class='ocrx_word' id='word_1_426' title='bbox 2154 428 2320 479; x_wconf 65' lang='lat' dir='ltr'><strong>autem</strong></span> <span class='ocrx_word' id='word_1_427' title='bbox 2334 422 2414 481; x_wconf 76' lang='lat' dir='ltr'><strong>siti</strong></span> <span class='ocrx_word' id='word_1_428' title='bbox 2427 418 2657 497; x_wconf 79' lang='lat' dir='ltr'><strong>corporis</strong></span> <span class='ocrx_word' id='word_1_429' title='bbox 2676 430 3088 497; x_wconf 52' lang='lat' dir='ltr'><strong>potestatemest</strong></span> <span class='ocrx_word' id='word_1_430' title='bbox 3107 431 3269 499; x_wconf 74' lang='lat' dir='ltr'><strong>habet,</strong></span> <span class='ocrx_word' id='word_1_431' title='bbox 3285 434 3379 489; x_wconf 73' lang='lat' dir='ltr'><strong>sed</strong></span> 
     </span>
    </p>
   </div>
   <div class='ocr_carea' id='block_1_57' title="bbox 68 522 1694 605">
    <p class='ocr_par' dir='ltr' id='par_1_57' title="bbox 68 522 1694 605">
     <span class='ocr_line' id='line_1_59' title="bbox 68 522 1694 605; baseline -0.006 -18"><span class='ocrx_word' id='word_1_432' title='bbox 68 534 411 605; x_wconf 66' lang='lat' dir='ltr'><strong>plicemQue</strong></span> <span class='ocrx_word' id='word_1_433' title='bbox 447 528 791 588; x_wconf 68' lang='lat' dir='ltr'><strong>cunmeudat</strong></span> <span class='ocrx_word' id='word_1_434' title='bbox 827 536 1080 583; x_wconf 84' lang='lat' dir='ltr'><strong>ornatum</strong></span> <span class='ocrx_word' id='word_1_435' title='bbox 1124 536 1285 597; x_wconf 89' lang='lat' dir='ltr'><strong>atque</strong></span> <span class='ocrx_word' id='word_1_436' title='bbox 1319 523 1581 580; x_wconf 89' lang='lat' dir='ltr'><strong>habitum.</strong></span> <span class='ocrx_word' id='word_1_437' title='bbox 1616 522 1694 577; x_wconf 86' lang='lat' dir='ltr'><strong>De</strong></span> 
     </span>
    </p>
   </div>
   <div class='ocr_carea' id='block_1_58' title="bbox 70 614 1693 697">
    <p class='ocr_par' dir='ltr' id='par_1_58' title="bbox 70 614 1693 697">
     <span class='ocr_line' id='line_1_60' title="bbox 70 614 1693 697; baseline -0.007 -18"><span class='ocrx_word' id='word_1_438' title='bbox 70 642 187 697; x_wconf 86' lang='lat' dir='ltr'><strong>quo</strong></span> <span class='ocrx_word' id='word_1_439' title='bbox 216 634 279 680; x_wconf 85' lang='lat' dir='ltr'><strong>et</strong></span> <span class='ocrx_word' id='word_1_440' title='bbox 302 640 409 680; x_wconf 73' lang='lat' dir='ltr'><strong>vas</strong></span> <span class='ocrx_word' id='word_1_441' title='bbox 429 623 711 681; x_wconf 81' lang='lat' dir='ltr'><strong>electionis</strong></span> <span class='ocrx_word' id='word_1_442' title='bbox 731 622 809 676; x_wconf 81' lang='lat' dir='ltr'><strong>ait</strong></span> <span class='ocrx_word' id='word_1_443' title='bbox 836 638 852 677; x_wconf 93' lang='lat'><strong>:</strong></span> <span class='ocrx_word' id='word_1_444' title='bbox 881 618 1133 676; x_wconf 81' lang='lat' dir='ltr'><strong>Similiter</strong></span> <span class='ocrx_word' id='word_1_445' title='bbox 1155 626 1331 672; x_wconf 70' lang='lat' dir='ltr'><strong>autem</strong></span> <span class='ocrx_word' id='word_1_446' title='bbox 1367 624 1417 671; x_wconf 87' lang='lat' dir='ltr'><strong>et</strong></span> <span class='ocrx_word' id='word_1_447' title='bbox 1458 614 1693 669; x_wconf 73' lang='lat' dir='ltr'><strong>mulieres</strong></span> 
     </span>
    </p>
   </div>
   <div class='ocr_carea' id='block_1_59' title="bbox 69 709 1695 784">
    <p class='ocr_par' dir='ltr' id='par_1_59' title="bbox 69 709 1695 784">
     <span class='ocr_line' id='line_1_61' title="bbox 69 709 1695 784; baseline -0.007 -13"><span class='ocrx_word' id='word_1_448' title='bbox 69 718 131 771; x_wconf 74' lang='lat' dir='ltr'><strong>iu</strong></span> <span class='ocrx_word' id='word_1_449' title='bbox 151 717 354 773; x_wconf 69' lang='lat' dir='ltr'><strong>habita</strong></span> <span class='ocrx_word' id='word_1_450' title='bbox 378 726 584 784; x_wconf 68' lang='lat' dir='ltr'><strong>ornato,</strong></span> <span class='ocrx_word' id='word_1_451' title='bbox 602 731 717 771; x_wconf 78' lang='lat' dir='ltr'><strong>cum</strong></span> <span class='ocrx_word' id='word_1_452' title='bbox 737 713 1043 769; x_wconf 77' lang='lat' dir='ltr'><strong>uerecundia</strong></span> <span class='ocrx_word' id='word_1_453' title='bbox 1057 720 1108 765; x_wconf 88' lang='lat' dir='ltr'><strong>et</strong></span> <span class='ocrx_word' id='word_1_454' title='bbox 1128 709 1396 765; x_wconf 72' lang='lat' dir='ltr'><strong>sobrietate</strong></span> <span class='ocrx_word' id='word_1_455' title='bbox 1411 724 1431 765; x_wconf 90' lang='lat'><strong><em>:</em></strong></span> <span class='ocrx_word' id='word_1_456' title='bbox 1453 715 1695 761; x_wconf 80' lang='lat' dir='ltr'><strong>amantes</strong></span> 
     </span>
    </p>
   </div>
   <div class='ocr_carea' id='block_1_60' title="bbox 71 794 1695 870">
    <p class='ocr_par' dir='ltr' id='par_1_60' title="bbox 71 794 1695 870">
     <span class='ocr_line' id='line_1_62' title="bbox 71 794 1695 870; baseline -0.01 -5"><span class='ocrx_word' id='word_1_457' title='bbox 71 826 130 863; x_wconf 87' lang='lat' dir='ltr'><strong>se</strong></span> <span class='ocrx_word' id='word_1_458' title='bbox 156 825 272 864; x_wconf 83' lang='lat' dir='ltr'><strong>non</strong></span> <span class='ocrx_word' id='word_1_459' title='bbox 298 810 363 863; x_wconf 83' lang='lat' dir='ltr'><strong>in</strong></span> <span class='ocrx_word' id='word_1_460' title='bbox 398 810 543 863; x_wconf 88' lang='lat' dir='ltr'><strong>tortis</strong></span> <span class='ocrx_word' id='word_1_461' title='bbox 566 806 791 862; x_wconf 74' lang='lat' dir='ltr'><strong>crinibus</strong></span> <span class='ocrx_word' id='word_1_462' title='bbox 807 847 822 870; x_wconf 97' lang='lat'><strong>,</strong></span> <span class='ocrx_word' id='word_1_463' title='bbox 844 813 935 859; x_wconf 78' lang='lat' dir='ltr'><strong>aut</strong></span> <span class='ocrx_word' id='word_1_464' title='bbox 963 819 1090 857; x_wconf 74' lang='lat' dir='ltr'><strong>auro</strong></span> <span class='ocrx_word' id='word_1_465' title='bbox 1106 843 1121 864; x_wconf 96' lang='lat'><strong>,</strong></span> <span class='ocrx_word' id='word_1_466' title='bbox 1149 811 1238 855; x_wconf 88' lang='lat' dir='ltr'><strong>aut</strong></span> <span class='ocrx_word' id='word_1_467' title='bbox 1266 799 1555 870; x_wconf 80' lang='lat' dir='ltr'><strong>margaritis</strong></span> <span class='ocrx_word' id='word_1_468' title='bbox 1577 838 1592 862; x_wconf 92' lang='lat'><strong>,</strong></span> <span class='ocrx_word' id='word_1_469' title='bbox 1615 794 1695 849; x_wconf 83' lang='lat' dir='ltr'><strong>uel</strong></span> 
     </span>
    </p>
   </div>
   <div class='ocr_carea' id='block_1_61' title="bbox 72 890 1694 972">
    <p class='ocr_par' dir='ltr' id='par_1_61' title="bbox 72 890 1694 972">
     <span class='ocr_line' id='line_1_63' title="bbox 72 890 1694 972; baseline -0.009 -17"><span class='ocrx_word' id='word_1_470' title='bbox 72 911 219 955; x_wconf 76' lang='lat' dir='ltr'><strong>ueste</strong></span> <span class='ocrx_word' id='word_1_471' title='bbox 248 903 523 972; x_wconf 76' lang='lat' dir='ltr'><strong>pretiosa,</strong></span> <span class='ocrx_word' id='word_1_472' title='bbox 558 898 815 969; x_wconf 64' lang='lat' dir='ltr'><strong>sedquod</strong></span> <span class='ocrx_word' id='word_1_473' title='bbox 856 895 997 951; x_wconf 81' lang='lat' dir='ltr'><strong>decet</strong></span> <span class='ocrx_word' id='word_1_474' title='bbox 1043 893 1314 959; x_wconf 81' lang='lat' dir='ltr'><strong>mulieres,</strong></span> <span class='ocrx_word' id='word_1_475' title='bbox 1346 890 1694 961; x_wconf 84' lang='lat' dir='ltr'><strong>promittentes</strong></span> 
     </span>
    </p>
   </div>
   <div class='ocr_carea' id='block_1_62' title="bbox 75 974 1407 1060">
    <p class='ocr_par' dir='ltr' id='par_1_62' title="bbox 75 974 1407 1060">
     <span class='ocr_line' id='line_1_64' title="bbox 75 974 1407 1060; baseline -0.007 -15"><span class='ocrx_word' id='word_1_476' title='bbox 75 992 389 1045; x_wconf 78' lang='lat' dir='ltr'><strong>castitatem</strong></span> <span class='ocrx_word' id='word_1_477' title='bbox 420 1007 509 1059; x_wconf 83' lang='lat' dir='ltr'><strong>per</strong></span> <span class='ocrx_word' id='word_1_478' title='bbox 535 974 690 1060; x_wconf 71' lang='lat' dir='ltr'><strong>opera</strong></span> <span class='ocrx_word' id='word_1_479' title='bbox 717 990 849 1042; x_wconf 84' lang='lat' dir='ltr'><strong>bona</strong></span> <span class='ocrx_word' id='word_1_480' title='bbox 875 986 950 1057; x_wconf 93' lang='lat'><strong>(1.</strong></span> <span class='ocrx_word' id='word_1_481' title='bbox 971 985 1104 1040; x_wconf 87' lang='lat' dir='ltr'><strong>Tim.</strong></span> <span class='ocrx_word' id='word_1_482' title='bbox 1128 983 1185 1038; x_wconf 76' lang='lat'><strong>2.</strong></span> <span class='ocrx_word' id='word_1_483' title='bbox 1210 983 1265 1040; x_wconf 91' lang='lat'><strong>9.</strong></span> <span class='ocrx_word' id='word_1_484' title='bbox 1296 980 1407 1052; x_wconf 84' lang='lat'><strong>10).</strong></span> 
     </span>
    </p>
   </div>
   <div class='ocr_carea' id='block_1_63' title="bbox 3234 308 3379 384">
    <p class='ocr_par' dir='ltr' id='par_1_63' title="bbox 3234 308 3379 384">
     <span class='ocr_line' id='line_1_65' title="bbox 3234 308 3379 384; baseline 0.014 -3"><span class='ocrx_word' id='word_1_485' title='bbox 3234 308 3379 384; x_wconf 67' lang='lat' dir='ltr'><strong>ista</strong></span> 
     </span>
    </p>
   </div>
   <div class='ocr_carea' id='block_1_64' title="bbox 1794 516 3376 590">
    <p class='ocr_par' dir='ltr' id='par_1_64' title="bbox 1794 516 3376 590">
     <span class='ocr_line' id='line_1_66' title="bbox 1794 516 3376 590; baseline 0.004 -17"><span class='ocrx_word' id='word_1_486' title='bbox 1974 520 2189 589; x_wconf 64' lang='lat'><strong>1112</strong></span> <span class='ocrx_word' id='word_1_487' title='bbox 2259 516 2324 571; x_wconf 79' lang='lat' dir='ltr'><strong>Et</strong></span> <span class='ocrx_word' id='word_1_488' title='bbox 2359 518 2438 572; x_wconf 65' lang='lat' dir='ltr'><strong>uir</strong></span> <span class='ocrx_word' id='word_1_489' title='bbox 2465 519 2546 572; x_wconf 80' lang='lat' dir='ltr'><strong>siti</strong></span> <span class='ocrx_word' id='word_1_490' title='bbox 2574 521 2803 589; x_wconf 81' lang='lat' dir='ltr'><strong>corporis</strong></span> <span class='ocrx_word' id='word_1_491' title='bbox 2831 522 3138 590; x_wconf 43' lang='lat' dir='ltr'><strong>potestate“</strong></span> <span class='ocrx_word' id='word_1_492' title='bbox 3152 530 3251 578; x_wconf 80' lang='lat' dir='ltr'><strong>nuit</strong></span> <span class='ocrx_word' id='word_1_493' title='bbox 3280 528 3376 582; x_wconf 77' lang='lat' dir='ltr'><strong>Ita-</strong></span> 
     </span>
    </p>
   </div>
   <div class='ocr_carea' id='block_1_65' title="bbox 1797 609 3375 691">
    <p class='ocr_par' dir='ltr' id='par_1_65' title="bbox 1797 609 3375 691">
     <span class='ocr_line' id='line_1_67' title="bbox 1797 609 3375 691; baseline 0.004 -26"><span class='ocrx_word' id='word_1_494' title='bbox 1797 611 1895 679; x_wconf 86' lang='lat' dir='ltr'><strong>bet,</strong></span> <span class='ocrx_word' id='word_1_495' title='bbox 1923 610 2237 665; x_wconf 74' lang='lat' dir='ltr'><strong>sedmutier.</strong></span> <span class='ocrx_word' id='word_1_496' title='bbox 2268 609 2447 665; x_wconf 82' lang='lat' dir='ltr'><strong>Nolite</strong></span> <span class='ocrx_word' id='word_1_497' title='bbox 2469 612 2941 683; x_wconf 76' lang='lat' dir='ltr'><strong>fraudareinvicent</strong></span> <span class='ocrx_word' id='word_1_498' title='bbox 2965 612 3125 683; x_wconf 71' lang='lat' dir='ltr'><strong>(ibid.</strong></span> <span class='ocrx_word' id='word_1_499' title='bbox 3146 627 3191 669; x_wconf 89' lang='lat' dir='ltr'><strong>et</strong></span> <span class='ocrx_word' id='word_1_500' title='bbox 3211 618 3375 691; x_wconf 79' lang='lat' dir='ltr'><strong>seqq.)</strong></span> 
     </span>
    </p>
   </div>
   <div class='ocr_carea' id='block_1_66' title="bbox 1796 704 3376 777">
    <p class='ocr_par' dir='ltr' id='par_1_66' title="bbox 1796 704 3376 777">
     <span class='ocr_line' id='line_1_68' title="bbox 1796 704 3376 777; baseline 0.002 -18"><span class='ocrx_word' id='word_1_501' title='bbox 1796 705 1877 759; x_wconf 83' lang='lat' dir='ltr'><strong>Ac</strong></span> <span class='ocrx_word' id='word_1_502' title='bbox 1905 716 2109 770; x_wconf 82' lang='lat' dir='ltr'><strong>rursus,</strong></span> <span class='ocrx_word' id='word_1_503' title='bbox 2146 717 2214 758; x_wconf 91' lang='lat' dir='ltr'><strong>ne</strong></span> <span class='ocrx_word' id='word_1_504' title='bbox 2254 709 2397 757; x_wconf 83' lang='lat' dir='ltr'><strong>tanta</strong></span> <span class='ocrx_word' id='word_1_505' title='bbox 2437 716 2537 775; x_wconf 88' lang='lat' dir='ltr'><strong>pro</strong></span> <span class='ocrx_word' id='word_1_506' title='bbox 2577 704 2895 773; x_wconf 70' lang='lat' dir='ltr'><strong>nuptiarum</strong></span> <span class='ocrx_word' id='word_1_507' title='bbox 2927 708 3076 775; x_wconf 80' lang='lat' dir='ltr'><strong>parte</strong></span> <span class='ocrx_word' id='word_1_508' title='bbox 3116 706 3376 777; x_wconf 75' lang='lat' dir='ltr'><strong>dicendo,</strong></span> 
     </span>
    </p>
   </div>
   <div class='ocr_carea' id='block_1_67' title="bbox 1797 793 3385 866">
    <p class='ocr_par' dir='ltr' id='par_1_67' title="bbox 1797 793 3385 866">
     <span class='ocr_line' id='line_1_69' title="bbox 1797 793 3385 866; baseline 0.001 -16"><span class='ocrx_word' id='word_1_509' title='bbox 1797 795 2065 850; x_wconf 81' lang='lat' dir='ltr'><strong>videretur</strong></span> <span class='ocrx_word' id='word_1_510' title='bbox 2091 793 2379 850; x_wconf 86' lang='lat' dir='ltr'><strong>excludere</strong></span> <span class='ocrx_word' id='word_1_511' title='bbox 2403 796 2703 849; x_wconf 77' lang='lat' dir='ltr'><strong>castitatem</strong></span> <span class='ocrx_word' id='word_1_512' title='bbox 2727 837 2743 861; x_wconf 93' lang='lat'><strong>,</strong></span> <span class='ocrx_word' id='word_1_513' title='bbox 2769 796 3016 866; x_wconf 79' lang='lat' dir='ltr'><strong>sequitur</strong></span> <span class='ocrx_word' id='word_1_514' title='bbox 3047 814 3061 851; x_wconf 90' lang='lat'><strong>:</strong></span> <span class='ocrx_word' id='word_1_515' title='bbox 3098 795 3217 851; x_wconf 78' lang='lat' dir='ltr'><strong>Nisi</strong></span> <span class='ocrx_word' id='word_1_516' title='bbox 3247 799 3385 866; x_wconf 78' lang='lat' dir='ltr'><strong>forts</strong></span> 
     </span>
    </p>
   </div>
   <div class='ocr_carea' id='block_1_68' title="bbox 1796 872 3375 963">
    <p class='ocr_par' dir='ltr' id='par_1_68' title="bbox 1796 872 3375 963">
     <span class='ocr_line' id='line_1_70' title="bbox 1796 872 3375 963; baseline 0.002 -20"><span class='ocrx_word' id='word_1_517' title='bbox 1796 894 1865 943; x_wconf 62' lang='grc' dir='ltr'>ω</span> <span class='ocrx_word' id='word_1_518' title='bbox 1888 900 2132 943; x_wconf 75' lang='lat' dir='ltr'><strong>consensit</strong></span> <span class='ocrx_word' id='word_1_519' title='bbox 2157 887 2226 941; x_wconf 81' lang='lat' dir='ltr'><strong>ad</strong></span> <span class='ocrx_word' id='word_1_520' title='bbox 2264 897 2485 958; x_wconf 81' lang='lat' dir='ltr'><strong>tempus,</strong></span> <span class='ocrx_word' id='word_1_521' title='bbox 2513 898 2569 963; x_wconf 68' lang='lat' dir='ltr'><strong>ut</strong></span> <span class='ocrx_word' id='word_1_522' title='bbox 2598 889 2780 943; x_wconf 73' lang='lat' dir='ltr'><strong>vacetis</strong></span> <span class='ocrx_word' id='word_1_523' title='bbox 2809 872 3048 943; x_wconf 77' lang='lat' dir='ltr'><strong>orationi.</strong></span> <span class='ocrx_word' id='word_1_524' title='bbox 3086 889 3152 944; x_wconf 85' lang='lat' dir='ltr'><strong>Et</strong></span> <span class='ocrx_word' id='word_1_525' title='bbox 3194 890 3375 946; x_wconf 81' lang='lat' dir='ltr'><strong>statim</strong></span> 
     </span>
    </p>
   </div>
   <div class='ocr_carea' id='block_1_69' title="bbox 1796 978 3376 1051">
    <p class='ocr_par' dir='ltr' id='par_1_69' title="bbox 1796 978 3376 1051">
     <span class='ocr_line' id='line_1_71' title="bbox 1796 978 3376 1051; baseline 0.001 -16"><span class='ocrx_word' id='word_1_526' title='bbox 1796 980 1945 1051; x_wconf 88' lang='lat' dir='ltr'><strong>quasi</strong></span> <span class='ocrx_word' id='word_1_527' title='bbox 1975 988 2185 1034; x_wconf 82' lang='lat' dir='ltr'><strong>recusat</strong></span> <span class='ocrx_word' id='word_1_528' title='bbox 2206 978 2328 1042; x_wconf 80' lang='lat' dir='ltr'><strong>hoc,</strong></span> <span class='ocrx_word' id='word_1_529' title='bbox 2357 979 2504 1050; x_wconf 81' lang='lat' dir='ltr'><strong>quod</strong></span> <span class='ocrx_word' id='word_1_530' title='bbox 2535 979 2689 1046; x_wconf 73' lang='lat' dir='ltr'><strong>dixit,</strong></span> <span class='ocrx_word' id='word_1_531' title='bbox 2713 980 2781 1033; x_wconf 81' lang='lat' dir='ltr'><strong>ad</strong></span> <span class='ocrx_word' id='word_1_532' title='bbox 2803 986 2999 1049; x_wconf 73' lang='lat' dir='ltr'><strong>tempus</strong></span> <span class='ocrx_word' id='word_1_533' title='bbox 3016 993 3037 1035; x_wconf 93' lang='lat'><strong><em>:</em></strong></span> <span class='ocrx_word' id='word_1_534' title='bbox 3060 980 3126 1035; x_wconf 82' lang='lat' dir='ltr'><strong>tie</strong></span> <span class='ocrx_word' id='word_1_535' title='bbox 3142 978 3247 1034; x_wconf 81' lang='lat' dir='ltr'><strong>nun‘</strong></span> <span class='ocrx_word' id='word_1_536' title='bbox 3270 982 3376 1036; x_wconf 77' lang='lat' dir='ltr'><strong>tam</strong></span> 
     </span>
    </p>
   </div>
   <div class='ocr_carea' id='block_1_70' title="bbox 1797 1073 3352 1145">
    <p class='ocr_par' dir='ltr' id='par_1_70' title="bbox 1797 1073 3352 1145">
     <span class='ocr_line' id='line_1_72' title="bbox 1797 1073 3352 1145; baseline 0.003 -19"><span class='ocrx_word' id='word_1_537' title='bbox 1797 1074 2108 1143; x_wconf 53' lang='lat' dir='ltr'><strong>perpetuam</strong></span> <span class='ocrx_word' id='word_1_538' title='bbox 2132 1113 2149 1141; x_wconf 92' lang='lat'><strong>,</strong></span> <span class='ocrx_word' id='word_1_539' title='bbox 2185 1084 2345 1144; x_wconf 85' lang='lat' dir='ltr'><strong>quam</strong></span> <span class='ocrx_word' id='word_1_540' title='bbox 2388 1075 2737 1145; x_wconf 88' lang='lat' dir='ltr'><strong>temporalem</strong></span> <span class='ocrx_word' id='word_1_541' title='bbox 2764 1088 2827 1129; x_wconf 77' lang='lat' dir='ltr'><strong>ae</strong></span> <span class='ocrx_word' id='word_1_542' title='bbox 2856 1073 3070 1130; x_wconf 85' lang='lat' dir='ltr'><strong>brevem</strong></span> <span class='ocrx_word' id='word_1_543' title='bbox 3101 1076 3352 1131; x_wconf 75' lang='lat' dir='ltr'><strong>contineri</strong></span> 
     </span>
    </p>
   </div>
   <div class='ocr_carea' id='block_1_71' title="bbox 1798 1164 3373 1236">
    <p class='ocr_par' dir='ltr' id='par_1_71' title="bbox 1798 1164 3373 1236">
     <span class='ocr_line' id='line_1_73' title="bbox 1798 1164 3373 1236; baseline -0.001 -15"><span class='ocrx_word' id='word_1_544' title='bbox 1798 1164 1924 1221; x_wconf 84' lang='lat' dir='ltr'><strong>tiam</strong></span> <span class='ocrx_word' id='word_1_545' title='bbox 1952 1165 2148 1222; x_wconf 81' lang='lat' dir='ltr'><strong>docere</strong></span> <span class='ocrx_word' id='word_1_546' title='bbox 2174 1166 2438 1222; x_wconf 89' lang='lat' dir='ltr'><strong>videatur.</strong></span> <span class='ocrx_word' id='word_1_547' title='bbox 2470 1167 2561 1221; x_wconf 83' lang='lat' dir='ltr'><strong>Ait</strong></span> <span class='ocrx_word' id='word_1_548' title='bbox 2604 1166 2748 1222; x_wconf 91' lang='lat' dir='ltr'><strong>enim</strong></span> <span class='ocrx_word' id='word_1_549' title='bbox 2779 1183 2797 1222; x_wconf 90' lang='lat'><strong>:</strong></span> <span class='ocrx_word' id='word_1_550' title='bbox 2828 1170 3039 1236; x_wconf 79' lang='lat' dir='ltr'><strong>propter</strong></span> <span class='ocrx_word' id='word_1_551' title='bbox 3064 1166 3373 1221; x_wconf 70' lang='lat' dir='ltr'><strong>incontinen-</strong></span> 
     </span>
    </p>
   </div>
   <div class='ocr_carea' id='block_1_72' title="bbox 1795 1254 3375 1330">
    <p class='ocr_par' dir='ltr' id='par_1_72' title="bbox 1795 1254 3375 1330">
     <span class='ocr_line' id='line_1_74' title="bbox 1795 1254 3375 1330; baseline 0.001 -19"><span class='ocrx_word' id='word_1_552' title='bbox 1795 1257 1918 1311; x_wconf 85' lang='lat' dir='ltr'><strong>tiam</strong></span> <span class='ocrx_word' id='word_1_553' title='bbox 1942 1264 2176 1312; x_wconf 81' lang='lat' dir='ltr'><strong>vestram.</strong></span> <span class='ocrx_word' id='word_1_554' title='bbox 2215 1254 2330 1313; x_wconf 82' lang='lat' dir='ltr'><strong>Hoc</strong></span> <span class='ocrx_word' id='word_1_555' title='bbox 2359 1267 2524 1313; x_wconf 76' lang='lat' dir='ltr'><strong>autem</strong></span> <span class='ocrx_word' id='word_1_556' title='bbox 2551 1257 2665 1312; x_wconf 82' lang='lat' dir='ltr'><strong>dico</strong></span> <span class='ocrx_word' id='word_1_557' title='bbox 2685 1259 2963 1313; x_wconf 75' lang='lat' dir='ltr'><strong>secundum</strong></span> <span class='ocrx_word' id='word_1_558' title='bbox 2984 1258 3375 1330; x_wconf 76' lang='lat' dir='ltr'><strong>iﬁttatgentiam,</strong></span> 
     </span>
    </p>
   </div>
   <div class='ocr_carea' id='block_1_73' title="bbox 1796 1350 3379 1423">
    <p class='ocr_par' dir='ltr' id='par_1_73' title="bbox 1796 1350 3379 1423">
     <span class='ocr_line' id='line_1_75' title="bbox 1796 1350 3379 1423; baseline 0 -17"><span class='ocrx_word' id='word_1_559' title='bbox 1796 1367 1896 1407; x_wconf 84' lang='lat' dir='ltr'><strong>non</strong></span> <span class='ocrx_word' id='word_1_560' title='bbox 1925 1352 2203 1414; x_wconf 72' lang='lat' dir='ltr'><strong>secundum</strong></span> <span class='ocrx_word' id='word_1_561' title='bbox 2229 1353 2515 1422; x_wconf 68' lang='lat' dir='ltr'><strong>turpet-ium.</strong></span> <span class='ocrx_word' id='word_1_562' title='bbox 2566 1351 2721 1409; x_wconf 81' lang='lat' dir='ltr'><strong>Unde</strong></span> <span class='ocrx_word' id='word_1_563' title='bbox 2768 1351 2871 1407; x_wconf 85' lang='lat' dir='ltr'><strong>hoc</strong></span> <span class='ocrx_word' id='word_1_564' title='bbox 2914 1353 3057 1423; x_wconf 76' lang='lat' dir='ltr'><strong>quod</strong></span> <span class='ocrx_word' id='word_1_565' title='bbox 3093 1352 3261 1420; x_wconf 80' lang='lat' dir='ltr'><strong>dixit,</strong></span> <span class='ocrx_word' id='word_1_566' title='bbox 3310 1350 3379 1407; x_wconf 82' lang='lat' dir='ltr'><strong>ad</strong></span> 
     </span>
    </p>
   </div>
   <div class='ocr_carea' id='block_1_74' title="bbox 1796 1442 3372 1516">
    <p class='ocr_par' dir='ltr' id='par_1_74' title="bbox 1796 1442 3372 1516">
     <span class='ocr_line' id='line_1_76' title="bbox 1796 1442 3372 1516; baseline -0.001 -17"><span class='ocrx_word' id='word_1_567' title='bbox 1796 1450 2011 1516; x_wconf 70' lang='lat' dir='ltr'><strong>tempus,</strong></span> <span class='ocrx_word' id='word_1_568' title='bbox 2034 1444 2193 1501; x_wconf 88' lang='lat' dir='ltr'><strong>docet</strong></span> <span class='ocrx_word' id='word_1_569' title='bbox 2216 1445 2616 1501; x_wconf 76' lang='lat' dir='ltr'><strong>meditatibncm</strong></span> <span class='ocrx_word' id='word_1_570' title='bbox 2642 1444 2844 1501; x_wconf 87' lang='lat' dir='ltr'><strong>debere</strong></span> <span class='ocrx_word' id='word_1_571' title='bbox 2872 1442 2987 1500; x_wconf 83' lang='lat' dir='ltr'><strong>fieri</strong></span> <span class='ocrx_word' id='word_1_572' title='bbox 3018 1444 3298 1509; x_wconf 85' lang='lat' dir='ltr'><strong>castitatis,</strong></span> <span class='ocrx_word' id='word_1_573' title='bbox 3322 1451 3372 1499; x_wconf 88' lang='lat' dir='ltr'><strong>ut</strong></span> 
     </span>
    </p>
   </div>
   <div class='ocr_carea' id='block_1_75' title="bbox 1796 1534 3377 1608">
    <p class='ocr_par' dir='ltr' id='par_1_75' title="bbox 1796 1534 3377 1608">
     <span class='ocr_line' id='line_1_77' title="bbox 1796 1534 3377 1608; baseline -0.001 -15"><span class='ocrx_word' id='word_1_574' title='bbox 1796 1548 1894 1607; x_wconf 87' lang='lat' dir='ltr'><strong>per</strong></span> <span class='ocrx_word' id='word_1_575' title='bbox 1915 1548 2064 1593; x_wconf 88' lang='lat' dir='ltr'><strong>certa</strong></span> <span class='ocrx_word' id='word_1_576' title='bbox 2095 1534 2375 1594; x_wconf 82' lang='lat' dir='ltr'><strong>intervalla</strong></span> <span class='ocrx_word' id='word_1_577' title='bbox 2404 1548 2705 1608; x_wconf 87' lang='lat' dir='ltr'><strong>temporum</strong></span> <span class='ocrx_word' id='word_1_578' title='bbox 2734 1536 2889 1608; x_wconf 83' lang='lat' dir='ltr'><strong>quasi</strong></span> <span class='ocrx_word' id='word_1_579' title='bbox 2916 1536 3210 1608; x_wconf 80' lang='lat' dir='ltr'><strong>exploratis</strong></span> <span class='ocrx_word' id='word_1_580' title='bbox 3245 1552 3377 1593; x_wconf 74' lang='lat' dir='ltr'><strong>con-</strong></span> 
     </span>
    </p>
   </div>
   <div class='ocr_carea' id='block_1_76' title="bbox 1795 1626 3382 1702">
    <p class='ocr_par' dir='ltr' id='par_1_76' title="bbox 1795 1626 3382 1702">
     <span class='ocr_line' id='line_1_78' title="bbox 1795 1626 3382 1702; baseline -0.001 -17"><span class='ocrx_word' id='word_1_581' title='bbox 1795 1626 2032 1687; x_wconf 70' lang='lat' dir='ltr'><strong>tinentire</strong></span> <span class='ocrx_word' id='word_1_582' title='bbox 2057 1646 2169 1687; x_wconf 77' lang='lat' dir='ltr'><strong>suae</strong></span> <span class='ocrx_word' id='word_1_583' title='bbox 2199 1632 2437 1700; x_wconf 86' lang='lat' dir='ltr'><strong>viribus,</strong></span> <span class='ocrx_word' id='word_1_584' title='bbox 2464 1631 2580 1687; x_wconf 86' lang='lat' dir='ltr'><strong>sine</strong></span> <span class='ocrx_word' id='word_1_585' title='bbox 2624 1631 2862 1702; x_wconf 85' lang='lat' dir='ltr'><strong>periculo</strong></span> <span class='ocrx_word' id='word_1_586' title='bbox 2899 1629 3110 1701; x_wconf 83' lang='lat' dir='ltr'><strong>utrique</strong></span> <span class='ocrx_word' id='word_1_587' title='bbox 3154 1629 3382 1701; x_wconf 79' lang='lat' dir='ltr'><strong>promit-</strong></span> 
     </span>
    </p>
   </div>
   <div class='ocr_carea' id='block_1_77' title="bbox 1795 1716 3381 1793">
    <p class='ocr_par' dir='ltr' id='par_1_77' title="bbox 1795 1716 3381 1793">
     <span class='ocr_line' id='line_1_79' title="bbox 1795 1716 3381 1793; baseline -0.001 -16"><span class='ocrx_word' id='word_1_588' title='bbox 1795 1730 1941 1786; x_wconf 84' lang='lat' dir='ltr'><strong>tant,</strong></span> <span class='ocrx_word' id='word_1_589' title='bbox 1974 1723 2115 1793; x_wconf 88' lang='lat' dir='ltr'><strong>quod</strong></span> <span class='ocrx_word' id='word_1_590' title='bbox 2147 1737 2362 1791; x_wconf 88' lang='lat' dir='ltr'><strong>semper</strong></span> <span class='ocrx_word' id='word_1_591' title='bbox 2385 1732 2467 1779; x_wconf 89' lang='lat' dir='ltr'><strong>est</strong></span> <span class='ocrx_word' id='word_1_592' title='bbox 2492 1722 2561 1777; x_wconf 90' lang='lat' dir='ltr'><strong>ab</strong></span> <span class='ocrx_word' id='word_1_593' title='bbox 2589 1722 2822 1792; x_wconf 88' lang='lat' dir='ltr'><strong>utroqu&#39;e</strong></span> <span class='ocrx_word' id='word_1_594' title='bbox 2847 1716 3192 1777; x_wconf 79' lang='lat' dir='ltr'><strong>servandum.</strong></span> <span class='ocrx_word' id='word_1_595' title='bbox 3238 1720 3381 1787; x_wconf 74' lang='lat' dir='ltr'><strong>Quid</strong></span> 
     </span>
    </p>
   </div>
   <div class='ocr_carea' id='block_1_78' title="bbox 1794 1810 3384 1881">
    <p class='ocr_par' dir='ltr' id='par_1_78' title="bbox 1794 1810 3384 1881">
     <span class='ocr_line' id='line_1_80' title="bbox 1794 1810 3384 1881; baseline -0.003 -13"><span class='ocrx_word' id='word_1_596' title='bbox 1794 1828 1925 1868; x_wconf 87' lang='lat' dir='ltr'><strong>vero</strong></span> <span class='ocrx_word' id='word_1_597' title='bbox 1942 1814 2185 1868; x_wconf 84' lang='lat' dir='ltr'><strong>absolute</strong></span> <span class='ocrx_word' id='word_1_598' title='bbox 2202 1814 2350 1881; x_wconf 80' lang='lat' dir='ltr'><strong>velit,</strong></span> <span class='ocrx_word' id='word_1_599' title='bbox 2374 1812 2659 1867; x_wconf 81' lang='lat' dir='ltr'><strong>manifeste</strong></span> <span class='ocrx_word' id='word_1_600' title='bbox 2678 1812 2810 1867; x_wconf 89' lang='lat' dir='ltr'><strong>dicit</strong></span> <span class='ocrx_word' id='word_1_601' title='bbox 2831 1830 2847 1867; x_wconf 89' lang='lat'><strong>:</strong></span> <span class='ocrx_word' id='word_1_602' title='bbox 2880 1810 3005 1865; x_wconf 79' lang='lat' dir='ltr'><strong>Volo</strong></span> <span class='ocrx_word' id='word_1_603' title='bbox 3021 1814 3193 1866; x_wconf 78' lang='lat' dir='ltr'><strong>autem</strong></span> <span class='ocrx_word' id='word_1_604' title='bbox 3211 1825 3384 1864; x_wconf 63' lang='lat' dir='ltr'><strong>autne:</strong></span> 
     </span>
    </p>
   </div>
   <div class='ocr_carea' id='block_1_79' title="bbox 1796 1900 3383 1974">
    <p class='ocr_par' dir='ltr' id='par_1_79' title="bbox 1796 1900 3383 1974">
     <span class='ocr_line' id='line_1_81' title="bbox 1796 1900 3383 1974; baseline 0 -17"><span class='ocrx_word' id='word_1_605' title='bbox 1796 1904 2022 1959; x_wconf 69' lang='lat' dir='ltr'><strong>homines</strong></span> <span class='ocrx_word' id='word_1_606' title='bbox 2046 1920 2152 1958; x_wconf 85' lang='lat' dir='ltr'><strong>esse</strong></span> <span class='ocrx_word' id='word_1_607' title='bbox 2178 1904 2311 1958; x_wconf 83' lang='lat' dir='ltr'><strong>sicut</strong></span> <span class='ocrx_word' id='word_1_608' title='bbox 2339 1903 2606 1974; x_wconf 78' lang='lat' dir='ltr'><strong>meipsum,</strong></span> <span class='ocrx_word' id='word_1_609' title='bbox 2626 1901 2680 1957; x_wconf 85' lang='lat' dir='ltr'><strong>id</strong></span> <span class='ocrx_word' id='word_1_610' title='bbox 2702 1908 2805 1971; x_wconf 83' lang='lat' dir='ltr'><strong>est,</strong></span> <span class='ocrx_word' id='word_1_611' title='bbox 2825 1901 2879 1957; x_wconf 82' lang='lat' dir='ltr'><strong>ili</strong></span> <span class='ocrx_word' id='word_1_612' title='bbox 2905 1900 3021 1974; x_wconf 74' lang='lat' dir='ltr'><strong>jugi</strong></span> <span class='ocrx_word' id='word_1_613' title='bbox 3043 1915 3109 1957; x_wconf 88' lang='lat' dir='ltr'><strong>ac</strong></span> <span class='ocrx_word' id='word_1_614' title='bbox 3127 1902 3383 1973; x_wconf 76' lang='lat' dir='ltr'><strong>perpetua</strong></span> 
     </span>
    </p>
   </div>
   <div class='ocr_carea' id='block_1_80' title="bbox 1796 1997 2267 2052">
    <p class='ocr_par' dir='ltr' id='par_1_80' title="bbox 1796 1997 2267 2052">
     <span class='ocr_line' id='line_1_82' title="bbox 1796 1997 2267 2052; baseline -0.004 -1"><span class='ocrx_word' id='word_1_615' title='bbox 1796 1997 2041 2052; x_wconf 89' lang='lat' dir='ltr'><strong>castitate</strong></span> <span class='ocrx_word' id='word_1_616' title='bbox 2066 1998 2267 2051; x_wconf 83' lang='lat' dir='ltr'><strong>vivere.</strong></span> 
     </span>
    </p>
   </div>
   <div class='ocr_carea' id='block_1_81' title="bbox 1868 2076 3385 2155">
    <p class='ocr_par' dir='ltr' id='par_1_81' title="bbox 1868 2076 3385 2155">
     <span class='ocr_line' id='line_1_83' title="bbox 1868 2076 3385 2155; baseline 0.001 -14"><span class='ocrx_word' id='word_1_617' title='bbox 1868 2076 1956 2143; x_wconf 77' lang='lat'><strong>50.</strong></span> <span class='ocrx_word' id='word_1_618' title='bbox 2004 2088 2161 2142; x_wconf 79' lang='lat' dir='ltr'><strong>Vides</strong></span> <span class='ocrx_word' id='word_1_619' title='bbox 2184 2101 2253 2141; x_wconf 92' lang='lat' dir='ltr'><strong>ne</strong></span> <span class='ocrx_word' id='word_1_620' title='bbox 2276 2090 2435 2155; x_wconf 75' lang='lat' dir='ltr'><strong>quam</strong></span> <span class='ocrx_word' id='word_1_621' title='bbox 2461 2092 2619 2140; x_wconf 86' lang='lat' dir='ltr'><strong>caute</strong></span> <span class='ocrx_word' id='word_1_622' title='bbox 2640 2088 2799 2155; x_wconf 77' lang='lat' dir='ltr'><strong>quam</strong></span> <span class='ocrx_word' id='word_1_623' title='bbox 2823 2084 3065 2154; x_wconf 76' lang='lat' dir='ltr'><strong>provide,</strong></span> <span class='ocrx_word' id='word_1_624' title='bbox 3084 2086 3242 2154; x_wconf 61' lang='lat' dir='ltr'><strong>quam</strong></span> <span class='ocrx_word' id='word_1_625' title='bbox 3265 2084 3385 2142; x_wconf 69' lang='lat' dir='ltr'><strong>sine</strong></span> 
     </span>
    </p>
   </div>
   <div class='ocr_carea' id='block_1_82' title="bbox 1799 2174 3380 2246">
    <p class='ocr_par' dir='ltr' id='par_1_82' title="bbox 1799 2174 3380 2246">
     <span class='ocr_line' id='line_1_84' title="bbox 1799 2174 3380 2246; baseline -0.001 -14"><span class='ocrx_word' id='word_1_626' title='bbox 1799 2177 1958 2233; x_wconf 79' lang='lat' dir='ltr'><strong>ullius</strong></span> <span class='ocrx_word' id='word_1_627' title='bbox 1984 2179 2268 2233; x_wconf 80' lang='lat' dir='ltr'><strong>occasione</strong></span> <span class='ocrx_word' id='word_1_628' title='bbox 2292 2176 2528 2232; x_wconf 87' lang='lat' dir='ltr'><strong>scandali</strong></span> <span class='ocrx_word' id='word_1_629' title='bbox 2551 2217 2568 2244; x_wconf 93' lang='lat'><strong>,</strong></span> <span class='ocrx_word' id='word_1_630' title='bbox 2597 2174 2857 2246; x_wconf 68' lang='lat' dir='ltr'><strong>magister</strong></span> <span class='ocrx_word' id='word_1_631' title='bbox 2877 2174 3164 2231; x_wconf 73' lang='lat' dir='ltr'><strong>firinaVerit</strong></span> <span class='ocrx_word' id='word_1_632' title='bbox 3191 2175 3259 2231; x_wconf 92' lang='lat' dir='ltr'><strong>de</strong></span> <span class='ocrx_word' id='word_1_633' title='bbox 3285 2191 3380 2231; x_wconf 85' lang='lat' dir='ltr'><strong>ca-</strong></span> 
     </span>
    </p>
   </div>
   <div class='ocr_carea' id='block_1_83' title="bbox 1799 2262 3472 2341">
    <p class='ocr_par' dir='ltr' id='par_1_83' title="bbox 1799 2262 3472 2341">
     <span class='ocr_line' id='line_1_85' title="bbox 1799 2262 3472 2341; baseline -0.002 -15"><span class='ocrx_word' id='word_1_634' title='bbox 1799 2270 1979 2326; x_wconf 86' lang='lat' dir='ltr'><strong>stitate</strong></span> <span class='ocrx_word' id='word_1_635' title='bbox 2018 2270 2376 2335; x_wconf 86' lang='lat' dir='ltr'><strong>sententiam,</strong></span> <span class='ocrx_word' id='word_1_636' title='bbox 2413 2268 2602 2324; x_wconf 89' lang='lat' dir='ltr'><strong>nolens</strong></span> <span class='ocrx_word' id='word_1_637' title='bbox 2636 2262 2836 2322; x_wconf 75' lang='lat' dir='ltr'><strong>tantum</strong></span> <span class='ocrx_word' id='word_1_638' title='bbox 2878 2267 3077 2323; x_wconf 81' lang='lat' dir='ltr'><strong>bonum</strong></span> <span class='ocrx_word' id='word_1_639' title='bbox 3123 2268 3179 2322; x_wconf 82' lang='lat' dir='ltr'><strong>iu’</strong></span> <span class='ocrx_word' id='word_1_640' title='bbox 3224 2268 3382 2323; x_wconf 82' lang='lat' dir='ltr'><strong>unius</strong></span> <span class='ocrx_word' id='word_1_641' title='bbox 3469 2337 3472 2341; x_wconf 19' lang='grc' dir='ltr'><strong>ν</strong></span> 
     </span>
    </p>
   </div>
   <div class='ocr_carea' id='block_1_84' title="bbox 1802 2352 3385 2430">
    <p class='ocr_par' dir='ltr' id='par_1_84' title="bbox 1802 2352 3385 2430">
     <span class='ocr_line' id='line_1_86' title="bbox 1802 2352 3385 2430; baseline -0.002 -14"><span class='ocrx_word' id='word_1_642' title='bbox 1802 2362 2101 2416; x_wconf 88' lang='lat' dir='ltr'><strong>temeritate</strong></span> <span class='ocrx_word' id='word_1_643' title='bbox 2146 2369 2371 2427; x_wconf 78' lang='lat' dir='ltr'><strong>nutare,</strong></span> <span class='ocrx_word' id='word_1_644' title='bbox 2404 2352 2565 2430; x_wconf 66' lang='lat' dir='ltr'><strong>quod&#39;</strong></span> <span class='ocrx_word' id='word_1_645' title='bbox 2589 2359 2848 2429; x_wconf 83' lang='lat' dir='ltr'><strong>ligare‘et</strong></span> <span class='ocrx_word' id='word_1_646' title='bbox 2880 2357 3197 2413; x_wconf 72' lang='lat' dir='ltr'><strong>continuare</strong></span> <span class='ocrx_word' id='word_1_647' title='bbox 3224 2356 3385 2413; x_wconf 80' lang='lat' dir='ltr'><strong>debet</strong></span> 
     </span>
    </p>
   </div>
   <div class='ocr_carea' id='block_1_85' title="bbox 1799 2448 3387 2519">
    <p class='ocr_par' dir='ltr' id='par_1_85' title="bbox 1799 2448 3387 2519">
     <span class='ocr_line' id='line_1_87' title="bbox 1799 2448 3387 2519; baseline -0.002 -11"><span class='ocrx_word' id='word_1_648' title='bbox 1799 2466 2093 2508; x_wconf 85' lang='lat' dir='ltr'><strong>consensus</strong></span> <span class='ocrx_word' id='word_1_649' title='bbox 2138 2448 2459 2507; x_wconf 73' lang='lat' dir='ltr'><strong>amborum?</strong></span> <span class='ocrx_word' id='word_1_650' title='bbox 2510 2451 2578 2505; x_wconf 88' lang='lat' dir='ltr'><strong>Et</strong></span> <span class='ocrx_word' id='word_1_651' title='bbox 2622 2454 2828 2516; x_wconf 78' lang='lat' dir='ltr'><strong>revera,</strong></span> <span class='ocrx_word' id='word_1_652' title='bbox 2856 2451 2983 2519; x_wconf 81' lang='lat' dir='ltr'><strong>quid</strong></span> <span class='ocrx_word' id='word_1_653' title='bbox 3031 2465 3094 2506; x_wconf 89' lang='lat' dir='ltr'><strong>ea</strong></span> <span class='ocrx_word' id='word_1_654' title='bbox 3140 2448 3387 2505; x_wconf 87' lang='lat' dir='ltr'><strong>castitate</strong></span> 
     </span>
    </p>
   </div>
   <div class='ocr_carea' id='block_1_86' title="bbox 1801 2543 3383 2614">
    <p class='ocr_par' dir='ltr' id='par_1_86' title="bbox 1801 2543 3383 2614">
     <span class='ocr_line' id='line_1_88' title="bbox 1801 2543 3383 2614; baseline 0 -16"><span class='ocrx_word' id='word_1_655' title='bbox 1801 2545 2003 2598; x_wconf 87' lang='lat' dir='ltr'><strong>firtnius</strong></span> <span class='ocrx_word' id='word_1_656' title='bbox 2046 2556 2161 2610; x_wconf 91' lang='lat' dir='ltr'><strong>est,</strong></span> <span class='ocrx_word' id='word_1_657' title='bbox 2189 2543 2384 2614; x_wconf 83' lang='lat' dir='ltr'><strong>quidve</strong></span> <span class='ocrx_word' id='word_1_658' title='bbox 2431 2544 2631 2609; x_wconf 88' lang='lat' dir='ltr'><strong>tutius,</strong></span> <span class='ocrx_word' id='word_1_659' title='bbox 2663 2557 2823 2613; x_wconf 77' lang='lat' dir='ltr'><strong>quam</strong></span> <span class='ocrx_word' id='word_1_660' title='bbox 2870 2544 2989 2612; x_wconf 66' lang='lat' dir='ltr'><strong>quae</strong></span> <span class='ocrx_word' id='word_1_661' title='bbox 3038 2557 3103 2598; x_wconf 82' lang='lat' dir='ltr'><strong>ex</strong></span> <span class='ocrx_word' id='word_1_662' title='bbox 3147 2543 3383 2598; x_wconf 82' lang='lat' dir='ltr'><strong>duorum</strong></span> 
     </span>
    </p>
   </div>
   <div class='ocr_carea' id='block_1_87' title="bbox 1800 2634 3381 2707">
    <p class='ocr_par' dir='ltr' id='par_1_87' title="bbox 1800 2634 3381 2707">
     <span class='ocr_line' id='line_1_89' title="bbox 1800 2634 3381 2707; baseline -0.002 -15"><span class='ocrx_word' id='word_1_663' title='bbox 1800 2644 1975 2707; x_wconf 85' lang='lat' dir='ltr'><strong>coepta</strong></span> <span class='ocrx_word' id='word_1_664' title='bbox 2009 2636 2273 2691; x_wconf 84' lang='lat' dir='ltr'><strong>sententia</strong></span> <span class='ocrx_word' id='word_1_665' title='bbox 2294 2677 2308 2699; x_wconf 91' lang='lat'><strong>,</strong></span> <span class='ocrx_word' id='word_1_666' title='bbox 2337 2635 2405 2691; x_wconf 90' lang='lat' dir='ltr'><strong>ab</strong></span> <span class='ocrx_word' id='word_1_667' title='bbox 2435 2644 2664 2705; x_wconf 88' lang='lat' dir='ltr'><strong>utroque</strong></span> <span class='ocrx_word' id='word_1_668' title='bbox 2693 2634 2839 2689; x_wconf 87' lang='lat' dir='ltr'><strong>velut</strong></span> <span class='ocrx_word' id='word_1_669' title='bbox 2865 2635 2916 2689; x_wconf 91' lang='lat' dir='ltr'><strong>in</strong></span> <span class='ocrx_word' id='word_1_670' title='bbox 2947 2642 3233 2691; x_wconf 88' lang='lat' dir='ltr'><strong>commune</strong></span> <span class='ocrx_word' id='word_1_671' title='bbox 3262 2649 3381 2691; x_wconf 89' lang='lat' dir='ltr'><strong>ser-</strong></span> 
     </span>
    </p>
   </div>
   <div class='ocr_carea' id='block_1_88' title="bbox 1802 2726 3388 2796">
    <p class='ocr_par' dir='ltr' id='par_1_88' title="bbox 1802 2726 3388 2796">
     <span class='ocr_line' id='line_1_90' title="bbox 1802 2726 3388 2796; baseline 0 -15"><span class='ocrx_word' id='word_1_672' title='bbox 1802 2729 2000 2783; x_wconf 81' lang='lat' dir='ltr'><strong>vatur?</strong></span> <span class='ocrx_word' id='word_1_673' title='bbox 2030 2727 2140 2782; x_wconf 82' lang='lat' dir='ltr'><strong>Nec</strong></span> <span class='ocrx_word' id='word_1_674' title='bbox 2165 2727 2231 2783; x_wconf 91' lang='lat' dir='ltr'><strong>de</strong></span> <span class='ocrx_word' id='word_1_675' title='bbox 2261 2742 2320 2782; x_wconf 90' lang='lat' dir='ltr'><strong>se</strong></span> <span class='ocrx_word' id='word_1_676' title='bbox 2351 2735 2553 2782; x_wconf 89' lang='lat' dir='ltr'><strong>tantum</strong></span> <span class='ocrx_word' id='word_1_677' title='bbox 2589 2740 2712 2796; x_wconf 90' lang='lat' dir='ltr'><strong>pars</strong></span> <span class='ocrx_word' id='word_1_678' title='bbox 2738 2726 2905 2780; x_wconf 89' lang='lat' dir='ltr'><strong>altera</strong></span> <span class='ocrx_word' id='word_1_679' title='bbox 2929 2726 3178 2793; x_wconf 82' lang='lat' dir='ltr'><strong>sollicita,</strong></span> <span class='ocrx_word' id='word_1_680' title='bbox 3203 2734 3388 2781; x_wconf 88' lang='lat' dir='ltr'><strong>mutuo</strong></span> 
     </span>
    </p>
   </div>
   <div class='ocr_carea' id='block_1_89' title="bbox 1803 2814 3387 2887">
    <p class='ocr_par' dir='ltr' id='par_1_89' title="bbox 1803 2814 3387 2887">
     <span class='ocr_line' id='line_1_91' title="bbox 1803 2814 3387 2887; baseline -0.002 -12"><span class='ocrx_word' id='word_1_681' title='bbox 1803 2835 1862 2875; x_wconf 88' lang='lat' dir='ltr'><strong>se</strong></span> <span class='ocrx_word' id='word_1_682' title='bbox 1884 2818 1949 2874; x_wconf 89' lang='lat' dir='ltr'><strong>ad</strong></span> <span class='ocrx_word' id='word_1_683' title='bbox 1967 2820 2181 2873; x_wconf 90' lang='lat' dir='ltr'><strong>virtutis</strong></span> <span class='ocrx_word' id='word_1_684' title='bbox 2202 2818 2403 2872; x_wconf 87' lang='lat' dir='ltr'><strong>animet</strong></span> <span class='ocrx_word' id='word_1_685' title='bbox 2427 2814 2908 2887; x_wconf 83' lang='lat' dir='ltr'><strong>perseverantiam.</strong></span> <span class='ocrx_word' id='word_1_686' title='bbox 2932 2817 3043 2870; x_wconf 90' lang='lat' dir='ltr'><strong>iloc</strong></span> <span class='ocrx_word' id='word_1_687' title='bbox 3060 2816 3223 2879; x_wconf 90' lang='lat' dir='ltr'><strong>enim,</strong></span> <span class='ocrx_word' id='word_1_688' title='bbox 3247 2816 3387 2872; x_wconf 84' lang='lat' dir='ltr'><strong>sicut</strong></span> 
     </span>
    </p>
   </div>
   <div class='ocr_carea' id='block_1_90' title="bbox 1802 2902 3389 2983">
    <p class='ocr_par' dir='ltr' id='par_1_90' title="bbox 1802 2902 3389 2983">
     <span class='ocr_line' id='line_1_92' title="bbox 1802 2902 3389 2983; baseline -0.001 -16"><span class='ocrx_word' id='word_1_689' title='bbox 1802 2912 1901 2967; x_wconf 81' lang='lat' dir='ltr'><strong>alia</strong></span> <span class='ocrx_word' id='word_1_690' title='bbox 1925 2927 2138 2983; x_wconf 86' lang='lat' dir='ltr'><strong>quoque</strong></span> <span class='ocrx_word' id='word_1_691' title='bbox 2161 2912 2322 2977; x_wconf 89' lang='lat' dir='ltr'><strong>bona,</strong></span> <span class='ocrx_word' id='word_1_692' title='bbox 2344 2926 2451 2964; x_wconf 88' lang='lat' dir='ltr'><strong>non</strong></span> <span class='ocrx_word' id='word_1_693' title='bbox 2482 2902 2685 2964; x_wconf 84' lang='lat' dir='ltr'><strong>tantum</strong></span> <span class='ocrx_word' id='word_1_694' title='bbox 2704 2908 2957 2979; x_wconf 71' lang='lat' dir='ltr'><strong>cmpisse,</strong></span> <span class='ocrx_word' id='word_1_695' title='bbox 2984 2908 3083 2963; x_wconf 83' lang='lat' dir='ltr'><strong>sed</strong></span> <span class='ocrx_word' id='word_1_696' title='bbox 3104 2907 3389 2978; x_wconf 85' lang='lat' dir='ltr'><strong>perfecisse</strong></span> 
     </span>
    </p>
   </div>
   <div class='ocr_carea' id='block_1_91' title="bbox 1804 3000 3392 3071">
    <p class='ocr_par' dir='ltr' id='par_1_91' title="bbox 1804 3000 3392 3071">
     <span class='ocr_line' id='line_1_93' title="bbox 1804 3000 3392 3071; baseline -0.003 -10"><span class='ocrx_word' id='word_1_697' title='bbox 1804 3004 2129 3061; x_wconf 71' lang='lat' dir='ltr'><strong>laudandam</strong></span> <span class='ocrx_word' id='word_1_698' title='bbox 2160 3013 2261 3058; x_wconf 91' lang='lat' dir='ltr'><strong>est.</strong></span> <span class='ocrx_word' id='word_1_699' title='bbox 2308 3001 2653 3065; x_wconf 83' lang='lat' dir='ltr'><strong>Jamdudum,</strong></span> <span class='ocrx_word' id='word_1_700' title='bbox 2686 3010 2747 3055; x_wconf 90' lang='lat' dir='ltr'><strong>ut</strong></span> <span class='ocrx_word' id='word_1_701' title='bbox 2790 3000 3074 3071; x_wconf 85' lang='lat' dir='ltr'><strong>intelligis,</strong></span> <span class='ocrx_word' id='word_1_702' title='bbox 3104 3001 3392 3070; x_wconf 87' lang='lat' dir='ltr'><strong>scopuloso</strong></span> 
     </span>
    </p>
   </div>
   <div class='ocr_carea' id='block_1_92' title="bbox 1804 3082 3394 3165">
    <p class='ocr_par' dir='ltr' id='par_1_92' title="bbox 1804 3082 3394 3165">
     <span class='ocr_line' id='line_1_94' title="bbox 1804 3082 3394 3165; baseline -0.002 -15"><span class='ocrx_word' id='word_1_703' title='bbox 1804 3095 2117 3165; x_wconf 88' lang='lat' dir='ltr'><strong>diflicilique</strong></span> <span class='ocrx_word' id='word_1_704' title='bbox 2144 3096 2194 3149; x_wconf 92' lang='lat' dir='ltr'><strong>in</strong></span> <span class='ocrx_word' id='word_1_705' title='bbox 2222 3095 2340 3149; x_wconf 86' lang='lat' dir='ltr'><strong>loco</strong></span> <span class='ocrx_word' id='word_1_706' title='bbox 2366 3096 2610 3147; x_wconf 75' lang='lat' dir='ltr'><strong>versatilr</strong></span> <span class='ocrx_word' id='word_1_707' title='bbox 2626 3092 2818 3155; x_wconf 87' lang='lat' dir='ltr'><strong>oratio,</strong></span> <span class='ocrx_word' id='word_1_708' title='bbox 2835 3104 2935 3146; x_wconf 88' lang='lat' dir='ltr'><strong>nec</strong></span> <span class='ocrx_word' id='word_1_709' title='bbox 2960 3082 3121 3147; x_wconf 72' lang='lat' dir='ltr'><strong>undet</strong></span> <span class='ocrx_word' id='word_1_710' title='bbox 3148 3092 3202 3146; x_wconf 89' lang='lat' dir='ltr'><strong>in</strong></span> <span class='ocrx_word' id='word_1_711' title='bbox 3229 3092 3394 3147; x_wconf 86' lang='lat' dir='ltr'><strong>alter-</strong></span> 
     </span>
    </p>
   </div>
   <div class='ocr_carea' id='block_1_93' title="bbox 1806 3182 3388 3256">
    <p class='ocr_par' dir='ltr' id='par_1_93' title="bbox 1806 3182 3388 3256">
     <span class='ocr_line' id='line_1_95' title="bbox 1806 3182 3388 3256; baseline -0.004 -14"><span class='ocrx_word' id='word_1_712' title='bbox 1806 3196 1980 3243; x_wconf 89' lang='lat' dir='ltr'><strong>utram</strong></span> <span class='ocrx_word' id='word_1_713' title='bbox 2007 3185 2281 3241; x_wconf 89' lang='lat' dir='ltr'><strong>declinare</strong></span> <span class='ocrx_word' id='word_1_714' title='bbox 2322 3186 2568 3256; x_wconf 88' lang='lat' dir='ltr'><strong>partem,</strong></span> <span class='ocrx_word' id='word_1_715' title='bbox 2600 3182 2727 3237; x_wconf 90' lang='lat' dir='ltr'><strong>dum</strong></span> <span class='ocrx_word' id='word_1_716' title='bbox 2776 3182 3056 3253; x_wconf 69' lang='lat' dir='ltr'><strong>aequaliter</strong></span> <span class='ocrx_word' id='word_1_717' title='bbox 3100 3186 3388 3253; x_wconf 77' lang='lat' dir='ltr'><strong>utrumque</strong></span> 
     </span>
    </p>
   </div>
   <div class='ocr_carea' id='block_1_94' title="bbox 1806 3268 3392 3347">
    <p class='ocr_par' dir='ltr' id='par_1_94' title="bbox 1806 3268 3392 3347">
     <span class='ocr_line' id='line_1_96' title="bbox 1806 3268 3392 3347; baseline -0.003 -13"><span class='ocrx_word' id='word_1_718' title='bbox 1806 3277 2079 3347; x_wconf 85' lang='lat' dir='ltr'><strong>formidat,</strong></span> <span class='ocrx_word' id='word_1_719' title='bbox 2125 3276 2339 3333; x_wconf 75' lang='lat' dir='ltr'><strong>sed‘ex‘</strong></span> <span class='ocrx_word' id='word_1_720' title='bbox 2376 3282 2559 3331; x_wconf 80' lang='lat' dir='ltr'><strong>nostra</strong></span> <span class='ocrx_word' id='word_1_721' title='bbox 2605 3268 2921 3330; x_wconf 72' lang='lat' dir='ltr'><strong>difficultate</strong></span> <span class='ocrx_word' id='word_1_722' title='bbox 2964 3274 3110 3328; x_wconf 81' lang='lat' dir='ltr'><strong>tuum</strong></span> <span class='ocrx_word' id='word_1_723' title='bbox 3159 3278 3392 3345; x_wconf 76' lang='lat' dir='ltr'><strong>agnosce</strong></span> 
     </span>
    </p>
   </div>
   <div class='ocr_carea' id='block_1_95' title="bbox 1808 3364 3391 3438">
    <p class='ocr_par' dir='ltr' id='par_1_95' title="bbox 1808 3364 3391 3438">
     <span class='ocr_line' id='line_1_97' title="bbox 1808 3364 3391 3438; baseline -0.003 -10"><span class='ocrx_word' id='word_1_724' title='bbox 1808 3373 2119 3438; x_wconf 81' lang='lat' dir='ltr'><strong>discrimen,</strong></span> <span class='ocrx_word' id='word_1_725' title='bbox 2173 3364 2457 3427; x_wconf 83' lang='lat' dir='ltr'><strong>maluimus</strong></span> <span class='ocrx_word' id='word_1_726' title='bbox 2505 3370 2652 3427; x_wconf 83' lang='lat' dir='ltr'><strong>enim</strong></span> <span class='ocrx_word' id='word_1_727' title='bbox 2701 3379 2755 3425; x_wconf 90' lang='lat' dir='ltr'><strong>te</strong></span> <span class='ocrx_word' id='word_1_728' title='bbox 2801 3368 3122 3424; x_wconf 87' lang='lat' dir='ltr'><strong>contristare</strong></span> <span class='ocrx_word' id='word_1_729' title='bbox 3167 3369 3391 3424; x_wconf 87' lang='lat' dir='ltr'><strong>forsitan</strong></span> 
     </span>
    </p>
   </div>
   <div class='ocr_carea' id='block_1_96' title="bbox 1808 3452 3397 3534">
    <p class='ocr_par' dir='ltr' id='par_1_96' title="bbox 1808 3452 3397 3534">
     <span class='ocr_line' id='line_1_98' title="bbox 1808 3452 3397 3534; baseline -0.004 -14"><span class='ocrx_word' id='word_1_730' title='bbox 1808 3479 1933 3520; x_wconf 87' lang='lat' dir='ltr'><strong>vera</strong></span> <span class='ocrx_word' id='word_1_731' title='bbox 1981 3463 2246 3531; x_wconf 89' lang='lat' dir='ltr'><strong>dicendo,</strong></span> <span class='ocrx_word' id='word_1_732' title='bbox 2275 3477 2435 3534; x_wconf 90' lang='lat' dir='ltr'><strong>quam</strong></span> <span class='ocrx_word' id='word_1_733' title='bbox 2481 3460 2603 3517; x_wconf 82' lang='lat' dir='ltr'><strong>ficta</strong></span> <span class='ocrx_word' id='word_1_734' title='bbox 2648 3459 2955 3515; x_wconf 86' lang='lat' dir='ltr'><strong>adulatione</strong></span> <span class='ocrx_word' id='word_1_735' title='bbox 2995 3459 3080 3530; x_wconf 81' lang='grc' dir='ltr'><strong>(ά)</strong></span> <span class='ocrx_word' id='word_1_736' title='bbox 3123 3452 3397 3529; x_wconf 76' lang='lat' dir='ltr'><strong>deciperc.‘</strong></span> 
     </span>
    </p>
   </div>
   <div class='ocr_carea' id='block_1_97' title="bbox 1811 3552 3393 3629">
    <p class='ocr_par' dir='ltr' id='par_1_97' title="bbox 1811 3552 3393 3629">
     <span class='ocr_line' id='line_1_99' title="bbox 1811 3552 3393 3629; baseline -0.004 -16"><span class='ocrx_word' id='word_1_737' title='bbox 1811 3558 2015 3629; x_wconf 86' lang='lat' dir='ltr'><strong>Duplex</strong></span> <span class='ocrx_word' id='word_1_738' title='bbox 2034 3599 2049 3623; x_wconf 94' lang='lat'><strong>,</strong></span> <span class='ocrx_word' id='word_1_739' title='bbox 2074 3566 2133 3612; x_wconf 92' lang='lat' dir='ltr'><strong>ut</strong></span> <span class='ocrx_word' id='word_1_740' title='bbox 2155 3556 2307 3611; x_wconf 88' lang='lat' dir='ltr'><strong>vides</strong></span> <span class='ocrx_word' id='word_1_741' title='bbox 2327 3597 2341 3623; x_wconf 94' lang='lat'><strong>,</strong></span> <span class='ocrx_word' id='word_1_742' title='bbox 2378 3556 2599 3622; x_wconf 86' lang='lat' dir='ltr'><strong>malum,</strong></span> <span class='ocrx_word' id='word_1_743' title='bbox 2628 3552 2835 3624; x_wconf 70' lang='lat' dir='ltr'><strong>aequale</strong></span> <span class='ocrx_word' id='word_1_744' title='bbox 2864 3560 2919 3607; x_wconf 88' lang='lat' dir='ltr'><strong>et</strong></span> <span class='ocrx_word' id='word_1_745' title='bbox 2948 3566 3146 3621; x_wconf 87' lang='lat' dir='ltr'><strong>anceps</strong></span> <span class='ocrx_word' id='word_1_746' title='bbox 3179 3553 3393 3621; x_wconf 90' lang='lat' dir='ltr'><strong>pericu-</strong></span> 
     </span>
    </p>
   </div>
   <div class='ocr_carea' id='block_1_98' title="bbox 1810 3640 3397 3716">
    <p class='ocr_par' dir='ltr' id='par_1_98' title="bbox 1810 3640 3397 3716">
     <span class='ocr_line' id='line_1_100' title="bbox 1810 3640 3397 3716; baseline -0.003 -12"><span class='ocrx_word' id='word_1_747' title='bbox 1810 3649 1920 3704; x_wconf 87' lang='lat' dir='ltr'><strong>lum</strong></span> <span class='ocrx_word' id='word_1_748' title='bbox 1950 3656 2070 3704; x_wconf 87' lang='lat' dir='ltr'><strong>est:</strong></span> <span class='ocrx_word' id='word_1_749' title='bbox 2098 3660 2169 3704; x_wconf 80' lang='lat' dir='ltr'><strong>ex</strong></span> <span class='ocrx_word' id='word_1_750' title='bbox 2212 3646 2437 3716; x_wconf 81' lang='lat' dir='ltr'><strong>utroqu‘é</strong></span> <span class='ocrx_word' id='word_1_751' title='bbox 2478 3640 2705 3701; x_wconf 76' lang='lat' dir='ltr'><strong>arctaris</strong></span> <span class='ocrx_word' id='word_1_752' title='bbox 2728 3686 2743 3711; x_wconf 96' lang='lat'><strong>,</strong></span> <span class='ocrx_word' id='word_1_753' title='bbox 2772 3658 2843 3700; x_wconf 78' lang='lat' dir='ltr'><strong>ex</strong></span> <span class='ocrx_word' id='word_1_754' title='bbox 2869 3642 3098 3713; x_wconf 74' lang='lat' dir='ltr'><strong>utraque</strong></span> <span class='ocrx_word' id='word_1_755' title='bbox 3123 3644 3397 3699; x_wconf 79' lang='lat' dir='ltr'><strong>cdnslrin-</strong></span> 
     </span>
    </p>
   </div>
   <div class='ocr_carea' id='block_1_99' title="bbox 1811 3732 3390 3812">
    <p class='ocr_par' dir='ltr' id='par_1_99' title="bbox 1811 3732 3390 3812">
     <span class='ocr_line' id='line_1_101' title="bbox 1811 3732 3390 3812; baseline -0.005 -15"><span class='ocrx_word' id='word_1_756' title='bbox 1811 3741 1975 3812; x_wconf 79' lang='lat' dir='ltr'><strong>geris.</strong></span> <span class='ocrx_word' id='word_1_757' title='bbox 2027 3740 2385 3796; x_wconf 88' lang='lat' dir='ltr'><strong>Contemnere</strong></span> <span class='ocrx_word' id='word_1_758' title='bbox 2424 3737 2645 3791; x_wconf 92' lang='lat' dir='ltr'><strong>omnino</strong></span> <span class='ocrx_word' id='word_1_759' title='bbox 2674 3737 2848 3789; x_wconf 86' lang='lat' dir='ltr'><strong>virum</strong></span> <span class='ocrx_word' id='word_1_760' title='bbox 2879 3745 3040 3803; x_wconf 86' lang='lat' dir='ltr'><strong>atque</strong></span> <span class='ocrx_word' id='word_1_761' title='bbox 3067 3732 3347 3801; x_wconf 67' lang='lat' dir='ltr'><strong>despicere</strong></span> <span class='ocrx_word' id='word_1_762' title='bbox 3372 3773 3390 3800; x_wconf 96' lang='lat'><strong>,</strong></span> 
     </span>
    </p>
   </div>
   <div class='ocr_carea' id='block_1_100' title="bbox 1813 3816 3399 3901">
    <p class='ocr_par' dir='ltr' id='par_1_100' title="bbox 1813 3816 3399 3901">
     <span class='ocr_line' id='line_1_102' title="bbox 1813 3816 3399 3901; baseline -0.006 -14"><span class='ocrx_word' id='word_1_763' title='bbox 1813 3840 1994 3901; x_wconf 89' lang='lat' dir='ltr'><strong>aperta</strong></span> <span class='ocrx_word' id='word_1_764' title='bbox 2024 3816 2210 3884; x_wconf 82' lang='lat' dir='ltr'><strong>contra</strong></span> <span class='ocrx_word' id='word_1_765' title='bbox 2254 3825 2499 3897; x_wconf 86' lang='lat' dir='ltr'><strong>Apostoli</strong></span> <span class='ocrx_word' id='word_1_766' title='bbox 2544 3822 2863 3879; x_wconf 86' lang='lat' dir='ltr'><strong>sententiam</strong></span> <span class='ocrx_word' id='word_1_767' title='bbox 2895 3826 3017 3877; x_wconf 89' lang='lat' dir='ltr'><strong>e&#39;st:</strong></span> <span class='ocrx_word' id='word_1_768' title='bbox 3060 3824 3135 3891; x_wconf 89' lang='lat' dir='ltr'><strong>(e)</strong></span> <span class='ocrx_word' id='word_1_769' title='bbox 3170 3823 3399 3887; x_wconf 80' lang='lat' dir='ltr'><strong>perdere</strong></span> 
     </span>
    </p>
   </div>
   <div class='ocr_carea' id='block_1_101' title="bbox 1811 3900 3396 3989">
    <p class='ocr_par' dir='ltr' id='par_1_101' title="bbox 1811 3900 3396 3989">
     <span class='ocr_line' id='line_1_103' title="bbox 1811 3900 3396 3989; baseline -0.003 -11"><span class='ocrx_word' id='word_1_770' title='bbox 1811 3900 1943 3978; x_wconf 76' lang='lat' dir='ltr'><strong>vero</strong></span> <span class='ocrx_word' id='word_1_771' title='bbox 1984 3920 2114 3975; x_wconf 89' lang='lat' dir='ltr'><strong>tanti</strong></span> <span class='ocrx_word' id='word_1_772' title='bbox 2158 3917 2413 3989; x_wconf 87' lang='lat' dir='ltr'><strong>temporis</strong></span> <span class='ocrx_word' id='word_1_773' title='bbox 2439 3917 2741 3989; x_wconf 82' lang='lat' dir='ltr'><strong>castitatem</strong></span> <span class='ocrx_word' id='word_1_774' title='bbox 2763 3957 2777 3981; x_wconf 93' lang='lat'><strong>,</strong></span> <span class='ocrx_word' id='word_1_775' title='bbox 2809 3925 2863 3970; x_wconf 90' lang='lat' dir='ltr'><strong>et</strong></span> <span class='ocrx_word' id='word_1_776' title='bbox 2895 3900 3004 3970; x_wconf 80' lang='lat' dir='ltr'><strong>Deo</strong></span> <span class='ocrx_word' id='word_1_777' title='bbox 3031 3914 3143 3969; x_wconf 83' lang='lat' dir='ltr'><strong>nnti&#39;</strong></span> <span class='ocrx_word' id='word_1_778' title='bbox 3166 3916 3396 3975; x_wconf 82' lang='lat' dir='ltr'><strong>reddere</strong></span> 
     </span>
    </p>
   </div>
   <div class='ocr_carea' id='block_1_102' title="bbox 1815 4000 3394 4084">
    <p class='ocr_par' dir='ltr' id='par_1_102' title="bbox 1815 4000 3394 4084">
     <span class='ocr_line' id='line_1_104' title="bbox 1815 4000 3394 4084; baseline -0.001 -16"><span class='ocrx_word' id='word_1_779' title='bbox 1815 4011 1957 4084; x_wconf 89' lang='lat' dir='ltr'><strong>quod</strong></span> <span class='ocrx_word' id='word_1_780' title='bbox 1982 4011 2331 4082; x_wconf 85' lang='lat' dir='ltr'><strong>promiseras,</strong></span> <span class='ocrx_word' id='word_1_781' title='bbox 2366 4000 2693 4075; x_wconf 82' lang='lat' dir='ltr'><strong>timendum,</strong></span> <span class='ocrx_word' id='word_1_782' title='bbox 2724 4012 2884 4078; x_wconf 84' lang='lat' dir='ltr'><strong>atque</strong></span> <span class='ocrx_word' id='word_1_783' title='bbox 2911 4007 3256 4063; x_wconf 79' lang='lat' dir='ltr'><strong>nietuendinn</strong></span> <span class='ocrx_word' id='word_1_784' title='bbox 3288 4016 3394 4066; x_wconf 86' lang='lat' dir='ltr'><strong>est.</strong></span> 
     </span>
    </p>
   </div>
   <div class='ocr_carea' id='block_1_103' title="bbox 1815 4090 3392 4181">
    <p class='ocr_par' dir='ltr' id='par_1_103' title="bbox 1815 4090 3392 4181">
     <span class='ocr_line' id='line_1_105' title="bbox 1815 4090 3392 4181; baseline -0.001 -21"><span class='ocrx_word' id='word_1_785' title='bbox 1815 4090 1887 4162; x_wconf 83' lang='lat' dir='ltr'><strong>Ut</strong></span> <span class='ocrx_word' id='word_1_786' title='bbox 1915 4105 2073 4174; x_wconf 83' lang='lat' dir='ltr'><strong>vulgo</strong></span> <span class='ocrx_word' id='word_1_787' title='bbox 2098 4103 2293 4159; x_wconf 89' lang='lat' dir='ltr'><strong>dicitur</strong></span> <span class='ocrx_word' id='word_1_788' title='bbox 2321 4120 2335 4157; x_wconf 91' lang='lat'><strong>:</strong></span> <span class='ocrx_word' id='word_1_789' title='bbox 2366 4101 2547 4158; x_wconf 82' lang='lat' dir='ltr'><strong>Facile</strong></span> <span class='ocrx_word' id='word_1_790' title='bbox 2577 4117 2645 4156; x_wconf 82' lang='lat' dir='ltr'><strong>ex</strong></span> <span class='ocrx_word' id='word_1_791' title='bbox 2675 4101 2850 4181; x_wconf 78' lang='lat' dir='ltr'><strong>amico</strong></span> <span class='ocrx_word' id='word_1_792' title='bbox 2882 4100 3155 4155; x_wconf 73' lang='lat' dir='ltr'><strong>inimiéuni</strong></span> <span class='ocrx_word' id='word_1_793' title='bbox 3189 4100 3356 4157; x_wconf 88' lang='lat' dir='ltr'><strong>facies</strong></span> <span class='ocrx_word' id='word_1_794' title='bbox 3375 4143 3392 4169; x_wconf 95' lang='lat'><strong>,</strong></span> 
     </span>
    </p>
   </div>
   <div class='ocr_carea' id='block_1_104' title="bbox 1816 4189 3399 4266">
    <p class='ocr_par' dir='ltr' id='par_1_104' title="bbox 1816 4189 3399 4266">
     <span class='ocr_line' id='line_1_106' title="bbox 1816 4189 3399 4266; baseline -0.001 -15"><span class='ocrx_word' id='word_1_795' title='bbox 1816 4196 1901 4251; x_wconf 90' lang='lat' dir='ltr'><strong>cui</strong></span> <span class='ocrx_word' id='word_1_796' title='bbox 1933 4194 2194 4266; x_wconf 77' lang='lat' dir='ltr'><strong>prbmissa</strong></span> <span class='ocrx_word' id='word_1_797' title='bbox 2226 4208 2331 4249; x_wconf 91' lang='lat' dir='ltr'><strong>non</strong></span> <span class='ocrx_word' id='word_1_798' title='bbox 2360 4191 2571 4247; x_wconf 74' lang='lat' dir='ltr'><strong>reddas.</strong></span> <span class='ocrx_word' id='word_1_799' title='bbox 2621 4189 2694 4265; x_wconf 72' lang='grc' dir='ltr'><strong>(Γ)</strong></span> <span class='ocrx_word' id='word_1_800' title='bbox 2728 4191 2814 4247; x_wconf 91' lang='lat' dir='ltr'><strong>Sic</strong></span> <span class='ocrx_word' id='word_1_801' title='bbox 2844 4192 2985 4246; x_wconf 90' lang='lat' dir='ltr'><strong>enim</strong></span> <span class='ocrx_word' id='word_1_802' title='bbox 3014 4190 3285 4262; x_wconf 82' lang='lat' dir='ltr'><strong>scriptura</strong></span> <span class='ocrx_word' id='word_1_803' title='bbox 3312 4194 3399 4249; x_wconf 88' lang='lat' dir='ltr'><strong>di-</strong></span> 
     </span>
    </p>
   </div>
   <div class='ocr_carea' id='block_1_105' title="bbox 1818 4282 3398 4354">
    <p class='ocr_par' dir='ltr' id='par_1_105' title="bbox 1818 4282 3398 4354">
     <span class='ocr_line' id='line_1_107' title="bbox 1818 4282 3398 4354; baseline -0.003 -9"><span class='ocrx_word' id='word_1_804' title='bbox 1818 4290 1908 4345; x_wconf 80' lang='lat' dir='ltr'><strong>cit.</strong></span> <span class='ocrx_word' id='word_1_805' title='bbox 1946 4282 2097 4354; x_wconf 80' lang='lat' dir='ltr'><strong>Quod</strong></span> <span class='ocrx_word' id='word_1_806' title='bbox 2123 4290 2167 4343; x_wconf 88' lang='lat' dir='ltr'><strong>si</strong></span> <span class='ocrx_word' id='word_1_807' title='bbox 2197 4286 2388 4342; x_wconf 72' lang='lat' dir='ltr'><strong>noueris</strong></span> <span class='ocrx_word' id='word_1_808' title='bbox 2415 4295 2584 4340; x_wconf 83' lang='lat' dir='ltr'><strong>vottnn</strong></span> <span class='ocrx_word' id='word_1_809' title='bbox 2615 4284 2836 4339; x_wconf 81' lang='lat' dir='ltr'><strong>Domino</strong></span> <span class='ocrx_word' id='word_1_810' title='bbox 2868 4284 3008 4347; x_wconf 70' lang='lat' dir='ltr'><strong>De’o,</strong></span> <span class='ocrx_word' id='word_1_811' title='bbox 3057 4292 3157 4338; x_wconf 74' lang='lat' dir='ltr'><strong>non‘</strong></span> <span class='ocrx_word' id='word_1_812' title='bbox 3188 4286 3398 4341; x_wconf 87' lang='lat' dir='ltr'><strong>moreris</strong></span> 
     </span>
    </p>
   </div>
   <div class='ocr_carea' id='block_1_106' title="bbox 1819 4375 3447 4448">
    <p class='ocr_par' dir='ltr' id='par_1_106' title="bbox 1819 4375 3447 4448">
     <span class='ocr_line' id='line_1_108' title="bbox 1819 4375 3447 4448; baseline -0.002 -13"><span class='ocrx_word' id='word_1_813' title='bbox 1819 4380 2033 4436; x_wconf 81' lang='lat' dir='ltr'><strong>reddere</strong></span> <span class='ocrx_word' id='word_1_814' title='bbox 2073 4377 2248 4433; x_wconf 85' lang='lat' dir='ltr'><strong>illud:</strong></span> <span class='ocrx_word' id='word_1_815' title='bbox 2278 4378 2398 4448; x_wconf 86' lang='lat' dir='ltr'><strong>quia</strong></span> <span class='ocrx_word' id='word_1_816' title='bbox 2447 4381 2674 4446; x_wconf 70' lang='lat' dir='ltr'><strong>maerens</strong></span> <span class='ocrx_word' id='word_1_817' title='bbox 2728 4375 2909 4446; x_wconf 69' lang='lat' dir='ltr'><strong>quwrit</strong></span> <span class='ocrx_word' id='word_1_818' title='bbox 2962 4375 3093 4429; x_wconf 78' lang='lat' dir='ltr'><strong>illud</strong></span> <span class='ocrx_word' id='word_1_819' title='bbox 3148 4375 3399 4433; x_wconf 86' lang='lat' dir='ltr'><strong>Dominus</strong></span> <span class='ocrx_word' id='word_1_820' title='bbox 3440 4410 3447 4415; x_wconf 67' lang='grc' dir='ltr'><strong>τ</strong></span> 
     </span>
    </p>
   </div>
   <div class='ocr_carea' id='block_1_107' title="bbox 1821 4452 3398 4538">
    <p class='ocr_par' dir='ltr' id='par_1_107' title="bbox 1821 4452 3398 4538">
     <span class='ocr_line' id='line_1_109' title="bbox 1821 4452 3398 4538; baseline -0.001 -12"><span class='ocrx_word' id='word_1_821' title='bbox 1821 4472 1961 4527; x_wconf 85' lang='lat' dir='ltr'><strong>Deus</strong></span> <span class='ocrx_word' id='word_1_822' title='bbox 1990 4470 2078 4526; x_wconf 88' lang='lat' dir='ltr'><strong>abs</strong></span> <span class='ocrx_word' id='word_1_823' title='bbox 2100 4480 2164 4537; x_wconf 87' lang='lat' dir='ltr'><strong>te,</strong></span> <span class='ocrx_word' id='word_1_824' title='bbox 2189 4474 2235 4525; x_wconf 87' lang='lat' dir='ltr'><strong>et</strong></span> <span class='ocrx_word' id='word_1_825' title='bbox 2263 4469 2356 4522; x_wconf 88' lang='lat' dir='ltr'><strong>erit</strong></span> <span class='ocrx_word' id='word_1_826' title='bbox 2385 4467 2473 4521; x_wconf 88' lang='lat' dir='ltr'><strong>tibi</strong></span> <span class='ocrx_word' id='word_1_827' title='bbox 2500 4468 2551 4522; x_wconf 86' lang='lat' dir='ltr'><strong>in</strong></span> <span class='ocrx_word' id='word_1_828' title='bbox 2580 4475 2845 4538; x_wconf 85' lang='lat' dir='ltr'><strong>peccatum</strong></span> <span class='ocrx_word' id='word_1_829' title='bbox 2869 4464 3051 4536; x_wconf 54' lang='lat' dir='ltr'><strong>(Deutl</strong></span> <span class='ocrx_word' id='word_1_830' title='bbox 3071 4452 3273 4522; x_wconf 22' lang='lat'><strong>23.121.</strong></span> <span class='ocrx_word' id='word_1_831' title='bbox 3298 4486 3398 4524; x_wconf 85' lang='lat' dir='ltr'><strong>sec.</strong></span> 
     </span>
    </p>
   </div>
   <div class='ocr_carea' id='block_1_108' title="bbox 1821 4544 3400 4633">
    <p class='ocr_par' dir='ltr' id='par_1_108' title="bbox 1821 4544 3400 4633">
     <span class='ocr_line' id='line_1_110' title="bbox 1821 4544 3400 4633; baseline -0.005 -11"><span class='ocrx_word' id='word_1_832' title='bbox 1821 4562 1997 4622; x_wconf 78' lang='lat' dir='ltr'><strong>LXX.</strong></span> <span class='ocrx_word' id='word_1_833' title='bbox 2029 4570 2075 4619; x_wconf 87' lang='lat' dir='ltr'><strong>et</strong></span> <span class='ocrx_word' id='word_1_834' title='bbox 2102 4563 2244 4618; x_wconf 85' lang='lat' dir='ltr'><strong>Eccl.</strong></span> <span class='ocrx_word' id='word_1_835' title='bbox 2270 4563 2320 4618; x_wconf 81' lang='lat'><strong>5.</strong></span> <span class='ocrx_word' id='word_1_836' title='bbox 2349 4562 2428 4633; x_wconf 79' lang='lat'><strong>&#39;5).</strong></span> <span class='ocrx_word' id='word_1_837' title='bbox 2456 4561 2545 4615; x_wconf 84' lang='lat' dir='ltr'><strong>Ait</strong></span> <span class='ocrx_word' id='word_1_838' title='bbox 2569 4564 2736 4631; x_wconf 79' lang='lat' dir='ltr'><strong>ergo:</strong></span> <span class='ocrx_word' id='word_1_839' title='bbox 2768 4560 3007 4614; x_wconf 82' lang='lat' dir='ltr'><strong>Debitani</strong></span> <span class='ocrx_word' id='word_1_840' title='bbox 3041 4544 3400 4615; x_wconf 75' lang='lat' dir='ltr'><strong>honoriﬁcen-</strong></span> 
     </span>
    </p>
   </div>
   <div class='ocr_carea' id='block_1_109' title="bbox 1823 4634 3404 4727">
    <p class='ocr_par' dir='ltr' id='par_1_109' title="bbox 1823 4634 3404 4727">
     <span class='ocr_line' id='line_1_111' title="bbox 1823 4634 3404 4727; baseline -0.004 -14"><span class='ocrx_word' id='word_1_841' title='bbox 1823 4659 1951 4714; x_wconf 90' lang='lat' dir='ltr'><strong>tiam</strong></span> <span class='ocrx_word' id='word_1_842' title='bbox 1995 4656 2111 4711; x_wconf 91' lang='lat' dir='ltr'><strong>viro</strong></span> <span class='ocrx_word' id='word_1_843' title='bbox 2190 4653 2399 4727; x_wconf 82' lang='lat'><strong>1113</strong></span> <span class='ocrx_word' id='word_1_844' title='bbox 2474 4652 2688 4716; x_wconf 77' lang='lat' dir='ltr'><strong>exhibe,</strong></span> <span class='ocrx_word' id='word_1_845' title='bbox 2740 4659 2796 4704; x_wconf 87' lang='grc' dir='ltr'><strong>ιιι</strong></span> <span class='ocrx_word' id='word_1_846' title='bbox 2823 4666 2886 4704; x_wconf 82' lang='lat' dir='ltr'><strong>ex</strong></span> <span class='ocrx_word' id='word_1_847' title='bbox 2921 4634 3153 4720; x_wconf 87' lang='lat' dir='ltr'><strong>utroque</strong></span> <span class='ocrx_word' id='word_1_848' title='bbox 3179 4651 3404 4706; x_wconf 89' lang='lat' dir='ltr'><strong>Domino</strong></span> 
     </span>
    </p>
   </div>
   <div class='ocr_carea' id='block_1_110' title="bbox 1824 4741 3399 4818">
    <p class='ocr_par' dir='ltr' id='par_1_110' title="bbox 1824 4741 3399 4818">
     <span class='ocr_line' id='line_1_112' title="bbox 1824 4741 3399 4818; baseline -0.006 -12"><span class='ocrx_word' id='word_1_849' title='bbox 1824 4749 2087 4813; x_wconf 85' lang='lat' dir='ltr'><strong>debitum,</strong></span> <span class='ocrx_word' id='word_1_850' title='bbox 2113 4746 2254 4818; x_wconf 81' lang='lat' dir='ltr'><strong>quod</strong></span> <span class='ocrx_word' id='word_1_851' title='bbox 2284 4742 2499 4811; x_wconf 85' lang='lat' dir='ltr'><strong>vovisti,</strong></span> <span class='ocrx_word' id='word_1_852' title='bbox 2529 4741 2753 4797; x_wconf 86' lang='lat' dir='ltr'><strong>reddere</strong></span> <span class='ocrx_word' id='word_1_853' title='bbox 2780 4741 2971 4810; x_wconf 89' lang='lat' dir='ltr'><strong>possis.</strong></span> <span class='ocrx_word' id='word_1_854' title='bbox 3004 4741 3078 4794; x_wconf 87' lang='lat' dir='ltr'><strong>De</strong></span> <span class='ocrx_word' id='word_1_855' title='bbox 3100 4741 3250 4812; x_wconf 82' lang='lat' dir='ltr'><strong>cujus</strong></span> <span class='ocrx_word' id='word_1_856' title='bbox 3271 4757 3399 4797; x_wconf 83' lang='lat' dir='ltr'><strong>con-</strong></span> 
     </span>
    </p>
   </div>
   <div class='ocr_carea' id='block_1_111' title="bbox 1824 4833 3402 4903">
    <p class='ocr_par' dir='ltr' id='par_1_111' title="bbox 1824 4833 3402 4903">
     <span class='ocr_line' id='line_1_113' title="bbox 1824 4833 3402 4903; baseline -0.005 -6"><span class='ocrx_word' id='word_1_857' title='bbox 1824 4842 2044 4897; x_wconf 88' lang='lat' dir='ltr'><strong>scientia</strong></span> <span class='ocrx_word' id='word_1_858' title='bbox 2077 4854 2181 4895; x_wconf 90' lang='lat' dir='ltr'><strong>non</strong></span> <span class='ocrx_word' id='word_1_859' title='bbox 2214 4837 2540 4902; x_wconf 82' lang='lat' dir='ltr'><strong>difﬁdimus,</strong></span> <span class='ocrx_word' id='word_1_860' title='bbox 2583 4834 2626 4887; x_wconf 91' lang='lat' dir='ltr'><strong>si</strong></span> <span class='ocrx_word' id='word_1_861' title='bbox 2674 4833 2944 4902; x_wconf 87' lang='lat' dir='ltr'><strong>paululum</strong></span> <span class='ocrx_word' id='word_1_862' title='bbox 2988 4847 3357 4903; x_wconf 75' lang='lat' dir='ltr'><strong>exspecmsses</strong></span> <span class='ocrx_word' id='word_1_863' title='bbox 3388 4853 3402 4889; x_wconf 90' lang='lat'><strong>:</strong></span> 
     </span>
    </p>
   </div>
   <div class='ocr_carea' id='block_1_112' title="bbox 1825 4920 3399 5003">
    <p class='ocr_par' dir='ltr' id='par_1_112' title="bbox 1825 4920 3399 5003">
     <span class='ocr_line' id='line_1_114' title="bbox 1825 4920 3399 5003; baseline -0.006 -15"><span class='ocrx_word' id='word_1_864' title='bbox 1825 4950 1931 4989; x_wconf 91' lang='lat' dir='ltr'><strong>non</strong></span> <span class='ocrx_word' id='word_1_865' title='bbox 1960 4931 2101 5003; x_wconf 86' lang='lat' dir='ltr'><strong>quod</strong></span> <span class='ocrx_word' id='word_1_866' title='bbox 2129 4936 2180 4985; x_wconf 89' lang='lat' dir='ltr'><strong>te</strong></span> <span class='ocrx_word' id='word_1_867' title='bbox 2206 4944 2236 4983; x_wconf 91' lang='lat' dir='ltr'><strong>a</strong></span> <span class='ocrx_word' id='word_1_868' title='bbox 2264 4930 2405 4982; x_wconf 91' lang='lat' dir='ltr'><strong>bono</strong></span> <span class='ocrx_word' id='word_1_869' title='bbox 2431 4925 2688 4980; x_wconf 89' lang='lat' dir='ltr'><strong>castitatis</strong></span> <span class='ocrx_word' id='word_1_870' title='bbox 2713 4920 3047 4978; x_wconf 78' lang='lat' dir='ltr'><strong>retrahamus</strong></span> <span class='ocrx_word' id='word_1_871' title='bbox 3070 4966 3084 4991; x_wconf 90' lang='lat'><strong>,</strong></span> <span class='ocrx_word' id='word_1_872' title='bbox 3118 4926 3211 4978; x_wconf 86' lang='lat' dir='ltr'><strong>sed</strong></span> <span class='ocrx_word' id='word_1_873' title='bbox 3242 4920 3399 4993; x_wconf 86' lang='lat' dir='ltr'><strong>hujus</strong></span> 
     </span>
    </p>
   </div>
   <div class='ocr_carea' id='block_1_113' title="bbox 1824 5012 3395 5081">
    <p class='ocr_par' dir='ltr' id='par_1_113' title="bbox 1824 5012 3395 5081">
     <span class='ocr_line' id='line_1_115' title="bbox 1824 5012 3395 5081; baseline -0.005 -2"><span class='ocrx_word' id='word_1_874' title='bbox 1824 5025 2059 5081; x_wconf 86' lang='lat' dir='ltr'><strong>animum</strong></span> <span class='ocrx_word' id='word_1_875' title='bbox 2108 5021 2174 5075; x_wconf 89' lang='lat' dir='ltr'><strong>ad</strong></span> <span class='ocrx_word' id='word_1_876' title='bbox 2221 5018 2480 5073; x_wconf 85' lang='lat' dir='ltr'><strong>castitatis</strong></span> <span class='ocrx_word' id='word_1_877' title='bbox 2509 5016 2785 5072; x_wconf 86' lang='lat' dir='ltr'><strong>oraculum</strong></span> <span class='ocrx_word' id='word_1_878' title='bbox 2816 5017 2946 5071; x_wconf 87' lang='lat' dir='ltr'><strong>totis</strong></span> <span class='ocrx_word' id='word_1_879' title='bbox 2973 5012 3177 5070; x_wconf 87' lang='lat' dir='ltr'><strong>viribus</strong></span> <span class='ocrx_word' id='word_1_880' title='bbox 3209 5014 3395 5071; x_wconf 70' lang='lat' dir='ltr'><strong>incite-</strong></span> 
     </span>
    </p>
   </div>
   <div class='ocr_carea' id='block_1_114' title="bbox 1827 5094 3400 5180">
    <p class='ocr_par' dir='ltr' id='par_1_114' title="bbox 1827 5094 3400 5180">
     <span class='ocr_line' id='line_1_116' title="bbox 1827 5094 3400 5180; baseline -0.004 -10"><span class='ocrx_word' id='word_1_881' title='bbox 1827 5130 1977 5180; x_wconf 88' lang='lat' dir='ltr'><strong>mus;</strong></span> <span class='ocrx_word' id='word_1_882' title='bbox 2002 5122 2057 5167; x_wconf 92' lang='lat' dir='ltr'><strong>ut</strong></span> <span class='ocrx_word' id='word_1_883' title='bbox 2077 5111 2434 5166; x_wconf 81' lang='lat' dir='ltr'><strong>voluntarium</strong></span> <span class='ocrx_word' id='word_1_884' title='bbox 2464 5094 2785 5164; x_wconf 80' lang='lat' dir='ltr'><strong>sacrificium</strong></span> <span class='ocrx_word' id='word_1_885' title='bbox 2814 5106 3003 5163; x_wconf 82' lang='lat' dir='ltr'><strong>oii‘erat</strong></span> <span class='ocrx_word' id='word_1_886' title='bbox 3036 5109 3161 5175; x_wconf 85' lang='lat' dir='ltr'><strong>Deo,</strong></span> <span class='ocrx_word' id='word_1_887' title='bbox 3194 5109 3243 5161; x_wconf 90' lang='lat' dir='ltr'><strong>in</strong></span> <span class='ocrx_word' id='word_1_888' title='bbox 3271 5108 3400 5163; x_wconf 87' lang='lat' dir='ltr'><strong>odo-</strong></span> 
     </span>
    </p>
   </div>
   <div class='ocr_carea' id='block_1_115' title="bbox 1828 5199 3396 5264">
    <p class='ocr_par' dir='ltr' id='par_1_115' title="bbox 1828 5199 3396 5264">
     <span class='ocr_line' id='line_1_117' title="bbox 1828 5199 3396 5264; baseline -0.005 0"><span class='ocrx_word' id='word_1_889' title='bbox 1828 5223 1939 5264; x_wconf 88' lang='lat' dir='ltr'><strong>rem</strong></span> <span class='ocrx_word' id='word_1_890' title='bbox 1972 5204 2284 5262; x_wconf 84' lang='lat' dir='ltr'><strong>suavitatis:</strong></span> <span class='ocrx_word' id='word_1_891' title='bbox 2314 5213 2370 5257; x_wconf 89' lang='lat' dir='ltr'><strong>ut</strong></span> <span class='ocrx_word' id='word_1_892' title='bbox 2394 5212 2554 5258; x_wconf 83' lang='lat' dir='ltr'><strong>exuta</strong></span> <span class='ocrx_word' id='word_1_893' title='bbox 2584 5216 2737 5257; x_wconf 89' lang='lat' dir='ltr'><strong>mens</strong></span> <span class='ocrx_word' id='word_1_894' title='bbox 2776 5217 2805 5254; x_wconf 91' lang='lat' dir='ltr'><strong>a</strong></span> <span class='ocrx_word' id='word_1_895' title='bbox 2845 5201 3051 5256; x_wconf 85' lang='lat' dir='ltr'><strong>cunctis</strong></span> <span class='ocrx_word' id='word_1_896' title='bbox 3088 5199 3396 5256; x_wconf 87' lang='lat' dir='ltr'><strong>retinaculis</strong></span> 
     </span>
    </p>
   </div>
   <div class='ocr_carea' id='block_1_116' title="bbox 1896 5454 3409 5534">
    <p class='ocr_par' dir='ltr' id='par_1_116' title="bbox 1896 5454 3409 5534">
     <span class='ocr_line' id='line_1_118' title="bbox 1896 5454 3409 5534; baseline 0.005 -25"><span class='ocrx_word' id='word_1_897' title='bbox 1896 5465 1965 5534; x_wconf 76' lang='grc' dir='ltr'><strong>(ἀ)</strong></span> <span class='ocrx_word' id='word_1_898' title='bbox 2001 5464 2277 5534; x_wconf 69' lang='lat' dir='ltr'><strong>Erasmiana</strong></span> <span class='ocrx_word' id='word_1_899' title='bbox 2299 5461 2445 5534; x_wconf 77' lang='lat' dir='ltr'><strong>lectio</strong></span> <span class='ocrx_word' id='word_1_900' title='bbox 2464 5472 2608 5533; x_wconf 77' lang='lat' dir='ltr'><strong>quam</strong></span> <span class='ocrx_word' id='word_1_901' title='bbox 2623 5454 2931 5510; x_wconf 64' lang='lat' dir='ltr'><strong>Mannum</strong></span> <span class='ocrx_word' id='word_1_902' title='bbox 2954 5456 3206 5523; x_wconf 76' lang='lat' dir='ltr'><strong>exseribit,</strong></span> <span class='ocrx_word' id='word_1_903' title='bbox 3232 5456 3409 5516; x_wconf 66' lang='lat' dir='ltr'><strong>vitiose</strong></span> 
     </span>
    </p>
   </div>
   <div class='ocr_carea' id='block_1_117' title="bbox 1830 5525 2609 5589">
    <p class='ocr_par' dir='ltr' id='par_1_117' title="bbox 1830 5525 2609 5589">
     <span class='ocr_line' id='line_1_119' title="bbox 1830 5525 2609 5589; baseline -0.014 -7"><span class='ocrx_word' id='word_1_904' title='bbox 1830 5525 2008 5581; x_wconf 70' lang='lat' dir='ltr'><strong>ducere</strong></span> <span class='ocrx_word' id='word_1_905' title='bbox 2030 5528 2241 5578; x_wconf 82' lang='lat' dir='ltr'><strong>habebat</strong></span> <span class='ocrx_word' id='word_1_906' title='bbox 2258 5536 2348 5589; x_wconf 87' lang='lat' dir='ltr'><strong>pro</strong></span> <span class='ocrx_word' id='word_1_907' title='bbox 2369 5525 2609 5589; x_wconf 66' lang='lat' dir='ltr'><strong>decipere.</strong></span> 
     </span>
    </p>
   </div>
   <div class='ocr_carea' id='block_1_118' title="bbox 1892 5578 3405 5662">
    <p class='ocr_par' dir='ltr' id='par_1_118' title="bbox 1892 5578 3405 5662">
     <span class='ocr_line' id='line_1_120' title="bbox 1892 5578 3405 5662; baseline -0.002 -21"><span class='ocrx_word' id='word_1_908' title='bbox 1892 5578 1961 5655; x_wconf 67' lang='lat' dir='ltr'><strong>(e)</strong></span> <span class='ocrx_word' id='word_1_909' title='bbox 1990 5578 2122 5662; x_wconf 58' lang='lat' dir='ltr'><strong>biale</strong></span> <span class='ocrx_word' id='word_1_910' title='bbox 2146 5578 2326 5638; x_wconf 71' lang='lat' dir='ltr'><strong>iterum</strong></span> <span class='ocrx_word' id='word_1_911' title='bbox 2361 5600 2427 5637; x_wconf 83' lang='lat' dir='ltr'><strong>ex</strong></span> <span class='ocrx_word' id='word_1_912' title='bbox 2458 5578 2656 5635; x_wconf 82' lang='lat' dir='ltr'><strong>Erasmo</strong></span> <span class='ocrx_word' id='word_1_913' title='bbox 2694 5584 2849 5635; x_wconf 84' lang='lat' dir='ltr'><strong>editor</strong></span> <span class='ocrx_word' id='word_1_914' title='bbox 2868 5578 3245 5650; x_wconf 84' lang='lat' dir='ltr'><strong>Benedictiutts,</strong></span> <span class='ocrx_word' id='word_1_915' title='bbox 3283 5595 3405 5639; x_wconf 82' lang='lat' dir='ltr'><strong>Pro-</strong></span> 
     </span>
    </p>
   </div>
   <div class='ocr_carea' id='block_1_119' title="bbox 1830 5655 3479 5787">
    <p class='ocr_par' dir='ltr' id='par_1_119' title="bbox 1830 5655 3479 5787">
     <span class='ocr_line' id='line_1_121' title="bbox 1830 5655 3479 5787; baseline -0.005 -18"><span class='ocrx_word' id='word_1_916' title='bbox 1830 5655 2183 5787; x_wconf 49' lang='lat' dir='ltr'><strong>deiﬁmgism.</strong></span> <span class='ocrx_word' id='word_1_917' title='bbox 2210 5716 2262 5787; x_wconf 75' lang='lat' dir='ltr'><strong>et</strong></span> <span class='ocrx_word' id='word_1_918' title='bbox 2283 5709 2590 5787; x_wconf 57' lang='lat' dir='ltr'><strong>Martia‘uieus</strong></span> <span class='ocrx_word' id='word_1_919' title='bbox 2608 5704 2737 5786; x_wconf 75' lang='lat' dir='ltr'><strong>sicut</strong></span> <span class='ocrx_word' id='word_1_920' title='bbox 2757 5722 2845 5773; x_wconf 86' lang='lat' dir='ltr'><strong>pro</strong></span> <span class='ocrx_word' id='word_1_921' title='bbox 2866 5708 2953 5769; x_wconf 79' lang='lat' dir='ltr'><strong>sic,</strong></span> <span class='ocrx_word' id='word_1_922' title='bbox 2979 5708 3101 5765; x_wconf 85' lang='lat' dir='ltr'><strong>Tum</strong></span> <span class='ocrx_word' id='word_1_923' title='bbox 3122 5711 3266 5778; x_wconf 84' lang='lat' dir='ltr'><strong>paulo</strong></span> <span class='ocrx_word' id='word_1_924' title='bbox 3297 5716 3407 5778; x_wconf 84' lang='lat' dir='ltr'><strong>post</strong></span> <span class='ocrx_word' id='word_1_925' title='bbox 3476 5736 3479 5739; x_wconf 56' lang='grc' dir='ltr'>ν</span> 
     </span>
    </p>
   </div>
   <div class='ocr_carea' id='block_1_120' title="bbox 1830 5770 2660 5842">
    <p class='ocr_par' dir='ltr' id='par_1_120' title="bbox 1830 5770 2660 5842">
     <span class='ocr_line' id='line_1_122' title="bbox 1830 5770 2660 5842; baseline -0.011 -11"><span class='ocrx_word' id='word_1_926' title='bbox 1830 5770 2485 5842; x_wconf 64' lang='lat' dir='ltr'><strong>eril&#39;ettt&#39;mmoeterittibi.</strong></span> <span class='ocrx_word' id='word_1_927' title='bbox 2654 5780 2660 5786; x_wconf 84' lang='lat'>&#39;</span> 
     </span>
    </p>
   </div>
  </div>
