3986 6184
578 293 723 353 1219

578 407 877 471 mundanis,
908 412 1068 473 atque
1094 398 1460 469 corporalibus
1480 394 1840 467 voluptatibus
1863 393 1939 467 (a)
1966 397 2069 450 sit:
2093 405 2154 451 ut

578 502 759 558 valeas
789 492 995 566 plenius
1026 490 1288 544 inbrerere
1323 488 1620 543 Dominicis
1664 486 1970 557 prmceptis.
2005 485 2160 554 Quod

579 604 753 650 tamen
774 629 789 656 ,
825 602 891 641 ne
915 585 1042 655 quid
1067 599 1099 638 a
1131 583 1288 638 nobis
1318 581 1653 652 negligenter
1681 595 1802 637 esse
1832 579 2036 635 dictum
2067 595 2158 633 ar-

575 681 811 745 bitreris,
836 678 1140 732 divinarum
1167 675 1563 744 Scripturarum
1595 672 1917 729 testimoniis
1946 671 2161 727 edocui-

577 787 730 838 mus,
762 771 899 826 sicut
926 769 1110 824 etiam.
1146 767 1435 836 Apostolus
1463 766 1594 821 dicit
1619 783 1634 821 :
1661 765 1726 820 Et
1772 774 1915 819 erunt
1958 764 2060 817 duo
2108 763 2163 815 in

577 879 730 919 carne
775 879 879 917 una
927 861 1004 932 (1.
1044 858 1164 914 Cor.
1207 857 1262 913 6.
1309 858 1398 913 16.
1444 859 1536 929 17)
1563 875 1578 923 ;
1605 857 1714 926 jam
1759 870 1866 910 non
1904 872 2009 909 una
2043 870 2162 908 caro

577 954 791 1024 (Matth.
820 952 908 1008 19.
933 951 1012 1020 6),
1037 950 1132 1006 sed
1155 965 1286 1003 unus
1311 949 1524 1017 spiritus
1551 947 1628 1016 (1.
1655 945 1776 1001 Cor.
1803 945 1857 1000 6.
1882 942 1994 1016 17).

647 1048 737 1103 ⁸51.
780 1045 894 1100 Hoc
936 1049 1329 1110 sacramentum
1375 1054 1624 1110 magnum
1672 1047 1790 1103 est,
1827 1035 2164 1102 arduumque

577 1149 661 1195 est
690 1140 790 1194 iter
816 1136 1078 1193 castitatis
1103 1151 1118 1188 :
1143 1133 1237 1189 sed
1269 1147 1459 1202 magna
1489 1139 1612 1184 sunt
1637 1128 1880 1200 praemia,
1903 1135 2165 1194 vocatque

578 1247 678 1286 nos
719 1229 977 1283 Dominus
1017 1226 1071 1280 in
1113 1224 1406 1294 Evangelio
1451 1222 1680 1276 dicens:
1717 1219 1889 1274 Venite
1916 1215 2165 1272 benedicti

579 1322 753 1375 Patris
796 1321 928 1384 mei,
960 1318 1214 1389 possidete
1261 1325 1612 1388 prteparatum
1653 1312 1790 1366 vobis
1838 1326 2053 1382 regnum
2100 1307 2165 1361 ab

579 1415 772 1483 origine
796 1410 974 1464 mundi
1004 1409 1222 1480 (Matth.
1266 1408 1358 1464 55.
1404 1407 1534 1475 54).
1588 1404 1732 1461 idem
1764 1406 1878 1474 ipse
1907 1402 2164 1457 Dominus

578 1505 706 1559 dicit
735 1520 747 1556 :
779 1501 952 1557 Venite
998 1502 1065 1555 ad
1104 1517 1183 1554 me
1224 1514 1431 1564 omnes,
1466 1498 1551 1568 qui
1582 1495 1826 1551 laboratis
1847 1535 1862 1562 ,
1893 1502 1939 1548 et
1969 1491 2166 1547 onerati

579 1598 730 1660 estis;
757 1605 802 1649 et
839 1611 932 1666 ego
972 1610 1058 1648 vos
1098 1593 1345 1656 reﬁciam.
1390 1589 1575 1644 Tollite
1605 1591 1786 1660 iugum
1815 1603 1982 1642 meum
2013 1601 2166 1654 super

578 1706 688 1755 vos,
715 1700 760 1742 et
789 1689 967 1742 discite
992 1705 1024 1740 a
1049 1703 1128 1740 me
1147 1726 1162 1752 ,
1188 1686 1306 1756 quia
1329 1683 1464 1737 mitis
1491 1699 1605 1738 sum
1624 1721 1640 1748 ,
1672 1691 1720 1736 et
1750 1678 1960 1734 humilis
1992 1677 2163 1743 corde,

579 1791 623 1834 et
667 1781 929 1833 invenietis
974 1779 1195 1846 requiem
1241 1777 1510 1830 animabus
1553 1775 1767 1836 vestris;
1795 1775 1984 1844 jugum
2031 1771 2167 1824 enim

579 1887 743 1922 meum
768 1885 921 1923 suave
946 1879 1038 1931 est,
1071 1879 1116 1921 et
1146 1883 1274 1920 onus
1305 1883 1471 1919 meum
1500 1866 1624 1918 leve.
1673 1862 1816 1916 Dicit
1848 1863 1994 1918 enim
2023 1862 2165 1917 idem

579 1961 839 2016 Dominus
869 1961 932 2013 iis
951 2000 966 2024 ,
994 1959 1079 2029 qui
1107 1959 1174 2011 ad
1215 1957 1475 2010 sinistram
1501 1956 1612 2025 ejus
1642 1964 1787 2008 erunt
1812 1969 1830 2006 :
1855 1953 2107 2006 Discedite
2135 1969 2166 2005 a

578 2069 658 2106 me
678 2051 932 2105 maledicti
949 2051 1000 2102 in
1021 2050 1187 2119 ignem
1209 2058 1472 2110 aternum,
1500 2063 1649 2116 quem
1675 2046 1982 2114 praeparavit
2008 2043 2166 2097 Pater

579 2164 718 2200 meus
748 2145 950 2197 diabolo
969 2184 984 2209 ,
1015 2151 1061 2196 et
1104 2141 1299 2211 angelis
1337 2141 1445 2208 ejus
1477 2139 1688 2208 (Matth.
1717 2138 1808 2192 25.
1840 2138 1930 2207 4i)
1960 2154 1972 2189 ε
1999 2138 2165 2190 nescio

577 2251 698 2301 vos,
731 2232 954 2303 operarii
979 2231 1280 2300 iniquitatis.
1323 2227 1437 2281 Erit
1471 2228 1538 2280 ibi
1563 2229 1711 2296 ﬂetus
1743 2236 1789 2280 et
1818 2226 2010 2280 stridor
2039 2227 2168 2279 dett-

579 2327 725 2380 tium.
773 2322 853 2377 Illi
884 2324 1066 2392 utique
1091 2335 1281 2375 omnes
1309 2319 1594 2388 plaugeut,
1626 2317 1702 2371 illi
1737 2317 1996 2386 lugebunt
2019 2357 2033 2379 ,
2077 2315 2167 2385 qui

583 2416 654 2470 ita
677 2415 822 2469 curis
849 2429 907 2468 se
927 2414 1048 2467 vitae
1071 2409 1356 2482 prmsentis
1378 2409 1672 2474 involvunt,
1699 2418 1754 2461 ut
1778 2408 2166 2461 obliviscantur

581 2507 847 2570 futuram;
877 2519 1010 2574 quos
1054 2495 1247 2558 somno
1286 2501 1518 2571 quodam
1565 2499 1902 2569 ignorantia),
1931 2507 1984 2553 et
2015 2498 2169 2552 malae

580 2595 880 2650 securitatis
901 2607 1189 2663 Oppressos
1210 2591 1482 2656 (luctibus,
1505 2591 1716 2644 Domini
1741 2587 2168 2659 comprehendet

579 2689 840 2742 adventus
879 2685 1064 2741 :unde
1106 2686 1221 2754 ipse
1246 2726 1260 2752 ,
1313 2684 1366 2737 in
1418 2682 1708 2752 Evangelio
1760 2683 1875 2736 ait:
1908 2682 2170 2735 Attendite

579 2778 750 2843 vobis,
778 2795 840 2832 ne
879 2778 1010 2846 forte
1050 2784 1322 2845 graventur
1348 2775 1506 2827 corda
1550 2783 1715 2826 vestra
1758 2774 1813 2826 in
1859 2773 2093 2842 crapula,
2122 2781 2170 2827 et

581 2871 845 2934 ebrietate,
873 2876 919 2922 et
962 2867 1096 2921 curis
1146 2867 1298 2937 hujus
1341 2865 1456 2918 vita:
1475 2880 1494 2918 :
1518 2881 1578 2917 ne
1603 2869 1735 2934 forte
1760 2865 2084 2933 superveniat
2114 2864 2169 2918 in

581 2979 667 3017 vos
693 2961 953 3033 repentina
983 2959 1090 3012 dies
1118 2958 1230 3022 illa,
1263 2967 1504 3026 tanquam
1534 2956 1743 3026 laqueus
1767 2959 1901 3010 enim
1931 2971 2170 3027 superve-

580 3053 682 3106 niet
725 3055 780 3105 in
822 3067 1028 3115 omnes,
1057 3050 1143 3119 qui
1185 3047 1358 3102 sedent
1402 3063 1554 3118 super
1581 3049 1762 3118 faciem
1807 3048 1972 3102 omnis
2021 3059 2170 3102 terra:

581 3142 839 3214 (Luc.2|.
863 3141 951 3197 54.
970 3141 1088 3208 55).
1117 3139 1183 3193 Et
1213 3154 1426 3193 rursum
1444 3156 1456 3190 :
1474 3137 1713 3209 Vigilate,
1736 3147 1780 3192 et
1810 3149 1974 3206 orate,
2007 3139 2170 3193 nesci-

584 3238 648 3292 tis
669 3238 823 3301 enim,
843 3235 1046 3305 quando
1073 3243 1270 3303 tempus
1289 3234 1351 3286 sit
1368 3232 1449 3303 (11
1453 3233 1582 3286 atth.
1600 3234 1690 3288 24.
1707 3233 1798 3288 42.
1815 3243 1859 3287 et
1876 3234 1966 3290 25.
1987 3235 2098 3306 15).

654 3331 744 3385 52.
786 3329 932 3383 Beati
957 3335 1100 3393 sunt,
1124 3327 1213 3397 qui
1248 3327 1320 3381 ita
1346 3335 1679 3394 exspectant,
1705 3326 1777 3380 ita
1805 3326 1953 3381 illum
1980 3342 2171 3397 specu-

582 3421 765 3476 lantur
788 3420 927 3475 diem
951 3461 964 3485 ,
997 3427 1054 3473 ut
1082 3433 1143 3473 se
1168 3417 1234 3471 ad
1272 3433 1397 3474 eum
1428 3418 1667 3487 quotidie
1709 3427 2044 3488 praeparent,
2078 3418 2171 3488 qui

581 3529 688 3569 non
720 3513 787 3567 de
819 3513 1086 3582 praeterita
1117 3511 1218 3565 sibi
1243 3510 1451 3579 justitia
1481 3509 1841 3576 blandientes,
1873 3511 2166 3565 secundum

581 3603 919 3673 Apostolum,
954 3617 1043 3671 per
1066 3599 1173 3652 dies
1193 3599 1423 3667 singulos
1451 3599 1505 3652 in
1533 3600 1715 3653 virtute
1742 3610 2054 3654 renovantur
2080 3602 2166 3672 (2.

581 3692 700 3750 Cor.
742 3694 797 3747 4.
843 3693 975 3762 16).
1024 3689 1238 3746 Iustitia
1291 3690 1426 3743 enim
1468 3691 1604 3759 justi
1659 3708 1762 3745 non
1821 3693 2046 3762 proderit
2101 3696 2167 3762 ei,

589 3784 800 3860 1114
870 3803 903 3838 a
931 3801 1030 3855 quo
1056 3783 1138 3836 die
1154 3784 1326 3853 justus
1354 3798 1458 3836 esse
1480 3781 1702 3836 desierit.
1731 3783 1875 3838 Sicut
1899 3787 2048 3838 etiam
2073 3787 2171 3840 ini-

582 3895 680 3949 quo
704 3893 806 3931 non
833 3875 1026 3930 nocebit
1053 3875 1296 3944 iniquitas
1318 3915 1333 3938 ,
1367 3889 1461 3928 sua
1487 3890 1518 3926 a
1543 3873 1626 3928 die
1646 3915 1661 3938 ,
1695 3890 1793 3943 quo
1819 3892 1872 3930 se
1895 3877 1958 3930 ab
1982 3877 2170 3946 iniqui-

583 3978 685 4024 tate
708 3966 1003 4022 converterit
1035 3963 1250 4036 (Ezech.
1283 3962 1370 4017 18.
1399 3963 1515 4033 24).
1547 3963 1658 4018 Nec
1685 3975 1901 4021 sanctus
1927 3981 2056 4037 ergo
2084 3982 2169 4022 se-

582 4076 744 4117 curus
768 4073 890 4115 esse
916 4057 1115 4124 debet,
1141 4054 1399 4126 quamdiu
1427 4055 1478 4108 in
1510 4055 1670 4125 hujus
1695 4057 1819 4112 vitae
1849 4073 2020 4129 agone
2045 4075 2171 4114 ver-

585 4163 765 4217 satur;
797 4166 896 4205 nec
921 4149 1212 4217 desperare
1242 4157 1512 4216 peccator,
1545 4147 1634 4216 qui
1656 4187 1671 4213 ,
1701 4151 1997 4204 secundum
2028 4165 2168 4220 prte—

585 4244 781 4299 dictatu
837 4239 1118 4310 Prophetas
1175 4238 1530 4304 sententiam,
1560 4255 1666 4294 uno
1718 4239 1806 4295 die
1850 4241 2052 4312 justum
2105 4257 2166 4298 se

583 4333 800 4389 el‘ticere
847 4339 1060 4400 potest;
1107 4329 1204 4384 sed
1245 4337 1449 4396 totum,
1494 4345 1600 4400 quo
1647 4331 1902 4400 tenditur,
1934 4334 2168 4404 spatium

584 4424 705 4478 vitae
752 4431 854 4476 tua:
897 4429 977 4475 est
999 4461 1013 4484 ,
1056 4429 1114 4474 ut
1148 4435 1403 4490 peragere
1431 4423 1611 4490 possis
1641 4422 1937 4492 justitiam;
1966 4441 2064 4481 nec
2103 4426 2170 4482 de

585 4513 857 4586 pra-terita
884 4509 1090 4582 justitia
1123 4509 1426 4576 conlidens,
1462 4514 1738 4569 remissior
1766 4515 2045 4584 efliciaris;
2073 4517 2168 4572 sed

583 4607 722 4662 sicut
763 4603 896 4659 dicit
939 4603 1233 4673 Apostolus
1254 4643 1270 4670 ,
1303 4601 1595 4658 Posteriora
1642 4606 1939 4661 obliviscens
1961 4649 1976 4674 ,
2007 4609 2072 4661 ad
2105 4626 2170 4662 ea

584 4710 752 4754 autem
770 4739 786 4765 ,
813 4712 926 4764 quae
951 4699 1210 4752 anteriora
1248 4706 1366 4752 sunt
1385 4739 1400 4762 ,
1424 4714 1503 4752 me
1529 4699 1825 4763 extendens,
1847 4701 1916 4752 ad
1940 4701 2169 4754 destina-

582 4797 688 4843 tum
715 4803 988 4858 persequor
1018 4789 1248 4841 bravium
1272 4801 1508 4856 supernte
1537 4789 1833 4853 vocationis,
1858 4789 2020 4843 sciens
2045 4792 2171 4844 scri-

584 4892 726 4951 ptum
749 4895 852 4934 esse
874 4878 1042 4932 cordis
1065 4879 1400 4948 inspectorem
1416 4875 1577 4930 Deum
1601 4875 1769 4949 (Phil.
1787 4879 1935 4934 5.15.
1951 4891 1996 4934 et
2013 4880 2167 4937 Prov.

584 4970 677 5024 24.
704 4969 839 5041 12).
871 4971 934 5023 Et
957 4967 1156 5022 idcirco
1183 4969 1378 5037 satagit
1397 5009 1411 5034 ,
1449 4979 1506 5022 ut
1531 4969 1760 5024 animam
1789 4972 2039 5028 mundam
2071 4971 2168 5027 ha-

583 5060 708 5117 beat
755 5077 783 5114 a
834 5068 1070 5130 peccato.
1123 5059 1354 5128 Propter
1399 5061 1541 5129 quod
1589 5063 1848 5131 scriptum
1898 5072 2003 5129 est,
2034 5063 2173 5117 omni

585 5154 814 5208 custodia
843 5168 987 5207 serva
1026 5167 1114 5206 cor
1139 5161 1278 5205 tuum
1317 5148 1510 5225 (Prov.
1551 5153 1606 5208 4.
1649 5152 1780 5225 25).
1825 5155 1892 5209 Et
1938 5157 2166 5214 iterum:

583 5245 765 5316 Diltgit
793 5245 1042 5298 Dominus
1069 5244 1262 5298 munda
1286 5243 1464 5298 corda.
1507 5246 1714 5318 Accepti
1761 5256 1929 5302 autem
1969 5235 2100 5303 sunt
2127 5248 2171 5304 ei

585 5353 757 5391 omnes
781 5337 1095 5390 immaculati
1122 5335 1306 5408 (Prov.
1336 5337 1425 5390 11.
1448 5335 1539 5391 20.
1556 5338 1716 5405 juxta
1745 5337 1938 5411 LXX).
1972 5339 2174 5395 Idcirco

585 5441 684 5494 age
706 5466 720 5489 ,
752 5435 810 5480 ut
848 5425 1066 5480 ordines
1111 5426 1377 5496 reliquum
1413 5435 1623 5495 tempus
1655 5428 1776 5482 vitae
1811 5438 1914 5483 tute
1945 5430 2062 5483 sine
2089 5427 2172 5483 oi-

587 5513 737 5568 l‘ensa
757 5555 773 5582 ,
802 5528 859 5570 ut
885 5516 1060 5586 possis
1082 5532 1272 5571 secure
1310 5532 1512 5572 cauere
1539 5532 1660 5572 cum
1699 5518 1960 5588 PrOpheta
1991 5538 2004 5573 :
2041 5519 2171 5574 Per-

653 5659 739 5736 (al
758 5661 956 5736 Yoculis
977 5664 1054 5736 sit,
1082 5675 1152 5724 ut,
1175 5670 1384 5730 omissis,
1410 5675 1554 5721 vetus
1573 5669 1797 5732 quaedam
1830 5672 1995 5731 editio,
2023 5682 2172 5735 vacat,

585 5720 745 5786 proba
765 5732 906 5782 aeque
928 5720 1158 5776 lectione.

1889 282 2134 342 SANCTI
2171 281 2548 342 HIERONYMI

3763 288 3884 348 1H0

2265 399 2520 453 ambulam
2567 399 2622 452 in
2667 398 2954 453 innocentia
3000 400 3165 455 cordis
3209 400 3310 454 mei
3333 441 3349 467 ,
3394 401 3455 454 in
3486 399 3677 454 medio
3712 401 3882 458 dom

2263 507 2388 544 mea:
2417 491 2589 560 (Psal.
2633 492 2754 547 100.
2802 492 2900 562 2).
2952 493 3017 546 Ει
3055 495 3285 548 iterum:
3315 494 3576 548 Introibo
3613 495 3692 548 ad
3728 499 3878 551 altare

2265 583 2391 650 Dei,
2420 587 2488 639 ad
2513 584 2711 651 Deum,
2739 586 2825 656 qui
2854 586 3075 653 lmtiﬁcat
3107 587 3430 657 juventutem
3480 604 3672 642 meam
3706 587 3871 659 (Psal.

2265 675 2356 731 42.
2385 678 2481 749 4).
2525 678 2658 745 Quia
2697 677 2978 734 inchoasse
3018 694 3124 733 non
3169 678 3401 748 sufﬁcit;
3435 680 3546 736 sed
3581 679 3876 750 perfecisse

2261 764 2465 836 justitia
2495 776 2599 824 est.

2635 878 2969 935 EPISTOLA
3014 878 3092 951 (b)
3131 878 3346 936 CXLIX
3387 883 3495 954 (ε).

2868 1007 2916 1046 8.
2949 1007 3253 1049 HIEBONYII.

2676 1102 2750 1158 De
2776 1105 3179 1161 solemnitatibus
3210 1105 3454 1163 Pascha.

2269 1213 2601 1273 Hebraeorum
2629 1218 2735 1272 dies
2762 1223 2916 1290 festos
2944 1222 3208 1287 edisserit,
3238 1239 3424 1293 eosque
3453 1225 3684 1280 minime
3710 1229 3869 1282 obser-

2551 1312 2660 1366 vari
2685 1310 2864 1365 debere
2892 1321 3003 1381 post
3038 1312 3371 1383 Evangeltum
3399 1317 3573 1372 docet.

2341 1424 2395 1480 1.
2437 1422 2514 1478 De
2556 1423 2986 1478 solemnitatibus
3056 1434 3111 1479 et
3167 1425 3457 1493 Sabbatis,
3511 1427 3864 1497 Neomeniis,

2269 1531 2390 1588 quae
2420 1517 2471 1570 in
2501 1515 2644 1587 Lege
2672 1531 2702 1571 a
2733 1517 2962 1572 Domino
2991 1518 3375 1588 prmcipiuntur
3404 1522 3732 1586 observari,
3768 1534 3861 1579 tua:

2269 1607 2510 1662 caritatis
2538 1607 2768 1676 imperio
2791 1618 3056 1678 cogente,
3099 1609 3334 1676 dicturi,
3379 1612 3514 1681 quid
3565 1617 3855 1670 secundum

2270 1697 2503 1752 litteram
2534 1699 2836 1768 reprobari,
2871 1700 2957 1753 vel
3005 1700 3130 1769 quid
3178 1703 3541 1770 spiritualiter
3587 1706 3857 1762 observari

2271 1788 2466 1844 debeat
2489 1808 2501 1844 :
2529 1791 2674 1859 prius
2690 1791 2932 1861 cogimur
2955 1793 3283 1848 amatoribus
3305 1794 3497 1849 litterae
3515 1796 3859 1853 adversariis-

2270 1895 2374 1950 que
2419 1883 2658 1937 veritatis
2707 1883 3067 1953 respondere;
3097 1900 3234 1955 quos
3276 1902 3398 1940 cum
3446 1888 3533 1959 (ά)
3578 1905 3712 1945 meo
3750 1892 3860 1960 jure

2271 1972 2469 2040 possim
2499 1985 2844 2041 repercutere
2869 1976 3036 2045 magis
3063 1990 3158 2030 cos
3183 1976 3379 2032 blande
3405 1978 3720 2049 leniterque
3748 1983 3862 2035 allo-

2272 2077 2444 2131 quens
2474 2063 2542 2116 ad
2573 2065 2902 2132 agnitionem
2931 2067 3175 2121 veritatis
3205 2070 3392 2122 venire
3415 2071 3602 2139 cupio,
3626 2074 3725 2142 qui
3749 2089 3854 2127 cum

2271 2156 2510 2211 radicum
2541 2173 2781 2213 amarum
2823 2163 3083 2216 corticem
3111 2164 3384 2220 ruminare
3413 2167 3676 2236 cupiunt,
3711 2186 3854 2239 poma

2273 2260 2543 2318 expuunt,
2576 2252 2957 2321 pulveremque
3003 2257 3120 2308 auri
3166 2257 3425 2310 mirantes
3445 2299 3461 2321 ,
3491 2258 3725 2313 formata
3753 2277 3852 2315 me-

2275 2344 2396 2397 talla
2422 2343 2744 2413 despiciunt.
2793 2345 2894 2411 Qui
2939 2347 3042 2400 etsi
3082 2347 3377 2401 secundum
3426 2350 3670 2405 litteram
3715 2352 3853 2423 Legis

2274 2434 2548 2488 observari
2644 2436 2850 2506 1115
2943 2448 3130 2492 cuncta
3182 2438 3571 2504 contendunt,
3611 2444 3854 2497 velamine

2275 2526 2448 2594 posito
2471 2539 2633 2595 super
2660 2527 2846 2581 faciem
2871 2526 3060 2598 Moysi,
3088 2529 3308 2598 spiritus
3333 2532 3589 2587 veritatis
3614 2533 3728 2588 luce
3751 2536 3855 2588 illu-

2275 2617 2467 2671 minari
2511 2628 2806 2688 nequeunt,
2863 2619 2931 2689 (e)
2987 2635 3122 2689 quos
3145 2622 3244 2674 etsi
3272 2623 3486 2676 veritati
3519 2640 3634 2678 non
3664 2626 3855 2696 acquie-

2227 2744 2230 2746 η
2273 2711 2448 2765 verint
2471 2753 2485 2776 ,
2523 2710 2658 2765 hirci
2687 2721 2863 2765 tamen
2894 2728 3044 2767 more
3074 2715 3339 2768 emissarii
3363 2756 3377 2777 ,
3412 2716 3653 2772 humero
3678 2730 3853 2772 nostra:

2275 2803 2548 2872 patientia:
2574 2804 2746 2872 parati
2774 2803 2842 2855 ad
2879 2804 3278 2873 satisfactionem
3304 2807 3369 2858 de
3397 2823 3457 2858 ea
3483 2824 3607 2877 qua:
3636 2810 3688 2862 in
3717 2811 3843 2862 nobis

2274 2903 2347 2948 est
2372 2894 2475 2962 ﬁde
2506 2895 2580 2965 (l.
2608 2893 2722 2947 Pet.
2749 2895 2803 2948 5.
2831 2894 2917 2965 15)
2937 2934 2952 2958 ,
2995 2895 3061 2948 ad
3108 2879 3347 2950 eremum
3377 2913 3494 2951 sua:
3527 2901 3850 2968 perditionis,

2273 2995 2327 3040 et
2350 2985 2531 3039 lavare
2556 2994 2742 3055 postea
2768 2986 3089 3040 vestimenta
3112 3026 3126 3049 ,
3158 3002 3226 3040 ne
3255 2989 3590 3058 contagione
3633 2990 3854 3044 htl‘l‘elit‘i

2275 3091 2464 3133 sensus
2500 3079 2684 3148 polluti
2729 3088 3064 3133 remaneant.
3093 3078 3202 3134 Nos
3227 3093 3408 3135 autem
3441 3082 3494 3135 in
3529 3083 3685 3137 initio
3715 3085 3856 3151 hujus

2275 3168 2515 3238 opusculi
2540 3170 2785 3238 exemplo
2803 3169 3053 3224 Jeremite
3075 3169 3240 3237 docti,
3273 3172 3513 3228 evellere
3545 3175 3696 3242 prius
3718 3215 3735 3239 ,
3764 3174 3854 3228 de-

2276 3271 2503 3326 struere,
2531 3273 2586 3317 et
2614 3272 2798 3332 postea
2847 3263 3094 3332 plantare
3121 3273 3175 3318 et
3197 3265 3468 3320 aediﬁcare
3492 3269 3853 3337 proponimus.

2346 3353 2402 3408 2,
2447 3354 2521 3408 De
2550 3353 2843 3424 Scripturis
2874 3354 3019 3422 prius
3057 3354 3347 3410 ostendere
3373 3359 3659 3425 cupientes
3680 3399 3694 3420 ,
3723 3374 3853 3426 quo-

2276 3445 2436 3500 modo
2469 3447 2550 3500 hae
2581 3444 2727 3500 feria:
2757 3447 2990 3512 Domini,
3022 3464 3141 3516 qua:
3169 3449 3556 3517 praecipiuntur
3586 3449 3733 3522 Lege
3751 3466 3855 3505 ser-

2276 3536 2408 3600 vari,
2440 3552 2544 3589 non
2570 3537 2781 3602 umbra,
2803 3536 2901 3592 sed
2922 3537 3183 3607 spirituali
3208 3539 3551 3594 observantia
3582 3542 3853 3597 celebrat»

2277 3634 2384 3680 tur.
2416 3627 2479 3679 Et
2505 3627 2640 3696 siqui
2673 3627 3054 3681 imbecillitatis
3082 3638 3279 3684 nostra:
3307 3633 3696 3686 auctoritatem
3740 3648 3846 3701 par-

2277 3715 2562 3784 vipendere
2587 3717 2876 3783 voluerint,
2909 3718 3204 3788 Prophetas
3227 3719 3474 3784 audiant,
3503 3725 3602 3790 qui
3635 3724 3842 3793 provido

2275 3807 2574 3877 patrocinio
2603 3808 2949 3878 providentes
2978 3810 3166 3864 harum
3195 3811 3647 3880 reprobationum
3690 3817 3846 3871 Eran-

2274 3897 2398 3968 gelii
2440 3908 2681 3968 tempore
2729 3911 2915 3970 aperta
2955 3917 3088 3957 voce
3139 3903 3524 3972 pra-dixerunt.
3556 3905 3670 3960 ltno
3699 3909 3747 3960 iu
3773 3907 3845 3960 eis

2276 3991 2503 4046 Domino
2547 3992 2900 4062 proloquente
2926 4011 2939 4046 :
2966 3992 3090 4048 Dies
3116 3997 3271 4065 festos
3301 4009 3530 4062 vestros,
3566 4008 3611 4052 et
3638 3997 3847 4052 Neome-

2276 4081 2389 4134 nias
2413 4121 2427 4146 ,
2458 4091 2505 4135 et
2531 4082 2791 4136 Sabbatha
2820 4086 2963 4138 audit
2990 4087 3161 4139 anima
3190 4103 3323 4142 utea.
3357 4088 3426 4141 Et
3452 4088 3571 4143 haec
3597 4104 3657 4143 se
3683 4090 3850 4143 Domi-

2275 4186 2377 4226 nus
2417 4187 2524 4226 non
2568 4173 2851 4230 mandasse
2882 4177 3226 4245 pronuntiat,
3257 4193 3380 4233 cum
3425 4179 3599 4250 ipsum
3634 4181 3684 4233 in
3712 4179 3848 4250 Lege

2277 4262 2395 4319 haec
2444 4266 2762 4336 praecepisse
2811 4267 3149 4324 manifestum
3191 4280 3294 4325 est.
3344 4269 3399 4324 In
3452 4272 3641 4341 quibus
3680 4273 3854 4326 verbis

2178 4404 2185 4413 .
2274 4356 2402 4427 quid
2431 4357 2574 4414 aliud
2603 4358 2936 4426 ostenditur,
2967 4361 3112 4431 quod
3142 4377 3265 4416 cum
3293 4363 3498 4418 Christo
3540 4362 3662 4416 tiuis
3690 4362 3851 4432 Legis

2273 4448 2570 4515 advenerit,
2602 4465 2664 4504 ea
2692 4451 2988 4505 secundum
3017 4452 3250 4507 litteram
3277 4452 3532 4508 custodiri
3559 4467 3666 4506 non
3699 4468 3854 4505 man-

2274 4538 2517 4596 daverit?
2562 4541 2637 4596 De
2677 4542 2954 4598 sacriﬁciis
2981 4553 3161 4600 autem
3200 4559 3295 4615 per
3315 4545 3478 4598 alium
3507 4543 3852 4612 Prophetam'

2361 4689 2413 4741 bl
2447 4690 2519 4740 AL
2545 4689 2746 4741 inedita.

2309 4757 2314 4763 ι
2337 4689 2413 4814 Eb;
2447 4690 2519 4740 AL
2545 4689 2746 4741 inedita.
3787 4757 3797 4765 .

2359 4766 2386 4801 c
2443 4752 2609 4817 Prodit
2633 4766 2760 4817 nunc
2782 4754 2989 4817 prirnum
3009 4769 3073 4805 ex
3093 4755 3242 4806 Vatic.
3264 4755 3366 4804 cod.
3383 4752 3492 4802 612.
3521 4752 3601 4802 fol.
3627 4752 3706 4801 89.
3731 4754 3858 4804 Hie-

2274 4827 2476 4878 ronymo
2497 4814 2763 4877 adscripta,
2782 4814 2890 4865 'sed
2914 4816 3034 4866 falso
3048 4853 3062 4878 ,
3088 4826 3141 4866 ut
3179 4819 3313 4866 nobis
3333 4818 3602 4878 tacentibus
3625 4827 3692 4864 ex
3717 4830 3856 4866 mera

2273 4875 2433 4923 dictati
2461 4875 2952 4940 lecttouéconstabit.
2982 4875 3182 4927 Videtur
3205 4888 3368 4928 autem
3398 4879 3479 4937 qui
3499 4875 3856 4940 Hieronymum

2275 4944 2527 5003 auctorem
2549 4939 2782 5003 mentitus
2805 4947 2908 5003 est,
2932 4940 3190 5003 Damasum
3213 4953 3434 5003 quoque,
3460 4953 3535 4988 cut
3562 4939 3856 5003 inscribere-

2275 4998 2575 5063 tur_meutiri
2593 5036 2608 5054 ,
2644 5006 2698 5048 ut
2728 5013 2796 5063 ex
2827 4999 3043 5063 (clausula
3083 4998 3348 5063 colligitur,
3379 5015 3495 5063 (eum
3521 5004 3572 5048 in
3597 5001 3857 5063 epigraphe

2276 5059 2457 5108 nullius
2479 5073 2660 5109 nomen
2682 5062 2970 5122 adscriptum
2992 5063 3057 5110 sit
3098 5059 3456 5112 Nos'tum'aliis
3469 5063 3534 5111 de
3557 5059 3730 5121 causis,
3752 5059 3857 5110 cum

2277 5123 2521 5184 praecipue
2545 5123 2771 5172 novitatis
2793 5125 2966 5171 merito
2988 5123 3245 5181 edidimus,
3272 5125 3319 5172 id
3345 5137 3497 5174 unum
3521 5133 3777 5173 monentes
3794 5129 3858 5170 in-

2278 5194 2509 5248 numeros
2546 5197 2608 5232 ex
2649 5197 2708 5248 ea
2729 5196 2758 5232 a
2781 5184 2919 5233 nobis
2945 5184 3163 5248 sublatos
3195 5197 3424 5243 errores,
3449 5198 3657 5248 quorum
3686 5185 3857 5246 aliquot

2277 5243 2512 5310 duntaxat
2548 5246 2818 5310 notabimus
2837 5246 3118 5308 specimiuis
3138 5248 3315 5308 gratia,
3337 5261 3406 5297 ne
3428 5243 3633 5310 operam
3657 5243 3856 5308 nosti-au)

2279 5306 2531 5355 venditare
2555 5307 2816 5357 videamur.

2344 5367 2424 5428 (tt)
2457 5366 2589 5416 Erat.
2615 5369 2663 5415 in
2689 5367 2777 5416 his.
2799 5380 2907 5428 cum
2933 5379 2990 5416 eo
3017 5365 3069 5416 in
3096 5380 3176 5427 se,
3202 5369 3340 5419 nullo
3361 5383 3536 5422 sensu.
3561 5370 3726 5421 Verus
3746 5367 3854 5418 Hie-

2280 5427 2387 5479 ron.
2406 5427 2560 5490 epist.
2585 5428 2643 5476 ad
2669 5427 2941 5494 marcellum
2972 5441 3133 5494 «quos
3156 5442 3255 5491 ego
3282 5445 3399 5480 eum
3425 5434 3611 5494 p0$irn
3633 5433 3855 5492 meojure

2281 5497 2600 5538 contemnere
2617 5523 2632 5549 ,
2668 5493 2801 5539 asino
2822 5492 2998 5552 quippe
3019 5492 3120 5551 lyra
3142 5494 3402 5553 snperaue
3425 5492 3591 5556 canit,
3629 5502 3780 5544 tamen
3802 5502 3857 5538 ue

2282 5563 2388 5608 nos,
2411 5567 2434 5595 ι
2465 5558 2558 5600 etc.
2873 5588 2876 5590 η

2346 5613 2416 5674 (e)
2445 5612 2569 5680 Δ(ιὶιιξεε
2591 5611 2702 5660 hinc
2722 5617 2987 5680 sequuntur
3011 5608 3141 5680 {cr-de
3163 5622 3403 5680 corrupta
3433 5626 3560 5680 sunt,
3575 5631 3635 5667 ac
3656 5616 3830 5680 turbata
3842 5648 3856 5670 .

2285 5670 2461 5736 quiesi
2475 5670 2686 5725 reticere
2708 5687 2774 5727 ex
2797 5670 2996 5736 ingenio
3019 5670 3231 5722 velimus
3246 5709 3261 5736 ,
3286 5670 3438 5729 nimis
3460 5679 3622 5732 multa
3653 5676 3861 5730 wounds
