3986 6184
130 319 268 376 ίξὲί

133 435 396 502 loquitur.
424 427 542 483 Non
562 427 613 480 iu
640 421 901 492 sacriﬁciis
931 420 1029 474 tuis
1054 432 1268 489 arguam
1294 427 1357 468 te.
1393 413 1699 468 Ilolocausta

129 500 302 575 autem
339 529 433 574 tua
457 519 509 571 in
537 522 804 581 conspectu
831 525 939 563 meo
967 517 1083 562 sunt
1111 521 1323 577 semper,
1355 504 1429 575 (a)
1457 516 1611 572 neque
1637 500 1698 553 de

128 613 371 682 gregibus
404 609 499 662 luis
528 607 722 667 hircos,
751 611 804 656 et
829 601 1030 668 reliqua
1063 612 1230 666 usque
1248 635 1263 659 ,
1293 604 1380 648 aut
1407 591 1703 662 sanguinem

131 701 400 752 hircorum
444 695 643 764 putabo.
696 691 897 758 Quibus
942 687 1119 742 verbis
1170 685 1458 753 Apostolus
1514 682 1704 736 eodem

131 790 326 857 Spiritu
375 786 614 856 repletus
659 780 977 837 conveniens
1004 779 1071 832 ait
1107 793 1121 829 :
1160 775 1323 829 Nemo
1371 789 1456 827 vos
1499 771 1708 825 seducat

131 856 186 931 in
213 892 329 930 esca
358 887 447 928 aut
477 877 529 927 in
559 882 696 944 potu,
721 879 806 923 aut
837 871 888 922 in
915 876 1056 938 parte
1085 865 1182 918 diei
1213 863 1351 934 festi,
1377 869 1465 914 aut
1492 856 1710 912 Neome-

132 969 234 1022 nia:
253 1008 270 1032 ,
300 973 393 1019 aut
448 963 656 1018 Sabbati
699 960 832 1030 quod
875 967 947 1011 est
976 955 1155 1010 umbra
1185 957 1474 1024 futurorum
1500 959 1554 1003 et
1582 948 1710 1003 reli-

133 1072 258 1126 qua.
289 1055 500 1123 Quibus
525 1053 699 1108 verbis
724 1046 1140 1104 lncuIentissime
1165 1043 1401 1098 declarat
1422 1042 1473 1095 in
1498 1041 1579 1094 his
1599 1040 1710 1095 sive

134 1145 329 1200 diebus
355 1143 742 1212 temporaliter,
766 1140 878 1193 sive.
900 1137 1039 1191 escis
1062 1133 1366 1189 carnalibus
1392 1129 1709 1194 observatis,

135 1235 271 1289 nihil
320 1233 470 1287 aliud
515 1247 672 1300 quam
722 1228 1061 1283 vanissimam
1111 1225 1388 1286 umbram,
1421 1229 1478 1275 et
1515 1217 1714 1274 erroris

135 1325 464 1380 seditionem
496 1320 736 1375 invenire
775 1317 969 1388 poterit
1016 1314 1123 1387 [al.
1166 1313 1378 1367 inveniri
1428 1307 1611 1381 posse].
1645 1308 1715 1363 Et

137 1414 407 1468 Dominus
473 1411 628 1466 Jesus
683 1407 930 1462 Christus
983 1406 1035 1458 in
1088 1403 1375 1472 Evangelio
1423 1399 1713 1454 Sabbatum

136 1507 357 1559 solvere
388 1501 678 1557 declaravit
707 1515 824 1554 cum
859 1496 1150 1567 paralytico
1181 1499 1503 1562 praeceperat
1531 1488 1717 1542 :Tolle

136 1595 416 1664 grabatum
462 1600 643 1664 tuum,
687 1587 825 1657 quod
878 1586 993 1654 lege
1042 1582 1403 1653 prohibitum,
1470 1578 1717 1633 videlicet

138 1699 306 1739 onera
339 1683 393 1736 in
422 1681 654 1736 Sabbato
686 1677 904 1748 portari,
959 1674 1296 1728 manifestum
1333 1679 1438 1726 est.
1469 1670 1635 1723 Solvit
1662 1677 1716 1722 et

139 1772 521 1840 ScenOpeiam,
553 1768 763 1839 quando
787 1766 990 1820 dicebat
1015 1783 1028 1818 :
1055 1763 1174 1817 Non
1198 1762 1468 1815 ascendam
1490 1758 1557 1810 ad
1582 1759 1714 1810 diem

142 1869 330 1935 festum
357 1864 526 1923 litmc;
555 1874 618 1912 ac
647 1858 691 1911 si
719 1856 978 1919 dixisset,
1013 1855 1063 1907 in
1090 1850 1194 1906 hac
1223 1851 1380 1918 hujus
1411 1845 1716 1902 festivitatis

142 1953 488 2010 observantia
522 1951 738 2004 honoris
766 1948 868 2002 mei
893 1946 1062 2016 gloria
1087 1959 1194 1998 non
1221 1939 1490 1995 ascendet.

212 2048 270 2102 3.
315 2047 395 2100 De
440 2042 640 2098 Pascha
679 2047 857 2096 autem
897 2047 1144 2105 tanquam
1186 2033 1416 2088 maximo
1507 2028 1718 2100 1116

153 2145 497 2193 sacramento
517 2132 700 2186 salutis
719 2136 934 2192 nostrae,
957 2126 1115 2196 paulo
1143 2125 1298 2178 latius
1324 2120 1523 2188 aliquid
1552 2120 1720 2171 dictu-

151 2242 263 2289 rus,
291 2225 456 2279 etiam
477 2223 519 2275 si
543 2235 647 2274 non
669 2228 751 2273 est
771 2217 926 2285 hujus
947 2213 1200 2283 temporis
1220 2220 1409 2266 cuncta
1429 2209 1716 2268 disserere,

149 2317 305 2384 prius
329 2311 619 2368 OSIendere
657 2309 799 2370 volo,
827 2307 1014 2376 quibus
1034 2345 1048 2368 ,
1075 2303 1160 2358 vel
1188 2302 1401 2371 quantis
1427 2297 1722 2354 rationibus

149 2405 316 2476 phase
348 2403 556 2456 Domini
583 2399 837 2456 custodiri
868 2395 1186 2465 prmcipitur.
1218 2391 1404 2447 Mense
1433 2386 1718 2459 primo,X.

151 2496 237 2550 die
263 2493 471 2548 mensis
491 2506 654 2560 agnus
679 2487 957 2542 anniculus
981 2483 1346 2538 immaculatus
1361 2479 1646 2549 segregari,
1666 2486 1722 2531 et

150 2585 353 2639 servari
389 2596 556 2650 usque
579 2579 642 2633 ad
672 2578 814 2633 XIII.
845 2587 900 2632 et
929 2574 1073 2630 XIV.
1100 2590 1129 2626 a
1165 2573 1389 2628 Domino
1418 2571 1722 2640 praccipitur

152 2690 244 2742 per
282 2673 505 2742 Moyan
535 2669 704 2723 occidi
753 2668 820 2722 ab
845 2668 1092 2720 universo
1116 2675 1258 2720 εωιιι
1290 2665 1524 2716 ﬁliorum
1557 2660 1719 2714 Israel

152 2764 216 2820 ad
255 2777 564 2833 vesperum.
618 2758 760 2828 Quas
803 2758 1039 2812 rationes
1085 2757 1200 2825 ipse
1261 2754 1517 2808 Dominus
1561 2767 1720 2806 verus

153 2869 321 2922 agitus
350 2868 473 2908 cum
500 2852 566 2905 ad
613 2864 891 2918 vesperum
930 2847 1131 2902 Pascha
1161 2844 1490 2914 progreditur
1513 2842 1717 2910 aliquas

158 2957 477 3012 permanere
502 2941 688 2994 volens
716 2937 1020 3002 custodivit,
1048 2936 1248 3004 aliquas
1277 2949 1381 2990 non
1410 2932 1607 2987 servari
1629 2945 1724 2984 cu-

156 3035 328 3102 piens.
353 3029 718 3093 commutavit.
754 3026 857 3093 Qui
883 3041 1004 3080 cum
1036 3026 1084 3078 in
1119 3026 1288 3093 primo
1318 3037 1498 3077 mense
1528 3036 1722 3075 secun-

155 3125 281 3177 dum
346 3129 670 3191 prteceptum
717 3117 846 3185 legis
901 3114 1164 3168 immolari
1215 3113 1460 3181 dignatus
1506 3118 1622 3173 est,
1671 3118 1726 3164 et

160 3211 296 3267 XIII.
333 3211 481 3264 nullo
513 3208 671 3262 modo
701 3206 997 3274 praevenire
1023 3219 1135 3256 sua:
1177 3201 1440 3270 passionis
1485 3209 1721 3266 tempora

160 3303 424 3370 permisit.
454 3300 638 3368 Aliqua
666 3307 841 3350 tamen
867 3302 1050 3348 contra
1079 3293 1298 3361 ﬁguram
1323 3289 1514 3345 fecisse
1544 3296 1726 3343 narrat

163 3391 536 3459 Evangelittm,
565 3388 684 3456 quia
712 3401 830 3439 cum
857 3401 888 3438 a
916 3383 1047 3438 Juda
1081 3381 1379 3436 traderetur
1405 3380 1620 3443 Jud:cis,
1650 3379 1722 3450 (ὁ)

161 3483 252 3537 XI.
285 3483 374 3536 die
403 3479 600 3533 mensis
628 3478 778 3544 primi
811 3485 990 3531 tentus
1015 3484 1116 3528 est.
1165 3473 1230 3526 Et
1257 3487 1376 3526 cum
1405 3471 1484 3524 sui
1530 3485 1725 3538 corpo-

163 3575 232 3626 ris
281 3581 338 3625 et
379 3569 651 3639 sanguinis
683 3573 1012 3620 sacramenta
1041 3561 1169 3617 dare
1198 3563 1249 3615 in
1277 3577 1370 3616 sua
1395 3562 1500 3614 vita
1522 3602 1535 3622 ,
1564 3569 1619 3614 et
1642 3561 1724 3613 di-

163 3663 382 3730 scipulis
429 3661 540 3712 suis
589 3659 838 3727 dignatus
888 3655 1082 3718 fuerit,
1135 3655 1236 3705 hoc
1280 3661 1462 3706 contra
1506 3651 1724 3719 ﬁguram

164 3751 354 3804 fecisse
404 3756 747 3803 monstratur.
801 3744 934 3798 Cum
979 3743 1068 3796 ille
1108 3755 1274 3810 agnus
1314 3737 1470 3809 igitur
1513 3739 1564 3792 in
1605 3750 1728 3808 typo

163 3840 357 3896 Christi
411 3839 615 3893 Pascha
659 3835 830 3891 occidi
880 3834 1185 3903 praccipitur
1231 3840 1439 3885 assatus
1469 3829 1574 3899 igni
1605 3845 1725 3882 cum

163 3932 337 4000 capite
384 3939 439 3981 ct
481 3927 736 3994 pedibus,
763 3934 817 3976 et
842 3924 1112 3976 interanea
1160 3929 1277 3988 post
1327 3934 1474 3970 suam
1504 3919 1728 3970 occisio-

165 4035 284 4073 nem
335 4014 575 4071 consumi
616 4028 645 4066 a
691 4013 883 4080 popqu
922 4013 1280 4062 mandaretur.
1311 4007 1420 4060 lloc
1449 4014 1644 4068 autem,
1675 4014 1731 4058 ut

170 4109 295 4162 mihi
328 4106 560 4169 videtur,
585 4113 800 4173 propter
821 4101 950 4154 duas
976 4098 1317 4151 rationabiles
1343 4111 1530 4151 causas
1555 4095 1730 4149 Domi-

170 4213 269 4251 nus
298 4195 495 4250 fecisse
525 4190 880 4260 cognoscitur,
911 4202 978 4241 ne
1016 4201 1137 4240 cum
1180 4185 1380 4238 Pascha
1419 4200 1538 4238 cum
1567 4183 1729 4237 disci-

174 4289 307 4356 pulis
357 4284 723 4345 manducaret,
755 4279 854 4332 nisi
898 4285 1080 4346 postea
1129 4273 1446 4328 sacrificium
1492 4287 1731 4325 commu-

175 4389 353 4444 tasset,
381 4377 596 4432 dicens:
629 4371 741 4425 Hoc
769 4379 840 4423 est
864 4383 1046 4438 corpus
1070 4381 1230 4418 meum
1258 4363 1467 4436 (Matth.
1495 4362 1586 4416 26.
1611 4361 1726 4431 26);

178 4468 250 4522 sic
275 4467 434 4521 etiam
467 4470 646 4532 postea
676 4458 946 4514 observari
991 4456 1188 4510 debere
1225 4453 1556 4508 crederetur.
1605 4452 1729 4507 Ilaec

179 4569 347 4612 autem
378 4557 566 4618 altera,
593 4563 650 4606 ut
673 4551 882 4620 opinor,
906 4562 1086 4613 causa,
1111 4554 1168 4600 ut
1193 4559 1387 4614 corpus
1418 4543 1624 4597 Domini
1651 4543 1731 4596 in-

180 4657 372 4718 tegrum
398 4657 453 4704 et
482 4661 634 4700 suum
663 4642 968 4712 sanguinem
995 4640 1048 4693 in
1076 4653 1135 4693 se
1163 4639 1442 4692 continens
1465 4646 1589 4690 ante
1614 4649 1733 4703 pas-

183 4741 378 4793 sionem
421 4743 737 4799 cernerent,
779 4734 880 4786 hoc
921 4743 1145 4798 corpore
1190 4727 1538 4796 spiritualiter
1582 4723 1731 4778 relici

183 4831 475 4890 crederent,
498 4837 552 4882 et
576 4827 653 4880 sic
679 4825 838 4880 etiam
867 4837 1006 4876 nunc
1031 4836 1060 4872 a
1092 4819 1245 4873 nobis
1265 4819 1411 4874 credi
1435 4818 1645 4872 debeat.
1672 4817 1736 4870 Et

187 4917 280 4972 hoc
302 4923 458 4973 etiam
484 4917 680 4972 intueri
708 4914 988 4986 debemus,
1015 4910 1152 4979 quod
1185 4923 1287 4962 non
1318 4909 1370 4962 in
1394 4907 1537 4962 XIV.
1560 4908 1645 4961 die
1669 4908 1734 4962 ad

183 5023 474 5078 vestierum,
517 5018 575 5062 ιιι
604 5008 687 5062 lex
715 5003 987 5075 praecipit,
1017 5001 1106 5055 ille
1128 5015 1289 5070 agnus
1334 4997 1431 5051 Dei
1449 5038 1464 5063 ,
1493 4999 1578 5065 qui
1607 4997 1735 5051 tollit

187 5113 376 5167 peccata
405 5100 599 5162 mundi,
632 5106 686 5152 et
717 5095 914 5149 Pascha
941 5101 1166 5147 nostrum
1185 5089 1472 5143 immolatus
1497 5099 1568 5141 est
1591 5088 1739 5141 Chri-

189 5199 284 5242 stus
310 5189 382 5262 (2.
406 5189 525 5244 Cor.
549 5187 637 5260 5);
667 5185 760 5241 sed
787 5182 1053 5246 XV.'die,
1076 5182 1129 5234 in
1163 5194 1268 5250 quo
1293 5177 1628 5234 manifestum
1658 5187 1741 5231 est

247 5382 315 5445 (a)
349 5379 548 5445 supple,
574 5389 672 5431 Non
695 5375 931 5445 accipiam
955 5376 1016 5429 de
1048 5374 1189 5426 domo
1210 5379 1292 5424 tua
1312 5371 1477 5424 vitulos
1493 5408 1508 5434 ,
1532 5380 1642 5434 qua:
1664 5369 1740 5421 fe-

185 5443 359 5491 stinans
381 5443 602 5492 librarius
621 5443 794 5490 omisit.
1018 5477 1020 5480 μ

193 5561 202 5572 ,
248 5503 316 5612 &b)
349 5505 430 5552 Sic
467 5505 510 5550 in
535 5503 833 5564 apographo,
859 5498 986 5562 quod
1018 5496 1244 5548 emendat
1282 5496 1521 5560 posterior
1543 5505 1739 5551 manus,

193 5575 234 5612 m
301 5600 312 5611 .
338 5564 554 5611 Auctoris
591 5563 988 5611 ballueinationes
1023 5559 1147 5607 haud
1185 5571 1303 5606 sane
1328 5555 1467 5606 ieves
1506 5567 1568 5603 ex
1601 5560 1739 5603 vete-

188 5561 234 5612 in
255 5555 312 5612 Χῖ
338 5555 988 5611 Auctoris'halucinationes
1023 5559 1147 5607 haud
1185 5555 1303 5606 sane
1328 5555 1467 5606 ieves
1506 5567 1568 5603 ex
1601 5560 1741 5603 vete-

191 5636 308 5733 ruml
336 5623 530 5672 Patrum
572 5623 759 5683 scriptis
800 5622 1012 5670 studioso
1056 5620 1224 5668 lectori
1268 5618 1556 5680 reliquimus
1599 5615 1740 5665 casti-

191 5698 293 5733 tiam
311 5698 378 5733 as.

191 5698 378 5742 8300113.

537 5766 598 5826 S.
645 5765 1007 5827 throxvm
1051 5763 1099 5824 Ι.

1451 298 1773 360 EPISTULA
1813 293 2041 354 CXLIX.

3239 296 3371 356 £29.!

1807 407 1944 462 diem
1975 408 2162 464 festum
2187 408 2486 467 Iudaeorum
2509 422 2627 464 cum
2656 422 2753 463 suo
2775 407 3034 464 sacriﬁcio
3076 424 3106 463 a
3149 410 3374 466 Domino

1808 512 1927 552 esse
1954 498 2204 554 solutum.
2242 498 2348 554 Sed
2372 499 2497 569 quid
2525 499 2578 553 in
2610 497 2712 553 hoc
2739 498 3029 567 intelligere
3071 499 3324 554 debemus
3347 543 3363 565 ,

1808 586 1948 656 quod
1979 589 2121 657 prius
2151 591 2338 659 ﬁgurat
2364 589 2483 658 agni
2509 603 2700 643 carnes
2726 588 3010 643 comedere
3030 629 3044 651 ,
3089 598 3143 643 et
3183 600 3367 660 postea

1810 679 1890 730 sui
1933 680 2168 747 corporis
2214 681 2334 734 cibo
2367 688 2577 734 nostros
2602 680 2887 749 Apostolos
2915 680 3116 742 reﬁcit,
3149 689 3200 732 et
3253 679 3393 749 post

1810 765 2114 821 Judaeorum
2160 769 2389 837 typicum
2434 767 2632 822 Pascha
2664 769 2964 822 immolatus
2987 776 3069 823 cst
3095 768 3372 823 Christus?

1813 856 1924 911 Hoc
1949 897 1964 922 ,
1993 866 2052 911 ut
2075 859 2284 926 opinor,
2313 874 2418 912 non
2448 867 2504 911 ut
2529 858 2723 911 veritas
2755 857 2976 927 ﬁguram
3003 874 3018 920 ;
3066 857 3159 912 sed
3208 857 3373 926 ﬁgura

1813 947 2085 1000 veritatem
2115 946 2463 1015 praecederet,
2492 947 2612 1016 quia
2641 960 2744 1000 non
2772 946 2922 1016 prius
2949 945 3087 1015 quod
3115 947 3370 1014 spiritale,

1811 1034 1904 1087 sed
1950 1034 2090 1104 quod
2132 1019 2399 1100 animale,
2431 1035 2624 1089 deinde
2653 1036 2793 1105 quod
2838 1033 2912 1104 (c)
2955 1035 3192 1104 spiritale
3235 1035 3374 1090 unde

1813 1125 2072 1190 electa,et
2093 1127 2261 1180 amica
2339 1126 2542 1198 1117
2615 1140 2808 1195 sponsa
2846 1123 3041 1179 Christi
3063 1124 3376 1182 universalis

1815 1214 2047 1268 Ecclesia
2084 1215 2502 1269 anathematizat
2526 1228 2619 1269 eos
2643 1214 2733 1284 qui
2762 1229 2881 1268 eum
2908 1213 3107 1268 Iudaeis
3137 1213 3190 1266 in
3222 1211 3372 1267 festi-

1814 1304 1974 1357 vitate
2013 1303 2248 1372 paschali
2276 1303 2414 1358 XIV.
2447 1303 2702 1358 celebrari
2731 1303 3012 1369 deﬁniunt,
3039 1313 3095 1358 et
3123 1303 3372 1366 Sabbata,

1813 1401 1868 1445 et
1894 1403 2084 1446 etetera
2111 1392 2268 1461 hujus
2290 1393 2541 1448 umbralis
2565 1393 2935 1457 observantitc,
2959 1401 3016 1448 et
3040 1393 3141 1447 hoc
3172 1402 3374 1448 tantum

1813 1481 2096 1536 observare
2141 1481 2384 1550 dignatus
2427 1490 2512 1537 est
2550 1481 2693 1551 quod
2737 1483 2992 1536 Dominus
3035 1491 3092 1537 ut
3122 1483 3174 1538 in
3206 1484 3379 1553 primo

1816 1585 1996 1626 mense
2027 1580 2144 1638 post
2169 1571 2307 1626 XIV.
2335 1572 2475 1626 diem
2518 1572 2824 1643 pasehalem
2871 1573 3206 1630 festivitatem
3238 1591 3377 1645 prte-

1815 1662 2038 1716 cedente
2077 1678 2178 1716 una
2216 1664 2564 1718 Sabbatorum
2593 1665 2850 1720 celebrari
2902 1667 3019 1722 sine
3059 1669 3164 1722 ulla
3209 1671 3379 1725 ambi-

1814 1752 2012 1819 guitate
2046 1753 2353 1818 censuerit,
2385 1753 2508 1808 licet
2546 1754 2599 1806 in
2629 1753 2730 1808 hoc
2755 1755 2952 1809 veritas
2977 1756 3234 1810 Ecclesia:
3263 1767 3377 1811 orta

1817 1849 1898 1892 est
1921 1857 1934 1892 :
1958 1841 2079 1893 aliis
2107 1840 2355 1894 sufﬁcere
2379 1842 2742 1908 credentibus,
2775 1852 2831 1896 ut
2868 1859 2973 1897 non
3004 1845 3054 1896 iu
3085 1844 3226 1899 XIV.
3257 1860 3379 1901 cum

1816 1927 2014 2009 Iudaeis
2039 1929 2242 1984 Pascha
2271 1930 2623 1997 celebrarent,
2651 1930 2739 1985 alii
2771 1931 2872 1986 hoc
2894 1930 3102 1986 fortiter
3121 1942 3381 2002 cauteque

1819 2017 2138 2083 custodiant,
2166 2027 2220 2071 ut
2251 2019 2668 2073 immolationem
2694 2019 2804 2074 veri
2829 2022 2950 2089 agni
2985 2021 3100 2088 Dei,
3128 2023 3216 2092 qui
3247 2023 3384 2078 tollit

1823 2118 2035 2176 peccata
2076 2108 2258 2160 mundi
2298 2117 2422 2162 ante
2446 2108 2583 2162 XIV.
2608 2108 2879 2163 celebrare
2906 2125 3012 2164 non
3041 2111 3274 2166 audeant
3297 2129 3383 2166 se-

1820 2197 2050 2252 cundum
2075 2197 2203 2251 illud
2231 2198 2399 2268 legale
2423 2207 2769 2267 prmceptum,
2796 2199 2934 2268 quod
2957 2208 3009 2253 et
3037 2201 3289 2255 Dominus
3314 2203 3381 2254 ad

1824 2291 2120 2358 passionem
2166 2290 2386 2343 veniens
2427 2289 2645 2343 minime
2688 2291 3025 2358 contempsit,
3056 2290 3380 2344 observabili:
3416 2334 3440 2341 _

1821 2394 1935 2432 eum
1961 2395 2114 2446 usque
2138 2378 2204 2430 ad
2228 2377 2369 2431 XIV
2399 2377 2589 2449 (Exod.
2615 2379 2700 2432 I5.
2729 2379 2784 2450 6)
2807 2396 2819 2442 ;
2852 2394 2969 2448 (μιὶῐὲ
2994 2394 3132 2432 nunc
3159 2380 3385 2434 maxime

1825 2471 2060 2525 Ecclesia
2099 2469 2466 2524 auctoritatem
2498 2467 2653 2523 Sedis
2679 2469 3000 2537 Apostolica:
3027 2483 3255 2538 sequens
3285 2470 3382 2523 ob-

1823 2571 2020 2617 servat.
2047 2561 2150 2617 Sed
2178 2561 2294 2615 lucc
2319 2555 2650 2622 deserentes.
2672 2560 2792 2629 quia
2821 2575 2923 2613 non
2954 2569 3033 2614 est
3062 2561 3219 2628 hujus
3247 2570 3382 2614 tem-

1824 2655 1966 2722 poris
1995 2669 2087 2722 per
2110 2652 2312 2721 singula
2333 2650 2546 2715 discuti,
2573 2649 2638 2704 ad
2663 2650 2952 2719 Spiritalem
2980 2649 3378 2719 intelligentiam

1825 2744 2019 2796 mentis
2037 2741 2205 2795 aciem
2227 2749 2635 2800 commutemus,
2659 2737 2852 2808 quibus
2876 2739 3182 2805 prwcipitur
3202 2752 3385 2792 mense

1825 2848 2079 2887 novorum
2105 2830 2245 2885 XIV.
2270 2831 2355 2885 die
2392 2828 2592 2882 mensis
2646 2827 2912 2897 paschalis
2934 2829 3052 2897 agni
3080 2843 3267 2882 carnes
3295 2843 3386 2882 co-

1829 2922 2075 2984 medere,
2105 2931 2160 2974 ut
2187 2919 2338 2974 nobis
2364 2917 2706 2972 nascentibus
2751 2917 2819 2971 ob
2862 2916 3118 2972 bonorum
3161 2933 3382 2987 Operum

1829 3012 2048 3077 fructus,
2072 3026 2190 3064 cum
2218 3010 2463 3080 Decalogi
2481 3024 2508 3061 a
2537 3009 2686 3063 nobis
2709 3008 2867 3063 verba
2885 3007 3146 3078 completa
3169 3009 3380 3074 fuerint,

1829 3103 1880 3154 in
1909 3099 2182 3170 Evangelii
2211 3099 2531 3167 perfectione
2556 3107 2816 3166 quaterno
2843 3112 3064 3152 numero
3089 3099 3383 3154 consisten-

1830 3201 1906 3246 tes
1929 3204 2116 3244 carnes
2141 3189 2306 3242 n05tri
2334 3188 2451 3255 agni
2480 3188 2530 3240 in
2575 3202 2795 3258 vespere
2823 3185 3025 3250 mundi,
3051 3187 3101 3239 in
3130 3202 3237 3256 quo
3268 3187 3386 3241 ﬁnis

1829 3281 2141 3334 szcculorum
2189 3277 2462 3347 pervenit,
2495 3290 2598 3329 non
2634 3276 2922 3329 tenebratis
2948 3276 3199 3329 cordibus
3221 3316 3234 3340 ,
3265 3277 3384 3346 Spi-

1826 3373 1928 3425 ritu
1955 3371 2150 3425 Sancto
2171 3376 2378 3422 noctem
2405 3376 2636 3420 nostram
2655 3364 3000 3426 illuminante,
3023 3366 3382 3420 comcdamus.

1897 3463 1951 3516 4.
1999 3462 2072 3515 De
2100 3446 2330 3514 sabbato
2349 3498 2364 3523 ,
2392 3469 2446 3512 et
2472 3455 2559 3510 Vl.
2591 3455 2775 3510 diebus
2803 3455 3010 3523 Operari
3041 3456 3344 3528 prmcipitur
3371 3474 3386 3519 ;

1832 3553 1884 3606 in
1909 3551 2024 3605 VII.
2053 3559 2232 3603 autem
2261 3547 2362 3601 hoc
2390 3554 2472 3600 est
2497 3544 2728 3600 Sabbato
2748 3586 2760 3608 ,
2805 3544 2872 3597 ab
2913 3545 3056 3598 omni
3083 3559 3244 3613 opere
3270 3561 3389 3598 ser—

1831 3644 1919 3697 vili
1952 3641 2310 3711 prohibemur.
2349 3637 2452 3694 Per
2478 3635 2745 3691 senarium
2771 3624 2956 3689 autem.
2977 3651 3251 3690 numerum
3277 3651 3392 3704 per-

1831 3731 1990 3788 fectio
2016 3747 2238 3800 Operum
2269 3729 2595 3798 designatur,
2629 3728 2749 3795 quia
2781 3726 2867 3779 Vl.
2899 3726 3086 3780 diebus
3131 3727 3252 3779 fecit
3291 3728 3392 3780 Do-

1832 3824 2006 3876 minus
2041 3821 2237 3874 cmlum
2285 3829 2340 3871 et
2383 3827 2602 3871 terram.
2642 3815 2697 3867 ln
2744 3812 2973 3867 Sabbato
3014 3823 3189 3867 autem
3231 3829 3392 3869 omne

1831 3925 1964 3979 Opus
1988 3909 2198 3970 servile,
2232 3906 2334 3959 hoc
2357 3915 2438 3958 est
2465 3911 2764 3973 peccatum,
2793 3902 2997 3970 Operari
3024 3902 3391 3971 prohibemur,

1831 4000 1951 4067 quia
1968 3998 2054 4066 qui
2072 3997 2191 4067 facit
2213 4003 2489 4064 peccatum,
2511 4008 2684 4046 servus
2704 4002 2773 4044 est
2793 3992 2980 4060 peccati
3000 3992 3179 4060 (Joan.
3201 3993 3254 4047 8.
3280 3995 3391 4064 54),

1833 4097 1892 4142 ut
1941 4103 2061 4140 cum
2120 4086 2172 4138 in
2221 4083 2465 4152 prmscnti
2513 4081 2706 4136 saeculo
2753 4082 3128 4150 perfectionem
3171 4099 3393 4153 operum

1834 4172 2276 4246 compleverimus
2297 4212 2313 4240 ,
2349 4188 2452 4226 non
2481 4171 2802 4226 obdurantes
2827 4171 2986 4226 corda
3012 4183 3190 4226 nostra
3221 4176 3272 4227 in
3300 4191 3393 4228 ve-

1833 4283 1946 4322 ram
1977 4265 2212 4335 requiem
2239 4305 2254 4331 ,
2282 4279 2401 4332 qua:
2426 4260 2826 4316 contumacibus
2850 4263 3106 4331 denegata
3135 4276 3236 4326 εει,
3269 4280 3392 4332 pcr-

1833 4356 2015 4409 vcnire
2035 4367 2334 4408 mereamur
2353 4353 2575 4406 Domino
2594 4365 2687 4420 per
2707 4351 2865 4404 David
2893 4349 3100 4406 dicente
3122 4370 3134 4404 :
3157 4351 3218 4406 Si
3233 4353 3395 4407 intra-

1833 4447 1952 4499 bunt
1978 4447 2030 4498 in
2058 4441 2276 4514 requiem
2303 4459 2461 4496 meam
2485 4439 2602 4513 (Ps.
2629 4441 2713 4496 £9.
2735 4442 2846 4512 II).
2873 4442 2944 4495 De
2965 4442 3398 4512 quinquagesimo

1835 4536 1902 4589 ab
1924 4535 2094 4589 altero
2140 4534 2226 4589 die
2263 4530 2481 4588 Sabbati
2526 4531 2637 4586 VII.
2677 4529 3033 4586 hebdomadas
3069 4529 3253 4600 plenas
3295 4546 3395 4584 nu.

1836 4641 2044 4680 mcrare
2070 4626 2223 4679 nobis
2275 4625 2390 4695 lege
2415 4625 2716 4694 praccipitur
2738 4638 2901 4692 usque
2923 4637 2946 4674 τ
2961 4620 2988 4675 d
3010 4623 3227 4677 alteram
3251 4621 3394 4676 diem

1837 4717 2156 4786 expletionis
2209 4715 2550 4770 hebdomade:
2575 4711 2686 4768 VII.
2716 4710 2764 4765 id
2794 4719 2877 4765 est
2903 4711 3396 4782 quinquagesimum

1837 4806 1977 4861 dicm
2020 4807 2074 4860 in
2104 4820 2209 4874 quo
2238 4804 2485 4874 primitiae
2520 4801 2829 4864 offeruntur,
2859 4816 2977 4868 qua:
3029 4800 3400 4855 denumeratio

1839 4895 2178 4964 perfectionis
2201 4893 2352 4960 plena
2377 4905 2469 4959 per
2485 4891 2838 4958 septenarium
2871 4904 3144 4943 numerum
3173 4899 3224 4943 et
3248 4893 3402 4957 quin-

1839 4984 2124 5052 quedecies
2153 4991 2204 5034 et
2230 4977 2298 5033 X.
2328 4979 2606 5048 quinquies
2638 4979 2686 5031 in
2718 4977 2818 5030 hoc
2848 4976 3144 5045 signiﬁcare
3169 4989 3320 5045 puto,
3344 4989 3402 5030 ut

1841 5087 1937 5143 per
2013 5070 2221 5142 1118
2293 5067 2817 5137 quinquagenarium,
2838 5066 2926 5135 qui
2953 5066 3318 5118 remissionem
3351 5066 3400 5118 in

1843 5179 1902 5216 se
1935 5164 2193 5224 continet,
2238 5173 2332 5227 per
2371 5158 2644 5211 caritatem
2669 5195 2683 5220 ,
2715 5171 2833 5223 qua:
2871 5155 3165 5224 septiformi
3206 5156 3395 5224 spiritu

1845 5253 2028 5323 gratia:
2055 5249 2463 5318 superveniente
2490 5245 2676 5300 diffusa
2706 5255 2787 5299 est
2826 5245 2876 5297 in
2905 5245 3155 5298 cordibus
3182 5245 3400 5308 nostris,

1845 5354 1900 5396 et
1926 5343 2159 5413 quinque
2189 5339 2355 5392 nostri
2383 5337 2620 5403 corporis
2648 5349 2835 5389 sensus
2865 5333 2965 5403 legi
3022 5334 3114 5387 Dei
3169 5334 3408 5387 subditos

1847 5437 2156 5491 habeamus.
2184 5430 2314 5497 Quae
2340 5429 2498 5483 verba
2527 5427 2842 5495 Decalogmn
2874 5427 2926 5480 in
2969 5440 3026 5479 se
3047 5425 3325 5479 continent
3351 5436 3407 5480 et

1908 5672 1974 5738 (ε)
2011 5669 2100 5720 his.
2125 5677 2382 5732 perperam
2411 5663 2625 5714 «deinde
2644 5663 2769 5725 quod
2795 5661 3019 5722 animale,
3036 5673 3160 5711 uxor
3184 5659 3359 5712 electa.
3379 5677 3400 5704 ι

2572 5747 2819 5826 {Trente
2858 5745 3054 5823 neuf.)
