3852 6216
1426 851 1652 936 ΤΟΥ
1723 853 2327 945 ΠΑΜΦΙΛΟΥ

697 1033 1881 1177 ΕΥΑΓΓΕΛΙΚΗΣ
1964 1045 3052 1194 ΑΠΟΔΕΙΞΕΩΣ

1378 1282 1893 1402 ΒΙΒΛΙΑ
1962 1295 2370 1408 ΔΕΚΑ

853 1666 1713 1854 EUSEBII
1821 1529 2885 1863 i’AMPHILI

437 1987 639 2114 DE
741 1991 2180 2202 DEMONSTBATIONE
2282 2004 3298 2140 EVANGELICA

1396 2254 1781 2372 LIBRI
1865 2260 2342 2374 DECEM
3059 2245 3064 2251 ’

1021 2472 1460 2530 ιΝΤΕΒΡΒΕΤΕ
1496 2473 1940 2532 BERNARDI‘NO
1975 2475 2278 2546 DONATO,
2307 2479 2717 2539 VERONENSI.

298 2629 404 2696 (Ex
435 2631 562 2682 edit.
583 2631 742 2682 Paris.
766 2630 904 2686 1628.
923 2629 1106 2706 Colon.
1134 2629 1316 2706 (Lipst‘).
1336 2629 1487 2706 tces;
1516 2629 1675 2706 Oxon.
1715 2629 1852 2706 1.832.
1883 2657 1942 2700 -_—
1965 2632 2168 2683 Accedit
2190 2633 2592 2706 supplementum
2613 2651 2640 2686 a
2663 2637 2721 2706 J_._
2753 2637 2811 2687 Α.
2839 2637 3066 2706 Fabricio
3101 2643 3382 2706 evulgatum

875 2691 1165 2754 prooemium
1209 2691 1404 2744 scilicet
1441 2701 1496 2743 et
1536 2695 1691 2756 capita
1735 2691 1803 2742 ill
1847 2691 2028 2756 priora,
2064 2708 2173 2744 cum
2216 2691 2374 2758 ipsius
2414 2699 2581 2760 operis
2624 2701 2866 2765 epilogo.)

1020 2927 1608 3020 EPISTOLA
1699 2932 1768 3020 Ν
1796 2932 2699 3027 UNCUPATORIA.

1605 3121 1719 3184 (Ed.
1759 3121 1916 3173 Paris.
1949 3121 2113 3184 1628.)

287 3295 670 3353 Illustrissimo
692 3316 754 3352 ac
780 3299 1108 3370 integerrimo
1133 3299 1242 3352 viro
1267 3297 1479 3351 domino
1511 3294 1580 3350 D.
1607 3295 2001 3368 Hacquevilleo,
2026 3300 2387 3370 augustissimi
2405 3298 2702 3354 Galliarum
2731 3311 2942 3355 senatus
2965 3301 3136 3369 prima
3165 3300 3393 3355 Prwsidi
3419 3301 3479 3355 S.

283 3388 432 3445 Bene
461 3405 524 3445 ac
553 3391 782 3444 feliciter
810 3393 965 3445 nobis
995 3390 1371 3460 universaque
1396 3389 1581 3445 Gallia:
1609 3391 1844 3446 cessisse
1879 3408 2072 3448 omnes
2099 3393 2568 3457 existimaverunt,
2600 3392 2970 3448 illustrissime
3001 3392 3230 3458 Prmses,
3265 3409 3387 3448 cum
3409 3395 3472 3451 at

207 3497 443 3539 excessu
481 3483 806 3552 amplissimi
838 3493 1061 3538 senatus
1080 3484 1372 3554 principis,
1408 3483 1581 3552 patria
1607 3483 1971 3546 diuturniore,
2008 3498 2168 3552 quam
2201 3491 2579 3546 consueverat,
2616 3493 2854 3552 tempore
2887 3492 3255 3549 consternata,
3291 3483 3473 3538 διώξω

209 3572 421 3628 luctum
470 3590 533 3628 ae
577 3573 909 3628 desiderium
943 3574 1078 3627 tanti
1105 3572 1362 3628 Praasitlis
1389 3581 1481 3626 tua
1537 3574 1593 3626 in
1630 3573 1802 3643 ipsius
1834 3571 2013 3626 locum
2073 3577 2414 3643 promotione
2460 3574 2730 3644 deposuit.
2771 3573 2848 3628 Ex
2875 3590 2983 3645 quo
3011 3590 3188 3629 rerum
3223 3575 3470 3628 omnium

211 3669 549 3734 agendarum
582 3675 828 3735 tempora
867 3665 948 3719 sic
983 3665 1301 3728 illuxerunt,
1335 3673 1482 3717 tanta
1535 3665 1588 3718 in
1635 3665 1846 3719 animos
1874 3664 2119 3720 omnium
2152 3665 2372 3734 irrepsit
2398 3665 2604 3726 hetitia,
2656 3673 2713 3719 ut
2742 3666 2831 3719 vix
2883 3666 3027 3720 aliud
3055 3667 3294 3736 optatius
3319 3668 3465 3736 quod

209 3759 439 3817 vellent,
479 3764 574 3808 aut
607 3757 752 3826 quod
799 3755 1060 3824 pristinas
1103 3753 1456 3824 aegritudines
1499 3770 1566 3810 ex
1599 3755 1805 3808 recenti
1837 3755 2050 3824 jactura
2091 3764 2384 3825 conceptas
2417 3756 2788 3810 vehementius
2821 3757 3096 3821 allevaret,
3157 3757 3471 3828 contingere

211 3854 459 3918 potuisse
482 3851 788 3904 crederent.
817 3848 993 3919 thue
1024 3850 1335 3918 reipublicae
1360 3850 1522 3904 rebus
1545 3850 1818 3918 quondam
1843 3851 2172 3918 perturbatis
2190 3849 2626 3904 animadversum
2656 3860 2772 3917 est,
2793 3859 2913 3920 post
2931 3851 3271 3907 Cannensem
3311 3851 3461 3906 illam

213 3945 426 3996 cladem
453 3945 697 3999 secundo
719 3943 956 3999 Marcelli
988 3945 1054 3998 ad
1079 3943 1268 3997 Nolam
1296 3944 1502 4014 praelia,
1529 3955 1787 4014 populum
1818 3943 2119 3999 Romanum
2146 3947 2381 4015 primum
2403 3946 2557 4016 erigi,
2591 3961 2654 4000 ac
2677 3946 2935 4016 deinceps
2962 3947 3029 4000 ad
3059 3955 3274 4016 optatos
3294 3949 3469 4002 exitus

205 4039 423 4093 amante
449 4039 667 4093 fortuna
694 4039 912 4108 provehi
943 4039 1175 4107 cccpisse
1203 4060 1217 4090 ;
1243 4038 1322 4092 sic
1354 4046 1477 4108 post
1503 4039 1666 4092 unius
1690 4038 1787 4091 viri
1818 4039 2007 4093 amissi
2028 4039 2415 4101 calamitatem,
2445 4039 2604 4094 simul
2637 4047 2800 4110 atque
2823 4041 2889 4094 ad
2923 4041 3288 4110 augustiorem
3322 4041 3469 4094 illam

204 4131 624 4200 principemque
651 4137 874 4182 senatus
903 4127 1245 4198 dignitatem,
1273 4143 1379 4180 non
1420 4127 1764 4192 favitoribus,
1799 4134 1858 4179 ut
1884 4130 1961 4181 ait
1985 4129 2263 4193 Comicus,
2295 4128 2391 4183 sed
2421 4129 2620 4183 virtute
2648 4115 2939 4185 ambiendo
2968 4132 3284 4201 pervenisti,
3310 4133 3469 4203 lugu-

203 4222 322 4278 bria
346 4223 532 4278 omnia
559 4224 744 4292 procul
774 4223 1071 4284 eliminata,
1107 4231 1160 4276 et
1192 4236 1465 4291 prosperae
1499 4236 1586 4275 res
1616 4220 1812 4276 deinde
1837 4224 2119 4292 permulta:
2149 4231 2458 4278 consecutae
2485 4223 2613 4278 sint.
2656 4222 2787 4290 Quae
2825 4225 2948 4280 aliis
2979 4225 3102 4280 inde
3137 4227 3466 4282 accesserint

203 4317 516 4381 commoda,
548 4318 720 4387 magis
746 4317 881 4387 ipsis
904 4315 1104 4386 quibus
1128 4317 1218 4370 illa
1253 4320 1596 4387 contigerunt
1618 4317 1866 4384 fruenda,
1889 4334 2050 4389 quam
2076 4319 2323 4388 pluribus
2347 4319 2690 4388 praedicanda
2719 4318 3096 4389 relinquimus.
3123 4319 3320 4376 Noster
3343 4335 3466 4376 vero

211 4411 366 4474 ordo,
405 4420 598 4466 nostra
643 4411 899 4476 societas,
931 4417 986 4464 et
1015 4409 1179 4464 veluti
1226 4409 1490 4464 litteraria
1522 4411 1768 4481 quaadam
1813 4411 2098 4474 sodalitas,
2133 4412 2292 4481 quasi
2324 4427 2390 4466 ex
2434 4411 2678 4482 longiore
2708 4420 2932 4466 veterno
2957 4421 3234 4476 revocata,
3263 4416 3317 4466 in
3345 4428 3464 4467 eam

207 4519 363 4572 spem
395 4512 581 4558 erecta
611 4510 715 4566 est,
743 4511 803 4556 ut
826 4514 876 4557 te
911 4517 1128 4556 sacrum
1159 4500 1454 4557 Themidos
1488 4503 1702 4556 clavum
1744 4511 1982 4566 tenente,
2015 4504 2392 4573 bonarumque
2420 4504 2724 4558 litterarum
2760 4503 3008 4568 custode,
3031 4504 3318 4558 doctorum
3348 4519 3465 4557 om-

206 4595 358 4649 nium
394 4595 631 4659 fautore,
661 4595 942 4664 ipsiusque
971 4593 1328 4649 humanitatis
1370 4594 1593 4650 assiduo
1637 4593 1870 4659 vindice,
1904 4597 2193 4666 pristinum
2237 4597 2498 4663 vigorem,
2526 4595 2693 4650 decus
2725 4610 2788 4649 ac
2818 4594 3190 4649 celebritatem
3225 4593 3376 4648 brevi
3407 4609 3464 4648 se

202 4697 547 4756 recepturam
577 4695 893 4756 augurctur.
929 4685 1059 4752 Quae
1090 4702 1190 4741 nos
1207 4701 1273 4741 eo
1302 4702 1391 4742 res
1435 4686 1681 4750 adduxit,
1718 4695 1778 4740 ut
1806 4703 1966 4757 quem
2000 4703 2110 4758 prae
2162 4689 2414 4743 manibus
2449 4688 2713 4743 habemus
2743 4700 3020 4741 aucmrem
3049 4686 3190 4740 diem
3219 4687 3464 4747 aspicere

202 4780 523 4850 gestientem
558 4777 851 4834 Eusebium
875 4777 1142 4848 Pamphili
1177 4778 1252 4832 De
1278 4778 1724 4834 demonstratione
1751 4781 2071 4851 evangelica,
2104 4781 2206 4835 hoc
2253 4789 2337 4836 est
2367 4782 2434 4835 de
2467 4778 2589 4834 fidei
2613 4779 2942 4834 Christiana:
2963 4780 3193 4834 veritate
3224 4780 3462 4850 graviter

201 4869 584 4935 disserentem,
615 4880 709 4927 tuo
739 4873 1083 4942 potissimum
1121 4872 1326 4926 nomini
1353 4887 1698 4935 consecrare,
1723 4888 1830 4927 non
1858 4881 1968 4926 tam
2000 4888 2030 4927 e
2051 4888 2110 4926 re
2138 4880 2323 4927 nostra
2355 4887 2502 4936 esse,
2531 4885 2692 4940 quam
2718 4869 2946 4939 publica:
2975 4871 3462 4941 congratulationis

196 4961 470 5020 interesse
499 4973 836 5036 putaremus.
865 4964 996 5018 Nam
1030 4983 1152 5020 cum
1186 4967 1409 5020 humani
1440 4974 1493 5020 te
1517 4966 1659 5034 juris
1691 4975 2018 5020 assertorem
2041 4967 2368 5020 acerrimum
2409 4975 2462 5020 et
2487 4965 2644 5031 alias,
2670 4980 2818 5018 nunc
2847 4980 2976 5018 vero
3002 4965 3236 5018 maxime
3265 4963 3330 5017 ad
3360 4978 3457 5018 su-

192 5074 449 5130 premum
475 5061 641 5115 curia
682 5062 835 5130 regni
859 5059 1133 5131 fastigium
1163 5076 1258 5129 per
1278 5075 1471 5114 omnes
1511 5059 1780 5114 honorum
1811 5060 2014 5132 gradus
2037 5069 2257 5115 evectus
2289 5060 2554 5130 prmbeas,
2581 5060 2670 5114 cui
2714 5059 2933 5128 pietatis
2974 5065 3026 5112 et
3072 5059 3298 5113 sincera:
3331 5060 3460 5114 reli-

188 5155 379 5226 gionis
400 5170 533 5210 cura
562 5157 738 5227 magis
761 5157 1064 5218 incumbat,
1093 5157 1140 5212 si
1167 5171 1196 5210 a
1223 5164 1273 5210 te
1295 5155 1592 5210 abierimus
1624 5154 1855 5210 fortasse
1875 5157 2210 5225 reperiemus
2230 5156 2525 5212 neminem.
2553 5155 2644 5210 Sic
2669 5154 2936 5210 Eusebius
2959 5163 3146 5209 noster
3168 5153 3374 5225 Pamph
3387 5158 3460 5212 ilo

188 5269 295 5309 suo
326 5254 386 5308 in
428 5252 532 5307 ﬁde
567 5253 767 5308 tuenda
806 5253 946 5307 fidus
973 5252 1201 5307 adhazsit
1242 5267 1450 5318 comes,
1486 5259 1547 5304 ut
1579 5249 1845 5321 Pamphili
1877 5252 2040 5305 etiam
2085 5265 2385 5322 cognomen
2415 5252 2516 5306 sibi
2543 5251 2762 5320 adiungi
2785 5250 3034 5305 voluerit.
3059 5247 3169 5304 Nec
3192 5246 3338 5320 aliud
3376 5250 3462 5301 di-

187 5346 385 5416 δηίωιί
413 5355 519 5399 tuae
541 5360 860 5416 morumque
884 5345 1137 5402 suavitati
1164 5361 1356 5400 nomen
1383 5346 1563 5416 aptius
1592 5347 1765 5415 potuit
1782 5361 2091 5408 occurrere,
2113 5361 2275 5415 quam
2303 5346 2482 5409 istius,
2505 5345 2650 5416 quad
2674 5345 2913 5398 omnium
2942 5357 3286 5398 communem
3309 5356 3464 5396 amo'

187 5453 302 5493 rem
327 5453 395 5493 ac
422 5437 856 5493 benevolentiam
885 5439 1168 5494 l’mliearet.
1197 5437 1377 5505 Quare
1415 5437 1460 5492 si
1489 5438 1542 5492 in
1579 5445 1687 5492 tam
1719 5438 1976 5508 propensi
2009 5437 2254 5492 omnium
2286 5436 2340 5489 in
2374 5444 2427 5490 te
2455 5435 2681 5498 amoris,
2717 5444 2932 5504 tuaeque
2962 5433 3016 5487 in
3050 5447 3243 5490 omnes
3277 5431 3446 5486 chari‘

185 5529 323 5584 latis
352 5527 636 5599 publicum
661 5528 1058 5592 testimonium,
1083 5527 1424 5600 singulorum
1455 5527 1711 5581 ordinum
1739 5541 1802 5580 ac
1833 5525 2156 5582 societatum
2187 5525 2683 5607 congratulationes
2707 5524 2955 5580 certatim
2987 5523 3042 5577 in
3066 5530 3120 5576 te
3142 5521 3257 5576 fieri
3284 5534 3460 5580 nuper
3502 5585 3512 5606 ι

181 5623 446 5687 vidimus,
470 5633 760 5694 postquam
789 5623 845 5678 in
877 5624 1251 5682 excelsissimo
1279 5623 1374 5680 illo
1401 5632 1826 5694 purpuratorum
1865 5622 2086 5677 Patrum
2127 5623 2363 5677 culmine
2402 5617 2720 5688 consedisti,
2757 5620 2885 5693 quid
2915 5619 3132 5673 tandem
3156 5617 3313 5672 nobis
3333 5616 3456 5669 ani-

183 5712 263 5765 mi
293 5713 364 5771 ad
402 5712 727 5766 munuscula
759 5712 998 5782 undique
1047 5713 1433 5782 comparanda,
1471 5712 1836 5782 flosculosquc
1865 5719 1919 5769 et
1963 5719 2108 5768 serta
2158 5727 2439 5768 musarum
2485 5727 2551 5766 ex
2594 5712 2826 5766 hortulis
2873 5709 3197 5781 colligenda,
3239 5714 3454 5777 tuaque

473 5804 752 5864 ΡΑτιιοι..
799 5803 920 5862 Gn.
969 5803 1176 5865 XXII.

3138 5807 3166 5861 1

1827 6015 1904 6126 ςῖς
1941 6009 1986 6124 <5

1971 6092 2016 6124 ..Ι

1478 6011 1789 6130 22Ἥῦ
