3852 6216
422 238 480 293 ΙΙ
1086 238 1360 298 EUSEBII
1398 237 1878 295 CESABIENSIS
1915 239 2065 296 OPP.
2106 240 2291 298 PARS
2327 241 2392 298 ll.
2431 274 2502 286 --
2540 242 3042 304 APOLOGETICA.
3606 253 3675 304 ﬂ

417 356 758 414 celsitudinis
786 357 1013 430 pedibus
1035 358 1370 415 admovenda
1398 373 1521 414 esse
1550 356 1759 421 debuit,
1790 372 2023 428 quorum
2059 373 2185 427 spes
2217 358 2397 416 omnis
2425 375 2596 433 prope
2621 370 2676 418 et
2698 365 2858 431 ratio,
2890 364 3000 421 imo
3029 364 3342 436 praesidium
3377 375 3679 440 portusque

388 450 728 539 ‘tutlssimus
756 451 811 505 in
860 453 937 506 tui
978 453 1224 507 muneris
1257 450 1612 522 amplitudine
1641 462 1804 520 atque
1837 451 2204 509 sollicitudine
2238 452 2454 510 videtur
2482 470 2607 513 esse
2647 458 3002 515 constitutus.
3035 458 3290 532 Accipies
3326 463 3510 532 igitur.
3544 463 3673 518 illu-

395 547 689 629 fstrtssime
735 545 968 611 Praeses,
1002 563 1110 619 quo
1154 547 1355 613 studio,
1399 562 1615 618 quaque
1653 550 1985 603 consuevisti
2030 548 2388 616 humanitate,
2436 567 2595 608 sacra
2636 554 2905 612 doctrinae
2947 571 3197 627 veraeque
3232 560 3450 629 pietatis
3480 576 3678 614 monu-

392 619 618 715 fmcnta,
645 637 698 692 id
745 639 891 709 quod
929 655 1075 694 nunc
1107 640 1225 710 ipsa
1257 638 1421 694 nobis
1472 638 1673 707 objecit
1698 639 1938 702 occasio,
1970 637 2191 695 Eusebii
2234 642 2447 696 scilicet
2472 641 2738 714 Pamphili
2772 619 3128 704 Caesariensis
3160 619 3250 703 De.
3263 650 3560 722 evangelica
3587 651 3678 704 de-

412 731 797 785 moustratione
828 731 1149 787 utilissimas
1178 733 1702 798 Commentationes,
1727 747 1849 802 qua:
1878 732 2157 787 honorarii
2186 735 2473 804 cujusdam
2495 738 2739 794 muneris
2759 739 2933 795 instar
2960 757 3081 798 esse
3101 745 3330 813 possint,
3370 746 3530 814 quale
3562 757 3675 799 ma-

411 818 733 889 gistratibus
783 826 1081 881 novissime
1108 829 1164 883 in
1211 831 1523 900 provincias
1564 833 1875 903 apt-incipe
1920 833 2124 895 missis,
2156 834 2324 888 animi
2357 834 2603 890 benevoli
2631 838 2866 893 testandi
2908 853 3075 896 causa
3105 840 3286 896 offerri
3338 842 3566 906 solebat,
3608 849 3671 897 ut

410 916 566 964 tanto
596 914 896 971 studiosius
918 925 971 971 et
999 916 1316 989 diligentius
1345 921 1657 992 reipublicae
1677 921 2047 988 consulerent,
2075 928 2281 991 quanto
2304 924 2511 995 majore
2534 935 2586 981 et
2618 925 2856 996 publicis
2876 930 3117 985 omnium
3148 932 3289 987 votis
3320 931 3466 989 illius
3494 934 3670 989 admi-

409 1006 708 1063 nistrandae
728 1023 915 1064 curam
941 1021 1316 1083 susceperant.
1353 1012 1505 1070 Vale.

478 1099 637 1151 Anno
674 1101 867 1155 salutis
897 1099 1056 1156 1698.

758 1300 1073 1360 Celsitudini
1100 1312 1207 1359 true
1234 1303 1614 1373 addictissimi,

2476 1490 2705 1554 Michael
2737 1498 2990 1557 Somnus.

2483 1588 2842 1646 Sebastianus
2869 1590 3165 1648 Cumorsv.

2464 1683 2697 1773 Carolus
2729 1686 3078 1745 Ronanos.

405 1859 3632 1894 —-———————--———————-——————-————-———————_—_______'_—__._n___.

1327 2006 2080 2103 GALLANDIUS
2146 2008 2713 2106 LECTORI.

1192 2195 1514 2259 (Bibliotheca
1535 2204 1625 2249 vet.
1651 2199 1792 2249 Patr.
1802 2234 1817 2261 ,
1840 2203 1960 2249 tom.
1984 2197 2070 2260 IV,
2095 2198 2315 2262 Proleg.,
2339 2213 2389 2262 p.
2415 2212 2536 2262 nu,
2560 2206 2686 2264 etp.
2714 2201 2849 2265 461.)

390 2459 433 2524 1.
496 2468 710 2525 Eusebii
776 2467 1121 2525 Cwsariensis
1179 2465 1586 2543 Demonstratio
1653 2468 1965 2542 eVangelica
1997 2479 2045 2537 Α
2072 2471 2203 2527 illud
2235 2470 2528 2543 Sapientiae
2550 2482 2652 2534 vn,
2680 2470 2751 2526 26
2784 2488 2800 2526 :
2830 2470 3091 2542 Splendor
3125 2483 3205 2528 est
3247 2475 3463 2531 luminis
3509 2494 3651 2532 sem-

1049 2536 1306 2607 suppleta.

461 2653 913 2725 Quandoquidem
975 2663 1284 2722 temporum
1351 2651 1488 2707 ordo
1547 2654 1613 2709 ad
1670 2653 1968 2711 Eusebium

387 2746 784 2803 Caesariensem
812 2762 915 2803 nos
944 2747 1262 2812 deduxerat,
1288 2758 1478 2803 nostra
1519 2745 1790 2802 interesse
1842 2763 1970 2801 cen-

387 2840 620 2905 suimus,
655 2850 713 2894 ut
746 2839 1072 2910 prommium
1113 2846 1167 2894 et
1206 2840 1385 2911 capita
1436 2837 1504 2893 Ill
1562 2838 1748 2909 priora
1793 2837 1968 2893 libril

387 2929 709 2988 Eusebiana:
769 2930 1248 2985 Demonstrationis
1313 2932 1625 3001 evangelica:
1676 2945 1785 2984 una
1841 2946 1966 2984 cum

386 3024 566 3096 ipsius
595 3026 778 3094 operis
804 3024 1039 3095 epilogo.
1076 3040 1197 3095 qua:
1222 3025 1276 3079 in
1300 3024 1565 3079 hactenus
1593 3023 1827 3093 vulgatis
1860 3021 1970 3076 edi-

386 3118 628 3174 tionibus
657 3118 1133 3183 desiderabantur,
1165 3118 1308 3188 typis
1356 3117 1674 3172 excudenda
1724 3117 1968 3172 tradere-

384 3227 528 3268 mus.
553 3211 630 3266 Ea
652 3227 782 3267 vero
809 3219 1033 3277 accepta
1058 3212 1348 3268 referimus
1377 3211 1754 3266 eruditissimo
1767 3210 1967 3266 Joanni

382 3303 607 3359 Alberto
638 3301 929 3371 Fabricio;
958 3304 1051 3375 qui
1086 3303 1233 3359 haud
1266 3304 1339 3358 ita
1365 3303 1577 3375 pridem
1608 3305 1796 3358 isthmc
1826 3318 1965 3373 prae-

382 3396 518 3450 clari
546 3396 728 3465 operis
761 3396 1135 3466 supplementa
1164 3409 1233 3450 ex
1262 3410 1364 3450 ms.
1394 3396 1584 3450 codice
1620 3394 1965 3450 bibliothecae

381 3486 677 3542 celsissimi
707 3485 1004 3543 Walacbiae
1031 3487 1297 3559 principis
1327 3485 1557 3543 Joannis
1584 3485 1791 3540 Nicolai
1812 3485 1965 3540 Mau-

380 3572 658 3629 rocordati
712 3574 1020 3646 desumpta,
1072 3576 1233 3630 bonis
1281 3576 1481 3632 litteris
1531 3577 1672 3632 bene
1711 3578 1960 3647 cupiens,

380 3678 507 3718 cum
538 3681 639 3720 sua
667 3667 1119 3738 interpretatione
1140 3668 1415 3737 evolgavit
1438 3668 1537 3739 (α).

380 3753 447 3812 ll.
476 3756 775 3830 Permultis
827 3760 881 3813 in
926 3760 1073 3830 locis
1098 3757 1594 3830 Demonstrationis
1638 3760 1964 3830 evangelicae

2070 2564 2282 2631 piterni,
2305 2562 2675 2632 speculumque
2691 2562 3096 2616 immaculatum
3122 2563 3314 2620 divina:
3342 2567 3648 2636 eﬂicientiu,

2070 2665 2119 2709 et
2151 2656 2327 2725 imago
2366 2653 2616 2708 bonitatis
2670 2654 2850 2717 illius;
2906 2653 3150 2725 illudque
3181 2665 3440 2726 praeterea
3497 2658 3650 2713 Pauli

2071 2746 2139 2801 ad
2173 2745 2427 2801 llebrmos
2460 2762 2496 2811 ι,
2530 2747 2563 2799 5
2599 2764 2612 2800 :
2648 2745 2752 2811 Qui
2775 2762 2894 2800 cum
2952 2747 3021 2801 sit
3076 2748 3325 2817 splendor
3364 2749 3548 2819 gloria:
3599 2759 3653 2806 et

2070 2840 2243 2909 ﬁgura
2275 2839 2590 2894 substantia?
2616 2841 2730 2910 ejus
2763 2855 2781 2893 :
2811 2841 2921 2906 his,
2970 2840 3223 2911 inquam,
3269 2844 3457 2898 relatis
3490 2843 3654 2899 docet

2068 2929 2338 2987 Eusebius
2389 2944 2550 3002 atque
2601 2935 2855 2988 evincere
2907 2934 3118 2999 nititur,
3169 2935 3536 2990 substantiam
3595 2944 3652 2991 et

2069 3024 2321 3079 deitatem
2342 3023 2460 3078 Filii
2482 3026 2643 3079 aliam
2666 3041 2789 3081 esse
2808 3041 2836 3078 a
2856 3034 3081 3096 paterna
3109 3037 3163 3081 et
3189 3027 3461 3082 diversam
3491 3042 3554 3082 ac
3569 3043 3653 3082 se-

2068 3125 2341 3189 paratam,
2357 3118 2571 3188 ipsique
2597 3119 2770 3172 multo
2795 3118 3126 3173 inferiorem.
3146 3119 3238 3174 Sic
3259 3121 3403 3175 enim
3431 3121 3520 3177 ille
3536 3121 3646 3191 (b):

2072 3227 2094 3260 ι
2132 3208 2237 3265 Sed
2268 3226 2298 3263 a
2332 3209 2574 3265 sensibili
2616 3209 2836 3279 quidem
2883 3211 3088 3266 lumine
3120 3212 3376 3281 splendor
3403 3214 3648 3283 separari

2067 3316 2179 3356 non
2217 3310 2396 3372 potest
2433 3321 2445 3356 :
2487 3294 2663 3356 Filius
2717 3320 2833 3357 vero
2886 3321 3122 3357 seorsum
3165 3322 3200 3358 a
3249 3305 3411 3359 Patre
3468 3316 3563 3375 per
3592 3323 3651 3361 se

2066 3392 2236 3461 ipsum
2265 3392 2524 3457 subsistit,
2551 3413 2569 3445 ι
2617 3392 2674 3447 'O
2702 3395 2757 3447 δὲ
2791 3395 2917 3459 Υἱὸς
2954 3395 3097 3459 ἰδίως
3132 3397 3278 3468 παρὰ
3306 3393 3396 3450 τὸν
3429 3394 3649 3471 Πατέρα

2066 3481 2188 3535 καθ’
2220 3481 2409 3535 ἑαυτὸν
2450 3482 2719 3553 ἐφέστηκε
2750 3484 2874 3554 (leg.
2923 3485 3242 3557 ὑφέστηκε).
3291 3485 3368 3540 Ac
3421 3485 3647 3542 luminis

2065 3575 2283 3645 quidem
2313 3577 2571 3646 splendor
2600 3577 2778 3630 locum
2818 3577 3123 3632 efﬁcientia:
3167 3578 3379 3633 obtinet
3417 3597 3428 3632 :
3467 3574 3644 3633 Filius

2066 3678 2242 3722 autem
2275 3666 2424 3721 aliud
2466 3667 2736 3737 quidpiam
2768 3685 2927 3738 quam
2975 3668 3260 3724 secundum
3319 3669 3644 3738 efﬁcientiam

2064 3769 2163 3823 est,
2208 3774 2300 3829 per
2342 3777 2398 3814 sc
2431 3761 2603 3828 ipsum
2659 3758 2960 3814 substantia
3014 3762 3288 3829 pra'ditus,
3331 3762 3390 3814 Ὀ
3420 3761 3478 3814 δὲ
3516 3759 3646 3825 Υἱὸς

450 3827 793 3926 Arignumhse
821 3829 997 3911 prodit
1029 3828 1309 3926 Eusebius.
1346 3828 1462 3910 liae
1494 3830 1570 3926 cde
1619 3827 1956 3926 neuneu/tullo

2065 3827 2248 3920 ἕτερόν
2299 3869 2350 3904 τι
2400 3827 2542 3905 κὰτὰ
2593 3851 2872 3926 ἐνέργειαν
2926 3827 3204 3923 τυῇχάνει,
3268 3853 3390 3907 καθ’
3452 3851 3644 3906 ἑαυτὸν

447 3898 789 3966 proferuntur
836 3900 1120 3966 specimina
1168 3899 1445 3954 Ariauica.
1485 3899 1701 3955 Eusebii
1758 3902 1957 3966 placita

448 3969 704 4090 Enterpres
762 3969 826 4023 de
854 3969 1120 4024 industria
1167 3970 1236 4023 ad
1283 3968 1598 4025 catholicam
1645 3972 1958 4026 sententiam

486 4047 739 4111 etorquet.

451 4131 553 4188 Hic
605 4148 771 4203 porro
819 4133 1054 4190 lectores
1102 4134 1341 4191 monitos
1373 4133 1559 4198 velim,
1607 4116 1956 4186 Demonstra-

371 4224 571 4279 tionem
612 4224 834 4281 Eusebii
876 4226 1225 4296 euangelicum
1257 4233 1549 4297 propterea
1581 4225 1714 4278 mihi
1751 4226 1953 4280 dictam

371 4319 694 4385 praclarum
712 4336 865 4390 opus,
885 4320 1030 4389 quod
1062 4320 1230 4374 multa
1258 4321 1419 4389 plane
1452 4320 1505 4373 in
1536 4333 1602 4373 eo
1638 4319 1781 4373 libro
1812 4334 1954 4389 prte-

375 4408 524 4464 clare
552 4410 749 4465 dixerit
780 4419 993 4478 auctor,
1020 4412 1417 4482 veritatemque
1452 4411 1779 4467 Christiana:
1819 4410 1951 4465 reli-

372 4503 554 4574 gionis
578 4503 842 4561 adversus
863 4504 1081 4562 Judazos
1114 4504 1460 4576 potissimum
1491 4519 1558 4558 ex
1588 4503 1763 4558 sacris
1792 4500 1953 4557 Vete-

373 4594 454 4650 ris
474 4602 530 4650 et
549 4593 685 4649 Novi
715 4594 1052 4651 Testamenti
1077 4596 1271 4651 litteris
1300 4595 1536 4649 maxime
1564 4592 1946 4665 prepugnarit.

372 4685 577 4742 Verum
606 4687 665 4741 in
697 4688 985 4757 permultis
1014 4688 1259 4758 ejusdem
1286 4688 1470 4758 operis
1507 4687 1643 4743 locis
1670 4686 1816 4741 haud
1847 4685 1949 4741 ob-

370 4793 537 4834 scure
570 4777 755 4848 prodit
786 4785 957 4833 semet
992 4775 1261 4834 Eusebius
1295 4777 1623 4831 Arianorum
1661 4786 1823 4831 secta:
1852 4773 1952 4829 ads

367 4867 614 4934 dietum;
646 4882 878 4937 quorum
911 4866 1113 4936 placita
1151 4866 1383 4923 subinde
1411 4866 1651 4920 inculcat
1676 4878 1730 4920 et
1768 4870 1946 4934 urget,

370 4958 573 5013 nedum
607 4958 713 5013 sibi
747 4957 975 5026 probata
1021 4957 1379 5014 demonstret.
1422 4957 1577 5024 Quod
1621 4954 1843 5027 quidem
1890 4965 1951 5011 ut

369 5059 574 5121 pateat,
604 5065 776 5103 unum
820 5051 1196 5105 tantummodo
1221 5051 1400 5105 locum
1430 5050 1486 5103 in
1518 5047 1749 5103 medium
1773 5045 1953 5117 prole-

372 5157 514 5205 ram,
557 5155 670 5212 quo
713 5128 905 5196 auctor
945 5142 1224 5211 propalam
1254 5142 1472 5196 Arianae
1503 5139 1773 5195 haereseos
1799 5140 1949 5195 virus

2059 3942 2413 4015 οὐσιωμένος.
2457 3942 2698 3999 Rursum
2749 3944 3009 4014 splendor
3058 3945 3219 3998 simul
3262 3959 3387 3998 cum
3440 3945 3644 3999 lumine

2057 4035 2297 4100 exsistit,
2325 4035 2566 4106 illudque
2598 4036 2836 4106 quodam
2864 4034 3025 4089 modo
3053 4036 3324 4105 complet;
3359 4051 3484 4090 nam
3519 4037 3642 4092 sine

2058 4127 2347 4198 splendore
2393 4128 2574 4183 lumen
2615 4143 2959 4199 nequaquam
3004 4129 3335 4196 substiterit,
3367 4130 3643 4200 simulque

2056 4232 2179 4271 cum
2232 4216 2326 4273 illo
2369 4233 2434 4273 ac
2493 4218 2794 4273 secundum
2847 4217 2981 4273 illud
3035 4219 3332 4274 subsistit:
3376 4229 3432 4273 at
3474 4219 3643 4275 Pater

2053 4307 2203 4375 prius
2264 4323 2424 4377 quam
2469 4304 2646 4362 Filius
2684 4309 2915 4373 exsistit,
2967 4318 3016 4362 et
3075 4319 3198 4364 ante
3247 4311 3641 4379 generationem

2052 4398 2167 4468 ejus
2186 4399 2493 4463 exsistebat,
2515 4410 2770 4472 quatenus
2800 4402 2947 4456 solus
2977 4401 3236 4471 ingenitus
3264 4412 3380 4456 erat
3404 4418 3423 4457 :
3452 4421 3473 4456 ι
3494 4403 3551 4456 '0
3579 4402 3639 4456 δὲ

2055 4491 2247 4564 Πατὴρ
2300 4492 2643 4564 προϋπάρχει
2695 4491 2787 4545 τοῦ
2838 4491 3002 4557 Υἱοῢ,
3038 4493 3133 4545 καὶ
3185 4492 3286 4561 τῆς
3333 4494 3641 4565 γεννήσεως

2052 4583 2216 4637 αὐτοῦ
2235 4577 2717 4657 προῦφέστηκεν,ᾖ
2748 4582 2907 4654 μόνος
2935 4582 3229 4654 ἁγὲννητος
3253 4580 3343 4656 ἦν,
3371 4603 3390 4638 ι
3427 4603 3481 4639 κ.
3505 4602 3557 4640 τ.
3582 4586 3639 4642 λ.

2051 4673 2345 4744 Complura
2386 4690 2515 4729 vero
2548 4673 2816 4744 ejusmodi
2849 4675 2968 4730 loca
2998 4691 3063 4730 eo
3096 4676 3152 4731 in
3179 4693 3343 4748 opere
3382 4679 3638 4735 Ariauica

2052 4766 2172 4822 labe
2206 4774 2395 4821 notata
2443 4766 2633 4822 videas
2677 4767 2820 4837 apud
2852 4767 3002 4823 viros
3053 4768 3427 4837 doctissimos,
3461 4771 3634 4827 Mara-

2051 4875 2181 4914 num
2218 4858 2289 4930 (c)
2325 4867 2378 4914 et
2419 4858 2885 4915 Montfauconium
2916 4859 3031 4932 (d);
3059 4877 3290 4932 quorum
3328 4865 3466 4920 alter
3497 4881 3637 4934 prse-

2050 4961 2200 5006 terea
2248 4953 2635 5008 animadvertit
2673 4953 2765 5024 (e),
2807 4953 3290 5009 Demonstrationis
3325 4958 3636 5027 evangelica:

2050 5043 2403 5115 interpretem
2445 5044 2513 5099 de
2564 5045 2834 5099 industria
2866 5044 3161 5101 Eusebium
3203 5048 3271 5102 ad
3303 5049 3635 5103 catholicam

2052 5136 2381 5191 sententiam
2402 5136 2725 5192 detorsisse.
2757 5134 2865 5191 Sed
2891 5151 2991 5207 pro
3015 5152 3244 5194 munere
3274 5147 3465 5195 nostro
3495 5141 3643 5196 satis

371 5211 621 5289 eﬂ'undit.
680 5229 962 5303 Siquidem
1011 5242 1299 5304 postquam
1331 5232 1397 5287 ad
1439 5231 1720 5288 Christum
1761 5216 1951 5286 retulit
1976 5211 2022 5271 ο
2054 5226 2170 5283 hac
2197 5236 2379 5283 sunto.

367 5391 514 5517 “gr?
536 5389 754 5449 Fabric.
781 5394 839 5448 in
877 5392 1076 5451 Delect.
1107 5409 1336 5464 argum.,
1367 5407 1526 5466 pagg.
1556 5394 1709 5449 1-22.
1740 5392 1939 5449 Hamb.

442 5503 773 5655 ξίηιξυεεὺ.
824 5532 1128 5590 Demonstr.
1185 5550 1365 5605 evuiig.
1416 5528 1513 5591 lib.
1581 5552 1654 5603 tv,
1687 5503 1830 5604 cap.
1887 5533 1944 5597 5,

365 5615 747 5740 Ρθῗέἶῦξὶεη.
788 5673 963 5728 Dicin.
1010 5672 1075 5728 υ.
1131 5672 1206 5726 .v.
1245 5674 1301 5729 ι.
1339 5672 1427 5742 0.,
1481 5675 1556 5732 lib
1591 5690 1665 5741 iv,
1701 5689 1802 5740 cap
1851 5672 1944 5741 επ,

2059 5390 2087 5462 §
2118 5392 2172 5451 ὅ.
2210 5400 2269 5462 et
2295 5407 2414 5461 cap.
2447 5393 2539 5455 28,
2568 5412 2598 5461 υ
2627 5392 2683 5455 4,
2715 5404 2873 5461 pagg.
2902 5387 3191 5462 5855593,
3219 5390 3345 5462 601.

2128 5463 2205 5528 (ά)
2231 5452 2419 5516 Monii.
2454 5452 2692 5518 Prelim.
2716 5452 2958 5516 'ad'iom.
2991 5452 3250 5516 ICollebt.
3287 5459 3408 5519 PP.
3438 5458 3607 5519 Grec.
3633 5515 3643 5527 ,

2055 5546 2213 5602 pagg.
2228 5547 2500 5602 AXV—XXIX.

2080 5607 2084 5610 ‘
2129 5600 2199 5675 (ε)
2225 5600 2301 5657 ld.
2329 5602 2463 5659 ibid.
2504 5601 2532 5675 §
2567 5601 2620 5669 5,
2651 5617 2773 5676 με,
2806 5617 2921 5659 ιιι,
