  <div class='ocr_page' id='page_1' title='image "/cluster/home/n/w/nwhite01/storage/ocr_20150623/22/nnc1.0046978372/015.png"; bbox 0 0 3852 6216; ppageno 0'>
   <div class='ocr_carea' id='block_1_1' title="bbox 369 232 3612 313">
    <p class='ocr_par' dir='ltr' id='par_1_1' title="bbox 369 232 3612 313">
     <span class='ocr_line' id='line_1_1' title="bbox 369 232 3612 313; baseline 0.009 -29"><span class='ocrx_word' id='word_1_1' title='bbox 369 232 437 285; x_wconf 75' lang='lat' dir='ltr'><strong>l5</strong></span> <span class='ocrx_word' id='word_1_2' title='bbox 1019 234 1287 291; x_wconf 83' lang='lat' dir='ltr'><strong>EUSEBll</strong></span> <span class='ocrx_word' id='word_1_3' title='bbox 1323 236 1804 297; x_wconf 74' lang='lat' dir='ltr'><strong>GESARIENSIS</strong></span> <span class='ocrx_word' id='word_1_4' title='bbox 1834 236 1993 300; x_wconf 77' lang='lat' dir='ltr'><strong>OPP.</strong></span> <span class='ocrx_word' id='word_1_5' title='bbox 2036 241 2223 299; x_wconf 69' lang='lat' dir='ltr'><strong>PARS</strong></span> <span class='ocrx_word' id='word_1_6' title='bbox 2261 244 2327 301; x_wconf 85' lang='grc' dir='ltr'>ιι.</span> <span class='ocrx_word' id='word_1_7' title='bbox 2360 274 2426 289; x_wconf 91' lang='lat'><strong>-</strong></span> <span class='ocrx_word' id='word_1_8' title='bbox 2465 246 2967 307; x_wconf 76' lang='lat' dir='ltr'><strong>APOLOGETICA.</strong></span> <span class='ocrx_word' id='word_1_9' title='bbox 3540 257 3612 313; x_wconf 75' lang='lat' dir='ltr'><strong>Hi</strong></span> 
     </span>
    </p>
   </div>
   <div class='ocr_carea' id='block_1_2' title="bbox 365 349 1895 446">
    <p class='ocr_par' dir='ltr' id='par_1_2' title="bbox 365 349 1895 426">
     <span class='ocr_line' id='line_1_2' title="bbox 365 349 1895 426; baseline 0.005 -24"><span class='ocrx_word' id='word_1_10' title='bbox 365 349 568 404; x_wconf 99' lang='lat' dir='ltr'><strong>tionem</strong></span> <span class='ocrx_word' id='word_1_11' title='bbox 597 349 967 421; x_wconf 73' lang='lat' dir='ltr'><strong>evangelicum</strong></span> <span class='ocrx_word' id='word_1_12' title='bbox 1007 367 1073 407; x_wconf 86' lang='lat' dir='ltr'><strong>ex</strong></span> <span class='ocrx_word' id='word_1_13' title='bbox 1110 351 1553 422; x_wconf 66' lang='lat' dir='ltr'><strong>praedictionibus</strong></span> <span class='ocrx_word' id='word_1_14' title='bbox 1598 368 1721 423; x_wconf 68' lang='lat' dir='ltr'><strong>quas</strong></span> <span class='ocrx_word' id='word_1_15' title='bbox 1748 368 1778 408; x_wconf 90' lang='lat' dir='ltr'><strong>a</strong></span> <span class='ocrx_word' id='word_1_16' title='bbox 1820 356 1895 426; x_wconf 86' lang='lat' dir='ltr'><strong>pri</strong></span> 
     </span>
    </p>
   </div>
   <div class='ocr_carea' id='block_1_3' title="bbox 1998 349 3613 446">
    <p class='ocr_par' dir='ltr' id='par_1_3' title="bbox 1998 357 3613 446">
     <span class='ocr_line' id='line_1_3' title="bbox 1998 357 3613 446; baseline 0.011 -35"><span class='ocrx_word' id='word_1_17' title='bbox 1998 357 2296 417; x_wconf 43' lang='grc' dir='ltr'>τάνέκαθεν</span> <span class='ocrx_word' id='word_1_18' title='bbox 2340 361 2470 432; x_wconf 81' lang='grc' dir='ltr'>παρ’</span> <span class='ocrx_word' id='word_1_19' title='bbox 2510 361 2782 434; x_wconf 85' lang='grc' dir='ltr'>Ἑϐραίοις</span> <span class='ocrx_word' id='word_1_20' title='bbox 2826 367 3199 438; x_wconf 82' lang='grc' dir='ltr'><strong>ἀνακειμένων</strong></span> <span class='ocrx_word' id='word_1_21' title='bbox 3254 374 3613 446; x_wconf 68' lang='grc' dir='ltr'><strong>προρρήσεων</strong></span> 
     </span>
    </p>
   </div>
   <div class='ocr_carea' id='block_1_4' title="bbox 365 440 1935 514">
    <p class='ocr_par' dir='ltr' id='par_1_4' title="bbox 365 440 1935 514">
     <span class='ocr_line' id='line_1_4' title="bbox 365 440 1935 514; baseline 0.006 -21"><span class='ocrx_word' id='word_1_22' title='bbox 365 455 450 494; x_wconf 83' lang='lat' dir='ltr'><strong>ma</strong></span> <span class='ocrx_word' id='word_1_23' title='bbox 480 440 690 510; x_wconf 78' lang='lat' dir='ltr'><strong>origine</strong></span> <span class='ocrx_word' id='word_1_24' title='bbox 716 443 857 512; x_wconf 90' lang='lat' dir='ltr'><strong>apud</strong></span> <span class='ocrx_word' id='word_1_25' title='bbox 901 440 1154 500; x_wconf 70' lang='lat' dir='ltr'><strong>Hebraeos</strong></span> <span class='ocrx_word' id='word_1_26' title='bbox 1178 444 1533 514; x_wconf 75' lang='lat' dir='ltr'><strong>promulgatae</strong></span> <span class='ocrx_word' id='word_1_27' title='bbox 1562 451 1802 510; x_wconf 77' lang='lat' dir='ltr'><strong>exstant,</strong></span> <span class='ocrx_word' id='word_1_28' title='bbox 1838 461 1935 501; x_wconf 79' lang='lat' dir='ltr'><strong>ex-</strong></span> 
     </span>
    </p>
   </div>
   <div class='ocr_carea' id='block_1_5' title="bbox 361 533 1936 607">
    <p class='ocr_par' dir='ltr' id='par_1_5' title="bbox 361 533 1936 607">
     <span class='ocr_line' id='line_1_5' title="bbox 361 533 1936 607; baseline 0.005 -21"><span class='ocrx_word' id='word_1_29' title='bbox 361 548 565 604; x_wconf 89' lang='lat' dir='ltr'><strong>ponere</strong></span> <span class='ocrx_word' id='word_1_30' title='bbox 586 533 944 590; x_wconf 78' lang='lat' dir='ltr'><strong>instituimus.</strong></span> <span class='ocrx_word' id='word_1_31' title='bbox 968 533 1253 601; x_wconf 86' lang='lat' dir='ltr'><strong>Quomodo</strong></span> <span class='ocrx_word' id='word_1_32' title='bbox 1281 542 1462 592; x_wconf 88' lang='lat' dir='ltr'><strong>autem</strong></span> <span class='ocrx_word' id='word_1_33' title='bbox 1481 544 1534 592; x_wconf 88' lang='lat' dir='ltr'><strong>et</strong></span> <span class='ocrx_word' id='word_1_34' title='bbox 1555 552 1663 607; x_wconf 88' lang='lat' dir='ltr'><strong>qua</strong></span> <span class='ocrx_word' id='word_1_35' title='bbox 1685 538 1936 594; x_wconf 87' lang='lat' dir='ltr'><strong>ratione?</strong></span> 
     </span>
    </p>
   </div>
   <div class='ocr_carea' id='block_1_6' title="bbox 360 625 1933 699">
    <p class='ocr_par' dir='ltr' id='par_1_6' title="bbox 360 625 1933 699">
     <span class='ocr_line' id='line_1_6' title="bbox 360 625 1933 699; baseline 0.006 -22"><span class='ocrx_word' id='word_1_36' title='bbox 360 631 419 678; x_wconf 92' lang='lat' dir='ltr'><strong>ut</strong></span> <span class='ocrx_word' id='word_1_37' title='bbox 457 640 651 695; x_wconf 76' lang='lat' dir='ltr'><strong>nempe</strong></span> <span class='ocrx_word' id='word_1_38' title='bbox 678 625 785 683; x_wconf 87' lang='lat' dir='ltr'><strong>illis</strong></span> <span class='ocrx_word' id='word_1_39' title='bbox 827 625 933 682; x_wconf 91' lang='lat' dir='ltr'><strong>Deo</strong></span> <span class='ocrx_word' id='word_1_40' title='bbox 966 626 1324 694; x_wconf 82' lang='lat' dir='ltr'><strong>charissimis,</strong></span> <span class='ocrx_word' id='word_1_41' title='bbox 1356 645 1494 699; x_wconf 90' lang='lat' dir='ltr'><strong>quos</strong></span> <span class='ocrx_word' id='word_1_42' title='bbox 1518 632 1663 686; x_wconf 82' lang='lat' dir='ltr'><strong>nosti</strong></span> <span class='ocrx_word' id='word_1_43' title='bbox 1688 632 1933 687; x_wconf 89' lang='lat' dir='ltr'><strong>omnium</strong></span> 
     </span>
    </p>
   </div>
   <div class='ocr_carea' id='block_1_7' title="bbox 358 714 1935 794">
    <p class='ocr_par' dir='ltr' id='par_1_7' title="bbox 358 714 1935 794">
     <span class='ocr_line' id='line_1_7' title="bbox 358 714 1935 794; baseline 0.006 -25"><span class='ocrx_word' id='word_1_44' title='bbox 358 714 678 771; x_wconf 87' lang='lat' dir='ltr'><strong>decantatos</strong></span> <span class='ocrx_word' id='word_1_45' title='bbox 703 718 950 783; x_wconf 87' lang='lat' dir='ltr'><strong>vocibus,</strong></span> <span class='ocrx_word' id='word_1_46' title='bbox 974 719 1141 784; x_wconf 85' lang='lat' dir='ltr'><strong>Mose,</strong></span> <span class='ocrx_word' id='word_1_47' title='bbox 1174 720 1415 790; x_wconf 90' lang='lat' dir='ltr'><strong>inquam,</strong></span> <span class='ocrx_word' id='word_1_48' title='bbox 1440 727 1495 778; x_wconf 86' lang='lat' dir='ltr'><strong>et</strong></span> <span class='ocrx_word' id='word_1_49' title='bbox 1522 724 1614 794; x_wconf 90' lang='lat' dir='ltr'><strong>qui</strong></span> <span class='ocrx_word' id='word_1_50' title='bbox 1639 730 1762 792; x_wconf 91' lang='lat' dir='ltr'><strong>post</strong></span> <span class='ocrx_word' id='word_1_51' title='bbox 1789 724 1935 779; x_wconf 88' lang='lat' dir='ltr'><strong>hunc</strong></span> 
     </span>
    </p>
   </div>
   <div class='ocr_carea' id='block_1_8' title="bbox 356 809 1932 886">
    <p class='ocr_par' dir='ltr' id='par_1_8' title="bbox 356 809 1932 886">
     <span class='ocr_line' id='line_1_8' title="bbox 356 809 1932 886; baseline 0.006 -25"><span class='ocrx_word' id='word_1_52' title='bbox 356 809 821 878; x_wconf 86' lang='lat' dir='ltr'><strong>exsplenducrunt</strong></span> <span class='ocrx_word' id='word_1_53' title='bbox 865 810 1066 867; x_wconf 88' lang='lat' dir='ltr'><strong>divinis</strong></span> <span class='ocrx_word' id='word_1_54' title='bbox 1096 812 1381 884; x_wconf 87' lang='lat' dir='ltr'><strong>beatisque</strong></span> <span class='ocrx_word' id='word_1_55' title='bbox 1434 815 1716 886; x_wconf 83' lang='lat' dir='ltr'><strong>prophetis</strong></span> <span class='ocrx_word' id='word_1_56' title='bbox 1747 829 1811 870; x_wconf 93' lang='lat' dir='ltr'><strong>ac</strong></span> <span class='ocrx_word' id='word_1_57' title='bbox 1842 830 1932 870; x_wconf 90' lang='lat' dir='ltr'><strong>sa-</strong></span> 
     </span>
    </p>
   </div>
   <div class='ocr_carea' id='block_1_9' title="bbox 356 901 1932 978">
    <p class='ocr_par' dir='ltr' id='par_1_9' title="bbox 356 901 1932 978">
     <span class='ocr_line' id='line_1_9' title="bbox 356 901 1932 978; baseline 0.006 -24"><span class='ocrx_word' id='word_1_58' title='bbox 356 901 467 956; x_wconf 88' lang='lat' dir='ltr'><strong>cris</strong></span> <span class='ocrx_word' id='word_1_59' title='bbox 515 902 877 973; x_wconf 83' lang='lat' dir='ltr'><strong>scriptoribus</strong></span> <span class='ocrx_word' id='word_1_60' title='bbox 921 905 1154 960; x_wconf 84' lang='lat' dir='ltr'><strong>testibus</strong></span> <span class='ocrx_word' id='word_1_61' title='bbox 1198 912 1436 972; x_wconf 89' lang='lat' dir='ltr'><strong>utamur,</strong></span> <span class='ocrx_word' id='word_1_62' title='bbox 1486 915 1649 978; x_wconf 90' lang='lat' dir='ltr'><strong>atque</strong></span> <span class='ocrx_word' id='word_1_63' title='bbox 1700 907 1769 962; x_wconf 90' lang='lat' dir='ltr'><strong>ab</strong></span> <span class='ocrx_word' id='word_1_64' title='bbox 1823 908 1932 964; x_wconf 90' lang='lat' dir='ltr'><strong>illis</strong></span> 
     </span>
    </p>
   </div>
   <div class='ocr_carea' id='block_1_10' title="bbox 353 995 1928 1070">
    <p class='ocr_par' dir='ltr' id='par_1_10' title="bbox 353 995 1928 1070">
     <span class='ocr_line' id='line_1_10' title="bbox 353 995 1928 1070; baseline 0.004 -23"><span class='ocrx_word' id='word_1_65' title='bbox 353 995 716 1062; x_wconf 64' lang='lat' dir='ltr'><strong>praenuntiata</strong></span> <span class='ocrx_word' id='word_1_66' title='bbox 761 996 1142 1062; x_wconf 88' lang='lat' dir='ltr'><strong>ostendamus,</strong></span> <span class='ocrx_word' id='word_1_67' title='bbox 1177 1013 1298 1069; x_wconf 61' lang='lat' dir='ltr'><strong>qua;</strong></span> <span class='ocrx_word' id='word_1_68' title='bbox 1329 999 1515 1056; x_wconf 90' lang='lat' dir='ltr'><strong>multis</strong></span> <span class='ocrx_word' id='word_1_69' title='bbox 1562 1008 1686 1070; x_wconf 91' lang='lat' dir='ltr'><strong>post</strong></span> <span class='ocrx_word' id='word_1_70' title='bbox 1710 1000 1928 1055; x_wconf 91' lang='lat' dir='ltr'><strong>demum</strong></span> 
     </span>
    </p>
   </div>
   <div class='ocr_carea' id='block_1_11' title="bbox 354 1086 1928 1162">
    <p class='ocr_par' dir='ltr' id='par_1_11' title="bbox 354 1086 1928 1162">
     <span class='ocr_line' id='line_1_11' title="bbox 354 1086 1928 1162; baseline 0.004 -23"><span class='ocrx_word' id='word_1_71' title='bbox 354 1086 572 1142; x_wconf 60' lang='lat' dir='ltr'><strong>saeculis</strong></span> <span class='ocrx_word' id='word_1_72' title='bbox 599 1086 653 1142; x_wconf 92' lang='lat' dir='ltr'><strong>in</strong></span> <span class='ocrx_word' id='word_1_73' title='bbox 685 1088 858 1144; x_wconf 91' lang='lat' dir='ltr'><strong>lucem</strong></span> <span class='ocrx_word' id='word_1_74' title='bbox 883 1088 1117 1159; x_wconf 91' lang='lat' dir='ltr'><strong>prodita,</strong></span> <span class='ocrx_word' id='word_1_75' title='bbox 1137 1096 1300 1162; x_wconf 85' lang='lat' dir='ltr'><strong>atque</strong></span> <span class='ocrx_word' id='word_1_76' title='bbox 1324 1106 1423 1162; x_wconf 87' lang='lat' dir='ltr'><strong>per</strong></span> <span class='ocrx_word' id='word_1_77' title='bbox 1438 1090 1739 1148; x_wconf 86' lang='lat' dir='ltr'><strong>Salvatoris</strong></span> <span class='ocrx_word' id='word_1_78' title='bbox 1759 1106 1928 1148; x_wconf 79' lang='lat' dir='ltr'><strong>evan-</strong></span> 
     </span>
    </p>
   </div>
   <div class='ocr_carea' id='block_1_12' title="bbox 353 1178 1922 1249">
    <p class='ocr_par' dir='ltr' id='par_1_12' title="bbox 353 1178 1922 1249">
     <span class='ocr_line' id='line_1_12' title="bbox 353 1178 1922 1249; baseline 0.003 -17"><span class='ocrx_word' id='word_1_79' title='bbox 353 1178 581 1248; x_wconf 91' lang='lat' dir='ltr'><strong>gelicam</strong></span> <span class='ocrx_word' id='word_1_80' title='bbox 633 1178 1159 1236; x_wconf 88' lang='lat' dir='ltr'><strong>demonstrationem</strong></span> <span class='ocrx_word' id='word_1_81' title='bbox 1205 1181 1262 1236; x_wconf 91' lang='lat' dir='ltr'><strong>in</strong></span> <span class='ocrx_word' id='word_1_82' title='bbox 1308 1196 1423 1236; x_wconf 91' lang='lat' dir='ltr'><strong>rem</strong></span> <span class='ocrx_word' id='word_1_83' title='bbox 1471 1181 1703 1249; x_wconf 85' lang='lat' dir='ltr'><strong>deducta</strong></span> <span class='ocrx_word' id='word_1_84' title='bbox 1755 1189 1922 1248; x_wconf 91' lang='lat' dir='ltr'><strong>sunt,</strong></span> 
     </span>
    </p>
   </div>
   <div class='ocr_carea' id='block_1_13' title="bbox 352 1271 1924 1345">
    <p class='ocr_par' dir='ltr' id='par_1_13' title="bbox 352 1271 1924 1345">
     <span class='ocr_line' id='line_1_13' title="bbox 352 1271 1924 1345; baseline 0.004 -19"><span class='ocrx_word' id='word_1_85' title='bbox 352 1286 581 1342; x_wconf 68' lang='lat' dir='ltr'><strong>quaeque</strong></span> <span class='ocrx_word' id='word_1_86' title='bbox 615 1271 793 1327; x_wconf 89' lang='lat' dir='ltr'><strong>adhuc</strong></span> <span class='ocrx_word' id='word_1_87' title='bbox 836 1275 1087 1344; x_wconf 67' lang='lat' dir='ltr'><strong>praesenti</strong></span> <span class='ocrx_word' id='word_1_88' title='bbox 1120 1281 1281 1331; x_wconf 68' lang='lat' dir='ltr'><strong>aetate</strong></span> <span class='ocrx_word' id='word_1_89' title='bbox 1302 1274 1358 1329; x_wconf 91' lang='lat' dir='ltr'><strong>in</strong></span> <span class='ocrx_word' id='word_1_90' title='bbox 1402 1282 1699 1345; x_wconf 81' lang='lat' dir='ltr'><strong>conspectu</strong></span> <span class='ocrx_word' id='word_1_91' title='bbox 1738 1285 1924 1333; x_wconf 87' lang='lat' dir='ltr'><strong>nostro</strong></span> 
     </span>
    </p>
   </div>
   <div class='ocr_carea' id='block_1_14' title="bbox 347 1365 1922 1439">
    <p class='ocr_par' dir='ltr' id='par_1_14' title="bbox 347 1365 1922 1439">
     <span class='ocr_line' id='line_1_14' title="bbox 347 1365 1922 1439; baseline 0.001 -19"><span class='ocrx_word' id='word_1_92' title='bbox 347 1365 729 1438; x_wconf 81' lang='lat' dir='ltr'><strong>perﬁciuntur,</strong></span> <span class='ocrx_word' id='word_1_93' title='bbox 771 1366 930 1438; x_wconf 88' lang='lat' dir='ltr'><strong>longe</strong></span> <span class='ocrx_word' id='word_1_94' title='bbox 964 1368 1114 1439; x_wconf 91' lang='lat' dir='ltr'><strong>prius</strong></span> <span class='ocrx_word' id='word_1_95' title='bbox 1145 1368 1214 1423; x_wconf 87' lang='lat' dir='ltr'><strong>ab</strong></span> <span class='ocrx_word' id='word_1_96' title='bbox 1248 1366 1465 1432; x_wconf 91' lang='lat' dir='ltr'><strong>iisdem,</strong></span> <span class='ocrx_word' id='word_1_97' title='bbox 1499 1367 1684 1423; x_wconf 89' lang='lat' dir='ltr'><strong>divino</strong></span> <span class='ocrx_word' id='word_1_98' title='bbox 1715 1365 1922 1439; x_wconf 89' lang='lat' dir='ltr'><strong>Spiritu</strong></span> 
     </span>
    </p>
   </div>
   <div class='ocr_carea' id='block_1_15' title="bbox 348 1457 1919 1533">
    <p class='ocr_par' dir='ltr' id='par_1_15' title="bbox 348 1457 1919 1533">
     <span class='ocr_line' id='line_1_15' title="bbox 348 1457 1919 1533; baseline 0.001 -19"><span class='ocrx_word' id='word_1_99' title='bbox 348 1457 598 1523; x_wconf 85' lang='lat' dir='ltr'><strong>docente,</strong></span> <span class='ocrx_word' id='word_1_100' title='bbox 624 1466 911 1530; x_wconf 89' lang='lat' dir='ltr'><strong>percepta;</strong></span> <span class='ocrx_word' id='word_1_101' title='bbox 938 1461 1011 1515; x_wconf 90' lang='lat' dir='ltr'><strong>ita</strong></span> <span class='ocrx_word' id='word_1_102' title='bbox 1040 1467 1095 1515; x_wconf 90' lang='lat' dir='ltr'><strong>ul</strong></span> <span class='ocrx_word' id='word_1_103' title='bbox 1118 1459 1364 1516; x_wconf 83' lang='lat' dir='ltr'><strong>absentia</strong></span> <span class='ocrx_word' id='word_1_104' title='bbox 1391 1467 1648 1531; x_wconf 84' lang='lat' dir='ltr'><strong>tanquam</strong></span> <span class='ocrx_word' id='word_1_105' title='bbox 1677 1476 1919 1533; x_wconf 69' lang='lat' dir='ltr'><strong>praesen-</strong></span> 
     </span>
    </p>
   </div>
   <div class='ocr_carea' id='block_1_16' title="bbox 346 1544 1947 1623">
    <p class='ocr_par' dir='ltr' id='par_1_16' title="bbox 346 1544 1947 1623">
     <span class='ocr_line' id='line_1_16' title="bbox 346 1544 1947 1623; baseline -0.001 -17"><span class='ocrx_word' id='word_1_106' title='bbox 346 1551 442 1612; x_wconf 88' lang='lat' dir='ltr'><strong>tia,</strong></span> <span class='ocrx_word' id='word_1_107' title='bbox 486 1558 540 1607; x_wconf 86' lang='lat' dir='ltr'><strong>et</strong></span> <span class='ocrx_word' id='word_1_108' title='bbox 574 1567 696 1622; x_wconf 69' lang='lat' dir='ltr'><strong>qua:</strong></span> <span class='ocrx_word' id='word_1_109' title='bbox 733 1551 977 1607; x_wconf 90' lang='lat' dir='ltr'><strong>nondum</strong></span> <span class='ocrx_word' id='word_1_110' title='bbox 1020 1567 1252 1621; x_wconf 87' lang='lat' dir='ltr'><strong>usquam</strong></span> <span class='ocrx_word' id='word_1_111' title='bbox 1298 1559 1477 1616; x_wconf 89' lang='lat' dir='ltr'><strong>erant,</strong></span> <span class='ocrx_word' id='word_1_112' title='bbox 1509 1560 1768 1623; x_wconf 89' lang='lat' dir='ltr'><strong>tanquam</strong></span> <span class='ocrx_word' id='word_1_113' title='bbox 1804 1544 1947 1607; x_wconf 47' lang='lat' dir='ltr'><strong>evi-&#39;</strong></span> 
     </span>
    </p>
   </div>
   <div class='ocr_carea' id='block_1_17' title="bbox 343 1635 1915 1710">
    <p class='ocr_par' dir='ltr' id='par_1_17' title="bbox 343 1635 1915 1710">
     <span class='ocr_line' id='line_1_17' title="bbox 343 1635 1915 1710; baseline 0.001 -16"><span class='ocrx_word' id='word_1_114' title='bbox 343 1635 538 1694; x_wconf 87' lang='lat' dir='ltr'><strong>denter</strong></span> <span class='ocrx_word' id='word_1_115' title='bbox 566 1640 680 1710; x_wconf 83' lang='lat' dir='ltr'><strong>jam</strong></span> <span class='ocrx_word' id='word_1_116' title='bbox 709 1640 1026 1696; x_wconf 84' lang='lat' dir='ltr'><strong>exsistentia</strong></span> <span class='ocrx_word' id='word_1_117' title='bbox 1050 1640 1426 1706; x_wconf 87' lang='lat' dir='ltr'><strong>intuerentur;</strong></span> <span class='ocrx_word' id='word_1_118' title='bbox 1461 1655 1562 1696; x_wconf 90' lang='lat' dir='ltr'><strong>nec</strong></span> <span class='ocrx_word' id='word_1_119' title='bbox 1585 1640 1690 1697; x_wconf 92' lang='lat' dir='ltr'><strong>hoc</strong></span> <span class='ocrx_word' id='word_1_120' title='bbox 1717 1641 1915 1706; x_wconf 89' lang='lat' dir='ltr'><strong>solum,</strong></span> 
     </span>
    </p>
   </div>
   <div class='ocr_carea' id='block_1_18' title="bbox 2036 452 3610 540">
    <p class='ocr_par' dir='ltr' id='par_1_18' title="bbox 2036 452 3610 540">
     <span class='ocr_line' id='line_1_18' title="bbox 2036 452 3610 540; baseline 0.011 -38"><span class='ocrx_word' id='word_1_121' title='bbox 2036 452 2487 521; x_wconf 76' lang='grc' dir='ltr'><strong>παραστήσασθαι</strong></span> <span class='ocrx_word' id='word_1_122' title='bbox 2520 456 2894 526; x_wconf 86' lang='grc' dir='ltr'>πειρωμένοις.</span> <span class='ocrx_word' id='word_1_123' title='bbox 2934 457 3060 521; x_wconf 89' lang='grc' dir='ltr'>Πῶς</span> <span class='ocrx_word' id='word_1_124' title='bbox 3090 459 3175 531; x_wconf 86' lang='grc' dir='ltr'>δὴ,</span> <span class='ocrx_word' id='word_1_125' title='bbox 3206 463 3298 515; x_wconf 79' lang='grc' dir='ltr'>καὶ</span> <span class='ocrx_word' id='word_1_126' title='bbox 3327 464 3450 518; x_wconf 87' lang='grc' dir='ltr'>τίνα</span> <span class='ocrx_word' id='word_1_127' title='bbox 3481 474 3610 540; x_wconf 82' lang='grc' dir='ltr'>τρο-</span> 
     </span>
    </p>
   </div>
   <div class='ocr_carea' id='block_1_19' title="bbox 2035 543 3611 627">
    <p class='ocr_par' dir='ltr' id='par_1_19' title="bbox 2035 543 3611 627">
     <span class='ocr_line' id='line_1_19' title="bbox 2035 543 3611 627; baseline 0.011 -32"><span class='ocrx_word' id='word_1_128' title='bbox 2035 560 2136 596; x_wconf 88' lang='grc' dir='ltr'><strong>πον</strong></span> <span class='ocrx_word' id='word_1_129' title='bbox 2161 545 2287 608; x_wconf 84' lang='grc' dir='ltr'>τοὺς</span> <span class='ocrx_word' id='word_1_130' title='bbox 2315 543 2583 614; x_wconf 80' lang='grc' dir='ltr'><strong>θεοφιλεῖς</strong></span> <span class='ocrx_word' id='word_1_131' title='bbox 2612 548 2872 613; x_wconf 87' lang='grc' dir='ltr'>ἐκείνους,</span> <span class='ocrx_word' id='word_1_132' title='bbox 2917 546 3073 603; x_wconf 77' lang='grc' dir='ltr'>οἶσθα</span> <span class='ocrx_word' id='word_1_133' title='bbox 3114 553 3287 625; x_wconf 82' lang='grc' dir='ltr'>δήπου</span> <span class='ocrx_word' id='word_1_134' title='bbox 3313 557 3440 621; x_wconf 79' lang='grc' dir='ltr'>τοὺς</span> <span class='ocrx_word' id='word_1_135' title='bbox 3473 556 3611 627; x_wconf 83' lang='grc' dir='ltr'>βοω-</span> 
     </span>
    </p>
   </div>
   <div class='ocr_carea' id='block_1_20' title="bbox 2037 634 3611 716">
    <p class='ocr_par' dir='ltr' id='par_1_20' title="bbox 2037 634 3611 716">
     <span class='ocr_line' id='line_1_20' title="bbox 2037 634 3611 716; baseline 0.011 -29"><span class='ocrx_word' id='word_1_136' title='bbox 2037 634 2229 707; x_wconf 87' lang='grc' dir='ltr'>μένους</span> <span class='ocrx_word' id='word_1_137' title='bbox 2257 637 2406 708; x_wconf 88' lang='grc' dir='ltr'>ποιρά</span> <span class='ocrx_word' id='word_1_138' title='bbox 2425 640 2536 701; x_wconf 83' lang='grc' dir='ltr'>τοῖς</span> <span class='ocrx_word' id='word_1_139' title='bbox 2557 638 2799 710; x_wconf 79' lang='grc' dir='ltr'><strong>ἀνδράσι,</strong></span> <span class='ocrx_word' id='word_1_140' title='bbox 2824 642 3061 696; x_wconf 80' lang='grc' dir='ltr'>Μωῦσέα</span> <span class='ocrx_word' id='word_1_141' title='bbox 3081 643 3143 716; x_wconf 89' lang='grc' dir='ltr'><strong>δή</strong></span> <span class='ocrx_word' id='word_1_142' title='bbox 3174 644 3336 715; x_wconf 85' lang='grc' dir='ltr'>λέγω,</span> <span class='ocrx_word' id='word_1_143' title='bbox 3363 650 3456 702; x_wconf 80' lang='grc' dir='ltr'>καὶ</span> <span class='ocrx_word' id='word_1_144' title='bbox 3482 652 3611 714; x_wconf 77' lang='grc' dir='ltr'>τοὺς</span> 
     </span>
    </p>
   </div>
   <div class='ocr_carea' id='block_1_21' title="bbox 2036 727 3637 811">
    <p class='ocr_par' dir='ltr' id='par_1_21' title="bbox 2036 727 3637 811">
     <span class='ocr_line' id='line_1_21' title="bbox 2036 727 3637 811; baseline 0.01 -33"><span class='ocrx_word' id='word_1_145' title='bbox 2036 727 2152 795; x_wconf 83' lang='grc' dir='ltr'>μετ’</span> <span class='ocrx_word' id='word_1_146' title='bbox 2184 727 2346 782; x_wconf 81' lang='grc' dir='ltr'>αὐτὸν</span> <span class='ocrx_word' id='word_1_147' title='bbox 2375 727 2756 799; x_wconf 76' lang='grc' dir='ltr'>ἐκλάμψαντας</span> <span class='ocrx_word' id='word_1_148' title='bbox 2784 731 3128 803; x_wconf 83' lang='grc' dir='ltr'>θεοπρεπεῖς,</span> <span class='ocrx_word' id='word_1_149' title='bbox 3152 738 3245 789; x_wconf 79' lang='grc' dir='ltr'><strong>καὶ</strong></span> <span class='ocrx_word' id='word_1_150' title='bbox 3276 740 3403 803; x_wconf 83' lang='grc' dir='ltr'>τοὺς</span> <span class='ocrx_word' id='word_1_151' title='bbox 3426 757 3608 811; x_wconf 76' lang='grc' dir='ltr'>μακαο</span> <span class='ocrx_word' id='word_1_152' title='bbox 3632 794 3637 799; x_wconf 68' lang='grc'><strong>,</strong></span> 
     </span>
    </p>
   </div>
   <div class='ocr_carea' id='block_1_22' title="bbox 2034 816 3606 899">
    <p class='ocr_par' dir='ltr' id='par_1_22' title="bbox 2034 816 3606 899">
     <span class='ocr_line' id='line_1_22' title="bbox 2034 816 3606 899; baseline 0.011 -31"><span class='ocrx_word' id='word_1_153' title='bbox 2034 816 2182 889; x_wconf 89' lang='grc' dir='ltr'>ρίους</span> <span class='ocrx_word' id='word_1_154' title='bbox 2228 820 2511 890; x_wconf 84' lang='grc' dir='ltr'><strong>προφήτας</strong></span> <span class='ocrx_word' id='word_1_155' title='bbox 2538 836 2596 873; x_wconf 91' lang='grc' dir='ltr'><strong>τε</strong></span> <span class='ocrx_word' id='word_1_156' title='bbox 2643 822 2736 873; x_wconf 73' lang='grc' dir='ltr'>καὶ</span> <span class='ocrx_word' id='word_1_157' title='bbox 2774 824 3112 893; x_wconf 72' lang='grc' dir='ltr'>ἰερεφάντας,</span> <span class='ocrx_word' id='word_1_158' title='bbox 3163 829 3428 899; x_wconf 87' lang='grc' dir='ltr'>μάρτυσιν</span> <span class='ocrx_word' id='word_1_159' title='bbox 3467 833 3606 885; x_wconf 83' lang='grc' dir='ltr'>ἀπο-</span> 
     </span>
    </p>
   </div>
   <div class='ocr_carea' id='block_1_23' title="bbox 2029 910 3606 994">
    <p class='ocr_par' dir='ltr' id='par_1_23' title="bbox 2029 910 3606 994">
     <span class='ocr_line' id='line_1_23' title="bbox 2029 910 3606 994; baseline 0.011 -32"><span class='ocrx_word' id='word_1_160' title='bbox 2029 910 2320 982; x_wconf 81' lang='grc' dir='ltr'><strong>χρώμενοι,</strong></span> <span class='ocrx_word' id='word_1_161' title='bbox 2353 911 2413 978; x_wconf 81' lang='grc' dir='ltr'>ἐξ</span> <span class='ocrx_word' id='word_1_162' title='bbox 2460 912 2638 966; x_wconf 80' lang='grc' dir='ltr'>αὐτῶν</span> <span class='ocrx_word' id='word_1_163' title='bbox 2671 916 2719 966; x_wconf 84' lang='grc' dir='ltr'>τ’</span> <span class='ocrx_word' id='word_1_164' title='bbox 2749 915 3111 972; x_wconf 77' lang='grc' dir='ltr'>ἐπιδεικνύναι</span> <span class='ocrx_word' id='word_1_165' title='bbox 3140 924 3606 994; x_wconf 83' lang='grc' dir='ltr'>προῃρημένοιτά</span> 
     </span>
    </p>
   </div>
   <div class='ocr_carea' id='block_1_24' title="bbox 2033 1005 3606 1092">
    <p class='ocr_par' dir='ltr' id='par_1_24' title="bbox 2033 1005 3606 1092">
     <span class='ocr_line' id='line_1_24' title="bbox 2033 1005 3606 1092; baseline 0.011 -36"><span class='ocrx_word' id='word_1_166' title='bbox 2033 1008 2262 1077; x_wconf 80' lang='grc' dir='ltr'><strong>μακροῖς</strong></span> <span class='ocrx_word' id='word_1_167' title='bbox 2287 1005 2508 1079; x_wconf 80' lang='grc' dir='ltr'>ὕστερον</span> <span class='ocrx_word' id='word_1_168' title='bbox 2541 1007 2732 1062; x_wconf 87' lang='grc' dir='ltr'>αἰῶσιν</span> <span class='ocrx_word' id='word_1_169' title='bbox 2758 1010 2837 1074; x_wconf 89' lang='grc' dir='ltr'><strong>εἰς</strong></span> <span class='ocrx_word' id='word_1_170' title='bbox 2870 1011 2985 1079; x_wconf 77' lang='grc' dir='ltr'><strong>φῶς</strong></span> <span class='ocrx_word' id='word_1_171' title='bbox 3011 1011 3248 1079; x_wconf 85' lang='grc' dir='ltr'>ἐλθόντα,</span> <span class='ocrx_word' id='word_1_172' title='bbox 3274 1018 3366 1070; x_wconf 74' lang='grc' dir='ltr'>καὶ</span> <span class='ocrx_word' id='word_1_173' title='bbox 3387 1017 3476 1072; x_wconf 88' lang='grc' dir='ltr'><strong>διά</strong></span> <span class='ocrx_word' id='word_1_174' title='bbox 3503 1020 3606 1092; x_wconf 80' lang='grc' dir='ltr'>τῆς</span> 
     </span>
    </p>
   </div>
   <div class='ocr_carea' id='block_1_25' title="bbox 2027 1092 3603 1177">
    <p class='ocr_par' dir='ltr' id='par_1_25' title="bbox 2027 1092 3603 1177">
     <span class='ocr_line' id='line_1_25' title="bbox 2027 1092 3603 1177; baseline 0.011 -31"><span class='ocrx_word' id='word_1_175' title='bbox 2027 1092 2122 1147; x_wconf 78' lang='grc' dir='ltr'>τοῦ</span> <span class='ocrx_word' id='word_1_176' title='bbox 2174 1094 2423 1168; x_wconf 79' lang='grc' dir='ltr'>Σωτῆρος</span> <span class='ocrx_word' id='word_1_177' title='bbox 2465 1096 2822 1169; x_wconf 70' lang='grc' dir='ltr'>εὐαΠελικῆς</span> <span class='ocrx_word' id='word_1_178' title='bbox 2865 1098 3191 1166; x_wconf 81' lang='grc' dir='ltr'>ἀποδείξεως</span> <span class='ocrx_word' id='word_1_179' title='bbox 3243 1121 3603 1177; x_wconf 83' lang='grc' dir='ltr'>πραγματευ-</span> 
     </span>
    </p>
   </div>
   <div class='ocr_carea' id='block_1_26' title="bbox 2027 1183 3602 1269">
    <p class='ocr_par' dir='ltr' id='par_1_26' title="bbox 2027 1183 3602 1269">
     <span class='ocr_line' id='line_1_26' title="bbox 2027 1183 3602 1269; baseline 0.011 -32"><span class='ocrx_word' id='word_1_180' title='bbox 2027 1183 2208 1252; x_wconf 84' lang='grc' dir='ltr'>θέντα,</span> <span class='ocrx_word' id='word_1_181' title='bbox 2235 1186 2307 1241; x_wconf 88' lang='grc' dir='ltr'><strong>τά</strong></span> <span class='ocrx_word' id='word_1_182' title='bbox 2331 1204 2390 1240; x_wconf 91' lang='grc' dir='ltr'><strong>τε</strong></span> <span class='ocrx_word' id='word_1_183' title='bbox 2422 1186 2542 1242; x_wconf 87' lang='grc' dir='ltr'>καθ’</span> <span class='ocrx_word' id='word_1_184' title='bbox 2571 1189 2718 1259; x_wconf 86' lang='grc' dir='ltr'><strong>ήμᾶς</strong></span> <span class='ocrx_word' id='word_1_185' title='bbox 2737 1189 2930 1255; x_wconf 80' lang='grc' dir='ltr'>αὐτοὺς</span> <span class='ocrx_word' id='word_1_186' title='bbox 2959 1192 3125 1245; x_wconf 88' lang='grc' dir='ltr'>εἰσέτι</span> <span class='ocrx_word' id='word_1_187' title='bbox 3146 1193 3239 1247; x_wconf 82' lang='grc' dir='ltr'>νῦν</span> <span class='ocrx_word' id='word_1_188' title='bbox 3262 1196 3370 1268; x_wconf 75' lang='grc' dir='ltr'><strong>πρὸ</strong></span> <span class='ocrx_word' id='word_1_189' title='bbox 3402 1198 3602 1269; x_wconf 86' lang='grc' dir='ltr'>ὀφθαλ-</span> 
     </span>
    </p>
   </div>
   <div class='ocr_carea' id='block_1_27' title="bbox 2027 1274 3602 1357">
    <p class='ocr_par' dir='ltr' id='par_1_27' title="bbox 2027 1274 3602 1357">
     <span class='ocr_line' id='line_1_27' title="bbox 2027 1274 3602 1357; baseline 0.011 -30"><span class='ocrx_word' id='word_1_190' title='bbox 2027 1274 2144 1344; x_wconf 86' lang='grc' dir='ltr'><strong>μῶν</strong></span> <span class='ocrx_word' id='word_1_191' title='bbox 2167 1275 2562 1349; x_wconf 77' lang='grc' dir='ltr'>συντελούμενα</span> <span class='ocrx_word' id='word_1_192' title='bbox 2602 1278 2730 1350; x_wconf 87' lang='grc' dir='ltr'>θείῳ</span> <span class='ocrx_word' id='word_1_193' title='bbox 2761 1280 3035 1352; x_wconf 89' lang='grc' dir='ltr'>Πνεύματι</span> <span class='ocrx_word' id='word_1_194' title='bbox 3068 1285 3493 1357; x_wconf 56' lang='grc' dir='ltr'>προειληφότας</span> <span class='ocrx_word' id='word_1_195' title='bbox 3522 1291 3602 1357; x_wconf 84' lang='grc' dir='ltr'>ὡς</span> 
     </span>
    </p>
   </div>
   <div class='ocr_carea' id='block_1_28' title="bbox 2022 1362 3599 1450">
    <p class='ocr_par' dir='ltr' id='par_1_28' title="bbox 2022 1362 3599 1450">
     <span class='ocr_line' id='line_1_28' title="bbox 2022 1362 3599 1450; baseline 0.011 -35"><span class='ocrx_word' id='word_1_196' title='bbox 2022 1362 2088 1415; x_wconf 85' lang='grc' dir='ltr'>ἂν</span> <span class='ocrx_word' id='word_1_197' title='bbox 2110 1364 2351 1436; x_wconf 87' lang='grc' dir='ltr'>παρόντα</span> <span class='ocrx_word' id='word_1_198' title='bbox 2372 1366 2441 1419; x_wconf 81' lang='grc' dir='ltr'>τὰ</span> <span class='ocrx_word' id='word_1_199' title='bbox 2464 1366 2539 1437; x_wconf 82' lang='grc' dir='ltr'>μὴ</span> <span class='ocrx_word' id='word_1_200' title='bbox 2566 1368 2827 1439; x_wconf 86' lang='grc' dir='ltr'>παρόντα,</span> <span class='ocrx_word' id='word_1_201' title='bbox 2858 1371 2949 1423; x_wconf 75' lang='grc' dir='ltr'><strong>καὶ</strong></span> <span class='ocrx_word' id='word_1_202' title='bbox 2972 1372 3039 1426; x_wconf 83' lang='grc' dir='ltr'><strong>τά</strong></span> <span class='ocrx_word' id='word_1_203' title='bbox 3074 1373 3296 1443; x_wconf 83' lang='grc' dir='ltr'>μηδέπω</span> <span class='ocrx_word' id='word_1_204' title='bbox 3332 1377 3599 1450; x_wconf 82' lang='grc' dir='ltr'>μηδαμῶς</span> 
     </span>
    </p>
   </div>
   <div class='ocr_carea' id='block_1_29' title="bbox 2020 1454 3598 1533">
    <p class='ocr_par' dir='ltr' id='par_1_29' title="bbox 2020 1454 3598 1533">
     <span class='ocr_line' id='line_1_29' title="bbox 2020 1454 3598 1533; baseline 0.013 -24"><span class='ocrx_word' id='word_1_205' title='bbox 2020 1454 2169 1522; x_wconf 77' lang='grc' dir='ltr'>ὄντα,</span> <span class='ocrx_word' id='word_1_206' title='bbox 2194 1458 2269 1522; x_wconf 85' lang='grc' dir='ltr'>ὼς</span> <span class='ocrx_word' id='word_1_207' title='bbox 2293 1460 2536 1532; x_wconf 78' lang='grc' dir='ltr'>ἐναργῶς</span> <span class='ocrx_word' id='word_1_208' title='bbox 2561 1462 2691 1517; x_wconf 77' lang='grc' dir='ltr'>ὄντα</span> <span class='ocrx_word' id='word_1_209' title='bbox 2715 1468 3163 1533; x_wconf 81' lang='grc' dir='ltr'>κατωπτευκότας</span> <span class='ocrx_word' id='word_1_210' title='bbox 3182 1486 3195 1499; x_wconf 81' lang='grc'><strong>’</strong></span> <span class='ocrx_word' id='word_1_211' title='bbox 3229 1472 3323 1524; x_wconf 78' lang='grc' dir='ltr'>καὶ</span> <span class='ocrx_word' id='word_1_212' title='bbox 3352 1473 3411 1525; x_wconf 86' lang='grc' dir='ltr'>οὐ</span> <span class='ocrx_word' id='word_1_213' title='bbox 3440 1474 3598 1530; x_wconf 84' lang='grc' dir='ltr'>τοῦτο</span> 
     </span>
    </p>
   </div>
   <div class='ocr_carea' id='block_1_30' title="bbox 2024 1548 3593 1637">
    <p class='ocr_par' dir='ltr' id='par_1_30' title="bbox 2024 1548 3593 1637">
     <span class='ocr_line' id='line_1_30' title="bbox 2024 1548 3593 1637; baseline 0.013 -37"><span class='ocrx_word' id='word_1_214' title='bbox 2024 1548 2202 1617; x_wconf 72' lang='grc' dir='ltr'>μόνον,</span> <span class='ocrx_word' id='word_1_215' title='bbox 2235 1550 2369 1605; x_wconf 90' lang='grc' dir='ltr'><strong>ἀλλά</strong></span> <span class='ocrx_word' id='word_1_216' title='bbox 2399 1553 2492 1605; x_wconf 77' lang='grc' dir='ltr'>καὶ</span> <span class='ocrx_word' id='word_1_217' title='bbox 2519 1556 2630 1617; x_wconf 81' lang='grc' dir='ltr'>τοῖς</span> <span class='ocrx_word' id='word_1_218' title='bbox 2676 1556 2969 1625; x_wconf 87' lang='grc' dir='ltr'>μετέπειτα</span> <span class='ocrx_word' id='word_1_219' title='bbox 2991 1558 3077 1613; x_wconf 89' lang='grc' dir='ltr'><strong>διά</strong></span> <span class='ocrx_word' id='word_1_220' title='bbox 3107 1562 3325 1634; x_wconf 72' lang='grc' dir='ltr'>γραφῆς</span> <span class='ocrx_word' id='word_1_221' title='bbox 3363 1564 3432 1618; x_wconf 75' lang='grc' dir='ltr'><strong>τὰ</strong></span> <span class='ocrx_word' id='word_1_222' title='bbox 3460 1567 3593 1637; x_wconf 68' lang='grc' dir='ltr'>μέλη</span> 
     </span>
    </p>
   </div>
   <div class='ocr_carea' id='block_1_31' title="bbox 2019 1638 3595 1727">
    <p class='ocr_par' dir='ltr' id='par_1_31' title="bbox 2019 1638 3595 1727">
     <span class='ocr_line' id='line_1_31' title="bbox 2019 1638 3595 1727; baseline 0.013 -35"><span class='ocrx_word' id='word_1_223' title='bbox 2019 1638 2181 1694; x_wconf 86' lang='grc' dir='ltr'>λοντά</span> <span class='ocrx_word' id='word_1_224' title='bbox 2218 1659 2347 1695; x_wconf 89' lang='grc' dir='ltr'>ποτε</span> <span class='ocrx_word' id='word_1_225' title='bbox 2377 1642 2593 1698; x_wconf 81' lang='grc' dir='ltr'>ἔσεσθαι</span> <span class='ocrx_word' id='word_1_226' title='bbox 2636 1649 3126 1720; x_wconf 83' lang='grc' dir='ltr'>προμεμηνυκότας</span> <span class='ocrx_word' id='word_1_227' title='bbox 3146 1668 3159 1682; x_wconf 88' lang='grc'><strong>·</strong></span> <span class='ocrx_word' id='word_1_228' title='bbox 3191 1652 3333 1706; x_wconf 82' lang='grc' dir='ltr'>ὥστε</span> <span class='ocrx_word' id='word_1_229' title='bbox 3366 1655 3466 1727; x_wconf 80' lang='grc' dir='ltr'><strong>ήδη</strong></span> <span class='ocrx_word' id='word_1_230' title='bbox 3498 1655 3595 1713; x_wconf 74' lang='grc' dir='ltr'>καὶ</span> 
     </span>
    </p>
   </div>
   <div class='ocr_carea' id='block_1_32' title="bbox 341 1726 1895 1820">
    <p class='ocr_par' dir='ltr' id='par_1_32' title="bbox 341 1726 1895 1803">
     <span class='ocr_line' id='line_1_32' title="bbox 341 1726 1895 1803; baseline 0.001 -19"><span class='ocrx_word' id='word_1_231' title='bbox 341 1726 439 1784; x_wconf 84' lang='lat' dir='ltr'><strong>sed</strong></span> <span class='ocrx_word' id='word_1_232' title='bbox 484 1730 647 1784; x_wconf 88' lang='lat' dir='ltr'><strong>etiam</strong></span> <span class='ocrx_word' id='word_1_233' title='bbox 681 1731 917 1801; x_wconf 85' lang='lat' dir='ltr'><strong>posteris</strong></span> <span class='ocrx_word' id='word_1_234' title='bbox 950 1731 1157 1802; x_wconf 90' lang='lat' dir='ltr'><strong>scripto</strong></span> <span class='ocrx_word' id='word_1_235' title='bbox 1196 1745 1319 1803; x_wconf 85' lang='lat' dir='ltr'><strong>quae</strong></span> <span class='ocrx_word' id='word_1_236' title='bbox 1357 1731 1485 1786; x_wconf 83' lang='lat' dir='ltr'><strong>olim</strong></span> <span class='ocrx_word' id='word_1_237' title='bbox 1518 1741 1703 1788; x_wconf 87' lang='lat' dir='ltr'><strong>essent</strong></span> <span class='ocrx_word' id='word_1_238' title='bbox 1730 1731 1895 1787; x_wconf 83' lang='lat' dir='ltr'><strong>futur:</strong></span> 
     </span>
    </p>
   </div>
   <div class='ocr_carea' id='block_1_33' title="bbox 1998 1726 3592 1820">
    <p class='ocr_par' dir='ltr' id='par_1_33' title="bbox 2015 1726 3592 1820">
     <span class='ocr_line' id='line_1_33' title="bbox 2015 1726 3592 1820; baseline 0.013 -37"><span class='ocrx_word' id='word_1_239' title='bbox 2015 1731 2234 1803; x_wconf 85' lang='grc' dir='ltr'>ἐτέρους</span> <span class='ocrx_word' id='word_1_240' title='bbox 2257 1732 2316 1799; x_wconf 78' lang='grc' dir='ltr'>ἐξ</span> <span class='ocrx_word' id='word_1_241' title='bbox 2347 1735 2525 1791; x_wconf 80' lang='grc' dir='ltr'>αὐτῶν</span> <span class='ocrx_word' id='word_1_242' title='bbox 2565 1736 2763 1792; x_wconf 88' lang='grc' dir='ltr'>εἰδέναι</span> <span class='ocrx_word' id='word_1_243' title='bbox 2795 1756 2856 1793; x_wconf 90' lang='grc' dir='ltr'><strong>τε</strong></span> <span class='ocrx_word' id='word_1_244' title='bbox 2880 1743 2975 1794; x_wconf 80' lang='grc' dir='ltr'>καὶ</span> <span class='ocrx_word' id='word_1_245' title='bbox 3006 1743 3292 1815; x_wconf 76' lang='grc' dir='ltr'>γνωρίζειν</span> <span class='ocrx_word' id='word_1_246' title='bbox 3311 1746 3372 1800; x_wconf 79' lang='grc' dir='ltr'>τὸ</span> <span class='ocrx_word' id='word_1_247' title='bbox 3392 1726 3592 1820; x_wconf 78' lang='grc' dir='ltr'>μέλλον</span> 
     </span>
    </p>
   </div>
   <div class='ocr_carea' id='block_1_34' title="bbox 342 1821 1912 1895">
    <p class='ocr_par' dir='ltr' id='par_1_34' title="bbox 342 1821 1912 1895">
     <span class='ocr_line' id='line_1_34' title="bbox 342 1821 1912 1895; baseline 0.003 -19"><span class='ocrx_word' id='word_1_248' title='bbox 342 1821 738 1894; x_wconf 83' lang='lat' dir='ltr'><strong>praesignarent</strong></span> <span class='ocrx_word' id='word_1_249' title='bbox 778 1841 791 1878; x_wconf 90' lang='lat'><strong>:</strong></span> <span class='ocrx_word' id='word_1_250' title='bbox 824 1829 886 1877; x_wconf 90' lang='lat' dir='ltr'><strong>ut</strong></span> <span class='ocrx_word' id='word_1_251' title='bbox 913 1822 1027 1894; x_wconf 85' lang='lat' dir='ltr'><strong>jam</strong></span> <span class='ocrx_word' id='word_1_252' title='bbox 1067 1822 1160 1878; x_wconf 86' lang='lat' dir='ltr'><strong>alii</strong></span> <span class='ocrx_word' id='word_1_253' title='bbox 1199 1838 1418 1895; x_wconf 85' lang='lat' dir='ltr'><strong>quoque</strong></span> <span class='ocrx_word' id='word_1_254' title='bbox 1452 1838 1517 1883; x_wconf 88' lang='lat' dir='ltr'><strong>ex</strong></span> <span class='ocrx_word' id='word_1_255' title='bbox 1556 1823 1667 1885; x_wconf 85' lang='lat' dir='ltr'><strong>illis</strong></span> <span class='ocrx_word' id='word_1_256' title='bbox 1706 1823 1912 1880; x_wconf 84' lang='lat' dir='ltr'><strong>scirent</strong></span> 
     </span>
    </p>
   </div>
   <div class='ocr_carea' id='block_1_35' title="bbox 341 1913 1910 1986">
    <p class='ocr_par' dir='ltr' id='par_1_35' title="bbox 341 1913 1910 1986">
     <span class='ocr_line' id='line_1_35' title="bbox 341 1913 1910 1986; baseline -0.001 -16"><span class='ocrx_word' id='word_1_257' title='bbox 341 1914 524 1972; x_wconf 84' lang='lat' dir='ltr'><strong>futura</strong></span> <span class='ocrx_word' id='word_1_258' title='bbox 576 1924 1114 1986; x_wconf 87' lang='lat' dir='ltr'><strong>cognoscerentque,</strong></span> <span class='ocrx_word' id='word_1_259' title='bbox 1169 1922 1226 1970; x_wconf 88' lang='lat' dir='ltr'><strong>et</strong></span> <span class='ocrx_word' id='word_1_260' title='bbox 1278 1913 1521 1985; x_wconf 83' lang='lat' dir='ltr'><strong>quotidie</strong></span> <span class='ocrx_word' id='word_1_261' title='bbox 1561 1915 1910 1971; x_wconf 77' lang='lat' dir='ltr'><strong>oraculorum</strong></span> 
     </span>
    </p>
   </div>
   <div class='ocr_carea' id='block_1_36' title="bbox 340 2002 1908 2076">
    <p class='ocr_par' dir='ltr' id='par_1_36' title="bbox 340 2002 1908 2076">
     <span class='ocr_line' id='line_1_36' title="bbox 340 2002 1908 2076; baseline -0.002 -15"><span class='ocrx_word' id='word_1_262' title='bbox 340 2006 556 2063; x_wconf 87' lang='lat' dir='ltr'><strong>illorum</strong></span> <span class='ocrx_word' id='word_1_263' title='bbox 594 2015 820 2063; x_wconf 85' lang='lat' dir='ltr'><strong>eventus</strong></span> <span class='ocrx_word' id='word_1_264' title='bbox 864 2013 919 2062; x_wconf 89' lang='lat' dir='ltr'><strong>et</strong></span> <span class='ocrx_word' id='word_1_265' title='bbox 958 2003 1183 2061; x_wconf 79' lang='lat' dir='ltr'><strong>eﬁectus</strong></span> <span class='ocrx_word' id='word_1_266' title='bbox 1218 2005 1683 2076; x_wconf 67' lang='lat' dir='ltr'><strong>praestolarentur.</strong></span> <span class='ocrx_word' id='word_1_267' title='bbox 1714 2002 1908 2072; x_wconf 84' lang='lat' dir='ltr'><strong>Qualia</strong></span> 
     </span>
    </p>
   </div>
   <div class='ocr_carea' id='block_1_37' title="bbox 337 2097 1909 2168">
    <p class='ocr_par' dir='ltr' id='par_1_37' title="bbox 337 2097 1909 2168">
     <span class='ocr_line' id='line_1_37' title="bbox 337 2097 1909 2168; baseline -0.001 -13"><span class='ocrx_word' id='word_1_268' title='bbox 337 2112 467 2155; x_wconf 87' lang='lat' dir='ltr'><strong>vero</strong></span> <span class='ocrx_word' id='word_1_269' title='bbox 502 2097 868 2153; x_wconf 76' lang='lat' dir='ltr'><strong>illa‘tinﬁnita</strong></span> <span class='ocrx_word' id='word_1_270' title='bbox 906 2111 1060 2165; x_wconf 89' lang='lat' dir='ltr'><strong>sane,</strong></span> <span class='ocrx_word' id='word_1_271' title='bbox 1115 2097 1331 2168; x_wconf 89' lang='lat' dir='ltr'><strong>aliaque</strong></span> <span class='ocrx_word' id='word_1_272' title='bbox 1373 2097 1697 2161; x_wconf 84' lang='lat' dir='ltr'><strong>omnlvaria,</strong></span> <span class='ocrx_word' id='word_1_273' title='bbox 1740 2105 1794 2152; x_wconf 88' lang='lat' dir='ltr'><strong>et</strong></span> <span class='ocrx_word' id='word_1_274' title='bbox 1839 2097 1909 2153; x_wconf 88' lang='lat' dir='ltr'><strong>de</strong></span> 
     </span>
    </p>
   </div>
   <div class='ocr_carea' id='block_1_38' title="bbox 336 2185 1904 2257">
    <p class='ocr_par' dir='ltr' id='par_1_38' title="bbox 336 2185 1904 2257">
     <span class='ocr_line' id='line_1_38' title="bbox 336 2185 1904 2257; baseline -0.001 -14"><span class='ocrx_word' id='word_1_275' title='bbox 336 2187 592 2243; x_wconf 82' lang='lat' dir='ltr'><strong>omnibus</strong></span> <span class='ocrx_word' id='word_1_276' title='bbox 644 2186 1027 2242; x_wconf 79' lang='lat' dir='ltr'><strong>communibus</strong></span> <span class='ocrx_word' id='word_1_277' title='bbox 1078 2185 1283 2257; x_wconf 89' lang='lat' dir='ltr'><strong>pariter</strong></span> <span class='ocrx_word' id='word_1_278' title='bbox 1336 2194 1391 2241; x_wconf 92' lang='lat' dir='ltr'><strong>et</strong></span> <span class='ocrx_word' id='word_1_279' title='bbox 1446 2186 1904 2257; x_wconf 80' lang='lat' dir='ltr'><strong>particularibus,</strong></span> 
     </span>
    </p>
   </div>
   <div class='ocr_carea' id='block_1_39' title="bbox 334 2276 1906 2350">
    <p class='ocr_par' dir='ltr' id='par_1_39' title="bbox 334 2276 1906 2350">
     <span class='ocr_line' id='line_1_39' title="bbox 334 2276 1906 2350; baseline 0.001 -18"><span class='ocrx_word' id='word_1_280' title='bbox 334 2277 691 2350; x_wconf 62' lang='lat' dir='ltr'><strong>qumquejam</strong></span> <span class='ocrx_word' id='word_1_281' title='bbox 719 2276 965 2347; x_wconf 75' lang='lat' dir='ltr'><strong>singulos</strong></span> <span class='ocrx_word' id='word_1_282' title='bbox 996 2283 1307 2348; x_wconf 87' lang='lat' dir='ltr'><strong>spectarent</strong></span> <span class='ocrx_word' id='word_1_283' title='bbox 1329 2277 1598 2344; x_wconf 87' lang='lat' dir='ltr'><strong>bomines,</strong></span> <span class='ocrx_word' id='word_1_284' title='bbox 1626 2278 1740 2349; x_wconf 80' lang='lat' dir='ltr'><strong>jam</strong></span> <span class='ocrx_word' id='word_1_285' title='bbox 1770 2278 1906 2334; x_wconf 88' lang='lat' dir='ltr'><strong>inte-</strong></span> 
     </span>
    </p>
   </div>
   <div class='ocr_carea' id='block_1_40' title="bbox 332 2368 1908 2441">
    <p class='ocr_par' dir='ltr' id='par_1_40' title="bbox 332 2368 1908 2441">
     <span class='ocr_line' id='line_1_40' title="bbox 332 2368 1908 2441; baseline 0.001 -17"><span class='ocrx_word' id='word_1_286' title='bbox 332 2386 458 2441; x_wconf 83' lang='lat' dir='ltr'><strong>gras</strong></span> <span class='ocrx_word' id='word_1_287' title='bbox 502 2369 924 2437; x_wconf 89' lang='lat' dir='ltr'><strong>universitates;</strong></span> <span class='ocrx_word' id='word_1_288' title='bbox 957 2369 1284 2439; x_wconf 87' lang='lat' dir='ltr'><strong>proprieque</strong></span> <span class='ocrx_word' id='word_1_289' title='bbox 1325 2369 1392 2424; x_wconf 90' lang='lat' dir='ltr'><strong>de</strong></span> <span class='ocrx_word' id='word_1_290' title='bbox 1438 2370 1602 2426; x_wconf 90' lang='lat' dir='ltr'><strong>rebus</strong></span> <span class='ocrx_word' id='word_1_291' title='bbox 1650 2368 1908 2425; x_wconf 65' lang='grc' dir='ltr'><strong>ΗΘΜ-σεο-</strong></span> 
     </span>
    </p>
   </div>
   <div class='ocr_carea' id='block_1_41' title="bbox 332 2460 1900 2532">
    <p class='ocr_par' dir='ltr' id='par_1_41' title="bbox 332 2460 1900 2532">
     <span class='ocr_line' id='line_1_41' title="bbox 332 2460 1900 2532; baseline -0.002 -15"><span class='ocrx_word' id='word_1_292' title='bbox 332 2478 475 2527; x_wconf 90' lang='lat' dir='ltr'><strong>rum,</strong></span> <span class='ocrx_word' id='word_1_293' title='bbox 505 2468 667 2532; x_wconf 89' lang='lat' dir='ltr'><strong>atque</strong></span> <span class='ocrx_word' id='word_1_294' title='bbox 694 2461 946 2516; x_wconf 83' lang='lat' dir='ltr'><strong>similiter</strong></span> <span class='ocrx_word' id='word_1_295' title='bbox 982 2460 1050 2515; x_wconf 89' lang='lat' dir='ltr'><strong>de</strong></span> <span class='ocrx_word' id='word_1_296' title='bbox 1083 2462 1326 2517; x_wconf 77' lang='lat' dir='ltr'><strong>externis</strong></span> <span class='ocrx_word' id='word_1_297' title='bbox 1352 2461 1604 2531; x_wconf 82' lang='lat' dir='ltr'><strong>gentibus</strong></span> <span class='ocrx_word' id='word_1_298' title='bbox 1629 2479 1645 2529; x_wconf 88' lang='lat'><strong>;</strong></span> <span class='ocrx_word' id='word_1_299' title='bbox 1677 2469 1737 2516; x_wconf 89' lang='lat' dir='ltr'><strong>ut</strong></span> <span class='ocrx_word' id='word_1_300' title='bbox 1766 2468 1900 2518; x_wconf 89' lang='lat' dir='ltr'><strong>sunt</strong></span> 
     </span>
    </p>
   </div>
   <div class='ocr_carea' id='block_1_42' title="bbox 330 2554 1896 2624">
    <p class='ocr_par' dir='ltr' id='par_1_42' title="bbox 330 2554 1896 2624">
     <span class='ocr_line' id='line_1_42' title="bbox 330 2554 1896 2624; baseline -0.001 -15"><span class='ocrx_word' id='word_1_301' title='bbox 330 2554 644 2610; x_wconf 85' lang='lat' dir='ltr'><strong>eversiones</strong></span> <span class='ocrx_word' id='word_1_302' title='bbox 686 2554 928 2617; x_wconf 86' lang='lat' dir='ltr'><strong>urbium,</strong></span> <span class='ocrx_word' id='word_1_303' title='bbox 965 2562 1289 2624; x_wconf 70' lang='lat' dir='ltr'><strong>temporum</strong></span> <span class='ocrx_word' id='word_1_304' title='bbox 1320 2555 1677 2617; x_wconf 87' lang='lat' dir='ltr'><strong>mutationes,</strong></span> <span class='ocrx_word' id='word_1_305' title='bbox 1710 2568 1896 2609; x_wconf 88' lang='lat' dir='ltr'><strong>rerum</strong></span> 
     </span>
    </p>
   </div>
   <div class='ocr_carea' id='block_1_43' title="bbox 326 2644 1904 2716">
    <p class='ocr_par' dir='ltr' id='par_1_43' title="bbox 326 2644 1904 2716">
     <span class='ocr_line' id='line_1_43' title="bbox 326 2644 1904 2716; baseline -0.001 -15"><span class='ocrx_word' id='word_1_306' title='bbox 326 2644 755 2711; x_wconf 86' lang='lat' dir='ltr'><strong>vicissitudines,</strong></span> <span class='ocrx_word' id='word_1_307' title='bbox 813 2644 1303 2716; x_wconf 76' lang='lat' dir='ltr'><strong>adfuturorumque</strong></span> <span class='ocrx_word' id='word_1_308' title='bbox 1351 2645 1617 2700; x_wconf 88' lang='lat' dir='ltr'><strong>bonorum</strong></span> <span class='ocrx_word' id='word_1_309' title='bbox 1663 2660 1904 2715; x_wconf 71' lang='lat' dir='ltr'><strong>praesen-</strong></span> 
     </span>
    </p>
   </div>
   <div class='ocr_carea' id='block_1_44' title="bbox 328 2740 1900 2810">
    <p class='ocr_par' dir='ltr' id='par_1_44' title="bbox 328 2740 1900 2810">
     <span class='ocr_line' id='line_1_44' title="bbox 328 2740 1900 2810; baseline 0.001 -17"><span class='ocrx_word' id='word_1_310' title='bbox 328 2740 481 2804; x_wconf 80' lang='lat' dir='ltr'><strong>tiam,</strong></span> <span class='ocrx_word' id='word_1_311' title='bbox 514 2747 568 2796; x_wconf 93' lang='lat' dir='ltr'><strong>et</strong></span> <span class='ocrx_word' id='word_1_312' title='bbox 628 2741 906 2796; x_wconf 87' lang='lat' dir='ltr'><strong>contraria</strong></span> <span class='ocrx_word' id='word_1_313' title='bbox 952 2740 1295 2795; x_wconf 88' lang='lat' dir='ltr'><strong>immittenda</strong></span> <span class='ocrx_word' id='word_1_314' title='bbox 1344 2740 1507 2804; x_wconf 87' lang='lat' dir='ltr'><strong>mala,</strong></span> <span class='ocrx_word' id='word_1_315' title='bbox 1555 2747 1616 2795; x_wconf 93' lang='lat' dir='ltr'><strong>ut</strong></span> <span class='ocrx_word' id='word_1_316' title='bbox 1658 2742 1900 2810; x_wconf 88' lang='lat' dir='ltr'><strong>gentium</strong></span> 
     </span>
    </p>
   </div>
   <div class='ocr_carea' id='block_1_45' title="bbox 325 2828 1899 2900">
    <p class='ocr_par' dir='ltr' id='par_1_45' title="bbox 325 2828 1899 2900">
     <span class='ocr_line' id='line_1_45' title="bbox 325 2828 1899 2900; baseline -0.001 -16"><span class='ocrx_word' id='word_1_317' title='bbox 325 2828 743 2900; x_wconf 84' lang='lat' dir='ltr'><strong>subjugationes</strong></span> <span class='ocrx_word' id='word_1_318' title='bbox 797 2844 862 2884; x_wconf 90' lang='lat' dir='ltr'><strong>ac</strong></span> <span class='ocrx_word' id='word_1_319' title='bbox 904 2832 1259 2893; x_wconf 84' lang='lat' dir='ltr'><strong>servitutem,</strong></span> <span class='ocrx_word' id='word_1_320' title='bbox 1305 2829 1524 2883; x_wconf 85' lang='lat' dir='ltr'><strong>urbium</strong></span> <span class='ocrx_word' id='word_1_321' title='bbox 1565 2829 1899 2894; x_wconf 88' lang='lat' dir='ltr'><strong>obsidiones,</strong></span> 
     </span>
    </p>
   </div>
   <div class='ocr_carea' id='block_1_46' title="bbox 325 2918 1897 2991">
    <p class='ocr_par' dir='ltr' id='par_1_46' title="bbox 325 2918 1897 2991">
     <span class='ocr_line' id='line_1_46' title="bbox 325 2918 1897 2991; baseline 0.001 -20"><span class='ocrx_word' id='word_1_322' title='bbox 325 2918 660 2990; x_wconf 89' lang='lat' dir='ltr'><strong>integrorum</strong></span> <span class='ocrx_word' id='word_1_323' title='bbox 683 2935 975 2991; x_wconf 90' lang='lat' dir='ltr'><strong>regnorum</strong></span> <span class='ocrx_word' id='word_1_324' title='bbox 1003 2921 1320 2977; x_wconf 88' lang='lat' dir='ltr'><strong>eversiones</strong></span> <span class='ocrx_word' id='word_1_325' title='bbox 1345 2920 1427 2975; x_wconf 88' lang='lat' dir='ltr'><strong>vel</strong></span> <span class='ocrx_word' id='word_1_326' title='bbox 1448 2919 1897 2985; x_wconf 82' lang='lat' dir='ltr'><strong>instaurationes,</strong></span> 
     </span>
    </p>
   </div>
   <div class='ocr_carea' id='block_1_47' title="bbox 2009 1820 3591 1904">
    <p class='ocr_par' dir='ltr' id='par_1_47' title="bbox 2009 1820 3591 1904">
     <span class='ocr_line' id='line_1_47' title="bbox 2009 1820 3591 1904; baseline 0.014 -30"><span class='ocrx_word' id='word_1_327' title='bbox 2009 1820 2565 1899; x_wconf 80' lang='grc' dir='ltr'>δύνασθαι,ὁσημέραι</span> <span class='ocrx_word' id='word_1_328' title='bbox 2592 1844 2652 1881; x_wconf 84' lang='grc' dir='ltr'><strong>τε</strong></span> <span class='ocrx_word' id='word_1_329' title='bbox 2677 1831 2977 1904; x_wconf 81' lang='grc' dir='ltr'>προσδοκᾷν</span> <span class='ocrx_word' id='word_1_330' title='bbox 2996 1833 3102 1889; x_wconf 89' lang='grc' dir='ltr'><strong>τῶν</strong></span> <span class='ocrx_word' id='word_1_331' title='bbox 3126 1834 3320 1904; x_wconf 82' lang='grc' dir='ltr'>λογίων</span> <span class='ocrx_word' id='word_1_332' title='bbox 3352 1839 3420 1892; x_wconf 86' lang='grc' dir='ltr'><strong>τά</strong></span> <span class='ocrx_word' id='word_1_333' title='bbox 3450 1840 3591 1895; x_wconf 81' lang='grc' dir='ltr'>ἀπο-</span> 
     </span>
    </p>
   </div>
   <div class='ocr_carea' id='block_1_48' title="bbox 2008 1911 3589 1998">
    <p class='ocr_par' dir='ltr' id='par_1_48' title="bbox 2008 1911 3589 1998">
     <span class='ocr_line' id='line_1_48' title="bbox 2008 1911 3589 1998; baseline 0.013 -35"><span class='ocrx_word' id='word_1_334' title='bbox 2008 1911 2335 1985; x_wconf 81' lang='grc' dir='ltr'>τελέσματα.</span> <span class='ocrx_word' id='word_1_335' title='bbox 2375 1914 2511 1969; x_wconf 88' lang='grc' dir='ltr'>Ποῖα</span> <span class='ocrx_word' id='word_1_336' title='bbox 2547 1916 2605 1970; x_wconf 80' lang='grc' dir='ltr'><strong>δέ</strong></span> <span class='ocrx_word' id='word_1_337' title='bbox 2656 1918 2858 1985; x_wconf 74' lang='grc' dir='ltr'>ταῦτας</span> <span class='ocrx_word' id='word_1_338' title='bbox 2912 1922 3079 1992; x_wconf 90' lang='grc' dir='ltr'>μυρία</span> <span class='ocrx_word' id='word_1_339' title='bbox 3119 1925 3218 1994; x_wconf 86' lang='grc' dir='ltr'>μὲν</span> <span class='ocrx_word' id='word_1_340' title='bbox 3258 1924 3324 1981; x_wconf 84' lang='grc' dir='ltr'><strong>ἀν</strong></span> <span class='ocrx_word' id='word_1_341' title='bbox 3351 1927 3460 1998; x_wconf 74' lang='grc' dir='ltr'>εἴη,</span> <span class='ocrx_word' id='word_1_342' title='bbox 3494 1930 3589 1983; x_wconf 77' lang='grc' dir='ltr'>καὶ</span> 
     </span>
    </p>
   </div>
   <div class='ocr_carea' id='block_1_49' title="bbox 2009 2000 3589 2079">
    <p class='ocr_par' dir='ltr' id='par_1_49' title="bbox 2009 2000 3589 2079">
     <span class='ocr_line' id='line_1_49' title="bbox 2009 2000 3589 2079; baseline 0.012 -25"><span class='ocrx_word' id='word_1_343' title='bbox 2009 2000 2144 2054; x_wconf 81' lang='grc' dir='ltr'>ἄλλα</span> <span class='ocrx_word' id='word_1_344' title='bbox 2194 2005 2424 2057; x_wconf 87' lang='grc' dir='ltr'>παντοῖά</span> <span class='ocrx_word' id='word_1_345' title='bbox 2458 2021 2540 2071; x_wconf 89' lang='grc' dir='ltr'><strong>τε,</strong></span> <span class='ocrx_word' id='word_1_346' title='bbox 2573 2008 2666 2061; x_wconf 79' lang='grc' dir='ltr'>καὶ</span> <span class='ocrx_word' id='word_1_347' title='bbox 2714 2010 2844 2079; x_wconf 73' lang='grc' dir='ltr'>περὶ</span> <span class='ocrx_word' id='word_1_348' title='bbox 2887 2010 3125 2078; x_wconf 85' lang='grc' dir='ltr'>πάντων,</span> <span class='ocrx_word' id='word_1_349' title='bbox 3159 2014 3354 2068; x_wconf 87' lang='grc' dir='ltr'>κοινῶν</span> <span class='ocrx_word' id='word_1_350' title='bbox 3383 2033 3443 2070; x_wconf 88' lang='grc' dir='ltr'><strong>τε</strong></span> <span class='ocrx_word' id='word_1_351' title='bbox 3493 2020 3589 2075; x_wconf 80' lang='grc' dir='ltr'>καὶ</span> 
     </span>
    </p>
   </div>
   <div class='ocr_carea' id='block_1_50' title="bbox 2006 2090 3586 2181">
    <p class='ocr_par' dir='ltr' id='par_1_50' title="bbox 2006 2090 3586 2181">
     <span class='ocr_line' id='line_1_50' title="bbox 2006 2090 3586 2181; baseline 0.013 -37"><span class='ocrx_word' id='word_1_352' title='bbox 2006 2090 2115 2145; x_wconf 82' lang='grc' dir='ltr'><strong>τῶν</strong></span> <span class='ocrx_word' id='word_1_353' title='bbox 2144 2092 2249 2149; x_wconf 83' lang='grc' dir='ltr'><strong>ἀνά</strong></span> <span class='ocrx_word' id='word_1_354' title='bbox 2276 2094 2459 2167; x_wconf 85' lang='grc' dir='ltr'>μέρος,</span> <span class='ocrx_word' id='word_1_355' title='bbox 2489 2096 2610 2149; x_wconf 81' lang='grc' dir='ltr'>καθ’</span> <span class='ocrx_word' id='word_1_356' title='bbox 2637 2096 2940 2153; x_wconf 74' lang='grc' dir='ltr'>ἕκαστόντι</span> <span class='ocrx_word' id='word_1_357' title='bbox 2971 2101 3156 2175; x_wconf 82' lang='grc' dir='ltr'>ἀνδρα,</span> <span class='ocrx_word' id='word_1_358' title='bbox 3193 2107 3287 2159; x_wconf 77' lang='grc' dir='ltr'>καὶ</span> <span class='ocrx_word' id='word_1_359' title='bbox 3316 2109 3444 2181; x_wconf 81' lang='grc' dir='ltr'>περὶ</span> <span class='ocrx_word' id='word_1_360' title='bbox 3475 2110 3586 2165; x_wconf 85' lang='grc' dir='ltr'><strong>τῶν</strong></span> 
     </span>
    </p>
   </div>
   <div class='ocr_carea' id='block_1_51' title="bbox 2007 2184 3585 2273">
    <p class='ocr_par' dir='ltr' id='par_1_51' title="bbox 2007 2184 3585 2273">
     <span class='ocr_line' id='line_1_51' title="bbox 2007 2184 3585 2273; baseline 0.01 -34"><span class='ocrx_word' id='word_1_361' title='bbox 2007 2184 2234 2239; x_wconf 84' lang='grc' dir='ltr'>καθόλου</span> <span class='ocrx_word' id='word_1_362' title='bbox 2253 2204 2264 2216; x_wconf 96' lang='grc'>·</span> <span class='ocrx_word' id='word_1_363' title='bbox 2301 2186 2443 2251; x_wconf 84' lang='grc' dir='ltr'>ἰδίως</span> <span class='ocrx_word' id='word_1_364' title='bbox 2466 2205 2523 2241; x_wconf 84' lang='grc' dir='ltr'><strong>τε</strong></span> <span class='ocrx_word' id='word_1_365' title='bbox 2557 2189 2697 2260; x_wconf 75' lang='grc' dir='ltr'>ἀμφὶ</span> <span class='ocrx_word' id='word_1_366' title='bbox 2724 2191 2834 2244; x_wconf 90' lang='grc' dir='ltr'><strong>τῶν</strong></span> <span class='ocrx_word' id='word_1_367' title='bbox 2861 2193 2981 2246; x_wconf 83' lang='grc' dir='ltr'>καθ’</span> <span class='ocrx_word' id='word_1_368' title='bbox 3021 2195 3304 2268; x_wconf 85' lang='grc' dir='ltr'>Ἐϐραίους</span> <span class='ocrx_word' id='word_1_369' title='bbox 3324 2202 3585 2273; x_wconf 84' lang='grc' dir='ltr'>πραγμά-</span> 
     </span>
    </p>
   </div>
   <div class='ocr_carea' id='block_1_52' title="bbox 2006 2274 3581 2367">
    <p class='ocr_par' dir='ltr' id='par_1_52' title="bbox 2006 2274 3581 2367">
     <span class='ocr_line' id='line_1_52' title="bbox 2006 2274 3581 2367; baseline 0.011 -37"><span class='ocrx_word' id='word_1_370' title='bbox 2006 2292 2136 2367; x_wconf 84' lang='grc' dir='ltr'>των,</span> <span class='ocrx_word' id='word_1_371' title='bbox 2182 2278 2276 2332; x_wconf 78' lang='grc' dir='ltr'>καὶ</span> <span class='ocrx_word' id='word_1_372' title='bbox 2305 2274 2369 2332; x_wconf 78' lang='grc' dir='ltr'>αὖ</span> <span class='ocrx_word' id='word_1_373' title='bbox 2404 2280 2562 2335; x_wconf 88' lang='grc' dir='ltr'>πάλιν</span> <span class='ocrx_word' id='word_1_374' title='bbox 2605 2282 2732 2353; x_wconf 76' lang='grc' dir='ltr'>περὶ</span> <span class='ocrx_word' id='word_1_375' title='bbox 2763 2282 2870 2337; x_wconf 89' lang='grc' dir='ltr'><strong>τῶν</strong></span> <span class='ocrx_word' id='word_1_376' title='bbox 2905 2283 3100 2349; x_wconf 76' lang='grc' dir='ltr'>ἔξωθεν</span> <span class='ocrx_word' id='word_1_377' title='bbox 3139 2288 3338 2342; x_wconf 86' lang='grc' dir='ltr'>ἐθνῶν·</span> <span class='ocrx_word' id='word_1_378' title='bbox 3374 2287 3485 2346; x_wconf 76' lang='grc' dir='ltr'>οἷον</span> <span class='ocrx_word' id='word_1_379' title='bbox 3514 2294 3581 2367; x_wconf 79' lang='grc' dir='ltr'>δὴ</span> 
     </span>
    </p>
   </div>
   <div class='ocr_carea' id='block_1_53' title="bbox 2007 2365 3583 2453">
    <p class='ocr_par' dir='ltr' id='par_1_53' title="bbox 2007 2365 3583 2453">
     <span class='ocr_line' id='line_1_53' title="bbox 2007 2365 3583 2453; baseline 0.01 -35"><span class='ocrx_word' id='word_1_380' title='bbox 2007 2365 2212 2419; x_wconf 78' lang='grc' dir='ltr'>πόλεων</span> <span class='ocrx_word' id='word_1_381' title='bbox 2238 2367 2575 2434; x_wconf 86' lang='grc' dir='ltr'>ἀναστάσεις,</span> <span class='ocrx_word' id='word_1_382' title='bbox 2604 2370 2810 2441; x_wconf 90' lang='grc' dir='ltr'>καιρῶν</span> <span class='ocrx_word' id='word_1_383' title='bbox 2836 2388 2892 2424; x_wconf 90' lang='grc' dir='ltr'><strong>τε</strong></span> <span class='ocrx_word' id='word_1_384' title='bbox 2921 2374 3176 2442; x_wconf 74' lang='grc' dir='ltr'>ἀλλαγὰς,</span> <span class='ocrx_word' id='word_1_385' title='bbox 3207 2379 3300 2430; x_wconf 72' lang='grc' dir='ltr'><strong>καὶ</strong></span> <span class='ocrx_word' id='word_1_386' title='bbox 3323 2365 3583 2453; x_wconf 56' lang='grc' dir='ltr'>πραγμάέ</span> 
     </span>
    </p>
   </div>
   <div class='ocr_carea' id='block_1_54' title="bbox 2004 2457 3577 2539">
    <p class='ocr_par' dir='ltr' id='par_1_54' title="bbox 2004 2457 3577 2539">
     <span class='ocr_line' id='line_1_54' title="bbox 2004 2457 3577 2539; baseline 0.011 -31"><span class='ocrx_word' id='word_1_387' title='bbox 2004 2472 2110 2510; x_wconf 87' lang='grc' dir='ltr'><strong>των</strong></span> <span class='ocrx_word' id='word_1_388' title='bbox 2165 2457 2484 2527; x_wconf 78' lang='grc' dir='ltr'>μεταϐολάς,</span> <span class='ocrx_word' id='word_1_389' title='bbox 2540 2459 2838 2529; x_wconf 83' lang='grc' dir='ltr'>μελλόντων</span> <span class='ocrx_word' id='word_1_390' title='bbox 2879 2479 2935 2514; x_wconf 90' lang='grc' dir='ltr'><strong>τε</strong></span> <span class='ocrx_word' id='word_1_391' title='bbox 2982 2465 3200 2533; x_wconf 84' lang='grc' dir='ltr'>ἀγαθῶν</span> <span class='ocrx_word' id='word_1_392' title='bbox 3254 2475 3577 2539; x_wconf 84' lang='grc' dir='ltr'>παρουσίας,</span> 
     </span>
    </p>
   </div>
   <div class='ocr_carea' id='block_1_55' title="bbox 2004 2546 3577 2627">
    <p class='ocr_par' dir='ltr' id='par_1_55' title="bbox 2004 2546 3577 2627">
     <span class='ocr_line' id='line_1_55' title="bbox 2004 2546 3577 2627; baseline 0.01 -27"><span class='ocrx_word' id='word_1_393' title='bbox 2004 2546 2099 2600; x_wconf 79' lang='grc' dir='ltr'>καὶ</span> <span class='ocrx_word' id='word_1_394' title='bbox 2128 2547 2239 2600; x_wconf 87' lang='grc' dir='ltr'><strong>τῶν</strong></span> <span class='ocrx_word' id='word_1_395' title='bbox 2278 2549 2533 2602; x_wconf 78' lang='grc' dir='ltr'>ἐναντίων</span> <span class='ocrx_word' id='word_1_396' title='bbox 2565 2551 2849 2620; x_wconf 76' lang='grc' dir='ltr'>ἐπιφορὰς,</span> <span class='ocrx_word' id='word_1_397' title='bbox 2886 2553 3354 2627; x_wconf 86' lang='grc' dir='ltr'>ἀνδραποδισμοὺς</span> <span class='ocrx_word' id='word_1_398' title='bbox 3382 2558 3577 2625; x_wconf 84' lang='grc' dir='ltr'>ἐθνῶν,</span> 
     </span>
    </p>
   </div>
   <div class='ocr_carea' id='block_1_56' title="bbox 2003 2635 3580 2720">
    <p class='ocr_par' dir='ltr' id='par_1_56' title="bbox 2003 2635 3580 2720">
     <span class='ocr_line' id='line_1_56' title="bbox 2003 2635 3580 2720; baseline 0.011 -33"><span class='ocrx_word' id='word_1_399' title='bbox 2003 2635 2210 2691; x_wconf 88' lang='grc' dir='ltr'>πόλεων</span> <span class='ocrx_word' id='word_1_400' title='bbox 2244 2637 2574 2709; x_wconf 79' lang='grc' dir='ltr'>πολιορκίας,</span> <span class='ocrx_word' id='word_1_401' title='bbox 2608 2640 2717 2695; x_wconf 91' lang='grc' dir='ltr'><strong>τῶν</strong></span> <span class='ocrx_word' id='word_1_402' title='bbox 2736 2642 2960 2695; x_wconf 85' lang='grc' dir='ltr'>καθόλου</span> <span class='ocrx_word' id='word_1_403' title='bbox 2992 2643 3273 2713; x_wconf 83' lang='grc' dir='ltr'>βασιλείων</span> <span class='ocrx_word' id='word_1_404' title='bbox 3308 2652 3580 2720; x_wconf 90' lang='grc' dir='ltr'>μεταστά-</span> 
     </span>
    </p>
   </div>
   <div class='ocr_carea' id='block_1_57' title="bbox 2004 2729 3578 2813">
    <p class='ocr_par' dir='ltr' id='par_1_57' title="bbox 2004 2729 3578 2813">
     <span class='ocr_line' id='line_1_57' title="bbox 2004 2729 3578 2813; baseline 0.012 -35"><span class='ocrx_word' id='word_1_405' title='bbox 2004 2741 2116 2790; x_wconf 89' lang='grc' dir='ltr'>σεις</span> <span class='ocrx_word' id='word_1_406' title='bbox 2146 2744 2205 2780; x_wconf 86' lang='grc' dir='ltr'><strong>τε</strong></span> <span class='ocrx_word' id='word_1_407' title='bbox 2255 2729 2347 2782; x_wconf 75' lang='grc' dir='ltr'>καὶ</span> <span class='ocrx_word' id='word_1_408' title='bbox 2378 2731 2755 2798; x_wconf 81' lang='grc' dir='ltr'>καταστάσεις,</span> <span class='ocrx_word' id='word_1_409' title='bbox 2789 2733 2883 2786; x_wconf 81' lang='grc' dir='ltr'>καὶ</span> <span class='ocrx_word' id='word_1_410' title='bbox 2915 2732 3047 2788; x_wconf 86' lang='grc' dir='ltr'>ἀλλα</span> <span class='ocrx_word' id='word_1_411' title='bbox 3100 2738 3267 2809; x_wconf 90' lang='grc' dir='ltr'>μυρία</span> <span class='ocrx_word' id='word_1_412' title='bbox 3300 2742 3427 2813; x_wconf 81' lang='grc' dir='ltr'>περ).</span> <span class='ocrx_word' id='word_1_413' title='bbox 3466 2741 3578 2798; x_wconf 89' lang='grc' dir='ltr'><strong>τῶν</strong></span> 
     </span>
    </p>
   </div>
   <div class='ocr_carea' id='block_1_58' title="bbox 2000 2817 3576 2905">
    <p class='ocr_par' dir='ltr' id='par_1_58' title="bbox 2000 2817 3576 2905">
     <span class='ocr_line' id='line_1_58' title="bbox 2000 2817 3576 2905; baseline 0.011 -35"><span class='ocrx_word' id='word_1_414' title='bbox 2000 2817 2218 2871; x_wconf 73' lang='grc' dir='ltr'>ἔσεσθαι</span> <span class='ocrx_word' id='word_1_415' title='bbox 2246 2823 2470 2892; x_wconf 88' lang='grc' dir='ltr'>μακροῖς</span> <span class='ocrx_word' id='word_1_416' title='bbox 2498 2820 2718 2892; x_wconf 78' lang='grc' dir='ltr'>ὕστερον</span> <span class='ocrx_word' id='word_1_417' title='bbox 2749 2824 3305 2898; x_wconf 52' lang='grc' dir='ltr'>χρρνοιςλμελλόντων,</span> <span class='ocrx_word' id='word_1_418' title='bbox 3336 2835 3576 2905; x_wconf 83' lang='grc' dir='ltr'>προεκή-</span> 
     </span>
    </p>
   </div>
   <div class='ocr_carea' id='block_1_59' title="bbox 2001 2910 3576 2996">
    <p class='ocr_par' dir='ltr' id='par_1_59' title="bbox 2001 2910 3576 2996">
     <span class='ocr_line' id='line_1_59' title="bbox 2001 2910 3576 2996; baseline 0.013 -37"><span class='ocrx_word' id='word_1_419' title='bbox 2001 2924 2213 2980; x_wconf 89' lang='grc' dir='ltr'>ρυττον.</span> <span class='ocrx_word' id='word_1_420' title='bbox 2249 2910 2384 2963; x_wconf 80' lang='grc' dir='ltr'>Ἀλλ’</span> <span class='ocrx_word' id='word_1_421' title='bbox 2396 2910 2454 2962; x_wconf 80' lang='grc' dir='ltr'><strong>ού</strong></span> <span class='ocrx_word' id='word_1_422' title='bbox 2470 2911 2673 2967; x_wconf 86' lang='grc' dir='ltr'>τούτων</span> <span class='ocrx_word' id='word_1_423' title='bbox 2688 2915 2793 2984; x_wconf 81' lang='grc' dir='ltr'>ὅγε</span> <span class='ocrx_word' id='word_1_424' title='bbox 2820 2918 3008 2992; x_wconf 87' lang='grc' dir='ltr'>παρὼν</span> <span class='ocrx_word' id='word_1_425' title='bbox 3031 2922 3221 2993; x_wconf 84' lang='grc' dir='ltr'>καιρὸς</span> <span class='ocrx_word' id='word_1_426' title='bbox 3243 2924 3333 2977; x_wconf 82' lang='grc' dir='ltr'>τὸν</span> <span class='ocrx_word' id='word_1_427' title='bbox 3354 2925 3576 2996; x_wconf 70' lang='grc' dir='ltr'>ἔλεγχον</span> 
     </span>
    </p>
   </div>
   <div class='ocr_carea' id='block_1_60' title="bbox 324 3003 1895 3085">
    <p class='ocr_par' dir='ltr' id='par_1_60' title="bbox 324 3011 1895 3085">
     <span class='ocr_line' id='line_1_60' title="bbox 324 3011 1895 3085; baseline -0.001 -19"><span class='ocrx_word' id='word_1_428' title='bbox 324 3020 487 3083; x_wconf 87' lang='lat' dir='ltr'><strong>atque</strong></span> <span class='ocrx_word' id='word_1_429' title='bbox 519 3013 626 3067; x_wconf 89' lang='lat' dir='ltr'><strong>alia</strong></span> <span class='ocrx_word' id='word_1_430' title='bbox 662 3012 872 3068; x_wconf 90' lang='lat' dir='ltr'><strong>inﬁnita</strong></span> <span class='ocrx_word' id='word_1_431' title='bbox 903 3013 1081 3085; x_wconf 79' lang='lat' dir='ltr'><strong>longis</strong></span> <span class='ocrx_word' id='word_1_432' title='bbox 1115 3020 1239 3084; x_wconf 92' lang='lat' dir='ltr'><strong>post</strong></span> <span class='ocrx_word' id='word_1_433' title='bbox 1269 3011 1607 3082; x_wconf 89' lang='lat' dir='ltr'><strong>temporibus</strong></span> <span class='ocrx_word' id='word_1_434' title='bbox 1631 3018 1895 3066; x_wconf 87' lang='lat' dir='ltr'><strong>eventura</strong></span> 
     </span>
    </p>
   </div>
   <div class='ocr_carea' id='block_1_61' title="bbox 1998 3003 3574 3085">
    <p class='ocr_par' dir='ltr' id='par_1_61' title="bbox 1998 3003 3574 3081">
     <span class='ocr_line' id='line_1_61' title="bbox 1998 3003 3574 3081; baseline 0.001 -14"><span class='ocrx_word' id='word_1_435' title='bbox 1998 3003 2145 3073; x_wconf 74' lang='grc' dir='ltr'><strong>ἡμᾶς</strong></span> <span class='ocrx_word' id='word_1_436' title='bbox 2168 3003 2389 3055; x_wconf 79' lang='grc' dir='ltr'><strong>ἀπαιτεῖ</strong></span> <span class='ocrx_word' id='word_1_437' title='bbox 2419 3006 2894 3077; x_wconf 71' lang='grc' dir='ltr'>παραστήσασθαι·</span> <span class='ocrx_word' id='word_1_438' title='bbox 2938 3011 3006 3065; x_wconf 83' lang='grc' dir='ltr'><strong>τά</strong></span> <span class='ocrx_word' id='word_1_439' title='bbox 3040 3013 3208 3068; x_wconf 78' lang='grc' dir='ltr'>πολλὰ</span> <span class='ocrx_word' id='word_1_440' title='bbox 3240 3014 3297 3067; x_wconf 83' lang='grc' dir='ltr'>δὲ</span> <span class='ocrx_word' id='word_1_441' title='bbox 3328 3016 3574 3081; x_wconf 81' lang='grc' dir='ltr'>εἰσαῦθις</span> 
     </span>
    </p>
   </div>
   <div class='ocr_carea' id='block_1_62' title="bbox 324 3096 1895 3180">
    <p class='ocr_par' dir='ltr' id='par_1_62' title="bbox 324 3100 1892 3173">
     <span class='ocr_line' id='line_1_62' title="bbox 324 3100 1892 3173; baseline -0.001 -17"><span class='ocrx_word' id='word_1_442' title='bbox 324 3103 774 3173; x_wconf 67' lang='lat' dir='ltr'><strong>prtenuntiavere.</strong></span> <span class='ocrx_word' id='word_1_443' title='bbox 802 3102 1001 3159; x_wconf 85' lang='lat' dir='ltr'><strong>Verum</strong></span> <span class='ocrx_word' id='word_1_444' title='bbox 1025 3104 1140 3158; x_wconf 60' lang='lat' dir='ltr'><strong>haec</strong></span> <span class='ocrx_word' id='word_1_445' title='bbox 1163 3102 1377 3172; x_wconf 87' lang='lat' dir='ltr'><strong>singula</strong></span> <span class='ocrx_word' id='word_1_446' title='bbox 1395 3100 1703 3157; x_wconf 89' lang='lat' dir='ltr'><strong>enumerari</strong></span> <span class='ocrx_word' id='word_1_447' title='bbox 1735 3114 1766 3153; x_wconf 91' lang='lat' dir='ltr'><strong>a</strong></span> <span class='ocrx_word' id='word_1_448' title='bbox 1793 3115 1892 3155; x_wconf 83' lang='lat' dir='ltr'><strong>no-</strong></span> 
     </span>
    </p>
   </div>
   <div class='ocr_carea' id='block_1_63' title="bbox 1998 3096 3574 3180">
    <p class='ocr_par' dir='ltr' id='par_1_63' title="bbox 1998 3096 3574 3180">
     <span class='ocr_line' id='line_1_63' title="bbox 1998 3096 3574 3180; baseline 0.009 -31"><span class='ocrx_word' id='word_1_449' title='bbox 1998 3096 2428 3166; x_wconf 82' lang='grc' dir='ltr'>ὐπερθεμένους,</span> <span class='ocrx_word' id='word_1_450' title='bbox 2479 3097 2544 3149; x_wconf 80' lang='grc' dir='ltr'><strong>ἐκ</strong></span> <span class='ocrx_word' id='word_1_451' title='bbox 2581 3097 2683 3168; x_wconf 84' lang='grc' dir='ltr'>τῆς</span> <span class='ocrx_word' id='word_1_452' title='bbox 2726 3101 2833 3156; x_wconf 89' lang='grc' dir='ltr'><strong>τῶν</strong></span> <span class='ocrx_word' id='word_1_453' title='bbox 2885 3105 3410 3177; x_wconf 83' lang='grc' dir='ltr'>παρατεθησομένων</span> <span class='ocrx_word' id='word_1_454' title='bbox 3439 3108 3574 3180; x_wconf 88' lang='grc' dir='ltr'>ἀλη-</span> 
     </span>
    </p>
   </div>
   <div class='ocr_carea' id='block_1_64' title="bbox 320 3192 1887 3267">
    <p class='ocr_par' dir='ltr' id='par_1_64' title="bbox 320 3192 1887 3267">
     <span class='ocr_line' id='line_1_64' title="bbox 320 3192 1887 3267; baseline -0.003 -17"><span class='ocrx_word' id='word_1_455' title='bbox 320 3196 426 3260; x_wconf 78' lang='lat' dir='ltr'><strong>l-is,</strong></span> <span class='ocrx_word' id='word_1_456' title='bbox 472 3196 761 3267; x_wconf 68' lang='lat' dir='ltr'><strong>praesentis</strong></span> <span class='ocrx_word' id='word_1_457' title='bbox 800 3196 1037 3251; x_wconf 89' lang='lat' dir='ltr'><strong>instituti</strong></span> <span class='ocrx_word' id='word_1_458' title='bbox 1076 3197 1216 3249; x_wconf 88' lang='lat' dir='ltr'><strong>ratio</strong></span> <span class='ocrx_word' id='word_1_459' title='bbox 1264 3193 1581 3263; x_wconf 90' lang='lat' dir='ltr'><strong>neutiquam</strong></span> <span class='ocrx_word' id='word_1_460' title='bbox 1628 3192 1887 3262; x_wconf 78' lang='lat' dir='ltr'><strong>postulat.</strong></span> 
     </span>
    </p>
   </div>
   <div class='ocr_carea' id='block_1_65' title="bbox 320 3285 1890 3371">
    <p class='ocr_par' dir='ltr' id='par_1_65' title="bbox 320 3285 1890 3371">
     <span class='ocr_line' id='line_1_65' title="bbox 320 3285 1890 3371; baseline -0.002 -32"><span class='ocrx_word' id='word_1_461' title='bbox 320 3289 509 3358; x_wconf 82' lang='lat' dir='ltr'><strong>Itaque</strong></span> <span class='ocrx_word' id='word_1_462' title='bbox 538 3288 955 3359; x_wconf 87' lang='lat' dir='ltr'><strong>quamplurimis</strong></span> <span class='ocrx_word' id='word_1_463' title='bbox 992 3288 1206 3342; x_wconf 88' lang='lat' dir='ltr'><strong>interim</strong></span> <span class='ocrx_word' id='word_1_464' title='bbox 1240 3287 1293 3340; x_wconf 90' lang='lat' dir='ltr'><strong>in</strong></span> <span class='ocrx_word' id='word_1_465' title='bbox 1329 3285 1474 3339; x_wconf 90' lang='lat' dir='ltr'><strong>aliud</strong></span> <span class='ocrx_word' id='word_1_466' title='bbox 1511 3295 1724 3371; x_wconf 77' lang='lat' dir='ltr'><strong>tempus</strong></span> <span class='ocrx_word' id='word_1_467' title='bbox 1752 3285 1890 3338; x_wconf 89' lang='lat' dir='ltr'><strong>dila-</strong></span> 
     </span>
    </p>
   </div>
   <div class='ocr_carea' id='block_1_66' title="bbox 1995 3187 3570 3270">
    <p class='ocr_par' dir='ltr' id='par_1_66' title="bbox 1995 3187 3570 3270">
     <span class='ocr_line' id='line_1_66' title="bbox 1995 3187 3570 3270; baseline 0.008 -29"><span class='ocrx_word' id='word_1_468' title='bbox 1995 3188 2146 3252; x_wconf 90' lang='grc' dir='ltr'>θείας</span> <span class='ocrx_word' id='word_1_469' title='bbox 2189 3187 2369 3258; x_wconf 76' lang='grc' dir='ltr'>ἡρέμα</span> <span class='ocrx_word' id='word_1_470' title='bbox 2421 3188 2516 3240; x_wconf 75' lang='grc' dir='ltr'>καὶ</span> <span class='ocrx_word' id='word_1_471' title='bbox 2558 3189 2667 3244; x_wconf 88' lang='grc' dir='ltr'><strong>τῶν</strong></span> <span class='ocrx_word' id='word_1_472' title='bbox 2702 3191 3234 3267; x_wconf 89' lang='grc' dir='ltr'>ἀποσεσιωπημένων</span> <span class='ocrx_word' id='word_1_473' title='bbox 3280 3198 3379 3270; x_wconf 82' lang='grc' dir='ltr'>τὴν</span> <span class='ocrx_word' id='word_1_474' title='bbox 3430 3200 3570 3254; x_wconf 85' lang='grc' dir='ltr'>ἀπό-</span> 
     </span>
    </p>
   </div>
   <div class='ocr_carea' id='block_1_67' title="bbox 1991 3274 2535 3343">
    <p class='ocr_par' dir='ltr' id='par_1_67' title="bbox 1991 3274 2535 3343">
     <span class='ocr_line' id='line_1_67' title="bbox 1991 3274 2535 3343; baseline -0.006 -10"><span class='ocrx_word' id='word_1_475' title='bbox 1991 3277 2154 3343; x_wconf 81' lang='grc' dir='ltr'>δειξιν</span> <span class='ocrx_word' id='word_1_476' title='bbox 2183 3274 2535 3330; x_wconf 84' lang='grc' dir='ltr'>πιστώσεται.</span> 
     </span>
    </p>
   </div>
   <div class='ocr_carea' id='block_1_68' title="bbox 318 3372 3571 3453">
    <p class='ocr_par' dir='ltr' id='par_1_68' title="bbox 318 3372 3571 3453">
     <span class='ocr_line' id='line_1_68' title="bbox 318 3372 3571 3453; baseline 0.001 -18"><span class='ocrx_word' id='word_1_477' title='bbox 318 3383 389 3438; x_wconf 75' lang='lat' dir='ltr'><strong>tis‘</strong></span> <span class='ocrx_word' id='word_1_478' title='bbox 416 3423 431 3446; x_wconf 92' lang='lat'><strong>,</strong></span> <span class='ocrx_word' id='word_1_479' title='bbox 474 3380 633 3437; x_wconf 82' lang='lat' dir='ltr'><strong>facile</strong></span> <span class='ocrx_word' id='word_1_480' title='bbox 679 3382 761 3436; x_wconf 89' lang='lat' dir='ltr'><strong>vel</strong></span> <span class='ocrx_word' id='word_1_481' title='bbox 803 3397 867 3437; x_wconf 90' lang='lat' dir='ltr'><strong>ex</strong></span> <span class='ocrx_word' id='word_1_482' title='bbox 926 3382 1119 3437; x_wconf 89' lang='lat' dir='ltr'><strong>horum</strong></span> <span class='ocrx_word' id='word_1_483' title='bbox 1167 3396 1289 3453; x_wconf 88' lang='lat' dir='ltr'><strong>quae</strong></span> <span class='ocrx_word' id='word_1_484' title='bbox 1337 3379 1626 3436; x_wconf 79' lang='lat' dir='ltr'><strong>aﬁ‘eremus</strong></span> <span class='ocrx_word' id='word_1_485' title='bbox 1663 3380 1909 3443; x_wconf 80' lang='lat' dir='ltr'><strong>veritate,</strong></span> <span class='ocrx_word' id='word_1_486' title='bbox 1972 3374 2136 3431; x_wconf 88' lang='lat' dir='ltr'><strong>etiam</strong></span> <span class='ocrx_word' id='word_1_487' title='bbox 2176 3372 2394 3426; x_wconf 89' lang='lat' dir='ltr'><strong>illorum</strong></span> <span class='ocrx_word' id='word_1_488' title='bbox 2450 3387 2570 3444; x_wconf 85' lang='lat' dir='ltr'><strong>quae</strong></span> <span class='ocrx_word' id='word_1_489' title='bbox 2620 3374 2840 3432; x_wconf 90' lang='lat' dir='ltr'><strong>silentio</strong></span> <span class='ocrx_word' id='word_1_490' title='bbox 2871 3379 3248 3447; x_wconf 72' lang='lat' dir='ltr'><strong>praeterimus,</strong></span> <span class='ocrx_word' id='word_1_491' title='bbox 3294 3380 3429 3439; x_wconf 85' lang='lat' dir='ltr'><strong>ﬁdes</strong></span> <span class='ocrx_word' id='word_1_492' title='bbox 3474 3383 3571 3439; x_wconf 88' lang='lat' dir='ltr'><strong>de-</strong></span> 
     </span>
    </p>
   </div>
   <div class='ocr_carea' id='block_1_69' title="bbox 318 3472 733 3529">
    <p class='ocr_par' dir='ltr' id='par_1_69' title="bbox 318 3472 733 3529">
     <span class='ocr_line' id='line_1_69' title="bbox 318 3472 733 3529; baseline 0.007 -3"><span class='ocrx_word' id='word_1_493' title='bbox 318 3472 733 3529; x_wconf 85' lang='lat' dir='ltr'><strong>monstrabitur.</strong></span> 
     </span>
    </p>
   </div>
   <div class='ocr_carea' id='block_1_70' title="bbox 954 3561 1253 3618">
    <p class='ocr_par' dir='ltr' id='par_1_70' title="bbox 954 3561 1253 3618">
     <span class='ocr_line' id='line_1_70' title="bbox 954 3561 1253 3618; baseline -0.003 0"><span class='ocrx_word' id='word_1_494' title='bbox 954 3561 1181 3618; x_wconf 80' lang='lat' dir='ltr'><strong>CAPUT</strong></span> <span class='ocrx_word' id='word_1_495' title='bbox 1212 3563 1253 3617; x_wconf 82' lang='grc' dir='ltr'><strong>ἰ.</strong></span> 
     </span>
    </p>
   </div>
   <div class='ocr_carea' id='block_1_71' title="bbox 317 3639 1886 3730">
    <p class='ocr_par' dir='ltr' id='par_1_71' title="bbox 317 3639 1886 3730">
     <span class='ocr_line' id='line_1_71' title="bbox 317 3639 1886 3730; baseline -0.002 -20"><span class='ocrx_word' id='word_1_496' title='bbox 317 3657 575 3723; x_wconf 72' lang='lat' dir='ltr'><strong>Quantam</strong></span> <span class='ocrx_word' id='word_1_497' title='bbox 598 3666 647 3710; x_wconf 85' lang='lat' dir='ltr'><strong>et</strong></span> <span class='ocrx_word' id='word_1_498' title='bbox 664 3639 864 3730; x_wconf 75' lang='lat' dir='ltr'><strong>quanta</strong></span> <span class='ocrx_word' id='word_1_499' title='bbox 893 3656 949 3709; x_wconf 81' lang='lat' dir='ltr'><strong>in</strong></span> <span class='ocrx_word' id='word_1_500' title='bbox 969 3655 1124 3709; x_wconf 85' lang='lat' dir='ltr'><strong>hacce</strong></span> <span class='ocrx_word' id='word_1_501' title='bbox 1160 3654 1472 3708; x_wconf 75' lang='lat' dir='ltr'><strong>tractatione</strong></span> <span class='ocrx_word' id='word_1_502' title='bbox 1486 3654 1886 3724; x_wconf 77' lang='lat' dir='ltr'><strong>promittantur.</strong></span> 
     </span>
    </p>
   </div>
   <div class='ocr_carea' id='block_1_72' title="bbox 384 3731 1885 3817">
    <p class='ocr_par' dir='ltr' id='par_1_72' title="bbox 384 3731 1885 3817">
     <span class='ocr_line' id='line_1_72' title="bbox 384 3731 1885 3817; baseline -0.006 -13"><span class='ocrx_word' id='word_1_503' title='bbox 384 3731 517 3814; x_wconf 72' lang='lat' dir='ltr'><strong>Quae</strong></span> <span class='ocrx_word' id='word_1_504' title='bbox 552 3746 719 3817; x_wconf 82' lang='lat' dir='ltr'><strong>igitur</strong></span> <span class='ocrx_word' id='word_1_505' title='bbox 748 3746 907 3801; x_wconf 89' lang='lat' dir='ltr'><strong>nobis</strong></span> <span class='ocrx_word' id='word_1_506' title='bbox 949 3746 1006 3799; x_wconf 86' lang='lat' dir='ltr'><strong>in</strong></span> <span class='ocrx_word' id='word_1_507' title='bbox 1034 3744 1289 3815; x_wconf 84' lang='lat' dir='ltr'><strong>praesenti</strong></span> <span class='ocrx_word' id='word_1_508' title='bbox 1325 3758 1391 3799; x_wconf 84' lang='lat' dir='ltr'><strong>ex</strong></span> <span class='ocrx_word' id='word_1_509' title='bbox 1425 3741 1756 3814; x_wconf 89' lang='lat' dir='ltr'><strong>propheticis</strong></span> <span class='ocrx_word' id='word_1_510' title='bbox 1791 3757 1885 3797; x_wconf 91' lang='lat' dir='ltr'><strong>va-</strong></span> 
     </span>
    </p>
   </div>
   <div class='ocr_carea' id='block_1_73' title="bbox 312 3833 1880 3909">
    <p class='ocr_par' dir='ltr' id='par_1_73' title="bbox 312 3833 1880 3909">
     <span class='ocr_line' id='line_1_73' title="bbox 312 3833 1880 3909; baseline -0.005 -14"><span class='ocrx_word' id='word_1_511' title='bbox 312 3839 515 3896; x_wconf 89' lang='lat' dir='ltr'><strong>ticiniis</strong></span> <span class='ocrx_word' id='word_1_512' title='bbox 547 3838 615 3893; x_wconf 80' lang='lat' dir='ltr'><strong>a’d</strong></span> <span class='ocrx_word' id='word_1_513' title='bbox 665 3839 1029 3909; x_wconf 88' lang='lat' dir='ltr'><strong>cvangelicam</strong></span> <span class='ocrx_word' id='word_1_514' title='bbox 1076 3835 1595 3892; x_wconf 88' lang='lat' dir='ltr'><strong>demonstrationem</strong></span> <span class='ocrx_word' id='word_1_515' title='bbox 1628 3833 1880 3906; x_wconf 88' lang='lat' dir='ltr'><strong>persequi</strong></span> 
     </span>
    </p>
   </div>
   <div class='ocr_carea' id='block_1_74' title="bbox 311 3927 1882 3997">
    <p class='ocr_par' dir='ltr' id='par_1_74' title="bbox 311 3927 1882 3997">
     <span class='ocr_line' id='line_1_74' title="bbox 311 3927 1882 3997; baseline -0.005 -12"><span class='ocrx_word' id='word_1_516' title='bbox 311 3946 343 3985; x_wconf 93' lang='lat' dir='ltr'><strong>e</strong></span> <span class='ocrx_word' id='word_1_517' title='bbox 366 3946 423 3985; x_wconf 92' lang='lat' dir='ltr'><strong>re</strong></span> <span class='ocrx_word' id='word_1_518' title='bbox 450 3928 718 3993; x_wconf 87' lang='lat' dir='ltr'><strong>videatur,</strong></span> <span class='ocrx_word' id='word_1_519' title='bbox 782 3927 1147 3986; x_wconf 79' lang='lat' dir='ltr'><strong>cummaxime</strong></span> <span class='ocrx_word' id='word_1_520' title='bbox 1201 3933 1566 3997; x_wconf 89' lang='lat' dir='ltr'><strong>opportunum</strong></span> <span class='ocrx_word' id='word_1_521' title='bbox 1602 3930 1689 3980; x_wconf 88' lang='lat' dir='ltr'><strong>est</strong></span> <span class='ocrx_word' id='word_1_522' title='bbox 1714 3939 1882 3993; x_wconf 81' lang='lat' dir='ltr'><strong>expo-</strong></span> 
     </span>
    </p>
   </div>
   <div class='ocr_carea' id='block_1_75' title="bbox 309 4014 1881 4087">
    <p class='ocr_par' dir='ltr' id='par_1_75' title="bbox 309 4014 1881 4087">
     <span class='ocr_line' id='line_1_75' title="bbox 309 4014 1881 4087; baseline -0.004 -13"><span class='ocrx_word' id='word_1_523' title='bbox 309 4036 461 4076; x_wconf 84' lang='lat' dir='ltr'><strong>nere.</strong></span> <span class='ocrx_word' id='word_1_524' title='bbox 493 4018 795 4074; x_wconf 84' lang='lat' dir='ltr'><strong>Edixerunt</strong></span> <span class='ocrx_word' id='word_1_525' title='bbox 828 4017 1086 4072; x_wconf 87' lang='lat' dir='ltr'><strong>nimirum</strong></span> <span class='ocrx_word' id='word_1_526' title='bbox 1123 4017 1403 4087; x_wconf 72' lang='lat' dir='ltr'><strong>prophetae</strong></span> <span class='ocrx_word' id='word_1_527' title='bbox 1428 4016 1545 4071; x_wconf 77' lang='lat' dir='ltr'><strong>fore</strong></span> <span class='ocrx_word' id='word_1_528' title='bbox 1594 4022 1652 4070; x_wconf 93' lang='lat' dir='ltr'><strong>ut</strong></span> <span class='ocrx_word' id='word_1_529' title='bbox 1704 4014 1881 4068; x_wconf 81' lang='lat' dir='ltr'><strong>nomi-</strong></span> 
     </span>
    </p>
   </div>
   <div class='ocr_carea' id='block_1_76' title="bbox 309 4102 1879 4178">
    <p class='ocr_par' dir='ltr' id='par_1_76' title="bbox 309 4102 1879 4178">
     <span class='ocr_line' id='line_1_76' title="bbox 309 4102 1879 4178; baseline -0.004 -12"><span class='ocrx_word' id='word_1_530' title='bbox 309 4112 481 4166; x_wconf 86' lang='lat' dir='ltr'><strong>natim</strong></span> <span class='ocrx_word' id='word_1_531' title='bbox 506 4108 779 4173; x_wconf 89' lang='lat' dir='ltr'><strong>Christus,</strong></span> <span class='ocrx_word' id='word_1_532' title='bbox 805 4107 1057 4178; x_wconf 88' lang='lat' dir='ltr'><strong>idemque</strong></span> <span class='ocrx_word' id='word_1_533' title='bbox 1081 4104 1319 4161; x_wconf 76' lang='lat' dir='ltr'><strong>Verbum</strong></span> <span class='ocrx_word' id='word_1_534' title='bbox 1345 4105 1459 4170; x_wconf 87' lang='lat' dir='ltr'><strong>Dei,</strong></span> <span class='ocrx_word' id='word_1_535' title='bbox 1486 4102 1879 4176; x_wconf 45' lang='lat' dir='ltr'><strong>ipseque‘Deus</strong></span> 
     </span>
    </p>
   </div>
   <div class='ocr_carea' id='block_1_77' title="bbox 308 4196 1876 4269">
    <p class='ocr_par' dir='ltr' id='par_1_77' title="bbox 308 4196 1876 4269">
     <span class='ocr_line' id='line_1_77' title="bbox 308 4196 1876 4269; baseline -0.003 -14"><span class='ocrx_word' id='word_1_536' title='bbox 308 4218 375 4257; x_wconf 76' lang='lat' dir='ltr'><strong>ac</strong></span> <span class='ocrx_word' id='word_1_537' title='bbox 416 4201 705 4266; x_wconf 89' lang='lat' dir='ltr'><strong>Dominus,</strong></span> <span class='ocrx_word' id='word_1_538' title='bbox 738 4206 793 4256; x_wconf 90' lang='lat' dir='ltr'><strong>et</strong></span> <span class='ocrx_word' id='word_1_539' title='bbox 840 4214 1071 4269; x_wconf 86' lang='lat' dir='ltr'><strong>magnus</strong></span> <span class='ocrx_word' id='word_1_540' title='bbox 1118 4197 1338 4268; x_wconf 91' lang='lat' dir='ltr'><strong>quidam</strong></span> <span class='ocrx_word' id='word_1_541' title='bbox 1373 4197 1615 4267; x_wconf 82' lang='lat' dir='ltr'><strong>Angelus</strong></span> <span class='ocrx_word' id='word_1_542' title='bbox 1661 4196 1876 4252; x_wconf 88' lang='lat' dir='ltr'><strong>consilii</strong></span> 
     </span>
    </p>
   </div>
   <div class='ocr_carea' id='block_1_78' title="bbox 308 4287 1878 4357">
    <p class='ocr_par' dir='ltr' id='par_1_78' title="bbox 308 4287 1878 4357">
     <span class='ocr_line' id='line_1_78' title="bbox 308 4287 1878 4357; baseline -0.004 -11"><span class='ocrx_word' id='word_1_543' title='bbox 308 4293 453 4349; x_wconf 82' lang='lat' dir='ltr'><strong>inter</strong></span> <span class='ocrx_word' id='word_1_544' title='bbox 483 4292 733 4348; x_wconf 90' lang='lat' dir='ltr'><strong>homines</strong></span> <span class='ocrx_word' id='word_1_545' title='bbox 750 4298 1067 4347; x_wconf 88' lang='lat' dir='ltr'><strong>versaturus</strong></span> <span class='ocrx_word' id='word_1_546' title='bbox 1090 4295 1257 4353; x_wconf 90' lang='lat' dir='ltr'><strong>esset,</strong></span> <span class='ocrx_word' id='word_1_547' title='bbox 1289 4289 1545 4343; x_wconf 89' lang='lat' dir='ltr'><strong>universo</strong></span> <span class='ocrx_word' id='word_1_548' title='bbox 1570 4287 1710 4350; x_wconf 92' lang='lat' dir='ltr'><strong>orbi,</strong></span> <span class='ocrx_word' id='word_1_549' title='bbox 1746 4303 1878 4357; x_wconf 88' lang='lat' dir='ltr'><strong>gen-</strong></span> 
     </span>
    </p>
   </div>
   <div class='ocr_carea' id='block_1_79' title="bbox 2529 3561 3037 3617">
    <p class='ocr_par' dir='ltr' id='par_1_79' title="bbox 2529 3561 3037 3617">
     <span class='ocr_line' id='line_1_79' title="bbox 2529 3561 3037 3617; baseline 0.004 -3"><span class='ocrx_word' id='word_1_550' title='bbox 2529 3561 2922 3616; x_wconf 81' lang='grc' dir='ltr'><strong>ΚΕΦΑΛΑῘΟΝ</strong></span> <span class='ocrx_word' id='word_1_551' title='bbox 2958 3564 3037 3617; x_wconf 86' lang='lat' dir='ltr'><strong>A’.</strong></span> 
     </span>
    </p>
   </div>
   <div class='ocr_carea' id='block_1_80' title="bbox 2069 3648 3489 3725">
    <p class='ocr_par' dir='ltr' id='par_1_80' title="bbox 2069 3648 3489 3725">
     <span class='ocr_line' id='line_1_80' title="bbox 2069 3648 3489 3725; baseline 0.008 -25"><span class='ocrx_word' id='word_1_552' title='bbox 2069 3648 2209 3701; x_wconf 80' lang='grc' dir='ltr'>Τίνα</span> <span class='ocrx_word' id='word_1_553' title='bbox 2233 3649 2333 3703; x_wconf 77' lang='grc' dir='ltr'>καὶ</span> <span class='ocrx_word' id='word_1_554' title='bbox 2360 3652 2558 3705; x_wconf 77' lang='grc' dir='ltr'>ὁπόσα</span> <span class='ocrx_word' id='word_1_555' title='bbox 2582 3652 3005 3723; x_wconf 54' lang='grc' dir='ltr'>ἐπαγγέλλεται</span> <span class='ocrx_word' id='word_1_556' title='bbox 3035 3654 3074 3721; x_wconf 72' lang='grc' dir='ltr'>ἡ</span> <span class='ocrx_word' id='word_1_557' title='bbox 3102 3657 3489 3725; x_wconf 78' lang='grc' dir='ltr'>πραγματεία.</span> 
     </span>
    </p>
   </div>
   <div class='ocr_carea' id='block_1_81' title="bbox 2059 3739 3563 3822">
    <p class='ocr_par' dir='ltr' id='par_1_81' title="bbox 2059 3739 3563 3822">
     <span class='ocr_line' id='line_1_81' title="bbox 2059 3739 3563 3822; baseline 0.006 -31"><span class='ocrx_word' id='word_1_558' title='bbox 2059 3739 2193 3794; x_wconf 89' lang='grc' dir='ltr'>Τίνα</span> <span class='ocrx_word' id='word_1_559' title='bbox 2216 3742 2391 3795; x_wconf 83' lang='grc' dir='ltr'>τοίνυν</span> <span class='ocrx_word' id='word_1_560' title='bbox 2414 3744 2543 3813; x_wconf 87' lang='grc' dir='ltr'>ήμῖν</span> <span class='ocrx_word' id='word_1_561' title='bbox 2568 3744 2661 3797; x_wconf 85' lang='grc' dir='ltr'><strong>ἐπί</strong></span> <span class='ocrx_word' id='word_1_562' title='bbox 2691 3743 2785 3796; x_wconf 83' lang='grc' dir='ltr'><strong>τοῦ</strong></span> <span class='ocrx_word' id='word_1_563' title='bbox 2810 3744 3074 3816; x_wconf 83' lang='grc' dir='ltr'>παρόντος</span> <span class='ocrx_word' id='word_1_564' title='bbox 3105 3747 3169 3799; x_wconf 86' lang='grc' dir='ltr'><strong>ἐκ</strong></span> <span class='ocrx_word' id='word_1_565' title='bbox 3210 3747 3321 3800; x_wconf 89' lang='grc' dir='ltr'><strong>τῶν</strong></span> <span class='ocrx_word' id='word_1_566' title='bbox 3348 3766 3563 3822; x_wconf 71' lang='grc' dir='ltr'>προφην</span> 
     </span>
    </p>
   </div>
   <div class='ocr_carea' id='block_1_82' title="bbox 1986 3830 3558 3911">
    <p class='ocr_par' dir='ltr' id='par_1_82' title="bbox 1986 3830 3558 3911">
     <span class='ocr_line' id='line_1_82' title="bbox 1986 3830 3558 3911; baseline 0.009 -28"><span class='ocrx_word' id='word_1_567' title='bbox 1986 3830 2152 3885; x_wconf 89' lang='grc' dir='ltr'>τικῶν</span> <span class='ocrx_word' id='word_1_568' title='bbox 2186 3835 2540 3906; x_wconf 75' lang='grc' dir='ltr'>προρρήσεων</span> <span class='ocrx_word' id='word_1_569' title='bbox 2565 3838 2645 3900; x_wconf 85' lang='grc' dir='ltr'><strong>είς</strong></span> <span class='ocrx_word' id='word_1_570' title='bbox 2671 3836 2768 3908; x_wconf 86' lang='grc' dir='ltr'><strong>τὴν</strong></span> <span class='ocrx_word' id='word_1_571' title='bbox 2811 3837 3165 3911; x_wconf 76' lang='grc' dir='ltr'>εύαγγελικὴν</span> <span class='ocrx_word' id='word_1_572' title='bbox 3191 3840 3465 3908; x_wconf 83' lang='grc' dir='ltr'>ἀπόδειξιν</span> <span class='ocrx_word' id='word_1_573' title='bbox 3497 3838 3558 3897; x_wconf 82' lang='grc' dir='ltr'>εὖ</span> 
     </span>
    </p>
   </div>
   <div class='ocr_carea' id='block_1_83' title="bbox 1985 3922 3560 4002">
    <p class='ocr_par' dir='ltr' id='par_1_83' title="bbox 1985 3922 3560 4002">
     <span class='ocr_line' id='line_1_83' title="bbox 1985 3922 3560 4002; baseline 0.007 -26"><span class='ocrx_word' id='word_1_574' title='bbox 1985 3922 2181 3994; x_wconf 77' lang='grc' dir='ltr'>ἀνέχοι</span> <span class='ocrx_word' id='word_1_575' title='bbox 2213 3925 2499 3990; x_wconf 87' lang='grc' dir='ltr'>συντελεῖν,</span> <span class='ocrx_word' id='word_1_576' title='bbox 2532 3926 2721 3996; x_wconf 77' lang='grc' dir='ltr'>καιρὸς</span> <span class='ocrx_word' id='word_1_577' title='bbox 2747 3927 2812 3981; x_wconf 81' lang='grc' dir='ltr'>ἂν</span> <span class='ocrx_word' id='word_1_578' title='bbox 2839 3929 2923 4000; x_wconf 74' lang='grc' dir='ltr'>εἴη</span> <span class='ocrx_word' id='word_1_579' title='bbox 2954 3929 3149 3997; x_wconf 83' lang='grc' dir='ltr'>λέγειν.</span> <span class='ocrx_word' id='word_1_580' title='bbox 3176 3930 3220 3982; x_wconf 84' lang='grc' dir='ltr'><strong><em>Χ</em></strong></span> <span class='ocrx_word' id='word_1_581' title='bbox 3230 3930 3409 4002; x_wconf 85' lang='grc' dir='ltr'>ριστὺν</span> <span class='ocrx_word' id='word_1_582' title='bbox 3441 3933 3560 3988; x_wconf 84' lang='grc' dir='ltr'>ὀνο-</span> 
     </span>
    </p>
   </div>
   <div class='ocr_carea' id='block_1_84' title="bbox 1989 4014 3554 4093">
    <p class='ocr_par' dir='ltr' id='par_1_84' title="bbox 1989 4014 3554 4093">
     <span class='ocr_line' id='line_1_84' title="bbox 1989 4014 3554 4093; baseline 0.007 -27"><span class='ocrx_word' id='word_1_583' title='bbox 1989 4014 2153 4085; x_wconf 72' lang='grc' dir='ltr'>μαστὶ</span> <span class='ocrx_word' id='word_1_584' title='bbox 2180 4016 2273 4068; x_wconf 75' lang='grc' dir='ltr'><strong>καὶ</strong></span> <span class='ocrx_word' id='word_1_585' title='bbox 2320 4016 2452 4068; x_wconf 85' lang='grc' dir='ltr'>Θεοῦ</span> <span class='ocrx_word' id='word_1_586' title='bbox 2500 4017 2688 4085; x_wconf 84' lang='grc' dir='ltr'>Λόγον,</span> <span class='ocrx_word' id='word_1_587' title='bbox 2717 4018 2876 4071; x_wconf 84' lang='grc' dir='ltr'>αὐτόν</span> <span class='ocrx_word' id='word_1_588' title='bbox 2914 4035 2975 4072; x_wconf 90' lang='grc' dir='ltr'><strong>τε</strong></span> <span class='ocrx_word' id='word_1_589' title='bbox 3020 4018 3151 4072; x_wconf 78' lang='grc' dir='ltr'>Θεὸν</span> <span class='ocrx_word' id='word_1_590' title='bbox 3201 4020 3294 4072; x_wconf 79' lang='grc' dir='ltr'>καὶ</span> <span class='ocrx_word' id='word_1_591' title='bbox 3326 4020 3554 4093; x_wconf 81' lang='grc' dir='ltr'>Κύριον,</span> 
     </span>
    </p>
   </div>
   <div class='ocr_carea' id='block_1_85' title="bbox 1984 4105 3559 4182">
    <p class='ocr_par' dir='ltr' id='par_1_85' title="bbox 1984 4105 3559 4182">
     <span class='ocr_line' id='line_1_85' title="bbox 1984 4105 3559 4182; baseline 0.007 -25"><span class='ocrx_word' id='word_1_592' title='bbox 1984 4105 2078 4158; x_wconf 88' lang='grc' dir='ltr'><strong>καί</strong></span> <span class='ocrx_word' id='word_1_593' title='bbox 2102 4122 2224 4159; x_wconf 91' lang='grc' dir='ltr'>τινα</span> <span class='ocrx_word' id='word_1_594' title='bbox 2259 4107 2497 4177; x_wconf 80' lang='grc' dir='ltr'>μεγάλης</span> <span class='ocrx_word' id='word_1_595' title='bbox 2541 4107 2736 4180; x_wconf 81' lang='grc' dir='ltr'>βουλῆς</span> <span class='ocrx_word' id='word_1_596' title='bbox 2775 4109 3001 4178; x_wconf 80' lang='grc' dir='ltr'>ἄγγελον</span> <span class='ocrx_word' id='word_1_597' title='bbox 3034 4109 3391 4182; x_wconf 85' lang='grc' dir='ltr'>ἐπιδημήσειν</span> <span class='ocrx_word' id='word_1_598' title='bbox 3423 4114 3559 4168; x_wconf 58' lang='lat' dir='ltr'><strong>me</strong></span> 
     </span>
    </p>
   </div>
   <div class='ocr_carea' id='block_1_86' title="bbox 1981 4195 3556 4267">
    <p class='ocr_par' dir='ltr' id='par_1_86' title="bbox 1981 4195 3556 4267">
     <span class='ocr_line' id='line_1_86' title="bbox 1981 4195 3556 4267; baseline 0.006 -20"><span class='ocrx_word' id='word_1_599' title='bbox 1981 4196 2062 4257; x_wconf 85' lang='grc' dir='ltr'><strong>εἰς</strong></span> <span class='ocrx_word' id='word_1_600' title='bbox 2108 4195 2423 4266; x_wconf 83' lang='grc' dir='ltr'>ἀνθρώπους</span> <span class='ocrx_word' id='word_1_601' title='bbox 2468 4197 2694 4267; x_wconf 79' lang='grc' dir='ltr'>ἔφασαν,</span> <span class='ocrx_word' id='word_1_602' title='bbox 2739 4200 2955 4253; x_wconf 83' lang='grc' dir='ltr'>πάντων</span> <span class='ocrx_word' id='word_1_603' title='bbox 2982 4217 3041 4253; x_wconf 89' lang='grc' dir='ltr'><strong>τε</strong></span> <span class='ocrx_word' id='word_1_604' title='bbox 3085 4200 3193 4253; x_wconf 87' lang='grc' dir='ltr'><strong>τῶν</strong></span> <span class='ocrx_word' id='word_1_605' title='bbox 3236 4201 3340 4255; x_wconf 87' lang='grc' dir='ltr'><strong>ἀνά</strong></span> <span class='ocrx_word' id='word_1_606' title='bbox 3373 4204 3556 4258; x_wconf 83' lang='grc' dir='ltr'>πᾶσαν</span> 
     </span>
    </p>
   </div>
   <div class='ocr_carea' id='block_1_87' title="bbox 1980 4287 3555 4366">
    <p class='ocr_par' dir='ltr' id='par_1_87' title="bbox 1980 4287 3555 4366">
     <span class='ocr_line' id='line_1_87' title="bbox 1980 4287 3555 4366; baseline 0.005 -26"><span class='ocrx_word' id='word_1_607' title='bbox 1980 4287 2079 4359; x_wconf 81' lang='grc' dir='ltr'>τὴν</span> <span class='ocrx_word' id='word_1_608' title='bbox 2108 4290 2427 4360; x_wconf 78' lang='grc' dir='ltr'>οἰκουμένην</span> <span class='ocrx_word' id='word_1_609' title='bbox 2472 4289 2638 4344; x_wconf 89' lang='grc' dir='ltr'>ἐθνῶν</span> <span class='ocrx_word' id='word_1_610' title='bbox 2677 4290 2997 4360; x_wconf 84' lang='grc' dir='ltr'>Ἑλληνικῶν</span> <span class='ocrx_word' id='word_1_611' title='bbox 3033 4308 3092 4343; x_wconf 91' lang='grc' dir='ltr'><strong>τε</strong></span> <span class='ocrx_word' id='word_1_612' title='bbox 3135 4291 3229 4344; x_wconf 73' lang='grc' dir='ltr'>καὶ</span> <span class='ocrx_word' id='word_1_613' title='bbox 3259 4291 3555 4366; x_wconf 85' lang='grc' dir='ltr'>βαρϐάρων</span> 
     </span>
    </p>
   </div>
   <div class='ocr_carea' id='block_1_88' title="bbox 306 4377 1895 4452">
    <p class='ocr_par' dir='ltr' id='par_1_88' title="bbox 306 4377 1878 4452">
     <span class='ocr_line' id='line_1_88' title="bbox 306 4377 1878 4452; baseline -0.003 -16"><span class='ocrx_word' id='word_1_614' title='bbox 306 4385 441 4438; x_wconf 90' lang='lat' dir='ltr'><strong>tium</strong></span> <span class='ocrx_word' id='word_1_615' title='bbox 460 4381 769 4438; x_wconf 85' lang='lat' dir='ltr'><strong>Graecarum</strong></span> <span class='ocrx_word' id='word_1_616' title='bbox 784 4381 988 4452; x_wconf 89' lang='lat' dir='ltr'><strong>pariter</strong></span> <span class='ocrx_word' id='word_1_617' title='bbox 1002 4387 1056 4435; x_wconf 92' lang='lat' dir='ltr'><strong>et</strong></span> <span class='ocrx_word' id='word_1_618' title='bbox 1071 4379 1423 4435; x_wconf 86' lang='lat' dir='ltr'><strong>barbararum</strong></span> <span class='ocrx_word' id='word_1_619' title='bbox 1448 4377 1664 4433; x_wconf 84' lang='lat' dir='ltr'><strong>futurus</strong></span> <span class='ocrx_word' id='word_1_620' title='bbox 1681 4377 1878 4431; x_wconf 89' lang='lat' dir='ltr'><strong>Doctor</strong></span> 
     </span>
    </p>
   </div>
   <div class='ocr_carea' id='block_1_89' title="bbox 1998 4377 3554 4452">
    <p class='ocr_par' dir='ltr' id='par_1_89' title="bbox 1998 4379 3554 4451">
     <span class='ocr_line' id='line_1_89' title="bbox 1998 4379 3554 4451; baseline 0.005 -20"><span class='ocrx_word' id='word_1_621' title='bbox 1998 4379 2293 4433; x_wconf 77' lang='grc' dir='ltr'>ῑιδάσκαλον</span> <span class='ocrx_word' id='word_1_622' title='bbox 2331 4379 2563 4451; x_wconf 79' lang='grc' dir='ltr'>ἀληθοῦς</span> <span class='ocrx_word' id='word_1_623' title='bbox 2589 4380 2933 4450; x_wconf 88' lang='grc' dir='ltr'>θεογνωσίας,</span> <span class='ocrx_word' id='word_1_624' title='bbox 2966 4382 3058 4435; x_wconf 71' lang='grc' dir='ltr'><strong>καὶ</strong></span> <span class='ocrx_word' id='word_1_625' title='bbox 3086 4382 3187 4451; x_wconf 81' lang='grc' dir='ltr'>τῆς</span> <span class='ocrx_word' id='word_1_626' title='bbox 3210 4384 3292 4446; x_wconf 87' lang='grc' dir='ltr'><strong>εἰς</strong></span> <span class='ocrx_word' id='word_1_627' title='bbox 3328 4385 3419 4439; x_wconf 85' lang='grc' dir='ltr'>τὸν</span> <span class='ocrx_word' id='word_1_628' title='bbox 3441 4385 3554 4440; x_wconf 83' lang='grc' dir='ltr'><strong>τῶν</strong></span> 
     </span>
    </p>
   </div>
   <div class='ocr_carea' id='block_1_90' title="bbox 304 4469 1876 4547">
    <p class='ocr_par' dir='ltr' id='par_1_90' title="bbox 304 4469 1876 4547">
     <span class='ocr_line' id='line_1_90' title="bbox 304 4469 1876 4547; baseline -0.004 -18"><span class='ocrx_word' id='word_1_629' title='bbox 304 4490 447 4531; x_wconf 73' lang='lat' dir='ltr'><strong>verae</strong></span> <span class='ocrx_word' id='word_1_630' title='bbox 488 4474 817 4547; x_wconf 87' lang='lat' dir='ltr'><strong>cognitionis</strong></span> <span class='ocrx_word' id='word_1_631' title='bbox 851 4471 945 4528; x_wconf 86' lang='lat' dir='ltr'><strong>Dei</strong></span> <span class='ocrx_word' id='word_1_632' title='bbox 980 4479 1034 4529; x_wconf 87' lang='lat' dir='ltr'><strong>et</strong></span> <span class='ocrx_word' id='word_1_633' title='bbox 1065 4471 1282 4542; x_wconf 88' lang='lat' dir='ltr'><strong>pietatis</strong></span> <span class='ocrx_word' id='word_1_634' title='bbox 1315 4470 1370 4524; x_wconf 90' lang='lat' dir='ltr'><strong>in</strong></span> <span class='ocrx_word' id='word_1_635' title='bbox 1408 4469 1600 4533; x_wconf 90' lang='lat' dir='ltr'><strong>Deum,</strong></span> <span class='ocrx_word' id='word_1_636' title='bbox 1634 4469 1876 4525; x_wconf 86' lang='lat' dir='ltr'><strong>universi</strong></span> 
     </span>
    </p>
   </div>
   <div class='ocr_carea' id='block_1_91' title="bbox 305 4561 1871 4638">
    <p class='ocr_par' dir='ltr' id='par_1_91' title="bbox 305 4561 1871 4638">
     <span class='ocr_line' id='line_1_91' title="bbox 305 4561 1871 4638; baseline -0.003 -19"><span class='ocrx_word' id='word_1_637' title='bbox 305 4565 578 4638; x_wconf 88' lang='lat' dir='ltr'><strong>opiﬁcem,</strong></span> <span class='ocrx_word' id='word_1_638' title='bbox 611 4565 753 4621; x_wconf 91' lang='lat' dir='ltr'><strong>sicut</strong></span> <span class='ocrx_word' id='word_1_639' title='bbox 780 4563 1153 4634; x_wconf 87' lang='lat' dir='ltr'><strong>evangelicum</strong></span> <span class='ocrx_word' id='word_1_640' title='bbox 1177 4561 1464 4632; x_wconf 78' lang='lat' dir='ltr'><strong>profitetur</strong></span> <span class='ocrx_word' id='word_1_641' title='bbox 1493 4561 1824 4632; x_wconf 71' lang='lat' dir='ltr'><strong>praeconium</strong></span> <span class='ocrx_word' id='word_1_642' title='bbox 1853 4578 1871 4614; x_wconf 85' lang='lat'><strong>:</strong></span> 
     </span>
    </p>
   </div>
   <div class='ocr_carea' id='block_1_92' title="bbox 305 4650 1876 4726">
    <p class='ocr_par' dir='ltr' id='par_1_92' title="bbox 305 4650 1876 4726">
     <span class='ocr_line' id='line_1_92' title="bbox 305 4650 1876 4726; baseline -0.004 -15"><span class='ocrx_word' id='word_1_643' title='bbox 305 4657 569 4726; x_wconf 88' lang='lat' dir='ltr'><strong>illumque</strong></span> <span class='ocrx_word' id='word_1_644' title='bbox 605 4657 783 4726; x_wconf 89' lang='lat' dir='ltr'><strong>ipsum</strong></span> <span class='ocrx_word' id='word_1_645' title='bbox 829 4654 1070 4708; x_wconf 82' lang='lat' dir='ltr'><strong>futurum</strong></span> <span class='ocrx_word' id='word_1_646' title='bbox 1101 4668 1349 4723; x_wconf 87' lang='lat' dir='ltr'><strong>puerum,</strong></span> <span class='ocrx_word' id='word_1_647' title='bbox 1388 4653 1667 4722; x_wconf 89' lang='lat' dir='ltr'><strong>ﬁliumque</strong></span> <span class='ocrx_word' id='word_1_648' title='bbox 1698 4650 1876 4705; x_wconf 90' lang='lat' dir='ltr'><strong>homi-</strong></span> 
     </span>
    </p>
   </div>
   <div class='ocr_carea' id='block_1_93' title="bbox 305 4742 1874 4815">
    <p class='ocr_par' dir='ltr' id='par_1_93' title="bbox 305 4742 1874 4815">
     <span class='ocr_line' id='line_1_93' title="bbox 305 4742 1874 4815; baseline -0.004 -13"><span class='ocrx_word' id='word_1_649' title='bbox 305 4749 392 4805; x_wconf 85' lang='lat' dir='ltr'><strong>nis</strong></span> <span class='ocrx_word' id='word_1_650' title='bbox 420 4755 673 4803; x_wconf 91' lang='lat' dir='ltr'><strong>vocatum</strong></span> <span class='ocrx_word' id='word_1_651' title='bbox 704 4746 793 4809; x_wconf 89' lang='lat' dir='ltr'><strong>iri,</strong></span> <span class='ocrx_word' id='word_1_652' title='bbox 826 4742 1003 4815; x_wconf 70' lang='lat' dir='ltr'><strong>ut&#39;qui</strong></span> <span class='ocrx_word' id='word_1_653' title='bbox 1033 4758 1205 4815; x_wconf 89' lang='lat' dir='ltr'><strong>genus</strong></span> <span class='ocrx_word' id='word_1_654' title='bbox 1230 4743 1299 4798; x_wconf 91' lang='lat' dir='ltr'><strong>ab</strong></span> <span class='ocrx_word' id='word_1_655' title='bbox 1326 4743 1638 4799; x_wconf 90' lang='lat' dir='ltr'><strong>hominibus</strong></span> <span class='ocrx_word' id='word_1_656' title='bbox 1676 4742 1874 4797; x_wconf 81' lang='lat' dir='ltr'><strong>ductu-</strong></span> 
     </span>
    </p>
   </div>
   <div class='ocr_carea' id='block_1_94' title="bbox 302 4832 1871 4907">
    <p class='ocr_par' dir='ltr' id='par_1_94' title="bbox 302 4832 1871 4907">
     <span class='ocr_line' id='line_1_94' title="bbox 302 4832 1871 4907; baseline -0.005 -15"><span class='ocrx_word' id='word_1_657' title='bbox 302 4854 397 4897; x_wconf 87' lang='lat' dir='ltr'><strong>rus</strong></span> <span class='ocrx_word' id='word_1_658' title='bbox 455 4839 546 4904; x_wconf 89' lang='lat' dir='ltr'><strong>sit,</strong></span> <span class='ocrx_word' id='word_1_659' title='bbox 599 4837 1022 4907; x_wconf 88' lang='lat' dir='ltr'><strong>nasciturusque</strong></span> <span class='ocrx_word' id='word_1_660' title='bbox 1071 4851 1138 4891; x_wconf 77' lang='lat' dir='ltr'><strong>ex</strong></span> <span class='ocrx_word' id='word_1_661' title='bbox 1180 4835 1410 4906; x_wconf 90' lang='lat' dir='ltr'><strong>virgine,</strong></span> <span class='ocrx_word' id='word_1_662' title='bbox 1453 4849 1595 4890; x_wconf 92' lang='lat' dir='ltr'><strong>nova</strong></span> <span class='ocrx_word' id='word_1_663' title='bbox 1634 4832 1871 4904; x_wconf 87' lang='lat' dir='ltr'><strong>quadam</strong></span> 
     </span>
    </p>
   </div>
   <div class='ocr_carea' id='block_1_95' title="bbox 302 4922 1869 5000">
    <p class='ocr_par' dir='ltr' id='par_1_95' title="bbox 302 4922 1869 5000">
     <span class='ocr_line' id='line_1_95' title="bbox 302 4922 1869 5000; baseline -0.006 -16"><span class='ocrx_word' id='word_1_664' title='bbox 302 4937 465 5000; x_wconf 80' lang='lat' dir='ltr'><strong>atque</strong></span> <span class='ocrx_word' id='word_1_665' title='bbox 504 4929 765 4984; x_wconf 89' lang='lat' dir='ltr'><strong>inusitata</strong></span> <span class='ocrx_word' id='word_1_666' title='bbox 795 4926 1167 4999; x_wconf 81' lang='lat' dir='ltr'><strong>generationis</strong></span> <span class='ocrx_word' id='word_1_667' title='bbox 1212 4926 1442 4981; x_wconf 87' lang='lat' dir='ltr'><strong>ratione.</strong></span> <span class='ocrx_word' id='word_1_668' title='bbox 1486 4922 1553 4978; x_wconf 90' lang='lat' dir='ltr'><strong>Et</strong></span> <span class='ocrx_word' id='word_1_669' title='bbox 1577 4922 1722 4994; x_wconf 92' lang='lat' dir='ltr'><strong>quod</strong></span> <span class='ocrx_word' id='word_1_670' title='bbox 1752 4936 1869 4976; x_wconf 86' lang='lat' dir='ltr'><strong>ma-</strong></span> 
     </span>
    </p>
   </div>
   <div class='ocr_carea' id='block_1_96' title="bbox 302 5012 1868 5092">
    <p class='ocr_par' dir='ltr' id='par_1_96' title="bbox 302 5012 1868 5092">
     <span class='ocr_line' id='line_1_96' title="bbox 302 5012 1868 5092; baseline -0.005 -17"><span class='ocrx_word' id='word_1_671' title='bbox 302 5022 447 5077; x_wconf 83' lang='lat' dir='ltr'><strong>xime</strong></span> <span class='ocrx_word' id='word_1_672' title='bbox 489 5020 714 5092; x_wconf 88' lang='lat' dir='ltr'><strong>dignum</strong></span> <span class='ocrx_word' id='word_1_673' title='bbox 771 5032 855 5077; x_wconf 91' lang='lat' dir='ltr'><strong>est</strong></span> <span class='ocrx_word' id='word_1_674' title='bbox 899 5019 1280 5084; x_wconf 89' lang='lat' dir='ltr'><strong>admiratione,</strong></span> <span class='ocrx_word' id='word_1_675' title='bbox 1313 5032 1382 5072; x_wconf 86' lang='lat' dir='ltr'><strong>ne</strong></span> <span class='ocrx_word' id='word_1_676' title='bbox 1424 5017 1603 5071; x_wconf 89' lang='lat' dir='ltr'><strong>locum</strong></span> <span class='ocrx_word' id='word_1_677' title='bbox 1649 5012 1868 5084; x_wconf 88' lang='lat' dir='ltr'><strong>quidem</strong></span> 
     </span>
    </p>
   </div>
   <div class='ocr_carea' id='block_1_97' title="bbox 298 5109 1867 5187">
    <p class='ocr_par' dir='ltr' id='par_1_97' title="bbox 298 5109 1867 5187">
     <span class='ocr_line' id='line_1_97' title="bbox 298 5109 1867 5187; baseline -0.004 -17"><span class='ocrx_word' id='word_1_678' title='bbox 298 5117 600 5172; x_wconf 86' lang='lat' dir='ltr'><strong>nativitatis</strong></span> <span class='ocrx_word' id='word_1_679' title='bbox 632 5116 753 5187; x_wconf 86' lang='lat' dir='ltr'><strong>ejus</strong></span> <span class='ocrx_word' id='word_1_680' title='bbox 782 5115 1114 5172; x_wconf 86' lang='lat' dir='ltr'><strong>Bethlebem.</strong></span> <span class='ocrx_word' id='word_1_681' title='bbox 1143 5113 1400 5169; x_wconf 86' lang='lat' dir='ltr'><strong>omnibus</strong></span> <span class='ocrx_word' id='word_1_682' title='bbox 1429 5111 1727 5166; x_wconf 79' lang='lat' dir='ltr'><strong>etiamnum</strong></span> <span class='ocrx_word' id='word_1_683' title='bbox 1763 5109 1867 5163; x_wconf 66' lang='lat' dir='ltr'><strong>hoc</strong></span> 
     </span>
    </p>
   </div>
   <div class='ocr_carea' id='block_1_98' title="bbox 298 5196 1866 5279">
    <p class='ocr_par' dir='ltr' id='par_1_98' title="bbox 298 5196 1866 5279">
     <span class='ocr_line' id='line_1_98' title="bbox 298 5196 1866 5279; baseline -0.006 -18"><span class='ocrx_word' id='word_1_684' title='bbox 298 5204 388 5262; x_wconf 90' lang='lat' dir='ltr'><strong>die</strong></span> <span class='ocrx_word' id='word_1_685' title='bbox 425 5206 521 5279; x_wconf 89' lang='lat' dir='ltr'><strong>qui</strong></span> <span class='ocrx_word' id='word_1_686' title='bbox 560 5206 627 5262; x_wconf 91' lang='lat' dir='ltr'><strong>ad</strong></span> <span class='ocrx_word' id='word_1_687' title='bbox 663 5206 813 5262; x_wconf 87' lang='lat' dir='ltr'><strong>illum</strong></span> <span class='ocrx_word' id='word_1_688' title='bbox 849 5203 1206 5277; x_wconf 88' lang='lat' dir='ltr'><strong>spectandum</strong></span> <span class='ocrx_word' id='word_1_689' title='bbox 1246 5201 1505 5257; x_wconf 77' lang='lat' dir='ltr'><strong>extremis</strong></span> <span class='ocrx_word' id='word_1_690' title='bbox 1528 5200 1597 5254; x_wconf 89' lang='lat' dir='ltr'><strong>ab</strong></span> <span class='ocrx_word' id='word_1_691' title='bbox 1618 5208 1776 5255; x_wconf 76' lang='lat' dir='ltr'><strong>terra:</strong></span> <span class='ocrx_word' id='word_1_692' title='bbox 1804 5196 1866 5251; x_wconf 61' lang='lat' dir='ltr'><strong>ﬁo</strong></span> 
     </span>
    </p>
   </div>
   <div class='ocr_carea' id='block_1_99' title="bbox 300 5288 1863 5360">
    <p class='ocr_par' dir='ltr' id='par_1_99' title="bbox 300 5288 1863 5360">
     <span class='ocr_line' id='line_1_99' title="bbox 300 5288 1863 5360; baseline -0.005 -8"><span class='ocrx_word' id='word_1_693' title='bbox 300 5297 462 5353; x_wconf 88' lang='lat' dir='ltr'><strong>nibus</strong></span> <span class='ocrx_word' id='word_1_694' title='bbox 501 5305 798 5354; x_wconf 88' lang='lat' dir='ltr'><strong>accurrunt</strong></span> <span class='ocrx_word' id='word_1_695' title='bbox 843 5296 1214 5360; x_wconf 83' lang='lat' dir='ltr'><strong>decantatum,</strong></span> <span class='ocrx_word' id='word_1_696' title='bbox 1259 5291 1479 5349; x_wconf 90' lang='lat' dir='ltr'><strong>silentio</strong></span> <span class='ocrx_word' id='word_1_697' title='bbox 1525 5288 1863 5345; x_wconf 79' lang='lat' dir='ltr'><strong>involventes</strong></span> 
     </span>
    </p>
   </div>
   <div class='ocr_carea' id='block_1_100' title="bbox 297 5383 1861 5460">
    <p class='ocr_par' dir='ltr' id='par_1_100' title="bbox 297 5383 1861 5460">
     <span class='ocr_line' id='line_1_100' title="bbox 297 5383 1861 5460; baseline -0.006 -14"><span class='ocrx_word' id='word_1_698' title='bbox 297 5391 692 5460; x_wconf 78' lang='lat' dir='ltr'><strong>praeterierunt,</strong></span> <span class='ocrx_word' id='word_1_699' title='bbox 726 5391 821 5446; x_wconf 87' lang='lat' dir='ltr'><strong>sed</strong></span> <span class='ocrx_word' id='word_1_700' title='bbox 850 5397 906 5447; x_wconf 83' lang='lat' dir='ltr'><strong>et</strong></span> <span class='ocrx_word' id='word_1_701' title='bbox 935 5390 1081 5445; x_wconf 86' lang='lat' dir='ltr'><strong>hunc</strong></span> <span class='ocrx_word' id='word_1_702' title='bbox 1099 5385 1265 5442; x_wconf 87' lang='lat' dir='ltr'><strong>claris</strong></span> <span class='ocrx_word' id='word_1_703' title='bbox 1280 5383 1462 5440; x_wconf 83' lang='lat' dir='ltr'><strong>verbis</strong></span> <span class='ocrx_word' id='word_1_704' title='bbox 1489 5383 1861 5453; x_wconf 79' lang='lat' dir='ltr'><strong>proclamave-</strong></span> 
     </span>
    </p>
   </div>
   <div class='ocr_carea' id='block_1_101' title="bbox 297 5470 1861 5549">
    <p class='ocr_par' dir='ltr' id='par_1_101' title="bbox 297 5470 1861 5549">
     <span class='ocr_line' id='line_1_101' title="bbox 297 5470 1861 5549; baseline -0.005 -16"><span class='ocrx_word' id='word_1_705' title='bbox 297 5487 423 5535; x_wconf 89' lang='lat' dir='ltr'><strong>runt</strong></span> <span class='ocrx_word' id='word_1_706' title='bbox 456 5500 469 5536; x_wconf 93' lang='lat'>:</span> <span class='ocrx_word' id='word_1_707' title='bbox 516 5481 658 5536; x_wconf 90' lang='lat' dir='ltr'><strong>sicut</strong></span> <span class='ocrx_word' id='word_1_708' title='bbox 683 5481 847 5537; x_wconf 89' lang='lat' dir='ltr'><strong>etiam</strong></span> <span class='ocrx_word' id='word_1_709' title='bbox 879 5487 1094 5549; x_wconf 88' lang='lat' dir='ltr'><strong>tempus</strong></span> <span class='ocrx_word' id='word_1_710' title='bbox 1127 5474 1481 5530; x_wconf 36' lang='lat' dir='ltr'><strong>adventusret</strong></span> <span class='ocrx_word' id='word_1_711' title='bbox 1504 5470 1861 5540; x_wconf 86' lang='lat' dir='ltr'><strong>apparitionis</strong></span> 
     </span>
    </p>
   </div>
   <div class='ocr_carea' id='block_1_102' title="bbox 290 5565 1856 5644">
    <p class='ocr_par' dir='ltr' id='par_1_102' title="bbox 290 5565 1856 5644">
     <span class='ocr_line' id='line_1_102' title="bbox 290 5565 1856 5644; baseline -0.01 -15"><span class='ocrx_word' id='word_1_712' title='bbox 290 5572 434 5641; x_wconf 83' lang='lat' dir='ltr'><strong>ejus,</strong></span> <span class='ocrx_word' id='word_1_713' title='bbox 474 5587 584 5644; x_wconf 88' lang='lat' dir='ltr'><strong>quo</strong></span> <span class='ocrx_word' id='word_1_714' title='bbox 616 5573 842 5644; x_wconf 65' lang='lat' dir='ltr'><strong>praecise</strong></span> <span class='ocrx_word' id='word_1_715' title='bbox 872 5572 964 5626; x_wconf 87' lang='lat' dir='ltr'><strong>ille</strong></span> <span class='ocrx_word' id='word_1_716' title='bbox 998 5570 1142 5624; x_wconf 89' lang='lat' dir='ltr'><strong>inter</strong></span> <span class='ocrx_word' id='word_1_717' title='bbox 1168 5565 1418 5620; x_wconf 82' lang='lat' dir='ltr'><strong>homines</strong></span> <span class='ocrx_word' id='word_1_718' title='bbox 1461 5568 1714 5617; x_wconf 85' lang='lat' dir='ltr'><strong>versatus</strong></span> <span class='ocrx_word' id='word_1_719' title='bbox 1750 5568 1856 5625; x_wconf 88' lang='lat' dir='ltr'><strong>est,</strong></span> 
     </span>
    </p>
   </div>
   <div class='ocr_carea' id='block_1_103' title="bbox 293 5650 1856 5726">
    <p class='ocr_par' dir='ltr' id='par_1_103' title="bbox 293 5650 1856 5726">
     <span class='ocr_line' id='line_1_103' title="bbox 293 5650 1856 5726; baseline -0.006 -12"><span class='ocrx_word' id='word_1_720' title='bbox 293 5661 455 5719; x_wconf 84' lang='lat' dir='ltr'><strong>tidem</strong></span> <span class='ocrx_word' id='word_1_721' title='bbox 486 5664 653 5721; x_wconf 87' lang='lat' dir='ltr'><strong>veluti</strong></span> <span class='ocrx_word' id='word_1_722' title='bbox 683 5664 848 5720; x_wconf 88' lang='lat' dir='ltr'><strong>rebus</strong></span> <span class='ocrx_word' id='word_1_723' title='bbox 878 5665 1263 5726; x_wconf 72' lang='lat' dir='ltr'><strong>umvertentes</strong></span> <span class='ocrx_word' id='word_1_724' title='bbox 1297 5652 1484 5710; x_wconf 85' lang='lat' dir='ltr'><strong>divino</strong></span> <span class='ocrx_word' id='word_1_725' title='bbox 1510 5665 1605 5708; x_wconf 90' lang='lat' dir='ltr'><strong>ore</strong></span> <span class='ocrx_word' id='word_1_726' title='bbox 1636 5650 1856 5707; x_wconf 84' lang='lat' dir='ltr'><strong>nuntia-</strong></span> 
     </span>
    </p>
   </div>
   <div class='ocr_carea' id='block_1_104' title="bbox 1977 4469 3554 4548">
    <p class='ocr_par' dir='ltr' id='par_1_104' title="bbox 1977 4469 3554 4548">
     <span class='ocr_line' id='line_1_104' title="bbox 1977 4469 3554 4548; baseline 0.004 -26"><span class='ocrx_word' id='word_1_727' title='bbox 1977 4469 2112 4523; x_wconf 83' lang='grc' dir='ltr'>ὅλων</span> <span class='ocrx_word' id='word_1_728' title='bbox 2134 4470 2460 4541; x_wconf 81' lang='grc' dir='ltr'>δημιουργὸν</span> <span class='ocrx_word' id='word_1_729' title='bbox 2482 4471 2611 4523; x_wconf 82' lang='grc' dir='ltr'>Θεὸν</span> <span class='ocrx_word' id='word_1_730' title='bbox 2640 4471 2918 4534; x_wconf 83' lang='grc' dir='ltr'>εὐσεϐείας</span> <span class='ocrx_word' id='word_1_731' title='bbox 2943 4473 3399 4542; x_wconf 84' lang='grc' dir='ltr'>καταστήσεσθαι,</span> <span class='ocrx_word' id='word_1_732' title='bbox 3435 4470 3554 4548; x_wconf 82' lang='grc' dir='ltr'>τὸ</span> 
     </span>
    </p>
   </div>
   <div class='ocr_carea' id='block_1_105' title="bbox 1976 4558 3553 4629">
    <p class='ocr_par' dir='ltr' id='par_1_105' title="bbox 1976 4558 3553 4629">
     <span class='ocr_line' id='line_1_105' title="bbox 1976 4558 3553 4629; baseline 0.004 -19"><span class='ocrx_word' id='word_1_733' title='bbox 1976 4558 2324 4626; x_wconf 81' lang='grc' dir='ltr'>εὐαγγελικὸν</span> <span class='ocrx_word' id='word_1_734' title='bbox 2351 4558 2589 4629; x_wconf 83' lang='grc' dir='ltr'>περιέχει</span> <span class='ocrx_word' id='word_1_735' title='bbox 2610 4559 2867 4629; x_wconf 88' lang='grc' dir='ltr'>κήρυγμα</span> <span class='ocrx_word' id='word_1_736' title='bbox 2884 4575 2897 4588; x_wconf 88' lang='grc'><strong>·</strong></span> <span class='ocrx_word' id='word_1_737' title='bbox 2924 4559 3015 4611; x_wconf 79' lang='grc' dir='ltr'>καὶ</span> <span class='ocrx_word' id='word_1_738' title='bbox 3034 4558 3221 4612; x_wconf 75' lang='grc' dir='ltr'>τοῦτον</span> <span class='ocrx_word' id='word_1_739' title='bbox 3244 4562 3407 4615; x_wconf 85' lang='grc' dir='ltr'>αὐτὸν</span> <span class='ocrx_word' id='word_1_740' title='bbox 3429 4582 3553 4617; x_wconf 81' lang='grc' dir='ltr'>παι·</span> 
     </span>
    </p>
   </div>
   <div class='ocr_carea' id='block_1_106' title="bbox 1974 4648 3550 4722">
    <p class='ocr_par' dir='ltr' id='par_1_106' title="bbox 1974 4648 3550 4722">
     <span class='ocr_line' id='line_1_106' title="bbox 1974 4648 3550 4722; baseline 0.004 -21"><span class='ocrx_word' id='word_1_741' title='bbox 1974 4648 2082 4702; x_wconf 88' lang='grc' dir='ltr'>δίον</span> <span class='ocrx_word' id='word_1_742' title='bbox 2111 4648 2346 4712; x_wconf 77' lang='grc' dir='ltr'>ἔσεσθαι,</span> <span class='ocrx_word' id='word_1_743' title='bbox 2373 4650 2465 4701; x_wconf 73' lang='grc' dir='ltr'>καὶ</span> <span class='ocrx_word' id='word_1_744' title='bbox 2498 4648 2612 4701; x_wconf 83' lang='grc' dir='ltr'>υἱὸν</span> <span class='ocrx_word' id='word_1_745' title='bbox 2653 4648 2936 4719; x_wconf 86' lang='grc' dir='ltr'>ἀνθρώπου</span> <span class='ocrx_word' id='word_1_746' title='bbox 2975 4649 3363 4721; x_wconf 83' lang='grc' dir='ltr'>κληθήσεσθαι,</span> <span class='ocrx_word' id='word_1_747' title='bbox 3391 4655 3550 4722; x_wconf 79' lang='grc' dir='ltr'>γένος</span> 
     </span>
    </p>
   </div>
   <div class='ocr_carea' id='block_1_107' title="bbox 1972 4738 3549 4815">
    <p class='ocr_par' dir='ltr' id='par_1_107' title="bbox 1972 4738 3549 4815">
     <span class='ocr_line' id='line_1_107' title="bbox 1972 4738 3549 4815; baseline 0.003 -22"><span class='ocrx_word' id='word_1_748' title='bbox 1972 4757 2031 4793; x_wconf 89' lang='grc' dir='ltr'><strong>τε</strong></span> <span class='ocrx_word' id='word_1_749' title='bbox 2058 4740 2177 4794; x_wconf 82' lang='grc' dir='ltr'>ὅθεν</span> <span class='ocrx_word' id='word_1_750' title='bbox 2206 4739 2457 4806; x_wconf 76' lang='grc' dir='ltr'>κατάξει·</span> <span class='ocrx_word' id='word_1_751' title='bbox 2491 4740 2583 4793; x_wconf 87' lang='grc' dir='ltr'><strong>καί</strong></span> <span class='ocrx_word' id='word_1_752' title='bbox 2615 4756 2736 4793; x_wconf 85' lang='grc' dir='ltr'>τινα</span> <span class='ocrx_word' id='word_1_753' title='bbox 2783 4738 2929 4803; x_wconf 83' lang='grc' dir='ltr'>ξένον</span> <span class='ocrx_word' id='word_1_754' title='bbox 2953 4742 3016 4794; x_wconf 88' lang='grc' dir='ltr'><strong>ἐκ</strong></span> <span class='ocrx_word' id='word_1_755' title='bbox 3045 4741 3318 4812; x_wconf 85' lang='grc' dir='ltr'>παρθένου</span> <span class='ocrx_word' id='word_1_756' title='bbox 3343 4747 3549 4815; x_wconf 87' lang='grc' dir='ltr'>τρόπον</span> 
     </span>
    </p>
   </div>
   <div class='ocr_carea' id='block_1_108' title="bbox 1971 4829 3547 4902">
    <p class='ocr_par' dir='ltr' id='par_1_108' title="bbox 1971 4829 3547 4902">
     <span class='ocr_line' id='line_1_108' title="bbox 1971 4829 3547 4902; baseline 0.004 -20"><span class='ocrx_word' id='word_1_757' title='bbox 1971 4829 2135 4883; x_wconf 76' lang='grc' dir='ltr'>αὐτοῦ</span> <span class='ocrx_word' id='word_1_758' title='bbox 2163 4830 2262 4899; x_wconf 80' lang='grc' dir='ltr'>τῆς</span> <span class='ocrx_word' id='word_1_759' title='bbox 2299 4829 2602 4893; x_wconf 81' lang='grc' dir='ltr'>ἀποτέξεως</span> <span class='ocrx_word' id='word_1_760' title='bbox 2620 4847 2633 4861; x_wconf 79' lang='lat'><strong>-</strong></span> <span class='ocrx_word' id='word_1_761' title='bbox 2670 4830 2764 4883; x_wconf 66' lang='grc' dir='ltr'>καὶ</span> <span class='ocrx_word' id='word_1_762' title='bbox 2790 4830 2851 4883; x_wconf 90' lang='grc' dir='ltr'><strong>τό</strong></span> <span class='ocrx_word' id='word_1_763' title='bbox 2876 4847 2937 4898; x_wconf 90' lang='grc' dir='ltr'><strong>γε</strong></span> <span class='ocrx_word' id='word_1_764' title='bbox 2980 4831 3433 4902; x_wconf 77' lang='grc' dir='ltr'>παραδοξότατον,</span> <span class='ocrx_word' id='word_1_765' title='bbox 3464 4838 3547 4890; x_wconf 84' lang='grc' dir='ltr'><strong>ὅτι</strong></span> 
     </span>
    </p>
   </div>
   <div class='ocr_carea' id='block_1_109' title="bbox 1973 4921 3547 4998">
    <p class='ocr_par' dir='ltr' id='par_1_109' title="bbox 1973 4921 3547 4998">
     <span class='ocr_line' id='line_1_109' title="bbox 1973 4921 3547 4998; baseline 0.003 -22"><span class='ocrx_word' id='word_1_766' title='bbox 1973 4921 2047 4993; x_wconf 81' lang='grc' dir='ltr'>μὴ</span> <span class='ocrx_word' id='word_1_767' title='bbox 2081 4924 2210 4975; x_wconf 81' lang='grc' dir='ltr'>πᾶσι</span> <span class='ocrx_word' id='word_1_768' title='bbox 2265 4925 2377 4985; x_wconf 86' lang='grc' dir='ltr'>τοῖς</span> <span class='ocrx_word' id='word_1_769' title='bbox 2408 4924 2472 4974; x_wconf 86' lang='grc' dir='ltr'><strong>ἐκ</strong></span> <span class='ocrx_word' id='word_1_770' title='bbox 2514 4923 2764 4993; x_wconf 88' lang='grc' dir='ltr'>περάτων</span> <span class='ocrx_word' id='word_1_771' title='bbox 2805 4923 2908 4994; x_wconf 81' lang='grc' dir='ltr'><strong>γῆς</strong></span> <span class='ocrx_word' id='word_1_772' title='bbox 2952 4924 3117 4977; x_wconf 91' lang='grc' dir='ltr'>εἰσέτι</span> <span class='ocrx_word' id='word_1_773' title='bbox 3162 4928 3401 4998; x_wconf 87' lang='grc' dir='ltr'>σήμερον</span> <span class='ocrx_word' id='word_1_774' title='bbox 3450 4932 3547 4983; x_wconf 81' lang='grc' dir='ltr'>ἐπὶ</span> 
     </span>
    </p>
   </div>
   <div class='ocr_carea' id='block_1_110' title="bbox 1969 5012 3547 5087">
    <p class='ocr_par' dir='ltr' id='par_1_110' title="bbox 1969 5012 3547 5087">
     <span class='ocr_line' id='line_1_110' title="bbox 1969 5012 3547 5087; baseline 0.004 -21"><span class='ocrx_word' id='word_1_775' title='bbox 1969 5013 2096 5066; x_wconf 82' lang='grc' dir='ltr'>θέαν</span> <span class='ocrx_word' id='word_1_776' title='bbox 2129 5012 2416 5066; x_wconf 83' lang='grc' dir='ltr'>σπεύδουσι</span> <span class='ocrx_word' id='word_1_777' title='bbox 2459 5012 2748 5084; x_wconf 84' lang='grc' dir='ltr'>βοώμενον,</span> <span class='ocrx_word' id='word_1_778' title='bbox 2779 5013 2880 5082; x_wconf 79' lang='grc' dir='ltr'>τῆς</span> <span class='ocrx_word' id='word_1_779' title='bbox 2908 5016 2966 5066; x_wconf 82' lang='grc' dir='ltr'><strong>ἐν</strong></span> <span class='ocrx_word' id='word_1_780' title='bbox 2999 5014 3245 5087; x_wconf 87' lang='grc' dir='ltr'>Βηθλεέμ</span> <span class='ocrx_word' id='word_1_781' title='bbox 3273 5019 3547 5086; x_wconf 85' lang='grc' dir='ltr'>γενέσεως</span> 
     </span>
    </p>
   </div>
   <div class='ocr_carea' id='block_1_111' title="bbox 1966 5102 3545 5175">
    <p class='ocr_par' dir='ltr' id='par_1_111' title="bbox 1966 5102 3545 5175">
     <span class='ocr_line' id='line_1_111' title="bbox 1966 5102 3545 5175; baseline 0.006 -20"><span class='ocrx_word' id='word_1_782' title='bbox 1966 5102 2131 5156; x_wconf 83' lang='grc' dir='ltr'>αὐτοῦ</span> <span class='ocrx_word' id='word_1_783' title='bbox 2187 5103 2404 5175; x_wconf 88' lang='grc' dir='ltr'>χωρίον,</span> <span class='ocrx_word' id='word_1_784' title='bbox 2454 5106 2630 5174; x_wconf 74' lang='grc' dir='ltr'>σιωπῇ</span> <span class='ocrx_word' id='word_1_785' title='bbox 2690 5103 2866 5166; x_wconf 86' lang='grc' dir='ltr'>δόντες</span> <span class='ocrx_word' id='word_1_786' title='bbox 2920 5104 3217 5174; x_wconf 84' lang='grc' dir='ltr'>παρῆλθον,</span> <span class='ocrx_word' id='word_1_787' title='bbox 3252 5108 3389 5162; x_wconf 86' lang='grc' dir='ltr'><strong>ἀλλά</strong></span> <span class='ocrx_word' id='word_1_788' title='bbox 3445 5112 3545 5165; x_wconf 79' lang='grc' dir='ltr'><strong>καὶ</strong></span> 
     </span>
    </p>
   </div>
   <div class='ocr_carea' id='block_1_112' title="bbox 1962 5192 3544 5269">
    <p class='ocr_par' dir='ltr' id='par_1_112' title="bbox 1962 5192 3544 5269">
     <span class='ocr_line' id='line_1_112' title="bbox 1962 5192 3544 5269; baseline 0.005 -23"><span class='ocrx_word' id='word_1_789' title='bbox 1962 5193 2120 5247; x_wconf 81' lang='grc' dir='ltr'>τοῦτο</span> <span class='ocrx_word' id='word_1_790' title='bbox 2169 5194 2380 5257; x_wconf 83' lang='grc' dir='ltr'>λευκοῖς</span> <span class='ocrx_word' id='word_1_791' title='bbox 2419 5193 2675 5264; x_wconf 84' lang='grc' dir='ltr'>ὀνόμασιν</span> <span class='ocrx_word' id='word_1_792' title='bbox 2725 5192 3274 5269; x_wconf 59' lang='grc' dir='ltr'>ἐξεϐόησανῶσπερ</span> <span class='ocrx_word' id='word_1_793' title='bbox 3299 5194 3394 5252; x_wconf 80' lang='grc' dir='ltr'>οὖν</span> <span class='ocrx_word' id='word_1_794' title='bbox 3445 5201 3544 5256; x_wconf 78' lang='grc' dir='ltr'>καὶ</span> 
     </span>
    </p>
   </div>
   <div class='ocr_carea' id='block_1_113' title="bbox 1962 5285 3543 5361">
    <p class='ocr_par' dir='ltr' id='par_1_113' title="bbox 1962 5285 3543 5361">
     <span class='ocr_line' id='line_1_113' title="bbox 1962 5285 3543 5361; baseline 0.004 -24"><span class='ocrx_word' id='word_1_795' title='bbox 1962 5285 2087 5347; x_wconf 82' lang='grc' dir='ltr'>τοὺς</span> <span class='ocrx_word' id='word_1_796' title='bbox 2111 5286 2335 5358; x_wconf 88' lang='grc' dir='ltr'>χρόνους</span> <span class='ocrx_word' id='word_1_797' title='bbox 2353 5285 2454 5356; x_wconf 85' lang='grc' dir='ltr'>τῆς</span> <span class='ocrx_word' id='word_1_798' title='bbox 2480 5287 2793 5356; x_wconf 80' lang='grc' dir='ltr'>ἐπιφανείας</span> <span class='ocrx_word' id='word_1_799' title='bbox 2814 5286 2999 5351; x_wconf 83' lang='grc' dir='ltr'>αὐτοῦ,</span> <span class='ocrx_word' id='word_1_800' title='bbox 3025 5287 3147 5341; x_wconf 79' lang='grc' dir='ltr'>καθ’</span> <span class='ocrx_word' id='word_1_801' title='bbox 3173 5287 3266 5352; x_wconf 84' lang='grc' dir='ltr'>οὒς</span> <span class='ocrx_word' id='word_1_802' title='bbox 3293 5290 3543 5361; x_wconf 82' lang='grc' dir='ltr'>ἀκριϐῶς</span> 
     </span>
    </p>
   </div>
   <div class='ocr_carea' id='block_1_114' title="bbox 1960 5370 3542 5451">
    <p class='ocr_par' dir='ltr' id='par_1_114' title="bbox 1960 5370 3542 5451">
     <span class='ocr_line' id='line_1_114' title="bbox 1960 5370 3542 5451; baseline 0.006 -20"><span class='ocrx_word' id='word_1_803' title='bbox 1960 5370 2113 5440; x_wconf 68' lang='grc' dir='ltr'>οὗτος</span> <span class='ocrx_word' id='word_1_804' title='bbox 2145 5378 2404 5449; x_wconf 83' lang='grc' dir='ltr'>ἐπεδήμει</span> <span class='ocrx_word' id='word_1_805' title='bbox 2445 5377 2524 5448; x_wconf 85' lang='grc' dir='ltr'>τῷ</span> <span class='ocrx_word' id='word_1_806' title='bbox 2581 5378 2696 5449; x_wconf 86' lang='grc' dir='ltr'>βίῳ,</span> <span class='ocrx_word' id='word_1_807' title='bbox 2730 5379 2917 5451; x_wconf 84' lang='grc' dir='ltr'>ὥσπερ</span> <span class='ocrx_word' id='word_1_808' title='bbox 2950 5379 3252 5449; x_wconf 85' lang='grc' dir='ltr'>φθάσαντες</span> <span class='ocrx_word' id='word_1_809' title='bbox 3279 5384 3331 5436; x_wconf 79' lang='grc' dir='ltr'>οἱ</span> <span class='ocrx_word' id='word_1_810' title='bbox 3382 5386 3542 5441; x_wconf 82' lang='grc' dir='ltr'>αὐτοὶ</span> 
     </span>
    </p>
   </div>
   <div class='ocr_carea' id='block_1_115' title="bbox 1959 5469 3540 5546">
    <p class='ocr_par' dir='ltr' id='par_1_115' title="bbox 1959 5469 3540 5546">
     <span class='ocr_line' id='line_1_115' title="bbox 1959 5469 3540 5546; baseline 0.005 -23"><span class='ocrx_word' id='word_1_811' title='bbox 1959 5470 2047 5524; x_wconf 83' lang='grc' dir='ltr'><strong>διὰ</strong></span> <span class='ocrx_word' id='word_1_812' title='bbox 2066 5470 2174 5525; x_wconf 88' lang='grc' dir='ltr'><strong>τῶν</strong></span> <span class='ocrx_word' id='word_1_813' title='bbox 2197 5469 2537 5541; x_wconf 83' lang='grc' dir='ltr'>πραγμάτων</span> <span class='ocrx_word' id='word_1_814' title='bbox 2556 5469 2867 5528; x_wconf 87' lang='grc' dir='ltr'>ἐθέσπισαν.</span> <span class='ocrx_word' id='word_1_815' title='bbox 2898 5472 3135 5543; x_wconf 78' lang='grc' dir='ltr'>Πάρεστι</span> <span class='ocrx_word' id='word_1_816' title='bbox 3166 5472 3224 5525; x_wconf 78' lang='grc' dir='ltr'><strong>δέ</strong></span> <span class='ocrx_word' id='word_1_817' title='bbox 3254 5488 3358 5539; x_wconf 92' lang='grc' dir='ltr'>σοι,</span> <span class='ocrx_word' id='word_1_818' title='bbox 3395 5479 3540 5546; x_wconf 85' lang='grc' dir='ltr'><strong>μετά</strong></span> 
     </span>
    </p>
   </div>
   <div class='ocr_carea' id='block_1_116' title="bbox 1958 5559 3539 5634">
    <p class='ocr_par' dir='ltr' id='par_1_116' title="bbox 1958 5559 3539 5634">
     <span class='ocr_line' id='line_1_116' title="bbox 1958 5559 3539 5634; baseline 0.004 -19"><span class='ocrx_word' id='word_1_819' title='bbox 1958 5563 2146 5634; x_wconf 81' lang='grc' dir='ltr'>χεῖρας</span> <span class='ocrx_word' id='word_1_820' title='bbox 2190 5559 2508 5615; x_wconf 86' lang='grc' dir='ltr'>ἀναλαϐόντι</span> <span class='ocrx_word' id='word_1_821' title='bbox 2539 5562 2637 5629; x_wconf 82' lang='grc' dir='ltr'>τὴν</span> <span class='ocrx_word' id='word_1_822' title='bbox 2673 5562 2923 5626; x_wconf 63' lang='grc' dir='ltr'>σπουδὴν,</span> <span class='ocrx_word' id='word_1_823' title='bbox 2955 5566 3011 5616; x_wconf 88' lang='grc' dir='ltr'><strong>ἐν</strong></span> <span class='ocrx_word' id='word_1_824' title='bbox 3060 5563 3357 5634; x_wconf 83' lang='grc' dir='ltr'>ὀφθαλμοῖς</span> <span class='ocrx_word' id='word_1_825' title='bbox 3408 5566 3539 5621; x_wconf 84' lang='grc' dir='ltr'>ἰδεῖν</span> 
     </span>
    </p>
   </div>
   <div class='ocr_carea' id='block_1_117' title="bbox 1958 5650 3537 5723">
    <p class='ocr_par' dir='ltr' id='par_1_117' title="bbox 1958 5650 3537 5723">
     <span class='ocr_line' id='line_1_117' title="bbox 1958 5650 3537 5723; baseline 0.003 -17"><span class='ocrx_word' id='word_1_826' title='bbox 1958 5654 2016 5706; x_wconf 87' lang='grc' dir='ltr'><strong>ἐν</strong></span> <span class='ocrx_word' id='word_1_827' title='bbox 2034 5655 2155 5714; x_wconf 85' lang='grc' dir='ltr'>ταῖς</span> <span class='ocrx_word' id='word_1_828' title='bbox 2187 5650 2538 5722; x_wconf 81' lang='grc' dir='ltr'>δηλουμέναις</span> <span class='ocrx_word' id='word_1_829' title='bbox 2577 5656 2938 5722; x_wconf 75' lang='grc' dir='ltr'>προφητικαῖς</span> <span class='ocrx_word' id='word_1_830' title='bbox 2977 5654 3311 5721; x_wconf 80' lang='grc' dir='ltr'>προρρήσεσι</span> <span class='ocrx_word' id='word_1_831' title='bbox 3350 5655 3537 5723; x_wconf 84' lang='grc' dir='ltr'>πάσας</span> 
     </span>
    </p>
   </div>
  </div>
