  <div class='ocr_page' id='page_1' title='image "/cluster/home/n/w/nwhite01/storage/ocr_20150623/22/nnc1.0046978372/016.png"; bbox 0 0 3852 6216; ppageno 0'>
   <div class='ocr_carea' id='block_1_1' title="bbox 299 262 3561 370">
    <p class='ocr_par' dir='ltr' id='par_1_1' title="bbox 299 264 3561 370">
     <span class='ocr_line' id='line_1_1' title="bbox 299 264 3561 370; baseline -0.001 0"><span class='ocrx_word' id='word_1_1' title='bbox 299 316 367 370; x_wconf 83' lang='lat' dir='ltr'><strong>l7</strong></span> <span class='ocrx_word' id='word_1_2' title='bbox 1220 310 1873 370; x_wconf 74' lang='lat' dir='ltr'><strong>DEMONSTRATIONIS</strong></span> <span class='ocrx_word' id='word_1_3' title='bbox 1910 308 2370 367; x_wconf 66' lang='lat' dir='ltr'><strong>EVANGELICAB</strong></span> <span class='ocrx_word' id='word_1_4' title='bbox 2398 308 2529 365; x_wconf 87' lang='lat' dir='ltr'><strong>LIB.</strong></span> <span class='ocrx_word' id='word_1_5' title='bbox 2569 306 2611 365; x_wconf 88' lang='grc'>1.</span> <span class='ocrx_word' id='word_1_6' title='bbox 2647 264 2681 276; x_wconf 21' lang='grc' dir='ltr'><strong><em>Η</em></strong></span> <span class='ocrx_word' id='word_1_7' title='bbox 3490 307 3561 366; x_wconf 73' lang='lat' dir='ltr'><strong>i8</strong></span> 
     </span>
    </p>
   </div>
   <div class='ocr_carea' id='block_1_2' title="bbox 294 418 1882 502">
    <p class='ocr_par' dir='ltr' id='par_1_2' title="bbox 294 424 1882 502">
     <span class='ocr_line' id='line_1_2' title="bbox 294 424 1882 502; baseline -0.004 -18"><span class='ocrx_word' id='word_1_8' title='bbox 294 429 434 500; x_wconf 76' lang='grc' dir='ltr'>όμῶ</span> <span class='ocrx_word' id='word_1_9' title='bbox 465 429 869 502; x_wconf 84' lang='grc' dir='ltr'>περιεχομένας</span> <span class='ocrx_word' id='word_1_10' title='bbox 890 428 990 493; x_wconf 77' lang='grc' dir='ltr'>τὰς</span> <span class='ocrx_word' id='word_1_11' title='bbox 1015 427 1120 481; x_wconf 75' lang='grc' dir='ltr'><strong>ὑπὸ</strong></span> <span class='ocrx_word' id='word_1_12' title='bbox 1146 426 1255 482; x_wconf 83' lang='grc' dir='ltr'><strong>τῶν</strong></span> <span class='ocrx_word' id='word_1_13' title='bbox 1282 425 1584 481; x_wconf 84' lang='grc' dir='ltr'>θεσπεσίων</span> <span class='ocrx_word' id='word_1_14' title='bbox 1609 424 1882 496; x_wconf 85' lang='grc' dir='ltr'>εὐαγγελι-</span> 
     </span>
    </p>
   </div>
   <div class='ocr_carea' id='block_1_3' title="bbox 1980 418 3555 502">
    <p class='ocr_par' dir='ltr' id='par_1_3' title="bbox 1988 418 3555 495">
     <span class='ocr_line' id='line_1_3' title="bbox 1988 418 3555 495; baseline -0.001 -15"><span class='ocrx_word' id='word_1_15' title='bbox 1988 439 2134 480; x_wconf 82' lang='lat' dir='ltr'><strong>vere.</strong></span> <span class='ocrx_word' id='word_1_16' title='bbox 2165 423 2374 479; x_wconf 75' lang='lat' dir='ltr'><strong>Licebit</strong></span> <span class='ocrx_word' id='word_1_17' title='bbox 2393 423 2557 478; x_wconf 88' lang='lat' dir='ltr'><strong>etiam</strong></span> <span class='ocrx_word' id='word_1_18' title='bbox 2585 421 2682 477; x_wconf 88' lang='lat' dir='ltr'><strong>tibi</strong></span> <span class='ocrx_word' id='word_1_19' title='bbox 2716 418 2958 477; x_wconf 89' lang='lat' dir='ltr'><strong>studiose</strong></span> <span class='ocrx_word' id='word_1_20' title='bbox 2979 419 3288 478; x_wconf 80' lang='lat' dir='ltr'><strong>admoventi</strong></span> <span class='ocrx_word' id='word_1_21' title='bbox 3313 437 3555 495; x_wconf 84' lang='lat' dir='ltr'><strong>operam,</strong></span> 
     </span>
    </p>
   </div>
   <div class='ocr_carea' id='block_1_4' title="bbox 300 515 1889 593">
    <p class='ocr_par' dir='ltr' id='par_1_4' title="bbox 300 515 1889 593">
     <span class='ocr_line' id='line_1_4' title="bbox 300 515 1889 593; baseline -0.002 -19"><span class='ocrx_word' id='word_1_22' title='bbox 300 521 445 574; x_wconf 82' lang='grc' dir='ltr'>στῶν</span> <span class='ocrx_word' id='word_1_23' title='bbox 500 519 954 593; x_wconf 87' lang='grc' dir='ltr'>μαρτυρουμένας</span> <span class='ocrx_word' id='word_1_24' title='bbox 996 517 1162 573; x_wconf 81' lang='grc' dir='ltr'>αὐτοῦ</span> <span class='ocrx_word' id='word_1_25' title='bbox 1207 518 1273 589; x_wconf 80' lang='grc' dir='ltr'>δὴ</span> <span class='ocrx_word' id='word_1_26' title='bbox 1319 516 1415 572; x_wconf 81' lang='grc' dir='ltr'>τοῦ</span> <span class='ocrx_word' id='word_1_27' title='bbox 1454 518 1704 588; x_wconf 83' lang='grc' dir='ltr'><strong>Σωτῆρος</strong></span> <span class='ocrx_word' id='word_1_28' title='bbox 1734 515 1889 588; x_wconf 86' lang='grc' dir='ltr'>ήμῶν</span> 
     </span>
    </p>
   </div>
   <div class='ocr_carea' id='block_1_5' title="bbox 311 608 1890 684">
    <p class='ocr_par' dir='ltr' id='par_1_5' title="bbox 311 608 1890 684">
     <span class='ocr_line' id='line_1_5' title="bbox 311 608 1890 684; baseline -0.003 -18"><span class='ocrx_word' id='word_1_29' title='bbox 311 611 492 684; x_wconf 80' lang='grc' dir='ltr'>Ἰησοῦ</span> <span class='ocrx_word' id='word_1_30' title='bbox 517 611 613 665; x_wconf 75' lang='grc' dir='ltr'>τοῦ</span> <span class='ocrx_word' id='word_1_31' title='bbox 643 610 884 682; x_wconf 79' lang='grc' dir='ltr'><strong>Χριστοῦ</strong></span> <span class='ocrx_word' id='word_1_32' title='bbox 936 609 1270 682; x_wconf 72' lang='grc' dir='ltr'>παραδόξους</span> <span class='ocrx_word' id='word_1_33' title='bbox 1302 608 1762 680; x_wconf 86' lang='grc' dir='ltr'>θαυματουργίας,</span> <span class='ocrx_word' id='word_1_34' title='bbox 1797 609 1890 662; x_wconf 66' lang='grc' dir='ltr'><strong>καὶ¹</strong></span> 
     </span>
    </p>
   </div>
   <div class='ocr_carea' id='block_1_6' title="bbox 298 697 1889 772">
    <p class='ocr_par' dir='ltr' id='par_1_6' title="bbox 298 697 1889 772">
     <span class='ocr_line' id='line_1_6' title="bbox 298 697 1889 772; baseline -0.004 -16"><span class='ocrx_word' id='word_1_35' title='bbox 298 704 401 767; x_wconf 81' lang='grc' dir='ltr'>τὰς</span> <span class='ocrx_word' id='word_1_36' title='bbox 426 703 646 767; x_wconf 73' lang='grc' dir='ltr'>ἐνθέους</span> <span class='ocrx_word' id='word_1_37' title='bbox 673 701 842 755; x_wconf 82' lang='grc' dir='ltr'>αὐτοῦ</span> <span class='ocrx_word' id='word_1_38' title='bbox 872 702 967 754; x_wconf 77' lang='grc' dir='ltr'><strong>καὶ</strong></span> <span class='ocrx_word' id='word_1_39' title='bbox 993 700 1335 772; x_wconf 75' lang='grc' dir='ltr'><strong>παναρέτους</strong></span> <span class='ocrx_word' id='word_1_40' title='bbox 1373 701 1500 770; x_wconf 80' lang='grc' dir='ltr'>περὶ</span> <span class='ocrx_word' id='word_1_41' title='bbox 1530 699 1629 769; x_wconf 87' lang='grc' dir='ltr'><strong>τῆς</strong></span> <span class='ocrx_word' id='word_1_42' title='bbox 1655 697 1889 769; x_wconf 83' lang='grc' dir='ltr'>ἀληθοῦς</span> 
     </span>
    </p>
   </div>
   <div class='ocr_carea' id='block_1_7' title="bbox 299 784 1890 855">
    <p class='ocr_par' dir='ltr' id='par_1_7' title="bbox 299 784 1890 855">
     <span class='ocr_line' id='line_1_7' title="bbox 299 784 1890 855; baseline -0.001 -15"><span class='ocrx_word' id='word_1_43' title='bbox 299 788 588 851; x_wconf 74' lang='grc' dir='ltr'>εὐσεϐείας</span> <span class='ocrx_word' id='word_1_44' title='bbox 614 787 983 850; x_wconf 83' lang='grc' dir='ltr'>διδασκαλίας.</span> <span class='ocrx_word' id='word_1_45' title='bbox 1013 787 1124 839; x_wconf 77' lang='grc' dir='ltr'><strong>Καὶ</strong></span> <span class='ocrx_word' id='word_1_46' title='bbox 1144 787 1197 839; x_wconf 90' lang='grc' dir='ltr'><strong>τί</strong></span> <span class='ocrx_word' id='word_1_47' title='bbox 1228 786 1308 839; x_wconf 81' lang='grc' dir='ltr'>δεῖ</span> <span class='ocrx_word' id='word_1_48' title='bbox 1325 784 1649 855; x_wconf 74' lang='grc' dir='ltr'><strong>θαυμάζειν,</strong></span> <span class='ocrx_word' id='word_1_49' title='bbox 1677 784 1766 838; x_wconf 87' lang='grc' dir='ltr'>ὅτε</span> <span class='ocrx_word' id='word_1_50' title='bbox 1796 785 1890 838; x_wconf 74' lang='grc' dir='ltr'>καὶ</span> 
     </span>
    </p>
   </div>
   <div class='ocr_carea' id='block_1_8' title="bbox 295 872 1886 947">
    <p class='ocr_par' dir='ltr' id='par_1_8' title="bbox 295 872 1886 947">
     <span class='ocr_line' id='line_1_8' title="bbox 295 872 1886 947; baseline -0.002 -18"><span class='ocrx_word' id='word_1_51' title='bbox 295 876 391 929; x_wconf 73' lang='grc' dir='ltr'>τὸν</span> <span class='ocrx_word' id='word_1_52' title='bbox 437 877 561 930; x_wconf 80' lang='grc' dir='ltr'>νέον</span> <span class='ocrx_word' id='word_1_53' title='bbox 592 876 693 947; x_wconf 84' lang='grc' dir='ltr'><strong>τῆς</strong></span> <span class='ocrx_word' id='word_1_54' title='bbox 731 874 1014 939; x_wconf 78' lang='grc' dir='ltr'>εὐσεϐείας</span> <span class='ocrx_word' id='word_1_55' title='bbox 1044 874 1265 945; x_wconf 84' lang='grc' dir='ltr'>τρόπον,</span> <span class='ocrx_word' id='word_1_56' title='bbox 1304 875 1396 928; x_wconf 80' lang='grc' dir='ltr'>τὸν</span> <span class='ocrx_word' id='word_1_57' title='bbox 1430 872 1508 946; x_wconf 84' lang='grc'><strong>(1)</strong></span> <span class='ocrx_word' id='word_1_58' title='bbox 1548 873 1684 946; x_wconf 80' lang='grc' dir='ltr'>πρὸς</span> <span class='ocrx_word' id='word_1_59' title='bbox 1721 872 1886 927; x_wconf 81' lang='grc' dir='ltr'>αὐτοῦ</span> 
     </span>
    </p>
   </div>
   <div class='ocr_carea' id='block_1_9' title="bbox 298 964 1891 1039">
    <p class='ocr_par' dir='ltr' id='par_1_9' title="bbox 298 964 1891 1039">
     <span class='ocr_line' id='line_1_9' title="bbox 298 964 1891 1039; baseline 0 -20"><span class='ocrx_word' id='word_1_60' title='bbox 298 967 470 1020; x_wconf 73' lang='grc' dir='ltr'>πᾶσιν</span> <span class='ocrx_word' id='word_1_61' title='bbox 509 966 819 1039; x_wconf 82' lang='grc' dir='ltr'>ἀνθρώποις</span> <span class='ocrx_word' id='word_1_62' title='bbox 859 965 1318 1037; x_wconf 86' lang='grc' dir='ltr'>κατηγγελμένον,</span> <span class='ocrx_word' id='word_1_63' title='bbox 1348 966 1646 1037; x_wconf 75' lang='grc' dir='ltr'>διαρρήδην</span> <span class='ocrx_word' id='word_1_64' title='bbox 1685 964 1891 1036; x_wconf 87' lang='grc' dir='ltr'>ἀνακη-</span> 
     </span>
    </p>
   </div>
   <div class='ocr_carea' id='block_1_10' title="bbox 303 1054 1890 1129">
    <p class='ocr_par' dir='ltr' id='par_1_10' title="bbox 303 1054 1890 1129">
     <span class='ocr_line' id='line_1_10' title="bbox 303 1054 1890 1129; baseline -0.003 -18"><span class='ocrx_word' id='word_1_65' title='bbox 303 1056 579 1129; x_wconf 83' lang='grc' dir='ltr'>ρύττουσι,</span> <span class='ocrx_word' id='word_1_66' title='bbox 604 1056 796 1128; x_wconf 83' lang='grc' dir='ltr'>κλῆσίν</span> <span class='ocrx_word' id='word_1_67' title='bbox 824 1072 882 1109; x_wconf 91' lang='grc' dir='ltr'><strong>τε</strong></span> <span class='ocrx_word' id='word_1_68' title='bbox 908 1054 1163 1127; x_wconf 80' lang='grc' dir='ltr'><strong>μαθητῶν</strong></span> <span class='ocrx_word' id='word_1_69' title='bbox 1195 1054 1378 1119; x_wconf 78' lang='grc' dir='ltr'>αὐτοῦ,</span> <span class='ocrx_word' id='word_1_70' title='bbox 1408 1057 1501 1108; x_wconf 81' lang='grc' dir='ltr'><strong>καὶ</strong></span> <span class='ocrx_word' id='word_1_71' title='bbox 1531 1055 1737 1127; x_wconf 79' lang='grc' dir='ltr'><strong>Καινῆς</strong></span> <span class='ocrx_word' id='word_1_72' title='bbox 1762 1056 1890 1108; x_wconf 88' lang='grc' dir='ltr'>Δια-</span> 
     </span>
    </p>
   </div>
   <div class='ocr_carea' id='block_1_11' title="bbox 299 1145 1890 1219">
    <p class='ocr_par' dir='ltr' id='par_1_11' title="bbox 299 1145 1890 1219">
     <span class='ocr_line' id='line_1_11' title="bbox 299 1145 1890 1219; baseline -0.002 -19"><span class='ocrx_word' id='word_1_73' title='bbox 299 1147 479 1219; x_wconf 84' lang='grc' dir='ltr'>θήκης</span> <span class='ocrx_word' id='word_1_74' title='bbox 491 1147 869 1212; x_wconf 73' lang='grc' dir='ltr'>διδασκαλίανς</span> <span class='ocrx_word' id='word_1_75' title='bbox 890 1147 998 1199; x_wconf 76' lang='grc' dir='ltr'>Ναὶ</span> <span class='ocrx_word' id='word_1_76' title='bbox 1023 1146 1129 1217; x_wconf 86' lang='grc' dir='ltr'>μὴν</span> <span class='ocrx_word' id='word_1_77' title='bbox 1151 1145 1243 1199; x_wconf 74' lang='grc' dir='ltr'><strong>ἐπὶ</strong></span> <span class='ocrx_word' id='word_1_78' title='bbox 1269 1145 1476 1208; x_wconf 81' lang='grc' dir='ltr'><strong>τούτοις</strong></span> <span class='ocrx_word' id='word_1_79' title='bbox 1505 1145 1598 1199; x_wconf 80' lang='grc' dir='ltr'><strong>καὶ</strong></span> <span class='ocrx_word' id='word_1_80' title='bbox 1624 1145 1724 1208; x_wconf 89' lang='grc' dir='ltr'><strong>τάς</strong></span> <span class='ocrx_word' id='word_1_81' title='bbox 1759 1146 1890 1198; x_wconf 85' lang='grc' dir='ltr'>Ἰου-</span> 
     </span>
    </p>
   </div>
   <div class='ocr_carea' id='block_1_12' title="bbox 297 1235 1887 1307">
    <p class='ocr_par' dir='ltr' id='par_1_12' title="bbox 297 1235 1887 1307">
     <span class='ocr_line' id='line_1_12' title="bbox 297 1235 1887 1307; baseline -0.003 -14"><span class='ocrx_word' id='word_1_82' title='bbox 297 1239 466 1293; x_wconf 83' lang='grc' dir='ltr'>δαίων</span> <span class='ocrx_word' id='word_1_83' title='bbox 507 1240 590 1302; x_wconf 88' lang='grc' dir='ltr'><strong>εἰς</strong></span> <span class='ocrx_word' id='word_1_84' title='bbox 620 1238 783 1292; x_wconf 76' lang='grc' dir='ltr'>αὐτὸν</span> <span class='ocrx_word' id='word_1_85' title='bbox 824 1237 1081 1302; x_wconf 79' lang='grc' dir='ltr'><strong>ἀπιστίας</strong></span> <span class='ocrx_word' id='word_1_86' title='bbox 1113 1238 1209 1290; x_wconf 76' lang='grc' dir='ltr'><strong>καὶ</strong></span> <span class='ocrx_word' id='word_1_87' title='bbox 1234 1235 1569 1304; x_wconf 75' lang='grc' dir='ltr'><strong>ἀντιλογίας,</strong></span> <span class='ocrx_word' id='word_1_88' title='bbox 1611 1236 1887 1307; x_wconf 81' lang='grc' dir='ltr'>ἀρχόντων</span> 
     </span>
    </p>
   </div>
   <div class='ocr_carea' id='block_1_13' title="bbox 295 1326 1885 1399">
    <p class='ocr_par' dir='ltr' id='par_1_13' title="bbox 295 1326 1885 1399">
     <span class='ocr_line' id='line_1_13' title="bbox 295 1326 1885 1399; baseline -0.001 -16"><span class='ocrx_word' id='word_1_89' title='bbox 295 1348 359 1385; x_wconf 87' lang='grc' dir='ltr'><strong>τε</strong></span> <span class='ocrx_word' id='word_1_90' title='bbox 391 1331 814 1393; x_wconf 79' lang='grc' dir='ltr'><strong>ἐπαναστάσεις,</strong></span> <span class='ocrx_word' id='word_1_91' title='bbox 841 1329 1174 1384; x_wconf 81' lang='grc' dir='ltr'><strong>διδασκάλων</strong></span> <span class='ocrx_word' id='word_1_92' title='bbox 1203 1329 1448 1398; x_wconf 83' lang='grc' dir='ltr'><strong>φθόνους,</strong></span> <span class='ocrx_word' id='word_1_93' title='bbox 1492 1327 1609 1391; x_wconf 77' lang='grc' dir='ltr'>ἐνὸς</span> <span class='ocrx_word' id='word_1_94' title='bbox 1643 1326 1885 1399; x_wconf 79' lang='grc' dir='ltr'><strong>μαθητοῦ</strong></span> 
     </span>
    </p>
   </div>
   <div class='ocr_carea' id='block_1_14' title="bbox 297 1418 1885 1493">
    <p class='ocr_par' dir='ltr' id='par_1_14' title="bbox 297 1418 1885 1493">
     <span class='ocr_line' id='line_1_14' title="bbox 297 1418 1885 1493; baseline -0.001 -20"><span class='ocrx_word' id='word_1_95' title='bbox 297 1422 618 1493; x_wconf 75' lang='grc' dir='ltr'>προδοσίαν,</span> <span class='ocrx_word' id='word_1_96' title='bbox 636 1420 848 1492; x_wconf 77' lang='grc' dir='ltr'>ἐχθρῶν</span> <span class='ocrx_word' id='word_1_97' title='bbox 866 1421 1136 1484; x_wconf 76' lang='grc' dir='ltr'>διαϐολὰς,</span> <span class='ocrx_word' id='word_1_98' title='bbox 1160 1419 1510 1491; x_wconf 82' lang='grc' dir='ltr'>συκοφαντῶν</span> <span class='ocrx_word' id='word_1_99' title='bbox 1530 1418 1885 1491; x_wconf 79' lang='grc' dir='ltr'>κατηγορίας,</span> 
     </span>
    </p>
   </div>
   <div class='ocr_carea' id='block_1_15' title="bbox 295 1512 1888 1584">
    <p class='ocr_par' dir='ltr' id='par_1_15' title="bbox 295 1512 1888 1584">
     <span class='ocr_line' id='line_1_15' title="bbox 295 1512 1888 1584; baseline -0.001 -18"><span class='ocrx_word' id='word_1_100' title='bbox 295 1513 569 1567; x_wconf 80' lang='grc' dir='ltr'>δικαστῶν</span> <span class='ocrx_word' id='word_1_101' title='bbox 624 1513 1002 1584; x_wconf 87' lang='grc' dir='ltr'>κατακρίσεις,</span> <span class='ocrx_word' id='word_1_102' title='bbox 1056 1513 1244 1584; x_wconf 78' lang='grc' dir='ltr'>ὖϐρεις</span> <span class='ocrx_word' id='word_1_103' title='bbox 1295 1512 1559 1583; x_wconf 90' lang='grc' dir='ltr'>ἀτίμους,</span> <span class='ocrx_word' id='word_1_104' title='bbox 1617 1512 1888 1584; x_wconf 86' lang='grc' dir='ltr'>μάστιγας</span> 
     </span>
    </p>
   </div>
   <div class='ocr_carea' id='block_1_16' title="bbox 294 1603 1886 1677">
    <p class='ocr_par' dir='ltr' id='par_1_16' title="bbox 294 1603 1886 1677">
     <span class='ocr_line' id='line_1_16' title="bbox 294 1603 1886 1677; baseline -0.002 -18"><span class='ocrx_word' id='word_1_105' title='bbox 294 1606 587 1669; x_wconf 69' lang='grc' dir='ltr'>ἐκτύπους,</span> <span class='ocrx_word' id='word_1_106' title='bbox 610 1605 925 1677; x_wconf 75' lang='grc' dir='ltr'>δυσφήμους</span> <span class='ocrx_word' id='word_1_107' title='bbox 957 1605 1239 1677; x_wconf 82' lang='grc' dir='ltr'>λοιδορίας,</span> <span class='ocrx_word' id='word_1_108' title='bbox 1270 1604 1363 1657; x_wconf 78' lang='grc' dir='ltr'>ἐπὶ</span> <span class='ocrx_word' id='word_1_109' title='bbox 1391 1605 1525 1658; x_wconf 82' lang='grc' dir='ltr'>πᾶσι</span> <span class='ocrx_word' id='word_1_110' title='bbox 1551 1603 1641 1656; x_wconf 77' lang='grc' dir='ltr'><strong>τὸν</strong></span> <span class='ocrx_word' id='word_1_111' title='bbox 1674 1603 1886 1656; x_wconf 80' lang='grc' dir='ltr'>ἐπονεί-</span> 
     </span>
    </p>
   </div>
   <div class='ocr_carea' id='block_1_17' title="bbox 292 1680 1887 1766">
    <p class='ocr_par' dir='ltr' id='par_1_17' title="bbox 292 1680 1887 1766">
     <span class='ocr_line' id='line_1_17' title="bbox 292 1680 1887 1766; baseline -0.003 -17"><span class='ocrx_word' id='word_1_112' title='bbox 292 1696 475 1751; x_wconf 87' lang='grc' dir='ltr'>διστον</span> <span class='ocrx_word' id='word_1_113' title='bbox 508 1697 740 1751; x_wconf 88' lang='grc' dir='ltr'>θάνατον</span> <span class='ocrx_word' id='word_1_114' title='bbox 760 1680 781 1727; x_wconf 57' lang='grc' dir='ltr'><strong>έ</strong></span> <span class='ocrx_word' id='word_1_115' title='bbox 805 1695 965 1751; x_wconf 89' lang='grc' dir='ltr'><strong>αὐτοῦ</strong></span> <span class='ocrx_word' id='word_1_116' title='bbox 990 1714 1051 1750; x_wconf 90' lang='grc' dir='ltr'><strong>τε</strong></span> <span class='ocrx_word' id='word_1_117' title='bbox 1079 1698 1172 1750; x_wconf 77' lang='grc' dir='ltr'>ἐπὶ</span> <span class='ocrx_word' id='word_1_118' title='bbox 1197 1695 1408 1758; x_wconf 80' lang='grc' dir='ltr'>τούτοις</span> <span class='ocrx_word' id='word_1_119' title='bbox 1442 1694 1652 1766; x_wconf 83' lang='grc' dir='ltr'>σιωπὴν</span> <span class='ocrx_word' id='word_1_120' title='bbox 1679 1693 1887 1764; x_wconf 84' lang='grc' dir='ltr'>θαυμά-</span> 
     </span>
    </p>
   </div>
   <div class='ocr_carea' id='block_1_18' title="bbox 1990 511 3559 583">
    <p class='ocr_par' dir='ltr' id='par_1_18' title="bbox 1990 511 3559 583">
     <span class='ocr_line' id='line_1_18' title="bbox 1990 511 3559 583; baseline -0.001 -13"><span class='ocrx_word' id='word_1_121' title='bbox 1990 514 2177 571; x_wconf 89' lang='lat' dir='ltr'><strong>videre</strong></span> <span class='ocrx_word' id='word_1_122' title='bbox 2208 513 2274 569; x_wconf 90' lang='lat' dir='ltr'><strong>ad</strong></span> <span class='ocrx_word' id='word_1_123' title='bbox 2312 513 2534 569; x_wconf 89' lang='lat' dir='ltr'><strong>oculum</strong></span> <span class='ocrx_word' id='word_1_124' title='bbox 2566 511 2624 566; x_wconf 90' lang='lat' dir='ltr'><strong>in</strong></span> <span class='ocrx_word' id='word_1_125' title='bbox 2668 512 3003 580; x_wconf 75' lang='lat' dir='ltr'><strong>propheticis</strong></span> <span class='ocrx_word' id='word_1_126' title='bbox 3030 526 3152 582; x_wconf 57' lang='lat' dir='ltr'><strong>qua)</strong></span> <span class='ocrx_word' id='word_1_127' title='bbox 3178 513 3403 583; x_wconf 61' lang='lat' dir='ltr'><strong>prodita?</strong></span> <span class='ocrx_word' id='word_1_128' title='bbox 3431 524 3559 569; x_wconf 88' lang='lat' dir='ltr'><strong>sunt</strong></span> 
     </span>
    </p>
   </div>
   <div class='ocr_carea' id='block_1_19' title="bbox 1990 603 3555 676">
    <p class='ocr_par' dir='ltr' id='par_1_19' title="bbox 1990 603 3555 676">
     <span class='ocr_line' id='line_1_19' title="bbox 1990 603 3555 676; baseline 0.001 -15"><span class='ocrx_word' id='word_1_129' title='bbox 1990 603 2456 676; x_wconf 61' lang='lat' dir='ltr'><strong>praedictionibus,</strong></span> <span class='ocrx_word' id='word_1_130' title='bbox 2483 606 2740 660; x_wconf 88' lang='lat' dir='ltr'><strong>universa</strong></span> <span class='ocrx_word' id='word_1_131' title='bbox 2764 603 2926 659; x_wconf 87' lang='lat' dir='ltr'><strong>simul</strong></span> <span class='ocrx_word' id='word_1_132' title='bbox 2947 604 3331 665; x_wconf 81' lang='lat' dir='ltr'><strong>comprehendi</strong></span> <span class='ocrx_word' id='word_1_133' title='bbox 3358 611 3555 662; x_wconf 72' lang='lat' dir='ltr'><strong>testata</strong></span> 
     </span>
    </p>
   </div>
   <div class='ocr_carea' id='block_1_20' title="bbox 1988 693 3554 767">
    <p class='ocr_par' dir='ltr' id='par_1_20' title="bbox 1988 693 3554 767">
     <span class='ocr_line' id='line_1_20' title="bbox 1988 693 3554 767; baseline 0.001 -15"><span class='ocrx_word' id='word_1_134' title='bbox 1988 697 2190 752; x_wconf 83' lang='lat' dir='ltr'><strong>divinis</strong></span> <span class='ocrx_word' id='word_1_135' title='bbox 2248 694 2599 767; x_wconf 88' lang='lat' dir='ltr'><strong>evangelistis</strong></span> <span class='ocrx_word' id='word_1_136' title='bbox 2641 694 2815 765; x_wconf 85' lang='lat' dir='ltr'><strong>ipsius</strong></span> <span class='ocrx_word' id='word_1_137' title='bbox 2855 693 3154 757; x_wconf 86' lang='lat' dir='ltr'><strong>Salvatoris</strong></span> <span class='ocrx_word' id='word_1_138' title='bbox 3197 696 3376 751; x_wconf 90' lang='lat' dir='ltr'><strong>nostri</strong></span> <span class='ocrx_word' id='word_1_139' title='bbox 3425 696 3554 753; x_wconf 78' lang='lat' dir='ltr'><strong>Jesu</strong></span> 
     </span>
    </p>
   </div>
   <div class='ocr_carea' id='block_1_21' title="bbox 1988 785 3557 858">
    <p class='ocr_par' dir='ltr' id='par_1_21' title="bbox 1988 785 3557 858">
     <span class='ocr_line' id='line_1_21' title="bbox 1988 785 3557 858; baseline 0.001 -16"><span class='ocrx_word' id='word_1_140' title='bbox 1988 785 2194 842; x_wconf 90' lang='lat' dir='ltr'><strong>Christi</strong></span> <span class='ocrx_word' id='word_1_141' title='bbox 2222 785 2486 857; x_wconf 85' lang='lat' dir='ltr'><strong>stupenda</strong></span> <span class='ocrx_word' id='word_1_142' title='bbox 2514 785 2797 847; x_wconf 84' lang='lat' dir='ltr'><strong>miracula,</strong></span> <span class='ocrx_word' id='word_1_143' title='bbox 2830 786 3152 857; x_wconf 89' lang='lat' dir='ltr'><strong>divinasque</strong></span> <span class='ocrx_word' id='word_1_144' title='bbox 3189 787 3308 857; x_wconf 84' lang='lat' dir='ltr'><strong>ejus</strong></span> <span class='ocrx_word' id='word_1_145' title='bbox 3349 794 3405 843; x_wconf 78' lang='lat' dir='ltr'><strong>et</strong></span> <span class='ocrx_word' id='word_1_146' title='bbox 3443 789 3557 858; x_wconf 91' lang='lat' dir='ltr'><strong>ple—</strong></span> 
     </span>
    </p>
   </div>
   <div class='ocr_carea' id='block_1_22' title="bbox 1988 877 3557 950">
    <p class='ocr_par' dir='ltr' id='par_1_22' title="bbox 1988 877 3557 950">
     <span class='ocr_line' id='line_1_22' title="bbox 1988 877 3557 950; baseline 0.001 -17"><span class='ocrx_word' id='word_1_147' title='bbox 1988 892 2091 934; x_wconf 87' lang='lat' dir='ltr'><strong>nas</strong></span> <span class='ocrx_word' id='word_1_148' title='bbox 2134 877 2315 933; x_wconf 86' lang='lat' dir='ltr'><strong>omnis</strong></span> <span class='ocrx_word' id='word_1_149' title='bbox 2364 878 2583 933; x_wconf 87' lang='lat' dir='ltr'><strong>virtutis</strong></span> <span class='ocrx_word' id='word_1_150' title='bbox 2638 877 2708 933; x_wconf 92' lang='lat' dir='ltr'><strong>de</strong></span> <span class='ocrx_word' id='word_1_151' title='bbox 2760 892 2887 934; x_wconf 91' lang='lat' dir='ltr'><strong>vera</strong></span> <span class='ocrx_word' id='word_1_152' title='bbox 2934 881 3134 950; x_wconf 85' lang='lat' dir='ltr'><strong>pietate</strong></span> <span class='ocrx_word' id='word_1_153' title='bbox 3162 878 3460 936; x_wconf 84' lang='lat' dir='ltr'><strong>doctrinas.</strong></span> <span class='ocrx_word' id='word_1_154' title='bbox 3489 880 3557 934; x_wconf 88' lang='lat' dir='ltr'><strong>Et</strong></span> 
     </span>
    </p>
   </div>
   <div class='ocr_carea' id='block_1_23' title="bbox 1987 968 3555 1041">
    <p class='ocr_par' dir='ltr' id='par_1_23' title="bbox 1987 968 3555 1041">
     <span class='ocr_line' id='line_1_23' title="bbox 1987 968 3555 1041; baseline 0.003 -18"><span class='ocrx_word' id='word_1_155' title='bbox 1987 968 2119 1039; x_wconf 86' lang='lat' dir='ltr'><strong>quid</strong></span> <span class='ocrx_word' id='word_1_156' title='bbox 2156 968 2361 1023; x_wconf 87' lang='lat' dir='ltr'><strong>mirum</strong></span> <span class='ocrx_word' id='word_1_157' title='bbox 2390 968 2516 1030; x_wconf 86' lang='lat' dir='ltr'><strong>hoc,</strong></span> <span class='ocrx_word' id='word_1_158' title='bbox 2554 981 2679 1022; x_wconf 91' lang='lat' dir='ltr'><strong>cum</strong></span> <span class='ocrx_word' id='word_1_159' title='bbox 2719 975 2771 1023; x_wconf 89' lang='lat' dir='ltr'><strong>et</strong></span> <span class='ocrx_word' id='word_1_160' title='bbox 2803 981 2998 1022; x_wconf 88' lang='lat' dir='ltr'><strong>novam</strong></span> <span class='ocrx_word' id='word_1_161' title='bbox 3046 969 3310 1024; x_wconf 87' lang='lat' dir='ltr'><strong>rationem</strong></span> <span class='ocrx_word' id='word_1_162' title='bbox 3336 971 3555 1041; x_wconf 86' lang='lat' dir='ltr'><strong>pietatis</strong></span> 
     </span>
    </p>
   </div>
   <div class='ocr_carea' id='block_1_24' title="bbox 1988 1058 3558 1133">
    <p class='ocr_par' dir='ltr' id='par_1_24' title="bbox 1988 1058 3558 1133">
     <span class='ocr_line' id='line_1_24' title="bbox 1988 1058 3558 1133; baseline 0.001 -16"><span class='ocrx_word' id='word_1_163' title='bbox 1988 1059 2242 1117; x_wconf 91' lang='lat' dir='ltr'><strong>omnibus</strong></span> <span class='ocrx_word' id='word_1_164' title='bbox 2282 1059 2596 1114; x_wconf 89' lang='lat' dir='ltr'><strong>hominibus</strong></span> <span class='ocrx_word' id='word_1_165' title='bbox 2635 1058 2706 1114; x_wconf 87' lang='lat' dir='ltr'><strong>ab</strong></span> <span class='ocrx_word' id='word_1_166' title='bbox 2734 1073 2799 1114; x_wconf 93' lang='lat' dir='ltr'><strong>eo</strong></span> <span class='ocrx_word' id='word_1_167' title='bbox 2831 1059 3315 1115; x_wconf 84' lang='lat' dir='ltr'><strong>commendandam</strong></span> <span class='ocrx_word' id='word_1_168' title='bbox 3346 1065 3558 1133; x_wconf 88' lang='lat' dir='ltr'><strong>perspi-</strong></span> 
     </span>
    </p>
   </div>
   <div class='ocr_carea' id='block_1_25' title="bbox 1988 1149 3554 1222">
    <p class='ocr_par' dir='ltr' id='par_1_25' title="bbox 1988 1149 3554 1222">
     <span class='ocr_line' id='line_1_25' title="bbox 1988 1149 3554 1222; baseline 0.002 -14"><span class='ocrx_word' id='word_1_169' title='bbox 1988 1166 2090 1208; x_wconf 88' lang='lat' dir='ltr'><strong>cue</strong></span> <span class='ocrx_word' id='word_1_170' title='bbox 2131 1149 2460 1220; x_wconf 65' lang='lat' dir='ltr'><strong>praedicent,</strong></span> <span class='ocrx_word' id='word_1_171' title='bbox 2490 1149 2941 1220; x_wconf 89' lang='lat' dir='ltr'><strong>vocationemque</strong></span> <span class='ocrx_word' id='word_1_172' title='bbox 2991 1149 3384 1221; x_wconf 88' lang='lat' dir='ltr'><strong>discipulorum</strong></span> <span class='ocrx_word' id='word_1_173' title='bbox 3433 1153 3554 1222; x_wconf 89' lang='lat' dir='ltr'><strong>ejus</strong></span> 
     </span>
    </p>
   </div>
   <div class='ocr_carea' id='block_1_26' title="bbox 1989 1240 3554 1301">
    <p class='ocr_par' dir='ltr' id='par_1_26' title="bbox 1989 1240 3554 1301">
     <span class='ocr_line' id='line_1_26' title="bbox 1989 1240 3554 1301; baseline 0.003 -5"><span class='ocrx_word' id='word_1_174' title='bbox 1989 1256 2054 1296; x_wconf 86' lang='lat' dir='ltr'><strong>ac</strong></span> <span class='ocrx_word' id='word_1_175' title='bbox 2099 1240 2235 1295; x_wconf 86' lang='lat' dir='ltr'><strong>Novi</strong></span> <span class='ocrx_word' id='word_1_176' title='bbox 2285 1240 2593 1295; x_wconf 88' lang='lat' dir='ltr'><strong>doctrinam</strong></span> <span class='ocrx_word' id='word_1_177' title='bbox 2640 1240 2999 1296; x_wconf 90' lang='lat' dir='ltr'><strong>Testamenti.</strong></span> <span class='ocrx_word' id='word_1_178' title='bbox 3041 1240 3153 1296; x_wconf 78' lang='lat' dir='ltr'><strong>Nec</strong></span> <span class='ocrx_word' id='word_1_179' title='bbox 3194 1243 3376 1298; x_wconf 89' lang='lat' dir='ltr'><strong>minus</strong></span> <span class='ocrx_word' id='word_1_180' title='bbox 3405 1253 3554 1301; x_wconf 89' lang='lat' dir='ltr'><strong>certe</strong></span> 
     </span>
    </p>
   </div>
   <div class='ocr_carea' id='block_1_27' title="bbox 1988 1331 3556 1405">
    <p class='ocr_par' dir='ltr' id='par_1_27' title="bbox 1988 1331 3556 1405">
     <span class='ocr_line' id='line_1_27' title="bbox 1988 1331 3556 1405; baseline 0.001 -17"><span class='ocrx_word' id='word_1_181' title='bbox 1988 1341 2248 1405; x_wconf 62' lang='lat' dir='ltr'><strong>praeterea</strong></span> <span class='ocrx_word' id='word_1_182' title='bbox 2270 1331 2579 1388; x_wconf 69' lang='lat' dir='ltr'><strong>Judatorum</strong></span> <span class='ocrx_word' id='word_1_183' title='bbox 2603 1331 2656 1385; x_wconf 92' lang='lat' dir='ltr'><strong>in</strong></span> <span class='ocrx_word' id='word_1_184' title='bbox 2681 1332 2857 1402; x_wconf 84' lang='lat' dir='ltr'><strong>ipsum</strong></span> <span class='ocrx_word' id='word_1_185' title='bbox 2891 1332 3321 1390; x_wconf 78' lang='lat' dir='ltr'><strong>incredulitatem</strong></span> <span class='ocrx_word' id='word_1_186' title='bbox 3346 1342 3400 1391; x_wconf 92' lang='lat' dir='ltr'><strong>et</strong></span> <span class='ocrx_word' id='word_1_187' title='bbox 3424 1350 3556 1390; x_wconf 83' lang='lat' dir='ltr'><strong>con-</strong></span> 
     </span>
    </p>
   </div>
   <div class='ocr_carea' id='block_1_28' title="bbox 1987 1422 3549 1493">
    <p class='ocr_par' dir='ltr' id='par_1_28' title="bbox 1987 1422 3549 1493">
     <span class='ocr_line' id='line_1_28' title="bbox 1987 1422 3549 1493; baseline 0.003 -16"><span class='ocrx_word' id='word_1_188' title='bbox 1987 1422 2365 1488; x_wconf 85' lang='lat' dir='ltr'><strong>tradictiones,</strong></span> <span class='ocrx_word' id='word_1_189' title='bbox 2411 1422 2717 1493; x_wconf 83' lang='lat' dir='ltr'><strong>principum</strong></span> <span class='ocrx_word' id='word_1_190' title='bbox 2770 1423 3221 1490; x_wconf 88' lang='lat' dir='ltr'><strong>insurrectiones,</strong></span> <span class='ocrx_word' id='word_1_191' title='bbox 3264 1425 3549 1482; x_wconf 90' lang='lat' dir='ltr'><strong>doctorum</strong></span> 
     </span>
    </p>
   </div>
   <div class='ocr_carea' id='block_1_29' title="bbox 1987 1513 3555 1585">
    <p class='ocr_par' dir='ltr' id='par_1_29' title="bbox 1987 1513 3555 1585">
     <span class='ocr_line' id='line_1_29' title="bbox 1987 1513 3555 1585; baseline 0.003 -17"><span class='ocrx_word' id='word_1_192' title='bbox 1987 1514 2269 1578; x_wconf 86' lang='lat' dir='ltr'><strong>invidiam,</strong></span> <span class='ocrx_word' id='word_1_193' title='bbox 2295 1513 2460 1568; x_wconf 92' lang='lat' dir='ltr'><strong>unius</strong></span> <span class='ocrx_word' id='word_1_194' title='bbox 2504 1513 2758 1582; x_wconf 83' lang='lat' dir='ltr'><strong>discipuli</strong></span> <span class='ocrx_word' id='word_1_195' title='bbox 2804 1514 3199 1585; x_wconf 85' lang='lat' dir='ltr'><strong>proditionem,</strong></span> <span class='ocrx_word' id='word_1_196' title='bbox 3253 1515 3555 1573; x_wconf 88' lang='lat' dir='ltr'><strong>calumnias</strong></span> 
     </span>
    </p>
   </div>
   <div class='ocr_carea' id='block_1_30' title="bbox 1987 1604 3553 1684">
    <p class='ocr_par' dir='ltr' id='par_1_30' title="bbox 1987 1604 3553 1684">
     <span class='ocr_line' id='line_1_30' title="bbox 1987 1604 3553 1684; baseline 0.002 -24"><span class='ocrx_word' id='word_1_197' title='bbox 1987 1605 2227 1661; x_wconf 83' lang='lat' dir='ltr'><strong>hostium</strong></span> <span class='ocrx_word' id='word_1_198' title='bbox 2252 1645 2270 1672; x_wconf 91' lang='lat'><strong>,</strong></span> <span class='ocrx_word' id='word_1_199' title='bbox 2321 1604 2780 1684; x_wconf 75' lang='lat' dir='ltr'><strong>sycophantarum</strong></span> <span class='ocrx_word' id='word_1_200' title='bbox 2833 1605 3248 1671; x_wconf 88' lang='lat' dir='ltr'><strong>accusationes,</strong></span> <span class='ocrx_word' id='word_1_201' title='bbox 3307 1606 3553 1678; x_wconf 89' lang='lat' dir='ltr'><strong>judicum</strong></span> 
     </span>
    </p>
   </div>
   <div class='ocr_carea' id='block_1_31' title="bbox 1987 1696 3556 1771">
    <p class='ocr_par' dir='ltr' id='par_1_31' title="bbox 1987 1696 3556 1771">
     <span class='ocr_line' id='line_1_31' title="bbox 1987 1696 3556 1771; baseline 0.002 -19"><span class='ocrx_word' id='word_1_202' title='bbox 1987 1696 2491 1763; x_wconf 83' lang='lat' dir='ltr'><strong>condemnationes,</strong></span> <span class='ocrx_word' id='word_1_203' title='bbox 2523 1704 2711 1767; x_wconf 88' lang='lat' dir='ltr'><strong>turpes</strong></span> <span class='ocrx_word' id='word_1_204' title='bbox 2741 1696 3089 1767; x_wconf 77' lang='lat' dir='ltr'><strong>ignominias,</strong></span> <span class='ocrx_word' id='word_1_205' title='bbox 3112 1697 3320 1769; x_wconf 82' lang='lat' dir='ltr'><strong>ﬂagella</strong></span> <span class='ocrx_word' id='word_1_206' title='bbox 3343 1700 3556 1771; x_wconf 84' lang='lat' dir='ltr'><strong>gravis—</strong></span> 
     </span>
    </p>
   </div>
   <div class='ocr_carea' id='block_1_32' title="bbox 297 1768 1882 1860">
    <p class='ocr_par' dir='ltr' id='par_1_32' title="bbox 297 1786 1882 1860">
     <span class='ocr_line' id='line_1_32' title="bbox 297 1786 1882 1860; baseline -0.003 -18"><span class='ocrx_word' id='word_1_207' title='bbox 297 1802 435 1851; x_wconf 87' lang='grc' dir='ltr'>σιον,</span> <span class='ocrx_word' id='word_1_208' title='bbox 458 1788 759 1860; x_wconf 59' lang='grc' dir='ltr'>ιπραότητά</span> <span class='ocrx_word' id='word_1_209' title='bbox 786 1805 847 1841; x_wconf 88' lang='grc' dir='ltr'><strong>τε</strong></span> <span class='ocrx_word' id='word_1_210' title='bbox 875 1788 969 1842; x_wconf 73' lang='grc' dir='ltr'><strong>καὶ</strong></span> <span class='ocrx_word' id='word_1_211' title='bbox 1004 1788 1323 1859; x_wconf 81' lang='grc' dir='ltr'>καρτερίαν,</span> <span class='ocrx_word' id='word_1_212' title='bbox 1349 1786 1626 1857; x_wconf 77' lang='grc' dir='ltr'>ἀμήχανόν</span> <span class='ocrx_word' id='word_1_213' title='bbox 1662 1802 1721 1839; x_wconf 90' lang='grc' dir='ltr'><strong>τε</strong></span> <span class='ocrx_word' id='word_1_214' title='bbox 1753 1786 1882 1856; x_wconf 83' lang='grc' dir='ltr'>ὅσην</span> 
     </span>
    </p>
   </div>
   <div class='ocr_carea' id='block_1_33' title="bbox 1980 1768 3556 1860">
    <p class='ocr_par' dir='ltr' id='par_1_33' title="bbox 1991 1768 3556 1859">
     <span class='ocr_line' id='line_1_33' title="bbox 1991 1768 3556 1859; baseline 0.001 -15"><span class='ocrx_word' id='word_1_215' title='bbox 1991 1789 2150 1854; x_wconf 85' lang='lat' dir='ltr'><strong>sima,</strong></span> <span class='ocrx_word' id='word_1_216' title='bbox 2183 1787 2404 1844; x_wconf 81' lang='lat' dir='ltr'><strong>infamia</strong></span> <span class='ocrx_word' id='word_1_217' title='bbox 2436 1788 2659 1858; x_wconf 89' lang='lat' dir='ltr'><strong>probra,</strong></span> <span class='ocrx_word' id='word_1_218' title='bbox 2686 1795 2742 1842; x_wconf 91' lang='lat' dir='ltr'><strong>et</strong></span> <span class='ocrx_word' id='word_1_219' title='bbox 2763 1803 2926 1859; x_wconf 89' lang='lat' dir='ltr'><strong>super</strong></span> <span class='ocrx_word' id='word_1_220' title='bbox 2953 1768 3206 1846; x_wconf 87' lang='lat' dir='ltr'><strong>omnibus</strong></span> <span class='ocrx_word' id='word_1_221' title='bbox 3228 1768 3380 1846; x_wconf 76' lang='lat' dir='ltr'><strong>hisce</strong></span> <span class='ocrx_word' id='word_1_222' title='bbox 3406 1804 3556 1846; x_wconf 88' lang='lat' dir='ltr'><strong>mor-</strong></span> 
     </span>
    </p>
   </div>
   <div class='ocr_carea' id='block_1_34' title="bbox 295 1879 1885 1951">
    <p class='ocr_par' dir='ltr' id='par_1_34' title="bbox 295 1879 1885 1951">
     <span class='ocr_line' id='line_1_34' title="bbox 295 1879 1885 1951; baseline -0.003 -17"><span class='ocrx_word' id='word_1_223' title='bbox 295 1880 577 1951; x_wconf 73' lang='grc' dir='ltr'>ὖπημονὴν</span> <span class='ocrx_word' id='word_1_224' title='bbox 604 1881 699 1933; x_wconf 80' lang='grc' dir='ltr'><strong>καὶ</strong></span> <span class='ocrx_word' id='word_1_225' title='bbox 716 1880 1085 1944; x_wconf 80' lang='grc' dir='ltr'>ἀνεξικακίαν.</span> <span class='ocrx_word' id='word_1_226' title='bbox 1121 1880 1305 1934; x_wconf 79' lang='grc' dir='ltr'>Ταῦτα</span> <span class='ocrx_word' id='word_1_227' title='bbox 1333 1880 1392 1933; x_wconf 83' lang='grc' dir='ltr'>δὲ</span> <span class='ocrx_word' id='word_1_228' title='bbox 1420 1879 1595 1933; x_wconf 89' lang='grc' dir='ltr'>πάντα</span> <span class='ocrx_word' id='word_1_229' title='bbox 1627 1879 1885 1948; x_wconf 83' lang='grc' dir='ltr'>ἄντικρυς</span> 
     </span>
    </p>
   </div>
   <div class='ocr_carea' id='block_1_35' title="bbox 296 1969 1887 2044">
    <p class='ocr_par' dir='ltr' id='par_1_35' title="bbox 296 1969 1887 2044">
     <span class='ocr_line' id='line_1_35' title="bbox 296 1969 1887 2044; baseline -0.001 -18"><span class='ocrx_word' id='word_1_230' title='bbox 296 1975 444 2044; x_wconf 67' lang='grc' dir='ltr'>περὶ·</span> <span class='ocrx_word' id='word_1_231' title='bbox 470 1973 595 2036; x_wconf 79' lang='grc' dir='ltr'>ἑνὸς</span> <span class='ocrx_word' id='word_1_232' title='bbox 621 1975 679 2024; x_wconf 79' lang='grc' dir='ltr'>ὲν</span> <span class='ocrx_word' id='word_1_233' title='bbox 709 1972 960 2036; x_wconf 76' lang='grc' dir='ltr'>ὑπάτοις</span> <span class='ocrx_word' id='word_1_234' title='bbox 991 1971 1121 2024; x_wconf 83' lang='grc' dir='ltr'>ποτὲ</span> <span class='ocrx_word' id='word_1_235' title='bbox 1151 1971 1363 2042; x_wconf 82' lang='grc' dir='ltr'>χρόνοις</span> <span class='ocrx_word' id='word_1_236' title='bbox 1393 1969 1631 2041; x_wconf 69' lang='grc' dir='ltr'>ἥξοντος,</span> <span class='ocrx_word' id='word_1_237' title='bbox 1669 1969 1763 2023; x_wconf 81' lang='grc' dir='ltr'><strong>καὶ</strong></span> <span class='ocrx_word' id='word_1_238' title='bbox 1782 1985 1887 2025; x_wconf 88' lang='grc' dir='ltr'>τοι-</span> 
     </span>
    </p>
   </div>
   <div class='ocr_carea' id='block_1_36' title="bbox 295 2053 1887 2133">
    <p class='ocr_par' dir='ltr' id='par_1_36' title="bbox 295 2053 1887 2133">
     <span class='ocr_line' id='line_1_36' title="bbox 295 2053 1887 2133; baseline -0.002 -18"><span class='ocrx_word' id='word_1_239' title='bbox 295 2060 435 2115; x_wconf 78' lang='grc' dir='ltr'>αὕτα</span> <span class='ocrx_word' id='word_1_240' title='bbox 463 2062 522 2115; x_wconf 80' lang='grc' dir='ltr'>ἐν</span> <span class='ocrx_word' id='word_1_241' title='bbox 549 2060 857 2133; x_wconf 83' lang='grc' dir='ltr'>ἀνθρώποις</span> <span class='ocrx_word' id='word_1_242' title='bbox 877 2062 1218 2132; x_wconf 80' lang='grc' dir='ltr'>πεισομένου,</span> <span class='ocrx_word' id='word_1_243' title='bbox 1249 2060 1436 2129; x_wconf 80' lang='grc' dir='ltr'>σαφῶς</span> <span class='ocrx_word' id='word_1_244' title='bbox 1453 2061 1521 2114; x_wconf 77' lang='grc' dir='ltr'>δι’</span> <span class='ocrx_word' id='word_1_245' title='bbox 1542 2053 1617 2114; x_wconf 80' lang='grc' dir='ltr'><strong>ὧν</strong></span> <span class='ocrx_word' id='word_1_246' title='bbox 1640 2059 1887 2132; x_wconf 88' lang='grc' dir='ltr'>προειλή-</span> 
     </span>
    </p>
   </div>
   <div class='ocr_carea' id='block_1_37' title="bbox 295 2151 1885 2223">
    <p class='ocr_par' dir='ltr' id='par_1_37' title="bbox 295 2151 1885 2223">
     <span class='ocr_line' id='line_1_37' title="bbox 295 2151 1885 2223; baseline -0.003 -16"><span class='ocrx_word' id='word_1_247' title='bbox 295 2171 452 2223; x_wconf 85' lang='grc' dir='ltr'>φασι,</span> <span class='ocrx_word' id='word_1_248' title='bbox 480 2152 553 2207; x_wconf 86' lang='grc' dir='ltr'><strong>τά</strong></span> <span class='ocrx_word' id='word_1_249' title='bbox 584 2152 891 2207; x_wconf 84' lang='grc' dir='ltr'>παλαίτατα</span> <span class='ocrx_word' id='word_1_250' title='bbox 923 2152 1185 2222; x_wconf 76' lang='grc' dir='ltr'>Ἐϐραίων</span> <span class='ocrx_word' id='word_1_251' title='bbox 1235 2151 1531 2223; x_wconf 86' lang='grc' dir='ltr'>παρίστησι</span> <span class='ocrx_word' id='word_1_252' title='bbox 1559 2151 1734 2221; x_wconf 80' lang='grc' dir='ltr'>λόγια,</span> <span class='ocrx_word' id='word_1_253' title='bbox 1764 2152 1885 2204; x_wconf 83' lang='grc' dir='ltr'>ὲπι-</span> 
     </span>
    </p>
   </div>
   <div class='ocr_carea' id='block_1_38' title="bbox 299 2240 1881 2316">
    <p class='ocr_par' dir='ltr' id='par_1_38' title="bbox 299 2240 1881 2316">
     <span class='ocr_line' id='line_1_38' title="bbox 299 2240 1881 2316; baseline -0.001 -19"><span class='ocrx_word' id='word_1_254' title='bbox 299 2243 728 2316; x_wconf 86' lang='grc' dir='ltr'>μαρτυρούμενα</span> <span class='ocrx_word' id='word_1_255' title='bbox 757 2244 856 2315; x_wconf 83' lang='grc' dir='ltr'><strong>τὴν</strong></span> <span class='ocrx_word' id='word_1_256' title='bbox 885 2242 1021 2314; x_wconf 88' lang='grc' dir='ltr'><strong>μετά</strong></span> <span class='ocrx_word' id='word_1_257' title='bbox 1052 2241 1280 2297; x_wconf 87' lang='grc' dir='ltr'>θάνατον</span> <span class='ocrx_word' id='word_1_258' title='bbox 1312 2243 1377 2295; x_wconf 82' lang='grc' dir='ltr'><strong>ὲκ</strong></span> <span class='ocrx_word' id='word_1_259' title='bbox 1400 2241 1611 2314; x_wconf 83' lang='grc' dir='ltr'>νεκρῶν</span> <span class='ocrx_word' id='word_1_260' title='bbox 1643 2240 1881 2295; x_wconf 79' lang='grc' dir='ltr'>ἀναϐίω-</span> 
     </span>
    </p>
   </div>
   <div class='ocr_carea' id='block_1_39' title="bbox 296 2332 1884 2406">
    <p class='ocr_par' dir='ltr' id='par_1_39' title="bbox 296 2332 1884 2406">
     <span class='ocr_line' id='line_1_39' title="bbox 296 2332 1884 2406; baseline -0.001 -17"><span class='ocrx_word' id='word_1_261' title='bbox 296 2352 382 2389; x_wconf 87' lang='grc' dir='ltr'><strong>σιν</strong></span> <span class='ocrx_word' id='word_1_262' title='bbox 411 2335 508 2389; x_wconf 73' lang='grc' dir='ltr'>τοῦ</span> <span class='ocrx_word' id='word_1_263' title='bbox 557 2335 914 2405; x_wconf 83' lang='grc' dir='ltr'>δηλουμένου,</span> <span class='ocrx_word' id='word_1_264' title='bbox 936 2333 1035 2406; x_wconf 82' lang='grc' dir='ltr'>τὴν</span> <span class='ocrx_word' id='word_1_265' title='bbox 1079 2336 1192 2397; x_wconf 84' lang='grc' dir='ltr'>τοῖς</span> <span class='ocrx_word' id='word_1_266' title='bbox 1220 2333 1387 2387; x_wconf 81' lang='grc' dir='ltr'>αὐτοῦ</span> <span class='ocrx_word' id='word_1_267' title='bbox 1424 2332 1691 2404; x_wconf 85' lang='grc' dir='ltr'>μαθηταῖς</span> <span class='ocrx_word' id='word_1_268' title='bbox 1722 2333 1884 2402; x_wconf 84' lang='grc' dir='ltr'>φανέ-</span> 
     </span>
    </p>
   </div>
   <div class='ocr_carea' id='block_1_40' title="bbox 295 2423 1880 2498">
    <p class='ocr_par' dir='ltr' id='par_1_40' title="bbox 295 2423 1880 2498">
     <span class='ocr_line' id='line_1_40' title="bbox 295 2423 1880 2498; baseline -0.002 -19"><span class='ocrx_word' id='word_1_269' title='bbox 295 2443 487 2498; x_wconf 84' lang='grc' dir='ltr'>ρωσιν,</span> <span class='ocrx_word' id='word_1_270' title='bbox 504 2425 606 2496; x_wconf 84' lang='grc' dir='ltr'>τὴν</span> <span class='ocrx_word' id='word_1_271' title='bbox 626 2426 721 2479; x_wconf 79' lang='grc' dir='ltr'><strong>τοῦ</strong></span> <span class='ocrx_word' id='word_1_272' title='bbox 752 2425 898 2479; x_wconf 88' lang='grc' dir='ltr'>θείου</span> <span class='ocrx_word' id='word_1_273' title='bbox 916 2423 1057 2478; x_wconf 86' lang='grc' dir='ltr'>Πνεύ</span> <span class='ocrx_word' id='word_1_274' title='bbox 1065 2441 1231 2495; x_wconf 88' lang='grc' dir='ltr'>ματος</span> <span class='ocrx_word' id='word_1_275' title='bbox 1253 2426 1332 2490; x_wconf 84' lang='grc' dir='ltr'><strong>εἰς</strong></span> <span class='ocrx_word' id='word_1_276' title='bbox 1352 2424 1548 2487; x_wconf 79' lang='grc' dir='ltr'>αὐτοὺς</span> <span class='ocrx_word' id='word_1_277' title='bbox 1576 2423 1880 2495; x_wconf 59' lang='grc' dir='ltr'>μετάδοσιν</span> 
     </span>
    </p>
   </div>
   <div class='ocr_carea' id='block_1_41' title="bbox 291 2511 1883 2586">
    <p class='ocr_par' dir='ltr' id='par_1_41' title="bbox 291 2511 1883 2586">
     <span class='ocr_line' id='line_1_41' title="bbox 291 2511 1883 2586; baseline -0.001 -19"><span class='ocrx_word' id='word_1_278' title='bbox 291 2515 394 2586; x_wconf 77' lang='grc' dir='ltr'><strong>τήν</strong></span> <span class='ocrx_word' id='word_1_279' title='bbox 414 2517 497 2578; x_wconf 88' lang='grc' dir='ltr'><strong>εἰς</strong></span> <span class='ocrx_word' id='word_1_280' title='bbox 531 2515 797 2585; x_wconf 80' lang='grc' dir='ltr'>οὐρανοὺς</span> <span class='ocrx_word' id='word_1_281' title='bbox 824 2514 1009 2569; x_wconf 76' lang='grc' dir='ltr'>ἄνοδον</span> <span class='ocrx_word' id='word_1_282' title='bbox 1044 2512 1230 2580; x_wconf 79' lang='grc' dir='ltr'>αὐτοῦ,</span> <span class='ocrx_word' id='word_1_283' title='bbox 1262 2514 1362 2584; x_wconf 86' lang='grc' dir='ltr'><strong>τὴν</strong></span> <span class='ocrx_word' id='word_1_284' title='bbox 1398 2512 1610 2585; x_wconf 74' lang='grc' dir='ltr'>Πατρός</span> <span class='ocrx_word' id='word_1_285' title='bbox 1635 2511 1883 2584; x_wconf 85' lang='grc' dir='ltr'>ένθρονον</span> 
     </span>
    </p>
   </div>
   <div class='ocr_carea' id='block_1_42' title="bbox 295 2600 1884 2676">
    <p class='ocr_par' dir='ltr' id='par_1_42' title="bbox 295 2600 1884 2676">
     <span class='ocr_line' id='line_1_42' title="bbox 295 2600 1884 2676; baseline -0.003 -18"><span class='ocrx_word' id='word_1_286' title='bbox 295 2600 581 2675; x_wconf 79' lang='grc' dir='ltr'>βασιλείας</span> <span class='ocrx_word' id='word_1_287' title='bbox 613 2604 842 2675; x_wconf 78' lang='grc' dir='ltr'>ἵδρυσιν,</span> <span class='ocrx_word' id='word_1_288' title='bbox 874 2604 971 2676; x_wconf 83' lang='grc' dir='ltr'>τὴν</span> <span class='ocrx_word' id='word_1_289' title='bbox 1002 2605 1094 2657; x_wconf 74' lang='grc' dir='ltr'><strong>ἐπὶ</strong></span> <span class='ocrx_word' id='word_1_290' title='bbox 1127 2602 1404 2675; x_wconf 79' lang='grc' dir='ltr'>συντελείᾳ</span> <span class='ocrx_word' id='word_1_291' title='bbox 1428 2601 1522 2655; x_wconf 81' lang='grc' dir='ltr'>τοῦ</span> <span class='ocrx_word' id='word_1_292' title='bbox 1559 2601 1673 2673; x_wconf 79' lang='grc' dir='ltr'>βίου</span> <span class='ocrx_word' id='word_1_293' title='bbox 1702 2602 1884 2655; x_wconf 86' lang='grc' dir='ltr'>δευτέ-</span> 
     </span>
    </p>
   </div>
   <div class='ocr_carea' id='block_1_43' title="bbox 294 2692 1882 2768">
    <p class='ocr_par' dir='ltr' id='par_1_43' title="bbox 294 2692 1882 2768">
     <span class='ocr_line' id='line_1_43' title="bbox 294 2692 1882 2768; baseline -0.001 -20"><span class='ocrx_word' id='word_1_294' title='bbox 294 2713 397 2768; x_wconf 86' lang='grc' dir='ltr'>ραν</span> <span class='ocrx_word' id='word_1_295' title='bbox 428 2692 589 2760; x_wconf 76' lang='grc' dir='ltr'>αὖθις</span> <span class='ocrx_word' id='word_1_296' title='bbox 646 2696 912 2767; x_wconf 72' lang='grc' dir='ltr'>ἐσομένην</span> <span class='ocrx_word' id='word_1_297' title='bbox 938 2693 1146 2761; x_wconf 76' lang='grc' dir='ltr'>ἔνδοξον</span> <span class='ocrx_word' id='word_1_298' title='bbox 1190 2695 1358 2749; x_wconf 83' lang='grc' dir='ltr'>αὐτοῦ</span> <span class='ocrx_word' id='word_1_299' title='bbox 1399 2694 1720 2767; x_wconf 80' lang='grc' dir='ltr'>παρουσίαν.</span> <span class='ocrx_word' id='word_1_300' title='bbox 1756 2693 1882 2746; x_wconf 69' lang='grc' dir='ltr'>Ἐπὶ</span> 
     </span>
    </p>
   </div>
   <div class='ocr_carea' id='block_1_44' title="bbox 291 2786 1879 2860">
    <p class='ocr_par' dir='ltr' id='par_1_44' title="bbox 291 2786 1879 2860">
     <span class='ocr_line' id='line_1_44' title="bbox 291 2786 1879 2860; baseline -0.003 -19"><span class='ocrx_word' id='word_1_301' title='bbox 291 2791 429 2842; x_wconf 74' lang='grc' dir='ltr'>πᾶσι</span> <span class='ocrx_word' id='word_1_302' title='bbox 447 2787 661 2851; x_wconf 83' lang='grc' dir='ltr'>τούτοις</span> <span class='ocrx_word' id='word_1_303' title='bbox 682 2788 912 2860; x_wconf 83' lang='grc' dir='ltr'>θρήνους</span> <span class='ocrx_word' id='word_1_304' title='bbox 938 2787 1144 2858; x_wconf 80' lang='grc' dir='ltr'>ἀκούσῃ</span> <span class='ocrx_word' id='word_1_305' title='bbox 1164 2788 1258 2841; x_wconf 77' lang='grc' dir='ltr'>καὶ</span> <span class='ocrx_word' id='word_1_306' title='bbox 1289 2787 1629 2860; x_wconf 80' lang='grc' dir='ltr'>ὀλοφυρμοὺς</span> <span class='ocrx_word' id='word_1_307' title='bbox 1651 2786 1879 2841; x_wconf 76' lang='grc' dir='ltr'>ἑκάστου</span> 
     </span>
    </p>
   </div>
   <div class='ocr_carea' id='block_1_45' title="bbox 289 2878 1881 2951">
    <p class='ocr_par' dir='ltr' id='par_1_45' title="bbox 289 2878 1881 2951">
     <span class='ocr_line' id='line_1_45' title="bbox 289 2878 1881 2951; baseline 0.002 -20"><span class='ocrx_word' id='word_1_308' title='bbox 289 2878 400 2932; x_wconf 85' lang='grc' dir='ltr'><strong>τῶν</strong></span> <span class='ocrx_word' id='word_1_309' title='bbox 436 2880 734 2951; x_wconf 82' lang='grc' dir='ltr'>προφητῶν</span> <span class='ocrx_word' id='word_1_310' title='bbox 766 2880 1037 2950; x_wconf 80' lang='grc' dir='ltr'>διαφόρως</span> <span class='ocrx_word' id='word_1_311' title='bbox 1060 2878 1479 2950; x_wconf 81' lang='grc' dir='ltr'>ὀλοφυρομένου,</span> <span class='ocrx_word' id='word_1_312' title='bbox 1504 2880 1596 2933; x_wconf 77' lang='grc' dir='ltr'><strong>καὶ</strong></span> <span class='ocrx_word' id='word_1_313' title='bbox 1619 2879 1881 2935; x_wconf 88' lang='grc' dir='ltr'>ἀποκλαι-</span> 
     </span>
    </p>
   </div>
   <div class='ocr_carea' id='block_1_46' title="bbox 290 2970 1882 3044">
    <p class='ocr_par' dir='ltr' id='par_1_46' title="bbox 290 2970 1882 3044">
     <span class='ocr_line' id='line_1_46' title="bbox 290 2970 1882 3044; baseline 0.001 -19"><span class='ocrx_word' id='word_1_314' title='bbox 290 2973 515 3042; x_wconf 80' lang='grc' dir='ltr'>ομένου,</span> <span class='ocrx_word' id='word_1_315' title='bbox 561 2974 665 3026; x_wconf 81' lang='grc' dir='ltr'>ὅσα</span> <span class='ocrx_word' id='word_1_316' title='bbox 712 2971 775 3024; x_wconf 81' lang='grc' dir='ltr'><strong>τὸ</strong></span> <span class='ocrx_word' id='word_1_317' title='bbox 819 2971 1084 3025; x_wconf 86' lang='grc' dir='ltr'>Ἰουδαίων</span> <span class='ocrx_word' id='word_1_318' title='bbox 1113 2970 1263 3033; x_wconf 80' lang='grc' dir='ltr'>ἔθνος</span> <span class='ocrx_word' id='word_1_319' title='bbox 1294 2971 1393 3042; x_wconf 87' lang='grc' dir='ltr'><strong>τῆς</strong></span> <span class='ocrx_word' id='word_1_320' title='bbox 1426 2973 1507 3035; x_wconf 89' lang='grc' dir='ltr'>εἰς</span> <span class='ocrx_word' id='word_1_321' title='bbox 1548 2971 1641 3026; x_wconf 79' lang='grc' dir='ltr'><strong>τὸν</strong></span> <span class='ocrx_word' id='word_1_322' title='bbox 1674 2989 1882 3044; x_wconf 84' lang='grc' dir='ltr'>προκη-</span> 
     </span>
    </p>
   </div>
   <div class='ocr_carea' id='block_1_47' title="bbox 293 3061 1948 3159">
    <p class='ocr_par' dir='ltr' id='par_1_47' title="bbox 293 3061 1948 3159">
     <span class='ocr_line' id='line_1_47' title="bbox 293 3061 1948 3159; baseline -0.002 -42"><span class='ocrx_word' id='word_1_323' title='bbox 293 3065 565 3137; x_wconf 84' lang='grc' dir='ltr'>ρυχθέντα</span> <span class='ocrx_word' id='word_1_324' title='bbox 585 3063 901 3126; x_wconf 75' lang='grc' dir='ltr'>δυσσεϐείας</span> <span class='ocrx_word' id='word_1_325' title='bbox 928 3063 1089 3118; x_wconf 80' lang='grc' dir='ltr'>ἕνεκα</span> <span class='ocrx_word' id='word_1_326' title='bbox 1116 3061 1530 3135; x_wconf 81' lang='grc' dir='ltr'>μετελεύσεσθαι</span> <span class='ocrx_word' id='word_1_327' title='bbox 1557 3062 1704 3116; x_wconf 88' lang='grc' dir='ltr'><strong>κακά</strong></span> <span class='ocrx_word' id='word_1_328' title='bbox 1723 3062 1882 3133; x_wconf 80' lang='grc' dir='ltr'>έμελ-</span> <span class='ocrx_word' id='word_1_329' title='bbox 1905 3101 1948 3159; x_wconf 74' lang='lat' dir='ltr'><strong><em>C</em></strong></span> 
     </span>
    </p>
   </div>
   <div class='ocr_carea' id='block_1_48' title="bbox 290 3152 1881 3226">
    <p class='ocr_par' dir='ltr' id='par_1_48' title="bbox 290 3152 1881 3226">
     <span class='ocr_line' id='line_1_48' title="bbox 290 3152 1881 3226; baseline -0.001 -18"><span class='ocrx_word' id='word_1_330' title='bbox 290 3155 404 3218; x_wconf 80' lang='grc' dir='ltr'>λεν,</span> <span class='ocrx_word' id='word_1_331' title='bbox 433 3154 512 3218; x_wconf 83' lang='grc' dir='ltr'>ὡς</span> <span class='ocrx_word' id='word_1_332' title='bbox 540 3155 604 3208; x_wconf 85' lang='grc' dir='ltr'>τὸ</span> <span class='ocrx_word' id='word_1_333' title='bbox 653 3153 920 3225; x_wconf 83' lang='grc' dir='ltr'>βασίλειον</span> <span class='ocrx_word' id='word_1_334' title='bbox 948 3152 1146 3217; x_wconf 87' lang='grc' dir='ltr'>αὐτῶν,</span> <span class='ocrx_word' id='word_1_335' title='bbox 1182 3153 1386 3207; x_wconf 83' lang='grc' dir='ltr'>ἄνωθεν</span> <span class='ocrx_word' id='word_1_336' title='bbox 1416 3154 1480 3207; x_wconf 75' lang='grc' dir='ltr'><strong>ἐκ</strong></span> <span class='ocrx_word' id='word_1_337' title='bbox 1523 3153 1773 3226; x_wconf 83' lang='grc' dir='ltr'>πατέρων</span> <span class='ocrx_word' id='word_1_338' title='bbox 1800 3157 1881 3218; x_wconf 87' lang='grc' dir='ltr'><strong>εἰς</strong></span> 
     </span>
    </p>
   </div>
   <div class='ocr_carea' id='block_1_49' title="bbox 289 3242 1882 3316">
    <p class='ocr_par' dir='ltr' id='par_1_49' title="bbox 289 3242 1882 3316">
     <span class='ocr_line' id='line_1_49' title="bbox 289 3242 1882 3316; baseline 0 -20"><span class='ocrx_word' id='word_1_339' title='bbox 289 3243 537 3305; x_wconf 70' lang='grc' dir='ltr'>ἐκείνους</span> <span class='ocrx_word' id='word_1_340' title='bbox 564 3242 859 3315; x_wconf 84' lang='grc' dir='ltr'>διαρκέσαν</span> <span class='ocrx_word' id='word_1_341' title='bbox 882 3243 1007 3305; x_wconf 75' lang='grc' dir='ltr'>τοὺς</span> <span class='ocrx_word' id='word_1_342' title='bbox 1031 3242 1274 3315; x_wconf 80' lang='grc' dir='ltr'>καιροὺς,</span> <span class='ocrx_word' id='word_1_343' title='bbox 1309 3243 1542 3315; x_wconf 86' lang='grc' dir='ltr'>παντελῆ</span> <span class='ocrx_word' id='word_1_344' title='bbox 1568 3243 1882 3316; x_wconf 86' lang='grc' dir='ltr'>καθαίρεσιν</span> 
     </span>
    </p>
   </div>
   <div class='ocr_carea' id='block_1_50' title="bbox 294 3332 1882 3405">
    <p class='ocr_par' dir='ltr' id='par_1_50' title="bbox 294 3332 1882 3405">
     <span class='ocr_line' id='line_1_50' title="bbox 294 3332 1882 3405; baseline 0.003 -21"><span class='ocrx_word' id='word_1_345' title='bbox 294 3332 436 3403; x_wconf 83' lang='grc' dir='ltr'><strong>μετά</strong></span> <span class='ocrx_word' id='word_1_346' title='bbox 469 3332 570 3403; x_wconf 81' lang='grc' dir='ltr'>τὴν</span> <span class='ocrx_word' id='word_1_347' title='bbox 593 3333 735 3386; x_wconf 87' lang='grc' dir='ltr'><strong>κατά</strong></span> <span class='ocrx_word' id='word_1_348' title='bbox 761 3332 996 3404; x_wconf 78' lang='grc' dir='ltr'>Χριστοῦ</span> <span class='ocrx_word' id='word_1_349' title='bbox 1028 3332 1229 3405; x_wconf 89' lang='grc' dir='ltr'>τόλμαν</span> <span class='ocrx_word' id='word_1_350' title='bbox 1262 3332 1440 3387; x_wconf 89' lang='grc' dir='ltr'>αὐτῶν</span> <span class='ocrx_word' id='word_1_351' title='bbox 1466 3334 1729 3405; x_wconf 84' lang='grc' dir='ltr'>ὑπομενεί</span> <span class='ocrx_word' id='word_1_352' title='bbox 1750 3351 1764 3365; x_wconf 78' lang='lat'><strong><em>°</em></strong></span> <span class='ocrx_word' id='word_1_353' title='bbox 1805 3335 1882 3398; x_wconf 83' lang='grc' dir='ltr'>ὡς</span> 
     </span>
    </p>
   </div>
   <div class='ocr_carea' id='block_1_51' title="bbox 289 3422 1884 3495">
    <p class='ocr_par' dir='ltr' id='par_1_51' title="bbox 289 3422 1884 3495">
     <span class='ocr_line' id='line_1_51' title="bbox 289 3422 1884 3495; baseline 0.001 -19"><span class='ocrx_word' id='word_1_354' title='bbox 289 3423 341 3476; x_wconf 70' lang='lat' dir='ltr'><strong>oi</strong></span> <span class='ocrx_word' id='word_1_355' title='bbox 369 3422 592 3493; x_wconf 81' lang='grc' dir='ltr'>πάτριοι</span> <span class='ocrx_word' id='word_1_356' title='bbox 626 3423 807 3477; x_wconf 86' lang='grc' dir='ltr'>αὐτῶν</span> <span class='ocrx_word' id='word_1_357' title='bbox 844 3423 996 3493; x_wconf 91' lang='grc' dir='ltr'>νόμοι</span> <span class='ocrx_word' id='word_1_358' title='bbox 1037 3422 1521 3492; x_wconf 86' lang='grc' dir='ltr'>καταλυθήσονται,</span> <span class='ocrx_word' id='word_1_359' title='bbox 1549 3423 1624 3487; x_wconf 83' lang='grc' dir='ltr'>ὡς</span> <span class='ocrx_word' id='word_1_360' title='bbox 1655 3424 1755 3495; x_wconf 86' lang='grc' dir='ltr'><strong>τῆς</strong></span> <span class='ocrx_word' id='word_1_361' title='bbox 1785 3443 1884 3478; x_wconf 86' lang='grc' dir='ltr'>πα-</span> 
     </span>
    </p>
   </div>
   <div class='ocr_carea' id='block_1_52' title="bbox 288 3514 1880 3587">
    <p class='ocr_par' dir='ltr' id='par_1_52' title="bbox 288 3514 1880 3587">
     <span class='ocr_line' id='line_1_52' title="bbox 288 3514 1880 3587; baseline 0.003 -20"><span class='ocrx_word' id='word_1_362' title='bbox 288 3514 456 3578; x_wconf 76' lang='grc' dir='ltr'>λαιᾶς</span> <span class='ocrx_word' id='word_1_363' title='bbox 483 3514 785 3587; x_wconf 87' lang='grc' dir='ltr'>θρησκείας</span> <span class='ocrx_word' id='word_1_364' title='bbox 837 3514 1014 3568; x_wconf 87' lang='grc' dir='ltr'>αὐτῶν</span> <span class='ocrx_word' id='word_1_365' title='bbox 1047 3516 1530 3587; x_wconf 81' lang='grc' dir='ltr'>ἀποστερήσονται,</span> <span class='ocrx_word' id='word_1_366' title='bbox 1574 3516 1651 3580; x_wconf 83' lang='grc' dir='ltr'><strong>ὡς</strong></span> <span class='ocrx_word' id='word_1_367' title='bbox 1677 3518 1774 3587; x_wconf 82' lang='grc' dir='ltr'><strong>τῆς</strong></span> <span class='ocrx_word' id='word_1_368' title='bbox 1815 3520 1880 3573; x_wconf 87' lang='grc' dir='ltr'>ὲκ</span> 
     </span>
    </p>
   </div>
   <div class='ocr_carea' id='block_1_53' title="bbox 290 3604 1881 3676">
    <p class='ocr_par' dir='ltr' id='par_1_53' title="bbox 290 3604 1881 3676">
     <span class='ocr_line' id='line_1_53' title="bbox 290 3604 1881 3676; baseline 0.001 -19"><span class='ocrx_word' id='word_1_369' title='bbox 290 3605 579 3676; x_wconf 86' lang='grc' dir='ltr'>προγόνων</span> <span class='ocrx_word' id='word_1_370' title='bbox 620 3605 950 3676; x_wconf 82' lang='grc' dir='ltr'>αὐτονομίας</span> <span class='ocrx_word' id='word_1_371' title='bbox 981 3604 1370 3658; x_wconf 76' lang='grc' dir='ltr'>ἐκπεσοῦνταιο</span> <span class='ocrx_word' id='word_1_372' title='bbox 1406 3605 1483 3669; x_wconf 84' lang='grc' dir='ltr'><strong>ὡς</strong></span> <span class='ocrx_word' id='word_1_373' title='bbox 1524 3606 1637 3659; x_wconf 86' lang='grc' dir='ltr'>ἀντ’</span> <span class='ocrx_word' id='word_1_374' title='bbox 1667 3606 1881 3660; x_wconf 82' lang='grc' dir='ltr'>ἐλευθέ-</span> 
     </span>
    </p>
   </div>
   <div class='ocr_carea' id='block_1_54' title="bbox 292 3694 1877 3770">
    <p class='ocr_par' dir='ltr' id='par_1_54' title="bbox 292 3694 1877 3770">
     <span class='ocr_line' id='line_1_54' title="bbox 292 3694 1877 3770; baseline 0 -20"><span class='ocrx_word' id='word_1_375' title='bbox 292 3713 406 3767; x_wconf 88' lang='grc' dir='ltr'><strong>ρων</strong></span> <span class='ocrx_word' id='word_1_376' title='bbox 423 3694 604 3749; x_wconf 80' lang='grc' dir='ltr'>δοῦλοι</span> <span class='ocrx_word' id='word_1_377' title='bbox 621 3695 730 3749; x_wconf 89' lang='grc' dir='ltr'><strong>τῶν</strong></span> <span class='ocrx_word' id='word_1_378' title='bbox 753 3695 964 3767; x_wconf 72' lang='grc' dir='ltr'>ἐχθρῶν</span> <span class='ocrx_word' id='word_1_379' title='bbox 991 3697 1447 3768; x_wconf 86' lang='grc' dir='ltr'>καταστήσονται,</span> <span class='ocrx_word' id='word_1_380' title='bbox 1469 3696 1597 3767; x_wconf 52' lang='grc' dir='ltr'>ὼςνή</span> <span class='ocrx_word' id='word_1_381' title='bbox 1627 3696 1877 3770; x_wconf 78' lang='grc' dir='ltr'>βασιλικὴ</span> 
     </span>
    </p>
   </div>
   <div class='ocr_carea' id='block_1_55' title="bbox 293 3783 1881 3859">
    <p class='ocr_par' dir='ltr' id='par_1_55' title="bbox 293 3783 1881 3859">
     <span class='ocr_line' id='line_1_55' title="bbox 293 3783 1881 3859; baseline 0.002 -22"><span class='ocrx_word' id='word_1_382' title='bbox 293 3783 634 3855; x_wconf 81' lang='grc' dir='ltr'>μητρόπολις</span> <span class='ocrx_word' id='word_1_383' title='bbox 654 3784 835 3838; x_wconf 89' lang='grc' dir='ltr'>αὐτῶν</span> <span class='ocrx_word' id='word_1_384' title='bbox 847 3785 1214 3857; x_wconf 84' lang='grc' dir='ltr'>πυρίκαυστος</span> <span class='ocrx_word' id='word_1_385' title='bbox 1233 3787 1540 3857; x_wconf 88' lang='grc' dir='ltr'>γενήσεται,</span> <span class='ocrx_word' id='word_1_386' title='bbox 1572 3785 1648 3849; x_wconf 82' lang='grc' dir='ltr'>ὡς</span> <span class='ocrx_word' id='word_1_387' title='bbox 1670 3787 1732 3840; x_wconf 77' lang='grc' dir='ltr'>τὸ</span> <span class='ocrx_word' id='word_1_388' title='bbox 1749 3805 1808 3840; x_wconf 89' lang='grc' dir='ltr'><strong>σε</strong></span> <span class='ocrx_word' id='word_1_389' title='bbox 1815 3805 1881 3859; x_wconf 85' lang='grc' dir='ltr'>μ-</span> 
     </span>
    </p>
   </div>
   <div class='ocr_carea' id='block_1_56' title="bbox 289 3874 1879 3951">
    <p class='ocr_par' dir='ltr' id='par_1_56' title="bbox 289 3874 1879 3951">
     <span class='ocr_line' id='line_1_56' title="bbox 289 3874 1879 3951; baseline 0.003 -22"><span class='ocrx_word' id='word_1_390' title='bbox 289 3876 385 3929; x_wconf 82' lang='grc' dir='ltr'>νὺν</span> <span class='ocrx_word' id='word_1_391' title='bbox 412 3874 598 3929; x_wconf 87' lang='grc' dir='ltr'>αὐτῶν</span> <span class='ocrx_word' id='word_1_392' title='bbox 625 3877 721 3930; x_wconf 79' lang='grc' dir='ltr'>καὶ</span> <span class='ocrx_word' id='word_1_393' title='bbox 772 3877 933 3946; x_wconf 83' lang='grc' dir='ltr'>ἁγνὸν</span> <span class='ocrx_word' id='word_1_394' title='bbox 974 3876 1117 3949; x_wconf 80' lang='grc' dir='ltr'>ίερδν</span> <span class='ocrx_word' id='word_1_395' title='bbox 1146 3877 1470 3951; x_wconf 78' lang='grc' dir='ltr'>ἐμπρησμὸν</span> <span class='ocrx_word' id='word_1_396' title='bbox 1499 3879 1593 3931; x_wconf 75' lang='grc' dir='ltr'><strong>καὶ</strong></span> <span class='ocrx_word' id='word_1_397' title='bbox 1644 3878 1879 3951; x_wconf 77' lang='grc' dir='ltr'>ἐσχάτην</span> 
     </span>
    </p>
   </div>
   <div class='ocr_carea' id='block_1_57' title="bbox 291 3967 1879 4044">
    <p class='ocr_par' dir='ltr' id='par_1_57' title="bbox 291 3967 1879 4044">
     <span class='ocr_line' id='line_1_57' title="bbox 291 3967 1879 4044; baseline 0.003 -23"><span class='ocrx_word' id='word_1_398' title='bbox 291 3967 534 4040; x_wconf 74' lang='grc' dir='ltr'>ἐρημίαν</span> <span class='ocrx_word' id='word_1_399' title='bbox 585 3969 847 4039; x_wconf 83' lang='grc' dir='ltr'>ὑπομενεῖ</span> <span class='ocrx_word' id='word_1_400' title='bbox 871 3986 885 4001; x_wconf 75' lang='grc' dir='ltr'><strong><em>ο</em></strong></span> <span class='ocrx_word' id='word_1_401' title='bbox 928 3971 1004 4034; x_wconf 86' lang='grc' dir='ltr'>ὡς</span> <span class='ocrx_word' id='word_1_402' title='bbox 1035 3970 1158 4023; x_wconf 74' lang='grc' dir='ltr'>ἀντὶ</span> <span class='ocrx_word' id='word_1_403' title='bbox 1208 3969 1316 4023; x_wconf 90' lang='grc' dir='ltr'><strong>τῶν</strong></span> <span class='ocrx_word' id='word_1_404' title='bbox 1355 3969 1520 4023; x_wconf 87' lang='grc' dir='ltr'>πάλαι</span> <span class='ocrx_word' id='word_1_405' title='bbox 1580 3971 1879 4044; x_wconf 76' lang='grc' dir='ltr'>οἰκητόρων</span> 
     </span>
    </p>
   </div>
   <div class='ocr_carea' id='block_1_58' title="bbox 292 4058 1881 4136">
    <p class='ocr_par' dir='ltr' id='par_1_58' title="bbox 292 4058 1881 4136">
     <span class='ocr_line' id='line_1_58' title="bbox 292 4058 1881 4136; baseline 0.004 -25"><span class='ocrx_word' id='word_1_406' title='bbox 292 4058 404 4113; x_wconf 80' lang='grc' dir='ltr'><strong>ὐπὸ</strong></span> <span class='ocrx_word' id='word_1_407' title='bbox 434 4058 722 4129; x_wconf 74' lang='grc' dir='ltr'>ὁμοφύλων</span> <span class='ocrx_word' id='word_1_408' title='bbox 752 4059 849 4132; x_wconf 69' lang='grc' dir='ltr'><strong>(Γ)</strong></span> <span class='ocrx_word' id='word_1_409' title='bbox 883 4061 1054 4116; x_wconf 75' lang='grc' dir='ltr'>ἐθνῶν</span> <span class='ocrx_word' id='word_1_410' title='bbox 1079 4066 1113 4135; x_wconf 86' lang='grc' dir='ltr'>ὴ</span> <span class='ocrx_word' id='word_1_411' title='bbox 1142 4064 1295 4130; x_wconf 88' lang='grc' dir='ltr'>πόλις</span> <span class='ocrx_word' id='word_1_412' title='bbox 1331 4063 1508 4117; x_wconf 87' lang='grc' dir='ltr'>αὐτῶν</span> <span class='ocrx_word' id='word_1_413' title='bbox 1534 4063 1881 4136; x_wconf 88' lang='grc' dir='ltr'>κατοικισθή-</span> 
     </span>
    </p>
   </div>
   <div class='ocr_carea' id='block_1_59' title="bbox 293 4151 1878 4229">
    <p class='ocr_par' dir='ltr' id='par_1_59' title="bbox 293 4151 1878 4229">
     <span class='ocr_line' id='line_1_59' title="bbox 293 4151 1878 4229; baseline 0.004 -26"><span class='ocrx_word' id='word_1_414' title='bbox 293 4167 471 4214; x_wconf 85' lang='grc' dir='ltr'>σεται,</span> <span class='ocrx_word' id='word_1_415' title='bbox 504 4151 583 4216; x_wconf 84' lang='grc' dir='ltr'>ὠς</span> <span class='ocrx_word' id='word_1_416' title='bbox 609 4155 692 4217; x_wconf 86' lang='grc' dir='ltr'><strong>εἰς</strong></span> <span class='ocrx_word' id='word_1_417' title='bbox 746 4154 925 4208; x_wconf 88' lang='grc' dir='ltr'>πάντα</span> <span class='ocrx_word' id='word_1_418' title='bbox 954 4154 1022 4209; x_wconf 85' lang='grc' dir='ltr'>τὰ</span> <span class='ocrx_word' id='word_1_419' title='bbox 1064 4155 1191 4226; x_wconf 83' lang='grc' dir='ltr'>ἔθνη</span> <span class='ocrx_word' id='word_1_420' title='bbox 1236 4156 1358 4211; x_wconf 85' lang='grc' dir='ltr'>καθ’</span> <span class='ocrx_word' id='word_1_421' title='bbox 1390 4157 1518 4228; x_wconf 85' lang='grc' dir='ltr'>ὅλης</span> <span class='ocrx_word' id='word_1_422' title='bbox 1556 4156 1878 4229; x_wconf 78' lang='grc' dir='ltr'>οἰκουμένης</span> 
     </span>
    </p>
   </div>
   <div class='ocr_carea' id='block_1_60' title="bbox 289 4241 1887 4320">
    <p class='ocr_par' dir='ltr' id='par_1_60' title="bbox 289 4241 1887 4320">
     <span class='ocr_line' id='line_1_60' title="bbox 289 4241 1887 4320; baseline 0.003 -25"><span class='ocrx_word' id='word_1_423' title='bbox 289 4241 783 4315; x_wconf 86' lang='grc' dir='ltr'>διασπαρήσονται,</span> <span class='ocrx_word' id='word_1_424' title='bbox 809 4246 885 4309; x_wconf 85' lang='grc' dir='ltr'>ὡς</span> <span class='ocrx_word' id='word_1_425' title='bbox 913 4245 1093 4301; x_wconf 86' lang='grc' dir='ltr'>οὐκέτ’</span> <span class='ocrx_word' id='word_1_426' title='bbox 1121 4248 1307 4312; x_wconf 83' lang='grc' dir='ltr'>αὐτοῖς</span> <span class='ocrx_word' id='word_1_427' title='bbox 1331 4248 1365 4320; x_wconf 82' lang='grc' dir='ltr'><strong>ἡ</strong></span> <span class='ocrx_word' id='word_1_428' title='bbox 1396 4246 1504 4302; x_wconf 88' lang='grc' dir='ltr'><strong>τῶν</strong></span> <span class='ocrx_word' id='word_1_429' title='bbox 1534 4246 1719 4302; x_wconf 87' lang='grc' dir='ltr'>κακῶν</span> <span class='ocrx_word' id='word_1_430' title='bbox 1741 4247 1887 4301; x_wconf 57' lang='grc' dir='ltr'><strong>παῦ-η</strong></span> 
     </span>
    </p>
   </div>
   <div class='ocr_carea' id='block_1_61' title="bbox 290 4331 1874 4410">
    <p class='ocr_par' dir='ltr' id='par_1_61' title="bbox 290 4331 1874 4410">
     <span class='ocr_line' id='line_1_61' title="bbox 290 4331 1874 4410; baseline 0.004 -24"><span class='ocrx_word' id='word_1_431' title='bbox 290 4331 383 4399; x_wconf 85' lang='grc' dir='ltr'><strong>λα,</strong></span> <span class='ocrx_word' id='word_1_432' title='bbox 408 4333 535 4387; x_wconf 87' lang='grc' dir='ltr'>οὐδέ</span> <span class='ocrx_word' id='word_1_433' title='bbox 557 4352 643 4400; x_wconf 88' lang='grc' dir='ltr'><strong>τις</strong></span> <span class='ocrx_word' id='word_1_434' title='bbox 674 4336 960 4401; x_wconf 90' lang='grc' dir='ltr'>ἀνάνευσις</span> <span class='ocrx_word' id='word_1_435' title='bbox 983 4336 1092 4391; x_wconf 89' lang='grc' dir='ltr'><strong>τῶν</strong></span> <span class='ocrx_word' id='word_1_436' title='bbox 1126 4337 1422 4410; x_wconf 90' lang='grc' dir='ltr'>συμφορῶν</span> <span class='ocrx_word' id='word_1_437' title='bbox 1455 4338 1874 4409; x_wconf 80' lang='grc' dir='ltr'>ὲλπισθήσεταιϊ</span> 
     </span>
    </p>
   </div>
   <div class='ocr_carea' id='block_1_62' title="bbox 1984 1877 3552 1949">
    <p class='ocr_par' dir='ltr' id='par_1_62' title="bbox 1984 1877 3552 1949">
     <span class='ocr_line' id='line_1_62' title="bbox 1984 1877 3552 1949; baseline 0.002 -15"><span class='ocrx_word' id='word_1_438' title='bbox 1984 1888 2093 1934; x_wconf 89' lang='lat' dir='ltr'><strong>tem</strong></span> <span class='ocrx_word' id='word_1_439' title='bbox 2148 1878 2619 1934; x_wconf 82' lang='lat' dir='ltr'><strong>contumeliosam.</strong></span> <span class='ocrx_word' id='word_1_440' title='bbox 2652 1877 2831 1949; x_wconf 83' lang='lat' dir='ltr'><strong>ipsius</strong></span> <span class='ocrx_word' id='word_1_441' title='bbox 2888 1879 2957 1934; x_wconf 87' lang='lat' dir='ltr'><strong>ad</strong></span> <span class='ocrx_word' id='word_1_442' title='bbox 3003 1879 3118 1935; x_wconf 69' lang='lat' dir='ltr'><strong>haec</strong></span> <span class='ocrx_word' id='word_1_443' title='bbox 3172 1880 3552 1937; x_wconf 84' lang='lat' dir='ltr'><strong>admirandum</strong></span> 
     </span>
    </p>
   </div>
   <div class='ocr_carea' id='block_1_63' title="bbox 1983 1969 3556 2036">
    <p class='ocr_par' dir='ltr' id='par_1_63' title="bbox 1983 1969 3556 2036">
     <span class='ocr_line' id='line_1_63' title="bbox 1983 1969 3556 2036; baseline -0.001 -10"><span class='ocrx_word' id='word_1_444' title='bbox 1983 1970 2282 2034; x_wconf 88' lang='lat' dir='ltr'><strong>silentium,</strong></span> <span class='ocrx_word' id='word_1_445' title='bbox 2314 1970 2592 2025; x_wconf 87' lang='lat' dir='ltr'><strong>lenitatem</strong></span> <span class='ocrx_word' id='word_1_446' title='bbox 2633 1977 2688 2025; x_wconf 92' lang='lat' dir='ltr'><strong>et</strong></span> <span class='ocrx_word' id='word_1_447' title='bbox 2736 1969 3122 2036; x_wconf 88' lang='lat' dir='ltr'><strong>constantiam,</strong></span> <span class='ocrx_word' id='word_1_448' title='bbox 3154 1970 3556 2027; x_wconf 80' lang='lat' dir='ltr'><strong>incredibilem—</strong></span> 
     </span>
    </p>
   </div>
   <div class='ocr_carea' id='block_1_64' title="bbox 1982 2062 3551 2133">
    <p class='ocr_par' dir='ltr' id='par_1_64' title="bbox 1982 2062 3551 2133">
     <span class='ocr_line' id='line_1_64' title="bbox 1982 2062 3551 2133; baseline 0.003 -17"><span class='ocrx_word' id='word_1_449' title='bbox 1982 2078 2089 2133; x_wconf 88' lang='lat' dir='ltr'><strong>que</strong></span> <span class='ocrx_word' id='word_1_450' title='bbox 2122 2069 2382 2133; x_wconf 85' lang='lat' dir='ltr'><strong>quantam</strong></span> <span class='ocrx_word' id='word_1_451' title='bbox 2414 2062 2729 2131; x_wconf 86' lang='lat' dir='ltr'><strong>patientiam</strong></span> <span class='ocrx_word' id='word_1_452' title='bbox 2776 2062 3150 2133; x_wconf 88' lang='lat' dir='ltr'><strong>malorumque</strong></span> <span class='ocrx_word' id='word_1_453' title='bbox 3182 2064 3551 2122; x_wconf 85' lang='lat' dir='ltr'><strong>tolerantiam.</strong></span> 
     </span>
    </p>
   </div>
   <div class='ocr_carea' id='block_1_65' title="bbox 1983 2153 3554 2226">
    <p class='ocr_par' dir='ltr' id='par_1_65' title="bbox 1983 2153 3554 2226">
     <span class='ocr_line' id='line_1_65' title="bbox 1983 2153 3554 2226; baseline 0.004 -19"><span class='ocrx_word' id='word_1_454' title='bbox 1983 2153 2111 2210; x_wconf 67' lang='lat' dir='ltr'><strong>Haec</strong></span> <span class='ocrx_word' id='word_1_455' title='bbox 2134 2155 2319 2208; x_wconf 83' lang='lat' dir='ltr'><strong>omnia</strong></span> <span class='ocrx_word' id='word_1_456' title='bbox 2355 2154 2560 2211; x_wconf 82' lang='lat' dir='ltr'><strong>diserte</strong></span> <span class='ocrx_word' id='word_1_457' title='bbox 2603 2154 2670 2210; x_wconf 92' lang='lat' dir='ltr'><strong>de</strong></span> <span class='ocrx_word' id='word_1_458' title='bbox 2716 2170 2829 2209; x_wconf 89' lang='lat' dir='ltr'><strong>uno</strong></span> <span class='ocrx_word' id='word_1_459' title='bbox 2875 2155 3111 2225; x_wconf 89' lang='lat' dir='ltr'><strong>quodam</strong></span> <span class='ocrx_word' id='word_1_460' title='bbox 3161 2156 3216 2210; x_wconf 90' lang='lat' dir='ltr'><strong>in</strong></span> <span class='ocrx_word' id='word_1_461' title='bbox 3262 2156 3554 2226; x_wconf 86' lang='lat' dir='ltr'><strong>postremis</strong></span> 
     </span>
    </p>
   </div>
   <div class='ocr_carea' id='block_1_66' title="bbox 1982 2247 3553 2319">
    <p class='ocr_par' dir='ltr' id='par_1_66' title="bbox 1982 2247 3553 2319">
     <span class='ocr_line' id='line_1_66' title="bbox 1982 2247 3553 2319; baseline 0.004 -19"><span class='ocrx_word' id='word_1_462' title='bbox 1982 2247 2112 2300; x_wconf 89' lang='lat' dir='ltr'><strong>olim</strong></span> <span class='ocrx_word' id='word_1_463' title='bbox 2142 2256 2373 2305; x_wconf 83' lang='lat' dir='ltr'><strong>venturo</strong></span> <span class='ocrx_word' id='word_1_464' title='bbox 2417 2248 2755 2319; x_wconf 87' lang='lat' dir='ltr'><strong>temporibus</strong></span> <span class='ocrx_word' id='word_1_465' title='bbox 2785 2255 2949 2318; x_wconf 86' lang='lat' dir='ltr'><strong>atque</strong></span> <span class='ocrx_word' id='word_1_466' title='bbox 2979 2249 3121 2304; x_wconf 90' lang='lat' dir='ltr'><strong>inter</strong></span> <span class='ocrx_word' id='word_1_467' title='bbox 3151 2249 3402 2308; x_wconf 88' lang='lat' dir='ltr'><strong>homines</strong></span> <span class='ocrx_word' id='word_1_468' title='bbox 3423 2251 3553 2306; x_wconf 86' lang='lat' dir='ltr'><strong>talia</strong></span> 
     </span>
    </p>
   </div>
   <div class='ocr_carea' id='block_1_67' title="bbox 1981 2338 3554 2412">
    <p class='ocr_par' dir='ltr' id='par_1_67' title="bbox 1981 2338 3554 2412">
     <span class='ocr_line' id='line_1_67' title="bbox 1981 2338 3554 2412; baseline 0.003 -19"><span class='ocrx_word' id='word_1_469' title='bbox 1981 2338 2327 2394; x_wconf 84' lang='lat' dir='ltr'><strong>exantlaturo</strong></span> <span class='ocrx_word' id='word_1_470' title='bbox 2361 2340 2646 2410; x_wconf 89' lang='lat' dir='ltr'><strong>perspicue</strong></span> <span class='ocrx_word' id='word_1_471' title='bbox 2672 2340 3058 2410; x_wconf 64' lang='lat' dir='ltr'><strong>praenuntiant,</strong></span> <span class='ocrx_word' id='word_1_472' title='bbox 3087 2340 3419 2412; x_wconf 88' lang='lat' dir='ltr'><strong>traduntque</strong></span> <span class='ocrx_word' id='word_1_473' title='bbox 3453 2357 3554 2397; x_wconf 91' lang='lat' dir='ltr'><strong>an-</strong></span> 
     </span>
    </p>
   </div>
   <div class='ocr_carea' id='block_1_68' title="bbox 1982 2429 3555 2502">
    <p class='ocr_par' dir='ltr' id='par_1_68' title="bbox 1982 2429 3555 2502">
     <span class='ocr_line' id='line_1_68' title="bbox 1982 2429 3555 2502; baseline 0.004 -20"><span class='ocrx_word' id='word_1_474' title='bbox 1982 2429 2289 2500; x_wconf 86' lang='lat' dir='ltr'><strong>tiquissima</strong></span> <span class='ocrx_word' id='word_1_475' title='bbox 2322 2429 2670 2485; x_wconf 67' lang='lat' dir='ltr'><strong>Hebraeorum</strong></span> <span class='ocrx_word' id='word_1_476' title='bbox 2697 2432 2952 2499; x_wconf 89' lang='lat' dir='ltr'><strong>oracula;</strong></span> <span class='ocrx_word' id='word_1_477' title='bbox 2983 2431 3253 2502; x_wconf 88' lang='lat' dir='ltr'><strong>simulque</strong></span> <span class='ocrx_word' id='word_1_478' title='bbox 3285 2442 3555 2502; x_wconf 81' lang='lat' dir='ltr'><strong>testantur</strong></span> 
     </span>
    </p>
   </div>
   <div class='ocr_carea' id='block_1_69' title="bbox 1981 2520 3551 2592">
    <p class='ocr_par' dir='ltr' id='par_1_69' title="bbox 1981 2520 3551 2592">
     <span class='ocr_line' id='line_1_69' title="bbox 1981 2520 3551 2592; baseline 0.003 -17"><span class='ocrx_word' id='word_1_479' title='bbox 1981 2520 2231 2576; x_wconf 88' lang='lat' dir='ltr'><strong>eumdem</strong></span> <span class='ocrx_word' id='word_1_480' title='bbox 2259 2527 2384 2590; x_wconf 89' lang='lat' dir='ltr'><strong>post</strong></span> <span class='ocrx_word' id='word_1_481' title='bbox 2414 2527 2645 2576; x_wconf 90' lang='lat' dir='ltr'><strong>mortem</strong></span> <span class='ocrx_word' id='word_1_482' title='bbox 2672 2522 2868 2576; x_wconf 88' lang='lat' dir='ltr'><strong>iterum</strong></span> <span class='ocrx_word' id='word_1_483' title='bbox 2899 2536 3248 2578; x_wconf 89' lang='lat' dir='ltr'><strong>reversurum</strong></span> <span class='ocrx_word' id='word_1_484' title='bbox 3276 2524 3333 2579; x_wconf 91' lang='lat' dir='ltr'><strong>in</strong></span> <span class='ocrx_word' id='word_1_485' title='bbox 3359 2526 3551 2592; x_wconf 85' lang='lat' dir='ltr'><strong>vitam,</strong></span> 
     </span>
    </p>
   </div>
   <div class='ocr_carea' id='block_1_70' title="bbox 1980 2610 3552 2686">
    <p class='ocr_par' dir='ltr' id='par_1_70' title="bbox 1980 2610 3552 2686">
     <span class='ocr_line' id='line_1_70' title="bbox 1980 2610 3552 2686; baseline 0.002 -21"><span class='ocrx_word' id='word_1_486' title='bbox 1980 2610 2266 2681; x_wconf 83' lang='lat' dir='ltr'><strong>discipulis</strong></span> <span class='ocrx_word' id='word_1_487' title='bbox 2294 2611 2410 2667; x_wconf 90' lang='lat' dir='ltr'><strong>suis</strong></span> <span class='ocrx_word' id='word_1_488' title='bbox 2457 2611 2853 2682; x_wconf 87' lang='lat' dir='ltr'><strong>appariturum,</strong></span> <span class='ocrx_word' id='word_1_489' title='bbox 2900 2613 3255 2685; x_wconf 86' lang='lat' dir='ltr'><strong>divinumque</strong></span> <span class='ocrx_word' id='word_1_490' title='bbox 3290 2613 3552 2686; x_wconf 89' lang='lat' dir='ltr'><strong>Spiritum</strong></span> 
     </span>
    </p>
   </div>
   <div class='ocr_carea' id='block_1_71' title="bbox 1979 2702 3554 2777">
    <p class='ocr_par' dir='ltr' id='par_1_71' title="bbox 1979 2702 3554 2777">
     <span class='ocr_line' id='line_1_71' title="bbox 1979 2702 3554 2777; baseline 0.003 -22"><span class='ocrx_word' id='word_1_491' title='bbox 1979 2702 2035 2757; x_wconf 91' lang='lat' dir='ltr'><strong>in</strong></span> <span class='ocrx_word' id='word_1_492' title='bbox 2068 2702 2193 2758; x_wconf 88' lang='lat' dir='ltr'><strong>illos</strong></span> <span class='ocrx_word' id='word_1_493' title='bbox 2240 2703 2594 2759; x_wconf 89' lang='lat' dir='ltr'><strong>emissurum.</strong></span> <span class='ocrx_word' id='word_1_494' title='bbox 2626 2702 2882 2759; x_wconf 84' lang='lat' dir='ltr'><strong>Reditum</strong></span> <span class='ocrx_word' id='word_1_495' title='bbox 2927 2705 3056 2761; x_wconf 89' lang='lat' dir='ltr'><strong>item</strong></span> <span class='ocrx_word' id='word_1_496' title='bbox 3085 2706 3206 2777; x_wconf 89' lang='lat' dir='ltr'><strong>ejus</strong></span> <span class='ocrx_word' id='word_1_497' title='bbox 3248 2720 3554 2762; x_wconf 85' lang='lat' dir='ltr'><strong>memorant</strong></span> 
     </span>
    </p>
   </div>
   <div class='ocr_carea' id='block_1_72' title="bbox 1980 2791 3547 2865">
    <p class='ocr_par' dir='ltr' id='par_1_72' title="bbox 1980 2791 3547 2865">
     <span class='ocr_line' id='line_1_72' title="bbox 1980 2791 3547 2865; baseline 0.003 -20"><span class='ocrx_word' id='word_1_498' title='bbox 1980 2792 2039 2847; x_wconf 90' lang='lat' dir='ltr'><strong>in</strong></span> <span class='ocrx_word' id='word_1_499' title='bbox 2063 2791 2254 2859; x_wconf 76' lang='lat' dir='ltr'><strong>cmlos,</strong></span> <span class='ocrx_word' id='word_1_500' title='bbox 2298 2791 2618 2863; x_wconf 86' lang='lat' dir='ltr'><strong>ﬁrmamque</strong></span> <span class='ocrx_word' id='word_1_501' title='bbox 2641 2793 2694 2848; x_wconf 91' lang='lat' dir='ltr'><strong>in</strong></span> <span class='ocrx_word' id='word_1_502' title='bbox 2724 2793 2926 2849; x_wconf 80' lang='lat' dir='ltr'><strong>throno</strong></span> <span class='ocrx_word' id='word_1_503' title='bbox 2958 2795 3111 2865; x_wconf 82' lang='lat' dir='ltr'><strong>regni</strong></span> <span class='ocrx_word' id='word_1_504' title='bbox 3135 2793 3316 2852; x_wconf 87' lang='lat' dir='ltr'><strong>Patris</strong></span> <span class='ocrx_word' id='word_1_505' title='bbox 3339 2796 3547 2860; x_wconf 85' lang='lat' dir='ltr'><strong>sedem,</strong></span> 
     </span>
    </p>
   </div>
   <div class='ocr_carea' id='block_1_73' title="bbox 1980 2882 3551 2952">
    <p class='ocr_par' dir='ltr' id='par_1_73' title="bbox 1980 2882 3551 2952">
     <span class='ocr_line' id='line_1_73' title="bbox 1980 2882 3551 2952; baseline 0.003 -19"><span class='ocrx_word' id='word_1_506' title='bbox 1980 2890 2142 2952; x_wconf 82' lang='lat' dir='ltr'><strong>atque</strong></span> <span class='ocrx_word' id='word_1_507' title='bbox 2165 2883 2220 2936; x_wconf 92' lang='lat' dir='ltr'><strong>in</strong></span> <span class='ocrx_word' id='word_1_508' title='bbox 2252 2882 2724 2940; x_wconf 86' lang='lat' dir='ltr'><strong>consummatione</strong></span> <span class='ocrx_word' id='word_1_509' title='bbox 2754 2883 2937 2939; x_wconf 64' lang='lat' dir='ltr'><strong>saeculi</strong></span> <span class='ocrx_word' id='word_1_510' title='bbox 2965 2883 3209 2939; x_wconf 85' lang='lat' dir='ltr'><strong>futurum</strong></span> <span class='ocrx_word' id='word_1_511' title='bbox 3243 2885 3440 2940; x_wconf 89' lang='lat' dir='ltr'><strong>iterum</strong></span> <span class='ocrx_word' id='word_1_512' title='bbox 3470 2886 3551 2939; x_wconf 90' lang='lat' dir='ltr'><strong>al-</strong></span> 
     </span>
    </p>
   </div>
   <div class='ocr_carea' id='block_1_74' title="bbox 1978 2972 3552 3046">
    <p class='ocr_par' dir='ltr' id='par_1_74' title="bbox 1978 2972 3552 3046">
     <span class='ocr_line' id='line_1_74' title="bbox 1978 2972 3552 3046; baseline 0.004 -21"><span class='ocrx_word' id='word_1_513' title='bbox 1978 2979 2157 3027; x_wconf 90' lang='lat' dir='ltr'><strong>terum</strong></span> <span class='ocrx_word' id='word_1_514' title='bbox 2205 2972 2325 3041; x_wconf 91' lang='lat' dir='ltr'><strong>ejus</strong></span> <span class='ocrx_word' id='word_1_515' title='bbox 2379 2973 2671 3028; x_wconf 86' lang='lat' dir='ltr'><strong>adventum</strong></span> <span class='ocrx_word' id='word_1_516' title='bbox 2727 2973 3045 3045; x_wconf 87' lang='lat' dir='ltr'><strong>gloriosum.</strong></span> <span class='ocrx_word' id='word_1_517' title='bbox 3085 2973 3263 3046; x_wconf 89' lang='lat' dir='ltr'><strong>Super</strong></span> <span class='ocrx_word' id='word_1_518' title='bbox 3299 2979 3552 3033; x_wconf 82' lang='lat' dir='ltr'><strong>omnibus</strong></span> 
     </span>
    </p>
   </div>
   <div class='ocr_carea' id='block_1_75' title="bbox 1980 3062 3548 3139">
    <p class='ocr_par' dir='ltr' id='par_1_75' title="bbox 1980 3062 3548 3139">
     <span class='ocr_line' id='line_1_75' title="bbox 1980 3062 3548 3139; baseline 0.004 -22"><span class='ocrx_word' id='word_1_519' title='bbox 1980 3062 2134 3118; x_wconf 87' lang='lat' dir='ltr'><strong>hisce</strong></span> <span class='ocrx_word' id='word_1_520' title='bbox 2177 3062 2402 3120; x_wconf 85' lang='lat' dir='ltr'><strong>lhrenos</strong></span> <span class='ocrx_word' id='word_1_521' title='bbox 2439 3065 2708 3134; x_wconf 88' lang='lat' dir='ltr'><strong>percipies</strong></span> <span class='ocrx_word' id='word_1_522' title='bbox 2739 3075 2902 3136; x_wconf 85' lang='lat' dir='ltr'><strong>atque</strong></span> <span class='ocrx_word' id='word_1_523' title='bbox 2939 3066 3175 3136; x_wconf 87' lang='lat' dir='ltr'><strong>ejulatus</strong></span> <span class='ocrx_word' id='word_1_524' title='bbox 3209 3068 3548 3139; x_wconf 87' lang='lat' dir='ltr'><strong>singulorum</strong></span> 
     </span>
    </p>
   </div>
   <div class='ocr_carea' id='block_1_76' title="bbox 1982 3154 3552 3231">
    <p class='ocr_par' dir='ltr' id='par_1_76' title="bbox 1982 3154 3552 3231">
     <span class='ocr_line' id='line_1_76' title="bbox 1982 3154 3552 3231; baseline 0.004 -22"><span class='ocrx_word' id='word_1_525' title='bbox 1982 3154 2369 3225; x_wconf 87' lang='lat' dir='ltr'><strong>prophetarum</strong></span> <span class='ocrx_word' id='word_1_526' title='bbox 2395 3155 2748 3210; x_wconf 81' lang='lat' dir='ltr'><strong>multifariam</strong></span> <span class='ocrx_word' id='word_1_527' title='bbox 2770 3157 3147 3227; x_wconf 88' lang='lat' dir='ltr'><strong>quiritantium</strong></span> <span class='ocrx_word' id='word_1_528' title='bbox 3179 3166 3343 3230; x_wconf 83' lang='lat' dir='ltr'><strong>atque</strong></span> <span class='ocrx_word' id='word_1_529' title='bbox 3364 3159 3552 3231; x_wconf 85' lang='lat' dir='ltr'><strong>deplo-</strong></span> 
     </span>
    </p>
   </div>
   <div class='ocr_carea' id='block_1_77' title="bbox 1980 3247 3552 3322">
    <p class='ocr_par' dir='ltr' id='par_1_77' title="bbox 1980 3247 3552 3322">
     <span class='ocr_line' id='line_1_77' title="bbox 1980 3247 3552 3322; baseline 0.005 -21"><span class='ocrx_word' id='word_1_530' title='bbox 1980 3248 2219 3303; x_wconf 84' lang='lat' dir='ltr'><strong>rantium</strong></span> <span class='ocrx_word' id='word_1_531' title='bbox 2264 3255 2468 3318; x_wconf 91' lang='lat' dir='ltr'><strong>quanta</strong></span> <span class='ocrx_word' id='word_1_532' title='bbox 2509 3250 2710 3319; x_wconf 90' lang='lat' dir='ltr'><strong>populo</strong></span> <span class='ocrx_word' id='word_1_533' title='bbox 2752 3247 2983 3305; x_wconf 84' lang='lat' dir='ltr'><strong>Judaico</strong></span> <span class='ocrx_word' id='word_1_534' title='bbox 3023 3250 3096 3305; x_wconf 92' lang='lat' dir='ltr'><strong>ob</strong></span> <span class='ocrx_word' id='word_1_535' title='bbox 3122 3250 3453 3322; x_wconf 87' lang='lat' dir='ltr'><strong>impietatem</strong></span> <span class='ocrx_word' id='word_1_536' title='bbox 3491 3253 3552 3309; x_wconf 88' lang='lat' dir='ltr'><strong>in</strong></span> 
     </span>
    </p>
   </div>
   <div class='ocr_carea' id='block_1_78' title="bbox 1981 3340 3551 3416">
    <p class='ocr_par' dir='ltr' id='par_1_78' title="bbox 1981 3340 3551 3416">
     <span class='ocr_line' id='line_1_78' title="bbox 1981 3340 3551 3416; baseline 0.005 -22"><span class='ocrx_word' id='word_1_537' title='bbox 1981 3340 2128 3395; x_wconf 85' lang='lat' dir='ltr'><strong>hunc</strong></span> <span class='ocrx_word' id='word_1_538' title='bbox 2159 3348 2428 3411; x_wconf 88' lang='lat' dir='ltr'><strong>patratam</strong></span> <span class='ocrx_word' id='word_1_539' title='bbox 2459 3341 2778 3400; x_wconf 89' lang='lat' dir='ltr'><strong>sustinenda</strong></span> <span class='ocrx_word' id='word_1_540' title='bbox 2826 3351 3010 3401; x_wconf 90' lang='lat' dir='ltr'><strong>essent</strong></span> <span class='ocrx_word' id='word_1_541' title='bbox 3058 3345 3202 3400; x_wconf 89' lang='lat' dir='ltr'><strong>mala</strong></span> <span class='ocrx_word' id='word_1_542' title='bbox 3231 3365 3248 3402; x_wconf 89' lang='lat'><strong>:</strong></span> <span class='ocrx_word' id='word_1_543' title='bbox 3279 3346 3425 3416; x_wconf 89' lang='lat' dir='ltr'><strong>quod</strong></span> <span class='ocrx_word' id='word_1_544' title='bbox 3463 3362 3551 3402; x_wconf 82' lang='lat' dir='ltr'><strong>re-</strong></span> 
     </span>
    </p>
   </div>
   <div class='ocr_carea' id='block_1_79' title="bbox 1979 3433 3548 3508">
    <p class='ocr_par' dir='ltr' id='par_1_79' title="bbox 1979 3433 3548 3508">
     <span class='ocr_line' id='line_1_79' title="bbox 1979 3433 3548 3508; baseline 0.007 -26"><span class='ocrx_word' id='word_1_545' title='bbox 1979 3446 2144 3500; x_wconf 84' lang='lat' dir='ltr'><strong>gnum</strong></span> <span class='ocrx_word' id='word_1_546' title='bbox 2183 3433 2426 3501; x_wconf 91' lang='lat' dir='ltr'><strong>ipsorum</strong></span> <span class='ocrx_word' id='word_1_547' title='bbox 2459 3448 2490 3488; x_wconf 91' lang='lat' dir='ltr'><strong>a</strong></span> <span class='ocrx_word' id='word_1_548' title='bbox 2518 3442 2732 3505; x_wconf 89' lang='lat' dir='ltr'><strong>patrum</strong></span> <span class='ocrx_word' id='word_1_549' title='bbox 2762 3436 3098 3506; x_wconf 90' lang='lat' dir='ltr'><strong>temporibus</strong></span> <span class='ocrx_word' id='word_1_550' title='bbox 3123 3452 3300 3508; x_wconf 91' lang='lat' dir='ltr'><strong>usque</strong></span> <span class='ocrx_word' id='word_1_551' title='bbox 3322 3436 3392 3492; x_wconf 88' lang='lat' dir='ltr'><strong>ad</strong></span> <span class='ocrx_word' id='word_1_552' title='bbox 3419 3438 3548 3493; x_wconf 91' lang='lat' dir='ltr'><strong>illo-</strong></span> 
     </span>
    </p>
   </div>
   <div class='ocr_carea' id='block_1_80' title="bbox 1980 3525 3548 3591">
    <p class='ocr_par' dir='ltr' id='par_1_80' title="bbox 1980 3525 3548 3591">
     <span class='ocr_line' id='line_1_80' title="bbox 1980 3525 3548 3591; baseline 0.007 -16"><span class='ocrx_word' id='word_1_553' title='bbox 1980 3538 2101 3578; x_wconf 88' lang='lat' dir='ltr'><strong>rum</strong></span> <span class='ocrx_word' id='word_1_554' title='bbox 2135 3531 2351 3580; x_wconf 64' lang='lat' dir='ltr'><strong>attatem</strong></span> <span class='ocrx_word' id='word_1_555' title='bbox 2398 3525 2796 3591; x_wconf 89' lang='lat' dir='ltr'><strong>continuatum,</strong></span> <span class='ocrx_word' id='word_1_556' title='bbox 2824 3525 3073 3582; x_wconf 79' lang='lat' dir='ltr'><strong>funditus</strong></span> <span class='ocrx_word' id='word_1_557' title='bbox 3108 3534 3256 3582; x_wconf 88' lang='lat' dir='ltr'><strong>esset</strong></span> <span class='ocrx_word' id='word_1_558' title='bbox 3296 3536 3548 3585; x_wconf 85' lang='lat' dir='ltr'><strong>everten-</strong></span> 
     </span>
    </p>
   </div>
   <div class='ocr_carea' id='block_1_81' title="bbox 1980 3613 3548 3690">
    <p class='ocr_par' dir='ltr' id='par_1_81' title="bbox 1980 3613 3548 3690">
     <span class='ocr_line' id='line_1_81' title="bbox 1980 3613 3548 3690; baseline 0.005 -23"><span class='ocrx_word' id='word_1_559' title='bbox 1980 3613 2110 3667; x_wconf 90' lang='lat' dir='ltr'><strong>dum</strong></span> <span class='ocrx_word' id='word_1_560' title='bbox 2152 3624 2278 3685; x_wconf 87' lang='lat' dir='ltr'><strong>post</strong></span> <span class='ocrx_word' id='word_1_561' title='bbox 2305 3630 2368 3671; x_wconf 89' lang='lat' dir='ltr'><strong>ea</strong></span> <span class='ocrx_word' id='word_1_562' title='bbox 2390 3631 2512 3687; x_wconf 62' lang='lat' dir='ltr'><strong>qua;</strong></span> <span class='ocrx_word' id='word_1_563' title='bbox 2540 3615 2596 3670; x_wconf 91' lang='lat' dir='ltr'><strong>in</strong></span> <span class='ocrx_word' id='word_1_564' title='bbox 2625 3615 2902 3673; x_wconf 88' lang='lat' dir='ltr'><strong>Christum</strong></span> <span class='ocrx_word' id='word_1_565' title='bbox 2929 3619 3047 3674; x_wconf 89' lang='lat' dir='ltr'><strong>ausi</strong></span> <span class='ocrx_word' id='word_1_566' title='bbox 3090 3617 3322 3676; x_wconf 80' lang='lat' dir='ltr'><strong>fuissent</strong></span> <span class='ocrx_word' id='word_1_567' title='bbox 3363 3637 3377 3674; x_wconf 91' lang='lat'><strong>:</strong></span> <span class='ocrx_word' id='word_1_568' title='bbox 3401 3619 3548 3690; x_wconf 91' lang='lat' dir='ltr'><strong>quod</strong></span> 
     </span>
    </p>
   </div>
   <div class='ocr_carea' id='block_1_82' title="bbox 1980 3704 3549 3778">
    <p class='ocr_par' dir='ltr' id='par_1_82' title="bbox 1980 3704 3549 3778">
     <span class='ocr_line' id='line_1_82' title="bbox 1980 3704 3549 3778; baseline 0.004 -22"><span class='ocrx_word' id='word_1_569' title='bbox 1980 3704 2170 3773; x_wconf 57' lang='lat' dir='ltr'><strong>patriae</strong></span> <span class='ocrx_word' id='word_1_570' title='bbox 2198 3705 2441 3774; x_wconf 84' lang='lat' dir='ltr'><strong>ipsorum</strong></span> <span class='ocrx_word' id='word_1_571' title='bbox 2475 3707 2624 3776; x_wconf 90' lang='lat' dir='ltr'><strong>leges</strong></span> <span class='ocrx_word' id='word_1_572' title='bbox 2648 3705 3028 3773; x_wconf 65' lang='lat' dir='ltr'><strong>dissolvendae,</strong></span> <span class='ocrx_word' id='word_1_573' title='bbox 3061 3709 3210 3776; x_wconf 91' lang='lat' dir='ltr'><strong>quod</strong></span> <span class='ocrx_word' id='word_1_574' title='bbox 3253 3708 3359 3778; x_wconf 86' lang='lat' dir='ltr'><strong>ipsi</strong></span> <span class='ocrx_word' id='word_1_575' title='bbox 3378 3709 3549 3764; x_wconf 86' lang='lat' dir='ltr'><strong>veteri</strong></span> 
     </span>
    </p>
   </div>
   <div class='ocr_carea' id='block_1_83' title="bbox 1979 3792 3546 3864">
    <p class='ocr_par' dir='ltr' id='par_1_83' title="bbox 1979 3792 3546 3864">
     <span class='ocr_line' id='line_1_83' title="bbox 1979 3792 3546 3864; baseline 0.003 -19"><span class='ocrx_word' id='word_1_576' title='bbox 1979 3792 2131 3847; x_wconf 90' lang='lat' dir='ltr'><strong>cultu</strong></span> <span class='ocrx_word' id='word_1_577' title='bbox 2178 3807 2279 3849; x_wconf 92' lang='lat' dir='ltr'><strong>suo</strong></span> <span class='ocrx_word' id='word_1_578' title='bbox 2330 3793 2584 3864; x_wconf 82' lang='lat' dir='ltr'><strong>religioso</strong></span> <span class='ocrx_word' id='word_1_579' title='bbox 2613 3794 2882 3863; x_wconf 86' lang='lat' dir='ltr'><strong>privandi,</strong></span> <span class='ocrx_word' id='word_1_580' title='bbox 2914 3801 3079 3864; x_wconf 84' lang='lat' dir='ltr'><strong>atque</strong></span> <span class='ocrx_word' id='word_1_581' title='bbox 3123 3794 3374 3852; x_wconf 90' lang='lat' dir='ltr'><strong>libertate</strong></span> <span class='ocrx_word' id='word_1_582' title='bbox 3402 3796 3546 3851; x_wconf 86' lang='lat' dir='ltr'><strong>avita</strong></span> 
     </span>
    </p>
   </div>
   <div class='ocr_carea' id='block_1_84' title="bbox 1978 3882 3547 3955">
    <p class='ocr_par' dir='ltr' id='par_1_84' title="bbox 1978 3882 3547 3955">
     <span class='ocr_line' id='line_1_84' title="bbox 1978 3882 3547 3955; baseline 0.002 -18"><span class='ocrx_word' id='word_1_583' title='bbox 1978 3882 2233 3950; x_wconf 82' lang='lat' dir='ltr'><strong>exuendi,</strong></span> <span class='ocrx_word' id='word_1_584' title='bbox 2258 3883 2402 3954; x_wconf 91' lang='lat' dir='ltr'><strong>quod</strong></span> <span class='ocrx_word' id='word_1_585' title='bbox 2439 3900 2537 3955; x_wconf 91' lang='lat' dir='ltr'><strong>pro</strong></span> <span class='ocrx_word' id='word_1_586' title='bbox 2568 3884 2756 3940; x_wconf 88' lang='lat' dir='ltr'><strong>liberis</strong></span> <span class='ocrx_word' id='word_1_587' title='bbox 2795 3884 2940 3939; x_wconf 90' lang='lat' dir='ltr'><strong>servi</strong></span> <span class='ocrx_word' id='word_1_588' title='bbox 2979 3885 3218 3941; x_wconf 87' lang='lat' dir='ltr'><strong>hostium</strong></span> <span class='ocrx_word' id='word_1_589' title='bbox 3253 3884 3421 3941; x_wconf 74' lang='lat' dir='ltr'><strong>futuri</strong></span> <span class='ocrx_word' id='word_1_590' title='bbox 3458 3901 3547 3941; x_wconf 90' lang='lat' dir='ltr'><strong>es-</strong></span> 
     </span>
    </p>
   </div>
   <div class='ocr_carea' id='block_1_85' title="bbox 1978 3974 3545 4047">
    <p class='ocr_par' dir='ltr' id='par_1_85' title="bbox 1978 3974 3545 4047">
     <span class='ocr_line' id='line_1_85' title="bbox 1978 3974 3545 4047; baseline 0.001 -17"><span class='ocrx_word' id='word_1_591' title='bbox 1978 3982 2101 4030; x_wconf 86' lang='lat' dir='ltr'><strong>sent</strong></span> <span class='ocrx_word' id='word_1_592' title='bbox 2139 3992 2155 4029; x_wconf 87' lang='lat'><strong>:</strong></span> <span class='ocrx_word' id='word_1_593' title='bbox 2214 3974 2360 4046; x_wconf 86' lang='lat' dir='ltr'><strong>quod</strong></span> <span class='ocrx_word' id='word_1_594' title='bbox 2420 3975 2565 4047; x_wconf 86' lang='lat' dir='ltr'><strong>regia</strong></span> <span class='ocrx_word' id='word_1_595' title='bbox 2617 3976 2860 4047; x_wconf 90' lang='lat' dir='ltr'><strong>ipsorum</strong></span> <span class='ocrx_word' id='word_1_596' title='bbox 2918 3977 3235 4047; x_wconf 88' lang='lat' dir='ltr'><strong>metropolis</strong></span> <span class='ocrx_word' id='word_1_597' title='bbox 3282 3976 3545 4032; x_wconf 86' lang='lat' dir='ltr'><strong>tradenda</strong></span> 
     </span>
    </p>
   </div>
   <div class='ocr_carea' id='block_1_86' title="bbox 1979 4063 3546 4139">
    <p class='ocr_par' dir='ltr' id='par_1_86' title="bbox 1979 4063 3546 4139">
     <span class='ocr_line' id='line_1_86' title="bbox 1979 4063 3546 4139; baseline 0.001 -20"><span class='ocrx_word' id='word_1_598' title='bbox 1979 4063 2234 4133; x_wconf 81' lang='lat' dir='ltr'><strong>ﬂammis,</strong></span> <span class='ocrx_word' id='word_1_599' title='bbox 2257 4076 2312 4121; x_wconf 91' lang='lat' dir='ltr'><strong>et</strong></span> <span class='ocrx_word' id='word_1_600' title='bbox 2344 4065 2661 4138; x_wconf 85' lang='lat' dir='ltr'><strong>religiosum</strong></span> <span class='ocrx_word' id='word_1_601' title='bbox 2693 4066 2906 4120; x_wconf 89' lang='lat' dir='ltr'><strong>illorum</strong></span> <span class='ocrx_word' id='word_1_602' title='bbox 2928 4074 2982 4123; x_wconf 84' lang='lat' dir='ltr'><strong>et</strong></span> <span class='ocrx_word' id='word_1_603' title='bbox 3005 4075 3255 4123; x_wconf 86' lang='lat' dir='ltr'><strong>sanctum</strong></span> <span class='ocrx_word' id='word_1_604' title='bbox 3282 4067 3546 4139; x_wconf 87' lang='lat' dir='ltr'><strong>templum</strong></span> 
     </span>
    </p>
   </div>
   <div class='ocr_carea' id='block_1_87' title="bbox 1978 4155 3547 4230">
    <p class='ocr_par' dir='ltr' id='par_1_87' title="bbox 1978 4155 3547 4230">
     <span class='ocr_line' id='line_1_87' title="bbox 1978 4155 3547 4230; baseline 0 -17"><span class='ocrx_word' id='word_1_605' title='bbox 1978 4155 2440 4230; x_wconf 10' lang='lat' dir='ltr'><strong>conﬁagrraturum</strong></span> <span class='ocrx_word' id='word_1_606' title='bbox 2492 4165 2655 4229; x_wconf 89' lang='lat' dir='ltr'><strong>atque</strong></span> <span class='ocrx_word' id='word_1_607' title='bbox 2697 4165 2998 4215; x_wconf 78' lang='lat' dir='ltr'><strong>extremam</strong></span> <span class='ocrx_word' id='word_1_608' title='bbox 3038 4165 3391 4230; x_wconf 80' lang='lat' dir='ltr'><strong>experturum</strong></span> <span class='ocrx_word' id='word_1_609' title='bbox 3420 4160 3547 4215; x_wconf 89' lang='lat' dir='ltr'><strong>soli-</strong></span> 
     </span>
    </p>
   </div>
   <div class='ocr_carea' id='block_1_88' title="bbox 1976 4228 3547 4321">
    <p class='ocr_par' dir='ltr' id='par_1_88' title="bbox 1976 4228 3547 4321">
     <span class='ocr_line' id='line_1_88' title="bbox 1976 4228 3547 4321; baseline 0.003 -19"><span class='ocrx_word' id='word_1_610' title='bbox 1976 4228 2221 4306; x_wconf 85' lang='lat' dir='ltr'><strong>tudinem</strong></span> <span class='ocrx_word' id='word_1_611' title='bbox 2249 4228 2265 4304; x_wconf 68' lang='lat' dir='ltr'><strong>i</strong></span> <span class='ocrx_word' id='word_1_612' title='bbox 2298 4248 2446 4321; x_wconf 88' lang='lat' dir='ltr'><strong>quod</strong></span> <span class='ocrx_word' id='word_1_613' title='bbox 2482 4228 2582 4320; x_wconf 82' lang='lat' dir='ltr'><strong>pro</strong></span> <span class='ocrx_word' id='word_1_614' title='bbox 2627 4250 2789 4306; x_wconf 86' lang='lat' dir='ltr'><strong>avitis</strong></span> <span class='ocrx_word' id='word_1_615' title='bbox 2812 4251 3012 4309; x_wconf 87' lang='lat' dir='ltr'><strong>incolis</strong></span> <span class='ocrx_word' id='word_1_616' title='bbox 3040 4228 3175 4307; x_wconf 79' lang='lat' dir='ltr'><strong>urbs</strong></span> <span class='ocrx_word' id='word_1_617' title='bbox 3203 4266 3392 4307; x_wconf 89' lang='lat' dir='ltr'><strong>eorum</strong></span> <span class='ocrx_word' id='word_1_618' title='bbox 3413 4253 3547 4307; x_wconf 87' lang='lat' dir='ltr'><strong>alie-</strong></span> 
     </span>
    </p>
   </div>
   <div class='ocr_carea' id='block_1_89' title="bbox 1976 4339 3547 4413">
    <p class='ocr_par' dir='ltr' id='par_1_89' title="bbox 1976 4339 3547 4413">
     <span class='ocr_line' id='line_1_89' title="bbox 1976 4339 3547 4413; baseline 0.003 -19"><span class='ocrx_word' id='word_1_619' title='bbox 1976 4339 2066 4395; x_wconf 90' lang='lat' dir='ltr'><strong>nis</strong></span> <span class='ocrx_word' id='word_1_620' title='bbox 2112 4339 2481 4394; x_wconf 80' lang='lat' dir='ltr'><strong>inhabitanda~</strong></span> <span class='ocrx_word' id='word_1_621' title='bbox 2500 4341 2835 4409; x_wconf 86' lang='lat' dir='ltr'><strong>nationibus,</strong></span> <span class='ocrx_word' id='word_1_622' title='bbox 2863 4340 3008 4411; x_wconf 88' lang='lat' dir='ltr'><strong>quod</strong></span> <span class='ocrx_word' id='word_1_623' title='bbox 3038 4341 3096 4396; x_wconf 90' lang='lat' dir='ltr'><strong>in</strong></span> <span class='ocrx_word' id='word_1_624' title='bbox 3139 4355 3330 4398; x_wconf 88' lang='lat' dir='ltr'><strong>omnes</strong></span> <span class='ocrx_word' id='word_1_625' title='bbox 3356 4351 3547 4413; x_wconf 75' lang='lat' dir='ltr'><strong>gentes</strong></span> 
     </span>
    </p>
   </div>
   <div class='ocr_carea' id='block_1_90' title="bbox 292 4425 1882 4504">
    <p class='ocr_par' dir='ltr' id='par_1_90' title="bbox 292 4425 1877 4502">
     <span class='ocr_line' id='line_1_90' title="bbox 292 4425 1877 4502; baseline 0.003 -21"><span class='ocrx_word' id='word_1_626' title='bbox 292 4425 333 4481; x_wconf 73' lang='grc' dir='ltr'>ἃ</span> <span class='ocrx_word' id='word_1_627' title='bbox 371 4426 472 4482; x_wconf 75' lang='grc' dir='ltr'><strong>καὶ</strong></span> <span class='ocrx_word' id='word_1_628' title='bbox 502 4428 709 4499; x_wconf 79' lang='grc' dir='ltr'>τυφλῷ,</span> <span class='ocrx_word' id='word_1_629' title='bbox 743 4430 898 4499; x_wconf 76' lang='grc' dir='ltr'>φασὶ,</span> <span class='ocrx_word' id='word_1_630' title='bbox 927 4429 1080 4500; x_wconf 82' lang='grc' dir='ltr'>δῆλα,</span> <span class='ocrx_word' id='word_1_631' title='bbox 1107 4431 1275 4484; x_wconf 89' lang='grc' dir='ltr'>εἰσέτι</span> <span class='ocrx_word' id='word_1_632' title='bbox 1319 4431 1413 4485; x_wconf 81' lang='grc' dir='ltr'>νῦν</span> <span class='ocrx_word' id='word_1_633' title='bbox 1443 4430 1541 4502; x_wconf 81' lang='grc' dir='ltr'><strong>τὴν</strong></span> <span class='ocrx_word' id='word_1_634' title='bbox 1570 4430 1679 4484; x_wconf 90' lang='grc' dir='ltr'><strong>τῶν</strong></span> <span class='ocrx_word' id='word_1_635' title='bbox 1703 4430 1877 4500; x_wconf 85' lang='grc' dir='ltr'>λόγων</span> 
     </span>
    </p>
   </div>
   <div class='ocr_carea' id='block_1_91' title="bbox 1980 4425 3543 4504">
    <p class='ocr_par' dir='ltr' id='par_1_91' title="bbox 1981 4431 3543 4504">
     <span class='ocr_line' id='line_1_91' title="bbox 1981 4431 3543 4504; baseline 0 -18"><span class='ocrx_word' id='word_1_636' title='bbox 1981 4446 2078 4502; x_wconf 91' lang='lat' dir='ltr'><strong>per</strong></span> <span class='ocrx_word' id='word_1_637' title='bbox 2104 4438 2279 4486; x_wconf 90' lang='lat' dir='ltr'><strong>totum</strong></span> <span class='ocrx_word' id='word_1_638' title='bbox 2310 4431 2498 4486; x_wconf 88' lang='lat' dir='ltr'><strong>orbem</strong></span> <span class='ocrx_word' id='word_1_639' title='bbox 2520 4439 2789 4487; x_wconf 88' lang='lat' dir='ltr'><strong>terrarum</strong></span> <span class='ocrx_word' id='word_1_640' title='bbox 2814 4433 3179 4504; x_wconf 83' lang='lat' dir='ltr'><strong>dispergendi,</strong></span> <span class='ocrx_word' id='word_1_641' title='bbox 3209 4433 3355 4504; x_wconf 88' lang='lat' dir='ltr'><strong>quod</strong></span> <span class='ocrx_word' id='word_1_642' title='bbox 3394 4433 3543 4488; x_wconf 86' lang='lat' dir='ltr'><strong>nulla</strong></span> 
     </span>
    </p>
   </div>
   <div class='ocr_carea' id='block_1_92' title="bbox 291 4519 1876 4595">
    <p class='ocr_par' dir='ltr' id='par_1_92' title="bbox 291 4519 1876 4595">
     <span class='ocr_line' id='line_1_92' title="bbox 291 4519 1876 4595; baseline 0.004 -22"><span class='ocrx_word' id='word_1_643' title='bbox 291 4519 418 4590; x_wconf 61' lang='grc' dir='ltr'>ὄψιν</span> <span class='ocrx_word' id='word_1_644' title='bbox 466 4521 649 4583; x_wconf 82' lang='grc' dir='ltr'>αὐτοῖς</span> <span class='ocrx_word' id='word_1_645' title='bbox 698 4519 880 4592; x_wconf 76' lang='grc' dir='ltr'>ἔργοις</span> <span class='ocrx_word' id='word_1_646' title='bbox 932 4521 1286 4588; x_wconf 77' lang='grc' dir='ltr'>ἐνδείκνυται,</span> <span class='ocrx_word' id='word_1_647' title='bbox 1336 4522 1403 4576; x_wconf 78' lang='grc' dir='ltr'><strong>ὲκ</strong></span> <span class='ocrx_word' id='word_1_648' title='bbox 1438 4522 1661 4595; x_wconf 82' lang='grc' dir='ltr'>πρώτης</span> <span class='ocrx_word' id='word_1_649' title='bbox 1707 4521 1876 4594; x_wconf 73' lang='grc' dir='ltr'>αὐτῆς</span> 
     </span>
    </p>
   </div>
   <div class='ocr_carea' id='block_1_93' title="bbox 292 4605 1875 4686">
    <p class='ocr_par' dir='ltr' id='par_1_93' title="bbox 292 4605 1875 4686">
     <span class='ocr_line' id='line_1_93' title="bbox 292 4605 1875 4686; baseline 0.001 -22"><span class='ocrx_word' id='word_1_650' title='bbox 292 4611 532 4683; x_wconf 75' lang='grc' dir='ltr'>ἡμέρας,</span> <span class='ocrx_word' id='word_1_651' title='bbox 588 4610 650 4676; x_wconf 80' lang='grc' dir='ltr'><strong>ἐξ</strong></span> <span class='ocrx_word' id='word_1_652' title='bbox 682 4605 750 4683; x_wconf 79' lang='grc' dir='ltr'>ἧς</span> <span class='ocrx_word' id='word_1_653' title='bbox 789 4612 979 4676; x_wconf 82' lang='grc' dir='ltr'>ἀθέους</span> <span class='ocrx_word' id='word_1_654' title='bbox 1031 4614 1233 4686; x_wconf 65' lang='grc' dir='ltr'>ἤραντο</span> <span class='ocrx_word' id='word_1_655' title='bbox 1290 4612 1431 4667; x_wconf 87' lang='grc' dir='ltr'><strong>κατά</strong></span> <span class='ocrx_word' id='word_1_656' title='bbox 1482 4612 1717 4685; x_wconf 83' lang='grc' dir='ltr'>Χριστοῦ</span> <span class='ocrx_word' id='word_1_657' title='bbox 1764 4616 1875 4684; x_wconf 85' lang='grc' dir='ltr'>χεῖ-</span> 
     </span>
    </p>
   </div>
   <div class='ocr_carea' id='block_1_94' title="bbox 297 4702 1886 4776">
    <p class='ocr_par' dir='ltr' id='par_1_94' title="bbox 297 4702 1886 4776">
     <span class='ocr_line' id='line_1_94' title="bbox 297 4702 1886 4776; baseline 0.003 -21"><span class='ocrx_word' id='word_1_658' title='bbox 297 4720 418 4772; x_wconf 86' lang='grc' dir='ltr'>ρας,</span> <span class='ocrx_word' id='word_1_659' title='bbox 452 4703 553 4774; x_wconf 85' lang='grc' dir='ltr'><strong>τὴν</strong></span> <span class='ocrx_word' id='word_1_660' title='bbox 573 4702 684 4756; x_wconf 89' lang='grc' dir='ltr'><strong>τῶν</strong></span> <span class='ocrx_word' id='word_1_661' title='bbox 715 4703 900 4758; x_wconf 87' lang='grc' dir='ltr'>κακῶν</span> <span class='ocrx_word' id='word_1_662' title='bbox 929 4703 1101 4776; x_wconf 82' lang='grc' dir='ltr'>ἀρχὴν</span> <span class='ocrx_word' id='word_1_663' title='bbox 1129 4708 1207 4768; x_wconf 87' lang='grc' dir='ltr'><strong>είς</strong></span> <span class='ocrx_word' id='word_1_664' title='bbox 1236 4706 1462 4768; x_wconf 78' lang='grc' dir='ltr'>ἑαυτοὺς</span> <span class='ocrx_word' id='word_1_665' title='bbox 1481 4703 1886 4775; x_wconf 78' lang='grc' dir='ltr'>ἐπισπώμενοι..</span> 
     </span>
    </p>
   </div>
   <div class='ocr_carea' id='block_1_95' title="bbox 297 4788 1872 4867">
    <p class='ocr_par' dir='ltr' id='par_1_95' title="bbox 297 4788 1872 4867">
     <span class='ocr_line' id='line_1_95' title="bbox 297 4788 1872 4867; baseline 0.001 -21"><span class='ocrx_word' id='word_1_666' title='bbox 297 4794 415 4847; x_wconf 85' lang='grc' dir='ltr'>Οὐκ</span> <span class='ocrx_word' id='word_1_667' title='bbox 448 4788 517 4864; x_wconf 81' lang='grc' dir='ltr'>ἦν</span> <span class='ocrx_word' id='word_1_668' title='bbox 548 4793 594 4847; x_wconf 80' lang='grc' dir='ltr'>δ’</span> <span class='ocrx_word' id='word_1_669' title='bbox 622 4794 731 4866; x_wconf 82' lang='grc' dir='ltr'><strong>ἀρα</strong></span> <span class='ocrx_word' id='word_1_670' title='bbox 783 4797 894 4859; x_wconf 79' lang='grc' dir='ltr'>τοῖς</span> <span class='ocrx_word' id='word_1_671' title='bbox 942 4794 1247 4859; x_wconf 86' lang='grc' dir='ltr'>θεσπεσίοις</span> <span class='ocrx_word' id='word_1_672' title='bbox 1294 4795 1552 4867; x_wconf 87' lang='grc' dir='ltr'>ἀνδράσιν</span> <span class='ocrx_word' id='word_1_673' title='bbox 1599 4795 1692 4847; x_wconf 76' lang='grc' dir='ltr'>ἐπὶ</span> <span class='ocrx_word' id='word_1_674' title='bbox 1740 4811 1872 4848; x_wconf 89' lang='grc' dir='ltr'>σκυ-</span> 
     </span>
    </p>
   </div>
   <div class='ocr_carea' id='block_1_96' title="bbox 296 4884 1873 4961">
    <p class='ocr_par' dir='ltr' id='par_1_96' title="bbox 296 4884 1873 4961">
     <span class='ocr_line' id='line_1_96' title="bbox 296 4884 1873 4961; baseline 0.003 -24"><span class='ocrx_word' id='word_1_675' title='bbox 296 4884 538 4956; x_wconf 80' lang='grc' dir='ltr'>θρωποῖς</span> <span class='ocrx_word' id='word_1_676' title='bbox 562 4885 632 4940; x_wconf 77' lang='grc' dir='ltr'>τὰ</span> <span class='ocrx_word' id='word_1_677' title='bbox 651 4886 761 4940; x_wconf 90' lang='grc' dir='ltr'><strong>τῶν</strong></span> <span class='ocrx_word' id='word_1_678' title='bbox 785 4890 1139 4961; x_wconf 74' lang='grc' dir='ltr'>προρρήσεων</span> <span class='ocrx_word' id='word_1_679' title='bbox 1169 4889 1397 4954; x_wconf 83' lang='grc' dir='ltr'>ἱστάναι,</span> <span class='ocrx_word' id='word_1_680' title='bbox 1420 4888 1538 4942; x_wconf 84' lang='grc' dir='ltr'>οὐδὲ</span> <span class='ocrx_word' id='word_1_681' title='bbox 1578 4888 1737 4961; x_wconf 82' lang='grc' dir='ltr'>μέχρι</span> <span class='ocrx_word' id='word_1_682' title='bbox 1765 4887 1873 4942; x_wconf 87' lang='grc' dir='ltr'><strong>τῶν</strong></span> 
     </span>
    </p>
   </div>
   <div class='ocr_carea' id='block_1_97' title="bbox 296 4975 1879 5052">
    <p class='ocr_par' dir='ltr' id='par_1_97' title="bbox 296 4975 1879 5052">
     <span class='ocr_line' id='line_1_97' title="bbox 296 4975 1879 5052; baseline 0.003 -22"><span class='ocrx_word' id='word_1_683' title='bbox 296 4975 560 5051; x_wconf 82' lang='grc' dir='ltr'>λυπηρῶν</span> <span class='ocrx_word' id='word_1_684' title='bbox 585 4978 947 5032; x_wconf 78' lang='grc' dir='ltr'>ἐπιτείνεσθαι</span> <span class='ocrx_word' id='word_1_685' title='bbox 978 4979 1076 5051; x_wconf 76' lang='grc' dir='ltr'><strong>τήν</strong></span> <span class='ocrx_word' id='word_1_686' title='bbox 1108 4979 1415 5052; x_wconf 86' lang='grc' dir='ltr'>πρόγνωσιν</span> <span class='ocrx_word' id='word_1_687' title='bbox 1437 4996 1451 5009; x_wconf 82' lang='grc'><em>’</em></span> <span class='ocrx_word' id='word_1_688' title='bbox 1495 4978 1631 5034; x_wconf 89' lang='grc' dir='ltr'><strong>ἀλλά</strong></span> <span class='ocrx_word' id='word_1_689' title='bbox 1660 4977 1768 5050; x_wconf 79' lang='grc' dir='ltr'>γὰρ</span> <span class='ocrx_word' id='word_1_690' title='bbox 1794 4978 1879 5043; x_wconf 73' lang='grc' dir='ltr'>είς,</span> 
     </span>
    </p>
   </div>
   <div class='ocr_carea' id='block_1_98' title="bbox 294 5066 1875 5141">
    <p class='ocr_par' dir='ltr' id='par_1_98' title="bbox 294 5066 1875 5141">
     <span class='ocr_line' id='line_1_98' title="bbox 294 5066 1875 5141; baseline 0 -18"><span class='ocrx_word' id='word_1_691' title='bbox 294 5069 359 5123; x_wconf 75' lang='grc' dir='ltr'><strong>τό</strong></span> <span class='ocrx_word' id='word_1_692' title='bbox 392 5069 616 5140; x_wconf 81' lang='grc' dir='ltr'>φαιδρὸν</span> <span class='ocrx_word' id='word_1_693' title='bbox 664 5070 1112 5141; x_wconf 79' lang='grc' dir='ltr'>μεταϐάλλοντες,</span> <span class='ocrx_word' id='word_1_694' title='bbox 1164 5066 1320 5134; x_wconf 78' lang='grc' dir='ltr'>αὖθις</span> <span class='ocrx_word' id='word_1_695' title='bbox 1351 5069 1570 5140; x_wconf 87' lang='grc' dir='ltr'>ἀγαθῶν</span> <span class='ocrx_word' id='word_1_696' title='bbox 1619 5069 1875 5139; x_wconf 86' lang='grc' dir='ltr'>ἀγγελίας</span> 
     </span>
    </p>
   </div>
   <div class='ocr_carea' id='block_1_99' title="bbox 295 5159 1877 5234">
    <p class='ocr_par' dir='ltr' id='par_1_99' title="bbox 295 5159 1877 5234">
     <span class='ocr_line' id='line_1_99' title="bbox 295 5159 1877 5234; baseline -0.002 -18"><span class='ocrx_word' id='word_1_697' title='bbox 295 5161 514 5234; x_wconf 84' lang='grc' dir='ltr'>ἀθρόως</span> <span class='ocrx_word' id='word_1_698' title='bbox 540 5161 743 5216; x_wconf 74' lang='grc' dir='ltr'>ἅπασιν</span> <span class='ocrx_word' id='word_1_699' title='bbox 762 5160 1068 5234; x_wconf 83' lang='grc' dir='ltr'>ἀνθρώποις</span> <span class='ocrx_word' id='word_1_700' title='bbox 1092 5162 1183 5215; x_wconf 76' lang='grc' dir='ltr'>ἐπὶ</span> <span class='ocrx_word' id='word_1_701' title='bbox 1206 5165 1271 5234; x_wconf 79' lang='grc' dir='ltr'>τῇ</span> <span class='ocrx_word' id='word_1_702' title='bbox 1294 5161 1388 5215; x_wconf 77' lang='grc' dir='ltr'>τοῦ</span> <span class='ocrx_word' id='word_1_703' title='bbox 1415 5159 1651 5233; x_wconf 80' lang='grc' dir='ltr'>Χριστοῦ</span> <span class='ocrx_word' id='word_1_704' title='bbox 1677 5177 1877 5234; x_wconf 88' lang='grc' dir='ltr'>παρου-</span> 
     </span>
    </p>
   </div>
   <div class='ocr_carea' id='block_1_100' title="bbox 298 5252 1875 5326">
    <p class='ocr_par' dir='ltr' id='par_1_100' title="bbox 298 5252 1875 5326">
     <span class='ocr_line' id='line_1_100' title="bbox 298 5252 1875 5326; baseline 0 -20"><span class='ocrx_word' id='word_1_705' title='bbox 298 5254 393 5325; x_wconf 68' lang='grc' dir='ltr'><strong>σία</strong></span> <span class='ocrx_word' id='word_1_706' title='bbox 437 5254 872 5325; x_wconf 85' lang='grc' dir='ltr'>προεκήρυττον,</span> <span class='ocrx_word' id='word_1_707' title='bbox 915 5253 1038 5307; x_wconf 77' lang='grc' dir='ltr'>ἀντὶ</span> <span class='ocrx_word' id='word_1_708' title='bbox 1080 5253 1180 5324; x_wconf 83' lang='grc' dir='ltr'><strong>τῆς</strong></span> <span class='ocrx_word' id='word_1_709' title='bbox 1218 5253 1336 5317; x_wconf 70' lang='grc' dir='ltr'>ἑνὸς</span> <span class='ocrx_word' id='word_1_710' title='bbox 1381 5252 1565 5316; x_wconf 79' lang='grc' dir='ltr'>ἔθνους</span> <span class='ocrx_word' id='word_1_711' title='bbox 1605 5253 1875 5326; x_wconf 78' lang='grc' dir='ltr'>ἀποϐολῆς</span> 
     </span>
    </p>
   </div>
   <div class='ocr_carea' id='block_1_101' title="bbox 237 5342 1872 5418">
    <p class='ocr_par' dir='ltr' id='par_1_101' title="bbox 237 5342 1872 5418">
     <span class='ocr_line' id='line_1_101' title="bbox 237 5342 1872 5418; baseline 0.001 -20"><span class='ocrx_word' id='word_1_712' title='bbox 237 5351 241 5355; x_wconf 85' lang='grc'><em>’</em></span> <span class='ocrx_word' id='word_1_713' title='bbox 296 5348 411 5400; x_wconf 76' lang='grc' dir='ltr'>πᾶν</span> <span class='ocrx_word' id='word_1_714' title='bbox 442 5345 596 5410; x_wconf 78' lang='grc' dir='ltr'>ἔθνος</span> <span class='ocrx_word' id='word_1_715' title='bbox 633 5347 728 5400; x_wconf 74' lang='grc' dir='ltr'><strong>καὶ</strong></span> <span class='ocrx_word' id='word_1_716' title='bbox 764 5346 923 5414; x_wconf 86' lang='grc' dir='ltr'>γένος</span> <span class='ocrx_word' id='word_1_717' title='bbox 951 5342 1252 5418; x_wconf 82' lang='grc' dir='ltr'>ἀνθρώπων</span> <span class='ocrx_word' id='word_1_718' title='bbox 1284 5345 1610 5415; x_wconf 88' lang='grc' dir='ltr'>θεογνωσίαν</span> <span class='ocrx_word' id='word_1_719' title='bbox 1640 5347 1872 5417; x_wconf 85' lang='grc' dir='ltr'>εὐαγγε-</span> 
     </span>
    </p>
   </div>
   <div class='ocr_carea' id='block_1_102' title="bbox 299 5434 1875 5507">
    <p class='ocr_par' dir='ltr' id='par_1_102' title="bbox 299 5434 1875 5507">
     <span class='ocr_line' id='line_1_102' title="bbox 299 5434 1875 5507; baseline 0.001 -19"><span class='ocrx_word' id='word_1_720' title='bbox 299 5434 594 5506; x_wconf 50' lang='grc' dir='ltr'>λξόμενοι,</span> <span class='ocrx_word' id='word_1_721' title='bbox 627 5434 722 5489; x_wconf 70' lang='grc' dir='ltr'><strong>καὶ</strong></span> <span class='ocrx_word' id='word_1_722' title='bbox 750 5434 1021 5505; x_wconf 84' lang='grc' dir='ltr'>δαιμόνων</span> <span class='ocrx_word' id='word_1_723' title='bbox 1053 5434 1357 5507; x_wconf 73' lang='grc' dir='ltr'>ἀποφυγὴν,</span> <span class='ocrx_word' id='word_1_724' title='bbox 1390 5435 1661 5504; x_wconf 87' lang='grc' dir='ltr'>ἀγνωσίας</span> <span class='ocrx_word' id='word_1_725' title='bbox 1692 5453 1752 5489; x_wconf 86' lang='grc' dir='ltr'><strong>τε</strong></span> <span class='ocrx_word' id='word_1_726' title='bbox 1780 5436 1875 5489; x_wconf 56' lang='grc' dir='ltr'><strong>καὶ¹</strong></span> 
     </span>
    </p>
   </div>
   <div class='ocr_carea' id='block_1_103' title="bbox 301 5526 1876 5599">
    <p class='ocr_par' dir='ltr' id='par_1_103' title="bbox 301 5526 1876 5599">
     <span class='ocr_line' id='line_1_103' title="bbox 301 5526 1876 5599; baseline 0.003 -19"><span class='ocrx_word' id='word_1_727' title='bbox 301 5528 509 5597; x_wconf 76' lang='grc' dir='ltr'>πλάνης</span> <span class='ocrx_word' id='word_1_728' title='bbox 549 5526 891 5599; x_wconf 80' lang='grc' dir='ltr'>ἀπαλλαγὴν,</span> <span class='ocrx_word' id='word_1_729' title='bbox 950 5527 1126 5597; x_wconf 80' lang='grc' dir='ltr'>φωτός</span> <span class='ocrx_word' id='word_1_730' title='bbox 1177 5545 1236 5584; x_wconf 87' lang='grc' dir='ltr'><strong>τε</strong></span> <span class='ocrx_word' id='word_1_731' title='bbox 1282 5527 1378 5581; x_wconf 76' lang='grc' dir='ltr'><strong>καὶ</strong></span> <span class='ocrx_word' id='word_1_732' title='bbox 1425 5526 1705 5592; x_wconf 75' lang='grc' dir='ltr'>εὐσεϐείας</span> <span class='ocrx_word' id='word_1_733' title='bbox 1747 5529 1876 5584; x_wconf 84' lang='grc' dir='ltr'>ἀνά-</span> 
     </span>
    </p>
   </div>
   <div class='ocr_carea' id='block_1_104' title="bbox 373 5703 1680 5777">
    <p class='ocr_par' dir='ltr' id='par_1_104' title="bbox 373 5703 1680 5777">
     <span class='ocr_line' id='line_1_104' title="bbox 373 5703 1680 5777; baseline 0.003 -19"><span class='ocrx_word' id='word_1_734' title='bbox 373 5703 450 5775; x_wconf 82' lang='lat' dir='ltr'><strong>(l)</strong></span> <span class='ocrx_word' id='word_1_735' title='bbox 487 5704 578 5761; x_wconf 88' lang='lat' dir='ltr'><strong>Sic</strong></span> <span class='ocrx_word' id='word_1_736' title='bbox 606 5705 951 5762; x_wconf 79' lang='lat' dir='ltr'><strong>correximus</strong></span> <span class='ocrx_word' id='word_1_737' title='bbox 977 5720 1073 5777; x_wconf 90' lang='lat' dir='ltr'><strong>pro</strong></span> <span class='ocrx_word' id='word_1_738' title='bbox 1104 5705 1221 5761; x_wconf 80' lang='grc' dir='ltr'>τοῦ.</span> <span class='ocrx_word' id='word_1_739' title='bbox 1260 5705 1420 5762; x_wconf 77' lang='lat' dir='ltr'><strong>Enn.</strong></span> <span class='ocrx_word' id='word_1_740' title='bbox 1460 5706 1680 5762; x_wconf 76' lang='lat' dir='ltr'><strong>Pnnor.</strong></span> 
     </span>
    </p>
   </div>
   <div class='ocr_carea' id='block_1_105' title="bbox 1979 4524 3541 4596">
    <p class='ocr_par' dir='ltr' id='par_1_105' title="bbox 1979 4524 3541 4596">
     <span class='ocr_line' id='line_1_105' title="bbox 1979 4524 3541 4596; baseline 0.001 -19"><span class='ocrx_word' id='word_1_741' title='bbox 1979 4525 2215 4595; x_wconf 86' lang='lat' dir='ltr'><strong>amplius</strong></span> <span class='ocrx_word' id='word_1_742' title='bbox 2271 4539 2303 4578; x_wconf 87' lang='lat' dir='ltr'><strong>a</strong></span> <span class='ocrx_word' id='word_1_743' title='bbox 2347 4524 2506 4579; x_wconf 86' lang='lat' dir='ltr'><strong>malis</strong></span> <span class='ocrx_word' id='word_1_744' title='bbox 2559 4526 2812 4595; x_wconf 75' lang='lat' dir='ltr'><strong>requies,</strong></span> <span class='ocrx_word' id='word_1_745' title='bbox 2857 4540 3036 4596; x_wconf 86' lang='lat' dir='ltr'><strong>neque</strong></span> <span class='ocrx_word' id='word_1_746' title='bbox 3067 4539 3098 4579; x_wconf 92' lang='lat' dir='ltr'><strong>a</strong></span> <span class='ocrx_word' id='word_1_747' title='bbox 3138 4525 3541 4581; x_wconf 88' lang='lat' dir='ltr'><strong>calamitatibus</strong></span> 
     </span>
    </p>
   </div>
   <div class='ocr_carea' id='block_1_106' title="bbox 1974 4617 3539 4695">
    <p class='ocr_par' dir='ltr' id='par_1_106' title="bbox 1974 4617 3539 4695">
     <span class='ocr_line' id='line_1_106' title="bbox 1974 4617 3539 4695; baseline -0.001 -22"><span class='ocrx_word' id='word_1_748' title='bbox 1974 4619 2264 4689; x_wconf 82' lang='lat' dir='ltr'><strong>respiratio</strong></span> <span class='ocrx_word' id='word_1_749' title='bbox 2310 4617 2587 4695; x_wconf 41' lang='lat' dir='ltr'><strong>speranda.</strong></span> <span class='ocrx_word' id='word_1_750' title='bbox 2628 4619 2736 4672; x_wconf 90' lang='lat' dir='ltr'><strong>illis</strong></span> <span class='ocrx_word' id='word_1_751' title='bbox 2767 4617 2962 4688; x_wconf 55' lang='lat' dir='ltr'><strong>ﬂoret:</strong></span> <span class='ocrx_word' id='word_1_752' title='bbox 2997 4632 3119 4688; x_wconf 65' lang='lat' dir='ltr'><strong>quae</strong></span> <span class='ocrx_word' id='word_1_753' title='bbox 3163 4633 3329 4685; x_wconf 60' lang='lat' dir='ltr'><strong>caeco,</strong></span> <span class='ocrx_word' id='word_1_754' title='bbox 3394 4618 3539 4689; x_wconf 86' lang='lat' dir='ltr'><strong>quod</strong></span> 
     </span>
    </p>
   </div>
   <div class='ocr_carea' id='block_1_107' title="bbox 1975 4709 3540 4775">
    <p class='ocr_par' dir='ltr' id='par_1_107' title="bbox 1975 4709 3540 4775">
     <span class='ocr_line' id='line_1_107' title="bbox 1975 4709 3540 4775; baseline -0.002 -9"><span class='ocrx_word' id='word_1_755' title='bbox 1975 4713 2149 4775; x_wconf 89' lang='lat' dir='ltr'><strong>aiunt,</strong></span> <span class='ocrx_word' id='word_1_756' title='bbox 2187 4710 2497 4775; x_wconf 76' lang='lat' dir='ltr'><strong>manifesta,</strong></span> <span class='ocrx_word' id='word_1_757' title='bbox 2532 4710 2695 4765; x_wconf 87' lang='lat' dir='ltr'><strong>etiam</strong></span> <span class='ocrx_word' id='word_1_758' title='bbox 2722 4724 2869 4764; x_wconf 89' lang='lat' dir='ltr'><strong>nunc</strong></span> <span class='ocrx_word' id='word_1_759' title='bbox 2901 4710 3192 4764; x_wconf 86' lang='lat' dir='ltr'><strong>verborum</strong></span> <span class='ocrx_word' id='word_1_760' title='bbox 3233 4709 3345 4764; x_wconf 89' lang='lat' dir='ltr'><strong>vim</strong></span> <span class='ocrx_word' id='word_1_761' title='bbox 3374 4710 3540 4764; x_wconf 90' lang='lat' dir='ltr'><strong>rebus</strong></span> 
     </span>
    </p>
   </div>
   <div class='ocr_carea' id='block_1_108' title="bbox 1972 4801 3538 4874">
    <p class='ocr_par' dir='ltr' id='par_1_108' title="bbox 1972 4801 3538 4874">
     <span class='ocr_line' id='line_1_108' title="bbox 1972 4801 3538 4874; baseline 0.001 -17"><span class='ocrx_word' id='word_1_762' title='bbox 1972 4802 2108 4874; x_wconf 85' lang='lat' dir='ltr'><strong>ipsis</strong></span> <span class='ocrx_word' id='word_1_763' title='bbox 2136 4802 2534 4867; x_wconf 88' lang='lat' dir='ltr'><strong>demonstrant,</strong></span> <span class='ocrx_word' id='word_1_764' title='bbox 2564 4816 2690 4855; x_wconf 90' lang='lat' dir='ltr'><strong>cum</strong></span> <span class='ocrx_word' id='word_1_765' title='bbox 2722 4816 2753 4855; x_wconf 93' lang='lat' dir='ltr'><strong>a</strong></span> <span class='ocrx_word' id='word_1_766' title='bbox 2779 4801 2954 4871; x_wconf 87' lang='lat' dir='ltr'><strong>prima</strong></span> <span class='ocrx_word' id='word_1_767' title='bbox 2983 4802 3074 4856; x_wconf 81' lang='lat' dir='ltr'><strong>illa</strong></span> <span class='ocrx_word' id='word_1_768' title='bbox 3097 4802 3186 4858; x_wconf 93' lang='lat' dir='ltr'><strong>die</strong></span> <span class='ocrx_word' id='word_1_769' title='bbox 3212 4817 3320 4874; x_wconf 90' lang='lat' dir='ltr'><strong>qua</strong></span> <span class='ocrx_word' id='word_1_770' title='bbox 3342 4802 3538 4874; x_wconf 88' lang='lat' dir='ltr'><strong>impias</strong></span> 
     </span>
    </p>
   </div>
   <div class='ocr_carea' id='block_1_109' title="bbox 1973 4891 3539 4958">
    <p class='ocr_par' dir='ltr' id='par_1_109' title="bbox 1973 4891 3539 4958">
     <span class='ocr_line' id='line_1_109' title="bbox 1973 4891 3539 4958; baseline 0 -8"><span class='ocrx_word' id='word_1_771' title='bbox 1973 4910 2170 4951; x_wconf 90' lang='lat' dir='ltr'><strong>manus</strong></span> <span class='ocrx_word' id='word_1_772' title='bbox 2196 4893 2367 4950; x_wconf 70' lang='lat' dir='ltr'><strong>Judaei</strong></span> <span class='ocrx_word' id='word_1_773' title='bbox 2402 4893 2459 4947; x_wconf 92' lang='lat' dir='ltr'><strong>in</strong></span> <span class='ocrx_word' id='word_1_774' title='bbox 2489 4891 2768 4948; x_wconf 86' lang='lat' dir='ltr'><strong>Christum</strong></span> <span class='ocrx_word' id='word_1_775' title='bbox 2828 4892 3090 4958; x_wconf 88' lang='lat' dir='ltr'><strong>tulerunt,</strong></span> <span class='ocrx_word' id='word_1_776' title='bbox 3127 4893 3393 4948; x_wconf 87' lang='lat' dir='ltr'><strong>malorum</strong></span> <span class='ocrx_word' id='word_1_777' title='bbox 3432 4896 3539 4950; x_wconf 87' lang='lat' dir='ltr'><strong>ini-</strong></span> 
     </span>
    </p>
   </div>
   <div class='ocr_carea' id='block_1_110' title="bbox 1973 4983 3538 5044">
    <p class='ocr_par' dir='ltr' id='par_1_110' title="bbox 1973 4983 3538 5044">
     <span class='ocr_line' id='line_1_110' title="bbox 1973 4983 3538 5044; baseline -0.001 0"><span class='ocrx_word' id='word_1_778' title='bbox 1973 4990 2109 5044; x_wconf 88' lang='lat' dir='ltr'><strong>tium</strong></span> <span class='ocrx_word' id='word_1_779' title='bbox 2147 4988 2203 5043; x_wconf 93' lang='lat' dir='ltr'><strong>in</strong></span> <span class='ocrx_word' id='word_1_780' title='bbox 2247 5004 2307 5043; x_wconf 89' lang='lat' dir='ltr'><strong>se</strong></span> <span class='ocrx_word' id='word_1_781' title='bbox 2334 4985 2726 5042; x_wconf 90' lang='lat' dir='ltr'><strong>contraxerint.</strong></span> <span class='ocrx_word' id='word_1_782' title='bbox 2756 4983 2876 5039; x_wconf 88' lang='lat' dir='ltr'><strong>Non</strong></span> <span class='ocrx_word' id='word_1_783' title='bbox 2930 4983 3088 5042; x_wconf 87' lang='lat' dir='ltr'><strong>libuit</strong></span> <span class='ocrx_word' id='word_1_784' title='bbox 3136 4995 3316 5041; x_wconf 87' lang='lat' dir='ltr'><strong>autem</strong></span> <span class='ocrx_word' id='word_1_785' title='bbox 3339 4987 3538 5042; x_wconf 89' lang='lat' dir='ltr'><strong>divinis</strong></span> 
     </span>
    </p>
   </div>
   <div class='ocr_carea' id='block_1_111' title="bbox 1972 5077 3538 5152">
    <p class='ocr_par' dir='ltr' id='par_1_111' title="bbox 1972 5077 3538 5152">
     <span class='ocr_line' id='line_1_111' title="bbox 1972 5077 3538 5152; baseline -0.002 -17"><span class='ocrx_word' id='word_1_786' title='bbox 1972 5080 2251 5152; x_wconf 90' lang='lat' dir='ltr'><strong>prophetis</strong></span> <span class='ocrx_word' id='word_1_787' title='bbox 2273 5078 2654 5151; x_wconf 66' lang='lat' dir='ltr'><strong>praadictiones</strong></span> <span class='ocrx_word' id='word_1_788' title='bbox 2682 5092 2810 5133; x_wconf 88' lang='lat' dir='ltr'><strong>suas</strong></span> <span class='ocrx_word' id='word_1_789' title='bbox 2840 5077 2896 5133; x_wconf 91' lang='lat' dir='ltr'><strong>in</strong></span> <span class='ocrx_word' id='word_1_790' title='bbox 2928 5078 3137 5134; x_wconf 83' lang='lat' dir='ltr'><strong>maestis</strong></span> <span class='ocrx_word' id='word_1_791' title='bbox 3162 5078 3341 5140; x_wconf 87' lang='lat' dir='ltr'><strong>ﬁnire,</strong></span> <span class='ocrx_word' id='word_1_792' title='bbox 3362 5093 3538 5149; x_wconf 89' lang='lat' dir='ltr'><strong>neque</strong></span> 
     </span>
    </p>
   </div>
   <div class='ocr_carea' id='block_1_112' title="bbox 1975 5168 3534 5235">
    <p class='ocr_par' dir='ltr' id='par_1_112' title="bbox 1975 5168 3534 5235">
     <span class='ocr_line' id='line_1_112' title="bbox 1975 5168 3534 5235; baseline -0.002 -8"><span class='ocrx_word' id='word_1_793' title='bbox 1975 5173 2118 5227; x_wconf 88' lang='lat' dir='ltr'><strong>ultra</strong></span> <span class='ocrx_word' id='word_1_794' title='bbox 2165 5171 2344 5227; x_wconf 87' lang='lat' dir='ltr'><strong>tristia</strong></span> <span class='ocrx_word' id='word_1_795' title='bbox 2377 5168 2671 5226; x_wconf 85' lang='lat' dir='ltr'><strong>extendere</strong></span> <span class='ocrx_word' id='word_1_796' title='bbox 2707 5169 3037 5226; x_wconf 88' lang='lat' dir='ltr'><strong>vaticinandi</strong></span> <span class='ocrx_word' id='word_1_797' title='bbox 3074 5169 3413 5235; x_wconf 84' lang='lat' dir='ltr'><strong>facultatem,</strong></span> <span class='ocrx_word' id='word_1_798' title='bbox 3442 5170 3534 5224; x_wconf 85' lang='lat' dir='ltr'><strong>sed</strong></span> 
     </span>
    </p>
   </div>
   <div class='ocr_carea' id='block_1_113' title="bbox 1979 5260 3535 5337">
    <p class='ocr_par' dir='ltr' id='par_1_113' title="bbox 1979 5260 3535 5337">
     <span class='ocr_line' id='line_1_113' title="bbox 1979 5260 3535 5337; baseline -0.003 -19"><span class='ocrx_word' id='word_1_799' title='bbox 1979 5265 2048 5337; x_wconf 66' lang='lat' dir='ltr'><strong>1f</strong></span> <span class='ocrx_word' id='word_1_800' title='bbox 2076 5264 2143 5318; x_wconf 91' lang='lat' dir='ltr'><strong>ad</strong></span> <span class='ocrx_word' id='word_1_801' title='bbox 2173 5262 2460 5334; x_wconf 85' lang='lat' dir='ltr'><strong>pulchrum</strong></span> <span class='ocrx_word' id='word_1_802' title='bbox 2501 5261 2751 5320; x_wconf 83' lang='lat' dir='ltr'><strong>conversi</strong></span> <span class='ocrx_word' id='word_1_803' title='bbox 2787 5260 2948 5317; x_wconf 90' lang='lat' dir='ltr'><strong>iidem</strong></span> <span class='ocrx_word' id='word_1_804' title='bbox 2982 5262 3226 5322; x_wconf 85' lang='lat' dir='ltr'><strong>vicissim</strong></span> <span class='ocrx_word' id='word_1_805' title='bbox 3266 5261 3535 5317; x_wconf 85' lang='lat' dir='ltr'><strong>bonorum</strong></span> 
     </span>
    </p>
   </div>
   <div class='ocr_carea' id='block_1_114' title="bbox 1973 5350 3536 5427">
    <p class='ocr_par' dir='ltr' id='par_1_114' title="bbox 1973 5350 3536 5427">
     <span class='ocr_line' id='line_1_114' title="bbox 1973 5350 3536 5427; baseline -0.004 -15"><span class='ocrx_word' id='word_1_806' title='bbox 1973 5354 2397 5427; x_wconf 85' lang='lat' dir='ltr'><strong>signiﬁcationes</strong></span> <span class='ocrx_word' id='word_1_807' title='bbox 2420 5369 2617 5425; x_wconf 87' lang='lat' dir='ltr'><strong>magno</strong></span> <span class='ocrx_word' id='word_1_808' title='bbox 2658 5367 2908 5419; x_wconf 90' lang='lat' dir='ltr'><strong>numero,</strong></span> <span class='ocrx_word' id='word_1_809' title='bbox 2942 5352 3195 5408; x_wconf 89' lang='lat' dir='ltr'><strong>omnibus</strong></span> <span class='ocrx_word' id='word_1_810' title='bbox 3221 5350 3536 5406; x_wconf 88' lang='lat' dir='ltr'><strong>hominibus</strong></span> 
     </span>
    </p>
   </div>
   <div class='ocr_carea' id='block_1_115' title="bbox 1973 5444 3531 5517">
    <p class='ocr_par' dir='ltr' id='par_1_115' title="bbox 1973 5444 3531 5517">
     <span class='ocr_line' id='line_1_115' title="bbox 1973 5444 3531 5517; baseline -0.004 -14"><span class='ocrx_word' id='word_1_811' title='bbox 1973 5448 2177 5504; x_wconf 86' lang='lat' dir='ltr'><strong>Christi</strong></span> <span class='ocrx_word' id='word_1_812' title='bbox 2211 5446 2446 5501; x_wconf 89' lang='lat' dir='ltr'><strong>adventu</strong></span> <span class='ocrx_word' id='word_1_813' title='bbox 2479 5444 2964 5517; x_wconf 87' lang='lat' dir='ltr'><strong>impertiendorum</strong></span> <span class='ocrx_word' id='word_1_814' title='bbox 2993 5444 3531 5516; x_wconf 63' lang='lat' dir='ltr'><strong>praenuntiaverunt:</strong></span> 
     </span>
    </p>
   </div>
   <div class='ocr_carea' id='block_1_116' title="bbox 1972 5536 3533 5609">
    <p class='ocr_par' dir='ltr' id='par_1_116' title="bbox 1972 5536 3533 5609">
     <span class='ocr_line' id='line_1_116' title="bbox 1972 5536 3533 5609; baseline -0.002 -15"><span class='ocrx_word' id='word_1_815' title='bbox 1972 5539 2090 5596; x_wconf 81' lang='lat' dir='ltr'><strong>fore</strong></span> <span class='ocrx_word' id='word_1_816' title='bbox 2113 5538 2344 5605; x_wconf 89' lang='lat' dir='ltr'><strong>scilicet,</strong></span> <span class='ocrx_word' id='word_1_817' title='bbox 2383 5547 2442 5593; x_wconf 91' lang='lat' dir='ltr'><strong>ut</strong></span> <span class='ocrx_word' id='word_1_818' title='bbox 2467 5554 2566 5609; x_wconf 90' lang='lat' dir='ltr'><strong>pro</strong></span> <span class='ocrx_word' id='word_1_819' title='bbox 2596 5538 2761 5593; x_wconf 90' lang='lat' dir='ltr'><strong>unius</strong></span> <span class='ocrx_word' id='word_1_820' title='bbox 2789 5536 2966 5609; x_wconf 82' lang='lat' dir='ltr'><strong>gentis</strong></span> <span class='ocrx_word' id='word_1_821' title='bbox 2995 5536 3322 5608; x_wconf 82' lang='lat' dir='ltr'><strong>rejectione,</strong></span> <span class='ocrx_word' id='word_1_822' title='bbox 3341 5549 3533 5608; x_wconf 81' lang='lat' dir='ltr'><strong>omnes</strong></span> 
     </span>
    </p>
   </div>
   <div class='ocr_carea' id='block_1_117' title="bbox 2049 5698 2660 5773">
    <p class='ocr_par' dir='ltr' id='par_1_117' title="bbox 2049 5698 2660 5773">
     <span class='ocr_line' id='line_1_117' title="bbox 2049 5698 2660 5773; baseline 0.002 -17"><span class='ocrx_word' id='word_1_823' title='bbox 2049 5701 2143 5773; x_wconf 72' lang='grc' dir='ltr'><strong>(Γ)</strong></span> <span class='ocrx_word' id='word_1_824' title='bbox 2178 5700 2305 5773; x_wconf 77' lang='lat' dir='ltr'><strong>ch.</strong></span> <span class='ocrx_word' id='word_1_825' title='bbox 2336 5698 2660 5769; x_wconf 75' lang='grc' dir='ltr'>ἀλλοφύλων.</span> 
     </span>
    </p>
   </div>
  </div>
