3842 6218
261 294 329 349 21
1156 280 1816 340 DEMONSTRATIONIS
1852 275 2317 336 EVANGELICIE
2358 273 2489 330 LIB.
2519 272 2562 330 Ι.
3043 231 3048 236 ί
3463 269 3534 324 22

261 409 530 484 αἱρέσεων
551 406 651 473 τὰς
681 407 824 463 κατά
855 406 962 461 τῶν
995 406 1155 461 θείων
1187 405 1484 478 προφητῶν
1509 403 1849 476 ψευδοδοξίας

1953 400 2118 456 etiam
2162 397 2407 471 quotidie
2458 393 2716 454 omnibus
2755 389 2968 449 viribus
3001 388 3223 462 quando
3266 387 3534 443 adversus

261 519 321 556 τε
364 502 460 555 καὶ
502 501 848 574 βλασφημίας
887 500 1176 569 ἁπελέγξει
1215 499 1302 554 διὰ
1349 502 1448 571 τῆς
1485 499 1621 571 πρὸς
1657 496 1727 551 τά
1759 495 1854 550 νέα

259 594 373 648 τῶν
415 593 660 648 παλαιῶν
696 591 1034 663 συμφωνίας.
1082 590 1192 662 Τὴν
1240 590 1340 662 μὲν
1384 586 1476 643 οὖν
1513 587 1854 661 μακροτέραν

262 688 361 740 καὶ
407 685 708 755 διεξοδικὴν
755 684 862 738 τῶν
909 682 1266 755 προφητικῶν
1312 681 1504 752 φωνῶν
1559 680 1854 752 ἑρμηνείαν

260 774 431 829 τανῦν
465 778 493 828 6
521 775 676 842 λόγος
704 773 1094 845 ὑπερθήσεται,
1130 775 1244 837 τοῖς
1279 772 1623 844 βουλομένοις
1649 771 1854 826 τούτων

261 863 543 931 ἐξετάζειν
573 861 912 926 καταλιπὼν,
948 858 1052 916 οἷοί
1098 865 1144 916 τ’
1182 862 1248 917 ἂν
1288 866 1462 917 εἰπεῖν
1492 865 1582 918 τὸν
1631 863 1849 935 τρόπον.

255 959 582 1028 Διδασκάλῳ
601 959 660 1013 δέ
680 958 957 1031 χρώμενος
980 957 1400 1028 παραγγέλματι
1423 955 1551 1027 θείῳ
1570 943 1850 1024 φάσκοντι,

263 1072 283 1104 ι
317 1050 714 1121 Κεφαλαίωσον
739 1053 795 1104 ἐν
817 1050 1016 1118 ὀλίγοις
1041 1049 1230 1113 πολλὰ,
1273 1069 1292 1102 ι
1320 1049 1478 1102 τοῦτο
1503 1047 1742 1120 ζηλῶσαι
1767 1065 1855 1116 φι-

255 1147 636 1217 λοτιμήσεται’
666 1145 794 1198 αὐτὸ
827 1143 986 1214 μόνον
1009 1142 1262 1216 ἀφορμὰς
1284 1141 1382 1212 τῆς
1413 1143 1493 1204 εἰς
1510 1141 1636 1203 τοὺς
1657 1139 1852 1202 τόπους

255 1240 521 1312 Θεωρίας,
554 1238 647 1292 καὶ
673 1237 780 1290 τῶν
813 1239 892 1301 εἰς
919 1237 978 1288 τὸ
1003 1236 1362 1306 προκείμενον
1394 1232 1848 1301 κατεπειγόντων,

252 1333 357 1401 τὴν
399 1333 480 1392 εἰς
521 1329 583 1382 τὸ
627 1329 794 1398 σαφὲς
839 1327 1136 1399 ἑρμηνείαν
1178 1323 1646 1396 παραθησόμενος.
1699 1323 1853 1386 ’Ἅλις

257 1422 361 1492 μὲν
389 1421 453 1491 δὴ
482 1420 806 1492 προοιμίων
834 1419 935 1490 ἤδη
965 1419 1021 1471 δὲ
1056 1418 1149 1471 καὶ
1184 1415 1291 1469 τῶν
1333 1415 1656 1480 ἀποδείξεων
1690 1413 1851 1486 ἄρξο-

259 1531 385 1584 μαι.
450 1511 671 1582 Ἐπειδὴ
705 1511 872 1574 πολὺς
910 1507 977 1581 ἣν
1017 1509 1289 1582 ἐπιρρέων
1332 1509 1453 1562 καθ’
1496 1507 1652 1579 ήμῶν
1689 1510 1716 1561 ό
1743 1506 1850 1563 τῶν

255 1606 615 1673 συκοφαντῶν
647 1604 824 1675 ὃχλος,
871 1603 1036 1675 μηδὲν
1066 1603 1326 1656 δύνασθαι
1367 1601 1590 1670 φάσκων
1627 1601 1692 1653 δι’
1718 1601 1852 1654 ἀπο-

252 1695 480 1762 δείξεων
502 1696 732 1767 ἐναργὲς
765 1693 1026 1764 ἀληθείας
1051 1693 1310 1765 παρέχειν
1337 1692 1556 1761 δεῖγμα,
1590 1691 1768 1744 πίστει
1792 1691 1849 1744 δὲ

1954 509 2059 549 nos
2086 493 2389 563 disputant,
2422 490 2619 544 huicce
2643 487 2962 543 insistentes
2993 481 3322 546 causationi,
3355 488 3416 536 ut
3457 479 3534 534 dio

1956 595 2106 651 cant,
2145 583 2286 640 nihil
2324 597 2426 638 nos
2459 595 2623 652 posse
2661 577 3128 634 demonstratione
3159 575 3398 636 firmare.
3435 572 3534 629 sed

1954 686 2166 732 tantum
2201 677 2270 732 ab
2303 675 2372 731 iis
2401 675 2495 746 qui
2530 672 2598 726 ad
2624 687 2726 727 nos
2753 671 3020 726 accedunt
3047 667 3203 723 fidem
3227 665 3532 722 habendam

1954 771 2188 841 exigere.
2223 767 2326 823 Cui
2370 765 2660 822 calumnia:
2715 762 3070 819 retundendae
3115 775 3225 815 non
3277 760 3532 829 inoppor-

1954 868 2088 915 tuna
2129 875 2369 930 przesens
2405 856 2661 912 tractatio
2699 855 2882 910 futura
2917 861 3023 919 est,
3069 850 3165 907 sed
3209 858 3264 906 et
3306 857 3532 906 ostensa

1954 967 2220 1007 novorum
2251 965 2373 1004 cum
2409 948 2689 1003 veteribus
2713 944 3007 999 concordia
3039 943 3329 1012 impiarum
3357 938 3533 993 hatre-

1954 1044 2120 1108 sium,
2157 1042 2324 1097 falsas
2349 1041 2636 1111 opiniones
2673 1045 2727 1093 et
2751 1035 3116 1106 blasphemias
3156 1032 3420 1087 adversus
3449 1029 3532 1084 di-

1955 1135 2112 1188 vinos
2155 1133 2450 1204 prophetas
2496 1129 2741 1202 profecto
2774 1128 3033 1182 revincct.
3076 1121 3402 1194 Longiorem
3433 1135 3533 1174 au-

1952 1234 2061 1281 tem
2091 1235 2146 1281 et
2167 1226 2475 1281 uberiorem
2502 1221 2942 1293 propheticarum
2973 1233 3170 1272 vocum
3213 1214 3533 1286 explicatio-

1952 1334 2076 1372 nem
2123 1317 2377 1389 prazsenti
2435 1331 2599 1386 opere
2652 1312 3058 1384 praetermittam
3104 1310 3322 1378 illisque
3363 1307 3532 1362 relin-

1952 1426 2139 1482 quam,
2172 1411 2266 1481 qui
2297 1411 2409 1466 has.
2444 1409 2609 1462 altius
2661 1405 2898 1462 scrutari
2935 1403 3224 1465 voluerint,
3257 1410 3420 1471 atque
3460 1400 3532 1456 ad

1952 1505 2056 1559 hoc
2087 1503 2478 1575 perficiendum
2508 1499 2711 1555 fuerint
2742 1498 2942 1554 idonei.
2976 1494 3089 1567 Ego
3132 1502 3314 1550 autem
3344 1493 3531 1550 divino

1951 1603 2224 1668 praecepto
2280 1595 2547 1665 magistro
2607 1606 2809 1648 usurus
2873 1606 3018 1654 sum,
3077 1589 3223 1660 quod
3285 1606 3303 1640 ι
3339 1589 3530 1659 paucis

1953 1688 2124 1743 multa
2155 1685 2620 1758 comprehendere
2654 1703 2672 1737 ι
2701 1685 2718 1714 ¹
2750 1683 2930 1753 jubet,
2967 1682 3131 1753 idque
3154 1680 3355 1736 sectari
3379 1679 3528 1735 omni

257 1787 405 1861 μόνῃ
430 1787 720 1859 προσέχειν
749 1784 936 1850 ἀξιοῦν
960 1786 1084 1848 τοὺς
1106 1787 1236 1856 ἡμῖν
1259 1783 1602 1855 προσιόντας,
1625 1781 1847 1846 τούτους

1953 1779 2134 1835 studio
2173 1779 2412 1841 annitar,
2444 1776 2824 1832 tantummodo
2853 1774 3160 1837 additurus,
3187 1788 3309 1844 quae
3338 1788 3530 1828 ansam

251 1880 314 1932 δέ
343 1879 441 1933 καὶ
473 1876 680 1932 πείθειν
713 1876 863 1930 οὐδὲν
903 1875 1085 1940 πλέον,
1123 1875 1156 1946 ἢ
1192 1875 1332 1943 σφᾶς
1365 1875 1563 1936 αὐτοὺς
1594 1871 1849 1944 θρεμμά-

254 1989 368 2026 των
387 1971 600 2040 ἀλόγων
625 1971 782 2041 δίκην
812 1969 1108 2040 μύσαντας,
1138 1967 1233 2020 καὶ
1255 1963 1313 2019 εὖ
1338 1965 1596 2038 ἀνδρείως
1623 1965 1850 2018 ἕπεσθαι

253 2061 366 2116 δεῖν
400 2061 772 2128 ἀνεξετάστως
805 2059 977 2113 ἀπασι
1013 2061 1123 2122 τοῖς
1161 2059 1291 2130 παρ’
1319 2055 1473 2128 ἡμῶν
1515 2056 1846 2126 λεγομένοις,

255 2155 390 2226 παρ’
424 2154 453 2206 ὃ
485 2155 578 2207 καὶ
625 2152 852 2214 πιστοὺς
898 2148 1255 2224 χρηματίζειν
1300 2149 1399 2220 τῆς
1448 2148 1644 2216 ἀλόγου
1690 2147 1849 2220 χάριν

253 2246 518 2309 πίστεως·
557 2244 785 2308 εἰκότως
810 2241 998 2296 διελὼν
1027 2242 1126 2306 τὰς
1167 2239 1289 2295 καθ’
1321 2239 1478 2312 ἡμῶν
1505 2238 1760 2303 διαϐολάς
1793 2241 1850 2292 ἐν

249 2340 322 2408 τῇ
373 2338 809 2409 προπαρασκευῇ
857 2335 951 2388 τοῦ
1005 2333 1208 2397 παντὸς
1258 2333 1440 2402 λόγου,
1489 2331 1711 2404 πρώτην
1752 2332 1849 2402 μὲν

250 2429 355 2500 τὴν
401 2427 510 2480 τῶν
555 2425 833 2480 πολυθέων
862 2422 1129 2495 ἐξεθέμην
1162 2422 1354 2485 ἐθνῶν,
1402 2421 1850 2490 ἐπεγκαλούντων

247 2523 414 2592 ἡμῖν,
453 2520 537 2573 ὅτι
572 2518 637 2591 δὴ
671 2517 779 2571 τῶν
815 2516 1061 2590 πατρίων
1087 2515 1224 2569 θεῶν
1253 2513 1554 2568 ἀποστάται
1583 2513 1851 2584 κατέστη-

255 2631 382 2686 μεν,
435 2613 529 2665 ἐπὶ
578 2611 720 2684 μέγα
769 2611 1025 2681 φαμένων
1072 2625 1154 2673 τε,
1211 2608 1294 2661 ὅτι
1339 2607 1408 2661 τὰ
1442 2605 1692 2677 βάρϐαρα
1741 2604 1850 2659 τῶν

262 2706 539 2776 Ἑλλήνων
571 2704 1076 2778 προτετιμήκαμεν,
1110 2701 1180 2754 τά
1209 2700 1337 2771 παρ’
1379 2697 1648 2770 Ἑϐραίοις
1671 2698 1851 2750 ἀσπα-

255 2799 488 2868 σάμενοι
517 2795 690 2865 λόγιαο
709 2795 968 2867 δευτέραν
997 2793 1053 2846 δὲ
1074 2791 1170 2862 τὴν
1201 2790 1380 2844 αὐτῶν
1421 2788 1687 2843 Ἰουδαίων
1719 2805 1850 2842 κατ-

251 2889 510 2962 ηγορίαν,
555 2887 620 2940 δι’
655 2881 723 2958 ἧς
772 2887 868 2940 καὶ
909 2885 1066 2939 αὐτοὶ
1099 2880 1310 2946 δόξαιεν
1347 2881 1414 2935 ἂν
1456 2883 1588 2952 ἡμῖν
1627 2877 1848 2942 ἐνδίκως

250 2977 700 3051 ἐπιμέμφεσθαι,
734 2979 816 3031 ὅτι
844 2977 908 3049 δὴ
938 2979 1060 3040 ταῖς
1082 2975 1260 3029 αὐτῶν
1291 2975 1534 3045 Γραφαῖς
1563 2969 1850 3043 καταχρώ-

252 3091 433 3144 μενοι,
461 3073 522 3125 οὑ
549 3071 639 3124 τὸν
668 3071 853 3142 ὅμοιον
880 3069 1064 3131 αὐτοῖς
1097 3067 1328 3140 μέτιμεν
1348 3063 1443 3119 τοῦ
1479 3064 1594 3134 βίου
1623 3063 1845 3136 τρόπον.

1954 1871 2238 1942 praebeant
2273 1869 2697 1925 considerandis
2731 1879 2786 1923 et
2810 1866 3178 1938 intelligendis
3215 1867 3370 1931 locis,
3406 1882 3532 1937 per-

1950 1963 2308 2033 spicuamque
2342 1975 2534 2015 eorum
2560 1976 2680 2030 quae
2714 1960 2781 2014 ad
2823 1959 3161 2030 pr0positum
3195 1957 3402 2014 faciunt
3445 1958 3532 2013 in-

1949 2053 2394 2123 terpretationem
2424 2053 2683 2108 exhibere
2726 2064 2949 2124 queant.
2989 2050 3095 2106 Sed
3136 2052 3529 2123 prooemiorum

1948 2147 2170 2217 quidem
2223 2146 2359 2202 satis
2395 2164 2408 2201 :
2430 2146 2544 2212 jam
2585 2145 3088 2201 demonstrationes
3134 2146 3304 2200 ordiri
3352 2146 3526 2215 juvat.

1949 2239 2086 2294 Cum
2115 2239 2262 2294 enim
2298 2238 2559 2309 frequens
2592 2238 2752 2294 nobis
2782 2238 3134 2294 insultaverit
3171 2237 3532 2312 sycophanta-

1947 2348 2070 2389 rum
2119 2331 2436 2398 multitudo,
2479 2331 2864 2386 aﬂirmantium
2907 2332 3048 2386 nihil
3084 2346 3186 2388 nos
3220 2345 3382 2402 posse
3423 2332 3534 2386 evi-

1948 2424 2099 2480 denti
2134 2425 2382 2481 veritatis
2417 2424 2737 2480 ostensione
2762 2424 3163 2489 demonstrare,
3194 2425 3288 2480 sed
3316 2432 3532 2479 tantum

1948 2514 2109 2580 velle,
2144 2522 2203 2569 ut
2229 2514 2456 2569 credant
2484 2515 2579 2584 qui
2614 2513 2684 2568 ad
2727 2529 2828 2570 nos
2854 2515 3098 2580 veniunt,
3145 2523 3308 2585 atque
3338 2515 3414 2568 ita
3449 2523 3536 2566 at-

1950 2603 2176 2678 tendant
2211 2624 2224 2660 :
2258 2621 2438 2676 neque
2491 2605 2640 2660 aliud
2695 2606 2995 2678 quidquam
3049 2606 3158 2661 illis
3206 2620 3530 2676 persuasum

1950 2697 2040 2759 iri,
2070 2714 2233 2768 quam
2262 2706 2321 2753 ut
2339 2699 2622 2754 brutorum
2643 2714 2901 2770 pecorum
2925 2714 3095 2765 more,
3126 2713 3272 2754 caeco
3301 2699 3531 2770 impetu,

1951 2788 2201 2858 nihilque
2237 2789 2622 2846 examinantes
2663 2797 2886 2845 strenue
2927 2790 3306 2860 obsequantur
3350 2790 3532 2844 omni-

1948 2878 2054 2934 bus
2079 2895 2419 2951 quzecunque
2463 2896 2494 2934 a
2523 2881 2686 2937 nobis
2718 2881 3001 2947 dicuntur,
3031 2880 3175 2936 unde
3203 2881 3368 2936 etiam
3398 2879 3532 2936 fide-

1950 2970 2031 3027 les
2087 2972 2204 3027 sive
2246 2972 2504 3028 credulos
2559 2973 2628 3028 ab
2683 2973 2841 3028 bruta
2893 2973 3220 3028 credulitate
3267 2973 3530 3044 appellari

1950 3061 2254 3133 contingat.
2300 3061 2437 3117 llinc
2486 3078 2599 3118 non
2641 3063 2713 3118 ab
2743 3079 2804 3119 re
2855 3063 3176 3119 dividendas
3214 3080 3336 3136 qua:
3370 3064 3531 3120 nobis

254 3165 480 3218 Τούτων
504 3164 550 3216 δ’
581 3162 754 3226 οὕτως
783 3164 913 3234 ἡμῖν
946 3158 1432 3232 διευκρινημένων,
1461 3157 1596 3228 πρὸς
1625 3156 1721 3227 μὲν
1748 3154 1846 3229 τὴν

1952 3155 2293 3225 objiciuntur
2333 3157 2640 3212 calumnias
2667 3157 3000 3222 existimavi,
3036 3165 3200 3228 atque
3228 3159 3283 3212 in
3313 3173 3528 3229 praepa-

254 3257 506 3328 πρώτην,
529 3255 604 3320 ὼς
619 3249 730 3308 οἷόν
755 3271 815 3307 τε
838 3249 928 3324 ἦν,
948 3251 1036 3306 διά
1059 3253 1156 3322 τῆς
1183 3249 1596 3322 Εὐαγγελικῆς
1621 3253 1852 3318 Epasna-

249 3346 565 3418 ρασκευ-ῆς
595 3346 1012 3417 ἀπηντῆσαμεν,
1059 3342 1315 3412 Ἕλληνες
1348 3341 1449 3412 μὲν
1481 3337 1621 3394 εἶναι
1656 3340 1847 3411 τοπρὶν

249 3439 708 3509 ὁμολογήσαντες,
733 3436 828 3490 καὶ
855 3435 916 3499 ἐξ
937 3435 1138 3504 ἐτέρων
1161 3431 1329 3486 ἐθνῶν
1362 3431 1433 3485 τὰ
1464 3431 1730 3504 Ἐλλήνων
1759 3449 1851 3484 πε-

252 3526 614 3598 φρονηκότες,
659 3528 724 3578 ἐκ
766 3524 1023 3596 πατέρων
1066 3540 1124 3576 τε
1164 3525 1233 3594 τῇ
1280 3521 1524 3590 πολυθέῳ
1557 3521 1736 3591 πλάνῃ
1763 3521 1849 3574 δε-

248 3617 603 3688 δουλωμένοι·
648 3615 709 3670 οὐ
762 3615 867 3687 μὴν
919 3613 1100 3686 μέντοι
1148 3615 1328 3686 ἀλόγῳ
1373 3615 1466 3667 καὶ
1510 3613 1849 3682 ἀνεξετάστῳ

249 3711 423 3782 ὁρμῇ,
455 3709 637 3781 κρίσει
665 3709 721 3761 δὲ
747 3710 839 3762 καὶ
867 3707 1104 3779 σώφρονι
1138 3706 1383 3778 λογισμῷ
1417 3705 1847 3777 μετατιθέμενοι,

249 3803 354 3874 τήν
385 3819 447 3855 τε
475 3802 606 3874 περὶ¹
632 3801 701 3854 τά
741 3800 1005 3872 Ἐϐραίων
1039 3799 1196 3868 λόγια
1238 3799 1474 3869 σπουδὴν
1504 3797 1851 3868 κεκριμένως

250 3897 388 3965 ἡμῖν
415 3892 510 3946 καὶ
539 3891 776 3960 εὐλόγως
808 3890 1183 3962 γεγενημένην
1208 3892 1676 3962 παραστήσαντες.
1704 3888 1849 3959 Πρὸς

249 3987 308 4041 δὲ
340 3987 443 4057 τὴν
486 3985 747 4056 δευτέραν
775 3984 896 4055 ῶρα
924 3983 1016 4038 νῦν
1059 3983 1389 4055 φράξασθαι,
1437 3983 1531 4036 καὶ
1569 3983 1630 4035 τὸ
1665 3982 1849 4036 λεῖπον

251 4079 506 4134 ἐπελθεῖν
548 4078 792 4149 σκέμμα’
830 4079 988 4132 τοῦτο
1019 4077 1062 4130 δ’
1093 4073 1162 4149 ἦν
1201 4077 1338 4148 πρὸς
1374 4078 1499 4138 τοὺς
1531 4079 1595 4130 ἐκ
1629 4093 1868 4149 περιτο-ι.

255 4176 386 4245 μῆς,
403 4171 558 4226 οὔπω
587 4172 681 4226 καὶ
703 4171 796 4226 νῦν
819 4170 1207 4243 ἐξητασμένον,
1249 4168 1482 4223 ἐνταῦθα
1503 4169 1561 4222 δέ
1593 4187 1691 4223 που
1709 4171 1862 4235 κατὰ,

250 4266 446 4335 καιρὸν
466 4265 524 4317 ἐν
542 4267 656 4328 τοῖς
685 4263 1141 4334 σπουδαζομένοις
1155 4263 1254 4332 τῆς
1278 4261 1692 4331 Εὑαγγελικῆς
1706 4262 1839 4316 dato-

251 4357 502 4423 δείξεως
532 4356 745 4427 άναπλη
756 4354 1156 4427 ρωθησόμενον.
1181 4355 1316 4424 Φέρε
1333 4349 1449 4420 οὖν,
1481 4355 1571 4407 τὸν
1594 4354 1850 4408 ἁπάντων

1950 3249 2166 3305 ratione
2204 3250 2447 3305 universi
2476 3251 2677 3320 operis,
2713 3251 2891 3322 primo
2925 3251 3143 3320 quidem
3188 3251 3331 3318 loco,
3379 3253 3527 3308 illam

1952 3343 2195 3415 gentium
2229 3343 2432 3398 multos
2475 3343 2770 3398 colentium
2804 3343 2935 3398 deos
2965 3344 3216 3413 exposui,
3247 3347 3340 3415 qui
3372 3347 3532 3402 nobis

1951 3441 2170 3489 vertunt
2206 3435 2361 3500 vitio,
2407 3435 2553 3506 quod
2601 3435 2902 3506 patriorum
2945 3435 3175 3490 deorum
3219 3435 3532 3492 desertores

1951 3526 2084 3582 facti
2135 3543 2363 3592 sumus,
2411 3537 2467 3582 et
2508 3535 2772 3598 tanquam
2817 3543 3076 3598 magnum
3130 3527 3335 3598 aliquid
3381 3529 3534 3599 obje-

1951 3623 2128 3686 ctant,
2159 3617 2308 3688 quod
2333 3618 2569 3673 barbara
2595 3616 2802 3674 Graecis
2828 3619 3170 3688 praetulimus
3192 3627 3247 3674 et
3277 3619 3533 3676 Hebraeo-

1950 3724 2075 3764 rum
2116 3710 2340 3765 oracnla
2375 3709 2579 3765 fuimus
2617 3710 2870 3781 amplexi.
2907 3710 3150 3765 Alteram
3181 3727 3312 3768 vero
3351 3714 3535 3767 crimi-
3595 3758 3603 3774 ,

1951 3801 2228 3856 nationem
2255 3801 2463 3856 illatam
2487 3816 2517 3855 a
2541 3800 2766 3867 Iudaeis,
2801 3816 2910 3873 qua
2940 3810 2994 3858 et
3021 3803 3126 3872 ipsi
3155 3803 3410 3859 videntur
3430 3821 3533 3860 nos

1951 3892 2102 3948 haud
2140 3893 2342 3964 injuria
2388 3893 2808 3964 reprehendere,
2851 3895 2998 3965 quod
3048 3896 3407 3966 ipsorummet
3451 3913 3534 3952 sa-

1952 3985 2064 4041 cris
2094 3985 2177 4041 usi
2209 3986 2430 4050 litteris,
2461 4000 2573 4040 non
2612 3994 2794 4041 tamen
2831 3986 3080 4042 eamdem
3107 3987 3230 4043 vita:
3264 3990 3531 4044 rationem

1952 4087 2249 4135 sectamur.
2285 4079 2424 4139 Cum
2459 4079 2573 4135 haec
2604 4077 2767 4150 igitur
2806 4079 2885 4134 ita
2931 4079 3188 4136 distincte
3215 4081 3461 4152 exposita
3500 4097 3531 4134 a

1950 4173 2110 4228 nobis
2155 4171 2376 4238 fuerint,
2425 4172 2596 4242 priori
2635 4171 2855 4244 quidem
2906 4172 3299 4238 criminationi,
3335 4179 3394 4227 ut
3439 4187 3530 4228 res

1953 4263 2099 4329 tulit,
2136 4263 2193 4317 in
2224 4261 2628 4333 Prwparatione
2665 4261 2978 4332 Evangelica
3001 4264 3364 4327 occurrimus,
3403 4279 3531 4319 con-

1953 4350 2084 4406 fessi
2128 4352 2379 4409 ethnicos
2425 4353 2584 4408 initio
2627 4368 2730 4409 nos
2764 4351 2937 4408 fuisse
2987 4362 3154 4424 atque
3197 4370 3265 4410 ex
3313 4355 3531 4411 caeteris

268 4451 546 4506 Ἰουδαίων
575 4467 636 4504 τε
669 4449 764 4502 καὶ
814 4448 1084 4519 Ἐλλήνων
1117 4447 1252 4501 Θεὸν
1282 4447 1349 4500 δι’
1389 4445 1554 4500 αὑτοῦ
1599 4445 1695 4499 τοῦ
1737 4447 1849 4499 Σω-

1952 4445 2232 4516 gentibus,
2280 4445 2502 4503 Graecos
2537 4461 2840 4517 eorumque
2882 4446 3169 4517 Opinioncs
3198 4449 3528 4519 praetulisse,

255 4544 425 4614 ⁶εῆρος
453 4538 614 4612 ἡμῶν
652 4539 1126 4610 ἐπικαλεσάμενοι,
1162 4537 1382 4609 πρῶτον
1417 4539 1598 4591 ἐκεῖνο
1632 4536 1848 4590 διασκε-

253 4634 512 4706 ψώμεθα,
540 4634 623 4698 τίς
645 4635 673 4687 6
690 4633 891 4704 τρόπος
917 4630 1177 4701 τυγχάνει
1206 4629 1307 4700 τῆς
1334 4628 1455 4683 καθτ
1473 4630 1628 4700 ἡμᾶς
1649 4629 1848 4694 αὐτοὺς

259 4722 602 4786 θεοσεϐείαςο
659 4724 718 4776 ἐν
767 4719 950 4792 ταυτῷ
996 4719 1053 4773 δὲ
1100 4721 1197 4775 καὶ
1242 4719 1364 4774 τῶν,
1405 4719 1855 4792 ἐπιζητουμένων.

261 4821 514 4874 ἁπάντων
546 4817 882 4890 ἐπιθήσομεν
911 4816 1013 4881 τὰς
1044 4817 1249 4881 λύσεις.
1274 4877 1280 4882 _

1954 4546 2116 4609 atque
2156 4554 2186 4592 a
2209 4541 2528 4608 parentibus
2556 4541 2731 4596 errori
2777 4543 2978 4597 multos
3010 4540 3210 4595 colenti
3243 4541 3375 4598 deos
3414 4558 3532 4598 scr-

1951 4632 2147 4687 viisse.
2191 4631 2520 4704 Neutiquam
2579 4642 2761 4689 autem
2813 4636 3010 4690 insano
3059 4636 3265 4706 impetu
3316 4644 3371 4690 et
3412 4636 3533 4692 sine

1953 4725 2208 4782 examine
2252 4742 2352 4783 nos
2392 4737 2638 4785 mutasse
2685 4729 3034 4794 sententiam,
3083 4729 3179 4784 sed
3203 4728 3414 4799 judicio
3443 4745 3535 4784 so-

1957 4819 2188 4892 briaque
2226 4822 2462 4891 ratione,
2496 4822 2736 4880 studium
2762 4822 3156 4878 Hebraicorum
3183 4820 3532 4877 oraculorum

261 4919 544 4992 amplexos
576 4917 833 4989 prudenti
882 4913 1199 4985 cognitione
1238 4919 1477 4970 etlsano
1505 4913 1742 4970 consilio
1791 4912 1980 4972 id’nos
2031 4915 2230 4975 fecisse
2289 4919 2598 4977 docuimus.
2657 4903 2936 4976 Adversus
2967 4920 3194 4975 alteram
3235 4934 3396 4988 porro
3424 4920 3534 4973 cri-

259 5017 618 5073 minationem
645 5030 758 5085 jam
813 5029 916 5069 nos
960 5017 1432 5080 armaretempus
1479 5016 1584 5076 est,
1631 5017 1694 5067 et-
1736 5011 1882 5083 quod
1940 5021 2192 5083 superest
2228 5017 2544 5086 certaminis
2589 5017 2782 5072 obire:
2820 5024 2905 5071 est
2953 5023 3134 5070 autem
3165 5015 3269 5070 hoc
3309 5029 3434 5070 cum
3464 5015 3534 5070 iis

258 5116 350 5185 qui
395 5129 464 5168 ex
492 5111 918 5166 circumcisione
949 5119 1098 5174 sunt,
1131 5109 1374 5164 nondum
1414 5106 1609 5165 adhuc
1643 5123 1675 5163 a
1716 5110 1877 5167 nobis
1929 5111 2289 5177 exantlatum,
2346 5113 2598 5183 praesenti
2635 5122 2817 5167 autem
2859 5112 3184 5166 tractatione
3222 5118 3532 5180 opportune

262 5210 317 5262 in
373 5206 462 5261 his
515 5207 610 5276 qui
669 5220 780 5275 pra:
837 5205 1094 5263 manibus
1148 5214 1319 5272 sunt,
1357 5205 1840 5262 Demonstran’onis
1895 5204 2225 5277 Evangelica:
2269 5207 2425 5265 libris
2473 5207 2886 5264 absolvendum.
2959 5207 3074 5278 Age
3120 5206 3321 5278 igitur,
3382 5220 3534 5260 com-

259 5302 415 5357 muni
471 5300 566 5356 illo
633 5300 875 5354 omnium
923 5298 1236 5368 Iudaeorum
1286 5303 1493 5373 pariter
1540 5318 1605 5359 ac
1637 5303 1878 5374 gentium
1931 5301 2061 5368 Deo,
2100 5318 2199 5374 per
2243 5303 2537 5374 ipsummet
2586 5302 2926 5358 Salvatorem
2965 5309 3215 5357 nostrum
3256 5300 3528 5364 invocato,

263 5401 500 5470 primum
547 5395 680 5451 illud
725 5397 1097 5467 inquii-emus,
1149 5401 1374 5470 quinam
1433 5399 1630 5456 modus
1682 5408 1736 5454 et
1789 5415 1910 5470 quae
1950 5399 2092 5454 ratio
2143 5399 2324 5454 cultus
2378 5400 2554 5455 nostri
2611 5400 2683 5454 sit
2727 5415 2836 5470 quo
2881 5397 3050 5452 Deum
3105 5394 3529 5466 prosequimur:

265 5511 388 5551 cum
425 5494 531 5548 hoc
565 5491 686 5562 ipso
713 5491 862 5555 enim
903 5503 958 5550 et
987 5494 1326 5568 singulorum
1386 5511 1509 5570 qua:
1547 5502 1778 5567 possunt
1815 5494 1872 5551 in
1910 5493 2266 5566 quaestionem
2304 5494 2510 5560 venire,
2552 5494 2882 5552 solutionem
2916 5490 3300 5562 adjungemus.

342 5763 356 5793 ‘
399 5761 569 5819 ﬂecti.
636 5778 829 5830 xxxii;
860 5764 932 5819 al.
978 5781 1144 5830 xxxv,
1186 5767 1273 5820 ll.
