3852 6216
310 247 382 302 95

939 357 1169 414 CAPUT
1212 359 1276 412 ll.

313 471 544 536 Quinam
590 472 661 524 sit
713 476 896 526 modus
956 472 1160 555 colendi
1225 472 1318 529 Dei
1378 491 1442 528 ex
1489 468 1884 530 Christicnismi

935 555 1263 612 praescripto.

379 627 500 685 Jam
538 631 691 702 prius
724 632 943 704 quidem
993 650 1022 688 a
1064 651 1148 689 me
1185 637 1241 688 in
1279 636 1678 706 Prwparatione
1709 638 1883 693 Evan-

303 724 483 796 gelica
509 725 713 780 dictum
757 735 861 793 est,
905 728 1050 798 quod
1077 729 1532 786 Christianismus
1574 746 1674 786 nec
1702 733 1883 787 ethni-

314 820 523 875 cismus
554 821 626 876 sit
654 835 756 875 nec
783 819 1122 886 Judaismus,
1155 823 1248 877 sed
1291 823 1563 892 prepriam
1589 824 1882 893 quamdam

307 919 462 980 gerat
488 912 544 966 in
576 927 636 968 se
670 921 855 967 notam
897 915 1282 984 propriumque
1307 914 1675 969 characterem
1707 916 1880 985 pieta-

308 1001 418 1068 tis;
460 1017 637 1074 neque
667 1019 865 1059 novum
907 1006 1059 1060 illum
1096 1014 1190 1060 aut
1229 1005 1552 1068 absurdum,
1602 1007 1697 1062 sed
1726 1009 1882 1080 longe

311 1092 775 1161 antiquissimum,
816 1093 1034 1165 Deoque
1073 1094 1254 1150 charis
1280 1104 1333 1149 et
1365 1095 1582 1164 pietatis
1619 1111 1683 1152 ac
1716 1096 1880 1167 justi-

311 1183 400 1238 tiae
436 1185 592 1240 laude
622 1186 926 1242 illustribus
956 1187 1110 1250 viris,
1139 1195 1262 1242 ante
1294 1187 1461 1243 Mosis
1500 1199 1741 1260 tempora
1765 1191 1880 1246 usi—

307 1280 482 1328 tatum
501 1284 979 1348 perspectumque.
1007 1274 1206 1330 Verum
1230 1276 1386 1345 juvat
1405 1277 1565 1332 etiam
1583 1292 1728 1332 nunc
1753 1278 1877 1333 bre-

305 1365 448 1419 viter
477 1365 663 1420 videre
706 1381 769 1420 ac
813 1366 1165 1422 considerare
1211 1368 1340 1437 quid
1391 1368 1463 1422 sil.
1491 1368 1873 1433 ethnicismus,

307 1453 439 1522 quid
455 1451 802 1522 Judaismus;
833 1466 995 1526 atque
1023 1464 1204 1510 utrum
1239 1458 1487 1511 alterutri
1517 1459 1708 1512 horum
1731 1458 1878 1513 addi-

307 1553 426 1602 ctos
473 1548 719 1603 invenire
765 1549 927 1602 liccat
951 1549 1149 1604 charos
1196 1548 1303 1603 Deo
1337 1549 1505 1610 viros,
1533 1550 1732 1620 quibus
1762 1529 1876 1603 Moa

211 1665 216 1669 -
306 1655 396 1695 ses
436 1639 552 1709 ipse
577 1639 748 1694 divini
781 1641 984 1694 amoris
1017 1648 1180 1710 atque
1213 1641 1430 1712 pietatis
1453 1642 1695 1712 perhibet
1717 1643 1874 1698 testi-

969 245 1235 302 EUSEBll
1264 247 1746 306 CESARIENSIS
1783 251 1934 308 OPP.
1979 251 2156 306 PARS
2195 250 2258 304 ll.
2293 282 2360 294 -—-
2392 251 2894 308 APOLOGETICA.

1918 366 1962 421 A

3501 254 3575 303 24

2513 365 2805 419 ΚΕΦΑΑΑΙ
2813 366 2903 417 ON
2951 366 3024 416 B’.

2135 477 2228 541 Τίς
2257 480 2291 530 ὀ
2319 492 2466 532 κατα
2493 477 2598 531 τὸν
2625 479 3094 548 Χριστιανισμὸν
3120 479 3432 544 εὐσεϐείας

2629 552 2864 616 τρόπος.

2056 639 2286 711 Εἴρηται
2323 638 2422 710 μὲν
2467 639 2567 711 ἤδη
2612 642 2704 693 καὶ
2741 642 3006 713 πρότερον
3047 642 3106 694 ὲν
3143 643 3209 710 τῇ
3251 643 3580 708 Προπαρα-

1983 729 2199 797 σκευῇ,
2244 729 2318 792 ὡς
2361 731 2390 781 ὁ
2436 730 2864 800 Χριστιανισμὸς
2914 728 3037 782 οὐτε
3083 728 3434 799 Ἑλληνισμός
3490 728 3578 790 τίς

1983 823 2129 873 ἐστιν
2171 818 2293 872 οὐτε
2354 819 2713 890 Ἰουδαῖσμὺς,
2761 823 2956 874 οἰκεῖον
3000 820 3056 873 δέ
3087 837 3210 873 τινα
3248 820 3429 890 φέρων
3471 836 3578 890 χα-

1987 912 2232 984 ρακτῆρα
2259 909 2567 974 θεοσεϐείας
2587 927 2600 939 ‘
2649 912 2742 964 xui.
2777 911 2964 963 τοῦτον
2999 911 3060 963 οὐ
3089 910 3228 974 νέον,
3259 910 3380 964 οὐδὲ
3419 910 3580 961 εκτε-

1981 1003 2328 1074 τοπισμένον,
2360 1003 2472 1057 ἀλλ’
2501 999 2559 1056 εὖ
2594 1004 2736 1074 μάλα
2765 1004 3146 1067 παλαιότατον,
3179 1003 3273 1056 καὶ
3305 1004 3418 1065 τοῖς
3461 1001 3575 1070 πρδ

1979 1093 2087 1146 τῶν
2131 1094 2410 1157 Μωῦσέως
2455 1093 2660 1165 χρόνων
2709 1091 3010 1160 θεοφιλέσιν
3063 1092 3150 1143 ἐπ’
3195 1089 3450 1160 εὐσεϐείᾳ
3509 1101 3573 1138 τε

1981 1185 2074 1236 καὶ
2119 1183 2432 1254 δικαιοσύνῃ
2481 1182 2992 1254 μεμαρτυρημένοις
3035 1180 3242 1252 συνήθη
3283 1180 3378 1233 καὶ
3421 1174 3568 1248 γνώ-

1982 1293 2158 1346 ριμον.
2205 1275 2352 1346 Πλὴν
2390 1273 2526 1327 ἀλλὰ
2567 1276 2660 1328 καὶ
2709 1273 2801 1326 νῦν
2846 1273 3319 1344 ὲπιθεωρήσαντες
3352 1271 3405 1324 τί
3441 1273 3568 1324 ποτ’

1979 1367 2124 1418 ἐστὶν
2170 1367 2199 1419 ὃ
2243 1383 2302 1418 τε
2354 1365 2704 1436 Ἑλληνισμὸς
2762 1365 2855 1418 καὶ
2934 1364 3287 1434 Ἰουδαῖσμὸς,
3342 1360 3566 1431 σκεψὼο

1982 1457 2140 1526 μεθα,
2187 1457 2398 1528 ποτέρῳ
2430 1457 2632 1510 τούτων
2665 1457 3010 1527 ὐπηγμένους
3058 1458 3184 1518 τοὺς
3233 1453 3339 1526 πρὸ
3391 1455 3568 1507 Matii--

1978 1550 2111 1613 σέως
2155 1548 2417 1618 θεοφιλεῖς
2459 1549 2675 1620 ἄνδρας,
2729 1548 2863 1620 πρὸς
2909 1546 3076 1600 αὐτοῦ
3127 1547 3408 1608 Μωῦσέως
3440 1545 3565 1598 Oso-

1977 1645 2168 1714 φιλεῖς,
2213 1645 2307 1696 καὶ
2343 1645 2430 1697 ἐπ’
2459 1643 2707 1714 εὐσεϐείᾳ
2740 1640 3262 1713 μεμαρτυρημένους
3299 1637 3562 1709 εὕροιμεν

305 1731 570 1786 monium.
603 1731 946 1788 Judaismum
985 1749 1094 1787 non
1127 1733 1246 1788 sine
1284 1735 1496 1788 ratione
1531 1734 1728 1789 dixerit
1767 1735 1864 1789 ali-

1970 1735 2053 1790 ἄν.
2095 1735 2197 1787 Τὸν
2234 1735 2329 1804 μὲν
2384 1733 2715 1804 Ἰουδαῖσμὸν
2766 1731 3004 1800 εὐλόγως
3037 1731 3102 1785 ἄν
3141 1747 3226 1793 τις
3265 1730 3560 1799 ὀνομάσειε

303 1822 430 1890 quis
465 1822 854 1892 rempublicam
907 1823 1206 1878 secundum
1242 1825 1412 1894 legem
1456 1824 1622 1882 Mosis
1663 1827 1864 1882 consti-

1971 1825 2069 1897 τὴν
2107 1827 2246 1880 κατὰ
2279 1827 2367 1879 τὸν
2411 1825 2685 1887 Μωῦσέως
2727 1826 2890 1894 νόμον
2929 1823 3356 1893 διατεταγμένην
3394 1819 3558 1872 πολι-

302 1921 497 1977 tutam,
530 1913 600 1967 ah
629 1929 739 1968 uno
770 1929 984 1968 summo
1008 1915 1400 1985 dependentem
1455 1916 1603 1971 Deo:
1635 1919 1868 1975 ethnici-

303 2019 479 2058 smum
510 2004 601 2072 ι’*
624 2018 752 2057 vero
784 2003 1096 2057 summatim
1143 2004 1347 2060 dixeris
1377 2022 1498 2061 esse
1531 2011 1871 2078 superstitio-

301 2111 423 2151 nem
458 2111 526 2149 ex
560 2094 750 2165 patriis
780 2095 1020 2164 gentium
1058 2098 1424 2166 quarumlibet
1469 2099 1665 2155 ritibus
1688 2102 1870 2170 plures

299 2187 565 2241 colentem
587 2185 744 2241 deos.
773 2183 980 2256 Ecquid
1010 2187 1174 2256 igitur
1199 2188 1395 2242 dicturi
1425 2205 1615 2246 sumus
1644 2192 1711 2245 de
1735 2193 1868 2248 viris

299 2278 406 2331 illis
437 2276 546 2330 Deo
577 2276 940 2336 charissimis.
960 2281 1051 2348 qui
1073 2285 1199 2333 ante
1223 2278 1562 2336 Judaismum
1589 2284 1865 2347 exstitere,

259 2374 526 2438 'quorum
572 2367 750 2424 Moses
799 2367 1128 2423 mentionem
1179 2368 1330 2433 facit,
1382 2379 1439 2424 ut
1494 2371 1561 2426 de
1620 2371 1863 2437 Enocho,

294 2459 384 2514 cui
417 2459 503 2514 bis
533 2460 716 2514 verbis
740 2459 944 2528 praebet
982 2460 1352 2516 testimonium
1383 2463 1402 2492 ¹
1436 2481 1449 2516 :
1487 2481 1505 2513 ι
1541 2461 1725 2517 Enoch
1751 2465 1866 2532 pla-

295 2550 409 2604 cuit
436 2549 565 2605 Deo.
601 2568 620 2600 ›
655 2549 830 2619 Atque
848 2547 914 2605 de
934 2547 1067 2613 Noe,
1089 2550 1156 2605 de
1187 2567 1296 2621 quo
1339 2567 1529 2607 rursus
1551 2552 1624 2605 ait
1658 2567 1670 2602 :
1707 2572 1726 2604 ι
1755 2552 1867 2608 Noe

295 2642 460 2695 homo
503 2641 690 2710 justus
721 2641 776 2695 in
810 2641 1161 2711 generatione
1211 2657 1309 2698 sua
1333 2644 1374 2698 ³.
1415 2664 1434 2695 ›
1471 2643 1543 2698 De
1571 2643 1735 2701 Setho
1776 2645 1866 2699 iti-

293 2731 416 2786 dem
443 2747 505 2786 ac
525 2730 776 2802 Japheto,
806 2734 872 2790 de
903 2736 1102 2805 quibus
1125 2734 1197 2789 ita
1233 2735 1458 2790 scribit:
1499 2754 1517 2785 ι
1544 2735 1864 2792 Benedictus

294 2820 558 2877 Dominus
616 2823 760 2878 Deus
797 2822 949 2888 Seth,
1000 2834 1054 2879 et
1099 2825 1287 2880 dilatet
1327 2823 1467 2879 Deus
1511 2824 1740 2896 Japheth
1769 2828 1809 2880 ⁸.
1838 2847 1857 2879 ι

292 2911 371 2965 Ac
394 2919 655 2982 praeterea
678 2911 746 2969 de
773 2914 1106 2978 Abrahamo,
1168 2915 1354 2971 lsaaco
1381 2923 1434 2970 et
1464 2914 1700 2980 Jacobo,
1741 2918 1862 2986 qui.

291 3003 396 3058 bus
439 3006 602 3059 etiam
633 3004 827 3062 Jobum
883 3022 1246 3063 annumerare
1295 3017 1720 3064 consentaneum
1753 3017 1856 3071 est,

293 3105 347 3151 et
396 3098 442 3151 si
496 3097 588 3168 qui
613 3098 702 3152 alii
752 3099 982 3155 similem
1045 3099 1198 3155 hisce
1221 3099 1387 3154 vitam
1449 3100 1597 3156 fuere
1646 3103 1858 3158 sectati.

292 3185 520 3256 Oportet
541 3188 686 3242 enim
721 3188 888 3244 hosce
922 3191 1006 3244 vel
1028 3188 1246 3246 Judaaos
1261 3191 1538 3246 exstitisse
1557 3193 1641 3247 vel
1667 3193 1860 3248 Ethni-

292 3291 410 3332 cos.
447 3276 668 3333 Atcnim
693 3277 862 3333 Judaei
904 3280 1123 3349 quidem
1175 3281 1284 3335 dici
1325 3283 1451 3351 jure
1477 3298 1587 3338 non
1613 3297 1858 3354 possunt,

292 3381 416 3422 cum
439 3383 626 3424 eorum
657 3370 994 3440 temporibus
1024 3371 1106 3426 lex
1133 3371 1296 3428 Mosis
1323 3373 1564 3428 nondum
1601 3374 1658 3428 in
1689 3375 1863 3432 homi-

293 3481 423 3520 num
449 3465 614 3520 vitam
662 3463 826 3520 fuerit
877 3466 1208 3522 introducta.
1261 3466 1317 3522 Si
1347 3469 1491 3524 enim
1547 3467 1862 3528 Judaismus

291 3554 427 3611 nihil
457 3555 666 3610 exstitit
699 3555 844 3610 aliud
873 3572 1036 3627 quam
1092 3556 1256 3614 Mosis
1311 3559 1490 3630 legum
1515 3561 1857 3626 observatio;

292 3647 469 3702 Moses
500 3653 679 3702 autem
714 3647 876 3718 longo
921 3655 1043 3718 post
1072 3648 1196 3704 illos
1239 3649 1306 3706 de
1339 3652 1538 3718 quibus
1571 3653 1700 3717 dixi,
1725 3661 1857 3708 tem-

293 3751 424 3808 pore
451 3737 685 3792 claruit:
721 3739 945 3795 evidens
966 3747 1072 3805 est,
1106 3740 1251 3810 quod
1276 3739 1449 3796 Judaei
1481 3741 1626 3796 haud
1662 3741 1862 3798 fuerint

292 3829 385 3898 qui
415 3835 539 3884 ante
578 3829 745 3885 Mosis
774 3836 1022 3900 tempora
1071 3832 1446 3888 testimonium
1476 3833 1696 3902 pietatis
1726 3836 1863 3891 tule-

291 3925 441 3980 runt.
472 3916 578 3972 Sed
607 3933 782 3988 neque
823 3920 1074 3975 ethnicos
1129 3921 1350 3976 eosdem
1380 3925 1698 3979 existimare
1730 3940 1862 3978 con-

291 4013 459 4063 venit.
492 4010 742 4073 Namque
783 4009 850 4065 de
898 4008 1208 4066 Abrahamo
1260 4011 1461 4067 dicitur
1491 3995 1534 4076 ',
1588 4016 1731 4084 quod
1765 4015 1861 4068 do-

292 4115 438 4154 mum
463 4101 692 4171 patriam
721 4109 776 4155 et
799 4102 1173 4171 cognationem
1197 4103 1494 4172 reliquerit,
1529 4105 1732 4174 unique
1759 4106 1858 4160 soli

292 4189 406 4245 Deo
459 4189 747 4245 adhazserit
769 4231 784 4254 ,
813 4205 973 4260 quem
1001 4191 1166 4246 etiam
1215 4193 1518 4262 proﬁtetur,
1545 4209 1669 4249 cum
1705 4195 1778 4250 ait
1798 4197 1818 4227 ⁶
1844 4211 1856 4247 :

297 4302 317 4336 ‹
347 4281 646 4337 Extendam
681 4283 922 4355 (manum
959 4284 1156 4353 meam)
1187 4284 1253 4338 ad
1297 4285 1464 4341 Deum
1507 4287 1856 4354 altissimum,

291 4376 384 4445 qui
419 4377 625 4430 creavit
661 4379 859 4432 coelum
903 4386 958 4432 et
1008 4385 1228 4432 terram.
1263 4397 1282 4430 ι
1318 4377 1393 4434 De
1443 4377 1646 4437 Iacobo
1677 4389 1857 4438 autem
1891 4403 1935 4458 υ

289 4465 433 4536 apud
456 4464 640 4522 Mosen
694 4469 956 4540 scriptum
1012 4475 1096 4523 est
1130 4468 1171 4531 ⁷,
1224 4468 1366 4536 quod
1410 4467 1594 4524 domui
1655 4487 1762 4527 suae
1807 4481 1862 4528 et

291 4559 549 4615 omnibus
603 4561 720 4616 suis
777 4561 1072 4632 praecepit:
1105 4579 1123 4612 ι
1155 4559 1349 4618 Tollite
1379 4561 1510 4618 deos
1547 4563 1753 4619 alienos
1793 4565 1858 4622 de

291 4649 472 4705 medio
489 4651 688 4717 vestri;
715 4661 768 4708 et
790 4659 1075 4722 surgentes
1117 4651 1474 4708 ascendamus
1497 4654 1551 4708 in
1574 4653 1780 4720 Bethel,
1806 4663 1860 4710 et

291 4739 650 4804 faciamusibi
684 4756 834 4796 aram
868 4741 1133 4805 Domino,
1193 4742 1286 4813 qui
1325 4744 1602 4805 exaudivit
1656 4761 1742 4801 me
1805 4749 1854 4801 in

289 4829 379 4884 die
409 4829 799 4897 tribulationis,
840 4832 934 4902 qui
962 4831 1064 4887 fuit
1094 4847 1304 4888 mecum
1349 4839 1404 4888 et
1432 4834 1660 4890 salvavit
1687 4851 1774 4892 me
1801 4837 1854 4891 in
1889 4853 1897 4860 '

288 4924 374 4976 via
405 4938 512 4993 qua
541 4923 634 4978 ivi.
668 4923 736 4977 Et
759 4925 1028 4981 dederunt
1070 4924 1275 4981 Jacobo
1298 4925 1429 4981 deos
1471 4926 1699 4991 alienos,
1763 4931 1854 4999 qui

289 5020 444 5068 erant
478 5012 531 5066 in
555 5013 809 5068 manibus
837 5030 1049 5078 eorum,
1095 5021 1149 5069 et
1189 5014 1410 5070 inaures
1459 5031 1580 5084 qum
1601 5024 1754 5071 erant
1799 5019 1852 5074 in

291 5105 515 5159 auribus
548 5119 759 5175 eorum.
797 5108 860 5158 Et
891 5105 1178 5161 abscondit
1228 5121 1292 5161 ea
1316 5103 1550 5162 Iacobus
1583 5109 1684 5162 sub
1715 5103 1858 5165 tere-

289 5194 477 5250 bintho
502 5208 622 5266 quae
642 5203 758 5249 erat
782 5195 833 5248 in
861 5195 1139 5256 Sichimis,
1171 5203 1224 5249 et
1247 5195 1479 5266 perdidit
1513 5211 1575 5250 ea
1601 5213 1772 5267 usque
1799 5201 1852 5253 in

288 5283 612 5339 hodiernum
647 5284 811 5339 diem.
853 5304 870 5336 ι
911 5283 968 5339 Si
1003 5274 1168 5355 igitur
1225 5291 1278 5339 et
1330 5285 1398 5339 ab
1447 5283 1851 5338 idololatrarum

287 5390 475 5430 errore
506 5376 666 5431 alieni
699 5373 941 5440 fuerunt,
977 5386 1032 5431 et
1081 5377 1225 5432 sicut
1268 5377 1700 5431 demonstratum
1748 5383 1854 5439 est,

287 5474 440 5519 extra
463 5465 804 5524 Judaismum
820 5469 1144 5525 constituti:
1176 5475 1358 5522 tamen
1404 5483 1715 5538 quanquam
1755 5483 1855 5523 nec

273 5647 391 5708 14.

357 5587 376 5658 ξ
419 5583 552 5640 Gen.
592 5605 644 5654 v,
686 5589 776 5654 22,
815 5589 906 5646 24.
985 5591 1006 5622 ⁸
1044 5588 1179 5646 Gen.
1237 5605 1314 5655 vi,
1355 5589 1407 5646 9.
1485 5589 1506 5621 ⁸
1543 5589 1679 5646 Gen.
1723 5605 1801 5657 ιχ,
1857 5589 1948 5658 26,
1986 5589 2076 5649 27.
2151 5590 2172 5622 ⁸
2210 5585 2348 5644 Gen.
2385 5603 2483 5654 xu,
2541 5590 2560 5619 ⁸
2599 5586 2731 5644 Gen.
2774 5603 2886 5656 xiv,
2927 5587 3017 5645 22.

1972 1918 2140 1985 τείαν,
2177 1920 2294 1982 ἑνὸς
2333 1917 2644 1988 ἐξημμένην
2683 1916 2778 1969 τοῦ
2809 1918 2901 1969 ἐπὶ
2932 1917 3148 1970 πάντων
3179 1914 3334 1968 Θεοῦ·
3371 1913 3463 1966 τὸν
3493 1911 3558 1964 δὲ

1981 2009 2350 2081 Ἐλληνισμδν,
2391 2009 2465 2072 ὡς
2502 2011 2558 2060 ἐν
2604 2007 2884 2077 κεφαλαίῳ
2927 2008 3127 2076 φάναι,
3168 2007 3265 2076 τὴν
3300 2005 3445 2060 κατὰ
3481 2005 3558 2059 τὰ

1971 2101 2174 2172 πάτρια
2203 2101 2310 2153 τῶν
2345 2100 2510 2152 ἐθνῶν
2537 2100 2790 2153 ἁπάντων
2815 2101 2895 2163 εἰς
2924 2099 3174 2162 πλείονας
3202 2099 3358 2161 θεοὺς
3383 2099 3558 2152 δεισι-

1969 2192 2268 2263 δαιμονίαν.
2297 2192 2361 2244 Τί
2399 2187 2491 2244 οὖν
2520 2192 2793 2262 φήσαιμεν
2830 2191 2956 2261 περὶ
2988 2190 3096 2242 τῶν
3133 2190 3236 2260 πρὸ
3269 2191 3556 2253 Μωῦσεως

1969 2283 2062 2336 καὶ
2106 2284 2210 2353 πρὸ
2251 2281 2344 2336 τοῦ
2401 2280 2735 2351 Ἰουδαϊσμοῦ
2789 2281 3051 2351 θεοφιλῶν
3107 2279 3346 2350 ἀνδρῶν,
3388 2273 3464 2332 ὧν
3519 2279 3554 2333 6

1968 2374 2209 2442 Μωῦσῆς
2242 2371 2680 2442 ἐμνημόνευσεν,
2731 2365 2871 2433 οἷον,
2913 2372 3040 2442 περὶ
3091 2369 3293 2440 Ἑνὼχ,
3329 2364 3375 2437 ᾧ
3409 2386 3555 2442 μαρ-

1966 2466 2120 2534 τυρεῖ
2147 2462 2320 2530 λέγων
2339 2478 2352 2490 ·
2390 2480 2407 2510 ι
2434 2460 2779 2530 Εὐηρέστησε
2809 2459 2864 2511 δὲ
2905 2458 3073 2528 Ἑνὼχ
3098 2458 3177 2528 τῷ
3208 2457 3359 2527 Θεῷ·
3393 2476 3411 2508 ι
3452 2455 3554 2510 καὶ

1967 2555 2095 2625 περὶ
2140 2553 2232 2607 τοῦ
2282 2552 2440 2618 Νῶε,
2478 2552 2604 2623 περὶ
2645 2547 2705 2605 οὗ
2759 2550 2918 2602 πάλιν
2968 2549 3101 2619 φησί
3126 2566 3140 2579 ο
3175 2568 3193 2599 ι
3223 2548 3346 2602 Νῶε
3393 2548 3451 2601 δὲ
3477 2543 3552 2618 ἦν

1965 2643 2249 2712 ἄνθρωπος
2276 2645 2499 2706 δίκαιος,
2531 2643 2588 2696 ὲν
2623 2645 2687 2715 τῇ
2717 2644 2880 2714 γενεᾷ
2911 2641 3076 2695 αὐτοῦ
3096 2659 3109 2672 °
3141 2662 3159 2693 ι
3194 2642 3322 2713 περί
3358 2658 3418 2694 τε
3451 2641 3551 2694 τοῦ

1965 2735 2070 2806 Σὴθ
2114 2736 2207 2789 καὶ¹
2261 2735 2354 2788 τοῦ
2416 2734 2632 2804 Ἰάφεθ,
2691 2734 2818 2802 περὶ
2856 2727 2931 2786 ὧν
2977 2732 3150 2786 ταῦτα
3202 2732 3547 2800 ἀναγράφειο

1969 2845 1988 2878 ι
2017 2827 2315 2897 Εὐλογητὸς
2331 2825 2534 2896 Κύριος
2559 2827 2586 2878 ὁ
2605 2825 2735 2887 Θεὸς
2754 2823 2848 2876 τοῦ
2879 2819 2984 2888 Σήθ
3006 2840 3020 2853 ·
3049 2843 3064 2874 ι
3093 2825 3206 2886 καὶ,
3231 2842 3248 2872 ι
3270 2821 3550 2876 Πλατύναι

1962 2920 1990 2972 ὁ
2014 2918 2146 2980 Θεὸς
2181 2917 2257 2987 τῷ
2297 2916 2504 2986 Ἰάφεθ·
2535 2937 2551 2967 ι
2589 2915 2686 2969 καὶ
2730 2914 2810 2968 ἔτι
2858 2914 2995 2986 πρὸς
3033 2913 3243 2977 τούτοις
3287 2915 3417 2984 περὶ
3448 2913 3547 2967 τοῦ

1977 3009 2243 3080 Ἀϐραὰμ,
2274 3009 2367 3062 καὶ
2408 3007 2503 3060 τοῦ
2540 3007 2759 3068 Ἰσαὰκ,
2802 3007 2896 3059 καὶ
2937 3007 3028 3059 τοῦ
3070 3005 3284 3069 Ἰακὼϐ,
3321 3001 3403 3071 οἷς
3451 3007 3584 3067 καὶ,

1960 3097 2051 3150 τὸν
2093 3097 2213 3151 Ἰὼϐ
2249 3097 2603 3169 συναριθμεῖν
2628 3095 2866 3164 εὔλογον,
2892 3096 2987 3148 καὶ
3019 3095 3073 3148 εἴ
3101 3113 3245 3156 τινες
3279 3095 3427 3149 ἄλλοι
3453 3095 3548 3148 τὸν

1962 3189 2170 3260 ἐμφερῆ
2208 3187 2416 3251 τούτοις
2446 3187 2724 3258 ἐζήλωσαν
2757 3186 2904 3256 βίον;
2933 3187 3075 3256 Ἀρα
3113 3185 3222 3256 γὰρ
3254 3184 3547 3250 Ἰουδαίους

1961 3283 2157 3345 αὐτοὺς
2212 3281 2408 3352 χρῆναι
2453 3281 2767 3348 γεγονέναι,
2804 3279 2836 3350 ἦ
2879 3278 3168 3347 Ἕλληνας.
3231 3277 3394 3330 Ἀλλὰ
3435 3278 3546 3350 γὰρ

1975 3372 2213 3426 Ἰουδαῖοι
2257 3371 2353 3442 μὲν
2387 3371 2485 3424 οὐκ
2518 3370 2584 3424 ἂν
2618 3369 2855 3437 εὐλόγως
2903 3369 3143 3439 λεχθεῖεν
3166 3412 3180 3433 ,
3231 3371 3398 3440 μήπω
3443 3369 3545 3439 τῆς

1961 3463 2241 3525 Μωῦσέως
2273 3461 2730 3534 παρεισαχθείσης
2752 3461 2828 3530 τῷ
2859 3459 2958 3530 βίῳ
2981 3459 3316 3529 νομοθεσίας.
3348 3462 3410 3512 Εἰ
3434 3461 3546 3531 γὰρ

1974 3554 2302 3624 Ἰουδαϊσμὸς
2362 3554 2510 3606 οὐδὲν
2561 3549 2628 3621 ἦν
2684 3552 2870 3622 ἕτερον
2927 3551 2958 3621 ἢ
3015 3553 3048 3621 ἡ
3104 3551 3244 3604 κατὰ
3301 3550 3546 3604 Μωῡσέα

1963 3645 2226 3714 πομπεῖα,
2268 3645 2508 3713 Μωῦσῆς
2537 3643 2593 3696 δὲ
2638 3645 2866 3714 μακροῖς
2909 3640 3134 3712 ὕστερον
3175 3640 3385 3712 χρόνοις
3435 3641 3545 3694 τῶν

1962 3735 2263 3806 εἰρημένων
2309 3735 2513 3804 πέφηνε
2536 3753 2548 3765 ·
2583 3734 2762 3802 δῆλον,
2799 3733 2875 3796 ὡς
2908 3734 3009 3786 οὐκ
3044 3732 3109 3786 ἂν
3142 3728 3252 3785 εἷεν
3297 3733 3546 3786 Ἰουδαῖοι

1961 3827 2010 3878 οἱ
2046 3825 2149 3895 πρὸ
2180 3825 2286 3878 τῶν
2324 3823 2488 3877 αὐτοῦ
2532 3825 2739 3896 χρόνων
2773 3823 2857 3876 ἐπ’
2887 3822 3135 3893 εὐσεϐείᾳ
3181 3839 3545 3895 μεμαρτυρη-

1965 3919 2132 3990 μένοι.
2166 3919 2303 3972 Ἀλλ’
2330 3919 2449 3971 οὐδὲ
2475 3919 2736 3990 ’Έλληνας
2759 3919 3025 3989 προσήκει
3055 3919 3293 3988 νομίζειν
3316 3920 3543 3985 αὐτοὺς,

1965 4010 2039 4082 μὴ
2073 4013 2136 4080 τῇ
2162 4009 2402 4081 πολυθέῳ
2440 4009 2832 4081 δεισιδαιμονίᾳ
2873 4010 3336 4080 κεκρατημένους.
3374 4013 3442 4065 ’Ὀ
3479 4028 3544 4066 τε

1961 4101 2070 4171 γὰρ
2111 4100 2364 4170 Ἀϐραὰμ
2396 4099 2714 4168 καταλεῖψαι
2755 4099 2951 4162 τελέως
2987 4099 3202 4167 λέγεται
3237 4096 3387 4154 οἷκον
3433 4120 3544 4156 πα-

1962 4192 2133 4265 τρῷον
2165 4192 2256 4245 καὶ
2297 4191 2631 4260 συγγένειαν,
2659 4191 2753 4244 καὶ
2792 4191 2872 4243 ἐνὶ
2914 4191 3061 4261 μόνῳ
3102 4195 3544 4264 προσεσχηκέναι

1962 4283 2112 4353 Θεῷ,
2146 4284 2204 4336 ὃν
2237 4283 2329 4337 καὶ
2370 4282 2622 4352 ὁμολογεῖ
2653 4282 2876 4351 φάσκων
2896 4299 2908 4311 ·
2947 4300 2964 4332 ι
3001 4283 3234 4335 Ἐκτενῶ
3268 4284 3408 4354 πρὸς
3449 4285 3545 4338 τὸν

1962 4374 2092 4427 Θεὸν
2124 4373 2213 4426 τὸν
2240 4372 2460 4443 ὕψιστον
2482 4371 2540 4434 ὃς
2565 4370 2743 4424 ἔκτισε
2772 4371 2861 4424 τὸν
2880 4372 3106 4442 οὐρανὸν
3125 4375 3218 4425 καὶ
3240 4373 3340 4444 τὴν
3360 4375 3468 4445 γῆν
3487 4393 3504 4406 ·
3519 4395 3538 4426 ο

1963 4468 1992 4520 ὅ
2023 4483 2081 4518 τε
2115 4462 2310 4518 Ἰακὼϐ
2355 4463 2763 4534 ἀναγέγραπται
2796 4462 2945 4534 παρὰ
2993 4463 3070 4533 τῷ
3096 4465 3321 4517 Μωῦσεῖ
3359 4467 3545 4535 φήσας

1962 4556 2040 4627 τῷ
2071 4554 2203 4625 οἴκῳ
2229 4556 2322 4608 καὶ
2358 4555 2492 4607 πᾶσι
2525 4556 2635 4616 τοῖς
2680 4551 2840 4606 αὐτοῦ
2862 4570 2876 4582 ⁸
2919 4572 2939 4604 ί
2977 4556 3176 4624 Ἀρατε
3221 4557 3349 4621 τοὺς
3384 4557 3545 4622 θεοὺς

1962 4648 2087 4710 τοὺς
2127 4644 2436 4716 ἀλλοτρίους
2474 4647 2538 4697 ὲκ
2573 4644 2737 4714 μέσου
2781 4641 3061 4712 ὐμῶν-καὶ
3105 4645 3397 4718 ἀναδῶμεν
3459 4650 3544 4714 εἰς

1964 4736 2154 4808 Βεθὴλ,
2186 4739 2281 4790 καὶ
2309 4739 2620 4808 ποιήσωμεν
2648 4738 2762 4790 ἐκεῖ
2792 4735 3172 4806 θυσιαστήριον
3211 4739 3289 4808 τῷ
3322 4739 3540 4812 Κυρίῳ,

1963 4832 2040 4902 τῷ
2066 4830 2430 4886 ὲπακούσαντί
2472 4846 2571 4900 μου
2601 4829 2659 4882 ὲν
2698 4826 2878 4898 ἡμέρᾳ
2920 4825 3168 4896 θλίψεως,
3212 4828 3272 4891 ὃς
3308 4825 3377 4900 ἦν
3419 4834 3542 4901 μετ’

1962 4923 2095 4994 ἐμοῦ
2143 4920 2238 4976 καὶ
2282 4921 2452 4974 ἔσωσέ
2501 4936 2568 4990 με
2622 4920 2680 4972 ἐν
2715 4921 2783 4988 τῇ
2825 4915 2928 4986 ὁδῷ
3057 4919 3383 4992 ἐπορεύθην.
3426 4924 3543 4977 Καὶ

1963 5014 2167 5067 ἔδωκαν
2198 5009 2276 5082 τῷ
2313 5008 2505 5063 Ἰακὼϐ
2556 5009 2681 5070 τοὺς
2728 5006 2883 5068 θεοὺς
2921 5006 3048 5068 τοὺς
3094 5007 3445 5080 ἀλλοτρίους,
3488 5015 3541 5067 οἳ

1959 5099 2098 5172 ἦσαν
2119 5103 2176 5154 ἐν
2199 5102 2317 5164 ταῖς
2348 5099 2534 5170 χερσὶν
2563 5095 2760 5162 αὐτῶν,
2791 5095 2883 5148 καὶ
2906 5093 2976 5147 τὰ
3003 5094 3200 5150 ἐνώτια
3231 5098 3301 5152 τὰ
3332 5101 3392 5152 ἐν
3423 5103 3542 5166 τοῖς

1961 5195 2090 5246 ὠσὶν
2123 5191 2320 5258 αὐτῶν,
2344 5191 2435 5244 καὶ
2465 5187 2696 5261 ἔκρυψεν
2722 5185 2862 5240 αὐτὰ
2907 5185 3097 5240 Ἰακὼϐ
3124 5189 3230 5242 ὑπὸ
3259 5189 3360 5260 τὴν
3382 5209 3442 5244 τε
3453 5196 3548 5263 ρέ-

1963 5284 2141 5338 ϐινθον
2166 5284 2267 5353 τὴν
2302 5284 2358 5334 ὲν
2386 5281 2650 5350 Σικίμοις,
2687 5279 2780 5331 καὶ¹
2815 5277 3092 5331 ἀπώλεσεν
3122 5280 3263 5333 αὐτὰ
3288 5280 3394 5344 ἕως
3441 5284 3545 5354 τῆς

1963 5376 2200 5447 σήμερον
2249 5373 2479 5444 ἡμέρας.
2511 5391 2530 5423 ι
2567 5372 2628 5423 Ei
2659 5370 2724 5443 δὴ
2750 5366 2842 5424 οὖν
2885 5369 2978 5423 καὶ
3017 5371 3114 5442 τῆς
3146 5370 3431 5427 είδωλολάτ
3447 5391 3545 5444 pou

1961 5467 2169 5538 πλάνης
2206 5464 2468 5538 ἀλλότριοι
2501 5464 2926 5535 καθεστήκεσαν,
2974 5467 3068 5520 καὶ
3104 5465 3440 5534 Ἰουδαϊσμοῦ
3485 5469 3544 5525 δὲ

3120 5586 3140 5618 ⁷
3178 5585 3316 5641 Gen.
3366 5605 3536 5657 xxxv,
