3842 6218
208 332 287 390 25
1150 336 1813 399 DEMONSTBATIONIS
1846 336 2309 397 EVANGELICIE
2351 341 2477 397 LIB.
2512 339 2555 397 Ι.
3423 342 3496 398 ἓϐ

210 452 375 516 ἑκτδς
410 455 696 525 γεγονότες
750 460 1149 534 ἀπεδείχθησαν
1167 503 1182 529 ,
1213 462 1365 533 ὅμως
1408 478 1471 531 γε
1522 461 1627 533 μὴν
1676 458 1779 514 οὔτι

1901 459 2103 515 ethnici
2132 468 2317 517 essent
2346 478 2447 518 nec
2488 461 2684 523 Judmi.
2735 462 2846 519 Deo
2867 464 3063 519 charos
3124 463 3484 521 nihilominus

212 542 484 615 Ἕλληνες
508 550 634 604 οὐτε
669 551 910 606 Ἰουδαῖοι
944 553 1174 623 φύντες,
1226 552 1492 623 θεοφιλεῖς
1522 550 1779 622 γεγονένα

1902 551 2193 621 iustosque
2235 552 2282 608 si
2318 553 2412 607 ulli
2451 568 2692 622 unquam
2741 553 2856 616 alii,
2906 561 2959 608 et
3002 555 3121 623 pios
3179 553 3480 613 exstitisse.

215 635 694 710 μεμαρτύρηνται,
713 643 808 696 καὶ
834 643 1032 697 δίκαιοι
1062 645 1156 698 καὶ
1179 643 1444 707 εὐσεϐεῖς,
1467 644 1514 697 εί
1541 642 1634 697 καί
1661 659 1779 696 τίνει

1905 642 2277 699 testimonium
2334 644 2663 700 habuerunt.
2714 644 2982 700 Convenit
3025 645 3189 715 igitur
3260 645 3481 700 tertium

209 725 384 780 ἄλλον
413 727 534 800 ὥρα
560 730 742 803 τρίτον
769 736 1006 789 ἐπινοεῖν
1044 735 1355 801 θεοσεϐείας
1398 735 1621 808 τρόπον,
1648 733 1714 788 δι’
1740 728 1779 787 οἳ

1904 735 2192 807 quemdam
2222 744 2404 794 mente
2452 741 2743 807 concipere
2783 737 2967 793 cultus
3006 735 3179 792 divini
3232 737 3480 794 modum.

208 819 559 890 κατορθῶσαι
579 825 727 889 εἰκὸς
748 821 817 898 ἦν
846 826 1062 892 αὐτούς.
1085 828 1287 882 Σκόπει
1312 825 1618 899 τοιγαροῦν,
1649 828 1698 880 εί
1728 844 1779 899 μη

1905 831 2204 883 secundum
2244 843 2405 899 quem
2429 839 2576 884 recte
2608 829 2790 885 vivere
2846 836 3117 900 poterant.
3155 826 3291 883 Vide
3315 828 3484 899 igitur

205 906 358 960 τοῦτ’
395 911 530 965 αὐτὸ
570 909 659 984 ἦν,
699 915 761 969 τὸ
803 915 1004 986 μεταξὺ
1042 916 1375 989 Ἰουδαῖσμοῦ
1411 917 1504 972 καὶ
1562 916 1805 988 Ἐλληνιο

206 996 378 1068 σμοῦ,
393 1001 574 1073 τρίτον
598 1007 732 1077 ἡμῖν
760 1007 1209 1080 ἀποδεδειγμένον
1232 1008 1443 1081 τάγμα,
1469 1009 1804 1065 παλαίτατον

208 1090 316 1161 μὶν
351 1094 448 1147 καὶ
478 1096 700 1153 πάντων
742 1102 1008 1172 τυγχάνον
1049 1103 1426 1177 πρεσϐύτατον
1445 1147 1461 1170 ,
1508 1104 1705 1160 νεωστὶ
1743 1104 1801 1159 δὲ

202 1180 300 1236 διὰ
329 1184 423 1237 τοῦ
457 1188 729 1261 ἡμετέρου
777 1193 1033 1266 Σωτῆρος
1065 1195 1201 1248 πᾶσι
1229 1198 1341 1261 τοῖς
1383 1195 1560 1250 ἔθνεσι
1590 1212 1799 1269 κατηγ-

200 1276 493 1347 γελμένον.
531 1281 641 1336 Καὶ
688 1283 832 1339 τοῦτ’
863 1285 931 1339 ἂν
967 1286 1053 1358 είη
1083 1290 1112 1342 ὁ
1164 1288 1650 1361 Χριστιανισμὸς,-
1675 1287 1798 1342 οὔτε

213 1368 573 1442 Ἑλληνισμός
594 1392 677 1439 τις
699 1374 793 1440 ὣν,
812 1376 936 1433 οὔτε
972 1380 1322 1452 Ἰουδαῖσμὺς,
1343 1381 1479 1435 ἀλλά
1510 1380 1570 1435 τὸ
1593 1379 1797 1452 μεταξὺ

199 1462 443 1529 τούτων,
479 1466 837 1524 παλαιότατον
869 1473 1154 1539 εὐσεϐείας
1188 1474 1488 1547 πολίτευμα
1510 1516 1526 1541 ,
1565 1475 1661 1530 καὶ
1699 1477 1799 1548 ἀρ-

201 1557 468 1628 χαιοτάτη
503 1558 601 1629 μέν
623 1577 707 1626 τις
741 1562 1051 1634 φιλοσοφία,
1078 1566 1217 1639 πλὴν
1248 1566 1382 1622 ἀλλά
1408 1570 1602 1623 νεωστὶ
1633 1571 1797 1623 πᾶσιν

198 1644 515 1717 ἀνθρώποις
542 1654 657 1716 τοῖς
700 1652 822 1707 καθ’
857 1655 984 1726 ὅλης
1021 1657 1121 1728 τῆς
1153 1659 1477 1732 οἰκουμένης
1514 1661 1799 1731 νενομοθε-

196 1738 448 1810 τημένη*
480 1740 623 1796 ὥστε
652 1744 747 1798 τὸν
788 1747 846 1813 ἐξ
878 1747 1239 1820 Ἑλληνισμοῦ
1275 1751 1369 1804 ἐπὶ
1413 1751 1505 1805 τὸν
1532 1753 1795 1822 Χριστια-

196 1828 399 1900 νισμὸν
427 1833 848 1906 μετατιθέμενον
869 1837 968 1890 οὐκ
995 1838 1087 1890 ἐπὶ
1114 1838 1443 1910 ’ῐουδαῖσμὸν
1473 1839 1758 1892 ἐκπίπτειν
1775 1856 1788 1869 θ

197 1922 312 1975 οὐδ’
345 1917 411 1977 αὖ
447 1925 609 1979 πάλιν
640 1929 705 1980 ἐκ
732 1928 834 1999 τῆς
870 1927 1165 2002 Ἰουδαϊκῆς
1185 1930 1636 2004 ὲθελοθρησκείας
1664 1934 1794 1987 ἀνα-

195 2015 519 2088 χωροῦντα,
563 2019 729 2084 εὐθὺς
753 2022 991 2095 Ἕλληνα
1031 2023 1319 2093 γενέσθαι·
1351 2026 1443 2078 τὸν
1468 2025 1526 2079 δὲ
1560 2025 1619 2095 ἐξ
1666 2028 1796 2081 ἐκα-

193 2106 361 2181 τέρου
392 2108 698 2180 τάγματος,
739 2111 803 2165 ἐκ
830 2130 890 2166 τε
930 2112 1291 2186 Ἑλληνισμοῦ
1323 2114 1418 2168 καὶ
1457 2114 1790 2187 Ἰουδαῖσμοῦ

198 2193 604 2267 μεθιστάμενον
636 2199 732 2252 ἐπὶ
776 2200 868 2253 τὸν
898 2201 1063 2271 μέσον
1111 2202 1369 2274 παριέναι
1405 2204 1568 2274 νόμον
1598 2222 1656 2257 τε
1699 2206 1793 2258 καὶ

195 2282 313 2353 βίον
340 2284 435 2339 τὸν
458 2286 569 2339 τῶν
599 2286 769 2343 πάλαι
796 2288 1060 2359 θεοφιλῶν
1088 2291 1183 2345 καὶ
1212 2291 1438 2346 δικαίων
1469 2292 1702 2364 ἀνδρῶν,
1732 2293 1792 2346 ὃν

191 2381 222 2432 ό
259 2379 457 2452 Σωτὴρ
489 2382 587 2434 καὶ
631 2383 839 2455 Κύριος
887 2385 1063 2456 ἡμῶν,
1114 2386 1326 2458 μακρὸν
1372 2386 1794 2459 ἑφησυχάσαντα

191 2470 389 2541 χρόνον
417 2515 432 2538 ,
489 2469 647 2539 αὖθις
696 2475 1037 2532 ἀνενεώσατο
1086 2477 1394 2544 ἀκολούθως
1459 2482 1571 2543 τοῖς
1626 2479 1790 2533 αὐτοῦ

189 2557 479 2623 Μωύσέως
514 2562 610 2616 καὶ
654 2563 766 2617 τῶν
812 2565 1017 2621 λοιπῶν
1067 2567 1363 2641 προφητῶν
1411 2568 1538 2641 περὶ
1586 2568 1791 2625 τούτων

189 2648 373 2702 αὐτῶν
394 2649 787 2723 θεσπίσμασιν.
829 2656 918 2710 Ἔν
944 2657 1076 2727 γοῦν
1105 2662 1220 2724 τοῖς
1254 2660 1392 2731 πρὸς
1413 2659 1505 2715 τὸν
1539 2660 1791 2734 Ἀϐραὰμ

188 2746 467 2814 χρησμοῖς
495 2745 659 2812 αὐτὸς
691 2749 720 2801 ὁ
754 2750 998 2820 Μωύσῆς
1045 2752 1356 2825 ἀναγράφει
1386 2752 1679 2819 θεσπίζων,
1713 2753 1791 2819 ὡς

189 2833 273 2886 ὃτι
302 2833 673 2908 μελλήσουσιν
698 2840 755 2892 ὲν
787 2840 1037 2913 ὑπέροις
1068 2842 1200 2896 ποτὲ
1233 2844 1466 2915 χρόνοις,
1494 2846 1593 2917 οὐχ
1615 2846 1663 2899 οἱ
1696 2844 1787 2899 τοῦ

202 2925 460 2999 Ἀϐραὰμ
520 2930 818 2998 ἀπόγονοι,
876 2934 986 2987 οὐδ’
1019 2936 1068 2988 οἱ
1122 2936 1186 2989 ὲκ
1242 2936 1561 3009 σπέρματος
1622 2938 1787 2993 αὐτοῦ

201 3015 483 3073 Ἰουδαῖοι·
534 3019 672 3074 ἀλλά
723 3021 834 3095 γὰρ
876 3026 1048 3079 πᾶσαι
1074 3026 1131 3081 ai
1172 3026 1336 3097 φυλαὶ
1367 3026 1469 3098 τῆς
1519 3028 1643 3099 γῆς.
1696 3029 1790 3082 καὶ

1904 922 2048 974 sitne
2094 919 2209 975 haec
2255 920 2346 974 illa
2375 921 2491 990 ipsa
2524 921 2683 974 tertia
2734 920 3105 975 demonstrata
3140 919 3300 975 nobis
3337 919 3481 973 inter

1900 1008 2243 1065 Judaismum
2270 1018 2325 1065 et
2345 1012 2732 1067 ethnicismum
2770 1012 2949 1066 media
2997 1011 3161 1078 ratio,
3205 1011 3480 1083 antiquis-

1901 1100 2040 1156 sima
2064 1101 2282 1172 quidem
2313 1118 2612 1171 omnesque
2634 1103 2770 1157 alias
2797 1110 2955 1157 aetate
3002 1102 3353 1166 antecellens,
3382 1101 3479 1160 sed

1899 1206 2062 1262 quam
2091 1198 2343 1247 recenter
2394 1193 2650 1247 omnibus
2702 1191 2958 1264 gentibus
3000 1190 3251 1248 Salvator
3288 1201 3479 1251 noster

1899 1282 2257 1337 annuntiavit.
2318 1280 2497 1352 Atque
2557 1282 2672 1337 haec
2746 1280 3209 1338 Christianismus
3288 1285 3479 1355 utique

1898 1374 2082 1439 fuerit,
2109 1382 2297 1445 utpote
2315 1374 2409 1444 qui
2434 1390 2534 1429 nec
2558 1373 2918 1429 ethnicismus
2930 1378 3014 1427 est
3029 1386 3130 1425 nec
3143 1371 3479 1439 Judaismus,

1898 1465 2043 1519 inter
2081 1474 2373 1535 utrumque
2400 1462 2577 1518 media
2599 1462 2983 1533 antiquissima
3015 1463 3264 1532 quaedam
3293 1466 3477 1521 cultus

1896 1554 2067 1609 divini
2109 1554 2511 1609 administratio
2568 1567 2630 1608 ac
2678 1563 2873 1620 status,
2914 1567 3195 1623 genusque
3234 1555 3476 1624 philoso-

1897 1643 2038 1715 phiae
2060 1644 2516 1710 vetustissimum,
2577 1643 2672 1698 sed
2714 1658 2907 1699 recens
2948 1643 3207 1699 omnibus
3236 1645 3475 1700 homini-

1896 1738 2001 1792 bus
2031 1752 2128 1808 per
2158 1737 2473 1791 universum
2522 1744 2792 1791 terrarum
2830 1736 3017 1791 orbem
3048 1738 3318 1791 sancitum
3348 1752 3362 1789 :
3395 1737 3470 1793 ita

1823 1807 1867 1864 Β
1898 1838 1958 1883 ut
1984 1807 2076 1900 qui
2109 1829 2179 1883 ab
2207 1828 2536 1884 ellmicismo
2581 1829 2648 1883 ad
2697 1828 3178 1885 Christianismum
3248 1831 3472 1897 transit,

1896 1936 2007 1976 non
2040 1921 2093 1974 in
2140 1918 2481 1975 Judaismum
2514 1920 2765 1987 excidat;
2797 1937 2975 1991 neque
3020 1938 3236 1987 rursus,
3262 1924 3354 1994 qui
3387 1939 3473 1980 re-

1896 2011 2043 2067 cedit
2063 2011 2131 2066 ab
2157 2009 2387 2066 Iudaico
2417 2011 2727 2065 voluntario
2762 2012 2938 2076 cultu,
2970 2013 3152 2068 statim
3180 2013 3272 2067 liat
3299 2014 3473 2070 ethni-

1894 2119 2035 2160 cus:
2072 2104 2166 2159 sed
2197 2105 2289 2175 qui
2330 2114 2563 2175 utroque
2610 2104 2805 2160 ordine
2827 2105 3042 2169 relicto,
3086 2106 3472 2165 ethnicismum

1894 2194 2099 2251 deserit
2128 2204 2291 2266 atque
2319 2194 2686 2259 Judaismum,
2746 2196 2795 2252 is
2844 2197 3078 2251 mediam
3123 2198 3271 2252 subit
3298 2197 3471 2269 legem

1893 2288 2171 2357 vitamque
2194 2289 2496 2358 priscorum
2518 2288 2967 2345 charissimorum
3005 2290 3115 2344 Deo
3128 2291 3470 2358 etjustorum

1894 2385 2159 2449 virorum,
2197 2400 2359 2454 quam
2391 2381 2645 2438 Salvator
2687 2398 2752 2438 ac
2809 2382 3073 2437 Dominus
3099 2392 3308 2445 noster,
3345 2398 3470 2438 cum

1893 2492 1992 2548 per
2015 2477 2235 2547 longum
2264 2478 2354 2532 illa
2385 2483 2604 2545 tempus
2633 2476 2916 2547 consopita
2943 2475 3230 2545 iacuisset,
3258 2477 3470 2531 excita-

1892 2568 1971 2622 vit
1998 2569 2193 2624 iterum
2223 2570 2678 2637 instauravitque,
2702 2571 2776 2622 ita
2823 2568 2900 2622 uti
2958 2566 3125 2623 Mosis
3158 2575 3214 2622 ct
3244 2577 3471 2623 caetero-

1892 2675 2014 2713 rum
2051 2660 2438 2730 prophetarum
2489 2659 2717 2714 vocibus
2770 2657 2878 2712 hoc
2912 2658 3091 2728 ipsum
3145 2659 3467 2728 praedictum

1893 2748 2089 2805 fuerat.
2126 2748 2260 2803 Nam
2301 2750 2439 2803 etin
2466 2748 2727 2812 oraculis,
2788 2764 2910 2818 qua:
2970 2748 3282 2803 Abrahamo
3326 2750 3469 2804 edita

1890 2841 2154 2897 divinitus
2180 2840 2356 2897 Moses
2381 2849 2636 2903 testatur,
2677 2842 3039 2912 scribitquod
3090 2841 3293 2897 futuris
3338 2842 3467 2896 olim

1890 2935 2227 3004 temporibus
2258 2951 2367 2989 non
2393 2936 2686 2989 Abralzanii
2711 2935 2912 3004 posteri
2948 2943 3002 2990 et
3023 2951 3089 2991 ex
3116 2937 3325 2991 semine
3349 2937 3467 3006 ejus

1891 3025 2138 3095 prognati
2170 3022 2363 3085 Judaei,
2422 3024 2516 3080 sed
2573 3040 2764 3081 omnes
2799 3026 2975 3081 tribus
3009 3033 3167 3082 terrae
3195 3035 3248 3082 et
3276 3042 3467 3083 omnes

191 3110 382 3208 πάντα
403 3111 474 3208 τὰ
494 3111 623 3183 ἔθνη
659 3114 751 3168 ἐπὶ
772 3115 849 3186 τῷ
874 3118 1046 3190 ὁμοίῳ
1073 3117 1260 3191 τρόπῳ
1287 3120 1389 3191 τῆς
1417 3119 1511 3175 τοῦ
1539 3121 1779 3195 ’Δϐραάμ

1892 3124 2078 3188 gentes
2109 3131 2203 3186 per
2233 3117 2467 3172 similem
2499 3116 2681 3171 cultus
2711 3116 2806 3172 Dei
2847 3118 3116 3172 rationem
3155 3134 3266 3188 quo
3289 3116 3467 3175 Abra—

189 3201 530 3270 θεοσεϐείας,
578 3205 831 3275 εὐλογίας
885 3209 1037 3280 παρά
1079 3210 1214 3265 Θεοῦ
1260 3211 1785 3285 καταξιωθησεσθαι.

192 3296 230 3348 Γ
235 3296 400 3366 ράορει
440 3297 497 3352 δὲ
530 3298 737 3364 οὕτως·
769 3319 788 3352 ι
819 3302 931 3356 Καὶ
971 3298 1092 3357 εἷπε
1143 3304 1350 3376 Κύριος
1376 3305 1454 3376 τῷ
1500 3305 1782 3379 Ἀϐριιάμ’

194 3388 421 3454 Ἔξελθε
446 3392 512 3443 ἐκ
541 3391 642 3460 τῆς
669 3391 773 3463 γῆς
806 3408 903 3445 σου
936 3393 1032 3447 καὶ
1067 3396 1132 3448 ὲκ
1164 3395 1264 3465 τῆς
1305 3396 1624 3465 συγγενείας
1667 3414 1783 3464 σου,

188 3480 284 3533 καὶ
307 3482 373 3532 ὲκ
408 3480 503 3534 τοῦ
536 3481 687 3535 οἴκου
719 3482 814 3538 τοῦ
855 3486 1062 3558 πατρός
1091 3503 1208 3549 σου,
1230 3488 1326 3541 καὶ
1356 3486 1517 3560 δεῦρο
1548 3489 1629 3552 είς
1659 3489 1783 3560 γῆν,

190 3573 257 3641 ἦν
287 3571 354 3626 ἄν
384 3589 469 3626 σοι
504 3572 682 3639 δείξω.
716 3576 827 3629 Καὶ
862 3578 1072 3649 ποιήσω
1098 3595 1157 3632 σε
1183 3580 1263 3643 είς
1297 3577 1448 3644 ἔθνος
1477 3580 1619 3652 μέγα
1640 3598 1653 3611 ·
1691 3582 1785 3636 καὶ¹

190 3662 477 3734 εὐλογήσω
520 3681 604 3728 σε,
640 3665 736 3719 καὶ
779 3667 1066 3737 μεγαλυνῶ
1097 3669 1159 3722 τὸ
1185 3669 1357 3740 ὄνομά
1392 3687 1516 3735 σου,
1549 3672 1644 3725 καὶ
1686 3671 1782 3744 ἔσῃ

189 3754 576 3825 εὐλογημένος.
600 3757 712 3811 Καὶ
741 3758 1019 3830 εὐλογήσω
1046 3759 1174 3824 τοὺς
1198 3761 1553 3830 εὐλογοῦντάς
1574 3780 1655 3821 σε,
1687 3763 1783 3816 καὶ

190 3847 316 3910 τοὺς
345 3848 775 3919 καταρωμένους
817 3867 875 3903 σε
918 3851 1325 3923 καταράσομαι,
1365 3853 1461 3907 καὶ
1506 3854 1784 3925 ὲνευλογη-

191 3938 452 4009 θήσονται
485 3941 544 3992 ὲν
574 3939 658 3993 σοὶ
691 3943 862 3995 πᾶσαι
891 3944 947 3996 αί
976 3942 1140 4012 φυλαὶ
1163 3944 1262 4015 τῆς
1287 3945 1411 4017 γῆς.
1440 3964 1459 3997 ι
1487 3946 1597 4000 Καὶ
1622 3947 1782 4000 πάλιν

188 4032 217 4083 ό
265 4029 405 4095 Θεὸς
450 4025 609 4085 εἷπε·
651 4051 671 4083 ι
713 4033 805 4105 Μὴ
853 4033 1046 4105 κρύψω
1078 4033 1191 4104 ἐγὼ
1231 4036 1341 4089 ἀπὸ
1387 4037 1638 4110 Ἀϐραὰμ
1685 4039 1779 4093 τοῦ

192 4121 384 4186 παιδός
419 4140 521 4194 μου
543 4124 579 4180 ἃ
598 4124 711 4195 ἐγὼ
741 4126 915 4191 ποιῶς
958 4127 1209 4200 ’Δϐραάμ
1234 4128 1293 4182 δὲ
1316 4131 1606 4201 γενόμενος
1627 4131 1780 4187 ἔσται

190 4217 266 4277 είς
293 4212 451 4277 ἔθνος
498 4215 641 4285 μέγα
682 4218 777 4270 καὶ
821 4217 973 4271 πολύ.
1020 4220 1133 4273 Καὶ
1161 4218 1674 4292 ὲνεύλογηθήσονται
1721 4222 1779 4275 ὲν

189 4303 339 4374 αὐτῷ
372 4303 554 4358 πάντα
592 4306 661 4360 τὰ
699 4305 829 4378 ἔθνη
862 4307 960 4379 τῆς
992 4308 1118 4379 γῆς.
1153 4328 1172 4359 ι
1211 4294 1341 4373 Πῶς
1372 4309 1417 4363 δ’
1457 4309 1523 4363 ἂν
1555 4310 1779 4381 ἔμελλον

187 4393 262 4465 τῷ
306 4394 564 4467 ’ἑϐραάμ
612 4397 1129 4471 ὲνευλογηθήσεσθαι
1163 4399 1343 4456 πάντα
1382 4400 1453 4454 τά
1484 4400 1647 4473 ἔθνη,
1684 4405 1778 4459 καὶ

1893 3209 2110 3275 hamus,
2151 3208 2587 3263 benedictioncm
2629 3208 2869 3262 divinam
2920 3215 3110 3263 essent
3164 3209 3465 3268 obtenturl.

1892 3299 1969 3355 Ita
2001 3299 2145 3354 enim
2171 3299 2247 3353 ait
2275 3300 2336 3353 ἐ
2374 3318 2393 3351 ι
2436 3298 2502 3352 Ει
2542 3298 2682 3354 dixit
2739 3298 3006 3354 Dominus
3029 3299 3094 3355 ad
3144 3298 3461 3353 Abraham:

1892 3390 1990 3445 Exi
2012 3391 2080 3446 de
2106 3398 2250 3447 terra
2288 3403 2398 3452 tua.
2429 3392 2568 3447 etde
2596 3392 2923 3462 cognatione
2950 3399 3064 3456 tua,
3114 3398 3161 3447 et
3202 3407 3266 3446 ex
3301 3391 3463 3447 domo
3544 3396 3549 3401 '

1888 3484 2064 3553 patris
2098 3486 2197 3544 tui,
2222 3492 2275 3539 et
2302 3486 2438 3538 vade
2481 3485 2534 3537 iu
2556 3491 2761 3541 terram
2792 3498 2955 3553 quam
2985 3483 3087 3537 tibi
3122 3484 3465 3537 demonstra-

1886 3587 2036 3627 vero.
2064 3571 2131 3626 Et
2155 3572 2346 3633 faciam
2377 3582 2428 3627 te
2479 3573 2531 3626 in
2561 3581 2775 3643 gentem
2814 3588 3066 3643 magnam
3101 3591 3115 3628 :
3148 3581 3202 3628 et
3237 3570 3465 3626 benedi-

1885 3680 2005 3720 cam
2036 3672 2111 3724 te.
2142 3673 2196 3720 et
2217 3665 2576 3736 magniﬁcabo
2598 3681 2793 3721 nomen
2825 3673 3004 3729 tuum,
3037 3673 3092 3721 et
3145 3666 3257 3720 eris
3297 3667 3464 3721 bene-

1884 3759 2086 3817 dictus.
2120 3759 2185 3812 Et
2212 3758 2528 3815 benedicam
2557 3760 2943 3815 benedicentes
2967 3770 3041 3822 te,
3064 3768 3117 3813 et
3141 3759 3462 3815 maledicam

1885 3850 2272 3905 maledicentes
2303 3858 2375 3914 te,
2407 3856 2461 3905 et
2486 3849 2877 3905 benedicentur
2902 3850 2957 3904 in
2990 3858 3044 3904 te
3071 3864 3263 3904 omnes
3287 3850 3462 3905 tribus

1884 3946 2062 3996 terrae.
2097 3959 2116 3992 ι
2142 3939 2319 4011 Atque
2343 3940 2538 3995 iterum
2567 3940 2705 3994 dixit
2735 3939 2877 3995 Deus
2903 3941 2957 3990 ἐ
3001 3958 3022 3991 σ
3053 3939 3308 4009 Nunquid
3342 3941 3463 3996 abr-

1883 4032 2115 4086 condam
2155 4047 2256 4103 ego
2306 4032 2376 4085 ab
2414 4030 2726 4087 Abrahamo
2758 4047 2920 4088 servo
2988 4046 3129 4092 meo.
3188 4046 3309 4101 qua:
3354 4045 3459 4103 ego

1883 4124 2060 4180 facio?
2099 4123 2373 4179 Abraham
2406 4132 2586 4178 autem
2646 4123 2816 4179 liet'in
2846 4133 3061 4197 gentem
3112 4138 3362 4195 magnam
3404 4133 3461 4182 et

1883 4219 2129 4272 multam.
2158 4216 2222 4273 Et
2245 4216 2636 4273 benedicentur
2662 4216 2793 4271 ineo
2815 4231 3006 4271 omnes
3032 4223 3219 4285 gentes
3241 4221 3453 4269 terra.

1881 4311 2166 4378 Quomodo
2192 4319 2371 4364 autem
2396 4308 2451 4363 in
2488 4307 2800 4363 Abrahamo
2848 4306 3235 4363 benedicendae
3270 4314 3460 4362 essent

1881 4415 2071 4456 omnes
2097 4406 2288 4471 gentes
2325 4406 2382 4454 et
2436 4412 2628 4453 omnes
2656 4398 2835 4453 tribus
2892 4406 3072 4459 terrae,
3135 4398 3181 4452 si
3233 4396 3455 4467 quidem

189 4486 362 4540 πᾶσαι
399 4486 462 4540 αί
504 4485 668 4555 φυλαὶ
698 4486 800 4558 τῆς
842 4488 977 4560 γῆς,
1013 4488 1063 4542 εί
1105 4487 1274 4561 μηδέν
1316 4505 1370 4542 τι
1409 4491 1778 4561 προσήκοντες

1887 4490 2028 4545 nulla
2061 4489 2274 4546 ratione
2296 4505 2420 4545 eum
2461 4489 2886 4558 contingerent.
2929 4503 3108 4558 neque
3164 4486 3331 4541 animi
3365 4502 3458 4541 ra-

187 4577 437 4649 ὐπῆρχον
461 4578 632 4649 αὐτῷ,
671 4580 809 4651 μήτε
836 4581 981 4635 κατά
1009 4580 1191 4652 ψυχῆς
1220 4581 1441 4653 τρόπον,
1473 4583 1610 4654 μήτε
1635 4583 1777 4637 κατά

188 4666 448 4740 σώματος
474 4670 831 4739 συγγένειανς
869 4673 981 4743 Τῆς
1014 4689 1074 4725 τε
1105 4672 1216 4744 γὰρ
1253 4673 1395 4727 κατά
1430 4674 1611 4747 σάρκα
1643 4693 1775 4744 συγ-

185 4762 405 4831 γενείας
431 4762 518 4825 τίς
543 4758 612 4834 ἦν
637 4763 775 4836 πρὸς
801 4764 896 4817 τὸν
931 4763 1181 4837 Ἀϐραὰμ
1201 4765 1509 4834 συγγένεια,
1540 4766 1776 4832 Σκύθαις

183 4854 323 4936 φέρε
356 4856 554 4919 εἰπεῖν,
588 4854 624 4926 ἦ
666 4856 1011 4924 Αἰγυπτίοις,
1041 4856 1076 4927 ἢ
1118 4854 1385 4926 Αἰθίοψιν,
1426 4858 1460 4929 ἢ
1500 4857 1704 4922 Ἰνδοῖς,
1737 4859 1771 4929 ἢ

183 4945 589 5017 Βρεττανοῖς,ἢ
622 4946 971 5017 Ἱσπανοῖς;ἢ
994 4946 1112 5011 πῶς
1135 4946 1204 5001 ἂν
1224 4947 1398 5001 ταῦτα
1424 4948 1494 5002 τὰ
1521 4947 1651 5019 ἔθνη
1680 4950 1776 5003 καὶ

183 5036 267 5091 ἔτι
284 5037 357 5092 τὰ
368 5036 576 5091 τούτων
598 5038 959 5108 ἀπῳκισμένα
973 5038 1072 5109 τῆς
1091 5037 1227 5109 πρὸς
1241 5037 1332 5091 τὸν
1360 5038 1610 5110 Ἀϐραὰμ
1631 5040 1775 5094 κατά

186 5129 373 5200 σάρκα
414 5129 735 5197 συγγενείας
788 5130 948 5201 χάριν
996 5129 1222 5201 ἔμελλον
1272 5129 1771 5201 εὐλογηθήσεσθαι;

198 5221 340 5275 Ἀλλ’
372 5220 497 5276 οὐδὲ
527 5221 629 5291 τῆς
661 5219 801 5274 κατά
826 5220 1003 5291 ψυχὴν
1041 5221 1287 5289 εὐλογίας
1309 5222 1456 5286 εἰκὸς
1482 5218 1551 5292 ἦν
1584 5240 1775 5277 κοινω-

187 5313 376 5382 νήσειν
419 5311 501 5383 τῷ
540 5311 791 5382 Ἀϐραὰμ
823 5311 1002 5366 πάντα
1037 5312 1108 5366 τά
1148 5311 1297 5382 ἔθνη.
1338 5313 1464 5377 Πῶς
1496 5313 1638 5385 γάρ;
1682 5313 1771 5367 ὅτε

192 5402 259 5456 τά
291 5404 394 5474 μὲν
413 5401 599 5456 αὐτῶν
621 5401 909 5475 ἐκθέσμοις
944 5404 1347 5477 μητρογαμίαις
1380 5406 1476 5459 καὶ
1509 5405 1773 5480 θυγατρο-

198 5495 431 5565 μιξίαις,
483 5494 555 5549 τά
601 5495 647 5548 δ’
690 5496 1007 5561 ἀκολάστοις
1056 5496 1293 5568 ὁμιλίαις
1341 5499 1587 5572 ἀρρένων
1633 5500 1772 5573 πρὸς

197 5587 426 5659 ἀρρενας
457 5587 781 5661 ἀνεφύρετο,
815 5587 883 5642 τά
918 5588 977 5643 δὲ
1015 5588 1113 5662 τὴν
1145 5588 1426 5645 εὐσέϐειαν
1460 5592 1519 5645 ὲν
1560 5590 1770 5667 ἀνθρω-

271 5784 290 5816 ⁸
326 5784 462 5844 Gen.
513 5800 615 5843 xu.
659 5781 765 5838 1-5.
876 5784 897 5816 '
936 5783 1070 5842 Gen.
1113 5800 1269 5851 xvm,
1306 5785 1392 5842 l7.

1881 4582 2048 4645 tione,
2080 4597 2258 4651 neque
2309 4581 2636 4659 cognatione
2692 4579 2981 4650 corporis?
3012 4576 3148 4633 Nam
3190 4578 3337 4649 quod
3385 4578 3454 4635 ad

1878 4672 2123 4742 corporis
2152 4673 2530 4743 eognationcm
2564 4672 2778 4736 attinet,
2803 4687 3051 4743 quaenam
3073 4686 3281 4741 quaeso,
3325 4685 3450 4725 cum

1876 4761 2187 4817 Abrahamo
2237 4761 2525 4817 intercedit
2577 4760 2956 4831 propinquitas
2988 4798 3004 4823 ,
3059 4755 3277 4829 Scythis
3302 4755 3450 4811 verbi

1877 4857 2053 4927 gratia
2084 4858 2165 4911 vel
2189 4855 2481 4927 Egypliis,
2519 4866 2612 4911 aut
2635 4854 3011 4925 EtliiOpibus,
3043 4854 3212 4933 Indis,
3235 4854 3454 4909 Britan—

1875 4948 1964 5003 nis
1992 4948 2075 5002 vel
2109 4946 2399 5017 Hispanis?
2450 4954 2545 5000 aut
2589 4947 2867 5016 quomodo
2895 4945 2979 5000 lue
3003 4951 3193 5014 gentes
3242 4943 3327 4998 vel
3380 4942 3451 4996 ab

1875 5040 1963 5095 his
1990 5040 2153 5094 etiam
2175 5040 2518 5105 remotiores,
2570 5036 2954 5093 benedicenda:
2981 5034 3204 5091 fuerunt
3226 5041 3450 5104 propter

1872 5130 2250 5199 cognationem
2274 5143 2399 5183 cum
2433 5124 2766 5189 Abrahamo,
2800 5123 2945 5194 quod
2977 5122 3044 5177 ad
3065 5136 3285 5177 carnem
3322 5135 3450 5189 per-

1873 5222 2043 5278 tinet?
2069 5219 2175 5276 Sed
2200 5234 2376 5288 neque
2402 5216 2546 5288 quod
2585 5216 2654 5271 ad
2701 5216 3010 5271 animorum
3039 5213 3444 5284 cognationem,

1871 5321 1991 5368 erat
2019 5325 2330 5382 congruens
2357 5316 2547 5381 gentes
2577 5322 2769 5363 omnes
2798 5306 2867 5362 de
2898 5306 3274 5362 benedictione
3292 5318 3450 5358 com-

1871 5404 2024 5458 muni
2052 5417 2178 5459 eum
2225 5401 2536 5457 Ahrahamo
2562 5398 2914 5470 participare.
2956 5396 3060 5462 Qui
3098 5394 3288 5451 enim?
3316 5407 3442 5448 cum

1872 5496 1992 5551 alia:
2017 5493 2283 5552 nefandas
2310 5501 2544 5548 ntatrum
2575 5489 2798 5560 nuptias
2825 5489 2909 5545 vel
2957 5488 3191 5543 ﬁliarum
3236 5498 3448 5542 concu-

1868 5589 2017 5648 bitus
2038 5586 2351 5660 probarent,
2394 5584 2513 5643 aliae
2549 5583 2861 5657 polluerunt
2892 5594 3014 5637 sese
3058 5578 3267 5634 incesta
3291 5590 3441 5631 mare
