3852 6216
402 302 475 356 27
1039 300 1307 356 EUSEBII
1343 304 1826 361 C/ESARIENSIS
1864 304 2017 362 OPP.
2056 304 2244 362 PARS
2282 307 2347 362 ιι.
2381 339 2454 350 -
2493 307 3005 366 APOLOGETICA.
3595 308 3670 360 '18

405 436 529 474 cum
563 419 806 474 maribus
836 419 1066 475 libidine
1101 439 1116 476 :
1151 420 1243 475 alii
1279 422 1487 476 cultum
1519 421 1772 478 Numinis
1802 421 1858 477 in
1881 422 1982 476 ho-

2093 423 2392 489 ποθυσίαις,
2429 426 2522 478 καὶ¹
2565 423 2718 489 ζώων
2754 424 2962 492 ἀλόγων
2995 421 3294 484 θεοποιίαις
3316 459 3330 484 ,
3365 419 3572 490 ἀψύχου
3608 436 3668 472 τε

405 511 1037 574 minibusimmolandis,
1075 512 1158 566 vel
1208 511 1393 566 divina
1433 514 1784 568 veneratione
1813 513 1988 569 brutis

405 603 778 657 animantibus
807 610 903 656 aut
957 601 1144 667 idolis,
1181 603 1523 658 exinanima
1551 603 1783 658 materia
1817 602 1990 657 fabri-

404 696 544 750 catis
563 695 802 749 exhibita
836 703 1127 765 ponerent,
1153 678 1238 751 vel
1262 695 1317 752 in
1352 695 1644 766 spirituum
1673 695 1990 766 multiplicis

404 788 613 844 erroris
642 795 925 842 auctorum
963 789 1449 859 superstitionibus
1471 789 1809 847 collocarent
1833 805 1856 846 ε,
1875 787 1995 846 aliae

405 883 561 934 vivos
586 887 879 934 exurerent
905 887 1064 935 aetate
1095 880 1492 952 provectiores,
1533 880 1652 934 aliae
1675 879 1840 936 etiam
1861 879 1996 934 cha-

405 973 658 1028 rissimos
682 987 791 1027 non
824 972 1140 1027 dubitarent
1175 971 1412 1031 flammis
1465 972 1708 1036 tradere,
1733 972 1854 1026 aliae
1883 973 1992 1026 vita

408 1064 767 1132 spoliatorum
803 1063 952 1118 vesci
985 1064 1246 1118 carnibus
1281 1063 1569 1133 pulchrum
1616 1071 1669 1118 et
1689 1063 1839 1133 pium
1873 1079 1996 1118 esse

407 1157 806 1212 existimarent.
840 1155 1125 1222 Quomodo
1155 1156 1320 1226 igitur
1334 1156 1536 1226 eosqui
1566 1162 1675 1209 tam
1698 1155 1993 1210 belluinam

407 1247 675 1304 ducerent
697 1248 884 1313 vitam,
928 1256 1357 1303 consentaneum
1419 1256 1538 1307 erat
1595 1247 1994 1306 benedictionis

405 1339 513 1392 viri
545 1337 652 1393 Deo
678 1338 988 1393 cbarissimi
1025 1337 1138 1391 ﬁeri
1163 1345 1469 1402 consortes,
1499 1339 1607 1392 nisi
1652 1340 1840 1408 utique
1882 1338 1991 1393 bel-

409 1432 559 1485 luina
600 1432 690 1484 illa
715 1431 826 1484 vita
865 1431 1077 1498 abiecta
1127 1437 1180 1483 et
1207 1431 1418 1493 relicta,
1446 1432 1790 1486 consimilem
1824 1430 1994 1486 Abra-

407 1523 570 1576 bamo
598 1522 852 1591 pietatem
877 1502 1174 1589 aliquando
1205 1529 1390 1576 essent
1413 1523 1750 1592 amplexari?
1780 1521 1915 1576 Nam
1940 1533 1995 1578 et

408 1615 500 1670 ille
535 1614 838 1683 alienigena
867 1622 921 1668 et
956 1615 1170 1668 alienus
1205 1614 1520 1682 perhibetur
1567 1616 1635 1669 ad
1673 1630 1792 1669 eam
1827 1631 1993 1686 quam

407 1704 603 1759 deinde
627 1703 910 1774 professus
927 1714 1010 1760 est
1035 1705 1324 1760 transiisse
1360 1705 1639 1775 pietatem,
1682 1707 1994 1778 avitamque

2095 514 2227 586 ὕλης
2265 516 2521 587 ίδρῦμασι
2555 519 2648 570 καί⁵
2674 516 2999 587 πνευμάτων
3030 512 3381 567 -πολυπλανῶν
3413 512 3675 564 δεισιδαι-

2096 608 2308 678 μονίαις
2354 607 2661 665 ἀνετίθετο·
2704 607 2780 666 τὸ,
2827 607 2886 660 δέ
2941 605 3147 672 ζῶντας
3189 605 3509 658 κατακαίειν
3543 605 3673 693 τοὺς
3758 612 3780 693 ζ

2091 697 2503 770 γεγηρακότας·
2546 697 2614 754 τά
2655 697 2712 756 δὲ
2765 696 2898 769 πυρὶ
2952 697 3078 759 τοὺς
3113 694 3399 763 φιλτάτους
3440 692 3678 762 παραδιο

2091 772 2276 847 δόναιέ
2312 787 2382 842 τὰ
2417 788 2474 842 δὲ
2522 790 2618 843 καὶ
2673 788 2882 861 νεκρῶν
2921 785 3286 856 ἀπογεύεσθαι
3326 783 3488 838 καλὸν
3532 779 3676 837 εἶναι

2093 879 2190 934 κα“ι⁹
2231 879 2450 943 εὐσεϐὲς
2498 882 2705 950 ἡγεῖτο.
2754 878 2880 943 Πῶς
2911 874 3003 932 οὖν
3037 879 3161 942 τοὺς
3212 879 3279 930 ἐνι
3316 876 3395 948 τῷ
3445 874 3673 946 τοιούτῳ

2094 970 2345 1042 θηριώδει
2381 972 2480 1042 βίῳ
2519 971 2897 1046 προηγμένους
2931 971 3030 1040 τῆς
3057 969 3149 1023 τοῦ
3189 968 3467 1039 θεοφιλοῦς
3502 985 3672 1038 μετα-

2096 1067 2242 1135 σχεῖν
2271 1059 2380 1116 οἷόν
2411 1081 2469 1116 τε
2505 1060 2572 1134 ῆν
2605 1063 2876 1131 εὐλογίας,
2905 1062 2954 1114 εί
3005 1063 3077 1134 μή
3121 1063 3238 1119 ποτέ
3279 1061 3386 1133 ἄρα
3435 1060 3532 1130 τῆς
3575 1059 3674 1130 θη-

2098 1141 2314 1226 ριωδίας
2351 1153 2778 1224 μεταϐαλόντες,
2819 1152 2912 1205 τοῦ
2961 1151 3142 1222 ὁμοίου
3175 1150 3374 1221 τρόπου
3430 1149 3527 1219 τῆς
3575 1147 3672 1200 τοῦ

2109 1245 2360 1317 Ἀϐραὰμ
2409 1244 2720 1308 θεοσεϐείας
2762 1243 2992 1316 ἧμελλόν
3042 1260 3171 1297 ποτε
3231 1239 3671 1314 μεταλήψεσθαις

2108 1340 2259 1392 Ἐπεὶ
2287 1341 2535 1403 κάκεῖνος
2574 1338 2864 1410 ἀλλοεθνὴς
2901 1355 2985 1402 τις
3025 1337 3100 1390 ὣν
3145 1337 3238 1390 καὶ
3265 1336 3569 1407 ἀλλότριος,
3603 1329 3676 1406 ἦς

2096 1431 2323 1503 ὕστερον
2366 1431 2627 1502 μετῆλθεν
2659 1429 2936 1490 εὐσεϐείας
2975 1428 3189 1497 λέγεται
3237 1424 3674 1499 μετατεθεῖσθαι,

2095 1522 2189 1575 καὶ
2240 1521 2339 1592 τῆς
2397 1521 2668 1592 πατρικῆς
2722 1518 3138 1588 δεισιδαιμονίας
3197 1515 3674 1588 μεταϐεϐλῆσθαι,

2095 1611 2241 1668 οἶκόν
2272 1632 2330 1667 τε
2365 1614 2459 1667 καὶ
2491 1614 2846 1682 συγγένειαν,
2889 1613 2984 1665 καὶ
3013 1610 3107 1682 ἔθη
3157 1610 3393 1682 πάτρια,
3445 1609 3561 1679 βίου
3613 1624 3675 1662 τε

2096 1706 2336 1778 ἀγωγὴν,
2371 1709 2428 1758 ἐν
2457 1700 2802 1779 ᾖγεγὲννητό
2825 1721 2884 1756 τε
2908 1705 3001 1758 καὶ
3032 1702 3324 1778 τέθραπτο,
3360 1700 3678 1756 καταλελοι-

408 1796 852 1866 superstitionem
911 1795 1247 1861 deseruisse,
1312 1796 1558 1861 domum,
1584 1801 1986 1868 cognationem,

2097 1799 2257 1854 πέναι
2276 1817 2288 1829 ·
2321 1797 2747 1870 ῆκολουθηκέναι
2775 1797 2832 1850 δὲ
2859 1795 2999 1867 Θεῷ,
3021 1794 3099 1867 τῷ
3127 1795 3220 1848 καὶ
3244 1794 3369 1858 τοὺς
3391 1793 3676 1866 χρησμοὺς

405 1903 590 1944 mores
619 1888 832 1958 patrios
857 1895 910 1943 et
934 1889 1078 1954 vitae,
1131 1887 1188 1942 in
1243 1903 1350 1958 qua
1399 1889 1617 1960 genitus
1645 1897 1784 1956 erat,
1823 1890 1994 1945 ratio-

405 1994 534 2037 nem
579 1981 805 2036 missam
837 1979 1071 2048 fecisse;
1124 1981 1233 2037 Deo
1277 1990 1460 2036 autem
1515 1997 1640 2038 esse
1674 1982 1990 2049 obsecutus,

405 2074 501 2144 qui
526 2075 690 2128 etiam
719 2074 942 2127 oracula
971 2073 1194 2142 scriptis
1217 2073 1432 2144 prodita
1467 2074 1545 2128 illi
1577 2073 1769 2130 edidit.
1803 2075 1860 2130 Si
1891 2076 1995 2146 igi-

406 2174 497 2220 tur
526 2164 702 2221 Moses
755 2165 847 2235 qui
883 2175 1009 2235 post
1057 2165 1431 2221 Abrahamum
1482 2167 1717 2230 exstitit,
1768 2175 1821 2224 et
1849 2184 1994 2228 rem-

405 2258 681 2330 publicam
744 2273 841 2328 per
883 2257 1258 2327 promulgatas
1311 2271 1342 2310 a
1389 2272 1448 2313 se
1491 2258 1638 2328 leges
1677 2257 1991 2316 Judaaorum

405 2349 555 2420 genti
603 2347 852 2404 condidit
899 2361 963 2402 ac
1018 2347 1285 2414 fundavit,
1315 2349 1654 2419 ejuscemodi
1685 2351 1834 2425 leges
1864 2368 1992 2408 san-

406 2440 597 2504 xisset,
633 2455 773 2510 quas
797 2440 901 2496 viri
936 2441 1048 2498 Deo
1083 2441 1235 2496 citari
1273 2451 1400 2497 ante
1427 2458 1554 2498 eum
1589 2450 1742 2498 recte
1781 2444 1991 2514 agendo

405 2531 793 2587 observassent
814 2572 829 2598 ,
873 2541 928 2590 et
948 2549 1069 2598 qua:
1099 2533 1357 2593 omnibus
1388 2534 1642 2604 gentibus
1665 2551 1988 2606 congruere,

407 2631 680 2679 utomnes
711 2626 888 2681 tribus
933 2635 1092 2681 terra)
1140 2633 1195 2680 et
1250 2641 1441 2681 omnes
1464 2633 1655 2697 gentes
1682 2629 1989 2682 secundum

406 2713 576 2769 Mosis
604 2716 1056 2773 constitutionem.
1084 2715 1252 2772 Deum
1279 2716 1521 2771 colerent
1547 2735 1560 2771 :
1589 2717 1672 2773 fas
1705 2726 1824 2773 erat
1845 2719 1990 2772 allir-

405 2823 580 2869 mare,
604 2809 748 2878 quod
793 2825 985 2864 omnes
1034 2826 1103 2865 ex
1152 2811 1411 2866 omnibus
1441 2813 1699 2881 gentibus
1727 2811 1894 2867 Deum
1919 2830 1988 2870 ex

406 2899 523 2970 lege
561 2899 796 2956 Mosaica
828 2903 914 2972 pie
945 2902 1187 2958 colentes
1222 2912 1276 2958 et
1319 2903 1664 2959 Judaismnm
1689 2916 1984 2974 sectantes,

402 2988 718 3061 Judmisqtte
745 2994 1047 3047 secundum
1082 2994 1252 3064 legem
1307 2997 1655 3065 coniunctos,
1687 2997 1986 3054 Abrahami

2096 1893 2244 1965 αὐτῷ
2271 1894 2394 1958 τοὺς
2417 1891 2798 1963 άναγράπτους
2819 1888 3088 1944 δεδωκότι.
3112 1889 3171 1940 Ei
3200 1887 3298 1958 μὲν
3317 1882 3410 1939 οῦν
3434 1884 3675 1954 Μωῦσῆς

2100 1986 2237 2058 μετὰ
2269 1987 2359 2041 τὸν
2422 1983 2673 2057 Ἀϐραὰμ
2727 1982 3050 2052 γενόμενος,
3087 1980 3181 2033 καὶ
3229 1978 3500 2032 πολιτείαν
3548 1975 3676 2029 τινὰ

2093 2079 2181 2133 διὰ
2215 2080 2313 2150 τῆς
2346 2077 2657 2147 ἐκδοθείσης
2704 2076 2794 2128 ὑπ’
2835 2072 3000 2127 αὐτοῦ
3037 2072 3359 2144 νομοθεσίας
3408 2069 3486 2141 τῷ
3542 2071 3676 2123 Ἰου-

2093 2171 2257 2224 δαίων
2290 2170 2431 2224 ἔθνει
2473 2166 2946 2239 καταϐεϐλημένος
2986 2164 3211 2219 τοιαῦτα
3259 2162 3673 2235 ἐνομοθέτησεν,

2093 2259 2181 2318 οἶα
2205 2265 2431 2326 καὶτοῖς
2455 2261 2560 2334 πρὸ
2597 2259 2762 2314 αὐτοῦ
2795 2258 3064 2328 θεοφιλὲσι
3087 2256 3435 2328 κατώρθωτό,
3465 2254 3560 2309 καὶ
3582 2251 3677 2308 οἷα

2091 2355 2314 2412 δυνατὸν
2343 2352 2409 2428 ῆν
2445 2355 2578 2408 πᾶσι
2607 2356 2719 2415 τοῖς
2759 2349 2966 2404 ἔθνεσιν
3002 2350 3384 2421 ἐφαρμόττειν,
3409 2348 3484 2411 ὼς
3513 2347 3679 2400 δύνα-

2093 2449 2214 2503 σθαι
2236 2448 2378 2502 κατὰ
2402 2446 2500 2516 τὴν
2528 2445 2807 2510 Μωῦσέως
2846 2444 3106 2515 διαταγὴν
3143 2445 3322 2504 πάσας
3359 2439 3459 2503 τὰς
3499 2438 3676 2508 φυλάς

2091 2543 2189 2613 τῆς
2210 2541 2333 2613 γῆς,
2359 2540 2453 2593 καὶ
2485 2539 2660 2594 πάντα
2681 2537 2749 2591 τὰ
2775 2537 2903 2608 ἔθνη
2930 2536 3199 2591 θεοσεϐεῖν
3221 2552 3235 2566 ο
3266 2531 3332 2605 ἦν
3367 2535 3559 2596 εἰπεῖν,
3587 2532 3674 2585 ὅτι

2090 2633 2178 2687 διὰ
2209 2634 2305 2704 τῆς
2341 2631 2621 2696 Μωῦσέως
2653 2629 2972 2701 νομοθεσίας
3009 2629 3136 2692 τοὺς
3169 2626 3228 2692 ἐξ
3275 2626 3530 2680 ἁπάντων
3561 2623 3674 2676 τῶν

2091 2725 2260 2780 ἐθνῶν
2310 2723 2776 2794 θεοσεϐήσαντας,
2812 2724 2906 2776 καὶ
2963 2722 3056 2775 τὸν
3124 2720 3452 2791 Ἰουδαϊσμὸν
3497 2716 3675 2788 ζηλώ-

2093 2836 2312 2883 σαντας,
2336 2818 2473 2888 πρὸς
2492 2816 2688 2880 αὐτούς
2711 2833 2768 2874 τε
2790 2814 3184 2886 γενησομένους
3206 2813 3345 2866 κατὰ
3367 2812 3456 2865 τὸν
3482 2810 3672 2880 νόμον,

2089 2909 2550 2980 εὐλογηθήαεσθαι
2602 2910 2668 2978 τῇ
2720 2905 2821 2965 τοῦ,
2867 2905 3120 2976 Ἀϐραὰμ
3160 2904 3381 2975 εὐλογίᾳ
3425 2902 3671 2973 προηγό-

2091 3019 2215 3073 ρευε
2246 3001 2316 3054 τὰ
2347 3000 2523 3068 λόγια.
2555 3000 2751 3070 Ἐχρῆν
2781 2999 2837 3052 δέ
2873 2999 2966 3051 καὶ
2994 2999 3141 3068 ἡμᾶς
3171 2996 3242 3054 τὰ
3271 2995 3425 3068 παρὰ
3447 2994 3676 3048 Μωῦσεῖ

405 3081 784 3138 benedictione
816 3084 1218 3143 benedicendos
1246 3101 1369 3142 esse
1388 3087 1573 3144 divina
1593 3092 1815 3145 oracula
1846 3108 1986 3163 prae-

2093 3093 2489 3162 διατεταγμὲνα
2529 3092 2838 3161 φυλάττειν.
2884 3092 3036 3145 Ἐπεὶ⁵
3089 3090 3147 3144 δὲ
3194 3091 3295 3146 οὐκ
3345 3086 3413 3161 ἦν
3463 3091 3498 3160 ἡ
3528 3086 3674 3140 κατὰ

405 3173 798 3228 nuntiaret-int.
834 3172 967 3244 0pm
984 3174 1130 3230 tebat
1153 3177 1316 3228 etiam
1340 3193 1441 3233 nos
1466 3181 1612 3250 leges
1636 3197 1667 3235 a
1695 3181 1842 3238 Mose
1860 3199 1988 3238 san-

406 3264 542 3318 citus
591 3266 904 3319 observare.
944 3265 1079 3320 Cum
1137 3274 1320 3320 autem
1386 3271 1631 3327 conditio
1675 3273 1989 3345 reipublicae

407 3352 660 3412 Mosaicae
691 3372 794 3410 non
845 3358 1005 3412 fuerit
1062 3359 1276 3414 ueteris
1344 3376 1654 3432 congruens
1710 3367 1986 3435 gentibus,

407 3449 501 3501 sed
535 3451 911 3503 tantummoJo
934 3449 1159 3515 Judteis,
1190 3468 1366 3522 neque
1398 3454 1551 3509 hisce
1579 3457 1871 3523 universis,
1893 3460 1989 3514 sed

409 3541 583 3592 solum
627 3542 971 3597 versantibus
1025 3545 1078 3597 in
1139 3556 1287 3600 terra
1311 3546 1537 3602 Judaica
1568 3569 1579 3602 :
1613 3554 1987 3606 necessarimn

409 3633 632 3684 omnino
665 3644 780 3686 erat
804 3635 965 3687 altam
999 3639 1266 3692 constitui
1333 3641 1620 3707 rationem,
1662 3659 1767 3712 qua
1796 3656 1989 3714 pt‘teter

410 3722 580 3791 legem
628 3723 917 3779 Mosaicam
955 3738 1180 3796 possent
1221 3741 1408 3797 gentes
1456 3734 1660 3803 ubique
1713 3743 1986 3791 terrarum

409 3813 732 3877 incolentes,
772 3833 892 3886 qth
921 3821 1260 3876 consimilem
1293 3823 1605 3878 Abrabatno
1636 3827 1798 3880 vitam
1831 3828 1989 3884 duce-

408 3918 551 3971 rent,
590 3907 834 3964 eamdem
871 3925 994 3963 cum
1035 3912 1127 3966 illo
1157 3914 1588 3972 bene-dictionem
1613 3917 1880 3975 obtinere.

939 4025 1058 4093 1‘“
1091 4026 1322 4082 CAPUT
1365 4027 1451 4083 Ill.

329 4123 335 4129 ‘
409 4109 564 4177 Quod
580 4111 812 4168 conditio
833 4116 1133 4178 reipublica:
1156 4117 1408 4172 Mosaica:
1433 4136 1535 4173 non
1560 4120 1720 4185 fuerit
1742 4119 1987 4176 omnibus

888 4187 1126 4255 gentibus
1161 4189 1490 4244 conveniens.

478 4293 632 4360 Quod
663 4307 843 4354 autem
877 4301 1305 4358 constitutiones
1341 4303 1592 4360 Mosaicae
1623 4303 1826 4362 Judteis
1863 4314 1988 4362 tan-

408 4391 710 4453 tummoJo,
745 4398 803 4444 ut
826 4389 961 4452 dixi,
1006 4410 1183 4463 neque
1213 4396 1364 4450 bisce
1399 4399 1654 4453 omnibus
1684 4401 1814 4468 (non
1835 4403 1983 4457 enim

2089 3185 2327 3241 Μωῦσέα
2383 3183 2627 3236 πολιτεία
2682 3180 3014 3252 κατάλληλος
3046 3183 3155 3243 τοῖς
3207 3179 3412 3242 λοιποῖς
3461 3177 3674 3238 ἔθνεσιν

2089 3274 2203 3328 ἀλλ’
2233 3275 2265 3346 ἢ
2300 3274 2480 3346 μόνοις
2524 3273 2812 3336 Ἰουδαίοις,
2843 3272 2937 3325 καὶ
2960 3272 3170 3334 τούτοις
3201 3271 3323 3340 οὐχὶ
3342 3273 3451 3331 τοῖς
3479 3269 3671 3334 πᾶσιν,

2090 3367 2225 3420 ἀλλὰ
2255 3370 2365 3432 τοῖς
2397 3367 2489 3419 ἐπὶ
2526 3367 2626 3436 τῆς
2662 3365 2921 3429 Ἰουδαίας
2948 3365 3052 3434 γῆς
3091 3364 3190 3428 τὰς
3231 3361 3510 3434 διατριϐὰς
3550 3379 3675 3413 ποι-

2089 3459 2336 3530 ουμένοις
2353 3475 2365 3489 ο
2397 3457 2581 3529 ἕτερον
2614 3457 2782 3528 ἐχρῆν
2805 3455 2862 3520 ἐξ
2889 3457 3125 3519 ἅπαντος
3145 3455 3442 3524 ὑποστῆναι
3468 3454 3674 3522 τρόπον

2091 3551 2241 3621 παρὰ
2273 3551 2364 3602 τὸν
2397 3550 2674 3613 Μωῦσέως
2703 3549 2887 3620 νόμον,
2924 3547 3043 3601 καθ’
3074 3547 3132 3600 ὃν
3163 3546 3405 3617 ἔμελλον,
3446 3544 3672 3615 βιοῦντα

2089 3643 2290 3712 ὁμοίως
2311 3640 2388 3712 τῷ
2439 3641 2688 3713 Ἀϐραὰμ
2722 3641 2791 3694 τὰ
2824 3639 2944 3693 καθ’
2972 3640 3100 3710 ὅλης
3147 3637 3471 3709 οἰκουμένης
3514 3634 3672 3706 ἔθνη,

2089 3735 2188 3804 τῆς
2212 3734 2333 3805 ἴσης
2357 3733 2504 3805 αὐτῷ
2535 3734 2881 3805 κοινωνήσειν
2905 3731 3182 3800 εὐλογίας.,

2616 4018 3012 4073 ΚΕΦΑΛΑΙΟΝ
3058 4019 3142 4076 1'“.

2092 4111 2211 4164 Ὅτι
2238 4109 2324 4181 μὴ
2352 4108 2504 4166 πᾶσι
2529 4110 2656 4177 τοῖς
2687 4110 2890 4183 ἔθνεσι
2933 4110 3320 4180 κατάλληλος
3445 4111 3486 4181 ἡ
3511 4113 3667 4168 κατὰ

2583 4181 2838 4236 Μωϋσέα
2884 4183 3171 4236 πολιτεία.

2163 4295 2284 4348 Ὀτι
2330 4294 2387 4348 δὲ
2419 4297 2452 4365 ἡ
2487 4293 2629 4348 κατὰ
2668 4295 2909 4348 Μωῡσέα
2951 4294 3181 4367 διαταγὴ
3243 4293 3549 4359 Ἰουδαίοις,
3587 4295 3664 4359 ὼς

2088 4387 2246 4458 ἔφην,
2295 4388 2390 4441 καὶ
2441 4387 2650 4451 τούτοις
2700 4388 2821 4458 οὐχὶ
2871 4389 3035 4440 πᾶσιν
3092 4387 3233 4458 (οὐδὲ
3280 4387 3388 4458 γὰρ
3445 4390 3558 4452 τοῖς
3605 4391 3665 4441 ἐν

407 4478 476 4532 iis
497 4482 588 4546 qui
622 4480 674 4532 in
708 4481 1052 4550 dispersione
1077 4487 1418 4551 victitabant,
1465 4490 1557 4543 sed
1593 4490 1726 4545 solis
1774 4494 1829 4546 in
1882 4492 1984 4546 Pa-

2093 4479 2354 4550 Βιασπορᾷ
2395 4479 2771 4549 τυγχάνουσιν,
2824 4479 2938 4533 ἀλλ’
2971 4479 3004 4550 ἢ
3058 4480 3238 4550 μόνοις
3271 4484 3385 4544 τοῖς
3419 4481 3516 4551 τὴν
3554 4482 3666 4534 Πα-

409 4571 615 4624 laestina
650 4575 1022 4645 venantibus)
1057 4578 1482 4633 accommodatae
1536 4579 1739 4634 fuerint
1798 4603 1810 4637 :
1871 4585 1986 4639 evi-

407 4663 542 4716 dens
573 4666 670 4718 tibi
703 4668 807 4719 erit
839 4668 912 4720 ita
944 4670 1241 4738 colligenti.
1292 4671 1381 4724 Ait
1431 4673 1631 4728 alicubi
1691 4675 1868 4731 Moses
1902 4677 1983 4731 le-

406 4769 577 4824 geque.
636 4759 877 4827 praeripit
913 4761 953 4790 ¹⁰
989 4778 1003 4814 :
1041 4777 1059 4810 ι
1089 4760 1193 4816 Ter
1235 4764 1430 4833 quovis
1485 4781 1629 4820 anno
1705 4769 1987 4838 apparebit

406 4861 568 4901 omne
624 4853 926 4906 masculum
979 4863 1128 4908 tuum
1177 4871 1361 4910 coram
1398 4856 1632 4912 Domino
1662 4857 1769 4914 Deo
1799 4869 1914 4916 tuo.
1959 4881 1980 4914 ι

407 4940 584 5010 Atque
608 4942 786 4997 adhuc
819 4946 991 5015 magis
1037 4948 1345 5017 perspicue,
1376 4950 1598 5004 ubinam
1652 4952 1852 5024 triplici
1885 4967 1982 5022 per

407 5047 608 5085 annum
636 5043 878 5102 tempore
909 5037 1197 5091 universos
1236 5041 1532 5095 convenire
1561 5050 1855 5109 Oporteret,
1886 5043 1983 5099 de-

407 5125 665 5177 terminat
695 5140 817 5178 eum
851 5127 927 5180 ait
953 5128 992 5158 ¹¹
1026 5147 1038 5182 :
1079 5147 1096 5179 ι
1139 5127 1340 5185 Tribus
1367 5131 1704 5200 temporibus
1734 5133 1862 5186 anni
1886 5148 1983 5203 ap-

408 5217 617 5285 parebit
645 5232 807 5272 omne
838 5222 1141 5275 masculum
1183 5230 1335 5276 tuum
1382 5237 1568 5277 coram
1608 5222 1840 5278 Domino
1868 5225 1981 5280 Deo

405 5320 519 5371 tuo,
550 5309 603 5361 in
631 5310 752 5364 loco
775 5327 936 5381 quem
962 5312 1222 5382 delegerit
1249 5313 1534 5368 Dominus.
1572 5334 1591 5366 ι
1628 5313 1814 5378 Vides,
1835 5317 1980 5382 quod

404 5415 511 5455 non
550 5402 602 5455 in
637 5402 860 5458 civitate
886 5419 1235 5474 quacunque,
1271 5420 1375 5461 nec
1403 5406 1595 5475 quovis
1623 5407 1712 5460 ubi
1745 5422 1866 5462 sors
1892 5414 1979 5460 tu-

397 5492 528 5546 lerit
552 5492 672 5547 loco
695 5494 1185 5563 convenirejubet,
1218 5495 1312 5549 sed
1350 5514 1369 5547 ι
1407 5495 1462 5549 in
1495 5496 1638 5559 loco,
1676 5511 1838 5566 quem
1882 5495 1980 5552 de-

399 5585 595 5652 legerit
620 5583 885 5641 Dominus
911 5584 1054 5640 Deus
1091 5595 1219 5642 tuus
1253 5588 1318 5643 1’.
1356 5606 1376 5639 ›
1411 5585 1490 5642 lbi
1524 5589 1702 5644 tribus
1751 5603 1848 5660 per
1879 5603 1978 5642 an-

477 5740 516 5769 ¹⁰
551 5738 721 5794 Exod.
765 5756 920 5807 χχιιι,
960 5741 1052 5810 l7;
1083 5741 1252 5800 Exod.
1297 5760 1481 5812 xxxiv,
1521 5746 1611 5801 25.

2090 4571 2366 4642 λαιστίνην
2408 4572 2647 4625 οἰκοῦσιν
2690 4572 3050 4643 ἐφήρμοζεν),
3099 4567 3202 4626 ὦδὲ
3234 4590 3316 4626 σοι
3355 4573 3660 4642 συλλογιζο-

2094 4663 2239 4733 μένῳ
2261 4663 2491 4733 φανερὸν
2526 4663 2699 4716 ἔσται.
2739 4665 2876 4735 Φησί
2915 4682 3016 4718 που
3050 4665 3291 4736 Μωῡσῆς
3318 4665 3623 4736 νομοθετῶν
3647 4683 3667 4699 ι

2097 4770 2114 4802 ι
2153 4750 2283 4820 Τρὶς
2323 4749 2418 4804 τοῦ
2462 4751 2707 4805 ἐνιαυτοῦ
2749 4754 3046 4825 ὀφθήσεται
3087 4757 3194 4808 πᾶν
3240 4756 3525 4825 ἀρσενικόν
3566 4773 3664 4810 σου

2090 4843 2317 4897 ἐνώπιον
2349 4844 2554 4916 Κυρίου
2578 4845 2671 4897 τοῦ
2700 4844 2835 4898 Θεοῦ
2867 4862 2981 4899 σου.
3013 4865 3031 4898 ι
3062 4848 3172 4900 Καὶ
3203 4847 3282 4900 ἔτι
3309 4849 3662 4921 σαφέστερον,

2087 4937 2220 4990 ὅπου
2272 4937 2440 5008 ἐχρῆν
2473 4938 2719 5009 ὰπαντᾷν
2761 4941 2885 5002 τοὺς
2909 4940 3118 5004 πάντας
3148 4942 3341 5012 τρίτον,
3355 4940 3448 4994 τοῦ
3485 4941 3660 5008 ἔτους,

2087 5028 2336 5100 ἀφορίζει
2360 5030 2533 5097 λέγων
2553 5047 2566 5061 υ
2597 5049 2616 5081 t
2640 5031 2798 5100 Τρεῖς
2831 5032 3052 5101 καιροὺς
3082 5031 3176 5084 τοῦ
3212 5031 3454 5086 ἐνιαυτοῦ
3491 5033 3663 5104 ὀφθή-

2088 5143 2239 5180 σεται
2265 5128 2373 5180 πᾶν
2413 5126 2697 5197 ἀρσενικόν
2748 5142 2840 5177 σου
2877 5125 3115 5179 ἐναντίον
3155 5127 3357 5198 Κυρίου
3391 5125 3498 5179 τοῦι
3527 5125 3662 5180 Θεοῦ

2089 5237 2203 5284 σου,
2262 5222 2320 5273 ὲν
2374 5219 2451 5290 τῷ
2499 5220 2650 5290 τόπῳ
2771 5217 2837 5272 ἂν
2876 5218 3161 5290 ἐκλέξηται
3207 5219 3429 5292 Κύριος.
3464 5240 3482 5272 ι
3509 5220 3661 5274 Θεω-

2091 5315 2221 5383 ρεῖς,
2263 5312 2340 5375 ὼς
2371 5314 2470 5366 οὐκ
2511 5315 2569 5365 ἐν
2615 5313 2764 5386 πάσῃ
2799 5313 2969 5377 πόλει,
2995 5314 3102 5366 οὐδ’
3134 5314 3254 5367 ὅποι
3275 5314 3461 5384 ἔτυχεν
3485 5315 3661 5367 ἅπαν.

2084 5408 2183 5476 τᾷν
2231 5406 2577 5478 προστάττει,
2608 5406 2721 5458 ἀλλ’
2764 5425 2782 5457 ι
2822 5409 2878 5460 ἐν
2941 5407 3089 5479 τόπῳ
3151 5401 3194 5476 ᾧ
3235 5407 3327 5459 ἐὰν
3373 5405 3660 5478 ἐκλέξηται

2085 5497 2308 5568 Κύριος,
2333 5499 2362 5550 ὁ
2389 5498 2519 5561 Θεός
2540 5515 2654 5552 σου.
2697 5518 2714 5549 ›
2748 5499 2916 5552 Ἔνθα
2944 5501 3122 5569 τρισὶν
3151 5501 3379 5553 ἑκάστου
3409 5499 3656 5554 ἐνιαυτοῦ

2085 5592 2295 5660 καιροῖς
2324 5590 2415 5643 ἐπὶ
2455 5589 2621 5643 ταυτὸ
2671 5591 2908 5644 συνιέναι
2937 5591 3231 5662 νομοθετεῖ,
3266 5593 3506 5655 καὶτοὺς
3543 5608 3660 5646 και-

1693 5745 1731 5778 ¹¹
1776 5744 1932 5802 Deut.
1978 5765 2089 5814 xvt,
2133 5745 2219 5802 16.
2296 5746 2336 5779 ¹²
2378 5744 2535 5802 Deut.
2581 5763 2752 5812 xxvn,
2791 5746 2882 5804 26.
