3842 6218
142 341 213 396 29
1031 337 1692 397 DEMONSTRATIONIS
1729 325 2192 394 EVANGELICE.
2233 333 2364 390 LIB.
2407 333 2453 392 ι.
3343 332 3412 386 so

146 464 277 535 ροὺς
308 459 582 533 ἀφορίζει,
610 458 732 514 καθ’
759 456 856 523 οὓς
882 459 1131 531 ἀπαντᾷν
1162 461 1330 533 ἐχρῆν
1370 461 1428 514 ὲν
1454 459 1532 531 τῷ
1557 460 1716 532 τόπῳη

1833 475 1964 514 num
2007 455 2366 528 temporibus,
2401 451 2720 524 congregari
2765 452 2820 505 in
2861 465 3028 504 unum
3054 449 3229 518 jubet,
3269 455 3408 503 tem-

140 556 201 608 ὲν
250 553 297 624 ᾧ
341 554 411 608 τά
454 553 555 622 τῆς
585 553 706 606 κατ’
761 552 923 605 αὑτὸν
961 551 1218 623 λατρείας
1255 553 1596 607 ὲπετελεῖτο·
1635 553 1732 605 ἕνα

142 647 246 720 μὲν
283 644 371 700 τοῦ
410 647 625 716 Πάσχα,
666 644 918 716 δεύτερον
947 645 1038 697 τὸν
1065 646 1204 716 μετὰ
1228 648 1568 718 πεντήκοντα
1598 647 1736 718 ἡμέ-

142 758 246 811 ρας
278 739 371 792 ἐπὶ
396 739 497 809 τῆς
540 738 944 809 ὀνομαζομένης
974 737 1358 810 Πεντηκοστῆς
1380 740 1576 812 ἑορτῆς
1594 755 1608 769 ·
1637 740 1734 792 καὶ

138 831 323 902 τρίτον
347 829 668 900 τῷ-ὲϐδόμῳ
693 829 824 899 μηνὶ
857 828 996 900 μετὰ
1014 829 1074 882 τὸ
1103 831 1294 901 Πάσχα
1325 831 1468 884 κατά
1515 831 1615 902 τὴν
1637 829 1732 883 τοῦ

139 920 374 992 ἱλασμοῦ
406 919 641 991 ἡμέραν,
670 919 792 973 καθ’
821 920 888 991 ἦν
923 920 1090 974 εἰσέτι
1120 921 1215 974 νῦν
1263 922 1505 975 Ἰουδαῖοι
1531 922 1733 987 πάντες

135 1014 236 1084 τὴν
299 1013 553 1084 νηστείαν
611 1012 970 1067 ἐπιτελοῦσιν.
1034 1015 1339 1086 Ἐπαρᾶταί
1393 1032 1453 1068 τε
1500 1017 1613 1079 τοῖς
1656 1016 1731 1087 μὴ

132 1106 442 1177 ἐμμένουσι
485 1109 594 1170 τοῖς
628 1107 1130 1178 νομοθετουμένοις.
1173 1107 1384 1161 Οὐκοῦν
1429 1109 1557 1171 τοὺς
1603 1107 1732 1178 μέλ-

132 1197 329 1262 λοντας
390 1199 636 1261 ἅπαντας
680 1199 931 1270 ἁπαντᾷν
973 1199 1155 1272 τρίτον
1207 1199 1302 1253 τοῦ
1339 1199 1493 1263 ἔτους
1538 1200 1618 1263 είς
1663 1197 1732 1252 τά

145 1290 528 1360 Ἱεροσόλυμα,
559 1291 654 1343 καὶ
682 1289 753 1343 τά
771 1291 980 1361 νόμιμα
1014 1290 1278 1364 πληροῦν,
1311 1293 1370 1345 οὐ
1403 1292 1592 1363 πόρρω
1626 1310 1730 1345 που

132 1378 232 1448 τῆς
300 1377 561 1441 Ἰουδαίας
605 1380 775 1451 ἐχρῆν
817 1382 992 1452 δήπου
1032 1383 1222 1446 οἰκεῖν,
1271 1382 1387 1436 ἀλλ’
1422 1383 1561 1435 είσὶν
1589 1383 1733 1453 ἀμφὶ

131 1473 262 1532 τοὺς
286 1471 456 1541 ὄρους
483 1487 495 1498 ·
524 1472 573 1523 εί
605 1472 662 1523 δὲ
687 1471 750 1543 δὴ
784 1474 897 1534 τοῖς
943 1474 1284 1544 πορρωτάτω
1317 1473 1419 1545 τῆς
1448 1473 1735 1528 Παλαιστί-

130 1580 230 1630 νης
252 1564 502 1617 οἰκοῦσιν
545 1564 822 1628 Ἰουδαίοις
848 1563 1085 1618 ἀδύνατα
1107 1560 1177 1636 ἦν
1211 1565 1386 1619 τελεῖν
1411 1566 1480 1619 τά
1507 1583 1731 1637 νενομο-

131 1653 436 1725 θετημένα,
465 1654 663 1708 πολλοῦ
689 1656 856 1724 φάναι
892 1658 1007 1720 τοῖς
1051 1659 1218 1710 πᾶσιν
1264 1656 1462 1721 ἔθνεσι,
1497 1659 1732 1723 καὶτοῖς

128 1748 189 1798 ὲν
222 1749 347 1810 ταῖς
396 1748 679 1817 ἐσχατιαῖς
711 1746 938 1818 τῆς’γῆς
983 1747 1337 1819 ἐφαρμόζειν.
1387 1749 1727 1804 Ἐπάκουσον

1835 566 2080 623 poraque
2110 549 2435 604 determinat
2463 543 2663 614 quibus
2698 543 2990 599 convenire
3019 546 3268 611 oporteat
3291 540 3411 594 loco

1835 659 1946 712 quo
1975 641 2147 696 divini
2180 640 2362 695 cultus
2402 637 2577 693 oﬂicia
2607 637 2931 701 obibantur;
2985 649 3155 687 unum
3188 632 3409 702 quidem

1833 733 2144 797 Paschalis,
2187 731 2420 786 alterum
2469 736 2594 799 post
2639 727 2758 782 dies
2805 725 3223 797 quinquaginta,
3272 722 3412 778 festo

1833 829 1980 900 quod
2031 827 2386 882 Pentecostes
2435 823 2564 877 inde
2613 821 2762 875 venit
2812 821 3054 882 nomine,
3100 827 3154 874 et
3177 819 3411 873 tertium

1833 932 2022 972 mense
2056 917 2289 986 septimo
2336 921 2462 984 post
2502 911 2735 975 Pascha,
2765 911 2854 966 die
2902 909 3253 981 expiationis,
3302 924 3413 979 quo

1835 1009 2141 1064 etiamnum
2170 1005 2346 1062 Judaei
2380 1005 2546 1060 hodie
2574 1018 2767 1059 omnes
2803 1002 3076 1071 jejunium
3109 1002 3409 1056 celebrant.

1833 1097 1980 1154 Diris
2030 1107 2211 1154 autem
2261 1097 2442 1152 Moses
2497 1110 2592 1151 eos
2635 1095 2883 1157 devovet,
2920 1095 3014 1163 qui
3057 1093 3268 1164 legibus
3297 1093 3413 1148 suis

1833 1191 2046 1247 sancita
2079 1206 2190 1245 non
2214 1189 2650 1244 observaverint.
2683 1186 2852 1256 Atqui
2894 1186 3018 1250 hos,
3065 1187 3158 1255 qui
3209 1184 3411 1254 triplici

1830 1285 1951 1339 vice
1978 1299 2075 1353 per
2127 1298 2331 1337 annum
2362 1281 2623 1336 deberent
2655 1279 3049 1351 Hierosolymis
3090 1278 3408 1342 convenire,

1833 1375 2088 1444 ritusque
2117 1374 2332 1445 legibus
2356 1373 2684 1428 constitutos
2715 1371 2783 1425 ad
2827 1371 3048 1441 plenum
3090 1371 3262 1434 obire,
3297 1383 3412 1424 non

1834 1466 2026 1537 procul
2053 1481 2084 1518 a
2113 1464 2299 1520 Iudaea
2330 1465 2582 1520 habitare
2619 1462 2905 1533 oportebat
2936 1481 2950 1516 :
2982 1461 3077 1532 qui
3105 1476 3237 1516 vero
3259 1462 3409 1516 circa

1833 1570 2107 1612 extremos
2129 1556 2431 1612 Palaestinae
2452 1556 2674 1619 limites,
2701 1562 2793 1608 aut
2824 1555 3041 1626 longius
3062 1570 3092 1607 a
3117 1553 3409 1609 Palaestina

1834 1651 2103 1722 degebant
2150 1647 2345 1714 Judaei,
2398 1657 2667 1720 praecepta
2716 1649 2852 1719 legis
2899 1648 3162 1718 perlicere
3213 1645 3409 1715 nequi-

1835 1744 2004 1807 bant;
2037 1750 2248 1797 tantum
2281 1743 2460 1808 abest,
2493 1750 2554 1796 ut
2598 1741 2857 1796 omnibus
2906 1741 3162 1812 gentibus
3191 1747 3245 1795 et
3272 1738 3405 1793 ulti-

127 1840 186 1893 δὲ
215 1841 342 1893 τίνα
365 1839 570 1910 τρόπον
592 1840 620 1892 ὁ
647 1839 812 1903 αὐτὸς
854 1839 1018 1893 πάλιν
1053 1839 1348 1911 νομοθέτης
1373 1839 1471 1912 τὴν
1503 1840 1612 1894 ἀπὸ
1638 1840 1716 1894 λέ-

1832 1849 1950 1889 mas
1982 1844 2161 1889 terras
2208 1833 2578 1889 incolentibus
2627 1832 2742 1887 haec
2798 1833 3036 1903 potuerit
3080 1845 3405 1900 congruere.

128 1946 260 2000 χους
314 1931 552 1998 γυναῖκα
595 1927 842 1998 ἀπαντᾷν
900 1929 1251 2000 προστάττει,
1288 1929 1383 1983 καὶ
1429 1930 1620 1994 θυσίας
1653 1930 1731 2002 τῷ

127 2021 249 2092 Θεῷ
273 2022 628 2094 προσφέρειν,
655 2022 829 2090 λέγων
857 2021 1059 2087 οὕτως·
1098 2041 1118 2075 ‹
1144 2024 1255 2078 Καὶ
1270 2023 1498 2096 έλάλησε
1525 2023 1730 2094 Κύριος

127 2114 268 2184 πρὸς
311 2114 579 2184 Μωῡσῆν,
620 2113 826 2182 λέγων·
867 2114 1116 2186 Λάλησον
1162 2118 1272 2180 τοῖς
1301 2117 1436 2180 υἱοῖς
1488 2116 1726 2188 Ἰσραὴλ,

125 2205 226 2259 καὶ
246 2204 397 2276 ἐρεῖς
426 2205 782 2276 πρδςιαΰτούς
801 2223 816 2236 ·
850 2205 993 2277 Γυνὴ
1031 2207 1156 2278 ἡτις
1181 2205 1276 2259 ὲὰν
1320 2208 1726 2280 σπερματισθῇ,

123 2293 223 2346 καὶ
244 2292 382 2363 τέκῃ
423 2293 614 2364 ἁρσεν,
661 2293 974 2364 ἀκάθαρτος
1027 2294 1180 2348 ἔσται
1231 2297 1374 2349 έπτὰ
1425 2297 1659 2369 ἡμέρας.
1702 2317 1722 2350 ι

124 2379 264 2439 Εἶτα
294 2383 502 2454 μεταξύ
540 2401 663 2439 τινα
697 2384 889 2450 είπὼν,
912 2387 1195 2459 ἐπιφέρει·
1237 2406 1256 2438 ‹
1295 2388 1405 2440 Καὶ
1435 2389 1564 2442 ὅταν
1591 2389 1728 2462 πλη-

126 2475 381 2547 ρωθῶσιν
403 2478 457 2531 αἱ
490 2477 697 2549 ἡμέραι
734 2476 1056 2548 καθάρσεως
1101 2478 1274 2549 αὐτῆς
1307 2479 1395 2548 ἐφ’
1427 2479 1529 2552 υίῷ
1561 2480 1596 2552 ἢ
1634 2481 1727 2534 ἐπὶ

123 2567 385 2639 θυγατρὶ,
421 2569 704 2640 προσοίσει
731 2569 902 2640 ἀμνὸν
921 2569 1192 2624 ἐνιαύσιον
1214 2573 1297 2635 είς
1325 2570 1722 2639 όλοκάρπωμα,

123 2658 223 2714 καὶ
254 2656 482 2712 νεοσσὸν
545 2661 875 2733 περιστερᾶς
911 2659 945 2732 ἢ
989 2661 1229 2731 τρυγόνα
1259 2662 1390 2733 περὶ
1426 2662 1723 2734 ἁμαρτίας,

122 2751 221 2804 ἐπὶ
251 2750 359 2822 τὴν
387 2749 564 2821 θύραν
599 2752 699 2823 τῆς
733 2752 939 2823 σκηνῆς
965 2752 1060 2806 τοῦ
1095 2753 1417 2826 μαρτυρίου.
1448 2754 1594 2826 Πρὸς
1631 2755 1725 2808 τὸν

125 2842 279 2912 ἱερέα
307 2842 596 2912 προσοίσει
622 2842 762 2897 αὑτά
801 2843 979 2898 ἔναντι
1012 2845 1243 2916 Κυρίου.
1279 2845 1390 2899 Καὶ
1418 2845 1723 2910 ὲξιλὰσεται

126 2934 258 3005 περὶ
275 2934 455 3004 αὐτῆς
472 2935 502 2986 ό
533 2936 734 3007 ἱερεὺς,
769 2937 864 2990 καὶ
895 2936 1150 3009 καθαριεῖ
1171 2937 1339 3010 αὐτὴν
1368 2939 1476 2992 ἀπὸ
1495 2940 1594 3012 τῆς
1621 2955 1725 3011 πη-

125 3025 232 3095 γῆς
268 3024 367 3078 τοῦ
405 3026 637 3095 αἵματος
676 3027 869 3096 αὐτῆς.
915 3020 1084 3092 Οὗτος
1115 3029 1144 3081 ό
1170 3029 1332 3100 νόμος
1374 3031 1474 3102 τῆς
1506 3029 1723 3085 τικτού-

122 3132 230 3186 σης
252 3117 424 3188 ἄρσεν
461 3118 495 3188 ἢ
537 3117 696 3187 θῆλυ.
727 3136 746 3168 ι
787 3119 908 3172 Ἔτι
939 3119 1076 3191 πρὸς
1103 3118 1317 3183 τούτοις
1352 3121 1382 3172 ὁ
1411 3119 1576 3185 αὐτὸς
1625 3120 1720 3176 καὶ

124 3207 218 3260 τὸν
241 3208 356 3260 ἀπὸ
387 3208 590 3278 κήδους
641 3208 736 3262 καὶ
771 3209 982 3281 νεκρῶν
1030 3211 1248 3282 ἐπαφῆς
1288 3213 1619 3283 προστάττει
1647 3213 1722 3285 μὴ

123 3299 303 3363 ἄλλως
333 3298 702 3370 καθαίρεσθαι
733 3299 767 3370 ἢ
805 3299 896 3353 διά
929 3318 1073 3365 τινος
1107 3301 1303 3356 σποδοῦ
1328 3303 1613 3373 δαμάλεως
1637 3304 1722 3373 ἐφ’

122 3392 276 3456 ὅλαις
323 3392 564 3463 ἡμέραις
598 3391 759 3454 έπτά,
803 3393 913 3445 τῶν
939 3394 1186 3464 συνήθων
1223 3395 1558 3450 ἀποστάντα.
1614 3395 1722 3449 Λέ-

122 3500 211 3552 γει
243 3481 400 3551 γοῦν·
429 3480 582 3536 (Καὶ
612 3481 764 3535 ἐσται
783 3486 896 3546 τοῖς
921 3485 1057 3548 υἱοῖς
1084 3485 1301 3556 Ἰσραὴλ
1333 3487 1558 3550 καὶτοῖς
1581 3503 1720 3558 προ-

122 3576 406 3647 κειμένοις
453 3574 816 3647 προσηλύτοις
842 3577 900 3628 ὲν
940 3575 1090 3646 μέσῳ
1121 3577 1300 3630 αὐτῶν
1332 3578 1563 3649 νόμιμον
1591 3577 1724 3631 αίώ-

123 3685 257 3722 νιον.
302 3668 363 3722 ’0
390 3668 699 3737 ἁπτόμενος
724 3667 818 3721 τοῦ
852 3667 1177 3739 τεθνηκότος
1210 3669 1393 3740 πάσης
1417 3669 1597 3740 ψυχῆς
1630 3671 1724 3724 ἀν-

123 3757 350 3830 θρώπου
398 3757 712 3829 ἀκάθαρτος
746 3756 929 3811 ἔσται·
966 3757 1106 3812 έπτά
1128 3758 1365 3829 ἡμέραις
1397 3758 1722 3830 ἀγνισθὴσε-

124 3867 247 3902 ται·
281 3851 350 3920 τῇ
387 3849 570 3921 ἡμέρᾳ
608 3851 674 3920 τῇ
719 3849 877 3924 τρίτῃ
909 3851 1005 3902 καὶ
1035 3853 1100 3921 τῇ
1137 3849 1339 3922 ἐϐδόμῃ
1383 3849 1720 3924 καθαρισθὴ-

129 3957 302 3996 σεται.
345 3941 472 3995 Ἐἀν
497 3943 553 3994 δὲ
585 3942 659 4012 μὴ
696 3940 1002 4013 ἀφαγνισθῇ
1032 3944 1097 4013 τῇ
1129 3941 1313 4012 ἡμέρα
1337 3945 1404 4013 τῇ
1432 3941 1592 4014 τρίτῃ
1626 3944 1721 3997 καὶ⁵

1831 1927 1975 1980 Audi
2025 1942 2189 1998 porro
2230 1926 2508 1997 quomodo
2556 1925 2697 1980 idem
2745 1924 3249 1995 rursuslegislator
3279 1938 3406 1977 mu-

1831 2019 2020 2074 lierem
2053 2035 2082 2072 a
2110 2017 2400 2088 puerperio
2433 2018 2694 2073 accedere
2722 2023 2784 2072 et.
2813 2016 3144 2071 sacrilicium
3177 2013 3290 2070 Deo
3321 2014 3408 2070 of-

1830 2109 1975 2166 ferre
1997 2111 2207 2180 jubeat,
2229 2125 2354 2165 cum
2379 2113 2454 2164 ait
2481 2110 2524 2142 “
2551 2129 2566 2165 :
2605 2129 2623 2161 ‹
2655 2108 3005 2179 Locutusque
3032 2115 3116 2164 est
3143 2106 3408 2162 Dominus

1830 2202 1899 2258 ad
1934 2201 2120 2258 Mosen
2151 2210 2205 2258 et
2235 2202 2374 2257 dixit
2407 2221 2422 2258 :
2455 2201 2706 2272 Loquere
2737 2201 2864 2257 [iliis
2885 2201 3054 2256 Israel
3082 2209 3135 2256 et
3162 2199 3314 2254 dices
3337 2199 3406 2253 ad

1828 2308 1923 2350 eos
1957 2313 1970 2348 :
2010 2293 2202 2349 Mulier
2231 2308 2572 2365 quaecunque
2597 2293 2916 2364 conceperit
2941 2307 3129 2348 semen
3159 2297 3213 2345 et
3242 2305 3408 2361 pepe—

1831 2387 1968 2442 rerit
2027 2387 2357 2453 masculum,
2411 2387 2693 2442 immunda
2750 2387 2855 2446 erit
2909 2394 3116 2456 septem
3167 2383 3309 2438 dies.
3379 2402 3400 2435 ι

1827 2475 2034 2533 Deinde
2057 2478 2364 2549 interjectis
2391 2479 2672 2534 nonnullis
2692 2478 2976 2547 subjungit
3006 2473 3048 2508 “
3079 2493 3093 2530 :
3123 2493 3142 2527 ι
3182 2474 3248 2528 Et
3277 2488 3405 2529 cum

1827 2567 2035 2639 impleti
2063 2567 2262 2624 fuerint
2293 2569 2411 2624 dies
2441 2568 2843 2640 puriﬁcationis
2877 2567 3018 2638 ejus,
3044 2582 3144 2638 pro
3176 2565 3288 2620 lilio
3309 2572 3406 2619 aut

1825 2675 1926 2731 pro
1948 2661 2077 2729 lilia,
2121 2661 2312 2718 oﬂeret
2339 2677 2537 2733 agnum
2565 2661 2878 2718 anniculam
2910 2660 2967 2714 in
2997 2659 3402 2723 holocaustum,

1824 2759 1881 2808 et
1923 2753 2130 2823 pullum
2169 2754 2458 2820 columbae,
2491 2763 2588 2809 aut
2615 2763 2888 2810 turturem
2934 2768 3036 2824 pro
3068 2759 3296 2823 peccato
3332 2751 3404 2806 ad

1825 2841 2070 2898 hostium
2099 2844 2443 2900 tabernaculi
2475 2845 2813 2907 testimonii._
2832 2844 2916 2900 Ad
2956 2843 3294 2898 sacerdotem
3319 2841 3406 2896 of-

1826 2932 1964 2990 feret
1993 2951 2057 2991 ea
2085 2945 2216 2992 ante
2244 2936 2558 2994 Dominum.
2594 2936 2662 2991 Et
2686 2937 2935 2992 exorabit
2959 2951 3059 3006 pro
3100 2950 3164 2990 ea
3211 2949 3402 2990 sacer-

1825 3029 1945 3095 dos,
1971 3037 2027 3084 et
2056 3029 2369 3098 puriﬁcahit
2391 3044 2509 3084 eam
2540 3043 2570 3082 a
2604 3028 2752 3084 fonte
2786 3027 3068 3098 sanguinis
3104 3024 3245 3095 ejus.
3276 3022 3405 3079 Haec

1824 3127 1908 3176 est
1937 3121 2024 3176 Iex
2054 3121 2317 3191 parientis
2339 3121 2652 3178 masculum.
2671 3127 2728 3176 et
2755 3121 3033 3179 ferninam.
3074 3139 3093 3172 ι
3133 3117 3402 3172 Praeterea

1827 3211 1970 3267 idem
1998 3213 2432 3267 contaminatum
2484 3229 2550 3268 ex
2581 3213 2770 3268 funere
2797 3219 2850 3268 et
2889 3220 3144 3266 contactu
3177 3209 3403 3278 mortui,

1822 3303 2071 3375 pmcipit
2099 3320 2208 3359 non
2225 3305 2333 3359 alio
2354 3304 2516 3359 modo
2539 3305 2816 3375 puriﬁcari
2846 3320 3006 3374 quam
3037 3319 3132 3377 per
3159 3304 3401 3356 cinerem

1818 3393 2093 3464 juvencaa,
2130 3395 2328 3450 diebus
2360 3397 2585 3464 integris
2617 3403 2846 3465 septem,
2893 3395 3235 3465 negotiisque
3263 3408 3400 3448 con-

1824 3483 2000 3539 suetis
2029 3485 2324 3541 abstinere.
2359 3486 2450 3538 Ait
2475 3487 2640 3555 igitur
2666 3485 2756 3539 ut:
2795 3503 2814 3536 ι
2847 3483 2912 3538 Ει
2941 3484 3045 3538 erit
3078 3482 3203 3538 Iihis
3229 3481 3402 3538 Israel

1821 3583 1877 3632 et
1928 3578 2220 3648 proselytis
2273 3578 2664 3634 accedentibus
2699 3578 2753 3632 in
2786 3577 2964 3630 medio
3000 3591 3188 3631 eormn
3223 3561 3402 3646 legiti;

1823 3685 1973 3722 mum
2010 3677 2296 3724 aeternum.
2327 3668 2435 3736 Qui
2475 3669 2714 3740 tetigerit
2747 3669 2980 3724 cadaver
3012 3668 3249 3722 hominis
3301 3683 3402 3721 cu-

1818 3758 2023 3828 jusque
2057 3759 2239 3812 anima
2263 3768 2512 3820 exutum,
2547 3757 2866 3812 immundus
2891 3758 2995 3812 erit
3035 3766 3244 3826 septem
3276 3757 3399 3811 die-

1821 3850 1926 3906 bus
1966 3849 2396 3920 :purilicabitnr
2449 3847 2537 3906 die
2587 3849 2747 3902 tertio
2803 3855 2858 3901 et
2908 3848 2996 3902 die
3043 3848 3296 3916 septimo,
3344 3855 3403 3902 et

1821 3945 2061 4000 mundus
2111 3943 2236 3999 erit.
2296 3941 2356 3997 Si
2408 3957 2539 3998 vero
2578 3956 2686 3996 non
2743 3939 2906 3994 fuerit
2963 3941 3282 4009 purilicatus
3310 3939 3402 3994 die

125 4035 190 4102 τῇ
222 4032 457 4104 ἐεδόμῃ,
487 4031 548 4084 οὐ
592 4031 833 4104 καθαρὸς
883 4031 1057 4086 ἔσται.
1083 4032 1248 4095 Πᾶςό
1287 4033 1591 4102 ἁπτόμενος
1623 4032 1716 4085 τοῦ

1826 4035 1985 4092 tertio
2010 4043 2063 4090 et
2091 4034 2178 4089 die
2205 4033 2460 4104 septimo,
2499 4047 2608 4092 non
2642 4033 2748 4087 erit
2778 4030 3034 4090 mundus.
3085 4028 3280 4085 Omnis
3301 4029 3398 4099 qui

127 4121 456 4193 τεθνηκότος
489 4123 600 4175 ἀπὸ
629 4121 806 4193 ψυχῆς
857 4121 1168 4194 ἀνθρώπου,
1201 4123 1296 4177 ὲάν
1340 4123 1592 4196 ἀποθάνῃ
1624 4123 1716 4176 καὶ

1826 4126 2057 4197 tetigerit
2089 4125 2322 4181 cadaver
2369 4125 2611 4182 hominis
2657 4125 2858 4182 mortui
2912 4123 3097 4182 anima
3148 4131 3395 4186 exutum,

132 4213 202 4282 μὴ
229 4212 488 4283 ἀγνισθῇ,
524 4212 624 4283 τὴν
669 4214 873 4284 σκηνὴν
907 4213 1002 4267 τοῦ
1037 4215 1334 4287 μαρτυρίου
1378 4214 1474 4268 τοῦ
1502 4215 1707 4286 Κυρίου

1826 4228 1878 4276 et
1939 4234 2048 4274 non
2099 4217 2264 4273 fuerit
2323 4216 2666 4288 purificatus,
2722 4217 3138 4276 tabernaculum
3181 4211 3397 4268 Domini

129 4302 371 4372 ἐμίανεν.
431 4303 849 4374 Ἐκτριὸἡσεται
895 4306 929 4376 ἡ
970 4303 1117 4375 ψυχὴ
1159 4303 1339 4376 εκείνη
1374 4303 1432 4372 te
1478 4303 1716 4376 Ἰσραὴλ,

1826 4309 2032 4380 polluit.
2063 4305 2529 4363 Exterminabitur
2559 4304 2741 4364 anima
2785 4305 2877 4358 illa
2923 4320 2991 4359 ex
3035 4304 3227 4368 Israel,
3256 4316 3398 4372 quo-

128 4394 208 4447 ὅτι
247 4394 401 4466 ὕδωρ
464 4394 763 4466 ῥαντισμοῦ
801 4396 862 4448 οὗ
911 4395 1369 4468 περιερῤαντίσθη
1401 4397 1486 4449 ἐπ’
1511 4394 1674 4448 αὐτόν
1697 4411 1714 4427 ·

1826 4402 1973 4456 niam
2019 4414 2162 4471 aqua
2199 4399 2533 4470 aspersionis
2566 4413 2673 4454 non
2715 4398 3148 4466 circumaspersa
3182 4403 3267 4450 est
3300 4410 3398 4450 su-

126 4485 440 4557 ἀκάθαρτός
462 4487 633 4548 ἔστιν,
674 4485 985 4558 ἀκαθαρσία
1020 4487 1106 4540 ἐπ’
1133 4487 1281 4558 αὐτῷ
1303 4486 1475 4540 ἔσται.
1500 4485 1607 4540 Καὶ
1626 4479 1716 4541 οὖσι

1826 4509 1917 4565 per
1943 4508 2066 4548 eum
2100 4509 2116 4546 ι
2149 4491 2466 4546 immundus
2499 4501 2614 4556 est;
2662 4487 3007 4544 immunditia
3055 4494 3218 4556 super
3266 4501 3400 4543 eum

123 4596 211 4643 τος
234 4581 265 4634 ό
311 4579 504 4650 νόμος.
548 4578 868 4651 Ἀνθρωπος
914 4578 1009 4632 ὲάν
1036 4579 1278 4651 ἀποθάνῃ
1318 4581 1377 4632 ὲν
1405 4578 1574 4650 οἰκίᾳ,
1605 4579 1713 4643 πᾶς

122 4674 583 4745 είσπορευόμενος
629 4674 709 4736 είς
745 4672 842 4745 τὴν
870 4673 1069 4738 οἰκίαν,
1101 4673 1196 4727 καὶ
1227 4673 1406 4727 πάντα
1443 4673 1545 4726 ὅσα
1564 4673 1714 4725 ἐστὶν

121 4765 266 4835 ὲντῇ
289 4765 465 4835 οἰκίᾳ,
500 4763 789 4835 ἀκὰθαρτά
829 4766 976 4818 ἐστιν
1014 4765 1153 4819 ἐτττά
1188 4765 1421 4837 ἡμέρας.
1451 4766 1574 4833 Καὶ
1604 4766 1712 4818 πᾶν

123 4855 322 4919 σκεῦος
378 4855 747 4926 ἀνεῳγμένον,
791 4855 892 4909 ὅσα
939 4856 1061 4926 οὐχὶ
1100 4855 1284 4926 δεσμῷ
1335 4855 1712 4922 καταδέδεται,

121 4947 415 5019 ἀκάθαρτα
447 4946 620 4999 ἔσται.
659 4947 770 5000 Καὶ
806 4948 914 5010 πᾶς
950 4947 1010 5011 ὃς
1062 4948 1129 5001 ἂν
1171 4948 1375 5021 ἀψηται
1405 4950 1500 5003 ἐπὶ
1542 4951 1714 5022 πρόσ-

123 5055 273 5093 ωπον
297 5038 398 5094 τοῦ
433 5038 616 5092 πεδίου
657 5039 992 5110 τραυματίου
1033 5041 1326 5112 ῥομφαίας,
1355 5042 1389 5113 ἢ
1417 5043 1635 5114 νεκροῦ,
1675 5042 1712 5115 ἢ

123 5133 312 5186 ὀστέου
375 5131 809 5203 ἀνθρωπίνου,ἢ
857 5135 1160 5204 μνήματος,
1214 5133 1714 5208 ἀκάθαρτόςσὲστιν

123 5221 262 5275 ἑπτὰ
301 5221 543 5293 ἡμέρας.
577 5222 688 5274 Καὶ
724 5220 983 5293 λήψονται
1023 5221 1102 5293 τῷ
1148 5222 1446 5295 ἀκαθάρτῳ
1471 5224 1579 5276 ἀπὸ
1612 5223 1711 5294 τῆς

125 5315 349 5377 amoti;
381 5314 483 5384 τῆς
532 5314 1024 5385 κατακεκαυμένης
1048 5313 1139 5367 τοῦ
1170 5315 1460 5386 ἁγνισμοῦ,
1492 5316 1591 5369 καὶ
1617 5318 1712 5369 ἐκ·

125 5407 336 5476 χέουσιν
365 5404 540 5475 αὐτὴν
563 5406 644 5467 εἰς
665 5404 858 5469 σκεῦος
896 5405 995 5475 (2),
1025 5407 1118 5459 καὶ
1145 5407 1403 5478 λήψονται
1437 5406 1707 5461 ὕσσωπον·

126 5499 217 5551 καὶ
248 5497 413 5567 βὰῲει
454 5496 596 5566 ἀνὴρ
639 5495 902 5567 καθαρὸς,
942 5497 1036 5552 καὶ
1061 5501 1382 5572 περιρῥανεῖ
1409 5501 1501 5553 ἐπὶ
1521 5498 1611 5552 τὸν
1635 5495 1715 5552 οῐ-

1819 4587 1947 4642 erit.
1981 4585 2049 4639 Et
2081 4585 2197 4639 haec
2240 4589 2323 4639 est
2382 4583 2488 4639 lex.
2540 4581 2715 4636 Ilomo
2755 4582 2802 4636 si
2853 4588 3103 4634 mortuus
3140 4579 3303 4634 fuerit
3335 4577 3394 4634 in

1818 4676 2004 4738 domo,
2037 4675 2218 4730 omnis
2246 4673 2559 4744 ingrediens
2589 4673 2645 4725 in
2671 4671 2920 4737 domum,
2958 4677 3014 4725 et
3058 4669 3240 4723 omnia
3273 4683 3396 4738 qua

1818 4777 1948 4826 sunt
1979 4769 2035 4823 in
2065 4767 2269 4833 domo,.
2304 4764 2587 4820 immunda
2634 4771 2762 4819 sunt
2811 4768 3020 4832 septem
3070 4761 3285 4816 diebus.
3325 4758 3395 4812 Et

1819 4877 1982 4918 omne
2015 4875 2116 4915 vas
2135 4866 2407 4930 apertum,
2439 4869 2779 4927 quaecunque
2818 4869 2926 4908 non
2961 4853 3180 4908 vinculo
3217 4853 3392 4923 (oper-

1819 4955 1950 5026 culi)
1978 4954 2196 5024 alligata
2222 4959 2372 5016 sunt,
2400 4949 2682 5007 immunda
2707 4952 2891 5004 erunt.
2925 4944 2992 5000 Et
3015 4946 3194 5002 omnis
3214 4945 3308 5014 qui
3335 4943 3393 5000 in

1819 5060 1951 5117 agro
1982 5044 2224 5114 tetigerit
2249 5041 2496 5098 occisum
2527 5038 2708 5109 gladio
2751 5037 3096 5102 vulneribus,
3135 5037 3220 5091 vel
3244 5051 3395 5090 mor-

1817 5143 1997 5202 tuum,
2022 5133 2108 5188 vel
2139 5147 2326 5187 ossum
2375 5129 2613 5185 hominis
2643 5134 2738 5182 aut
2767 5128 3077 5196 sepulcrum
3102 5143 3118 5192 ;
3149 5125 3392 5180 immun-

1819 5224 1922 5279 dus
1954 5222 2058 5277 erit
2086 5221 2278 5276 diebus
2323 5227 2552 5289 septem.
2591 5216 2657 5271 Et
2688 5224 2906 5271 sument
2947 5231 3045 5286 pro
3087 5216 3389 5280 immundo,

1818 5317 1886 5371 de
1916 5315 2102 5369 cinere
2122 5313 2420 5368 combustae
2465 5311 2740 5383 (juvenem)
2785 5310 3202 5382 purilicationis,
3235 5308 3392 5363 et-ef-

1820 5407 2051 5461 fundent
2081 5420 2204 5460 eum
2230 5404 2286 5458 in
2307 5419 2422 5468 vas,
2451 5411 2507 5459 et
2541 5409 2761 5458 sument
2787 5403 3109 5474 hyssopum,
3141 5409 3196 5455 et
3219 5401 3392 5470 tinget

1817 5500 1903 5554 vir
1930 5511 2104 5568 purus
2131 5503 2188 5551 et
2223 5496 2684 5568 circumasperget
2712 5509 2878 5565 super
2899 5493 3122 5550 domum
3147 5498 3202 5548 et
3225 5506 3394 5564 super

199 5653 244 5683 "
285 5652 463 5707 Levit.
505 5667 607 5718 xu,
671 5652 724 5715 1,
763 5651 819 5706 2.
898 5653 942 5686 ιδ
977 5651 1114 5709 Ibid.
1154 5652 1208 5717 6,
1252 5653 1303 5711 7.
1382 5655 1428 5686 ⁸⁸
1463 5652 1623 5710 Num.
1665 5669 1716 5708 xx

1826 5649 1976 5708 0-21.

203 5790 274 5854 (2)
307 5790 434 5859 Leg.
457 5792 744 5860 ἐκχέουσιν
770 5793 856 5848 ἀπ’
877 5793 1046 5867 αὐτὴν
1070 5794 1210 5868 ὕδωρ
1239 5794 1345 5860 ζῶν
1375 5797 1454 5860 είς
1489 5793 1699 5864 σκεῦος,

1826 5795 2085 5867 εΙΤιιηάεηι
2105 5811 2258 5866 super
2279 5811 2395 5851 cum
2419 5793 2699 5866 (cinerem)
2718 5809 2906 5865 aquam
2927 5792 3168 5847 virentem
3193 5794 3243 5847 in
3275 5812 3387 5851 ras.
