3852 6216
480 320 544 375 3|
1121 320 1393 377 EUSEBll
1427 319 1914 379 CESARIENSIS
1949 320 2101 378 OPP.
2144 320 2332 377 PARS
2372 322 2520 379 ll.—-
2553 315 3062 377 APOLOGETICA.
3679 322 3761 374 52

481 454 611 495 vasa
638 449 691 496 et
718 455 885 512 super
913 442 1126 496 animas
1151 450 1421 513 quotquot
1453 442 1659 499 fuerint
1689 442 1786 507 ibi,
1818 450 1875 498 et
1896 457 2030 512 supe

2162 458 2279 503 κον,
2311 440 2405 494 καὶ
2454 438 2525 493 τά
2586 439 2778 510 σκεύη,
2812 438 2909 492 καὶ
2952 437 3052 502 τὰς
3082 436 3283 508 ψυχὰς,
3323 436 3440 492 ὅσοι
3488 436 3585 491 ἐὰν
3612 430 3760 490 ὦσιν

480 546 604 585 eum
636 532 732 603 qui
759 533 939 605 tetigit
978 548 1165 589 ossum
1203 536 1468 602 hominis,
1514 545 1609 591 aut
1642 541 1887 593 occisum
1928 536 2053 590 vul-

482 641 650 693 nere,
701 634 796 682 aut
853 635 1151 692 mortuum,
1196 636 1290 683 aut
1343 630 1675 701 sepulcrum.
1714 630 1780 686 Et
1825 632 2058 687 circum-

2163 529 2301 593 ἐκεῖ,
2341 531 2437 584 καὶ
2472 531 2564 583 ἐπὶ
2589 530 2681 585 τὸν
2724 532 2968 601 ἡμμένον
2993 528 3086 583 τοῦ
3116 528 3306 582 ὀστέου
3338 529 3431 583 τοῦ
3464 529 3756 600 ἀνθρωπί-

2162 639 2276 687 νου,
2299 623 2332 694 ἢ
2358 621 2453 676 τοῦ
2477 621 2839 693 τραυματίου,
2866 622 2899 692 ἦ
2923 620 3016 675 τοῦ
3041 621 3385 693 τεθνηκότος,
3413 620 3447 692 ἢ
3476 619 3570 674 τοῦ
3600 623 3748 693 μνή-

483 725 733 792 asperget
755 719 994 777 mundus
1014 737 1180 792 super
1209 722 1552 779 immundum
1581 725 1669 781 die
1691 726 1855 782 tertio
1879 735 1935 782 et
1965 727 2031 782 dit

2164 732 2354 786 ματος.
2393 716 2504 770 Καὶ
2520 717 2839 787 περιρρανεῖ
2866 718 2896 769 6
2924 714 3161 788 καθαρὸς
3187 713 3282 767 ἐπὶ
3304 713 3395 767 τδν
3432 713 3752 785 ἀκάθαρτον

480 810 717 879 septimo
767 827 782 865 :

480 916 640 955 suum
670 902 871 957 lavabit
904 918 1067 974 aqua,
1106 911 1162 957 et
1212 905 1464 976 impurus
1495 908 1600 961 erit
1638 924 1814 979 usque
1843 910 1911 964 ad
1954 926 2050 965 ve-

480 1007 717 1061 speram.
749 993 816 1048 Et
838 994 1000 1049 homo
1014 995 1438 1067 quijnquinatus
1465 997 1650 1067 fuerit,
1675 1008 1729 1055 et
1752 1017 1861 1056 non
1889 1000 2052 1058 fuerit

478 1087 820 1157 purificatus,
856 1089 1312 1145 exterminabitur
1365 1091 1549 1145 anima
1594 1091 1685 1147 illa
1717 1109 1785 1149 ex
1815 1110 2051 1165 synago—

476 1194 564 1247 ga,
622 1182 879 1251 quoniam
911 1196 1054 1250 aqua
1102 1184 1440 1253 aspersionis
1473 1200 1580 1240 non
1611 1186 2050 1257 circumaspersa

475 1277 561 1325 rst
591 1287 758 1342 super
785 1288 934 1327 eum.
969 1272 1035 1328 Et
1066 1277 1171 1331 erit
1200 1276 1356 1331 vobis
1388 1278 1688 1347 legitimum
1748 1279 1850 1334 hoc
1903 1296 2048 1335 sem-

474 1363 746 1430 piternum
771 1365 835 1419 ¹⁶.
875 1383 894 1416 ι
931 1364 1053 1422 Ηωο
1085 1367 1173 1422 ubi
1207 1369 1385 1424 sancit
1409 1369 1607 1432 Moses.
1635 1372 1796 1426 etiam
1825 1372 2046 1427 modum

473 1468 630 1523 aqua!
658 1456 999 1524 aspersionis
1023 1459 1352 1528 przescribit.
1382 1459 1546 1516 Jubet
1576 1463 1719 1518 enim
1747 1463 2044 1534 juvencam

471 1544 652 1599 rufam
686 1562 807 1617 qum
829 1564 938 1603 non
972 1549 1131 1605 habet
1162 1552 1216 1605 in
1248 1566 1307 1607 se
1351 1553 1564 1618 vitium,
1606 1554 1840 1609 cremari
1872 1562 2044 1610 totam

468 1637 617 1693 etde
643 1638 831 1694 cinere
876 1641 996 1710 ejus
1042 1642 1279 1714 inspergi
1333 1659 1553 1715 aquam,
1603 1660 1711 1716 qua
1764 1646 2044 1717 purificari

467 1730 868 1786 contaminatos
897 1747 926 1785 a
960 1733 1193 1788 mortuis
1226 1742 1460 1805 oportet.
1496 1736 1615 1800 Quo
1639 1746 1819 1792 autem
1847 1738 2045 1793 inloco

835 817 893 865 et
948 811 1151 865 lavabit
1197 812 1521 868 vestimenta
1576 829 1699 877 sua,
1750 826 1805 870 et
1853 831 2031 886 corpus

2161 809 2219 861 ἐν
2240 811 2306 879 τῇ
2343 807 2527 880 ἡμέρᾳ
2571 811 2637 878 τῇ
2669 809 2851 882 τρίτῃ,
2883 807 2977 861 καὶ
2996 809 3056 862 ἐν
3077 810 3145 877 τῇ
3187 806 3372 878 ἡμέρα
3415 808 3483 878 τῇ
3512 805 3745 878 ἐϐδόμῃ.

2158 898 2254 952 καὶ
2286 897 2479 951 πλυνεῖ
2503 897 2573 952 τά
2606 899 2797 970 ἱμάτια
2828 897 3043 963 ἐαυτοῦ,
3074 899 3169 952 καὶ
3199 897 3449 951 λούσεται
3481 898 3544 951 τὸ
3579 897 3752 967 σῶμα

2158 986 2352 1053 ὕδατι,
2386 988 2482 1042 καὶ
2527 989 2837 1061 ἀκάθαρτος
2877 989 3030 1044 ἔσται
3069 990 3174 1055 ἕως
3218 989 3478 1064 ἑσπέρας.
3504 990 3616 1045 Καὶ
3648 991 3752 1044 ἇν-

2157 1075 2375 1149 θρωπος
2402 1077 2498 1133 ἐὰν
2538 1079 2760 1151 μιανθῇ,
2794 1080 2891 1134 καὶ
2924 1080 2998 1152 μὴ
3049 1081 3376 1153 ἀφαγνισθῇ,
3424 1080 3748 1152 ἐξολοθρευ-

2157 1169 2379 1241 θήσεται
2421 1173 2454 1243 ἡ
2507 1172 2654 1244 ψυχὴ
2687 1173 2869 1244 ἐκείνη
2890 1175 2955 1226 ἐκ
2981 1173 3080 1243 τῆς
3112 1173 3455 1245 συναγωγῆς,
3477 1174 3560 1228 ὃτι
3592 1173 3748 1245 ὕδωρ

2157 1263 2453 1335 ῥαντισμοῦ
2490 1264 2553 1317 οὐ
2594 1263 3054 1337 περιεῤῥαντίσθη
3089 1265 3174 1319 ἐπ’
3204 1266 3384 1319 αὐτόν.
3422 1266 3536 1320 Kal.
3580 1265 3743 1322 ἔσται

2155 1356 2284 1427 ὑμῖν
2313 1357 2542 1429 νόμιμον
2568 1357 2803 1411 αἰώνιον.
2833 1377 2850 1410 ι
2873 1356 3058 1411 Ταῦτα
3078 1358 3319 1428 Μωῦσῆς
3343 1358 3744 1431 νομοθετήσας,

2151 1447 2243 1502 τὸν
2270 1448 2469 1520 τρόπον
2513 1448 2607 1503 τοῦ
2638 1448 2831 1514 ὓδατος
2875 1450 2968 1504 τοῦ
3008 1450 3301 1521 ῥαντισμοῦ
3332 1452 3740 1509 ἐπεκδιδάσκει-

2151 1540 2383 1611 δάμαλιν
2426 1541 2641 1615 πυρρὰν
2672 1540 2901 1613 ἄμωμον
2917 1542 3339 1598 ὁλοκαυτοῦσθαι
3357 1546 3739 1616 προστάττων,

2152 1632 2248 1686 καὶ
2271 1632 2381 1686 ἀπὸ
2405 1632 2507 1703 τῆς
2534 1633 2757 1697 σποδιᾶς
2796 1634 2968 1705 αὐτῆς
2993 1635 3359 1707 ἐμϐάλλεσθαι
3388 1637 3466 1709 τῷ
3496 1638 3651 1693 ὕδατι
3676 1638 3744 1706 ἐξ

2150 1717 2212 1779 οὗ
2256 1725 2456 1797 χρῆναι
2496 1724 2856 1798 καθαίρεσθαι
2882 1728 3009 1792 τοὺς
3045 1728 3139 1780 ἐπὶ
3170 1728 3349 1800 νεκρῷ
3390 1731 3743 1803 μεμολυσμέ-

468 1818 550 1875 fas
580 1820 651 1875 sit
676 1821 969 1891 iuvencam
1000 1828 1345 1890 comburere,
1368 1828 1452 1882 vel
1478 1828 1568 1882 ubi
1601 1844 1926 1899 puerperam
1958 1829 2031 1884 of-

2145 1834 2291 1881 νους.
2325 1817 2436 1869 Ποῦ
2490 1817 2548 1871 δὲ
2606 1818 2712 1890 χρὴ
2746 1818 3177 1875 ὁλοκαυτοῦσθαι
3198 1819 3295 1891 τὴν
3328 1820 3578 1893 δάμαλιν,
3626 1824 3742 1879 ποῦ

464 1908 609 1965 ferre
658 1915 950 1979 sacrificia,
982 1925 1036 1969 et
1071 1918 1159 1971 ubi
1185 1926 1411 1973 caateros
1442 1919 1556 1988 lege
1587 1922 1936 1991 praescriptos
1966 1922 2043 1975 ri-

463 2011 553 2059 tus
610 2006 764 2060 obire
822 2007 1015 2063 deceat
1068 2016 1122 2064 et
1176 2011 1423 2081 exsequi,
1462 2012 1605 2081 quod
1645 2012 1748 2068 hoc
1781 2028 1889 2066 non
1925 2028 2046 2082 per-

463 2097 691 2152 missum
722 2099 795 2154 sit
828 2099 1009 2155 facere
1041 2103 1355 2173 promiscue
1383 2106 1630 2173 quolibet
1678 2105 1731 2159 in
1765 2106 1908 2168 loco,
1944 2105 2040 2160 sed

461 2191 516 2244 in
555 2207 664 2245 uno
699 2208 859 2263 quem
892 2196 1008 2263 ipse
1036 2196 1392 2265 determinat;
1444 2199 1793 2269 perspicuum
1842 2207 1925 2255 est
1972 2214 2040 2252 ex

464 2281 532 2337 iis
565 2300 685 2354 quae
726 2286 842 2357 lege
877 2290 1120 2360 praecipit
1152 2306 1274 2345 cum
1318 2292 1394 2346 ait
1439 2292 1481 2323 "
1526 2311 1540 2347 :
1598 2310 1618 2343 ‹
1658 2291 1721 2345 Et
1748 2291 1853 2347 erit
1885 2294 2041 2348 locus

458 2390 840 2448 quemcunque
870 2380 1094 2451 elegerit
1124 2381 1386 2439 Dominus
1420 2382 1563 2440 Deus
1618 2393 1766 2451 tuus,
1802 2393 1859 2439 ut
1887 2388 2041 2440 invo-

460 2473 614 2520 cetur
644 2483 842 2523 nomen
875 2471 994 2539 ejus
1025 2472 1122 2537 ibi,
1147 2473 1277 2529 illuc
1313 2474 1501 2529 feretis
1525 2476 1731 2540 omnia,
1780 2491 1902 2547 qua!
1935 2493 2039 2548 ego

458 2558 658 2612 mando
690 2560 848 2615 vobis
888 2562 1069 2620 hodie.
1112 2583 1130 2617 ι
1166 2565 1303 2621 Hinc
1331 2575 1592 2622 accurate
1619 2569 1711 2623 illa
1757 2584 1883 2623 cum
1934 2585 2036 2626 ex-

457 2649 752 2717 posuisset,
808 2653 1096 2727 subjnngit
1128 2657 1217 2713 "':
1271 2675 1291 2710 ι
1346 2658 1580 2715 Attende
1629 2660 1728 2715 tibi
1783 2660 1912 2732 ipsi,
1965 2677 2039 2717 ne

458 2740 658 2797 offeras
708 2743 1147 2802 holocautomata
1195 2757 1311 2810 tua,
1361 2751 1678 2823 ubicunque
1728 2754 2032 2825 aspexeris,

458 2832 551 2886 sed
585 2834 638 2888 in
668 2836 787 2890 loco
815 2854 974 2907 quem
1014 2840 1275 2911 delegerit
1308 2841 1569 2900 Dominus
1616 2844 1763 2903 Deus
1800 2857 1946 2911 tuus,
1977 2847 2033 2901 in

457 2938 561 2976 una
602 2927 884 2982 civitatum
936 2937 1177 2994 tuarum,
1227 2930 1303 2985 ibi
1350 2932 1547 2989 offeres
1591 2933 2032 2991 holocautomata

450 3023 564 3076 tua.
600 3028 652 3073 et
689 3020 761 3073 ibi
789 3019 956 3075 facies
976 3023 1161 3077 omnia
1188 3039 1533 3097 qumcunque
1564 3042 1666 3094 ego
1708 3029 1907 3085 mando
1930 3031 2031 3086 tibi

452 3106 632 3164 hodie.
672 3128 690 3160 ι
724 3109 888 3164 Addit
921 3127 1085 3182 porro
1136 3114 1228 3169 “:
1278 3132 1299 3167 ι
1341 3115 1457 3171 Non
1507 3120 1713 3188 poteris
1769 3122 1916 3176 vesci
1973 3121 2028 3175 in

2143 1908 2200 1963 δὲ
2228 1909 2326 1980 τὴν
2354 1912 2411 1964 ἐν
2447 1909 2593 1982 λέχει
2626 1910 2960 1984 προσφέρειν
3005 1912 3104 1978 τὰς
3155 1913 3367 1980 θυσίας,
3420 1915 3525 1970 ποῦ
3557 1916 3619 1970 δέ
3660 1919 3739 1972 τὰ.

2142 1999 2304 2053 λοιπά
2328 2001 2536 2071 νόμιμα
2585 2001 2877 2063 συντελεῖν,
2906 2002 2987 2055 ὅτι
3014 2001 3089 2073 μὴ
3126 2003 3433 2078 ἀδιαφόρως
3468 2007 3527 2059 ἐν
3567 2024 3739 2063 παντί

2139 2093 2313 2165 τόπῳ,
2339 2093 2451 2146 ἀλλ’
2477 2095 2536 2146 ἐν
2570 2093 2717 2165 μόνῳ
2749 2093 2850 2155 ἐνὶ,
2885 2087 2929 2161 ᾧ
2955 2095 3119 2159 αὐτὸς
3145 2096 3412 2167 ἀφορίζει,
3447 2098 3605 2171 δῆλον
3636 2102 3733 2170 ἀφ’

2141 2175 2216 2236 ὧν
2261 2182 2542 2253 νομοθετεί
2583 2181 2788 2251 λέγων·
2832 2202 2853 2234 ι
2889 2184 2999 2239 Kal.
3055 2184 3210 2240 ἔσται
3258 2188 3287 2239 6
3328 2188 3490 2250 τόπος
3530 2189 3589 2242 ὃν
3633 2190 3734 2245 ἐὰν

2139 2273 2428 2341 ἐκλέξηται
2462 2273 2666 2344 Κύριος
2685 2277 2713 2328 ὁ
2732 2274 2863 2339 Θεὸς
2890 2275 3066 2346 ὑμῶν,
3097 2278 3155 2330 ἐν
3181 2277 3330 2349 αὐτῷ
3363 2279 3731 2352 ἐπικληθῆναι

2136 2365 2199 2419 τὸ
2224 2366 2401 2436 δνομα
2419 2365 2606 2426 αὐτοῦ.
2641 2368 2760 2419 ἐκεῖ
2794 2365 2967 2419 οἴσετε
3003 2367 3187 2423 πάντα
3212 2369 3316 2422 ὅσα
3342 2368 3454 2439 ἐγὼ
3483 2370 3731 2424 ἐντέλλο-

2140 2474 2240 2529 μαι
2265 2459 2395 2527 ὑμῖν
2425 2458 2687 2530 σήμερον.
2715 2477 2733 2509 ι
2771 2458 2884 2512 Kal
2904 2457 3276 2514 διαστέλλεται
3298 2460 3428 2531 ἐξῆς
3457 2462 3728 2535 ἀκριϐῶς,

2136 2551 2406 2621 ἐπιλέγων
2426 2569 2439 2584 ·
2475 2570 2499 2603 ι
2534 2550 2776 2624 Πρόσεχε
2815 2552 3049 2624 σεαυτῷ,
3093 2554 3303 2625 μήποτε
3333 2556 3633 2629 ἁνενέγκῃς
3656 2559 3732 2613 τὰ

2134 2642 2564 2716 ὁλοκαυτώματα
2597 2662 2716 2710 σου,
2754 2637 2817 2698 οὗ
2850 2644 2915 2700 ἃν
2947 2645 3084 2718 ἴδῃς,
3115 2646 3231 2701 ἀλλ’
3258 2648 3292 2719 ἢ
3334 2650 3414 2713 είς
3439 2649 3531 2703 τὸν
3557 2653 3727 2703 τόπον

2133 2736 2193 2791 ὃν
2216 2736 2310 2790 ἐὰν
2337 2737 2623 2807 ἐκλέξηται
2670 2736 2875 2809 Κύριος
2913 2739 2943 2790 6
2989 2736 3123 2802 Θεός
3169 2755 3263 2793 σου
3309 2740 3492 2806 αὑτὸν,
3529 2742 3589 2795 ἐν
3624 2744 3728 2813 μιᾷ

2133 2827 2247 2885 τῶν
2273 2827 2481 2883 πόλεών
2508 2845 2623 2892 σου,
2655 2829 2771 2881 ἐκεῖ
2791 2828 3026 2893 ἀνοίσεις
3054 2829 3125 2885 τά
3150 2830 3577 2903 ὁλοκαυτώματα
3600 2850 3722 2899 σου,

2134 2921 2229 2976 καὶ
2261 2925 2377 2975 ἐκεῖ
2408 2923 2655 2993 ποιήσεις
2692 2923 2870 2977 πάντα
2913 2924 3015 2977 ὅσα
3042 2922 3360 2995 ἐντέλλομαι
3390 2926 3520 2995 ὑμῖν
3549 2927 3726 2997 σήμε-

2138 3030 2250 3085 ρον.
2281 3033 2301 3065 ι
2331 3014 2439 3067 Kal.
2491 3013 2812 3086 προστίθησι
2862 3013 3069 3083 λέγων’
3102 3033 3123 3066 ι
3155 3016 3228 3069 Οὐ
3286 3014 3489 3087 δυνήσῃ
3524 3018 3726 3085 φαγεῖν

2134 3107 2192 3160 ἐν
2221 3107 2422 3170 πάσαις
2449 3107 2573 3171 ταῖς
2608 3105 2796 3160 πόλεσι
2827 3106 2888 3160 τὸ
2915 3106 3238 3163 ἐπιδέκατον
3271 3106 3366 3161 τοῦ
3417 3107 3564 3161 σίτου
3599 3124 3721 3173 σου,

450 3199 555 3252 civi
585 3199 765 3255 atihus
800 3202 912 3257 tuis
941 3203 1274 3272 quibuslibet
1316 3209 1736 3265 dccimationcm
1769 3211 2027 3267 frumenti

2137 3198 2226 3251 καὶ
2253 3198 2348 3251 τοῦ
2365 3197 2509 3252 οἴνου
2543 3215 2659 3263 σου,
2688 3199 2785 3252 καὶ
2810 3198 2905 3253 τοῦ
2940 3198 3120 3253 ἐλαίου
3151 3215 3269 3262 σου,
3301 3197 3371 3252 τὰ
3397 3197 3726 3269 πρωτότοκα

450 3291 550 3356 tui,
578 3308 678 3346 nec
706 3294 818 3348 vini
837 3297 912 3349 tui
939 3307 1033 3351 aut
1056 3299 1159 3352 olei
1185 3300 1261 3353 tui
1290 3318 1303 3354 :
1331 3301 1690 3373 primogenita
1711 3304 1873 3359 boum
1902 3312 2027 3359 luo-

446 3396 570 3437 rum
606 3391 660 3439 et
689 3387 872 3441 ovium
902 3396 1141 3454 tuarum,
1174 3402 1225 3445 et
1258 3394 1440 3447 omnia
1481 3404 1607 3449 vota
1643 3402 1733 3449 tua
1765 3413 2029 3467 qnzccun-

447 3491 554 3557 que
579 3479 863 3541 voveritis,
889 3486 944 3533 et
970 3481 1351 3540 confessiones
1384 3492 1599 3540 vestras
1653 3494 1709 3542 et
1754 3490 2027 3558 primitias

446 3582 708 3622 manuum
762 3581 1090 3629 vestrarum.
1146 3572 1253 3630 Sed
1307 3585 1435 3633 ante
1502 3578 1792 3635 Dominum
1853 3582 2025 3638 Deum

445 3666 599 3712 tuum
655 3662 884 3718 comede
929 3664 1022 3719 illa
1073 3666 1128 3721 in
1178 3666 1323 3734 loco,
1375 3687 1539 3741 quem
1596 3672 1860 3743 delegerit
1914 3675 2025 3730 Do-

445 3749 630 3807 minus
679 3750 823 3809 Deus
886 3762 1016 3812 tuus
1073 3758 1200 3823 sibi,
1247 3767 1303 3814 tu
1356 3768 1407 3816 et
1471 3761 1565 3816 filii
1618 3765 1720 3828 tui,
1774 3764 1885 3820 ﬁlia
1930 3774 2026 3822 tua

444 3848 500 3898 et
557 3858 750 3899 servus
810 3852 963 3913 tuus,
1016 3856 1181 3920 atque
1226 3852 1422 3907 ancilla
1472 3861 1566 3909 tua
1616 3863 1671 3911 et
1713 3860 2025 3931 proselytus

445 3933 502 3988 in
559 3935 787 3992 urbibus
836 3939 966 3993 tuis.
1010 3959 1029 3992 ι
1083 3940 1291 4000 Deinde
1348 3947 1597 4002 oratione
1663 3965 2023 4021 progressus,

442 4024 588 4095 quod
619 4026 825 4082 dictum
855 4038 939 4086 est
959 4033 1267 4099 confirmat,
1305 4036 1434 4091 dum
1465 4040 1547 4094 sic
1577 4041 1654 4094 ait
1681 4060 1694 4095 :
1729 4061 1748 4093 ι
1786 4041 2023 4099 Verum-

444 4125 625 4174 tamen
658 4130 847 4176 sancta
878 4131 970 4178 tua
999 4140 1124 4180 cum
1169 4127 1370 4184 fuerint
1400 4131 1519 4198 tibi,
1542 4142 1597 4186 et
1625 4148 1749 4188 cum
1779 4144 1904 4191 vota
1930 4148 2021 4193 tua

444 4216 775 4283 susceperis,
825 4218 1011 4272 venies
1044 4219 1111 4273 ad
1157 4220 1336 4276 locum
1366 4240 1531 4294 quem
1570 4224 1793 4298 elegerit
1841 4228 2024 4286 Domi-

443 4317 549 4358 nus
608 4302 752 4362 Deus
801 4312 931 4363 tuus
984 4309 1085 4365 sibi
1111 4311 1179 4366 “.
1212 4330 1231 4363 ι
1260 4311 1326 4367 Ει
1381 4329 1575 4371 rursus
1623 4334 1637 4371 :
1685 4335 1706 4369 ς
1746 4316 2018 4375 Decimam

441 4394 740 4452 decimabis
768 4399 1010 4456 universi
1046 4400 1187 4458 fetus
1216 4404 1442 4459 seminis
1465 4406 1573 4474 tui;
1605 4405 1772 4462 fetum
1803 4410 1917 4481 agri
1943 4411 2018 4465 tui

440 4489 735 4556 quotannis
758 4491 1011 4547 comedes
1051 4493 1229 4562 ipsum
1261 4495 1314 4549 in
1343 4506 1640 4568 conspectu
1677 4498 1893 4556 Domini
1923 4501 2017 4557 Dei

442 4578 544 4641 tui,
578 4593 644 4634 eo
679 4579 732 4634 in
758 4581 880 4637 loco
906 4598 1067 4653 quem
1099 4586 1325 4657 elegerit
1356 4586 1619 4646 Dominus
1644 4590 1786 4648 Deus
1804 4602 1933 4650 tuus
1950 4596 2017 4651 ad

441 4668 804 4727 invocandum
835 4673 886 4743 2
920 4690 1117 4731 nomen
1175 4694 1334 4733 suum
1378 4679 1453 4736 ibi
1487 4684 1555 4738 εί.
1605 4703 1623 4736 ι
1673 4682 1876 4741 Deinde
1925 4689 2018 4743 ubi

439 4764 709 4832 reputavit
739 4765 866 4834 quid
904 4765 1085 4822 facere
1117 4779 1387 4839 oporteat,
1425 4773 1471 4829 si
1528 4774 1575 4830 is
1625 4776 1780 4833 locus
1810 4778 1878 4834 de
1907 4796 2018 4851 quo

437 4854 617 4924 agitur
671 4858 936 4913 remotior
987 4858 1170 4927 fuerit,
1218 4861 1435 4935 frugum
1496 4876 1677 4923 autem
1717 4881 2016 4941 proventus

437 4944 663 5012 multus,
697 4955 758 5000 ut
806 4948 1065 5005 videlicet
1113 4952 1277 5007 domo
1320 4954 1389 5008 ad
1436 4955 1615 5011 locum
1669 4958 1765 5015 Dei
1820 4961 2017 5019 afferre

435 5043 683 5106 oporteat
716 5055 930 5097 annuos
955 5042 1169 5101 fructus
1202 5048 1726 5115 sacrilicationis,de
1760 5053 1863 5110 hoc
1885 5055 2014 5111 item

436 5128 578 5184 hanc
607 5135 896 5188 constituit
927 5135 1098 5206 legem
1131 5156 1146 5191 :
1178 5155 1198 5188 ‹
1237 5137 1292 5193 Si
1332 5157 1461 5196 vero
1508 5144 1670 5215 longe
1699 5160 1730 5200 a
1764 5154 1817 5202 te
1848 5147 2015 5203 fuerit

433 5222 540 5287 via,
573 5238 749 5294 neque
791 5227 974 5297 possis
1000 5243 1063 5282 ea
1092 5241 1507 5300 repraesentare,
1542 5247 1832 5308 propterea
1862 5239 2010 5304 quod

436 5313 595 5385 longe
636 5330 666 5369 a
712 5323 768 5371 te
818 5316 985 5374 fuerit
1041 5319 1217 5387 locus,
1244 5339 1405 5394 quem
1463 5326 1689 5398 elegerit
1746 5327 2010 5385 Dominus

435 5401 577 5458 Deus
607 5411 735 5460 tuus
775 5405 843 5460 ad
886 5406 1248 5466 invocandum
1280 5427 1477 5468 nomen
1528 5430 1688 5470 suum
1724 5414 1799 5469 ibi
1837 5434 1849 5470 :
1881 5416 2013 5470 tibi-

434 5511 539 5563 que
565 5494 906 5553 benedixerit
939 5497 1202 5558 Dominus
1223 5502 1364 5560 Deus
1402 5512 1552 5569 tuus,
1584 5507 1788 5562 vendes
1817 5521 1881 5563 ea
1919 5523 2011 5561 ar—

352 5589 361 5598 ’
434 5599 617 5661 gento,
645 5598 701 5647 et
728 5592 913 5663 capies
946 5604 1232 5667 argentum
1265 5599 1323 5654 in
1347 5615 1543 5657 manus
1566 5610 1709 5668 tuas,
1730 5608 1785 5658 et
1817 5601 2005 5657 venies

1782 5720 1827 5753 ¹⁸
1864 5719 2001 5778 Ibid.
2043 5720 2128 5787 l3,
2171 5719 2257 5775 14.

540 5707 783 5782 “Alﬁum:
826 5712 939 5782 xix,
977 5712 1030 5769 2.

1162 5717 1205 5749 ⁸⁷
1244 5715 1401 5774 Deut.
1443 5734 1540 5786 xu,
1583 5718 1671 5776 11.

436 5794 544 5839 ιιι,
582 5778 675 5840 22.
713 5779 804 5835 25.

2129 3290 2237 3346 τῶν
2297 3290 2435 3361 βοῶν
2483 3307 2598 3354 σου,
2644 3293 2739 3347 καὶ
2775 3291 2885 3347 τῶν
2933 3291 3223 3363 προϐάτων
3261 3308 3378 3355 σου,
3404 3293 3500 3345 καὶ
3536 3291 3725 3355 πάσας

2128 3385 2229 3448 τὰς
2246 3386 2410 3456 εὐχάς
2443 3401 2536 3438 σου
2564 3386 2695 3449 ὅσας
2741 3385 2808 3439 ἂν
2863 3383 3114 3456 εὕξησθε,
3156 3384 3251 3437 καί⁵
3285 3384 3386 3450 τὰς
3424 3385 3725 3456 ὁμολογίας

2130 3476 2305 3548 ὑμῶν,
2362 3477 2459 3531 καὶ
2503 3476 2603 3541 τὰς
2634 3476 2888 3549 ἀπαρχὰς
2933 3476 3042 3530 τῶν
3070 3476 3273 3549 χειρῶν
3307 3477 3500 3547 ὑμῶν·
3530 3478 3648 3532 ἀλλ’
3679 3480 3720 3551 ἢ

2129 3569 2367 3623 ἐναντίον
2379 3569 2585 3642 Κυρίου
2604 3569 2696 3623 τοῦ
2713 3568 2848 3623 Θεοῦ
2871 3586 2967 3622 σου
2989 3573 3138 3640 φαγῇ
3156 3569 3314 3635 αὐτὰ,
3332 3571 3393 3624 ἐν
3413 3563 3463 3639 ᾧ
3476 3569 3543 3626 ἂν
3565 3571 3725 3643 τόπῳ

2129 3659 2415 3731 ἐκλέξηται
2440 3661 2643 3733 Κύριος
2661 3662 2690 3713 6
2711 3661 2845 3724 Θεός
2866 3678 2961 3713 σου
2978 3659 3177 3730 ἐαυτῷ,
3202 3660 3268 3713 σὺ
3295 3660 3389 3715 καὶ
3408 3661 3456 3714 oi
3475 3661 3577 3715 υἱοί
3595 3676 3721 3725 σου,

2128 3754 2222 3807 καὶ
2253 3756 2287 3824 ή
2331 3752 2576 3824 θυγάτηρ
2601 3770 2718 3818 σου,
2750 3754 2780 3806 ὁ
2809 3756 2943 3816 παῖς
2971 3769 3086 3817 σου,
3118 3753 3213 3808 καὶ
3245 3754 3277 3824 ή
3305 3752 3567 3823 παιδίσκη
3594 3769 3723 3817 σου,

2128 3845 2222 3899 καὶ
2248 3847 2277 3899 6
2312 3844 2648 3917 προσήλυτος
2691 3846 2722 3898 6
2767 3845 2824 3898 ἐν
2854 3848 2974 3907 ταῖς
3020 3845 3210 3898 πόλεσι
3258 3862 3372 3899 σου.
3418 3863 3437 3897 ι
3483 3845 3593 3898 Kal.
3634 3845 3725 3901 ἔτι

2128 3934 2442 4009 προσελθὼν
2486 3934 2913 4004 ἐπασφαλίξεται
2956 3934 3049 3988 τὸν
3097 3933 3276 4003 λόγον,
3327 3936 3387 3987 ἐν
3427 3927 3474 4003 ᾧ
3511 3951 3678 4006 φησιν
3700 3953 3718 3967 ι

2132 4046 2153 4079 ι
2192 4028 2338 4098 Πλὴν
2370 4025 2439 4079 τὰ
2477 4025 2611 4094 ἅγιά
2641 4042 2735 4079 σου
2776 4024 2814 4078 ἀ
2843 4024 2909 4077 ἂν
2934 4024 3200 4094 γένωνταί
3235 4042 3336 4091 σοι,
3377 4027 3473 4081 καὶ.
3499 4027 3598 4091 τὰς
3619 4027 3722 4081 εὐ-

2125 4120 2227 4191 χάς
2258 4136 2351 4173 σου
2379 4117 2583 4182 λαϐὼν,
2614 4116 2764 4188 ἥξεις
2794 4118 2875 4181 είς
2906 4116 2997 4171 τὸν
3029 4117 3215 4184 τόπον,
3245 4118 3306 4172 ὃν
3337 4117 3404 4173 ἂν
3427 4118 3722 4190 ἐκλέξηται

2125 4212 2368 4283 Κύριοςὸ
2386 4210 2519 4273 Θεὸς
2544 4225 2639 4262 σου
2666 4208 2863 4281 ἐαυτῷ.
2887 4229 2906 4262 ι
2927 4209 3037 4263 Kal.
3051 4209 3216 4264 πάλιν
3232 4227 3245 4242 ·
3278 4229 3297 4262 ι
3319 4211 3566 4284 Δεκάτην
3578 4213 3727 4266 ἀπο-

2121 4302 2447 4367 δεκατώσεις
2477 4303 2676 4368 παντὸς
2715 4304 3054 4377 γεννήματος
3089 4304 3186 4358 τοῦ
3228 4304 3547 4377 σπέρματός
3577 4323 3674 4360 σου
3697 4324 3721 4339 ι

2120 4398 2182 4451 τὸ
2213 4396 2460 4467 γέννημα
2485 4393 2581 4449 τοῦ
2615 4394 2784 4468 ἀγροῦ
2829 4412 2922 4449 σου
2964 4394 3255 4467 [ἐνιαυτὸν]
3285 4399 3406 4450 κατ’
3433 4399 3677 4454 ἐνιαυτόν
3697 4441 3723 4455 -

2121 4488 2234 4543 Kal
2267 4489 2415 4558 φαγῇ
2444 4485 2576 4539 αὐτὸ
2607 4486 2847 4539 ἐναντίον
2877 4486 3084 4557 Κυρίου
3116 4486 3211 4539 τοῦ
3255 4487 3392 4541 Θεοῦ
3433 4506 3550 4555 σου,
3576 4491 3637 4544 ὲν
3667 4484 3721 4561 ᾧ

2053 4553 2097 4608 D
2120 4578 2187 4633 ἂν
2219 4553 2687 4649 τύπω-ἐκλέξηται
2723 4576 2927 4649 Κύριος
3034 4576 3166 4640 Θεός
3198 4594 3313 4641 σου,
3347 4553 3719 4653 ἐπικληθῆναι

2118 4671 2180 4725 τὸ
2212 4670 2382 4740 δνομα
2423 4668 2588 4723 αὑτοῦ
2640 4669 2774 4722 ἐκεῖ.
2811 4687 2831 4720 ι
2861 4665 2974 4722 Εἶτ’
3016 4668 3489 4741 ἐπιλογισάμενος,
3515 4673 3569 4726 τί
3599 4674 3717 4730 δέοι

2119 4762 2399 4834 πράττειν,
2425 4761 2473 4813 εί
2497 4760 2716 4832 μακρὰν
2735 4758 2984 4828 ἀφεστὼς
3009 4759 3095 4830 εἴη
3115 4761 3145 4811 6
3171 4761 3305 4834 πρὸς
3332 4762 3497 4816 αὑτοῦ
3525 4762 3718 4836 δηλού-

2121 4871 2279 4926 μενος
2298 4853 2483 4916 τόπος,
2499 4852 2528 4905 6
2556 4851 2612 4904 δὲ
2636 4850 2847 4923 καρπὸς
2872 4850 2983 4905 τῶν
2999 4853 3354 4923 γεννημάτων
3373 4853 3561 4920 πολὺς,
3588 4857 3714 4923 πῶς

2116 4947 2225 5001 δέοι
2255 4944 2656 5018 παρακομίζειν
2683 4942 2895 4997 οἷκοθεν
2920 4944 2999 5007 είς
3017 4943 3110 4997 τὸν
3131 4944 3226 4997 τοῦ
3246 4944 3381 4998 Θεοῦ
3400 4945 3565 5001 τόπον
3579 4950 3715 5015 τοὺς

2119 5036 2400 5099 ἐπετείους
2430 5035 2678 5108 καρποὺς
2704 5034 2804 5105 τῆς
2830 5032 3269 5103 ὁλοκαυτώσεως,
3295 5038 3391 5091 καὶ
3427 5041 3555 5111 περὶ
3581 5041 3714 5095 τούς

2116 5148 2209 5185 του
2247 5130 2395 5184 τόνδε
2424 5129 2607 5200 τίθησι
2637 5128 2729 5182 τὸν
2754 5127 2917 5199 νόμον
2938 5144 2953 5159 ο
2987 5146 3007 5179 ι
3056 5128 3184 5183 Ἐὰν
3210 5129 3268 5183 δὲ
3295 5130 3512 5203 μακρὰν
3541 5132 3714 5206 γένη..

2115 5241 2204 5278 ται
2237 5223 2345 5277 ἀπὸ
2379 5221 2473 5275 σοῦ
2501 5223 2535 5292 ή
2568 5220 2706 5285 ὁδὸς,
2750 5220 2846 5273 καὶ
2881 5218 2955 5290 μὴ
2985 5218 3192 5292 δυνήσῃ
3219 5222 3515 5295 ἀναφέρειν
3539 5225 3707 5290 αὐτὰ,

2112 5318 2196 5371 δτι
2227 5316 2441 5388 μακρὰν
2466 5314 2575 5368 ἀπὸ
2598 5312 2692 5366 σοῦ
2723 5313 2752 5366 6
2783 5313 2970 5377 τόπος,
3002 5311 3062 5365 ὃν
3093 5311 3160 5366 ἂν
3184 5312 3471 5386 ἐκλέξηται
3496 5316 3711 5390 Κύριος

2112 5411 2141 5463 6
2162 5410 2292 5473 Θεός
2313 5425 2405 5462 σου
2421 5446 2436 5472 ,
2457 5405 2818 5477 ἐπικληθῆναι
2838 5406 2899 5459 τὸ
2919 5405 3090 5476 ὄνομα
3109 5407 3272 5461 αὐτοῦ
3298 5408 3433 5472 ἐκεῖ,
3455 5409 3536 5461 ὃτι
3559 5410 3710 5464 εὐλο-

2113 5505 2273 5575 γήσει
2295 5518 2354 5555 σε
2368 5500 2568 5572 Κύριος
2589 5498 2618 5551 6
2636 5498 2770 5562 Θεός
2788 5514 2903 5563 σου,
2921 5496 3018 5551 καὶ
3040 5496 3342 5562 ἀποδώσεις
3365 5498 3506 5553 αὐτά
3525 5501 3705 5573 ἀργυο

2116 5599 2251 5670 ρίου,
2283 5595 2378 5650 καὶ
2400 5593 2543 5666 λήψῃ
2566 5592 2627 5647 τὸ
2657 5591 2916 5665 ἀργύριον
2936 5592 2995 5645 ἐν
3017 5594 3139 5655 ταῖς
3156 5591 3312 5663 χερσί
3340 5609 3457 5660 σου,
3480 5596 3576 5648 καὶ
3604 5611 3706 5650 πο-

2368 5717 2411 5748 ⁸⁹
2453 5711 2590 5769 Ibid.
2641 5713 2729 5779 Π,
2772 5712 2861 5770 18.
2969 5711 3017 5747 ³⁸
3054 5709 3195 5767 Ibid.
3227 5709 3319 5769 26.
3449 5715 3493 5745 ’ί
3536 5712 3698 5771 Deut.
