3842 6218
128 320 190 376 53
978 311 1632 371 DEMONSTRATIONIS
1674 307 2135 370 EVANGELICE
2176 309 2306 366 LIB.
2346 308 2388 365 I.
3286 312 3355 364 51

130 435 278 509 ριῦσῃ
295 434 373 497 είς
394 433 489 489 τὸν
523 434 708 498 τόπον,
736 435 797 488 δν
829 434 895 489 ἂν
930 435 1216 506 ἐκλέξηται
1256 432 1459 506 Κύριος
1482 433 1513 486 6
1543 430 1675 495 Θεός

1785 430 1835 483 in
1865 444 1991 485 eum
2021 443 2199 500 ipsum
2229 429 2410 484 locum
2442 442 2607 498 quem
2645 427 2870 500 elegerit
2902 427 3166 486 Dominus
3208 428 3355 488 Deus

128 542 210 578 σου
232 523 408 589 αὑτὸν,
431 524 527 577 καὶ
554 522 745 588 δώσεις
765 523 828 577 τὺ
859 522 1119 596 ἀργύριον
1150 523 1243 577 ἐπὶ
1276 521 1477 585 παντὸς
1512 515 1574 576 οὗ
1604 520 1671 575 ἂν

128 615 339 686 ἐπιθυμῇ
358 616 392 686 ἡ
405 614 546 687 ψυχή
569 632 684 679 σου,
698 615 792 669 ἐπὶ⁸
812 615 1013 685 βουσὶν,
1032 615 1065 687 ἢ
1083 615 1178 669 ἐπὶ⁸
1197 614 1507 687 προϐάτοις,
1528 614 1562 686 ἢ
1580 615 1673 670 ἐπὶ

127 710 255 779 οίνῳ,
285 706 316 779 ἢ
347 706 439 760 ἐπὶ
468 705 682 777 σικέρᾳ,
710 705 746 778 ἢ
774 705 867 759 ἐπὶ
915 705 1117 770 παντὸς
1155 701 1216 761 οὗ
1264 706 1332 760 ἂν
1367 706 1608 778 ἐπιθυμῇ
1636 707 1671 778 ἡ

128 803 251 873 ψυχή
280 816 390 865 σου,
433 799 528 854 καὶ
561 802 712 871 φαγῇ
740 801 858 852 ἐκεῖ
902 798 1144 853 ἐναντίον
1175 797 1382 869 Κυρίου
1412 798 1505 852 τοῦ
1535 796 1670 853 Θεοῦ

131 910 227 946 σου.
261 911 279 943 ι
307 893 415 946 Καὶ
435 888 591 955 αὖθις
618 892 710 945 τὸν
733 891 898 944 τόπον
922 890 1400 965 ἐπισφραγίζεται,
1430 885 1535 947 ὧδέ
1556 908 1673 957 πως

130 985 354 1053 φάσκων·
387 1001 407 1035 ι
441 984 560 1038 Πᾶν
585 983 925 1055 πρωτότοκον
948 981 978 1034 6
1001 984 1068 1038 ἂν
1102 983 1267 1055 τεχθῇ
1294 986 1353 1038 ἐν
1382 986 1494 1048 τοῖς
1524 982 1674 1054 βουσί

131 1090 226 1138 σου,
250 1075 340 1127 καὶ
370 1076 429 1128 ἐν
456 1075 571 1137 τοῖς
603 1073 896 1145 προϐάτοις
935 1091 1057 1142 σου,
1097 1075 1165 1128 τὰ
1212 1075 1475 1147 ἀρσενικὰ
1515 1074 1675 1128 ἀποί-

129 1181 224 1228 σεις
248 1163 432 1236 Κυρίῳ
456 1163 535 1236 τῷ
561 1163 685 1235 Θεῷ
719 1181 834 1219 σου.
870 1166 986 1220 υΰκ
1022 1166 1233 1241 ἐργάσῃ
1263 1170 1322 1221 ἐν
1354 1166 1433 1237 τῷ
1471 1184 1677 1240 πρωτο-

129 1256 250 1327 τόκῳ
279 1256 457 1327 μόσχῳ
491 1272 612 1320 σου,
649 1256 745 1309 καὶ
771 1256 845 1328 μὴ
872 1257 1064 1329 κείρῃς
1098 1257 1161 1311 τὸ
1197 1257 1539 1329 πρωτότοκον
1565 1257 1676 1312 τῶν

130 1346 383 1420 προϐάτων
410 1363 523 1401 σου.
557 1347 827 1401 Ἐναντίον
858 1348 1064 1419 Κυρίου
1101 1348 1194 1403 τοῦ
1236 1349 1372 1403 Θεοῦ
1401 1365 1495 1404 σου
1525 1353 1673 1422 φαγῇ

128 1438 241 1492 αὐτὸ
261 1436 495 1491 ἐνιαυτὸν
524 1437 585 1505 ἐξ
615 1438 882 1504 ἐνιαυτοῦ,
911 1440 968 1493 ἐν
996 1438 1077 1510 τῷ
1113 1441 1264 1512 τόπῳ
1282 1434 1327 1509 ᾧ
1356 1440 1422 1496 ἂν
1454 1441 1678 1511 ἐκλέξη-

126 1547 203 1584 ται
224 1528 414 1601 Κύριος
435 1530 466 1581 6
495 1529 634 1594 Θεός
665 1547 781 1595 σου,
817 1532 884 1584 σὺ
923 1532 1017 1586 καὶ
1059 1534 1089 1586 6
1124 1528 1275 1598 οἶκός
1312 1550 1426 1587 σου.
1468 1553 1488 1586 ι
1520 1534 1676 1590 Μετά

126 1620 277 1675 ταῦτα
298 1621 454 1675 πάλιν
487 1619 608 1686 θέα,
641 1621 765 1676 τίνα
803 1622 1004 1693 τρόπον
1044 1624 1138 1677 καὶ
1166 1624 1234 1678 τὰ
1264 1626 1393 1696 περὶ⁵
1422 1624 1529 1680 τῷν
1552 1627 1675 1697 ἐορ-

1774 530 1925 587 tuus,
1945 528 2001 578 et
2032 521 2189 578 dabis
2217 529 2502 590 argentum
2525 534 2624 591 pro
2655 520 2804 577 omni
2837 521 3203 593 quodcunque
3218 539 3356 580 con-

1772 613 2005 683 cupierit
2044 612 2228 668 anima
2280 621 2394 679 tua,
2423 628 2522 682 pro
2568 612 2768 678 bobus,
2818 614 2936 670 sive
2978 615 3194 682 ovibus,
3237 619 3354 675 sive

1773 705 1920 769 vino,
1944 705 2061 759 sive
2086 704 2281 771 sicera,
2307 704 2422 760 sive
2446 704 2595 758 omni
2621 704 2987 777 quodcunque
3011 710 3354 780 concupierit

1773 797 1957 852 anima
1985 805 2097 862 tua,
2121 804 2177 852 et
2215 796 2474 853 comedes
2504 797 2578 852 ibi
2607 798 2660 852 in
2681 808 2979 869 conspectu
3011 798 3228 856 Domini
3258 802 3351 858 Dei

1773 889 1944 942 tui".
1973 905 1993 940 ›
2028 885 2168 942 Tum
2212 902 2407 944 rursus
2457 888 2638 944 locum
2681 891 2840 960 quasi
2875 891 3033 962 signo
3083 892 3354 964 impresso

1774 979 2144 1043 commendat,
2177 979 2266 1035 bis
2287 978 2401 1036 fere
2414 981 2596 1037 verbis
2627 1000 2642 1037 :
2672 1000 2693 1034 ι
2726 981 2802 1038 De
2831 984 3212 1055 primogenitis
3232 1003 3354 1057 quae

1774 1081 1903 1129 nata
1937 1073 2144 1130 fuerint
2175 1074 2231 1130 in
2257 1075 2438 1131 bubus
2463 1086 2626 1147 atque
2645 1077 2861 1144 ovibus,
2886 1080 3192 1135 masculina
3222 1079 3357 1136 olfe-

1772 1180 1866 1221 res
1897 1163 2130 1221 Domino
2159 1164 2272 1222 Deo
2296 1171 2411 1222 tuo.
2434 1164 2552 1220 Non
2582 1181 2721 1237 opus
2747 1166 2916 1224 facies
2944 1169 3000 1223 in
3030 1169 3205 1225 vitulo
3241 1171 3355 1240 pri-

1774 1257 2075 1328 mogenito,
2126 1264 2180 1313 et
2242 1271 2356 1312 non
2399 1257 2655 1313 tondebis
2704 1258 3128 1335 primogenitpm
3165 1261 3351 1317 ovium

1773 1352 2014 1400 tuarum.
2046 1345 2103 1402 ln
2129 1354 2429 1419 conspectu
2458 1346 2676 1403 Domini
2709 1347 2805 1403 Dei
2833 1350 2913 1403 tui
2939 1348 3194 1408 comedes
3218 1350 3354 1407 illud

1776 1438 2008 1508 singulis
2037 1439 2217 1505 annis,
2254 1440 2309 1493 in
2333 1440 2455 1494 loco
2475 1455 2637 1509 quem
2667 1440 2892 1510 elegerit
2918 1439 3182 1498 Dominus
3206 1441 3354 1500 Deus

1777 1537 1924 1593 tuus.
1952 1537 2013 1584 tu
2044 1537 2099 1584 et
2133 1528 2330 1585 domus
2358 1531 2526 1585 tua".
2553 1550 2573 1582 ι
2610 1532 2740 1584 Post
2760 1530 2876 1585 haec
2902 1547 3099 1589 rursus
3120 1534 3351 1605 inspice.

1776 1635 2015 1689 quonam
2043 1621 2205 1675 modo
2236 1636 2300 1675 ea
2329 1636 2449 1691 quae
2473 1621 2540 1675 ad
2567 1620 2734 1677 festos
2768 1622 2886 1677 dies
2922 1623 3198 1693 pertinent
3224 1626 3354 1681 dis—

127 1712 219 1765 τῶν
246 1711 558 1779 διαστέλλει,
595 1713 697 1766 οὐκ
731 1712 913 1767 ἄλλοθι
941 1715 1065 1785 γῆς,
1104 1714 1219 1769 ἄλλ’
1252 1715 1369 1787 ἢέν
1411 1716 1558 1789 μόνῳ
1596 1716 1675 1788 τῷ

1785 1712 1996 1781 tinguit,
2028 1720 2087 1767 ut
2123 1727 2194 1768 ne
2222 1713 2351 1768 alibi
2381 1721 2670 1777 terrarum,
2698 1728 2861 1785 quam
2891 1714 2946 1769 in
2991 1729 3057 1770 eo
3099 1731 3205 1771 uno
3231 1717 3355 1772 loco

128 1805 405 1877 δηλουμένῳ
437 1774 613 1877 τότάρ,
647 1774 1063 1878 πανηγυρίζειν..
1086 1807 1248 1877 Λέγει
1274 1774 1325 1860 δ’
1358 1774 1479 1862 egw
1575 1774 1680 1863 $6.-

1785 1774 1992 1875 dequo
2010 1804 2213 1875 agitur,
2240 1803 2410 1860 festos
2437 1804 2556 1860 dies
2592 1774 2775 1877 agant.
2799 1807 2891 1860 Ait
2921 1807 3090 1876 igitur
3127 1825 3142 1863 :
3180 1826 3200 1859 ι
3241 1806 3353 1864 0b-

129 1897 263 1962 )αξαι
287 1897 373 1951 τὸν
411 1897 561 1968 μῆνα
598 1897 711 1952 τῶν
740 1899 894 1964 νέων,
931 1900 1027 1953 καὶ
1078 1901 1324 1973 ποιήσεις
1373 1901 1437 1954 τὺ
1486 1902 1680 1973 Πάσχα

1785 1911 1936 1952 serva
1977 1911 2218 1952 mensem
2265 1911 2529 1952 novarum
2573 1896 2820 1967 frugum,
2844 1910 2897 1953 et
2934 1897 3105 1954 facies
3141 1897 3354 1955 Pascha

132 1988 293 2060 Κυρίῳ
319 1988 395 2061 τῷ
424 1988 548 2061 Θεῷ
582 2005 698 2055 σου,
735 1990 983 2062 πρόϐατα
1007 1992 1101 2046 καὶ
1134 1991 1284 2062 βόας,
1313 1994 1371 2046 ἐν
1400 1991 1480 2064 τῷ
1510 1993 1676 2064 τόπῳ,

1785 1986 2011 2043 Domino
2039 1987 2148 2043 Deo
2181 1998 2292 2051 tuo,
2329 2003 2462 2045 oves
2490 1996 2546 2044 et
2577 1989 2762 2051 boves.
2796 1990 2850 2044 in
2893 1990 3015 2045 loco
3056 2005 3219 2061 quem
3243 1992 3356 2046 ele-

131 2076 248 2147 ᾧᾶν
281 2081 563 2154 ἐκλέξηται
613 2083 817 2155 Κύριος
858 2087 888 2138 6
934 2084 1067 2148 Θεός
1110 2102 1203 2138 σου
1243 2084 1413 2156 αὐτῷ.
1456 2104 1475 2136 ι
1514 2084 1683 2140 Πάλιν

1785 2081 1918 2151 gerit
1944 2080 2205 2135 Dominus
2236 2079 2380 2136 Deus
2405 2090 2533 2137 tuus
2555 2081 2624 2135 “.
2654 2100 2673 2133 ι
2714 2079 2928 2137 Rursus
2976 2080 3233 2136 admonet
3268 2081 3359 2138 his

132 2174 520 2246 ὑπομιμνήσκει,
541 2174 718 2244 λέγων
733 2192 749 2206 ·
772 2194 792 2226 ι
817 2176 892 2228 Οὐ
916 2175 1120 2250 δυνήσῃ
1143 2175 1303 2231 θῦσαι
1324 2178 1385 2231 τὸ
1403 2177 1594 2249 Πάσχα
1622 2178 1682 2231 ἐν

1785 2174 2006 2229 verbis:
2040 2190 2058 2223 ι
2096 2171 2215 2227 Νοη
2256 2176 2461 2244 poteris
2508 2174 2817 2228 sacrificare
2857 2173 3062 2244 pascha
3089 2173 3146 2227 in
3176 2173 3359 2243 aliqua

130 2266 325 2337 οὐδεμιᾷ
347 2265 454 2320 τῶν
484 2265 701 2320 πόλεών
729 2284 845 2330 σου,
888 2261 964 2321 ὧν
993 2267 1197 2338 Κύριος
1237 2271 1266 2322 ό
1302 2269 1435 2333 Θεός
1476 2285 1571 2322 σου
1601 2269 1681 2323 δίο

130 2355 240 2410 δωσί
264 2374 362 2422 σοι,
385 2358 500 2412 ἀλλ’
529 2360 616 2422 είς
639 2358 733 2413 τὸν
756 2360 921 2414 τόπον
966 2359 1025 2414 ὃν
1071 2360 1137 2415 ἂν
1164 2360 1448 2434 ἐκλέξηται
1479 2361 1684 2433 Κύριος

130 2447 286 2512 ὀθεός
318 2465 428 2502 σου.
475 2450 630 2503 Ἐκεῖ
661 2449 841 2514 θύσεις
862 2451 924 2504 τὸ
951 2450 1143 2520 Πάσχα
1162 2452 1401 2524 ἑσπέρας
1430 2453 1566 2523 πρὸς
1595 2453 1710 2506 δυ·-

134 2542 272 2609 σμαῖς
292 2540 459 2612 ηλίου,
493 2543 556 2596 ἐν
603 2540 685 2612 τῷ
729 2541 908 2614 καιρῷ
953 2535 999 2610 ᾧ
1033 2542 1256 2612 ἐξῆλθες
1284 2546 1349 2598 ἐκ
1378 2545 1484 2615 γῆς
1514 2545 1684 2614 Αίγύ-

131 2648 274 2684 πτου·
303 2635 393 2686 καὶ
414 2634 664 2707 ἐψήσεις,
692 2636 786 2688 καὶ
814 2638 964 2708 φαγῇ
988 2637 1046 2689 ἐν
1077 2637 1154 2707 τῷ
1179 2638 1331 2709 τόπῳ
1439 2638 1505 2693 ἂν
1535 2639 1685 2693 ἐκλέ-

132 2720 264 2791 ξηται
286 2722 484 2795 Κύριος
518 2727 552 2778 ό
597 2724 731 2789 Θεός
757 2742 873 2780 σου.
911 2746 930 2777 ι
999 2726 1058 2781 Ὀ
1086 2728 1182 2798 μέν
1207 2729 1272 2799 δὴ
1317 2730 1416 2799 τῆς
1442 2728 1541 2783 τοῦ
1568 2731 1682 2783 Πάο

132 2826 220 2883 σχα
240 2814 422 2885 ἑορτῆς
447 2817 620 2887 νόμος
649 2816 886 2881 τοιοῦτος
904 2834 919 2848 ·
947 2819 977 2871 6
1003 2817 1061 2871 δὲ
1098 2819 1197 2889 τῆς
1232 2820 1608 2892 Πεντηκοστῆς
1632 2820 1685 2872 τί

133 2922 292 2974 φησιν,
320 2909 551 2964 ἄκουσον
573 2926 589 2940 ·
617 2927 637 2961 ι
675 2909 847 2964 Ἑπτά
892 2909 1194 2981 ἐϐδομάδας
1231 2910 1557 2985 ὁλοκλήρους
1596 2912 1685 2980 ἐξ-

132 2996 422 3070 αριθμήσεις
465 3000 718 3072 σεαυτῷ,
770 2999 1081 3072 ἀρξαμένου
1129 3018 1235 3055 σου·
1282 3002 1547 3075 δρέπανον
1597 3006 1684 3057 ἐπ’

134 3089 332 3159 ἀμητόν,
365 3093 458 3146 καὶ
508 3095 763 3164 ποιήσεις
802 3096 994 3167 ἑορτὴν
1036 3095 1342 3167 ἑϐδομάδων
1386 3097 1574 3168 Κυρίῳ
1606 3096 1684 3168 τῷ
1712 3114 1756 3173 C

134 3180 235 3253 Θεῷ
265 3201 370 3248 σου,
418 3186 572 3241 καθὰ
621 3186 793 3257 ἰσχύει
836 3190 870 3259 ἡ
921 3188 1042 3261 χείρ
1087 3206 1201 3253 σου,
1233 3190 1332 3243 ὅσα
1362 3189 1428 3244 ἂν
1466 3189 1541 3260 δῷ
1583 3207 1685 3253 σοι,

134 3276 295 3330 καθότι
342 3279 613 3351 εὐλόγηκέ
665 3298 725 3335 σε
760 3280 965 3353 Κύριος
1015 3284 1043 3336 6
1093 3282 1225 3347 Θεός
1268 3300 1401 3337 σου*
1459 3284 1554 3338 καὶ
1601 3285 1690 3337 εὐ-

134 3370 384 3443 φρανθήση
406 3372 646 3427 ἐνώπιον
666 3374 871 3446 Κυρίου
893 3374 988 3428 τοῦ
1011 3373 1146 3429 Θεοῦ
1176 3392 1290 3439 σου,
1313 3376 1378 3429 σὺ
1403 3375 1498 3429 καὶ
1523 3377 1552 3430 6
1576 3376 1690 3441 υἱός

134 3474 235 3526 σου,
258 3464 347 3517 καὶ
381 3464 416 3535 ἡ
437 3463 694 3537 θυγάτηρ
726 3482 840 3531 σου,
867 3467 897 3521 6
922 3469 1052 3529 παῖς
1087 3483 1202 3532 σου,
1231 3468 1327 3521 καὶ
1358 3470 1393 3540 ἡ
1426 3467 1688 3540 παιδίσκη

135 3570 233 3617 σου,
257 3556 346 3608 καὶ
371 3558 400 3609 6
423 3558 687 3629 Λευῖτης,
709 3559 739 3610 6
766 3560 825 3611 ἐν
843 3561 966 3623 ταῖς
987 3559 1172 3613 πόλεσί
1202 3577 1318 3625 σου,
1349 3562 1443 3615 καὶ
1466 3563 1495 3614 ό
1521 3579 1692 3633 προσ-

136 3639 325 3709 ήλυτος,
358 3645 451 3698 καὶ
473 3648 503 3698 ὁ
535 3646 795 3717 ὀρφανὸς,
831 3648 925 3701 καὶ
956 3650 989 3720 ἡ
1024 3650 1168 3720 χήρα
1195 3652 1229 3721 ὴ
1263 3650 1323 3704 ἐν
1347 3651 1497 3722 ὑμῖν,
1522 3652 1580 3705 ἐν
1612 3651 1691 3723 τῷ

134 3734 260 3803 τόπῳ
286 3729 328 3802 ᾧ
359 3736 424 3790 ἃν
450 3737 746 3810 ἐκλέξηται
776 3739 979 3812 Κύριος
1005 3742 1035 3794 6
1066 3741 1199 3805 Θεός
1227 3759 1321 3796 σου
1357 3741 1524 3814 αὐτῷ,
1570 3745 1691 3797 ἐπι-

135 3825 369 3897 κληθῆναι
401 3831 461 3886 τδ
507 3831 686 3903 ὄνομα
715 3833 880 3886 αὑτοῦ
914 3836 1050 3887 ἐκεῖ.
1087 3853 1107 3887 ι
1145 3834 1259 3888 Καὶ
1288 3834 1389 3907 τὴν
1418 3837 1612 3908 τρίτην
1644 3836 1692 3890 δ’

326 3920 453 3973 ἔνθα
474 3922 811 3993 προστάττει
846 3923 1109 3988 ἐκτελεῖν,
1134 3924 1460 3979 ἐπάκουσοψ
1497 3945 1516 3976 ι
1540 3927 1692 3998 Ἐορ-

136 4005 218 4077 τὴν
247 4009 349 4064 τῶν
380 4012 610 4083 Σκηνῶν
643 4014 888 4084 ποιήσεις
927 4014 1139 4085 σεαυτῷ
1174 4016 1315 4069 ἑπτὰ
1356 4016 1592 4089 ἡμέρας,
1633 4020 1690 4071 ἐν

137 4099 200 4170 τῷ
227 4109 544 4175 συναγαγεῖν
584 4123 645 4159 σε
675 4106 785 4160 ἀπὸ
816 4107 917 4177 τῆς
949 4108 1153 4173 ἆλωνός
1197 4126 1291 4163 σου
1321 4111 1417 4164 καὶ
1455 4110 1564 4164 ἀπὸ
1593 4111 1693 4183 τῆς

138 4189 272 4263 ληνοῦ
298 4214 410 4260 σου,
438 4200 536 4253 καὶ¹
568 4198 920 4273 εὐφρανθήσῃ
948 4201 1004 4254 ἐν
1032 4203 1099 4272 τῇ
1131 4202 1290 4273 ἐορτῇ
1326 4219 1440 4267 σου,
1478 4204 1565 4269 σὺ,
1596 4201 1693 4257 καὶ

140 4284 233 4347 υἱδς
257 4302 366 4351 σου,
399 4290 497 4342 καλ⁵
527 4291 563 4361 ἡ
587 4289 841 4363 θηγάτηρ
871 4307 988 4354 σου,
1017 4293 1045 4345 6
1076 4294 1202 4354 παῖς
1233 4310 1348 4355 σου,
1381 4293 1475 4346 καὶ
1506 4296 1538 4363 ἠ
1567 4310 1693 4348 παι-

139 4373 271 4450 δίσκη
300 4397 412 4444 σου,
443 4383 542 4436 καὶ
572 4384 607 4453 ἡ
643 4384 811 4454 χήρα,
840 4385 898 4436 ἐν
929 4384 1008 4455 τῷ
1041 4385 1189 4455 τόπῳ
1229 4378 1274 4453 ᾧ
1305 4385 1371 4440 ἂν
1402 4386 1691 4457 ἐκλέξηται

1781 2266 2001 2321 urbium
2038 2272 2276 2330 tuarum,
2315 2280 2454 2335 quas
2496 2263 2757 2322 Dominus
2785 2264 2930 2321 Deus
2973 2275 3102 2321 tuus
3147 2265 3360 2323 dederit

1782 2357 1902 2422 tibi,
1940 2357 2036 2412 sed
2065 2358 2119 2410 in
2145 2358 2264 2411 loco
2309 2357 2576 2412 duntaxat
2618 2372 2781 2427 quem
2834 2356 3061 2428 elegerit
3095 2356 3361 2414 Dominus

1785 2448 1927 2504 Deus
1981 2457 2127 2504 tuus.
2164 2449 2280 2504 lllic
2321 2448 2631 2504 immolabis
2695 2448 2898 2519 pascha
2944 2464 2975 2503 a
3024 2464 3253 2521 vespere
3290 2450 3360 2506 ad

1785 2541 1920 2595 solis
1947 2556 2226 2603 occasum.
2251 2542 2304 2595 in
2333 2547 2579 2611 tempore
2610 2556 2720 2612 quo
2747 2556 3005 2611 egressus
3032 2557 3093 2597 es
3117 2542 3186 2597 de
3213 2550 3362 2597 terra

1785 2629 2007 2702 [Egypti
2053 2650 2067 2687 :
2111 2640 2159 2687 el
2207 2646 2432 2701 eoques,
2474 2641 2528 2687 et
2573 2633 2827 2688 comedes
2882 2632 2936 2686 in
2995 2633 3117 2687 loco
3166 2647 3359 2703 quem-

1785 2736 2001 2791 cunque
2046 2720 2270 2790 elegerit
2322 2718 2589 2776 Dominus
2637 2720 2783 2777 Deus
2829 2729 2959 2777 tuus
2982 2723 3029 2754 "
3066 2742 3085 2773 ι
3116 2721 3227 2777 Lex
3257 2724 3360 2791 igi-

1786 2820 1875 2866 tur
1899 2813 1967 2868 de
1995 2813 2223 2867 solemni
2252 2811 2359 2873 die,
2406 2814 2501 2882 qui
2531 2812 2742 2867 Pascha
2784 2812 3005 2879 dicitur,
3045 2813 3361 2884 bujusmodi

1786 2902 2062 2974 descripta
2085 2913 2190 2959 est.
2219 2902 2392 2958 Porro
2419 2911 2605 2959 autem
2637 2903 2705 2959 de
2739 2902 3200 2975 Quinquagesima
3229 2904 3360 2975 quid

1786 2998 1955 3062 dicat,
1985 2997 2114 3051 audi
2163 3016 2175 3051 :
2223 3015 2242 3047 ι
2283 2995 2450 3052 Totas
2494 3002 2703 3066 septem
2759 2996 3124 3053 hebdomadas
3164 3011 3361 3050 nume-

1788 3091 1938 3144 rabis
1969 3090 2065 3144 tibi
2096 3089 2224 3160 ipsi,
2257 3105 2324 3143 ex
2355 3104 2464 3159 quo
2491 3087 2684 3143 falcem
2720 3088 2774 3142 in
2804 3096 3040 3158 segetem
3070 3086 3362 3141 immittere

1791 3181 2045 3250 cmperis.
2076 3189 2130 3235 et
2152 3180 2456 3235 celebrabis
2482 3180 2626 3235 diem
2667 3178 2866 3235 festum
2898 3178 3362 3234 hebdomadarum

1790 3266 2021 3324 Domino
2080 3267 2191 3324 Deo
2238 3277 2365 3333 tuo,
2423 3276 2689 3339 quantum
2749 3269 2951 3337 poterit
3003 3283 3199 3323 manus
3244 3275 3360 3332 tua,

1789 3377 1858 3419 ex
1920 3363 2177 3418 omnibus
2234 3377 2571 3433 quaecunque
2633 3360 2835 3417 dedero
2893 3361 3021 3425 tibi,
3078 3370 3365 3431 praplerea

1790 3454 1934 3525 quod
1987 3454 2085 3509 tibi
2134 3452 2473 3509 benedixerit
2539 3451 2804 3507 Dominus
2868 3448 3014 3505 Deus
3079 3457 3237 3515 tuus,
3309 3454 3368 3504 et

1789 3544 2097 3615 epulaberis
2145 3557 2332 3599 coram
2379 3542 2612 3597 Domino
2669 3543 2780 3597 Deo
2828 3552 2942 3608 tuo,
2998 3548 3059 3594 tu
3113 3548 3169 3595 et
3221 3539 3367 3596 ﬁlius

1789 3636 1842 3708 3
1876 3635 2219 3701 tuus,etfilia
2248 3644 2361 3700 tua,
2394 3650 2588 3691 servus
2618 3642 2746 3690 tuus
2770 3641 2824 3688 et
2840 3633 3038 3688 ancilla
3056 3639 3237 3699 tua,et
3257 3629 3362 3685 Le-

1791 3728 1924 3792 vita,
1954 3725 2049 3797 qui
2084 3725 2248 3779 fuerit
2274 3726 2332 3780 in
2358 3724 2588 3780 urbibus
2618 3724 2767 3789 tuis,
2790 3730 2852 3778 et
2895 3723 3126 3789 advena,
3176 3730 3232 3776 et
3262 3736 3367 3791 pu-

1792 3818 1980 3888 pillus,
2002 3824 2058 3872 et
2083 3817 2247 3872 vidua
2269 3831 2392 3887 quae
2408 3814 2554 3886 apud
2578 3829 2677 3871 vos
2728 3813 2894 3869 fuerit
2943 3814 3001 3869 in
3048 3814 3169 3868 loco
3201 3827 3367 3882 quem

1792 3915 2017 3986 elegerit
2045 3912 2309 3968 Dominus
2339 3910 2487 3966 Deus
2531 3920 2659 3965 tuus
2720 3910 2850 3976 sibi,
2903 3910 2973 3965 ad
2998 3908 3366 3964 invocandum

1793 4023 1990 4063 nomen
2020 4021 2179 4062 suum
2203 4005 2276 4060 ibi
2317 4004 2382 4057 “.
2426 4023 2444 4056 ι
2512 4001 2758 4057 Tertium
2795 4017 2927 4057 vero
2987 4003 3232 4056 solemne
3271 3999 3365 4061 ubi

1794 4102 2023 4170 imperet
2046 4097 2455 4165 celebrandum,
2490 4094 2616 4149 audi
2643 4111 2655 4146 :
2685 4113 2704 4145 ι
2744 4092 3364 4149 SolemneTabernacu-

1791 4190 1970 4244 lorum
2005 4186 2313 4242 celebrabis
2348 4185 2445 4238 tibi
2493 4183 2599 4254 ipsi
2642 4189 2847 4252 septem
2897 4181 3112 4248 diebus,
3168 4181 3263 4235 ubi
3297 4180 3368 4234 de

1793 4296 1918 4337 area
1950 4288 2042 4334 tua
2066 4287 2120 4334 et
2145 4278 2212 4334 de
2228 4277 2486 4331 torculari
2518 4284 2613 4332 tuo
2637 4276 2946 4344 collegeris,
2969 4281 3023 4329 et
3055 4271 3366 4344 epulaberis

1795 4373 1851 4427 in
1879 4371 2110 4428 solemni
2140 4377 2255 4434 tuo.
2291 4378 2348 4423 tu
2378 4376 2432 4424 et
2465 4368 2607 4424 filius
2638 4376 2785 4431 tuus,
2828 4374 2883 4421 et
2939 4366 3048 4420 lilia
3104 4375 3221 4428 tua,
3248 4379 3369 4419 ser-

138 4447 312 4543 Κύριος
339 4474 370 4525 6
412 4475 549 4539 Θεός
591 4447 924 4547 σου-ἐαυτῷ.
1027 4476 1128 4531 Διὰ
1159 4447 1443 4532 ’τοσούτων
1471 4447 1567 4532 οὖν
1586 4447 1685 4534 ’τὸν

1797 4481 1895 4521 vus
1919 4472 2050 4519 tuus
2068 4477 2122 4520 et
2142 4462 2338 4518 ancilla
2367 4471 2480 4526 tua,
2504 4468 2558 4516 et
2581 4461 2744 4515 vidua
2759 4462 2813 4514 in
2844 4461 2966 4515 loco
2982 4470 3370 4529 quemcunque

136 4557 275 4613 τόπον
314 4562 836 4634 ἐπισημαινόμενος,
887 4565 1217 4629 τοσαυτάκις
1267 4583 1328 4619 τε
1385 4566 1557 4621 εἰπὼν
1612 4571 1693 4631 εἰς

135 4649 275 4705 αὑτὸν
298 4654 546 4727 άπαντᾷν
579 4659 847 4725 παγγενεῖ
868 4657 964 4711 καὶ
986 4659 1225 4720 πανοικὶ,
1250 4657 1368 4721 πῶς
1390 4657 1456 4712 ἂν
1482 4659 1691 4729 ἥρμοζε

134 4742 232 4805 τοῖς
253 4743 347 4814 τῆς
399 4744 664 4809 Ἰουδαίας
692 4747 788 4800 καὶ
813 4746 906 4800 ἐπὶ
936 4747 1133 4818 μικρὸν
1164 4746 1437 4811 διεστῶσι,
1469 4749 1599 4819 μήτι
1628 4764 1693 4816 γε

135 4834 238 4896 τοῖς
263 4834 378 4888 καθ’
422 4836 557 4908 ὅλης
586 4837 693 4907 τῆς,⁸
721 4836 1045 4910 οἰκουμένης
1085 4837 1263 4892 ἔθνεσι
1282 4855 1299 4904 ;
1337 4838 1572 4908 μάλιστα
1605 4841 1691 4893 ὅτε

134 4923 240 4975 οὐδὲ
286 4928 616 4999 συγγνώμην
662 4929 786 4983 τινὰ
827 4930 981 5001 νέμει
1017 4932 1130 4994 τοῖς
1184 4930 1578 5003 παραϐαίνουσι
1624 4932 1692 4986 τὰ

134 5011 459 5089 διωρισμένα,
490 5021 637 5093 ἀρὰν
659 5021 717 5075 δὲ
745 5020 886 5076 κατὰ
911 5021 1130 5076 πάντων
1171 5022 1280 5076 τῶν
1310 5023 1386 5096 μὴ
1419 5023 1488 5078 τά
1516 5024 1693 5077 πάντα

134 5107 420 5175 τηρούντων
456 5112 680 5180 ἐπάγει,
716 5114 953 5184 ῥήμασιν
995 5114 1181 5178 αὐτοῖς
1221 5114 1426 5185 λέγων·
1465 5135 1486 5168 ι
1538 5115 1690 5168 Ἐπι-

137 5196 417 5270 κατάρατος
443 5201 504 5267 δς
527 5203 632 5256 οὐκ
660 5206 887 5275 ἐμμενεῑ
912 5206 1046 5260 πᾶσι
1072 5210 1185 5272 τοῖς
1209 5207 1615 5279 γεγραμμένοις
1635 5210 1692 5260 ἐν

136 5285 253 5356 τῷδε
276 5291 352 5362 τῷ
374 5292 529 5365 νόμῳ
555 5293 654 5347 τοῦ
689 5296 911 5366 ποιῆσαι
940 5296 1099 5351 αὑτά.
1135 5315 1155 5348 ι
1191 5296 1481 5369 Θεώρησον
1509 5296 1568 5349 δὲ
1597 5297 1693 5350 καὶ

139 5376 291 5447 ἄλλως
338 5384 408 5439 τὰ
454 5385 698 5439 ἀδύνατα
745 5389 908 5440 πᾶσιν
940 5386 1250 5457 ἀνθρώποις
1276 5390 1377 5460 τῆς
1408 5388 1689 5452 Μωῦσέως

142 5473 454 5542 νομοθεσίας.
486 5478 943 5551 Διαστειλάμενος
980 5479 1052 5533 τὰ
1080 5479 1304 5535 ἑκούσια
1350 5481 1445 5535 καὶ
1476 5480 1686 5550 χαλεπὰ

233 5673 274 5703 ³³
312 5672 465 5729 Deut.
491 5690 622 5742 ixiv,
669 5674 864 5733 26-26.

146 5742 184 5774 "'
220 5743 344 5800 Ibid.
384 5739 576 5800 I345.

996 5683 1044 5716 ”
1083 5681 1217 5738 lb'd.
1261 5697 1365 5749 xv,
1408 5682 1512 5751 l9,
1569 5681 1658 5739 20.
1736 5685 1782 5715 "
1822 5679 1956 5738 Ibid.
1998 5694 2123 5745 xvn,
2167 5679 2220 5743 l,
2257 5675 2313 5732 2.

1793 4555 2016 4626 elegerit
2039 4553 2303 4609 Dominus
2341 4552 2484 4607 Deus
2539 4564 2665 4607 tuus
2703 4552 2808 4607 si'bi
2832 4551 2899 4605 ’⁷.
2935 4570 2955 4602 ι
3014 4548 3150 4602 Cum
3200 4546 3368 4617 igitur

1793 4659 1918 4698 eum
1950 4645 2127 4697 locum
2156 4651 2269 4696 tam
2300 4641 2489 4696 multis
2536 4641 2709 4711 signis
2768 4639 3043 4700 ostendat.
3093 4636 3367 4706 totiesque

1793 4734 1924 4789 illuc
1946 4749 2070 4788 cum
2101 4740 2216 4788 toto
2245 4746 2445 4801 genere
2472 4772 2488 4798 ,
2512 4738 2737 4802 totaque
2757 4731 2919 4786 domo
2964 4729 3152 4785 venire
3199 4742 3364 4798 oper:

1793 4837 1908 4882 tere
1933 4826 2231 4898 praecipiat,
2266 4824 2359 4896 qui
2392 4823 2511 4878 fieri
2539 4829 2739 4893 potest,
2766 4829 2826 4875 ut
2851 4836 2913 4876 ea
2937 4836 3058 4891 quae
3080 4819 3236 4884 dicit,
3278 4818 3365 4874 vel

1792 4919 1862 4975 iis
1932 4917 2279 4981 conveniant,
2329 4915 2423 4987 qui
2463 4914 2616 4970 brevi
2654 4913 2942 4967 intervallo
2983 4927 3014 4966 a
3042 4909 3232 4967 Judaaa
3280 4909 3364 4964 di-

1795 5020 1963 5080 stant,
2000 5013 2201 5068 nedum
2230 5011 2504 5082 gentibus,
2537 5025 2659 5079 quze
2691 5008 2746 5063 in
2772 5018 2888 5063 toto
2915 5009 3045 5063 orbe
3089 5016 3365 5064 terrarum

1793 5104 1989 5176 degere
2013 5103 2420 5173 intelligantur?
2448 5116 2513 5156 eo
2539 5100 2712 5170 magis
2737 5099 2883 5169 quod
2911 5115 2978 5154 ne
3001 5099 3215 5155 veniam
3243 5098 3365 5169 qui-

1793 5198 1915 5253 dem
1950 5198 2114 5252 ullam
2142 5196 2333 5250 tribuit
2380 5195 2449 5250 iis
2495 5195 2591 5264 qui
2647 5194 2961 5249 transiliunt
3025 5209 3365 5265 quaecunque

1799 5290 2117 5361 praescripta
2141 5297 2292 5356 sunt,
2323 5301 2388 5341 ac
2417 5285 2602 5356 potius
2623 5284 3057 5340 exsecrationem
3087 5284 3360 5343 omnibus,

1797 5386 2109 5457 quicunque
2137 5397 2245 5437 non
2277 5380 2500 5436 omnino
2547 5378 2733 5434 omnia
2764 5379 3123 5442 servaverint,
3162 5376 3369 5431 denun-

1795 5479 1909 5537 tiet,
1938 5478 2005 5532 ad
2036 5474 2259 5532 verbum
2286 5475 2365 5529 sic
2387 5472 2576 5529 dicens
2614 5489 2629 5525 :
2660 5489 2678 5523 ι
2719 5469 3084 5528 Exseerabilis
3136 5469 3371 5542 quicun-

2420 5675 2468 5709 ”
2503 5673 2638 5732 Ibid.
2676 5672 2804 5731 5-7.
2912 5672 2960 5706 ¹⁶
2996 5670 3134 5730 Ibid.
3212 5672 3369 5729 9-H.
