3842 6218
194 237 262 292 3⁸1
1095 229 1752 290 DEMONSTRA’HONIS

1877 231 2271 292 VANGELICA'I
2309 234 2443 290 LIB.
2485 236 2532 294 Ι.
3413 240 3482 296 ⁸58

195 353 292 409 καὶ
315 346 472 416 οὗτος
499 351 601 405 οὐκ
632 351 772 425 ᾔδει,
814 353 907 409 καί
939 351 1272 424 ἀφεθήσεται
1303 353 1474 425 αὐτῷ.
1507 373 1527 406 ι
1566 355 1709 427 Ἤδη
1737 354 1752 407 ί

1899 368 2000 423 pro
2024 364 2248 424 peccato
2276 370 2377 412 suo
2405 357 2451 389 “
2476 374 2492 426 ;
2536 378 2556 410 ι
2595 357 2786 414 olleret
2815 364 3000 413 autem
3021 371 3218 415 rursus
3249 358 3318 413 ad
3336 357 3480 415 Pon-

194 445 426 518 ἕϐδομόν
455 462 610 517 φησι·
652 464 672 498 ‹
707 445 868 517 Ψυχὴ
898 445 963 501 ἂν
991 446 1235 518 ἁμάρτῃ,
1267 447 1362 500 καὶ
1384 445 1626 519 παριδὼν
1647 465 1794 520 παρ-

198 539 284 612 ίδῃ
337 537 440 601 τὰς
483 537 704 600 ἐντολὰς
744 538 974 609 Κυρίου,
1031 538 1129 591 καὶ
1171 537 1440 608 ψεύσηται
1502 539 1638 610 πρὸς
1702 539 1793 592 τὸν

195 629 429 700 πλησίον
462 628 634 682 αὐτοῦ
662 631 721 681 ὲν
762 629 1228 701 παρακαταθήκῃ,
1261 630 1393 698 περὶ
1434 630 1724 694 κοινωνίας
1757 631 1791 702 ἢ

194 721 480 794 ἁρπαγῆς,
522 720 556 791 ἢ
589 720 817 790 ἡδίκησέ
860 738 912 772 τι
946 720 1038 774 τὸν
1075 721 1326 791 πλησίον,
1370 721 1403 793 ἢ
1436 717 1596 792 εὗρεν
1637 721 1791 776 ἀπώ-

193 814 368 879 λειαν,
411 816 506 869 καὶ
539 815 812 887 ψεύσηται
849 817 979 888 περὶ
1009 817 1200 887 αὐτῆς,
1241 818 1338 870 καὶ
1379 818 1554 890 ὀμόσῃ
1589 818 1792 884 ἀδίκως

191 906 328 978 περὶ
370 907 492 970 ἑνὸς
529 907 639 960 ἀπὸ
686 907 906 960 πάντων
953 901 1030 960 ὧν
1077 907 1174 961 ἐὰν
1225 909 1432 982 ποιήσῃ
1478 909 1787 982 ἄνθρωπος,

187 997 336 1051 ὥστε
390 1000 662 1070 ἁμαρτεῖν
711 1001 770 1052 ὲν
816 999 1049 1064 τούτοις,
1095 999 1190 1053 καὶ
1237 1001 1405 1071 ἡνίκα
1451 1000 1518 1054 ἂν
1565 1002 1788 1073 ἁμάρτῃ

186 1091 288 1147 καὶ
348 1091 724 1166 πλημμελήσῃ
773 1092 866 1146 καὶ
919 1092 1106 1164 ἀποδῷ
1171 1093 1233 1146 τὸ
1291 1094 1564 1165 ἅρπαγμα
1612 1095 1642 1146 6
1690 1094 1791 1166 ἥρ-

187 1202 390 1251 πασεν,
451 1186 486 1256 ἢ
549 1185 609 1238 τὸ
669 1185 913 1256 ἀδίκημα
979 1183 1009 1239 ὃ
1062 1185 1342 1259 ἠδίκησεν,
1389 1189 1556 1260 ἢτὴν
1612 1205 1791 1260 παρα-

185 1276 533 1349 καταθήκην,
575 1278 697 1348 ητις
742 1277 1014 1351 παρετέθη
1080 1277 1250 1350 αὐτῷ,
1299 1280 1332 1350 ἢ
1371 1278 1470 1350 τὴν
1513 1279 1788 1334 ἀπώλειαν

185 1370 257 1441 ην
294 1365 476 1442 εὗρεν,
545 1371 653 1424 ἀπὸ
691 1371 892 1434 παντὸς
951 1353 1279 1442 πράγματος
1343 1367 1403 1426 οὗ
1443 1372 1624 1443 ὤμοσε
1660 1373 1787 1445 περὶ

183 1463 358 1517 αὐτοῦ
421 1463 661 1529 ἀδίκως,
717 1464 811 1517 καὶ
857 1465 1105 1518 ἀποτίσει
1167 1464 1300 1518 αὐτὸ
1366 1465 1428 1518 τὸ
1493 1465 1786 1535 κεφάλαιον

180 1557 280 1608 καὶ
326 1555 392 1609 τὸ
445 1557 812 1626 ὲπίπεμπτον.
853 1575 873 1608 ι
911 1556 1109 1628 Ἐχρῆν
1149 1556 1194 1609 δ’
1239 1556 1304 1610 ἂν
1334 1557 1472 1628 μετὰ
1503 1557 1563 1609 τὸ
1597 1557 1788 1626 ἐξαγο-

180 1647 382 1720 ρεῦσαι
408 1647 470 1700 τὸ
517 1649 844 1720 ἁμάρτημα,
884 1648 980 1701 καὶ
1024 1648 1163 1719 μετὰ
1198 1647 1260 1701 τὸ
1304 1649 1580 1713 ἀποτῖσαι,
1618 1649 1784 1702 σπεύ-

1892 444 2122 510 tiﬁcem,
2151 446 2206 500 in
2232 450 2353 504 loco
2379 449 2634 505 videlicet
2661 449 2730 504 de
2757 449 3086 518 quodictum
3115 457 3220 505 est.
3257 449 3476 504 Sextam

1895 552 2112 607 quoque
2148 538 2322 608 legem
2363 540 2643 610 prioribus
2667 540 2917 610 adjungit
2941 541 3030 597 bis
3061 542 3235 597 verbis
3262 561 3275 596 :
3303 559 3322 592 ι
3348 541 3482 595 Αιιί-

1895 643 1985 682 ma
2016 629 2060 683 si
2096 632 2406 698 peccaverit
2432 639 2487 686 et
2517 631 2992 687 feceritadversus
3019 649 3188 686 unum
3206 648 3272 688 ex
3302 633 3480 685 omni-

1892 718 1995 774 bus
2025 723 2333 791 praiceptis,
2374 723 2579 793 aliquid
2629 739 2842 788 eorum,
2866 741 2987 794 quae
3009 739 3121 778 non
3148 732 3364 795 oportet
3398 723 3480 778 la-

1891 825 2035 877 cere,
2068 820 2258 868 etnon
2288 815 2628 885 cognoverit,
2684 824 2738 871 et
2789 816 3103 888 deliquerit,
3155 826 3210 874 et
3251 834 3478 889 accepe-

1890 902 1964 956 rit
1993 913 2277 973 peccatum
2310 921 2494 971 suum,
2527 922 2723 964 rursus
2741 908 2930 966 oll‘eret
2964 909 3216 965 Pontiﬁci
3247 911 3474 966 arietem

1889 1004 1944 1051 et
1975 998 2155 1053 orabit
2188 1014 2287 1069 pro
2332 1001 2452 1071 ipso
2508 1002 2796 1070 sacerdos,
2847 1018 2949 1074 pro
2998 1003 3308 1074 ignorantia
3353 1004 3476 1072 ejus

1888 1108 2054 1162 quam
2089 1094 2384 1165 ignoravit,
2416 1106 2470 1152 et
2494 1097 2587 1152 hic
2621 1097 2738 1167 ipse
2769 1115 2880 1154 non
2916 1101 3087 1166 novit,
3149 1107 3204 1154 et
3231 1098 3476 1156 dimitte-

1889 1190 1982 1237 tur
2017 1185 2067 1239 ei
2099 1186 2166 1241 ³⁸.
2204 1205 2223 1238 ι
2261 1185 2561 1259 Septimam
2601 1188 2732 1244 item
2774 1190 2970 1246 scribit
2995 1191 3167 1262 legem
3206 1190 3313 1245 hoc
3362 1203 3475 1245 mo-

1887 1277 2226 1332 dochnima
2254 1279 2302 1334 si
2332 1280 2665 1350 peccaverit,
2682 1288 2738 1336 et
2753 1291 3110 1338 contemnens
3135 1289 3476 1352 contempse-

1886 1372 1961 1426 rit
1989 1380 2256 1442 praecepta
2288 1368 2577 1428 Domini'et
2597 1375 2823 1429 mentita
2851 1373 3016 1429 fuerit
3066 1373 3315 1445 proximo
3370 1388 3472 1429 suo

1886 1467 1942 1520 in
1975 1466 2247 1537 deposito,
2277 1467 2792 1524 communicationis
2821 1481 2917 1523 aut
2944 1469 3151 1539 rapina:
3173 1483 3362 1534 causa,
3383 1468 3470 1524 vel

1886 1560 2091 1629 injuria
2122 1559 2305 1630 aliqua
2335 1559 2576 1615 aﬂ'ecerit
2606 1561 2918 1632 proximum
2949 1563 3156 1628 suum,’
3178 1563 3262 1617 vel
3311 1565 3469 1617 inve-

1886 1651 2030 1706 nerit
2062 1666 2176 1705 rem
2216 1652 2506 1720 perditam,
2538 1667 2603 1706 ac
2633 1651 2700 1706 de
2746 1667 2810 1708 ea
2843 1653 2958 1722 ipse
3006 1653 3231 1708 mentita
3281 1653 3466 1715 fuerit,

177 1740 294 1793 δειν
333 1740 517 1804 πάλιν,
553 1741 735 1794 πάντα
769 1739 1162 1810 ὑπερθέμενον,
1192 1741 1274 1803 είς
1301 1739 1394 1792 τὸν
1431 1740 1592 1792 τόπον
1629 1741 1688 1793 ὃν
1721 1740 1752 1793 ἂ

1889 1751 1944 1798 et
2006 1743 2272 1813 juraverit
2338 1743 2527 1814 inique
2584 1759 2685 1813 pro
2736 1760 2847 1798 uno
2885 1760 2950 1799 ex
3012 1746 3267 1800 omnibus
3321 1761 3470 1816 qum-

178 1832 472 1901 ὲκλέξηται
505 1833 713 1903 Κύριος
757 1835 786 1885 6
831 1831 981 1898 Θεὸς,
1031 1832 1125 1884 καὶ
1174 1830 1504 1902 προσφέρειν
1542 1849 1606 1899 γε
1649 1832 1777 1903 περὶ

173 1923 279 1994 τῆς
304 1923 693 1994 πλημμελείας
726 1924 877 1995 κριὸν
901 1923 1132 1994 ἄμωμον
1151 1939 1164 1954 ’
1194 1922 1290 1976 καὶ¹
1320 1921 1627 1986 ὲξιλάσεται
1650 1923 1778 1995 περὶ

175 2017 350 2071 αὑτοῦ
379 2021 408 2071 6
444 2020 623 2090 ἱερεὺς
651 2018 830 2072 ἔναντι
859 2019 1086 2090 Κυρίου,
1119 2017 1213 2071 καὶ
1238 2017 1578 2088 ἀφηθήσεται
1602 2016 1771 2086 αύτῷ.

176 2107 370 2162 Ταῦτα
404 2112 499 2163 καὶ
536 2110 664 2180 περ)⁹
696 2109 864 2163 τῶνδε
911 2112 939 2163 ό
989 2109 1290 2180 θαυμάσιος
1332 2109 1592 2179 Μωῦσῆς,
1648 2107 1776 2178 περί

171 2219 235 2254 τε
276 2202 392 2255 τῶν
435 2203 707 2266 ἀκουσίως
743 2203 1163 2274 ἡμαρτηκότων,
1206 2201 1301 2255 καὶ
1335 2203 1464 2274 περὶ
1501 2201 1608 2255 τῶν
1652 2201 1775 2256 κατ’

109 2331 120 2339 ο
171 2295 428 2363 ἄγνοιαν,
464 2294 890 2367 ἐξηκριϐώσατο,
935 2294 1218 2368 πόρρωθεν
1274 2294 1382 2347 τῶν
1438 2293 1582 2348 κατὰ
1639 2311 1775 2366 προ-

173 2386 393 2460 αίρεσιν
428 2387 936 2459 πλημμελημάτων,
985 2388 1072 2457 ἐφ’
1101 2382 1180 2450 οἷς
1232 2388 1325 2440 καὶ
1370 2387 1776 2458 ἀπαραιτήτους

169 2482 349 2553 ὁρίζει
395 2482 671 2552 τιμωρίας
712 2482 838 2544 τοὺς
876 2482 1111 2544 οἰκείους
1153 2481 1515 2536 ἀναστέλλων.
1553 2481 1611 2533 '0
1666 2480 1776 2552 γὰρ

170 2573 267 2626 ἰπὶ
301 2575 419 2636 τοῖς
456 2571 734 2636 ἀκουσίοις
770 2572 846 2644 μὴ
894 2572 1159 2643 πρότερον
1189 2573 1381 2644 νείμας
1423 2572 1771 2644 συγγνώμην,

169 2664 205 2735 ἦ
237 2662 608 2734 ἐξαγορεῦσαι
631 2663 693 2716 τὸ
723 2664 1044 2735 ἁμάρτημα,
1075 2664 1312 2718 κᾶπειτα
1344 2663 1534 2735 ὥσπερ
1572 2665 1774 2735 μικρὰν

168 2755 452 2827 τιμωρίαν
481 2756 572 2809 διὰ
604 2756 706 2825 τῆς
731 2756 1212 2828 προστεταγμένης
1253 2755 1444 2820 Θυσίας
1477 2755 1774 2828 είσπραξά-

173 2864 341 2918 μενος
373 2847 468 2899 τὸν
498 2848 880 2919 ἡμαρτηκότα,
908 2848 997 2901 διά
1020 2865 1080 2900 τε
1123 2847 1225 2917 τῆς
1249 2849 1342 2900 ἐπὶ
1369 2847 1460 2900 τὸν
1493 2848 1656 2916 ἁγνὸν
1681 2849 1774 2900 τό·

172 2957 276 2993 πον
309 2939 620 3011 ἁμελλήτου
655 2941 881 3011 πορείας
909 2941 1008 3013 τὴν
1041 2939 1275 3010 σπουδὴν
1309 2938 1442 3010 ὁμοῦ
1474 2940 1567 2994 καὶ
1597 2939 1657 2992 τὸ
1686 2941 1776 2994 εύ-

169 3033 338 3097 λαεέες
364 3034 642 3097 ἐπιτείνας
663 3033 771 3087 τῶν
803 3034 920 3087 κατ’
957 3034 1118 3087 αὐτὸν
1153 3032 1423 3086 θεοσεϐεῖν
1452 3033 1772 3107 προῃρημέ-

1885 1851 2104 1906 cunque
2163 1835 2294 1890 facit
2345 1835 2511 1892 homo
2542 1877 2557 1901 ,
2624 1846 2677 1891 et
2719 1847 2910 1906 peccat
2950 1857 2961 1890 :
3019 1845 3074 1892 et
3109 1837 3470 1906 quandocum-

1885 1941 1992 1996 que
2043 1929 2354 1998 peccaverit
2404 1946 2468 1984 ac
2521 1931 2835 2000 deliquerit,
2901 1938 2956 1985 et
2999 1933 3307 1986 restituerit
3351 1945 3469 1985 rem

1883 2033 2047 2088 quam
2084 2019 2329 2087 abstulit,
2367 2027 2462 2073 aut
2497 2021 2710 2090 injuriae
2741 2037 2770 2074 a
2797 2037 2857 2076 se
2880 2023 3061 2085 illata},
3115 2022 3466 2088 satisfecerit,
3541 2023 3543 2026 ⁴

1886 2109 1936 2180 5
1955 2119 2049 2164 aut
2079 2110 2390 2180 depositum
2418 2113 2565 2182 quod
2596 2129 2709 2168 sua:
2739 2113 2864 2168 ﬁdei
2883 2114 3237 2169 commissum
3269 2115 3466 2183 fuerat,

1883 2201 2204 2270 reddiderit,
2243 2212 2337 2258 aut
2369 2220 2482 2258 rem
2516 2206 2784 2272 perditam
2815 2222 2978 2276 quam
3006 2207 3232 2270 invenit,
3253 2223 3319 2261 ex
3351 2221 3464 2262 om-

1882 2297 1940 2351 ni
1964 2311 2024 2351 re
2055 2311 2155 2365 pro
2178 2311 2284 2366 qua
2317 2297 2504 2368 inique
2531 2297 2738 2366 juravit
2767 2299 2940 2353 solvet
2990 2299 3167 2368 ipsum
3192 2306 3385 2364 totum,
3413 2306 3468 2354 et

1882 2388 2002 2457 ejus
2036 2391 2262 2460 insuper
2287 2391 2536 2461 quintam
2582 2399 2793 2461 partem
2822 2392 3206 2447 “.!C:eterum
3242 2400 3466 2462 oporte-

1883 2479 1978 2534 bat
2028 2489 2318 2551 postquam
2365 2481 2682 2551 prodiderat
2749 2490 3038 2552 peccatum
3087 2499 3151 2538 ac
3204 2486 3464 2551 solverat,

1883 2578 2138 2626 omnibus
2174 2571 2406 2642 negotiis
2437 2574 2768 2642 posthabitis
2798 2589 3049 2644 propere,
3103 2577 3253 2630 abire
3285 2577 3352 2631 ad
3381 2578 3466 2632 lo-

1881 2675 2030 2726 cum,
2078 2678 2239 2732 quem
2293 2664 2533 2734 elegerat
2573 2663 2842 2719 Dominus
2870 2667 3036 2730 Detis,
3065 2676 3119 2722 et
3144 2668 3338 2723 oﬁ‘erre
3368 2683 3468 2739 pro

1881 2753 2082 2808 delicto
2114 2755 2342 2810 arietem
2392 2755 2825 2818 immaculatum,
2871 2767 2924 2811 et
2958 2758 3037 2812 sic
3084 2774 3242 2813 orare
3276 2774 3375 2828 pro
3398 2775 3466 2816 eo

1881 2847 2221 2902 sacerdotem
2254 2847 2395 2918 apud
2427 2847 2738 2910 Dominum,
2765 2855 2818 2901 et
2845 2849 3040 2903 dimitti
3068 2851 3140 2906 ei.
3179 2850 3304 2906 Haec
3331 2868 3465 2909 sane

1881 2935 2060 2993 Moses
2087 2937 2177 2992 ille
2210 2938 2567 2994 admirandus
2591 2947 2701 2992 tam
2729 2931 2797 2994 de
2828 2940 2895 2995 iis
2922 2941 3015 3010 qui
3055 2942 3210 2996 inviti
3272 2960 3466 3013 pecca-

1881 3033 2078 3093 verint,
2111 3046 2272 3100 quam
2300 3031 2367 3085 de
2401 3031 2468 3086 iis
2488 3032 2582 3101 qui
2609 3047 2705 3102 per
2735 3032 3121 3102 ignorantiam,
3151 3036 3461 3106 diligentis-

169 3144 300 3190 νων,
337 3126 460 3189 πῶς
497 3127 616 3196 οὐχὶ
647 3127 755 3179 τῶν
788 3127 1049 3189 ἑκουσίως
1085 3127 1378 3198 δρωμένων
1409 3127 1543 3180 πολὺ
1575 3127 1752 3199 πρότε·

1879 3125 2016 3179 sime
2064 3126 2320 3180 tractavit
2359 3141 2606 3181 seorsum
2653 3126 2720 3180 ab
2750 3127 2818 3181 iis
2845 3143 2967 3197 qua
3008 3128 3314 3183 voluntarie
3339 3145 3464 3200 pec-

171 3238 266 3292 ρον
309 3220 530 3290 ἐπίσχοι
577 3220 644 3273 ἂν
695 3219 793 3283 τὰς
840 3221 1052 3290 ὁρμάς;
1095 3220 1161 3272 Τί
1199 3220 1263 3292 δὴ
1295 3216 1388 3274 οὖν
1427 3220 1564 3292 πρὸς
1600 3219 1773 3273 ταῦτα

171 3312 590 3378 συλλογίζεσθαι
623 3311 783 3382 χρῆν,
818 3311 906 3364 ὅτε
956 3311 1041 3384 δὴ,
1081 3311 1158 3376 ὡς
1213 3314 1447 3384 εἴρηται,
1492 3329 1772 3381 συγκεφα-

165 3403 499 3476 λαιούμενος
535 3405 603 3458 τὰ
632 3405 810 3458 πάντα
836 3407 864 3458 6
897 3405 1136 3476 Μωῦσῆς
1177 3407 1526 3478 ἐπισκήπτει,
1561 3404 1767 3472 λέγων’

173 3516 194 3549 α
248 3497 690 3568 Ἐπικατάρατος
722 3499 830 3561 πᾶς
868 3497 927 3560 ὃς
969 3497 1068 3550 οὐκ
1108 3499 1337 3568 ὲμμενεῖ
1384 3500 1441 3550 ὲν
1482 3499 1616 3551 πᾶσι
1659 3501 1771 3562 τοῖς

169 3591 654 3662 ἐγγεγραμμένοις
709 3589 802 3643 τοῦ
861 3590 1058 3660 νόμου,
1109 3589 1204 3642 τοῦ
1265 3589 1488 3665 ποιῆσαι
1544 3590 1704 3655 αύτά;
1747 3609 1765 3641 ι

167 3678 318 3753 Ἀρα
343 3683 452 3754 γάρ
483 3683 610 3745 τοὺς
636 3683 700 3735 ὲκ
728 3682 976 3754 περάτων
999 3683 1101 3753 γῆς
1127 3665 1420 3753 μέλλοντας
1447 3681 1588 3735 κατὰ
1616 3683 1772 3735 Μωῦ-

171 3775 269 3827 σέα
308 3773 604 3838 θεοσεϐεῖν,
633 3774 708 3837 ὡς
740 3774 806 3827 ἂν
834 3774 1056 3842 φύγοιεν
1095 3774 1191 3845 μὲν
1227 3772 1325 3846 τὴν
1374 3772 1640 3845 κατάραν,
1678 3771 1772 3826 τύ-

167 3884 320 3938 χοιεν
347 3867 407 3918 δὲ
439 3866 539 3936 τῆς
574 3866 991 3937 ἐπηγγελμένης
1029 3866 1168 3937 πρὸς
1198 3866 1289 3920 τὸν
1335 3865 1584 3936 Ἀϐραὰμ
1621 3864 1772 3917 εὐλο-

168 3959 316 4026 γίας,
354 3957 532 4011 ταῦτα
580 3957 758 4010 πάντα
800 3959 938 4028 χρῆν
976 3957 1258 4028 πράττειν,
1309 3958 1402 4010 καὶ
1449 3956 1631 4028 τρίτον
1673 3955 1768 4010 τοῦ

169 4050 328 4111 ἔτους
355 4048 606 4117 ἀπαντᾷν
634 4048 716 4110 εἰς
745 4047 812 4100 τὰ
859 4046 1237 4118 Ἱεροσόλυμα;
1274 4047 1368 4100 καὶ
1407 4045 1506 4110 τὰς
1540 4047 1605 4099 ἐκ
1636 4047 1771 4100 πάν-

167 4157 277 4193 των
300 4140 361 4194 δὲ
387 4138 499 4191 τῶν
527 4138 697 4192 ἐθνῶν
729 4138 1001 4192 θεοσεϐεἰν
1027 4137 1465 4211 προκεκριμένας
1484 4141 1766 4207 γυναῖκας,

168 4235 297 4305 ἄρτι
320 4233 501 4286 τόκων
531 4232 625 4285 καὶ
662 4231 868 4286 ὠδίνων
897 4231 1274 4302 παυσαμένας,
1305 4230 1575 4300 τοσαύτην
1613 4231 1767 4285 στέλ-

168 4326 362 4380 λεσθαι
418 4324 666 4396 πορείαν,
723 4323 801 4387 ὡς
854 4323 921 4377 ἂν
976 4322 1075 4395 τὴν
1130 4321 1611 4394 προστεταγμένην
1663 4321 1769 4375 ὑπὸ

166 4419 454 4482 Πωῦσέως
491 4418 684 4471 θυσίαν
724 4417 810 4487 ἐφ’
856 4417 1075 4488 ἑκάστῳ
1121 4415 1232 4470 τῶν
1277 4415 1631 4487 γεννωμένων
1669 4416 1768 4469 ἀν-

1875 3229 2091 3283 cantur,
2115 3218 2314 3288 quibus
2338 3218 2501 3273 etiam
2529 3218 2893 3274 inexorabiles
2922 3221 3128 3289 irrogat
3159 3234 3373 3289 pomus,
3403 3225 3464 3273 ut

1875 3328 2006 3368 suos
2049 3313 2125 3366 ita
2167 3311 2464 3374 cohibeat,
2522 3325 2585 3365 ac
2647 3310 2907 3366 refrenet.
2971 3309 3076 3377 Qui
3128 3312 3275 3366 enim
3339 3305 3460 3377 iis,

1873 3407 1964 3477 qui
1989 3405 2145 3460 inviti
2191 3405 2540 3476 peccaverint
2601 3421 2711 3460 non
2762 3405 2915 3475 prius
2971 3406 3186 3460 veniam
3243 3406 3458 3472 tribuit,

1873 3513 2037 3568 quam
2073 3506 2358 3567 peccatum
2407 3495 2874 3556 aununtiaverint,
2925 3509 2990 3547 ac
3023 3492 3218 3549 deinde
3268 3494 3320 3548 ei
3364 3495 3460 3564 qui

1872 3593 2119 3662 peccavit
2151 3591 2310 3661 quasi
2340 3591 2510 3645 levem
2535 3604 2752 3660 poenam
2788 3604 2886 3658 per
2916 3588 3182 3643 indictum
3211 3587 3343 3642 illud
3369 3603 3462 3643 εει-

1873 3684 2139 3738 crilicium
2173 3683 2396 3753 irrogat,
2423 3692 2477 3738 et
2508 3697 2604 3752 per
2633 3683 3004 3736 accessionem
3042 3682 3163 3736 sine
3202 3695 3354 3736 mora
3389 3679 3459 3736 ad

1871 3773 2054 3828 locum
2080 3784 2351 3839 sanctum,
2382 3774 2624 3828 studium
2657 3774 2817 3828 simul
2849 3784 2902 3828 et
2928 3772 3243 3841 religionem
3267 3788 3456 3828 eorum

1873 3865 2128 3928 intendit,
2160 3866 2253 3936 qui
2285 3883 2343 3920 se
2372 3877 2596 3920 auctore
2621 3867 2677 3919 in
2712 3865 2898 3920 divino
2944 3867 3096 3920 cultu
3149 3867 3228 3920 uti
3263 3866 3452 3930 velint,

1872 3958 1965 4028 qui
1991 3958 2108 4011 ﬁeri
2141 3966 2322 4028 pctest
2360 3967 2418 4010 ut
2461 3971 2572 4010 non
2616 3957 2788 4010 multo
2823 3958 2974 4026 prius
3015 3958 3082 4011 ab
3109 3958 3177 4012 iis
3200 3973 3322 4028 quae
3368 3972 3456 4012 vo-

1873 4050 2110 4104 luntarie
2138 4036 2574 4113 committuntur,
2610 4049 2918 4104 cohibuerit
2943 4050 3215 4120 appetitus
3247 4051 3272 4103 ?
3311 4048 3455 4115 Quid

1871 4142 1938 4196 ad
1964 4143 2079 4197 haec
2111 4141 2276 4213 igitur
2297 4141 2672 4211 argumentari
2703 4149 2942 4211 oportet,
2962 4141 3202 4210 quando,
3242 4149 3302 4196 ut
3329 4143 3452 4196 dic-

1869 4239 1986 4286 tum
2014 4240 2119 4297 est,
2153 4237 2350 4286 cuncta
2378 4232 2630 4302 redigens
2657 4229 2713 4284 in
2736 4246 3002 4285 summam
3031 4230 3229 4295 Moses,
3247 4232 3327 4286 sic
3349 4231 3453 4286 im-

1871 4322 2175 4392 precatur?
2202 4341 2221 4373 ί
2254 4321 2625 4376 Exsecrabilis
2654 4323 2835 4376 omnis
2873 4323 3186 4391 quicunque
3206 4338 3314 4376 non
3346 4330 3455 4378 ste-

1872 4416 1998 4471 terit
2029 4415 2307 4479 omnibus,
2343 4429 2466 4484 quae
2494 4414 2550 4468 in
2582 4413 2700 4484 lege
2759 4415 2962 4484 scripta
3015 4421 3164 4478 sunt,
3198 4421 3256 4468 ut
3288 4413 3452 4472 faciat

169 4512 496 4581 ενέγκαιεν;
536 4511 569 4581 ἢ
614 4512 739 4572 τοὺς
775 4507 1158 4578 ἐφαψαμένους
1202 4506 1395 4578 νεκροῦ
1433 4506 1704 4578 σώματος,
1735 4509 1752 4559 i

1877 4523 1940 4563 ea
2008 4507 2051 4538 ³⁷
2131 4526 2176 4562 ι.
2219 4505 2362 4578 Ergo
2412 4505 2576 4560 etiam
2621 4505 2677 4559 in
2728 4506 2988 4560 extremis
3037 4515 3195 4561 terrae
3249 4506 3450 4564 ﬁnibus

165 4607 293 4670 τοὺς
321 4603 580 4675 ἐπίορκον
608 4601 990 4672 ὀμωμοκότας,
1019 4599 1052 4670 ἢ
1082 4599 1207 4662 τοὺς
1229 4599 1483 4652 ἀκούσιόν
1503 4616 1555 4652 τι
1583 4599 1766 4669 δεδρα-

167 4700 337 4760 κότας
364 4699 432 4749 ὲκ
465 4695 718 4763 περάτων
737 4694 839 4764 γῆς
867 4692 1042 4763 ἥκειν,
1068 4691 1278 4762 τρέχειν
1302 4708 1362 4743 τε
1391 4691 1486 4744 καὶ
1512 4690 1763 4743 σπεύδειν

167 4795 262 4846 ἐπὶ
307 4791 403 4845 τὸν
444 4787 936 4859 νενομοθετημένον
981 4784 1343 4855 καθαρισμὸν,
1383 4784 1460 4848 ὡς
1494 4783 1559 4838 ἂν
1592 4783 1762 4852 ἐκφύ-

164 4898 319 4953 γοιεν
365 4881 468 4953 τὴν
505 4880 604 4950 τῆς
639 4879 885 4948 κατάρας
929 4876 1258 4946 ὲπίσκηψιν;
1309 4876 1469 4929 Ἀλλὰ
1513 4877 1762 4946 συνορᾷς,

162 4977 240 5040 ὡς
271 4975 369 5028 καὶ
399 4975 584 5036 αὐτοῖς
616 4975 728 5036 τοῖς
758 4971 902 5042 ἀμφὶ
933 4970 1004 5024 τά
1049 4968 1392 5041 Ἱεροσόλυμα
1423 4967 1758 5033 κατοικοῦσι,

162 5067 260 5121 καὶ
293 5067 390 5118 ἐπὶ
410 5065 582 5136 μόνης
596 5064 695 5134 τῆς
724 5062 982 5124 Ἰουδαίας
998 5061 1096 5123 τὰς
1118 5058 1395 5131 διατριϐάς
1419 5057 1762 5128 ποιουμένοις

161 5159 190 5210 6
220 5157 367 5210 κατὰ
399 5155 643 5210 Μωῦσέα
681 5152 792 5224 βίος
818 5151 1258 5224 δυσκατόρθωτος
1287 5146 1374 5221 ἦν·
1411 5151 1539 5222 μήτι
1575 5167 1639 5218 γε
1669 5150 1760 5202 δυ·-

163 5250 324 5312 νατὸς
353 5245 722 5302 ἐπιτελεῖσθαι
742 5245 839 5300 καὶ
856 5247 969 5308 τοῖς
995 5244 1199 5308 λοιποῖς
1221 5242 1432 5297 ἔθνεσιν
1449 5243 1546 5314 (5).
1570 5243 1761 5296 Ἔνθεν

232 5356 280 5428 ιι
320 5393 500 5450 Levit.
527 5409 585 5458 ν,
630 5391 718 5447 is.
796 5391 843 5423 ευ
878 5389 1016 5446 Ibid.
1058 5390 1147 5452 ιτ,
1191 5389 1280 5446 is.
1356 5389 1403 5422 ει
1441 5388 1577 5445 Ibid.
1620 5407 1695 5455 vr,
1737 5390 1854 5449 2-7.

231 5511 307 5580 (5)
343 5509 506 5578 Μήτι
551 5525 620 5580 γε
655 5506 913 5580 δυνατὸς
932 5507 1332 5580 ἐπιτελεῖσθαι
1355 5507 1470 5580 καί
1489 5507 1614 5580 τοῖς
1633 5511 1756 5561 λοι-

168 5576 299 5647 acie
329 5576 570 5634 ἔθνεσιζ
600 5598 618 5630 ι
654 5576 862 5632 Nedum
897 5578 1006 5648 tale
1031 5587 1090 5631 ut
1114 5587 1298 5648 posset
1323 5593 1353 5632 a
1375 5577 1602 5648 reliquis
1629 5594 1756 5646 gen.

172 5655 310 5706 tibus
329 5651 673 5705 observari.»
707 5651 870 5704 vertit
904 5647 1170 5708 Donatus,
1206 5649 1380 5714 male;
1419 5664 1575 5704 mens
1602 5649 1748 5702 enim

177 5721 390 5778 Eusebii
417 5729 507 5778 est
535 5719 710 5774 multo
760 5721 943 5775 minus
985 5719 1088 5774 hoc
1115 5719 1339 5776 vivendi
1377 5719 1690 5776 institutum
1719 5733 1749 5772 a

1869 4599 2197 4664 habitantes,
2242 4600 2288 4655 si
2332 4599 2472 4654 ritus
2510 4596 2778 4654 Mosaicos
2826 4613 3047 4653 servare
3077 4600 3348 4664 volebant,
3390 4607 3451 4655 ut

1867 4691 2029 4746 talem
2045 4691 2476 4746 exsecrationem
2494 4691 2748 4754 vitarent,
2768 4690 3207 4760 promissamque
3218 4690 3450 4747 Abrahae

1867 4782 2303 4838 benedictionem
2363 4783 2786 4854 contingerent,
2846 4783 2960 4836 haec
3016 4784 3199 4837 omnia
3265 4785 3445 4840 facere

1866 4876 2153 4945 oportebat
2186 4876 2208 4929 ί
2238 4891 2303 4929 ac
2341 4882 2424 4930 ter
2453 4875 2684 4946 singulis
2740 4875 2898 4929 annis
2929 4873 3303 4947 Hierosolyma
3352 4893 3446 4946 pe-

1868 4977 1983 5022 tere
2012 4969 2036 5021 ?
2068 4984 2132 5022 ex
2158 4970 2302 5023 omni
2337 4976 2599 5038 praeterea
2635 4967 2874 5031 natioae,
2917 4984 3038 5038 qua:
3067 4969 3204 5023 tales
3238 4969 3341 5024 sibi
3369 4971 3446 5024 ri-

1868 5067 1958 5113 tus
1987 5059 2285 5114 servandos
2319 5059 2730 5129 proposuisset,
2773 5058 3002 5114 feminas
3063 5071 3218 5129 partu
3283 5062 3445 5115 modo

1867 5166 1933 5204 ac
1987 5151 2268 5206 doloribus
2303 5151 2512 5205 levatas
2566 5157 2676 5203 tam
2711 5151 2931 5221 longum
2961 5155 3064 5205 iter
3093 5151 3300 5222 ingredi
3334 5192 3348 5215 ,
3385 5161 3446 5206 ut

1869 5240 2016 5312 quod
2066 5241 2388 5311 imperasset
2438 5237 2616 5294 Moses
2656 5238 2986 5293 sacriﬁcium
3013 5280 3028 5306 ,
3063 5253 3164 5309 pro
3213 5239 3445 5310 singulis

1967 5390 2009 5422 ³⁷
2051 5388 2209 5444 Deut.
2250 5403 2414 5448 xxvu,
2441 5388 2533 5442 26.

1858 5505 2062 5576 Judmis
2087 5504 2241 5576 apud
2257 5505 2394 5576 alia;
2422 5513 2596 5574 gentes
2625 5502 2948 5576 degentibus
2977 5501 3223 5571 potuisse
3240 5500 3444 5576 obser-

1858 5577 1999 5631 vari.
2032 5571 2342 5645 Legendum
2373 5571 2534 5644 igitur
2556 5576 2612 5626 ἐν
2633 5577 2744 5637 τοῖς
2775 5573 2999 5636 λοιποῖς,
3019 5583 3067 5626 et
3089 5585 3221 5645 post
3235 5571 3444 5626 ἔθνεσιν

1859 5641 2164 5702 addendum
2183 5645 2322 5699 forte
2337 5641 2631 5709 Ἰόυδαίοις,
2648 5655 2834 5698 verten
2859 5645 3076 5712 iuuiun
3094 5662 3104 5696 :
3123 5641 3309 5696 nedum
3327 5653 3366 5695 ι.
3383 5659 3440 5696 ιι.

1855 5733 1906 5787 p.
1938 5736 1968 5772 a
1990 5716 2195 5772 luditis
2229 5716 2369 5786 apud
2416 5716 2555 5772 alias
2592 5725 2766 5786 gentes
2817 5713 3116 5784 degemibus
3151 5713 3436 5768 observari.
