3842 6218
407 290 477 346 39
1041 289 1310 346 EUSEBII
1342 288 1828 346 CESARIENSIS
1865 288 2018 347 OPP.
2059 287 2242 346 PARS
2279 287 2343 344 Il.
2384 318 2456 332 —
2491 289 2995 348 APOLOGETICA.
3588 302 3664 354 £0

407 406 710 480 puerperiis
738 406 998 463 oﬂ‘erreut
1026 407 1051 462 ’ἒ
1079 408 1206 462 item
1231 407 1325 478 qui
1353 413 1450 461 aut
1481 413 1755 462 mortuum
1772 421 1956 477 corpu:

2077 404 2300 469 εῑκότως
2321 407 2351 459 ό
2384 405 2572 478 Σωτὴρ
2596 406 2690 459 καὶ
2717 406 2921 480 Κύριος
2944 407 3101 480 ήμῶν
3133 410 3337 482 Ἰησοῦς
3359 413 3389 466 ό
3411 412 3538 478 Υίδς
3560 414 3662 466 τοῦ

404 502 737 572 attigissent,
768 508 862 556 aut
891 500 1231 571 peierassent
1260 540 1278 565 ,
1312 507 1407 555 aut
1440 498 1597 553 inviti
1641 497 1844 569 aliquid
1892 496 1974 553 fe-

404 596 632 657 oissent,
666 608 761 650 eos
794 593 865 648 ab
906 591 1168 649 extremis
1216 600 1377 649 terra:
1418 591 1617 647 ﬁnibus
1675 591 1878 655 venire,
1907 604 1973 644 ac

404 692 763 757 properantes
784 699 1075 740 excurrere
1113 684 1182 739 ad
1202 700 1324 740 eam
1349 700 1471 756 quae
1501 685 1618 755 lege
1639 685 1852 740 sancita
1881 698 2003 763 es-ﬂ

407 781 510 837 set,
542 775 938 844 purgationem,
967 782 1025 827 ut
1061 774 1459 830 exsecrationis
1499 789 1717 845 poenam
1767 773 1971 846 εποδε-

403 867 568 922 rent?
597 863 707 921 Sed
735 866 895 936 plane
935 865 1199 936 perspicis
1242 874 1303 920 ut
1333 866 1417 921 vel
1449 867 1566 936 ipsa
1594 864 1970 938 Hierosolyma

402 955 764 1012 incolentibus
792 998 808 1023 ,
855 964 1017 1026 atque
1045 955 1104 1010 in
1139 970 1249 1011 una
1294 953 1482 1011 Judaea
1525 955 1872 1012 versantibus
1902 948 1969 1011 ac

400 1047 724 1119 degentibus
760 1047 1056 1104 Mosaicum
1093 1047 1226 1102 illud
1254 1046 1470 1104 vivendi
1502 1047 1816 1103 institutum
1846 1063 1967 1104 ser-

398 1147 529 1195 vatu
594 1138 809 1194 diﬂlcile
875 1146 1063 1203 esset,
1126 1139 1326 1195 nedum
1392 1140 1501 1195 tale
1568 1148 1629 1194 ut
1687 1148 1874 1208 posset
1936 1154 1968 1194 a

399 1229 626 1300 reliquis
663 1229 915 1300 gentibus
965 1229 1265 1284 observari.
1315 1226 1549 1284 Proinde
1603 1227 1854 1284 Salvator
1902 1243 1969 1284 ac

400 1321 663 1377 Dominus
702 1330 890 1377 noster
923 1320 1084 1377 Jesus
1126 1319 1298 1376 Filius
1349 1320 1445 1375 Dei
1482 1326 1606 1391 post
1653 1320 1889 1376 reditum
1932 1336 1965 1375 a

396 1420 572 1467 morte
602 1412 668 1467 ad
691 1412 875 1478 vitam,
906 1412 965 1484 6
995 1427 1118 1468 cum
1173 1410 1241 1465 ad
1273 1411 1574 1482 discipulos
1607 1426 1737 1467 suos
1792 1410 1967 1466 dixis-

396 1512 479 1556 set
510 1521 524 1557 :
563 1519 584 1554 ι
622 1501 699 1557 Ite
744 1516 810 1557 ac
841 1502 1032 1557 docete
1063 1516 1253 1557 omnes
1283 1509 1472 1572 gentes
1503 1501 1569 1567 ³⁸,
1613 1520 1632 1552 ι
1688 1508 1800 1555 tum
1848 1516 1962 1556 me-

394 1594 504 1646 rito
527 1592 810 1662 adiunxit:
870 1610 889 1644 ι
917 1592 1176 1647 docentes
1198 1606 1294 1646 eos
1329 1601 1548 1646 servare
1574 1591 1779 1655 omnia,
1813 1604 1962 1660 qua:-

2072 495 2208 550 Θεοῦ
2242 496 2379 568 μετά
2407 498 2507 570 τὴν
2540 500 2605 552 ἐκ
2641 500 2849 573 νεκρῶν
2877 501 3173 557 ἀνάστασιν
3199 506 3313 568 τοῖς
3344 504 3511 558 αὑτοῦ
3545 522 3662 576 μα-

2073 587 2265 659 θηταῖς
2315 587 2516 641 είπὼν·
2572 610 2589 642 ι
2636 591 2997 663 Πορευθέντες
3057 593 3433 664 μαθητεύσατε
3476 596 3660 651 πάντα

2072 678 2141 733 τὰ
2191 678 2340 750 ἔθνη,
2381 699 2399 731 ι
2440 681 2719 750 ἐπιλέγει,
2769 700 2789 733 ι
2821 682 3161 748 διδάσκοντες
3210 687 3409 750 αὐτοὺς
3465 689 3660 760 τηρεῖν

2072 770 2250 824 πάντα
2275 771 2376 823 ὅσα
2409 772 2759 843 ἐνετειλάμην
2790 773 2939 843 ὑμῖν.
2984 794 3003 825 ι
3031 775 3106 828 Οὐ
3139 775 3246 848 γὰρ
3272 778 3343 832 τὰ
3371 778 3657 844 Μωῦσέως

2068 861 2275 933 νόμιμα
2316 863 2585 917 διδάσκειν
2647 863 2823 919 πάντα
2878 864 2947 918 τὰ
3000 865 3127 940 ἐθνη
3176 868 3653 940 παρεκελεύσατο,

2067 953 2181 1007 ἀλλ’
2205 941 2315 1008 ὅσᾶ
2336 953 2499 1017 αύτὺς
2529 954 2844 1008 ἐνετείλατο.
2871 953 3056 1010 Ταῦτα
3102 957 3145 1010 δ·
3193 953 3283 1029 ἦν,
3326 957 3396 1013 τά
3435 962 3489 1014 ἐν
3534 965 3655 1026 τοῖς

2066 1044 2416 1114 Εὑαγγελίοις
2465 1044 2630 1098 αὐτοῦ
2685 1045 2977 1118 φερόμενα.
3026 1047 3265 1113 Είκότως
3306 1045 3402 1105 οὖν
3452 1053 3549 1107 καὶ
3596 1055 3652 1107 ot

2065 1135 2231 1189 αὐτοῦ
2287 1135 2524 1207 μαθηταὶ
2572 1137 2665 1190 καὶ
2708 1137 2759 1189 οἱ
2805 1136 3093 1191 ἀπόστολοι
3141 1140 3199 1192 ἐν
3240 1140 3307 1211 τῇ
3356 1141 3485 1212 περὶ
3535 1140 3653 1196 τῶν

2066 1224 2235 1279 ἐθνῶν
2269 1224 2457 1295 σκέψει
2496 1223 2814 1296 ὁμολογοῦσι
2862 1225 2936 1296 μὴ
2968 1225 3226 1279 δύνασθαι
3258 1226 3328 1280 τά
3359 1229 3652 1295 ,Μωῦσέως

2064 1317 2270 1387 νόμιμα
2318 1318 2431 1380 τοῖς
2482 1315 2690 1370 ἔθνεσιν
2739 1315 3097 1389 ἐφαρμόζειν’
3151 1317 3239 1371 ὅτε
3284 1319 3422 1390 μήτε
3463 1318 3652 1384 αὐτοῖς

2068 1406 2205 1477 μήτε
2228 1407 2341 1468 τοῖς
2368 1405 2634 1477 πατράσιν
2663 1404 2837 1460 αὐτῶν
2878 1404 3262 1477 εὐκατόρθωτα
3290 1406 3503 1475 γέγονε.
3539 1409 3649 1463 Λέο

2065 1514 2151 1566 γει
2176 1498 2221 1551 δ’
2253 1492 2345 1550 οὖν
2381 1498 2439 1549 ἐν
2486 1499 2606 1560 ταῖς
2638 1498 2903 1569 Πράξεσιν
2925 1499 2954 1551 ὁ
2986 1496 3215 1569 Πέτρος·
3248 1517 3267 1548 ι
3302 1497 3416 1551 Νῦν
3458 1492 3551 1553 οὖν
3589 1500 3649 1552 τί

2064 1587 2351 1661 πειράζετε
2370 1587 2460 1640 τὸν
2486 1583 2642 1653 Θεὸν,
2672 1585 2937 1642 ἐπιθεῖναι
2960 1586 3121 1655 ζυγὸν
3143 1587 3234 1640 ἐπὶ
3261 1586 3353 1640 τὸν
3376 1588 3648 1660 τράχηλον

394 1697 607 1753 cunque
634 1682 864 1754 praecepi
887 1683 1043 1737 vobis
1071 1682 1140 1737 ”.
1176 1700 1197 1734 ι
1242 1679 1362 1736 Non
1389 1682 1535 1737 enim
1563 1694 1685 1752 quae
1711 1680 1768 1735 in
1796 1678 1956 1736 Mosis

2060 1681 2168 1734 τῶν
2201 1677 2480 1752 μαθητῶν,
2508 1678 2568 1733 ὃν
2597 1677 2721 1733 οὔτε
2762 1681 2811 1733 οὶ
2852 1678 3086 1750 πατέρες
3122 1681 3154 1750 ή
3166 1678 3281 1749 μῶν
3317 1676 3441 1733 οὔτε
3480 1679 3649 1750 ἡμεῖς

392 1772 603 1844 legibus
632 1779 780 1841 sunt,
808 1774 1006 1829 docere
1056 1787 1249 1828 omnes
1269 1779 1457 1842 gentes
1488 1772 1791 1842 imperabat
1816 1789 1832 1827 :
1864 1771 1956 1828 sed

2065 1773 2362 1846 ἰσχύσαμεν
2408 1770 2707 1844 βαστάσαι;
2774 1790 2793 1823 ι
2845 1771 3084 1834 Είκότως
3138 1770 3196 1825 δὲ
3252 1770 3347 1825 καὶ
3403 1768 3569 1833 αὐτὸς
3613 1769 3647 1822 ό

391 1882 731 1938 quaecunque
758 1881 877 1937 Ipse
905 1878 1254 1937 praeceperat.
1290 1865 1417 1922 Haec
1454 1882 1619 1937 porro
1656 1873 1807 1933 sunt,
1842 1880 1963 1936 qua:

390 1960 449 2016 in
470 1960 618 2016 illius
646 1958 953 2030 Evangeliis
975 1960 1327 2015 continentur
1369 1957 1746 2031 Meritoigitur
1772 1967 1827 2015 et
1850 1959 1961 2016 dis-

390 2053 559 2124 cipuli
608 2053 875 2123 ejusdem,
909 2062 965 2110 et
991 2054 1247 2125 apostoli,
1304 2069 1429 2109 cum
1481 2054 1684 2112 habere
1717 2053 1961 2125 gentium

388 2145 659 2200 rationem
697 2145 918 2210 vellent,
954 2145 1011 2200 in
1041 2145 1145 2202 hoc
1173 2146 1319 2202 inter
1346 2161 1406 2202 se
1435 2153 1811 2202 convenerunt
1841 2164 1856 2201 :
1900 2154 1962 2200 ut

389 2252 512 2309 qua:
540 2236 598 2291 in
631 2236 798 2294 Mosis
825 2237 1035 2308 legibus
1065 2238 1435 2303 continentur,
1456 2252 1800 2309 nequaquam
1830 2252 1960 2310 gen-

389 2329 537 2385 tibus
572 2339 797 2400 possent
831 2330 1256 2394 accommoulari,
1302 2330 1504 2400 quippe
1529 2345 1651 2400 qua:
1683 2344 1861 2400 neque
1889 2330 1960 2384 ab

387 2418 548 2490 ipsis,
577 2433 800 2490 nequea
821 2421 1067 2491 patribus
1098 2421 1340 2492 ipsorum
1376 2422 1581 2476 servari
1612 2421 1796 2493 potius
1832 2435 1961 2478 con-

386 2520 578 2568 staret.
614 2510 755 2582 Ergo
787 2513 842 2566 in
870 2512 1021 2566 Actis
1051 2510 1246 2567 Petrus
1278 2512 1558 2582 loquitur:
1596 2531 1615 2564 ι
1648 2510 1806 2568 Nunc
1826 2526 1957 2581 ergo

385 2605 517 2678 quid
550 2606 770 2660 tentatis
799 2604 992 2670 Deum,
1050 2605 1332 2676 imponere
1371 2607 1561 2675 jugum
1596 2621 1760 2675 super
1782 2605 1958 2662 cervi-

385 2712 479 2753 ces
499 2697 915 2767 discipulorum,
952 2696 1099 2765 quod
1142 2712 1320 2766 neque
1346 2707 1528 2767 patres
1554 2695 1752 2757 nostri,
1779 2707 1957 2764 neque

384 2803 488 2844 nos
515 2795 734 2857 portare
786 2786 1063 2857 potuimus
1092 2785 1137 2818 δο
1168 2786 1192 2841 ?
1227 2804 1246 2838 ›
1293 2786 1388 2842 sed
1415 2785 1581 2841 etiam
1631 2785 1747 2854 ipse
1778 2782 1957 2839 Moses

382 2888 604 2951 propter
646 2879 762 2934 hac
791 2878 910 2949 ipsa
942 2893 1066 2948 qua:
1108 2877 1372 2942 diximus,
1402 2878 1597 2931 merito
1624 2885 1677 2931 et
1723 2876 1954 2930 alterum

382 2984 580 3040 praeter
608 2983 667 3023 se
699 2975 1075 3024 surrecturum
1101 2966 1180 3018 ait
1211 2964 1536 3035 Prophetam
1568 3002 1583 3026 ,
1620 2970 1673 3017 et
1699 2962 1844 3015 hunc
1874 2960 1955 3028 ip-

383 3074 502 3114 sum
554 3059 735 3128 legum
795 3063 1072 3111 auctorem
1136 3053 1379 3109 futurum
1429 3050 1643 3107 cunctis
1701 3048 1955 3120 gentibus

2061 1866 2299 1937 Μωῦσῆς
2345 1864 2547 1919 τούτων
2592 1862 2769 1918 αὐτῶν
2818 1862 3024 1929 ἕνεκεν,
3066 1863 3251 1935 ἕτερον
3290 1863 3419 1935 παρ’
3450 1859 3647 1916 ἐαυτδν

2059 1955 2457 2027 ἀναστήσεσθαι
2488 1954 2591 2027 ἐφη
2626 1953 2932 2027 προφήτην,
2974 1954 3068 2007 καὶ
3111 1952 3302 2006 τοῦτον
3336 1950 3644 2024 νομοθέτην

2059 2043 2276 2098 ἔσεσθαι
2304 2042 2412 2097 τῶν
2446 2041 2614 2097 ἐθνῶν
2644 2038 3353 2109 ἀπάντωνέύαγγελίξεται,
3381 2039 3473 2093 τὸν
3503 2040 3644 2111 Χρι-

2060 2134 2184 2189 στὸν
2213 2133 2598 2204 αίνιττόμενος,
2640 2130 2788 2203 αὑτῷ
2827 2149 2888 2185 τε
2936 2130 3216 2185 πείθεσθαι
3262 2132 3376 2195 τοῖς
3417 2130 3643 2195 οἰκείοις

2060 2228 2333 2299 παραινεῖ,
2366 2221 2471 2280 ὧδέ
2508 2243 2586 2297 πη
2619 2224 2714 2279 καὶ
2757 2223 2917 2279 τοῦτο
2946 2222 3218 2289 θεσπίζων
3239 2241 3253 2255 ·
3289 2241 3309 2275 ι
3344 2224 3641 2297 Προφήτην

2059 2318 2188 2388 ὑμῖν
2216 2317 2509 2388 ἀγαπήσει
2538 2315 2741 2388 Κύριος
2766 2317 2794 2370 ό
2818 2314 2951 2380 Θεὸς
2980 2316 3044 2369 ἐκ
3073 2314 3181 2368 τῶν
3210 2313 3454 2385 ἀδελφῶν
3481 2315 3641 2386 ὑμῶν

2058 2406 2134 2470 ὡς
2164 2405 2290 2478 ἐμέ’
2317 2404 2480 2459 αὑτοῦ
2509 2403 2804 2460 ἀκούσεσθε
2828 2402 2969 2458 κατά
2997 2403 3174 2457 πάντα
3196 2404 3296 2457 ὅσα
3326 2403 3394 2458 ἂν
3424 2403 3639 2478 λαλήσῃ

2059 2498 2207 2568 ὑμῖν.
2248 2497 2439 2550 Ἔσται
2468 2496 2545 2562 δέ,
2582 2498 2732 2550 πᾶσα
2762 2493 2929 2566 ψυχὴ,
2954 2495 3075 2565 ἥτις
3106 2493 3172 2548 ἂν
3203 2495 3278 2567 μὴ
3305 2493 3513 2567 ἀκούσῃ
3540 2494 3639 2549 τοῦ

2058 2586 2335 2658 προφήτου
2388 2585 2616 2649 ἐκείνου,
2659 2582 3164 2657 ἐξολοθρευθήσεται
3208 2585 3273 2636 ἐκ
3311 2582 3405 2637 τοῦ
3444 2584 3639 2652 γένους

2057 2675 2248 2745 αὐτῆς.
2294 2694 2312 2727 ι
2353 2674 2463 2727 Καὶ
2492 2672 2677 2728 τοῦτον
2711 2673 2771 2727 δὲ
2809 2673 2900 2728 τὸν
2932 2674 3239 2747 προφήτην,
3272 2673 3512 2745 δηλονότι
3542 2675 3638 2730 τὸν

2054 2763 2310 2836 Χριστὸν,
2338 2764 2396 2832 ἐξ
2436 2764 2703 2818 Ἰουδαίων
2732 2764 3079 2838 προελθόντα,
3102 2765 3318 2818 πάντων
3337 2764 3445 2818 τῶν
3462 2764 3639 2819 ἐθνῶν

2054 2857 2488 2929 κατακρατήσειν
2521 2857 2682 2911 πάλιν
2714 2859 3004 2927 ἀναφωνεῖ,
3052 2856 3225 2927 λέγων
3244 2874 3258 2887 ·
3293 2876 3313 2909 ι
3358 2857 3446 2920 Ὠς
3477 2857 3637 2912 καλοὶ

2053 2948 2102 3002 οί
2141 2943 2278 3001 οἶκοί
2311 2963 2424 3013 σου,
2471 2948 2685 3013 Ἰακὼϐ,
2723 2951 2778 3003 αἱ
2804 2949 3023 3015 μσκηναί
3072 2964 3188 3013 σου,
3224 2948 3459 3020 Ἰσραὴλ,
3496 2949 3635 3003 ὡσεὶ

2054 3037 2222 3093 νάπαι
2252 3039 2586 3106 σκιάζουσαι,
2614 3042 2708 3094 καὶ
2732 3041 2862 3095 ὡσεὶ
2887 3041 3212 3112 παράδεισος
3240 3040 3334 3094 ἐπὶ
3361 3041 3631 3111 ποταμὸν,

382 3115 637 3211 nuntiat:
645 3146 924 3202 Christum
954 3160 1019 3200 eo
1046 3144 1206 3198 modo
1244 3142 1582 3212 signiﬁcans,
1616 3149 1671 3195 et
1690 3139 1864 3195 eidem
1892 3145 1951 3191 ut

2057 3130 2128 3194 ὡς
2154 3130 2351 3200 σκηναὶ
2381 3129 2446 3195 ἃς
2472 3130 2667 3203 ἔπηξεν
2688 3132 2908 3205 Κύριος.
2948 3130 3316 3199 Ἑξελεύσεται
3344 3131 3633 3203 ἄνθρωπος

381 3244 631 3308 pareant,
683 3237 800 3292 suis
859 3234 1118 3290 omnibus
1171 3234 1449 3302 imperat:
1509 3246 1674 3301 quam
1711 3244 1825 3284 rem
1865 3227 1949 3283 his

381 3327 552 3384 ferme
580 3327 760 3382 verbis
786 3327 995 3381 divinat
1025 3344 1038 3380 :
1074 3344 1093 3376 ι
1115 3324 1445 3395 Prophetam
1478 3322 1633 3377 vobis
1657 3318 1949 3376 suscitabit

384 3420 643 3477 Dominus
676 3418 815 3474 Deus
842 3434 909 3474 ex
939 3417 1205 3471 fratribus
1230 3415 1428 3470 vestris
1467 3423 1722 3484 tauquam
1747 3427 1854 3475 me,
1879 3411 1948 3464 il-

381 3509 494 3565 lum
522 3507 755 3563 audietis
781 3509 834 3561 in
869 3506 1125 3562 omnibus
1152 3520 1272 3575 quae
1304 3505 1558 3575 loquetur
1590 3503 1765 3558 vobis.
1793 3502 1950 3568 Quae-

381 3613 600 3669 cunque
623 3611 756 3652 vero
787 3596 970 3650 anima
1006 3610 1115 3649 non
1153 3594 1384 3648 audierit
1420 3591 1746 3663 Pr0phetam
1772 3594 1945 3656 illum,

379 3690 651 3747 delebitur
682 3688 750 3743 de
782 3703 977 3759 genere
1007 3703 1107 3742 suo
1130 3686 1173 3718 δι
1206 3705 1251 3740 ι.
1289 3684 1458 3739 Porro
1496 3693 1676 3739 autem
1715 3685 1949 3754 prophe-

380 3793 491 3839 tam
523 3781 668 3836 hunc
712 3779 991 3836 Christum
1040 3779 1216 3849 ipsum
1247 3777 1497 3832 videlicet
1528 3792 1559 3830 a
1589 3775 1795 3831 Iudaeis
1836 3776 1948 3831 ori-

379 3874 627 3937 undum,
686 3871 814 3925 alibi
866 3871 992 3924 item
1050 3868 1308 3924 omnibus
1366 3866 1618 3937 gentibus
1650 3867 1948 3937 imperatu-

378 3978 524 4026 rum,
555 3962 804 4017 enuntiat
823 3960 909 4014 his
935 3956 1343 4022 verliischuam
1361 3956 1600 4025 pulchrae
1628 3957 1819 4010 domus
1841 3965 1946 4009 tua:

378 4054 567 4118 Iacob,
612 4053 847 4108 tentoria
881 4060 994 4117 tua,
1027 4049 1227 4116 Israel;
1256 4055 1315 4102 ut
1344 4050 1516 4103 saltus
1570 4049 1835 4112 umbrosi,
1889 4056 1946 4103 ut

379 4148 569 4201 hortus
597 4147 756 4215 juxta
807 4144 1031 4197 lluvium
1058 4181 1073 4205 ,
1112 4148 1172 4195 ut
1223 4140 1577 4196 tabernacula
1601 4181 1616 4201 .
1650 4156 1772 4210 qure
1831 4140 1945 4195 ﬁxit

381 4238 663 4295 Dominus.
721 4234 970 4290 Prodibit
1023 4233 1187 4289 homo
1227 4249 1294 4288 ex
1324 4233 1531 4288 semine
1583 4233 1722 4303 ejus,
1753 4241 1806 4286 et
1841 4233 1946 4286 do-

378 4326 673 4382 minabitur
737 4324 988 4395 gentibus
1045 4322 1346 4386 multis,et
1375 4321 1664 4376 extolletur
1714 4335 1943 4391 regnum

377 4420 496 4489 ejus
523 4421 622 4473 δ’.»
657 4418 799 4484 Quin
828 4418 1017 4477 etiam,
1060 4430 1184 4469 cum
1213 4412 1498 4468 duodecim
1549 4412 1771 4468 omnino
1798 4411 1942 4482 apud

380 4511 634 4566 Hebraeos
664 4516 850 4564 essent
877 4507 1076 4568 tribus,
1106 4521 1173 4561 ex
1205 4520 1309 4575 qua
1344 4504 1558 4557 illarum
1578 4504 1820 4558 oriturus
1852 4502 1943 4557 hic

380 4601 519 4672 apud
549 4607 736 4669 gentes
774 4598 953 4668 legum
977 4604 1168 4650 auctor
1187 4635 1201 4657 ,
1230 4593 1322 4664 qui
1353 4592 1569 4646 canitur
1592 4606 1622 4645 a
1652 4592 1938 4662 propheta,

2051 3223 2116 3276 ἐκ
2146 3222 2240 3276 τοῦ
2276 3223 2585 3295 σπέρματος
2609 3225 2793 3289 αὑτοῦ,
2834 3224 2928 3278 καὶ
2973 3223 3251 3295 κυριεύσει
3297 3222 3469 3277 ἐθνῶν
3495 3225 3620 3278 πολι

2049 3314 2175 3378 λῶν,
2202 3315 2296 3368 καὶ
2321 3315 2665 3387 ὑψωθήσεται
2709 3317 2742 3387 ἡ
2775 3314 3020 3385 βασιλεία
3056 3314 3240 3370 αὑτοῦ.
3282 3334 3301 3367 ι
3348 3314 3507 3369 Ἀλλά
3535 3315 3634 3369 καὶ

2051 3407 2109 3475 ἐξ
2133 3408 2320 3471 ὁποίας
2343 3407 2530 3479 φυλῆς,
2553 3406 2758 3460 δώδεκα
2782 3405 2891 3461 τῶν
2916 3405 3052 3469 ὅλων
3076 3406 3205 3478 παρ’
3239 3405 3513 3477 Ἑϐραίοις
3539 3407 3635 3460 ού-

2051 3501 2178 3565 σῶν,
2199 3502 2281 3554 ὅτι
2307 3500 2370 3573 δὴ
2396 3499 2503 3554 ἀπὸ
2522 3500 2623 3569 τῆς
2662 3498 2830 3552 Ἰούδα
2860 3501 2889 3553 ό
2913 3497 3301 3571 θεσπιζόμενος
3328 3497 3436 3553 τῶν
3457 3498 3631 3552 ἐθνῶν

2048 3589 2345 3661 νομοθέτης
2389 3591 2623 3663 Χριστὸς
2661 3588 3077 3661 προελεύσεται·
3116 3589 3210 3643 καὶ
3254 3588 3397 3641 κατά
3439 3588 3630 3651 ποίους

2047 3682 2289 3753 χρόνους,
2315 3682 2396 3734 ὅτι
2429 3680 2564 3753 μετά
2596 3680 2694 3753 τήν
2721 3680 2960 3750 ἔκλειψιν
2987 3679 3095 3732 τῶν
3120 3681 3184 3732 ἐκ
3209 3679 3488 3750 προγόνων
3513 3679 3631 3732 δια-

2046 3775 2206 3846 δοχῆς
2228 3774 2322 3828 τοῦ
2367 3774 2633 3828 Ἰουδαίων
2677 3773 2861 3836 ἔθνους
2895 3773 3190 3846 ἀρξάντων,
3224 3773 3375 3844 δηλοῖ
3408 3774 3584 3842 λέγων
3608 3791 3623 3804 ·

2054 3883 2073 3917 ι
2114 3866 2227 3919 Οὐκ
2257 3865 2492 3935 ἐκλείψει
2530 3865 2711 3937 ἅρχων
2759 3863 2818 3928 ἐξ
2851 3864 3039 3928 Ἰούδα,
3073 3863 3167 3916 καὶ
3215 3862 3514 3934 ἡγούμενος
3562 3869 3630 3919 ἐκ

2047 3954 2155 4009 τῶν
2192 3955 2378 4027 μηρῶν
2404 3955 2588 4019 αὐτοῦ,
2622 3955 2727 4017 ἓως
2758 3953 2823 4006 ἂν
2852 3953 2980 4027 ἔλθῃ
3004 3954 3071 4008 τὰ
3094 3952 3427 4024 ἀποκείμενα
3455 3955 3624 4026 αὐτῷ,

2045 4046 2139 4098 καὶ
2171 4047 2331 4108 αὐτὸς
2356 4045 2645 4117 προσδοκία
2677 4044 2864 4098 ἐθνῶν.
2901 4063 2920 4095 ι
2948 4044 3087 4098 Ποία
3119 4044 3176 4098 δὲ
3209 4043 3502 4116 προσδοκία
3532 4041 3626 4115 ἦν,

2045 4138 2158 4191 ἀλλ’
2192 4139 2224 4211 ἢ
2258 4141 2291 4209 ή
2322 4137 2400 4209 τῷ
2438 4137 2683 4209 Ἀϐραὰμ
2707 4137 3086 4208 ἐπηγγελμένη
3116 4137 3242 4209 περὶ
3270 4136 3365 4189 τοῦ
3390 4137 3502 4190 δεῖν
3531 4137 3626 4189 εὐε-

2044 4228 2435 4301 λογηθήσεσθαι
2469 4228 2526 4302 ἐν
2557 4227 2705 4298 αὐτῷ
2732 4228 2910 4282 πάντα
2947 4227 3018 4281 τὰ
3066 4227 3192 4299 έθνη
3229 4227 3331 4297 τῆς
3355 4229 3490 4300 γῆςς
3517 4229 3630 4283 Πέ-

2045 4337 2180 4391 φηνε
2207 4318 2491 4391 τοιγαροῦν
2513 4318 2605 4372 καὶ
2622 4319 2783 4382 αὐτὸς
2810 4320 2840 4371 ὁ
2870 4319 3109 4390 Μωῦσῆς
3131 4318 3375 4391 ἀκριὸὧς
3396 4320 3629 4374 ἐπιστά-

2048 4428 2205 4484 μενος
2223 4411 2319 4482 τὴν
2343 4411 2440 4481 μὲν
2470 4410 2604 4482 πρὸς
2632 4409 2796 4463 αὐτοῦ
2824 4410 3166 4479 διαταγεῖσαν
3186 4409 3509 4482 νομοθεσίαν
3529 4411 3624 4475 ἐξ·

2049 4501 2314 4567 ασθενεῖν,
2348 4503 2429 4565 είς
2468 4502 2530 4554 τὸ
2562 4502 2727 4556 πᾶσιν
2763 4500 3070 4574 ἐφαρμόσαι
3113 4504 3223 4565 τοῖς
3254 4500 3494 4555 ἔθνεσινο
3541 4504 3628 4567 εἰς

2047 4594 2390 4667 ἐκπλήρωσιν
2416 4595 2474 4648 δέ
2493 4592 2601 4647 τῶν
2625 4593 2757 4666 πρὸς
2783 4593 2874 4646 τὸν
2913 4592 3163 4664 Ἀϐραὰμ
3191 4592 3474 4665 χρησμῶν,
3505 4594 3629 4648 ἐτέ-

375 4700 433 4750 et
460 4692 659 4763 quibus
686 4690 1020 4760 temporibus
1049 4687 1266 4742 futurus
1295 4694 1476 4748 esset,
1521 4684 1667 4756 quod
1697 4685 1764 4740 de
1791 4685 1939 4740 tribu

2057 4704 2143 4757 ρου
2173 4686 2377 4741 δεῖσθαι
2406 4686 2702 4757 προφήτου.
2728 4679 2895 4749 Οὗτος
2921 4684 2978 4738 δὲ
3003 4686 3110 4755 ἄρα
3139 4680 3228 4756 ἦν,
3260 4684 3319 4738 δν
3350 4685 3408 4751 ἐξ
3453 4687 3627 4742 Ἰούδα

375 4782 513 4840 Juda
545 4784 816 4846 videlicet,
848 4782 1100 4852 quodque
1132 4786 1284 4842 tunc,
1309 4794 1433 4834 cum
1469 4778 1764 4832 defecerint
1789 4778 1883 4847 qui
1909 4792 1942 4831 a

2057 4778 2211 4850 ρυλῆς
2240 4776 2686 4847 προελεύσεσθαι,
2720 4777 2816 4830 καὶ
2847 4776 3057 4830 πολλῶν
3097 4775 3268 4829 ἐθνῶν
3310 4777 3627 4848 κυριεύσειν

376 4870 679 4940 maj0ribus
709 4870 812 4925 sibi
842 4868 1101 4923 traditum
1148 4866 1388 4922 Iudaicae
1427 4869 1606 4936 gentis
1650 4867 1939 4936 imperium

2057 4867 2564 4940 τρομαρτυρόμενος
2596 4866 2997 4937 εὐηγγελίζετο.

375 4977 564 5023 tenere
608 4966 1040 5027 eonsuevissent,
1076 4963 1392 5034 planissime
1434 4962 1638 5017 indicat
1669 4962 1755 5016 bis
1797 4962 2013 5020 verbis:
2050 4981 2069 5015 ι
2099 4979 2208 5018 non
2232 4963 2467 5027 deficiet,
2502 4964 2700 5033 inquit,
2732 4965 2986 5034 princeps
3019 4964 3086 5019 de
3112 4958 3273 5028 Iuda,
3298 4979 3476 5036 neque
3505 4966 3616 5023 dux

375 5065 443 5121 de
473 5062 769 5119 femoribus
796 5061 936 5131 ejus,
967 5059 1141 5115 donec
1170 5060 1387 5115 veniant
1409 5073 1530 5128 quae
1554 5058 1793 5127 reposita
1850 5066 1981 5113 sunt
2018 5058 2144 5130 ipsi,
2176 5068 2231 5115 et
2259 5061 2375 5129 ipse
2399 5059 2736 5129 exspectatio
2770 5062 3012 5130 gentium
3044 5059 3128 5112 “:
3174 5078 3193 5110 ι
3234 5059 3328 5115 sed
3370 5075 3623 5130 quaenam

373 5155 490 5211 haec
515 5151 848 5224 exspectatio
873 5159 992 5206 erat
1032 5161 1227 5223 prater
1256 5167 1374 5206 eam
1407 5165 1530 5220 quae
1559 5150 1791 5204 Abrahae
1846 5150 2120 5221 quondam
2175 5152 2446 5222 promissa
2499 5150 2675 5206 fuerat
2693 5152 2718 5206 ?
2738 5151 2883 5222 quod
2919 5151 3173 5207 videlicet
3202 5152 3257 5206 in
3282 5152 3404 5223 ipso
3430 5167 3624 5208 omnes

371 5256 562 5319 gentes
594 5255 754 5300 terra:
781 5254 965 5301 essent
997 5244 1397 5301 benedicendae.
1433 5243 1621 5316 Itaque
1658 5255 1820 5301 etiam
1849 5247 1965 5316 ipse
2013 5245 2191 5302 Moses
2248 5247 2402 5302 visus
2449 5253 2533 5302 est
2597 5247 2798 5316 Optime
2857 5246 3158 5305 intelligere
3197 5244 3443 5302 futurum
3496 5263 3626 5304 esse

372 5339 667 5410 aliquando
700 5377 716 5404 ,
761 5349 822 5392 ut
846 5339 993 5409 leges
1026 5340 1076 5409 7
1108 5355 1246 5409 quas
1279 5340 1396 5410 ipse
1424 5348 1660 5403 tuusset,
1712 5344 1968 5397 omnibus
2000 5342 2256 5412 gentibus
2302 5341 2706 5396 accommodari
2733 5356 2843 5396 non
2864 5350 3106 5411 possent.
3125 5340 3204 5396 Ad
3226 5356 3289 5395 ea
3319 5356 3452 5397 vero
3498 5357 3627 5397 ora-

374 5440 499 5489 cula
536 5420 941 5504 comprobanda
963 5440 1019 5489 et
1043 5434 1382 5489 conﬁcienda
1440 5450 1562 5504 quae
1610 5435 1842 5490 Abrahae
1899 5435 2113 5492 reddita
2144 5444 2293 5501 sunt,
2329 5437 2503 5492 altero
2553 5451 2693 5507 opus
2738 5452 2862 5493 esse
2913 5436 3203 5504 prepheta,
3245 5436 3342 5492 sed
3374 5436 3466 5493 hic
3504 5444 3627 5493 erat

379 5542 537 5596 quem
565 5526 633 5584 de
663 5528 805 5582 tribu
829 5527 970 5583 Juda
1002 5528 1367 5599 proditurum,
1415 5531 1712 5603 multisque
1747 5532 2001 5603 gentibus
2028 5531 2431 5588 dominaturum
2484 5532 2753 5603 superiori
2812 5532 3126 5588 testimonio
3178 5533 3621 5588 couiirmaverat.

450 5637 496 5670 ’θ’
524 5638 717 5696 Matth.
765 5655 974 5706 xxvm,
1017 5639 1104 5697 l9.
1183 5641 1230 5673 ³⁹
1283 5640 1421 5698 Ibid.
1461 5642 1552 5698 20.
1628 5643 1675 5676 ⁸ο
1712 5643 1834 5698 Act.
1879 5659 1956 5700 xv

385 5707 431 5739 ”
468 5707 603 5766 Cen.
633 5725 780 5775 xux,
823 5710 909 5766 to.

2057 5645 2114 5711 ὓ,
2194 5644 2237 5678 υ
2280 5644 2437 5702 Deut.
2478 5661 2639 5714 xvm,
2682 5647 2785 5715 l5,
2827 5647 2913 5703 l9.
2992 5647 3036 5680 “
3075 5647 3234 5704 Nam.
3274 5663 3421 5718 xxtv,
3468 5649 3523 5716 5,
3567 5648 3617 5706 7.
