3852 6216
234 275 301 333 41
1135 274 1794 336 DEMONSTRATIONIS
1830 276 2303 335 EVANGELICIE
2343 279 2473 337 LIB.
2518 273 2582 341 1.’
3443 284 3518 338 42

791 394 1190 451 ΚΕΦΑΛΑῙΟΝ
1222 399 1294 450 A'.

240 503 307 560 Τῐ
332 502 590 579 δήποτε,
621 505 695 560 τὰ
733 506 895 575 παρὰ
933 506 1237 579 Ἰουδαίοις
1279 508 1710 579 ἀποδεχόμενοι
1736 508 1839 563 λό-

359 591 485 646 για,
516 575 627 629 τὸν
651 579 791 645 παρ’
822 578 1027 644 αὐτοῖς
1045 579 1193 644 ,βίον
1224 575 1715 650 παητηᾶάξμεθα.

308 727 411 781 Διὰ
436 728 505 800 δὴ
536 723 633 783 οὗν
675 730 853 784 ταῦτα
882 731 1032 786 ὡσὰν
1063 733 1133 788 τὰ
1176 734 1304 805 περὶ
1330 734 1489 806 ἡμῶν
1526 734 1634 789 τῶν
1667 734 1839 790 ἐθνῶν

238 819 595 891 (lamis-pata
639 823 1001 896 περιεχούσας
1051 827 1153 889 τὰς
1194 829 1324 898 παρ’
1368 826 1637 898 Ἑϐραίοις
1687 827 1839 900 ἱερὰς

236 917 484 994 βίϐλους,
525 918 624 972 ἇτε
666 921 762 973 καὶ
815 920 972 993 ήμῶν
1017 922 1224 985 οἰκείας
1264 921 1430 986 οὔσας
1468 922 1731 994 είλάμεθά
1775 941 1836 977 τε

234 1011 329 1062 καὶ
350 992 719 1082 ἐστέρξαμεν,
754 1013 845 1066 ὅτε
907 1013 1141 1084 μάλιστα
1172 1015 1234 1067 οὐ
1276 1014 1434 1085 μόνον
1464 992 1671 1087 Μωσῆς
1707 1017 1835 1087 περὶ

230 1102 325 1155 τοῦ
359 1105 485 1174 μετ’
514 1104 679 1157 αὐτὸν
700 1104 921 1174 ἥξοντος
946 1104 1233 1175 νομοθέτου
1261 1105 1371 1158 τῶν
1402 1105 1573 1158 ἐθνῶν
1601 1123 1833 1178 προανε-

231 1194 424 1264 φὼνει,
453 1198 594 1251 ἀλλὰ
640 1199 737 1252 καὶ
785 1200 835 1251 οἱ
884 1200 999 1269 μετ’
1023 1199 1187 1253 αὑτὸν
1223 1199 1498 1271 προφῆται
1536 1200 1833 1272 συλλήϐδην

227 1290 407 1344 εἰπεῖν
473 1291 720 1354 ἅπαντες
758 1290 831 1345 τὰ
869 1292 1030 1362 ὃμοια
1072 1293 1499 1364 προεκήρυττον.
1536 1292 1835 1364 Ὢσπεροῦν

223 1378 257 1434 ὁ
296 1379 472 1432 Δαϐὶδ
520 1380 778 1449 φάσκωνο
811 1401 830 1433 ι
865 1382 1246 1455 Καταστησον,
1294 1382 1487 1455 Κύριε,
1537 1384 1832 1457 νομοθέτην

222 1470 312 1525 ἐπ’
342 1472 567 1536 αὐτοὺς,
612 1472 909 1541 γνώτωσαν
951 1474 1101 1546 ἔθνη,
1155 1475 1237 1529 ὅτι
1285 1476 1564 1549 ἄνθρωποί
1615 1479 1770 1532 εἰσιν.
1807 1497 1826 1530 ι

224 1563 371 1636 Ὅρα
418 1564 500 1629 ὡς
546 1566 803 1638 δευτέρου
860 1568 1132 1640 μέμνηται
1185 1570 1281 1623 καὶ
1333 1560 1490 1633 οὗτος
1537 1570 1828 1641 νομοθέτου

220 1657 415 1711 ἐθνῶν.
442 1658 538 1712 Διὸ
571 1661 667 1712 καὶ
691 1661 750 1740 ἐν
781 1660 954 1732 ἑτέρῳ
989 1660 1191 1732 ψαλμῷ
1219 1665 1332 1727 τοῖς
1364 1662 1542 1717 ἔθνεσι
1580 1682 1832 1737 προσφω-

2542 398 2774 456 CAPUT
2820 399 2912 458 IV.

1947 505 2191 574 Quanam
2221 509 2285 565 de
2315 527 2499 575 causa,
2529 528 2646 566 cum
2678 515 2912 567 omnium
2955 512 3267 569 Juda'orum
3296 515 3518 571 oracula

1924 624 1929 629 .
2015 583 2385 661 acceperimus,
2412 583 2714 638 earumdem
2743 585 2944 640 vivendi
2974 586 3279 640 institutum
3304 603 3519 642 recusa-

2012 667 2203 707 τυηιιε.

2020 742 2120 801 His
2153 745 2322 817 igitur
2347 747 2415 802 de
2461 747 2647 802 causis
2683 760 2870 803 sacros
2915 746 3270 803 Hebraeorum
3318 747 3514 811 libros.

1940 846 2130 911 utpote
2155 838 2250 908 qui
2278 836 2349 893 de
2389 839 2547 894 nobis
2599 838 2855 909 gentibus
2905 839 3132 893 oracula
3172 839 3511 904 contineant,

1938 933 2099 1005 quasi
2139 932 2390 1002 proprios
2447 941 2686 993 nostros.
2740 942 2796 988 et
2851 934 3166 1002 accepimus
3197 941 3252 989 et
3279 936 3515 1006 amplexi

1939 1038 2132 1079 sumus
2156 1041 2169 1076 :
2191 1036 2366 1092 eoque
2393 1023 2571 1092 magis
2603 1024 2750 1093 quod
2802 1039 2913 1079 non
2955 1041 3097 1080 unus
3130 1023 3311 1082 Moses
3339 1025 3408 1082 de
3434 1026 3514 1082 le-

1937 1130 2066 1187 gum
2125 1122 2352 1170 auctore
2384 1114 2527 1183 apud
2559 1123 2747 1184 gentes
2775 1124 2900 1186 post
2933 1118 3176 1187 seipsum
3209 1116 3396 1172 futuro
3428 1124 3515 1173 est

1937 1210 2287 1270 vaticinatus,
2353 1208 2450 1264 sed
2501 1208 2666 1264 etiam
2706 1209 2827 1279 ipso
2859 1208 3009 1264 Mose
3025 1210 3357 1280 posteriores
3383 1225 3514 1281 pro-

1934 1302 2132 1371 phetae,
2162 1308 2225 1356 ut
2243 1300 2483 1356 breviter
2504 1300 2707 1365 dicam,
2731 1300 2972 1357 universi
2999 1302 3175 1357 eidem
3201 1302 3281 1357 illi
3309 1302 3513 1359 similia

1934 1393 2273 1456 cecinerunt,
2310 1400 2368 1446 ut
2390 1390 2586 1455 David,
2616 1392 2708 1461 qui
2748 1394 2824 1445 ait
2856 1412 2868 1446 :
2909 1410 2928 1443 ι
2969 1392 3288 1457 Constitue,
3323 1390 3514 1447 Domi-

1932 1498 2023 1548 ne,
2052 1482 2466 1549 legumlatorem
2491 1498 2658 1552 super
2676 1498 2792 1549 eos,
2812 1495 3113 1554 agnoscant
3132 1490 3345 1555 gentes,
3364 1484 3513 1554 quod

1933 1572 2181 1628 homines
2220 1578 2349 1627 sunt
2376 1571 2442 1626 ⁸⁵.
2485 1591 2505 1626 ι
2534 1571 2700 1638 Vide,
2730 1588 2937 1643 quaeso,
2974 1581 3034 1628 ut
3067 1574 3158 1629 hic
3184 1590 3402 1645 quoque
3428 1577 3512 1629 al—

1930 1662 2103 1718 terius
2144 1661 2518 1731 legumlatoris
2559 1663 2824 1718 meminit.
2876 1662 3144 1729 Quocirca
3183 1665 3312 1721 alibi
3363 1664 3508 1721 idem

220 1754 305 1804 νεῖ
332 1752 487 1822 ᾄδειν
530 1752 593 1805 οὒ
646 1752 711 1807 τὸ
745 1753 973 1807 παλαιὸν
1021 1756 1117 1809 καὶ
1161 1756 1456 1810 Μωσαῖκὺν
1493 1752 1667 1828 ᾆσμα,
1708 1755 1805 1811 ἀλλ

1926 1751 2014 1806 hic
2041 1751 2297 1822 gentibus
2314 1752 2547 1820 imperat
2575 1766 2777 1808 canere
2804 1767 2916 1806 non
2944 1753 3234 1824 antiquum
3266 1756 3507 1825 amplius

220 1843 409 1915 ἕτερον
464 1844 686 1909 καινὸν,
743 1845 948 1915 λέγων·
984 1866 1002 1897 ι
1044 1847 1250 1919 ’ᾼσατε
1300 1846 1378 1919 τῷ
1425 1848 1615 1920 Κυρίῳ
1669 1844 1822 1920 ᾆσμα

218 1935 432 2000 καινὸν,
488 1935 661 2007 ᾄσατε
711 1935 790 2007 τῷ
849 1937 1041 2009 Κυρίῳ
1101 1939 1250 1992 πᾶσα
1297 1940 1330 2010 ἡ
1384 1938 1477 2009 γ’ἠ.
1537 1939 1819 2008 Ἀναγγεί·

217 2025 345 2079 λατε
375 2028 437 2079 ἐν
476 2030 595 2091 τοῖς
643 2028 822 2082 ἔθνεσι
873 2029 971 2101 τὴν
1031 2029 1188 2094 δόξαν
1227 2029 1391 2084 αὐτοῦ
1418 2072 1432 2096 ,
1465 2030 1522 2084 ἐν
1553 2031 1686 2084 πᾶσι
1708 2033 1821 2095 τοῖς

215 2118 368 2182 λαοῖς
410 2117 484 2172 τὰ
531 2118 815 2190 θαυμάσια
867 2120 1050 2175 αὑτοῦ.
1105 2122 1227 2175 Ὅτι
1282 2121 1459 2193 μέγας
1494 2121 1702 2194 Κύριος
1727 2122 1821 2176 καὶ

216 2210 435 2274 αἰνετὸς
495 2210 744 2283 σφόδρα·
806 2210 1035 2283 φοϐερός
1090 2213 1240 2268 ἐστιν
1299 2212 1393 2266 ἐπὶ
1434 2213 1642 2278 πάντας
1695 2215 1822 2278 τοὺς

216 2302 397 2367 θεούς,
440 2303 563 2357 Ὅτι
608 2305 811 2368 πάντες
848 2305 900 2357 οἱ
949 2305 1061 2359 θεοὶ
1086 2305 1195 2359 τῶν
1231 2304 1422 2371 ἐθνῶν,
1465 2305 1743 2377 δαιμόνια·
1792 2310 1821 2362 ὁ

213 2395 271 2448 δέ
310 2395 522 2467 Κύριος
582 2397 707 2460 τοὺς
767 2397 1032 2469 οὐρανοὺς
1078 2396 1352 2469 ἐποίησεν.
1418 2398 1706 2466 Ἐνέγκατε
1742 2397 1821 2469 τῷ

213 2489 413 2559 Κυρίῳ
449 2491 508 2542 αἱ
546 2488 777 2559 πατριαὶ
823 2489 931 2542 τῶν
974 2489 1163 2552 ἐθνῶν,
1207 2487 1465 2558 ἐνέγκατε
1512 2488 1590 2559 τῷ
1630 2491 1821 2562 Κυρίῳ

213 2577 374 2644 δόξαν
407 2581 638 2651 ὀνόματι
670 2580 860 2634 αὑτοῦ.
904 2600 921 2633 δ
959 2582 1071 2634 Καὶ
1101 2580 1261 2636 πάλιν
1281 2599 1294 2611 ·
1333 2601 1351 2631 ‹
1385 2581 1591 2635 Εἴπατε
1622 2581 1681 2635 ἐν
1708 2584 1819 2646 τοῖς

211 2670 452 2735 ἔθνεσιν,
483 2675 568 2727 ὅτι
598 2674 809 2746 Κύριος
840 2675 1159 2729 ἐϐασίλευσε
1179 2693 1193 2706 ·
1230 2675 1457 2747 καὶγὰρ
1489 2673 1819 2745 κατώρθωσε

210 2760 314 2831 τὴν
350 2764 705 2835 οἰκουμένην,
741 2765 864 2835 ἦτις
896 2765 956 2818 οὐ
998 2763 1407 2837 σαλευθήσεται.
1439 2783 1457 2816 ‹
1480 2764 1592 2818 Καὶ
1621 2763 1781 2817 πάλιν
1801 2782 1814 2794 ο

217 2870 241 2904 ι
270 2852 477 2924 ’ᾼσατε
498 2854 579 2926 τῷ
596 2856 786 2927 Κυρίῳ
808 2852 960 2927 ᾆσμα
989 2857 1195 2925 καινὸν,
1215 2857 1301 2910 ὅτι
1328 2854 1820 2927 θαυμαστὰ“ἐποίη-

214 2960 323 2997 σεν.
356 2944 662 3018 Ἐγνώρισε
702 2946 907 3020 Κύριος
939 2948 998 3000 τὸ
1032 2949 1299 3020 σωτήριον
1348 2947 1514 3001 αὑτοῦ
1538 2964 1550 2977 ·
1576 2948 1818 3001 ἐναντίον

212 3036 320 3089 τῶν
346 3037 522 3091 ἐθνῶν
552 3038 875 3109 ἀπεκάλυψε
907 3040 1006 3110 τὴν
1046 3040 1391 3112 δικαιοσύνην
1430 3038 1615 3094 αὐτοῦ.
1663 3039 1815 3092 Εἶδο-

1924 1844 2081 1910 illud,
2122 1853 2177 1901 et
2231 1843 2529 1899 Mosaicum
2567 1843 2867 1911 canticum,
2898 1845 2992 1899 sed
3041 1844 3192 1900 aliud
3228 1846 3507 1917 quoddam

1925 1952 2150 2003 novum,
2185 1937 2244 1992 in
2282 1937 2431 1993 hunc
2460 1937 2684 1993 modum
2720 1956 2733 1991 :
2773 1955 2792 1988 ι
2829 1937 3063 1994 Cantate
3106 1937 3337 1995 Domino
3370 1953 3506 1995 can-

1922 2030 2094 2085 ticum
2125 2045 2348 2097 novum,
2376 2036 2596 2085 cantate
2620 2029 2852 2085 Domino
2880 2030 3061 2087 omnis
3080 2037 3250 2087 terra.
3273 2030 3505 2087 Annuu-

1924 2122 2056 2176 tiate
2083 2121 2142 2176 in
2170 2123 2422 2193 gentibus
2451 2122 2683 2193 gloriam
2717 2122 2840 2192 ejus
2870 2141 2882 2176 :
2909 2122 2964 2176 in
2994 2123 3254 2180 omnibus
3284 2124 3503 2196 populis

1922 2214 2194 2269 mirabilia
2223 2214 2367 2285 ejus.
2408 2214 2680 2281 Quoniam
2735 2221 2969 2287 magnus
2998 2215 3267 2274 Dominus
3288 2224 3343 2273 et
3381 2218 3503 2272 lau-

1923 2303 2121 2360 dabilis
2152 2305 2311 2361 valde
2356 2324 2369 2359 :
2417 2305 2678 2363 terribilis
2734 2316 2820 2362 est
2873 2322 3043 2378 supra
3098 2323 3293 2365 omnes
3345 2309 3499 2366 deos.

1924 2394 2192 2461 Quoniam
2218 2408 2408 2452 omnes
2451 2396 2528 2451 dii
2582 2397 2849 2467 gentium,
2889 2398 3159 2453 daamonia
3191 2417 3205 2455 :
3236 2399 3502 2457 Dominus

1923 2496 2105 2543 autem
2131 2490 2301 2545 cmlos
2349 2486 2499 2544 fecit.
2532 2490 2736 2545 Aﬂ‘erte
2766 2489 2996 2545 Domino
3023 2491 3200 2547 tribus
3233 2492 3499 2562 gentium,

1922 2580 2109 2635 all‘erte
2134 2579 2362 2635 Domino
2378 2582 2606 2652 gloriam
2633 2581 2843 2636 nomini
2875 2582 2995 2652 ejus
3012 2580 3078 2636 “.
3116 2602 3136 2635 ι
3171 2581 3237 2636 Et
3263 2599 3455 2639 rursus
3480 2602 3498 2640 :

1925 2688 1947 2721 ι
1984 2669 2156 2724 Dicite
2192 2671 2259 2735 jn
2302 2670 2560 2740 gentibus
2590 2669 2738 2740 quod
2788 2668 3054 2726 Dominus
3090 2671 3339 2742 regnavit
3408 2671 3502 2725 Et-

1924 2761 2073 2818 enim
2103 2765 2342 2817 correxit
2387 2763 2577 2818 orbem
2624 2770 2805 2827 terrae,
2836 2762 2931 2832 qui
2966 2778 3078 2818 non
3130 2764 3504 2820 commovebi-

1918 2860 2011 2908 tur
2042 2853 2110 2907 “.
2156 2873 2176 2906 ι
2211 2853 2277 2908 Ει
2305 2854 2474 2910 alibi:
2517 2872 2536 2905 ι
2572 2853 2801 2909 Cantatc
2844 2853 3074 2909 Domino
3107 2854 3378 2909 canticum
3407 2870 3502 2908 no—

1918 2960 2068 3008 vum,
2106 2944 2235 3015 quia
2283 2945 2559 3001 mirabilia
2600 2944 2748 3000 fecit.
2805 2943 3007 2999 Notum
3061 2944 3188 3001 fecit
3231 2945 3499 3002 Dominus

1920 3037 2160 3092 salutare
2217 3052 2400 3103 suum,
2447 3037 2506 3091 in
2570 3044 2872 3107 conspectu
2937 3037 3182 3108 gentium
3237 3038 3499 3093 revelavit

214 3146 311 3184 σαν
341 3130 527 3183 πάντα
554 3130 621 3184 τὰ
654 3132 865 3203 πέρατα
893 3132 995 3203 τῆς
1026 3132 1131 3202 γῆς
1162 3133 1223 3185 τὸ
1268 3134 1532 3205 σωτήριον
1559 3132 1652 3185 τοῦ
1680 3130 1805 3185 Θεοῐ

1921 3130 2186 3200 justitiam
2215 3144 2394 3185 suam.
2431 3129 2699 3186 Viderunt
2723 3145 2914 3186 omnes
2948 3130 3082 3187 ﬁnes
3106 3138 3264 3187 terrae
3291 3131 3501 3187 saluta-

213 3222 389 3292 ἡμῶν.
439 3242 460 3273 ι
497 3223 611 3276 Καὶ
637 3225 739 3295 ὅρα
774 3225 895 3277 τίνα
927 3224 1127 3295 τρόπον
1170 3225 1229 3277 ἐν
1269 3224 1480 3289 τούτοις
1521 3223 1583 3277 τὸ
1630 3223 1815 3279 καινὸν

214 3309 363 3385 ᾆσμα
392 3317 457 3368 οὐ
485 3315 568 3386 τῷ
608 3316 880 3370 Ἰουδαίων
916 3317 1077 3383 ἔθνει,
1123 3317 1260 3371 ἀλλὰ
1292 3321 1405 3382 τοῖς
1442 3319 1607 3371 πᾶσιν
1638 3316 1813 3371 ἔθνεσι

210 3407 599 3476 καταγγέλλει,
661 3408 756 3462 τοῦ
789 3409 879 3463 διὰ
907 3410 1152 3474 Μωσέως
1194 3409 1423 3463 παλαιοῦ
1466 3410 1646 3481 μόνοις
1687 3410 1815 3463 Ἰου-

207 3497 380 3562 δαίοις
406 3501 805 3572 προσήκοντος.
831 3500 999 3554 Τοῦτό
1022 3520 1102 3556 τοι
1118 3501 1178 3555 τὸ
1207 3502 1389 3555 καινὸν
1413 3499 1584 3573 ᾆσμα,
1607 3501 1802 3571 καινὴν

208 3592 493 3664 dum;an
508 3593 802 3664 Ἱερεμίας,
836 3594 1021 3665 ἕτερος
1047 3594 1177 3665 παρ’
1208 3594 1480 3666 Ἑϐραίοις
1506 3595 1810 3668 προφήτης,

210 3685 502 3748 ἀποκαλεῖ,
527 3686 703 3754 λέγων
723 3703 735 3715 ο
767 3708 783 3737 ι
826 3687 956 3741 Ἰδοὺ
991 3687 1193 3758 ἡμέραι
1222 3686 1492 3758 ἔρχονται,
1526 3685 1673 3755 λέγει
1700 3684 1812 3739 Κύ-

213 3795 347 3851 ριος,
376 3780 481 3833 καὶ
511 3779 841 3851 διαθήσομαι
871 3780 952 3850 τῷ
985 3779 1121 3851 οἴκῳ
1160 3779 1396 3851 Ἰσραὴλ,
1426 3778 1523 3833 γα).
1558 3777 1636 3849 τῷ
1676 3776 1812 3847 οἴκῳ

222 3869 400 3925 Ἰούδα
432 3872 714 3944 Διαθήκην
741 3874 966 3945 καινήν⁸
1015 3874 1076 3926 οὐ
1102 3872 1246 3926 κατὰ
1285 3870 1383 3943 τὴν
1423 3869 1699 3941 Διαθήκην
1743 3869 1810 3939 ἣν

212 3959 477 4035 διεθέμην
506 3966 620 4027 τοῖς
649 3965 920 4036 πατράσιν
961 3961 1161 4026 αὐτῶν,
1188 3964 1246 4014 ἐν
1270 3960 1453 4033 ἡμέρᾳ
1475 3962 1533 4013 ἐν
1616 3956 1810 4011 ἐπελα-

214 4051 392 4127 εόμην
425 4056 530 4127 τῆς
562 4057 743 4127 χειρὸς
788 4056 988 4119 αὐτῶν,
1037 4054 1323 4122 ἐξαγαγεῖν
1370 4052 1566 4115 αὐτοὺς
1604 4052 1670 4104 ἐκ
1707 4050 1809 4121 γῆς

211 4150 518 4223 Αἰγύπτουθ
542 4149 623 4202 ὅτι
639 4148 792 4201 αὐτοὶ
818 4148 918 4200 οὐκ
946 4146 1226 4216 ἐνέμειναν
1250 4146 1309 4198 ἐν
1334 4147 1400 4216 τῇ
1425 4144 1662 4216 Διαθήκῃ
1685 4160 1806 4213 μου,

214 4242 370 4313 κάγὼ
422 4240 678 4312 ἠμέλησα
722 4238 930 4303 αὐτῶν,
970 4238 1116 4307 λέγει
1169 4236 1395 4309 Κύριος.
1421 4237 1542 4290 Ὀτι
1590 4235 1730 4307 αὕτη
1774 4238 1808 4308 ή

213 4336 460 4407 Διαθήκη
510 4333 579 4404 ἢν
631 4331 957 4403 διαθήσομαι
1007 4330 1087 4401 τῷ
1121 4329 1356 4402 Ἰσραὴλ,
1386 4329 1535 4398 λέγει
1580 4329 1805 4401 Κύριος,

213 4428 388 4492 διδοὺς
429 4428 633 4498 νόμους
681 4444 803 4497 μου,
838 4426 931 4478 ἐπὶ
958 4425 1056 4497 τὴν
1084 4424 1320 4478 διάνοιαν
1351 4422 1530 4476 αὐτῶν
1575 4421 1668 4475 καὶ
1712 4421 1806 4475 ἐπὶ

215 4523 309 4584 τὰς
344 4520 579 4592 καρδίας
612 4517 791 4571 αὐτῶν
820 4518 1034 4590 γράψω,
1064 4518 1160 4571 καὶ
1185 4516 1378 4587 ἔσομαι
1428 4514 1609 4568 αὐτῶν
1647 4513 1799 4578 Θεὸς,

216 4614 308 4666 καὶ
372 4610 533 4665 αὐτοὶ
592 4609 806 4663 ἔσονταί
844 4627 946 4679 μου
991 4609 1139 4671 λαός.
1188 4626 1207 4659 ι
1249 4607 1414 4676 Ὁρᾷς
1454 4605 1550 4658 καὶ
1594 4602 1804 4668 τοῦτον,

215 4705 288 4767 ὡς
321 4702 771 4772 διαστελλόμενος
808 4700 900 4754 δύο
941 4700 1236 4772 Διαθήκας,
1278 4698 1374 4770 τὴν
1424 4696 1522 4768 μὲν
1567 4695 1804 4749 παλαιὰν

216 4796 495 4866 ὀνομάζει,
537 4794 636 4865 τὴν
673 4795 732 4847 δὲ
778 4794 1000 4865 καινήν;
1045 4792 1139 4846 καί
1192 4809 1325 4862 φησι
1366 4790 1464 4862 τὴν
1517 4788 1708 4860 καινὴν
1742 4788 1802 4841 οὐ

215 4888 357 4941 κατὰ
398 4888 499 4958 τὴν
550 4886 787 4941 παλαιὰν
836 4885 1073 4949 ἔσεσθαι,
1114 4883 1180 4955 ἢν
1229 4883 1435 4936 διέθετο
1461 4884 1574 4945 τοῖς
1598 4880 1806 4952 πατρά-

218 4995 330 5044 σιν;
369 4978 436 5031 Ἥ
475 4978 575 5049 μὲν
608 4976 718 5048 γὰρ
746 4979 856 5040 τοῖς
888 4974 1221 5029 ἀποπεσοῦσι
1258 4974 1355 5044 τῆς
1381 4972 1489 5026 τῶν
1523 4970 1802 5043 προγόνων

217 5067 501 5131 εὐσεϐείας
547 5067 842 5131 Ἰουδαίοις,
888 5066 979 5119 τὸν
1022 5063 1395 5132 Αἱγυπτιακὺν
1447 5062 1504 5115 δέ
1546 5061 1659 5132 βίον
1705 5060 1800 5113 καὶ

215 5162 415 5230 τρόπον
441 5159 774 5231 ζηλώσασιν,
812 5158 906 5212 ἐπί
938 5175 997 5210 τε
1032 5156 1129 5228 τὴν
1157 5156 1413 5209 πολύθεον
1452 5154 1678 5225 πλάνην,
1705 5152 1800 5206 καὶ

216 5252 311 5322 τὴν
341 5254 491 5321 ἀμφὶ
522 5250 593 5304 τὰ
625 5249 820 5303 εἴδωλα
866 5248 974 5301 τῶν
1014 5247 1181 5301 ἐθνῶν
1227 5244 1640 5315 δεισιδαιμονίαν
1685 5243 1799 5296 ὀλι-

220 5342 483 5412 σθήσασιν
513 5341 922 5412 νεωμοθέτητο,
973 5339 1121 5392 ὡσὰν
1160 5337 1422 5398 πεσόντας
1445 5333 1797 5406 ἀνεγείρουσα

219 5434 311 5487 καὶ
339 5433 650 5506 ἀνορθοῦσα
681 5433 807 5496 τοὺς
839 5434 1062 5504 πρηνεῖς
1117 5430 1399 5503 κειμένους
1448 5427 1799 5499 καταλλήλοις

220 5525 613 5590 διδασκαλίαις·
657 5544 677 5577 r
726 5524 965 5588 Δικαίοις
1009 5524 1141 5595 γὰρ,
1191 5543 1210 5576 ι
1258 5524 1412 5595 φησι,
1453 5540 1473 5575 ι
1524 5521 1687 5593 νόμος
1737 5523 1799 5575 οὐ

294 5705 337 5736 ⁵⁸
372 5704 520 5763 Psal.
564 5721 641 5767 Ix,
683 5704 778 5757 21.
856 5702 903 5735 “
956 5702 1102 5759 Psal.
1144 5720 1266 5770 xcv,
1315 5703 1413 5763 1-7
1445 5746 1458 5761 .

542 5802 818 5864 Ρλτκοι.
857 5799 975 5863 Gn.
1010 5799 1225 5861 XXII.

1537 5704 1582 5738 ⁸⁸
1622 5702 1754 5761 Ibid.
1799 5702 1887 5759 10.

1916 3239 1975 3278 re
2005 3222 2101 3278 Dei
2132 3224 2310 3277 nostri.
2336 3222 2404 3277 ⁸⁷.
2446 3241 2465 3276 ›
2494 3221 2617 3278 Iloc
2644 3223 2810 3277 etiam
2837 3224 2958 3279 loco
2992 3224 3281 3279 considera
3304 3240 3499 3295 quem-

1915 3313 2210 3369 admodum
2236 3326 2440 3369 novum
2477 3316 2750 3370 canticum
2786 3329 2896 3369 non
2924 3316 3018 3369 uni
3046 3314 3286 3371 Judaicae
3321 3316 3490 3386 genti,

1916 3406 2008 3462 sed
2047 3408 2302 3463 omnibus
2334 3407 2561 3462 omnino
2607 3407 2863 3477 gentibus
2910 3408 3125 3475 indicit,
3170 3408 3392 3479 quando
3426 3408 3495 3461 il-

1914 3496 2008 3551 Iud
2033 3498 2317 3569 antiquum
2345 3494 2646 3555 Mosaicum
2679 3499 2812 3555 solis
2866 3500 3226 3556 conveniebat
3265 3497 3491 3556 Iudaeis.

1915 3587 2031 3643 Hoc
2073 3604 2205 3645 sane
2231 3606 2437 3647 novum
2463 3590 2739 3646 canticum
2768 3593 2825 3661 8
2868 3591 3135 3649 Jeremias
3171 3593 3313 3649 alius
3345 3594 3492 3662 apud

1852 3725 1855 3728 .
1914 3676 2172 3735 Hebraeos
2216 3682 2481 3751 propheta
2534 3680 2746 3736 Novum
2794 3678 3205 3737 Testamentum
3256 3684 3495 3753 appellat

1914 3770 2001 3825 his
2029 3770 2214 3826 verbis
2243 3788 2258 3824 :
2305 3787 2325 3822 ι
2361 3769 2503 3826 Ecce
2534 3770 2653 3826 dies
2672 3771 2920 3838 veniunt,
2947 3771 3082 3826 dicit
3116 3771 3403 3841 Dominus,
3437 3782 3494 3830 et

1915 3860 2202 3931 disponam
2223 3862 2411 3918 domui
2445 3862 2631 3926 Israel,
2666 3870 2722 3917 et
2751 3861 2941 3917 domui
2988 3862 3129 3919 Juda
3169 3861 3493 3921 Testamen-

1913 3962 2031 4008 tum
2079 3952 2313 4019 Novum,
2348 3968 2460 4008 non
2515 3954 2817 4010 secundum
2875 3953 3308 4021 Testamentum,
3343 3956 3493 4027 quod

1914 4045 2162 4117 disposui
2186 4046 2437 4118 patribus
2468 4061 2660 4103 eorum
2710 4067 2722 4103 :
2755 4062 2865 4117 quo
2895 4047 2985 4103 die
3014 4047 3343 4119 apprehendi
3370 4063 3492 4102 ma-

1913 4154 2045 4194 num
2071 4153 2284 4204 eorum,
2315 4148 2375 4194 ut
2411 4139 2701 4194 educerem
2731 4153 2827 4194 eos
2856 4137 2924 4195 de
2955 4120 3103 4194 terra
3125 4138 3345 4211 ΕΒΗ)ιί
3377 4160 3390 4195 :
3421 4156 3490 4197 eo

1912 4233 2058 4305 quod
2083 4233 2189 4305 ipsi
2214 4247 2328 4288 non
2366 4239 2689 4288 manserunt
2738 4231 2794 4286 in
2836 4231 2905 4287 iis
2954 4246 3076 4303 quae
3113 4242 3270 4287 erant
3300 4230 3491 4289 Testa:

1910 4325 2082 4381 menti
2114 4326 2242 4392 mei,
2271 4338 2373 4395 ego
2404 4323 2534 4380 item
2589 4324 2802 4395 neglexi
2855 4338 2971 4388 cos,
3012 4323 3147 4378 dicit
3196 4322 3485 4380 Dominus.

1912 4416 2181 4485 Quoniam
2215 4417 2320 4472 hoc
2348 4416 2759 4473 Testamentum
2790 4415 2937 4486 quod
2971 4415 3260 4486 disponam
3289 4416 3483 4482 Israel,

1907 4505 2041 4562 dicit
2070 4505 2356 4570 Dominus,
2386 4505 2525 4561 dans
2558 4505 2705 4576 leges
2741 4520 2891 4561 meas
2926 4505 2983 4560 in
3009 4505 3324 4562 interiorem
3353 4522 3485 4563 sen-

1905 4613 2028 4653 sum
2049 4610 2258 4660 eorum,
2289 4606 2343 4651 et
2370 4596 2427 4650 in
2450 4595 2710 4652 cordibus
2738 4611 2928 4652 eorum
2955 4596 3283 4663 describam,
3309 4604 3364 4653 et
3388 4613 3485 4653 ero

1902 4693 2148 4762 ipsorum
2172 4689 2339 4755 Deus,
2366 4698 2420 4745 et
2439 4689 2546 4760 ipsi
2577 4698 2738 4745 erunt
2767 4690 2902 4745 mihi
2932 4691 3169 4761 populus
3197 4690 3266 4743 ⁸⁸.
3305 4710 3324 4743 ι
3353 4691 3485 4747 Cer-

1904 4787 1993 4842 nis
2022 4786 2149 4840 item
2176 4783 2343 4845 hunc,
2374 4783 2504 4838 dum
2536 4783 2645 4838 duo
2682 4781 3031 4839 Testamenta
3078 4783 3386 4855 distinguit,
3421 4793 3483 4839 ut

1905 4879 2011 4935 hoc
2044 4875 2265 4948 quidem
2294 4881 2474 4938 vetus,
2522 4873 2657 4929 illud
2710 4887 2839 4928 vero
2883 4888 3086 4927 novum
3135 4874 3401 4944 appellet?
3425 4880 3483 4929 et

1909 4987 2111 5027 novum
2141 4969 2290 5025 dicat
2323 4983 2434 5022 non
2466 4966 2637 5021 veteri
2676 4965 2753 5019 illi
2785 4965 2931 5035 quod
2962 4965 3210 5036 patribus
3234 4966 3483 5023 condidit

1909 5064 2086 5119 simile
2119 5060 2403 5115 futurum?
2440 5058 2574 5113 illud
2602 5056 2749 5112 enim
2785 5058 2954 5128 lapsis
2980 5073 3012 5112 a
3054 5058 3324 5128 majorum
3361 5059 3481 5128 pie-

1908 5165 2019 5213 tate
2041 5154 2245 5211 Judaeis
2275 5155 2551 5221 vitamque
2588 5148 2965 5220 Egyptiacam
2997 5165 3059 5203 ac
3098 5165 3279 5206 mores
3307 5165 3480 5205 aemu-

1906 5250 2168 5314 lantibus,
2200 5254 2253 5302 et
2282 5246 2348 5301 ad
2376 5259 2619 5300 errorem
2641 5242 2852 5297 colendi
2871 5243 3073 5296 multos
3096 5240 3250 5304 deos,
3284 5256 3480 5311 super.

1907 5342 2293 5409 stitionemque
2337 5337 2602 5406 gentium,
2650 5349 2772 5404 qua:
2811 5333 3106 5409 simulacra
3138 5333 3479 5388 veneraban-

1905 5442 2019 5497 tur,
2054 5428 2457 5485 declinantibus
2506 5424 2642 5496 legis
2688 5424 2808 5477 loco
2838 5423 3150 5492 impositum
3201 5430 3306 5488 est,
3337 5427 3477 5478 utet

1909 5533 2004 5577 eos
2035 5517 2133 5589 qui
2163 5515 2477 5573 ceciderant
2513 5513 2810 5578 excitaret,
2838 5521 2889 5566 et
2915 5512 3120 5567 mutuis
3153 5511 3293 5567 inter
3324 5513 3477 5584 ipsos

2631 5694 2677 5728 “
2713 5692 2823 5749 Jer.
2866 5710 3017 5759 xxxi,
3058 5692 3250 5748 51-33.

3157 5785 3201 5844 2

1965 5703 2008 5735 ⁸⁷
2041 5699 2186 5758 Psal.
2233 5711 2396 5769 xcvn,
2438 5696 2554 5751 1-5.
