3842 6218
341 277 411 333 45
982 273 1253 331 EUSEBII
1293 272 1774 333 CESARIENSIS
1815 270 1969 330 OPP.
2010 270 2195 331 PARS
2232 269 2294 329 ll.
2335 302 2405 312 —
2442 270 2947 329 APOLOGE'I‘ICA.
3540 276 3620 336 ιι

339 395 607 453 doctrinis
661 393 952 449 confossos
985 431 1000 458 ,
1061 403 1223 464 atque
1283 402 1587 464 prostratos
1663 393 1913 463 erigeret.

2025 392 2232 456 κεῖται,
2279 390 2498 463 ἀνόμοις
2550 391 2607 446 δὲ
2654 392 2749 446 καὶ
2796 392 3207 456 ἀνυποτάκτοις,
3249 393 3467 450 ἀσεϐέσι
3520 401 3621 454 καὶ

346 507 366 540 ι
396 487 569 543 Justis
593 485 773 549 enim,
811 484 1007 553 inquit,
1050 485 1134 540 lex
1174 485 1349 555 posita
1391 501 1505 541 non
1542 492 1649 548 est,
1686 485 1779 540 sed
1811 484 1921 539 ini-

339 583 466 653 quis
495 587 549 635 et
586 576 987 650 pervicacibus,
1018 583 1072 631 et
1097 576 1300 646 impiis,
1335 587 1388 633 et
1417 578 1817 648 peccatoribus.
1867 585 1923 633 et

340 672 535 729 horum
565 669 839 726 similibus
870 668 937 725 θ’.
971 687 990 718 ›
1029 667 1240 724 Novum
1283 679 1467 726 autem
1519 686 1638 737 eos,
1681 671 1775 742 qui
1824 686 1923 742 per

341 766 682 822 Salvatorem
712 771 962 817 nostrum
1008 762 1101 817 Dei
1142 763 1408 819 beneficio
1439 777 1501 817 ac
1530 779 1758 819 munere
1787 777 1922 818 con-

339 858 701 924 surrexerint,
732 856 800 912 ad
838 857 1173 927 prdmissum
1203 856 1301 911 Dei
1328 872 1557 927 regnum
1591 864 1651 911 ut
1691 867 1821 912 eant
1866 864 1921 912 et

339 957 659 1024 properent,
683 951 842 1022 quasi
872 939 1218 1015 manuducit,
1259 956 1424 1020 atque
1449 950 1695 1013 instruit,
1728 965 1919 1005 omnes

338 1060 494 1115 aeque
520 1044 772 1097 homines
797 1052 1002 1098 vocans
1036 1042 1091 1096 in
1132 1057 1297 1097 unam
1346 1048 1509 1113 atque
1539 1042 1785 1097 eamdem
1818 1043 1919 1098 bo-

339 1151 540 1192 norum
589 1139 1059 1191 communitatem.
1099 1132 1214 1189 lloc
1253 1133 1420 1203 igitur
1475 1131 1688 1188 Novum
1728 1130 1922 1187 Testa-

341 1226 791 1298 metitum,legem
806 1239 1000 1282 novam
1019 1232 1177 1281 vocat
1191 1224 1329 1280 alius
1358 1223 1643 1295 itemjapnd
1664 1222 1920 1281 Hebraeos

337 1319 603 1389 propheta
633 1317 805 1376 lsaias
828 1318 1021 1374 dicens
1056 1336 1069 1371 :
1104 1336 1122 1367 ι
1154 1314 1290 1369 Nam
1319 1315 1389 1370 de
1435 1314 1569 1369 Sion
1606 1316 1775 1370 exibit
1809 1316 1917 1379 lex,

339 1417 394 1465 et
424 1409 650 1465 verbum
684 1408 901 1463 Domini
932 1408 1001 1465 de
1031 1406 1334 1463 Jerusalem
1392 1424 1404 1460 :
1453 1414 1508 1462 et
1539 1405 1811 1476 judicabit
1836 1408 1922 1461 in-

337 1514 423 1560 ter
468 1512 679 1574 gentes,
708 1512 762 1559 et
795 1503 1014 1558 venient
1036 1516 1228 1556 omnes
1266 1507 1474 1570 gentes,
1519 1505 1574 1553 et
1623 1513 1922 1569 congrega-

340 1598 546 1653 buntur
573 1612 763 1652 omnes
802 1596 1013 1667 populi,
1046 1602 1101 1648 et
1135 1594 1319 1649 dicent
1354 1612 1367 1646 :
1404 1589 1619 1657 Venite,
1656 1591 1921 1646 ascenda-

338 1705 462 1745 mus
490 1691 546 1745 in
576 1698 815 1744 montem
836 1687 1056 1742 Domini
1077 1693 1132 1742 et
1158 1687 1214 1741 in
1245 1686 1466 1741 domum
1495 1683 1590 1739 Dei
1616 1682 1866 1741 Iacob”.
1894 1705 1912 1738 ι

340 1779 448 1836 Sed
493 1796 614 1851 qum
657 1781 876 1835 tandem
914 1781 1001 1835 lex
1035 1778 1103 1834 de
1134 1777 1266 1833 Sion
1291 1778 1668 1847 proﬁciscens,
1701 1777 1916 1834 diversa

336 1872 605 1930 duntaxat
635 1874 702 1928 ab
724 1887 789 1928 ea
815 1888 937 1944 quae
960 1873 1014 1927 in
1052 1880 1236 1927 monte
1265 1870 1396 1926 Sina
1427 1887 1526 1943 per
1554 1871 1760 1927 Muscm
1790 1872 1917 1927 data

334 1974 420 2022 est
473 1965 778 2035 reperietur
819 1983 833 2019 :
874 1965 979 2021 nisi
1002 1965 1181 2033 ipsum
1231 1964 1615 2036 Evangelicum
1666 1965 1916 2034 verbum,

334 2056 480 2128 quod
508 2071 605 2125 per
618 2053 958 2109 Salvatorem
986 2061 1237 2109 nostrum
1262 2051 1449 2108 Jesum
1474 2051 1774 2116 Christum,
1794 2067 1918 2122 per-

336 2164 445 2219 que
476 2147 719 2217 ejusdem
755 2147 1034 2217 apostolos
1063 2146 1132 2202 de
1165 2144 1295 2201 Sion
1332 2144 1640 2217 profectum
1671 2151 1774 2208 est,
1795 2159 1921 2215 per-

335 2255 443 2311 que
471 2253 661 2295 omnes
688 2245 877 2310 gentes
908 2236 1363 2293 disseminatum?
1390 2245 1607 2293 constat
1656 2236 1801 2292 enim
1849 2236 1918 2292 de

338 2332 643 2389 Jerusalem
695 2347 759 2387 ac
789 2332 857 2388 de
890 2346 956 2388 eo
983 2331 1078 2402 qui
1132 2330 1210 2384 illi
1253 2329 1583 2400 conjunctus
1605 2336 1708 2395 est,
1732 2336 1920 2384 monte

338 2425 495 2491 Sion,
528 2426 621 2481 ubi
650 2425 904 2483 Salvator
933 2440 997 2479 ac
1018 2422 1354 2494 Dominuss
1377 2430 1585 2488 noster,
1612 2429 1665 2478 et
1686 2423 1915 2475 multum

335 2525 588 2572 versatus
610 2524 716 2582 est,
733 2522 788 2572 et
817 2514 1115 2586 plurimum
1140 2512 1405 2567 doctrinae
1428 2526 1542 2566 sua}
1568 2509 1759 2573 edidit,
1783 2509 1918 2564 Novi

338 2608 675 2665 Testamenli
707 2609 882 2679 legem
915 2607 985 2662 ab
1029 2606 1187 2661 initio
1219 2604 1525 2677 profectam
1572 2604 1628 2658 in
1685 2611 1917 2657 cunctos

333 2702 583 2757 homines
618 2716 773 2757 suam
816 2702 993 2757 lucem
1042 2700 1321 2763 effudisse,
1382 2715 1503 2770 quae
1553 2698 1772 2769 quidem
1828 2714 1917 2754 res

331 2799 698 2850 consentanea
732 2792 799 2847 iis
830 2793 1058 2849 vocibus
1095 2792 1216 2855 fuit,
1248 2791 1450 2861 quibus
1476 2791 1565 2845 ille
1588 2790 1655 2843 ad
1681 2804 1812 2845 suos
1834 2796 1917 2843 est

332 2901 470 2943 usus
497 2886 821 2956 disripulos,
860 2886 991 2940 dum
1017 2886 1150 2941 dicit
1181 2904 1192 2939 :
1235 2902 1253 2937 ι
1285 2885 1361 2939 lte
1392 2898 1456 2937 ac
1489 2883 1680 2938 docete
1724 2898 1916 2938 omnes

329 2985 542 3052 gentes,
589 2978 851 3034 docentes
891 2993 987 3034 eos
1047 2992 1270 3033 servare
1331 2976 1516 3031 omnia
1575 2991 1916 3047 quaecunque

2024 483 2385 556 ἁμαρτωλοῖς,
2418 485 2512 538 καὶ
2527 487 2639 549 τοῖς
2656 485 3077 558 παραπλησίοις.
3093 505 3111 539 ι
3148 486 3280 540 Ἡδὲ
3306 488 3465 561 καινή
3487 494 3620 557 τοὺς

2022 574 2109 628 διὰ
2137 573 2229 629 τοῦ
2259 575 2510 649 Σωτῆρος
2543 575 2701 647 ἡμῶν
2736 576 2920 649 χάριτι
2986 578 3080 632 καὶ
3121 576 3301 650 δωρεᾷ
3339 579 3472 635 Θεοῦ
3514 582 3617 637 ἀν-

2023 667 2415 738 εγηγερμένοις
2451 668 2542 721 ἐπὶ
2590 667 2653 720 τὸ
2706 668 2940 739 βαδίζειν
2987 670 3081 724 καὶ
3116 671 3367 727 σπεύδειν
3406 675 3486 738 είς
3513 674 3619 746 τὴν

2023 758 2442 831 ἐπηγγελμένην
2472 760 2568 813 τοῦ
2601 759 2737 815 Θεοῦ
2770 761 3046 833 βασιλείαν
3093 768 3442 836 χειραγωγεῖ,
3473 767 3618 822 πάν-

2022 867 2119 914 τας
2151 851 2349 923 ἐπίσης
2378 850 2698 925 ἀνθρώπους
2734 855 2814 918 εἰς
2852 854 2980 925 μίαν
3025 856 3120 910 καὶ
3164 856 3262 929 τὴν
3308 857 3476 931 αὐτὴν
3504 859 3622 915 τῶν

1993 943 2242 1011 ’ἀγαθῶν
2297 943 2586 1014 μετουσίαν
2619 944 3060 1018 προκαλουμένη.
3104 949 3321 1022 Ταύτην
3359 950 3460 1021 τὴν
3500 970 3623 1008 και-

2023 1033 2119 1105 νὴν
2157 1031 2431 1104 Διαθήκην
2464 1028 2621 1096 αὖθις
2640 1033 2803 1104 νόμον
2845 1035 3101 1106 ὀνομάζει
3137 1037 3319 1091 καινὸν
3362 1038 3620 1109 Ἡσαΐας,

2023 1124 2180 1187 ἄλλος
2205 1125 2362 1178 πάλιν
2399 1127 2526 1198 παρ’
2571 1126 2847 1198 Ἑϐραίοις
2878 1131 3185 1202 προφήτης,
3209 1128 3412 1201 λέγων’
3451 1151 3469 1185 ι
3515 1134 3621 1187 Ἐκ

2022 1217 2130 1290 γὰρ
2163 1219 2302 1271 Σιὼν
2348 1218 2687 1284 ἐξελεύσεται
2738 1221 2921 1292 νόμος,
2962 1223 3059 1276 καὶ
3110 1223 3266 1292 λόγος
3307 1225 3512 1298 Ιςυρίου
3550 1226 3619 1295 ἐξ

2035 1310 2410 1383 Ἰερουσαλὴμ,
2446 1312 2541 1364 καὶ
2569 1314 2746 1384 κρινεῖ
2776 1312 2880 1367 ἀνά
2931 1314 3095 1383 μέσον
3141 1315 3250 1369 τῶν
3297 1293 3488 1383 ἐθνῶν,
3518 1293 3623 1374 καί

2021 1402 2209 1473 ἥξουσι
2243 1405 2419 1458 πάντα
2452 1404 2521 1459 τά
2558 1405 2708 1478 ἔθνη,
2746 1407 2841 1460 καὶ
2873 1408 3305 1479 συναχθήσονται
3336 1410 3536 1474 πάντες
3561 1411 3623 1466 οἱ

2022 1495 2160 1558 λαοὶ,
2193 1496 2287 1549 καὶ
2320 1495 2504 1567 ἐροῦσι
2527 1515 2539 1527 ·
2574 1497 2760 1563 Δεῦτε,
2807 1500 2901 1552 καὶ
2930 1499 3221 1568 ἀναϐῶμεν
3267 1502 3349 1565 εἰς
3388 1502 3451 1557 τὺ
3482 1502 3618 1575 ὅρος

2022 1587 2252 1656 Κυρίου,
2283 1589 2376 1643 καὶ
2409 1590 2489 1652 εἰς
2510 1588 2602 1642 τὸν
2619 1584 2765 1643 οἷκον
2787 1590 2882 1644 τοῦ
2911 1591 3046 1645 Θεοῦ
3088 1592 3301 1648 Ἰακώϐ.
3332 1596 3429 1659 Τίς
3466 1596 3513 1650 δ’
3542 1595 3619 1652 ἂν

2025 1679 2110 1750 εἴη
2138 1682 2166 1733 6
2192 1681 2257 1733 ὲκ
2285 1680 2421 1734 Σιὼν
2448 1682 2834 1755 προεληλυθὼς
2858 1684 3042 1756 νόμος,
3073 1684 3261 1759 ἕτερος
3289 1686 3365 1741 ῶν
3389 1687 3486 1743 τοῦ
3518 1690 3621 1746 ἐπὶ

1950 1748 1991 1803 Β
2019 1748 2119 1840 τῆς
2143 1771 2351 1842 ἐρήμου
2374 1771 2462 1826 διὰ
2493 1748 2747 1838 ’Μωσέως
2780 1748 2838 1828 ὲν
2865 1748 2944 1847 τῶ
2968 1748 3098 1831 Σινά
3120 1748 3622 1856 ὄρει-νενομοθετη-

2024 1860 2207 1931 μένου,
2234 1861 2348 1916 ἀλλ’
2376 1863 2409 1935 ἢ
2437 1865 2464 1917 6
2488 1864 2858 1935 Εὑαγγελικδς
2882 1866 3060 1937 λόγος,
3081 1869 3110 1921 6
3130 1869 3218 1924 διά
3243 1871 3334 1924 τοῦ
3362 1873 3621 1946 Σωτῆρος

2017 1958 2049 2026 ή
2062 1956 2176 2027 μῶν
2208 1956 2381 2027 Ἰησοῦ
2407 1957 2501 2011 τοῦ
2523 1958 2761 2029 Χριστοῦ
2786 1962 2881 2015 καὶ.
2894 1962 3003 2015 τῶν
3023 1962 3335 2019 ἀποστόλων
3359 1966 3526 2019 αὐτοῦ
3548 1970 3618 2022 ὲκ

2019 2050 2117 2120 τῆς
2150 2048 2289 2104 Σιὼν
2324 2050 2728 2122 προεληλυθὼς,
2761 2054 2854 2107 καὶ
2889 2053 3113 2108 διελθὼν
3138 2056 3315 2110 πάντα
3340 2058 3409 2112 τὰ
3442 2058 3567 2128 ἔθνη
3596 2075 3614 2125 ;

2018 2139 2286 2214 πρόδηλον
2306 2144 2377 2212 γὰ
2386 2161 2415 2216 ρ
2433 2144 2507 2208 ὡς
2532 2144 2641 2199 ἀπὸ
2655 2146 2756 2232 τῆς
2792 2146 3168 2219 Ἰερουσαλὴμ,
3195 2149 3292 2202 καὶ
3320 2149 3415 2203 τοῦ
3438 2149 3617 2224 ταύτῃ

2020 2236 2570 2308 προσπαρακειμένου
2616 2236 2755 2291 Σιὼν
2802 2236 2995 2309 ὅρους,
3041 2237 3169 2291 ἔνθα
3216 2238 3312 2303 τὰς
3354 2238 3620 2306 πλείστας

2018 2329 2299 2402 διατριϐάς
2345 2347 2407 2384 τε
2458 2331 2553 2383 καὶ
2602 2331 2950 2397 διδασκαλίας
2990 2333 3018 2385 ὁ
3047 2332 3236 2407 Σωτὴρ
3262 2334 3357 2387 καὶ
3408 2335 3618 2408 Κύριος

2020 2422 2175 2494 ήμῶν
2205 2424 2491 2495 πεποίητο,
2524 2423 2553 2475 6
2592 2424 2693 2495 τῆς
2721 2427 2927 2497 Καινῆς
2956 2426 3231 2499 Διαθήκης
3256 2427 3420 2482 αὐτοῦ
3446 2427 3619 2500 ἀρξά-

2022 2534 2182 2587 μενος
2208 2518 2393 2588 νόμος,
2430 2518 2684 2572 κάκεῖθεν
2715 2519 3015 2590 προελθὼν,
3042 2522 3123 2585 είς
3150 2522 3357 2586 πάντας
3381 2521 3619 2593 ἐξέλαμ-

2018 2607 2118 2676 ψεν
2157 2607 2478 2680 ἀνθρώπους
2525 2608 2835 2674 ἀκολούθως
2875 2613 2994 2674 ταῖς
3044 2611 3209 2665 αὐτοῦ
3252 2612 3495 2680 φωναῖς,
3545 2610 3618 2677 ἃς

2020 2698 2157 2770 πρὸς
2177 2699 2302 2762 τοὺς
2332 2699 2497 2753 αὑτοῦ
2530 2700 2777 2772 μαθητὰς
2802 2702 3087 2772 πεποίητο,
3125 2703 3332 2773 φήσας·
3359 2722 3377 2753 ι
3409 2703 3623 2774 Πορευ-

2019 2789 2202 2854 θέντες
2233 2790 2613 2863 μαθητεύσατε
2647 2793 2824 2846 πάντα
2852 2792 2922 2846 τὰ
2959 2793 3108 2865 ἔθνη,
3134 2794 3476 2857 διδάσκοντες
3508 2794 3614 2847 αὑ·-

2016 2882 2141 2946 τοὺς
2168 2886 2355 2954 τηρεῖν
2397 2883 2572 2937 πάντα
2612 2885 2712 2938 ὅσα
2746 2886 3100 2959 ἐνετειλάμην
3145 2888 3294 2958 ὑμῖν.
3331 2906 3350 2939 ι
3391 2887 3524 2942 Τίνα
3554 2876 3613 2940 δὲ

2016 2974 2184 3028 ταῦτα
2207 2970 2295 3046 ἦν,
2327 2974 2441 3028 ἀλλ’
2544 2975 2614 3029 τὰ
2639 2976 2739 3047 τῆς
2771 2977 2981 3049 Καινῆς
3008 2977 3283 3050 Διαθήκης
3310 2978 3615 3057 μαθήματά

331 3072 564 3146 βιωθερί
590 3073 634 3103 ⁵¹
669 3072 845 3128 vobis.
883 3091 901 3123 ι
941 3070 1199 3136 Quaenam
1233 3083 1400 3140 porro
1430 3068 1543 3123 hmo
1595 3073 1772 3135 erant,
1808 3069 1913 3123 nisi

2018 3085 2076 3122 τε
2143 3067 2239 3122 καὶ
2289 3066 2671 3138 παιδεύματα;
2713 3068 2932 3142 Ἐπειδὴ
2988 3071 3167 3125 τοίνυν
3220 3071 3374 3126 ταῦθ’
3433 3071 3613 3139 οὕτως

329 3162 469 3218 Νονί
490 3160 832 3216 Τοειειιιειιιί
865 3160 1118 3216 instituta
1140 3174 1204 3213 ac
1224 3156 1533 3229 praecepta?
1558 3159 1779 3229 quando
1805 3157 1909 3230 igi-

329 3265 418 3311 tur
450 3254 565 3309 haec
594 3254 674 3308 sic
703 3268 762 3308 se
797 3252 997 3306 habere
1027 3261 1306 3307 ostenSum
1338 3260 1442 3319 est,
1468 3266 1616 3305 nunc
1635 3250 1747 3321 jam
1770 3258 1911 3307 tem-

325 3363 430 3418 pus
466 3346 629 3402 fuerit
658 3346 929 3416 inspicere
956 3345 1185 3416 hujusce
1221 3343 1356 3400 Novi
1383 3342 1740 3407 Testamenti,
1773 3343 1915 3413 ejus-

2019 3161 2160 3232 ἔχειν
2183 3160 2577 3227 ἀποδέδεικται,
2604 3161 2722 3236 ὥρα
2747 3162 2842 3217 νῦν
2866 3164 2995 3217 ἰδεῖν
3023 3164 3114 3219 τὸν
3140 3166 3341 3238 τρόπον
3357 3168 3456 3238 τῆς
3476 3169 3618 3222 Και-

2020 3253 2116 3324 νῆς
2168 3252 2480 3325 Διαθήκης,
2535 3254 2630 3307 καὶ
2681 3255 2775 3308 τοῦ
2835 3259 3360 3331 προκεκηρυγμένου
3420 3260 3612 3320 καινοῦ

2021 3344 2265 3414 ᾄσματὸς
2297 3361 2356 3398 τε
2385 3344 2479 3397 καὶ
2503 3344 2689 3416 νόμου.

325 3459 432 3515 que
463 3442 607 3514 quod
630 3441 948 3514 praedictum
976 3440 1154 3497 fuerat
1180 3441 1381 3496 cantici
1400 3442 1548 3507 novi,
1584 3455 1848 3510 novaeque
1871 3440 2005 3512 legis
2035 3441 2301 3495 rationem
2339 3454 2403 3494 ac
2431 3442 2674 3496 modum.

958 3537 1185 3595 CAPUT
1213 3536 1280 3592 ν.

327 3631 589 3699 Quisnam
616 3632 800 3688 modus
823 3628 963 3685 Novi
996 3631 1339 3698 Testamenti,
1372 3630 1524 3702 cujus
1558 3629 1803 3687 Christus
1833 3638 1912 3683 est

1003 3712 1208 3756 auctor.

397 3791 477 3848 Ita
523 3794 745 3864 quidem
796 3803 1084 3850 ostensum
1130 3793 1245 3865 jam
1296 3801 1400 3858 est,
1447 3792 1909 3863 quemadmodum

325 3880 495 3940 Vetus
526 3884 658 3939 illud
702 3883 1130 3950 Testamentum,
1167 3885 1364 3954 lexque
1412 3883 1649 3941 Mosaica
1680 3886 1775 3939 uni
1808 3884 1909 3940 Ju-

326 3975 496 4031 daicce
533 3976 718 4046 genti,
766 3985 820 4033 et
857 3977 988 4032 huic
1030 3977 1135 4048 ipsi
1179 3976 1455 4047 propriam
1504 3984 1710 4032 terram
1756 3978 1908 4032 inco-

325 4067 459 4123 lenti
494 4066 897 4123 accommodari
954 4074 1162 4138 posset,
1195 4081 1260 4122 ac
1290 4082 1467 4139 neque
1506 4067 1736 4138 reliquis
1781 4082 1913 4139 gen-

324 4160 498 4224 tibus,
551 4175 674 4230 qua:
712 4166 831 4214 toto
866 4167 1138 4215 terrarum
1173 4160 1308 4217 orbe
1350 4166 1692 4226 tenerentur,
1733 4176 1913 4231 neque

325 4253 529 4309 alienas
552 4261 730 4309 terras
755 4253 1116 4309 incolentibus
1138 4251 1340 4309 Iudaeis
1361 4251 1677 4308 conveniret
1701 4268 1713 4303 :
1733 4253 1912 4323 quod-

2550 3538 2945 3595 ΚΕΦΑΛΑΙΟΝ
2993 3544 3069 3598 Ε’.

2024 3631 2119 3696 Τίς
2161 3633 2194 3684 ό
2239 3631 2346 3685 τοῦ
2401 3630 2660 3700 Χριστοῦ
2715 3630 2827 3699 τῆς
2850 3634 3077 3703 Καινῆς
3122 3618 3420 3707 Διαθῆκης
3467 3641 3604 3709 τρό-

2732 3719 2867 3769 πος.

2100 3790 2164 3845 Ἢ
2228 3790 2326 3862 μὲν
2372 3791 2436 3861 δὴ
2485 3791 2686 3846 παλαιά
2716 3794 2957 3866 Διαθήκη
3015 3796 3109 3849 καὶ
3152 3797 3181 3849 6
3223 3797 3312 3851 διὰ
3357 3798 3603 3865 Μωσέως

2017 3884 2181 3954 νόμος
2229 3884 2374 3955 μόνῳ
2399 3882 2476 3954 τῷ
2526 3885 2794 3941 Ἰουδαίων
2836 3886 3002 3950 ἔθνει,
3037 3888 3129 3941 καὶ
3175 3889 3351 3961 τούτῳ
3374 3891 3466 3943 ἐπὶ
3503 3892 3606 3963 τῆς

2015 3976 2221 4039 οἰκείας
2244 3976 2346 4046 γῆς
2375 3976 2632 4042 οἰκοῦντι,
2668 3977 3005 4049 κατάλληλος
3035 3980 3441 4047 ἀποδέδεικται,
3479 3982 3606 4038 οὔτε

2016 4068 2073 4122 δὲ
2100 4070 2211 4129 τοῖς
2241 4067 2443 4132 λοιποῖς
2473 4067 2651 4122 ἔθνεσι
2678 4071 2791 4134 τοῖς
2820 4070 2942 4124 καθ’
2967 4072 3095 4143 ὅλης
3120 4073 3221 4149 τῆς
3251 4074 3603 4149 οἰκουμένης,

2016 4160 2139 4215 οὔτε
2165 4163 2276 4225 τοῖς
2296 4162 2386 4214 ἐπὶ
2411 4162 2512 4233 γῆς
2536 4148 3264 4238 ἀλλοδαπῆςάπῳκισμένοις
3294 4168 3567 4234 Ἰουδαίοις
3584 4186 3602 4204 ο

2016 4252 2107 4305 τὸν
2127 4252 2183 4305 δὲ
2203 4253 2309 4323 τῆςο
2326 4253 2535 4323 Καινῆς
2552 4252 2828 4325 Διαθήκης
2842 4256 3041 4326 τρόπον
3063 4259 3227 4313 πᾶσιν
3243 4259 3451 4313 ἔθνεσιν
3470 4265 3605 4331 βιω-

324 4358 431 4416 quc
461 4343 598 4400 Novi
647 4343 984 4399 Testamenti
1024 4345 1295 4400 rationem
1325 4344 1401 4398 ita
1443 4351 1721 4415 oporteret
1749 4345 1906 4399 insti-

2018 4343 2148 4416 φελῆ
2179 4346 2315 4416 χρῆν
2334 4345 2396 4417 δή
2406 4364 2505 4398 που
2531 4348 2886 4417 καταστῆναι,
2913 4348 2990 4413 ὡς
3007 4350 3270 4422 μηδαμῶς
3292 4353 3604 4424 μηδαμόθεν

323 4438 427 4503 tui,
455 4448 518 4493 ut
543 4438 804 4494 omnibus
835 4439 1092 4509 gentibus
1113 4438 1180 4493 ad
1211 4438 1375 4493 vitam
1416 4438 1677 4508 prodesse
1700 4446 1905 4509 posset,

326 4540 389 4586 ut
415 4546 484 4588 ne
521 4547 751 4601 prorsus
785 4531 898 4586 ullo
937 4529 1122 4594 modo,
1175 4528 1356 4585 ullave
1402 4531 1631 4595 ratione,
1664 4532 1756 4602 qui
1804 4531 1909 4587 hoc

324 4625 451 4679 vitae
477 4624 787 4680 institutum
821 4622 1033 4693 ingredi
1072 4621 1292 4688 vellent,
1334 4622 1732 4693 impedirentur
1764 4644 1775 4678 :
1809 4641 1909 4680 ne-

324 4730 432 4787 que
457 4722 552 4769 aut
581 4716 845 4788 regionis,
877 4724 972 4769 aut
1003 4715 1242 4787 generis,
1278 4723 1373 4770 aut
1398 4715 1528 4780 loci,
1560 4725 1654 4770 aut
1682 4717 1909 4773 alterius

323 4807 632 4878 cujuspiam
679 4809 759 4863 rei
814 4810 1038 4863 omnino
1098 4823 1302 4876 causa,
1359 4816 1584 4880 possent
1630 4811 1904 4867 excusari.

324 4902 473 4960 Talis
504 4918 671 4975 porro
701 4909 757 4957 et
801 4902 912 4965 lex,
934 4904 988 4955 et
1018 4901 1126 4956 vita
1179 4902 1339 4972 plane
1370 4903 1579 4959 exstitit
1608 4918 1692 4968 ea,
1725 4920 1846 4974 quae
1875 4920 1906 4961 a

325 4994 612 5051 Salvatore
672 5001 865 5050 nostro
907 4991 1038 5048 Jesu
1098 4992 1322 5050 Christo
1372 4994 1623 5051 instituta
1655 5003 1760 5063 est,
1797 5011 1906 5067 qua

322 5086 504 5158 prisca
535 5088 648 5153 illa,
684 5095 740 5143 et
780 5087 900 5157 ipso
933 5086 1081 5141 Mose
1129 5086 1409 5157 antiquior
1457 5086 1798 5143 instauratur
1820 5104 1906 5143 re-

323 5179 476 5250 ligio,
509 5179 578 5234 ad
601 5181 762 5249 cujus
791 5194 1040 5234 normam
1065 5186 1122 5234 et
1158 5178 1458 5246 Abraham,
1490 5187 1545 5235 et
1575 5180 1696 5250 ejus
1727 5180 1903 5251 majo-

321 5290 415 5331 res
463 5274 668 5330 vitisse
723 5272 884 5328 facile
928 5272 1400 5328 demonstrantur.
1455 5272 1613 5339 Quod
1668 5272 1712 5327 si
1766 5273 1903 5328 velis

2012 4438 2473 4509 παραποδίζεσθαι
2503 4440 2629 4503 τοὺς
2666 4439 2808 4494 κατά
2840 4441 3028 4497 τοῦτον
3059 4443 3436 4499 πολιτεύεσθαι
3468 4445 3603 4517 μέλ-

2009 4531 2220 4596 λοντας,
2258 4533 2383 4603 μήτ’
2407 4532 2516 4585 ἀπὸ
2553 4531 2758 4604 χώρας,
2791 4534 2920 4605 μήτ’
2949 4534 3058 4589 ἀπὸ
3099 4535 3311 4605 γένους,
3344 4538 3470 4609 μήτ’
3491 4538 3607 4595 ἀπὸ

2008 4624 2198 4690 τόπου,
2222 4624 2358 4694 μήτε
2391 4621 2455 4676 ἐκ
2487 4640 2633 4688 τινος
2663 4624 2853 4697 ἐτέρου
2893 4627 2953 4680 τὸ
2983 4626 3222 4684 σύνολον.
3255 4628 3507 4695 Τοιοῦτος
3541 4631 3605 4687 δὲ

2010 4715 2249 4787 πέφηνεν
2274 4718 2302 4770 6
2318 4716 2454 4789 πρὸς
2481 4715 2576 4770 τοῦ
2599 4717 2849 4789 Σωτῆρος
2868 4719 3026 4790 ἡμῶν
3058 4720 3231 4792 Ἰησοῦ
3258 4722 3496 4795 Χριστοῦ
3512 4740 3605 4778 νε-

2008 4810 2268 4881 νομοθετη
2278 4810 2437 4880 μένος
2463 4811 2628 4882 νόμος
2659 4828 2718 4864 τε
2736 4813 2829 4866 καὶ
2853 4811 2987 4882 βίος,
3006 4813 3103 4885 τὴν
3121 4815 3486 4888 παλαιοτάτην
3503 4817 3603 4872 καὶ

2009 4903 2386 4976 πρεσϐυτέραν
2444 4904 2688 4968 Μωσέως
2719 4905 3001 4960 εὐσέϐειαν
3026 4907 3437 4979 ἀνανεούμενος,
3470 4911 3600 4965 καθ’

2007 4994 2074 5065 ἠν
2099 4997 2127 5048 6
2169 4994 2422 5066 θεοφιλὴς
2465 4996 2747 5077 Ἀϐραὰμ,
2790 4998 2887 5052 καὶ
2911 4999 2961 5050 οι
3005 4998 3195 5053 τούτου
3246 5000 3600 5073 προπάτορες

2006 5083 2309 5139 δείκνυνται
2337 5085 2803 5159 πεπολιτευμένοι.
2835 5090 2899 5142 Εἰ
2921 5088 3051 5158 γοῦν
3080 5090 3391 5162 ἐθελήσειας
3414 5090 3506 5145 τόν
3532 5108 3599 5146 τι

2006 5175 2348 5248 Χριστιανῶν
2398 5178 2532 5249 βίον,
2577 5180 2672 5233 καὶ
2710 5181 2811 5252 τὴν
2849 5181 2955 5235 ὑπὸ
3004 5180 3098 5237 τοῦ
3139 5181 3378 5254 Χριστοῦ
3426 5185 3597 5238 πᾶσιν

2006 5264 2183 5320 ἔθνεσι
2236 5267 2721 5343 καταϐεϐλημένην
2760 5268 3070 5324 θεοσέϐειαν
3118 5270 3470 5336 συνεξετάσαι
3513 5271 3597 5342 τῷ

320 5364 760 5422 Christianorum
801 5362 1019 5419 vivendi
1061 5364 1352 5429 rationem,
1393 5373 1557 5434 atque
1585 5374 1705 5419 eam
1739 5378 1913 5435 quam

2018 5358 2193 5429 τρόπῳ
2219 5359 2326 5413 τῶν
2354 5360 2496 5432 ἀμφὶ
2538 5360 2631 5414 τὸν
2662 5361 2914 5434 Ἀϐραὰμ
2955 5364 3042 5415 ἐπ’
3072 5362 3325 5437 εὐσεϐείᾳ.
3367 5363 3462 5417 καὶ
3507 5362 3598 5417 δι-

319 5457 574 5513 Christus
605 5472 700 5527 per
727 5470 917 5512 omnes
935 5465 1123 5527 gentes
1156 5453 1535 5513 disseminavit
1556 5454 1900 5525 religionem,

319 5566 443 5605 cum
474 5565 540 5606 eo
565 5555 619 5604 et
650 5549 929 5620 religionis
950 5556 1004 5604 et
1021 5549 1253 5619 justitia:
1274 5546 1531 5605 instituto
1559 5561 1899 5617 comparare,

316 5650 372 5697 et
412 5642 768 5711 contendere,
801 5656 911 5713 quo
943 5651 996 5697 et
1019 5641 1293 5695 Abraham
1323 5649 1380 5696 et
1427 5638 1660 5694 Abrahae
1691 5638 1900 5695 similes

2005 5450 2267 5525 καιοσύνῃ
2296 5454 2827 5526 μεμαρτυρημένων,
2861 5455 2957 5508 ἕνα
2983 5457 3077 5509 καὶ
3111 5456 3205 5509 τὸν
3230 5454 3394 5508 αὐτὸν
3426 5454 3595 5528 εὑρή-

2007 5560 2140 5607 σεις.
2180 5545 2412 5598 Ἐκεῖνοι
2446 5562 2505 5599 τε
2528 5546 2657 5618 γὰρ,
2692 5548 2792 5618 τῆς
2829 5547 3094 5602 πολυθέου
3126 5547 3335 5619 πλάνης
3365 5548 3595 5618 ἀποχωά

2008 5639 2290 5711 ρήσαντες,
2317 5640 2410 5698 καὶ
2440 5641 2538 5714 τὴν
2570 5641 2698 5715 περὶ
2735 5642 2802 5699 τά
2841 5642 3131 5716 ἀγάλματα
3169 5638 3595 5714 δεισιδαιμονίαν

392 5761 439 5795 ’δ’
479 5761 501 5817 l
540 5760 681 5817 'i‘im.
728 5779 766 5828 ι,
809 5762 862 5818 9.
944 5762 990 5796 ⁵ο
1027 5758 1130 5819 lsa.
1177 5776 1236 5830 ιι,
1280 5758 1396 5815 5-4.
1476 5760 1517 5833 ⁵2
1562 5756 1750 5814 Matth.
1794 5772 1913 5813 xxv:

2030 5757 2119 5826 19,
2159 5759 2249 5817 20.
