3842 6218
176 371 248 427 45
1039 364 1696 423 DEMONSTRATIONIS
1731 361 2190 420 EVANCELICAE
2228 362 2361 420 LIB.
2401 360 2445 421 I.
3366 358 3439 424 ιο

173 482 643 557 ἀτωστραφέντες,
676 481 1088 554 ὑπερκύψαντες
1120 484 1177 537 δὲ
1216 483 1313 537 καὶ
1340 483 1437 555 τὴν
1475 482 1757 554 ὁρωμένην

1864 497 1994 537 usos
2030 481 2227 536 divinae
2274 480 2470 534 litterae
2494 477 2815 549 praedicant,
2854 479 3014 536 facile
3060 496 3232 537 unum
3280 489 3442 555 atque

170 576 395 632 ἃπασαν
424 574 623 638 κτίσιν,
663 572 756 626 καὶ
790 571 916 643 μήθ’
948 572 1120 643 ἥλιον,
1161 573 1297 642 μήτε
1330 570 1578 641 σελήνην,
1619 570 1756 641 μήτε

170 685 223 723 τι
268 667 381 722 τῶν
425 663 609 737 μερῶν
660 662 754 717 τοῦ
801 661 1002 725 παντὸς
1042 661 1491 733 θεοποιήσαντες,
1530 661 1616 728 ἐφ’
1662 658 1759 712 ἐνα

167 760 264 813 τὸν
286 756 555 812 ἀνωτάτω
570 754 745 821 .Θεὸν,
770 753 932 809 αὑτὸν
949 752 1014 825 δὴ
1034 752 1125 806 τὸν
1156 752 1375 822 ὕψιστον
1403 752 1499 805 τοῦ
1528 752 1757 824 οὐρανοῦ

169 853 266 907 καὶ
292 850 399 922 γῆς
435 847 790 920 δημιουργὸν,
815 845 1040 908 ἑαυτοὺς
1088 833 1392 915 ἀνήγαγον·
1424 843 1454 896 ὂ
1494 844 1589 898 καὶ
1637 860 1760 897 συνο

173 944 390 1014 ίστησιν
428 941 591 1004 αὑτὸς
634 942 664 994 6
701 937 906 1009 Μωσῆς
972 938 1031 990 ἐν
1073 939 1193 1000 ταῖς
1230 936 1330 1007 τῆς
1374 927 1760 1008 ἀρχαιολογίας

169 1033 458 1107 ἱστορίαις,
484 1031 577 1085 τὸν
620 1028 868 1102 Ἀϐραὰμ
907 1028 1241 1100 ἀναγράφων
1267 1027 1562 1096 φάσκοντα·
1593 1045 1612 1077 ι
1646 1028 1760 1080 Ἐκ-

165 1126 310 1181 τενῶ
334 1127 437 1196 τὴν
467 1125 625 1197 χεῖρὰ
662 1142 763 1195 μου
792 1122 927 1195 πρὸς
949 1121 1041 1176 τὸν
1064 1120 1196 1175 Θεὸν
1226 1119 1467 1190 ὕψιστον,
1493 1119 1554 1183 ὃς
1576 1119 1757 1173 ἔκτισε

167 1220 262 1274 τὸν
299 1219 531 1290 οὐρανὸν
572 1217 669 1271 καὶ
706 1216 802 1286 τὴν
833 1216 969 1286 γῆν·
995 1234 1014 1266 ι
1058 1215 1153 1269 καὶ
1186 1214 1290 1286 πρό
1318 1231 1381 1283 γε
1423 1211 1615 1267 τούτου
1648 1213 1761 1265 είσ-

170 1311 324 1380 ἀγων
353 1311 447 1364 τὸν
486 1309 837 1381 Μελχισεδὲκ,
872 1308 929 1361 ὃν
973 1307 1037 1379 δή
1086 1324 1249 1378 φησιν
1295 1307 1444 1379 ἱερέα
1476 1306 1758 1377 γεγονέναι

167 1404 266 1457 τοῦ
299 1402 435 1457 Θεοῦ
460 1401 556 1455 τοῦ
592 1401 818 1471 ὑψίστου
841 1440 855 1463 ,
895 1402 986 1453 τὸν
1020 1399 1274 1472 Ἀϐραὰμ
1318 1390 1421 1454 ὧδέ
1454 1419 1571 1464 πως
1609 1400 1759 1454 εὐλο-

166 1493 373 1564 γοῦντα
391 1510 404 1523 ·
435 1512 453 1543 ι
487 1492 867 1563 Εὐλογημένος
900 1491 1152 1563 Ἀϐραὰμ
1174 1490 1250 1561 τῷ
1273 1492 1391 1562 Θεῷ
1420 1492 1499 1563 τῷ
1525 1493 1755 1567 ὑψίστῳ,

164 1586 230 1650 ὃς
268 1584 453 1638 ἔκτισε
482 1582 571 1637 τὸν
600 1583 829 1655 οὐρανὸν
874 1582 968 1636 καὶ
1013 1584 1112 1655 τὴν
1138 1583 1262 1654 γῆν,
1302 1604 1320 1635 ι
1374 1584 1568 1657 Εὑροις
1605 1586 1650 1639 δ’
1692 1586 1758 1640 ἂν

165 1677 266 1731 καὶ
289 1676 382 1729 τὸν
418 1674 612 1745 Ἑνὼχ,
646 1676 742 1727 καὶ
765 1673 855 1727 τὸν
884 1673 1008 1727 Νῶε
1025 1674 1414 1740 δικαιωθέντας
1444 1678 1539 1729 καὶ
1566 1678 1759 1750 εὐαρε-

168 1770 481 1840 στήσαντας
504 1767 583 1838 τῷ
619 1766 740 1837 Θεῷ
769 1767 911 1821 κατά
938 1767 1029 1820 τὸν
1057 1768 1220 1821 αὑτὸν
1251 1767 1330 1839 τῷ
1367 1769 1615 1841 Ἀϐραὰμ
1636 1771 1759 1842 τρό-

1858 571 2001 628 idem
2050 586 2341 642 agnosces.
2375 569 2658 641 Siquidem
2705 571 2847 627 illia
2875 573 3174 629 multorum
3213 572 3443 631 deorum

1859 663 2030 729 cultu,
2062 671 2225 734 atque
2255 677 2443 719 errore
2470 661 2806 730 recedentes,
2829 671 2884 720 et
2915 665 2987 720 ab
3008 681 3092 730 ea,
3124 681 3246 737 quae
3272 667 3444 723 simu-

1858 756 2024 810 lacris
2069 754 2286 810 addicta
2324 764 2462 818 erat,
2512 756 2904 826 superstitione
2949 763 3258 813 avertentes
3298 758 3445 829 seip-

1860 862 1952 904 sos
1985 846 2085 919 (2),
2122 847 2324 903 mentis
2379 847 2570 904 oculos
2604 863 2771 918 supra
2806 862 3023 904 omnem
3052 888 3068 913 ,
3105 864 3446 920 quacunque

1859 939 2035 994 oculis
2080 938 2232 994 cerni
2287 938 2484 1009 possit,
2534 945 2784 994 naturam
2835 939 3180 995 sustulerunt
3218 959 3233 995 :
3265 955 3446 1012 neque

1858 1042 1990 1087 vero
2020 1030 2100 1086 illi
2130 1039 2225 1086 aut
2251 1032 2444 1098 solem,
2469 1038 2563 1085 aut
2583 1031 2789 1097 lunam,
2818 1041 2914 1087 aut
2936 1032 3097 1087 aliam
3126 1033 3443 1105 quampiam

1859 1121 2102 1179 universi
2146 1131 2357 1193 partem
2388 1138 2487 1195 pro
2521 1121 2634 1178 Deo
2676 1138 2916 1194 unquam
2948 1118 3206 1180 caluere:
3247 1124 3343 1181 sed
3371 1124 3444 1181 ad

1860 1230 2029 1270 unum
2057 1231 2395 1285 supremum,
2427 1216 2607 1288 ipsum
2642 1216 2834 1286 utique
2880 1217 3208 1273 altissimum
3238 1217 3366 1273 coeli
3387 1226 3445 1274 et

1859 1315 2020 1364 terra:
2041 1309 2315 1380 opiﬁcem,
2349 1311 2454 1380 10
2476 1309 2688 1379 seipsos
2705 1310 2952 1366 attollere
2972 1325 3084 1367 non
3100 1311 3441 1369 dubitarunt.

1861 1403 2037 1467 Quam
2060 1417 2194 1458 sane
2216 1417 2332 1457 rem
2357 1402 2476 1474 ipse
2497 1407 2661 1459 etiam
2677 1401 2855 1458 Moses
2882 1402 2937 1457 in
2960 1403 3080 1459 suis
3099 1404 3444 1475 antiquitatis

1861 1492 2105 1549 historiis
2132 1495 2499 1557 commendat,
2535 1495 2664 1549 dum
2696 1495 2873 1563 ipsum
2912 1493 3187 1550 Abraham
3231 1499 3311 1553 sic
3358 1498 3446 1554 in-

1859 1581 2013 1638 ducit
2034 1585 2305 1641 dicentem
2328 1605 2340 1640 :
2368 1604 2386 1637 ι
2410 1585 2710 1643 Extendam
2740 1601 2961 1641 manum
2984 1601 3160 1642 meam
3181 1588 3250 1642 ad
3272 1588 3445 1647 Deum

1861 1676 2206 1741 altissimum,
2224 1678 2318 1748 qui
2340 1678 2584 1733 condidit
2604 1679 2807 1734 caelum
2820 1693 2884 1733 ac
2905 1686 3107 1734 terram
3127 1679 3175 1711 ⁸³
3202 1701 3221 1733 ι
3244 1697 3257 1732 :
3278 1682 3445 1736 dum-

1862 1780 1968 1835 que
1996 1773 2124 1820 ante
2156 1766 2326 1829 hunc,
2368 1765 2754 1831 Melchisedec,
2786 1782 2950 1838 quem
2991 1767 3067 1822 ait
3102 1768 3445 1827 sacerdotem

168 1877 291 1916 πον.
333 1859 494 1913 Ἀλλά
521 1861 616 1914 καὶ
649 1863 678 1913 6
713 1859 853 1925 Ἰὼϐ,
887 1860 1173 1933 ἄνθρωπος
1190 1861 1425 1927 δίκαιος,
1471 1863 1756 1936 ἀληθινὸς,

1862 1855 1956 1911 Dei
1997 1857 2247 1913 altissimi
2288 1857 2480 1922 fuisse,
2510 1858 2616 1929 ipsi
2652 1858 2889 1914 Abrahae
2931 1859 3017 1915 his
3050 1859 3224 1915 ferme
3260 1862 3445 1916 verbis

165 1951 481 2021 ἄμεμπτος,
504 1950 785 2022 θεοσεϐὴς,
803 1951 1140 2022 ἀπεχόμενος
1163 1951 1271 2004 ἀπὸ
1296 1954 1498 2017 παντὸς
1520 1954 1758 2026 πονηροῦ

168 2043 521 2115 πρέγματος,
568 2044 677 2115 πρὸ
696 2043 804 2099 τῶν
820 2044 1063 2109 Μωσέως
1084 2045 1290 2118 χρόνων
1315 2047 1755 2119 μεμαρτύρηται·

164 2135 225 2200 ὃς
258 2136 325 2207 δή
376 2135 471 2189 καὶ
498 2139 692 2209 πεῖραν
707 2135 806 2206 τῆς
832 2137 912 2201 είς
929 2135 1019 2189 τὸν
1038 2137 1146 2191 τῶν
1174 2138 1308 2191 ὅλων
1319 2138 1450 2193 Θεὸν
1480 2140 1760 2205 εὐσεϐείας

162 2228 234 2281 δι’
266 2226 474 2299 ἀθρόας
508 2229 606 2299 τῆς
643 2227 754 2282 τῶν
797 2228 1151 2300 ὑπαρχόντων
1182 2230 1450 2302 ἀποϐολῆς
1486 2232 1757 2304 ὑποσχὼν,

166 2318 723 2390 μέγιπονσεὺσεϐοῦς
768 2318 1069 2390 ὑπόδειγμα
1115 2320 1316 2392 τρόπου
1353 2322 1448 2375 καὶ
1492 2326 1606 2388 τοῖς
1643 2326 1758 2394 μετ’

162 2408 332 2463 αὑτὸν
354 2407 707 2471 ἀπολέλοιπε,
731 2406 822 2461 τὸν
845 2408 1134 2478 φιλόσοφον
1168 2411 1377 2464 ἐκεῖνον
1410 2413 1761 2484 ἐπιφωνήσας

162 2501 327 2569 λόγον
350 2517 363 2530 ·
398 2519 419 2553 ι
454 2500 668 2572 Γυμνὸς
715 2499 937 2571 ἐξῆλθον
993 2502 1059 2554 ἐκ
1116 2501 1323 2567 κοιλίας
1368 2504 1572 2575 μητρός
1621 2516 1722 2575 μου
1741 2545 1757 2572 ,

160 2592 378 2665 γυμνὸς
400 2594 497 2646 καὶ
522 2591 917 2663 ἀπελεύσομαι.
952 2592 1009 2646 '0
1031 2591 1239 2666 Κύριος
1264 2592 1483 2659 ἔδωκεν,
1508 2596 1536 2648 ό
1556 2597 1761 2668 Κύριος

161 2685 460 2755 ἀφείλετο·
491 2685 566 2749 ὡς
602 2684 682 2755 τῷ
714 2686 904 2757 Κυρίῳ
950 2684 1128 2752 ἔδοξεν
1150 2726 1164 2752 ,
1197 2685 1341 2739 οὓτω
1376 2686 1471 2740 καὶ
1514 2688 1754 2756 ἐγένετο·

160 2780 251 2852 εἴη
275 2779 340 2833 τὸ
371 2779 546 2850 ὄνομα
575 2780 782 2851 Κυρίου
808 2780 1002 2853 εὐλογη
1013 2781 1192 2851 μένον.
1215 2800 1234 2833 ο
1256 2781 1368 2835 Καὶ
1388 2782 1478 2834 τὸν
1506 2781 1760 2836 ἁπάντων

160 2872 377 2946 Κύριον
417 2872 614 2938 σέϐων,
649 2871 851 2935 ταύτας
896 2872 1047 2943 ἠφίει
1072 2872 1171 2935 τὰς
1202 2871 1388 2941 φωνὰς
1408 2912 1423 2934 ,
1457 2871 1524 2936 ἃς
1555 2871 1760 2944 προῖὼν

160 2967 192 3018 6
210 2964 381 3029 αὐτὸς
408 2965 682 3034 διασαφεῖ,
715 2964 782 3018 δι’
809 2958 884 3019 ὧν
917 2981 1051 3036 φησι
1074 2981 1086 2993 ·
1117 2983 1136 3016 ι
1168 2963 1331 3033 σοφὸς
1361 2965 1469 3036 γάρ
1503 2967 1618 3019 ἐστι
1641 2966 1761 3020 δια-

162 3057 307 3129 νοίᾳ,
330 3057 592 3129 κραταιός
612 3075 672 3111 τε
705 3057 799 3111 καὶ
832 3057 1025 3128 μέγας,
1048 3057 1076 3109 6
1110 3056 1268 3110 σείων
1292 3057 1391 3127 τὴν
1422 3057 1513 3110 ὑπ’
1533 3057 1760 3129 οὑρανὸν

1860 1949 2303 2006 benedicentem:
2331 1970 2350 2002 ι
2375 1950 2703 2007 Benedictus
2718 1951 2994 2006 Abraham
3016 1952 3125 2009 Deo
3149 1954 3442 2020 altissime,

1861 2041 1953 2108 qui
1984 2040 2229 2096 condidit
2250 2043 2449 2096 coelum
2466 2049 2520 2097 et
2550 2048 2751 2098 terram
2787 2042 2854 2097 ⁵³.
2907 2060 2926 2096 ι
2965 2042 3214 2101 Invenies
3259 2053 3444 2101 autem

1861 2140 1916 2188 et
1946 2129 2134 2189 Enoch
2187 2142 2242 2190 et
2279 2132 2395 2190 Noe
2434 2135 2625 2191 eadem
2658 2135 2872 2192 ratione
2915 2151 3021 2207 qua
3066 2137 3363 2202 Abraham,
3391 2145 3449 2195 et

1862 2225 2105 2282 evasisse
2141 2227 2344 2297 justos,
2381 2236 2436 2283 et
2472 2227 2582 2284 Deo
2615 2229 2912 2299 placuisse.
2944 2230 3089 2297 Quin
3119 2231 3284 2287 etiam
3314 2230 3444 2298 Job,

1864 2314 1949 2369 vir
1978 2324 2033 2371 et
2075 2316 2281 2386 justus,
2316 2327 2370 2373 et
2400 2332 2583 2384 verus,
2614 2327 2670 2375 et
2714 2321 3085 2392 inculpabllis,
3116 2330 3173 2379 et
3197 2323 3268 2379 ab
3294 2322 3448 2380 omni

1862 2406 2006 2459 mala
2036 2422 2097 2462 re
2126 2408 2432 2473 abstinens,
2478 2417 2605 2465 ante
2636 2409 2804 2467 Mosis
2847 2418 3065 2468 aetatem
3111 2413 3445 2480 celebratur,

1862 2502 1954 2570 qui
1985 2518 2111 2558 eum
2150 2503 2372 2573 pietatis
2418 2520 2549 2574 erga
2608 2503 2781 2561 Deum
2825 2506 3067 2561 universi
3105 2507 3303 2577 gratia,
3348 2521 3449 2577 per

1861 2594 2106 2649 omnium
2153 2595 2425 2650 bonorum
2464 2596 2701 2650 subitam
2742 2596 3147 2666 ademptionem
3192 2607 3451 2664 vexatus,

1862 2690 2182 2738 constanter
2203 2685 2387 2738 omnia
2418 2683 2765 2749 sustinuerit,
2800 2684 3101 2740 maximum
3152 2701 3293 2741 vera:
3321 2687 3450 2743 rell-

1840 2766 2042 2846 'gionis
2089 2775 2401 2846 exemplum
2457 2777 2606 2831 omni
2658 2790 2771 2831 suae
2826 2776 3137 2846 posteritati
3182 2779 3445 2850 reliquit,

1861 2868 2063 2938 quippe
2106 2867 2199 2937 qui
2236 2883 2364 2923 vere
2401 2866 2841 2938 philosophicum
2878 2868 3014 2924 illud
3057 2869 3282 2925 verbum
3314 2872 3447 2927 olim

1863 2960 2276 3015 acclamaverit:
2312 2978 2330 3012 ι
2367 2959 2559 3015 Nudus
2586 2975 2844 3031 egressus
2868 2970 2988 3015 sum
3023 2960 3091 3017 de
3113 2970 3303 3018 ventre
3325 2977 3447 3018 mas

1863 3052 1963 3107 tris
1988 3068 2140 3120 mem,
2174 3061 2229 3107 et
2259 3052 2440 3109 nudus
2465 3053 2648 3108 abibo.
2683 3051 2950 3110 Dominus
2979 3054 3151 3119 dedit,
3183 3053 3447 3111 Dominus

162 3151 232 3205 ἐκ
258 3150 533 3222 θεμελίων
549 3191 565 3215 ,
594 3151 642 3203 οἱ
667 3150 724 3203 δὲ
750 3148 930 3203 στῦλοι
954 3150 1125 3220 αὑτῆς
1150 3148 1463 3202 σαλεύονται
1480 3166 1493 3179 ο
1535 3152 1564 3202 ό
1585 3149 1757 3219 λέγων

1864 3144 2125 3198 abstulit:
2151 3145 2296 3200 sicut
2338 3145 2569 3200 Domino
2603 3147 2828 3217 placuit,
2863 3146 2939 3201 ita
2978 3145 3181 3202 factum
3214 3156 3300 3205 est
3335 3151 3449 3204 :slt

164 3237 244 3311 τῷ
280 3240 443 3311 ἡλίῳ,
478 3241 574 3294 καὶ
598 3241 698 3293 οὐκ
723 3239 1025 3302 ἀνατέλλει,
1072 3239 1215 3293 κατά
1240 3239 1295 3292 δέ
1331 3239 1547 3310 ἄστρων
1585 3258 1756 3294 κατα-

165 3332 488 3404 σφραγίζειο
526 3334 554 3386 6
587 3330 825 3396 τανύσας
850 3332 941 3385 τὸν
962 3331 1188 3402 οὐρανὸν
1218 3330 1397 3402 μόνος.
1430 3351 1448 3382 ›
1490 3333 1553 3384 Εἰ
1577 3331 1639 3404 δὴ
1666 3328 1758 3387 οὖν

160 3423 360 3477 τοῦτον
392 3423 560 3476 αὑτὸν
623 3424 831 3476 ἐκεῖνον
867 3421 958 3476 τὸν
1001 3422 1204 3485 πάλαι,
1236 3424 1332 3476 καὶ
1372 3423 1478 3495 πρὸ
1517 3423 1758 3489 Μωσέως

160 3514 435 3584 θεοφιλῶν
470 3513 623 3580 Θεὸν,
657 3513 885 3584 ἔναγχος
921 3514 1055 3567 πᾶσι
1092 3516 1205 3577 τοῖς
1229 3513 1439 3568 ἔθνεσιν
1464 3517 1492 3569 6
1520 3515 1756 3587 Χριστοῦ

160 3606 325 3676 λόγος
373 3606 579 3678 ὁμοίως
631 3606 862 3670 ἐκείνοις
921 3606 1081 3674 μόνον
1144 3606 1389 3659 εὐσεϐεῖν
1442 3606 1755 3672 διετάξατο,

162 3700 413 3770 πέφηνεν
446 3699 595 3761 ὅπως
634 3698 882 3751 κοινωνοὶ
909 3697 1257 3770 γεγενήμεθα
1288 3697 1387 3768 τῆς
1422 3698 1544 3768 ίσης
1582 3696 1759 3751 αὐτῶν

163 3792 395 3845 ἐκείνων
429 3790 743 3854 εὐσεϐείας·
794 3791 893 3861 τῆς
925 3790 983 3844 δὲ
1027 3789 1312 3854 εὐσεϐείας
1369 3790 1756 3862 μετασχόντες,

160 3883 328 3956 δῆλον
351 3925 367 3947 ,
405 3884 481 3947 ὡς
515 3884 609 3936 καὶ
653 3884 753 3954 τῆς
797 3883 1047 3952 εὐλογίας
1103 3884 1544 3957 μεταληψόμεθα.
1600 3885 1761 3939 Ἀλλά

164 3979 262 4031 καὶ
292 3975 390 4030 τὸν
426 3975 521 4029 τοῦ
555 3975 691 4030 Θεοῦ
737 3975 932 4044 Λόγον,
961 3975 1021 4029 ὃν
1050 3976 1115 4048 δὴ
1144 3976 1380 4049 Χριστὸν
1422 3980 1554 4050 ἡμῖν
1591 3994 1759 4051 προσ-

164 4067 458 4137 αγορεύειν
480 4066 654 4137 φίλον,
686 4066 885 4137 ὁμοίως
916 4068 1049 4137 ήμῖν
1069 4067 1311 4121 κάκεῖνοι
1340 4068 1561 4137 γνόντες
1590 4071 1761 4140 ἐμαρ-

164 4159 515 4232 τυρήθησαν·
542 4159 657 4227 οἵγε
686 4159 779 4212 καὶ
812 4158 946 4212 πολὺ
971 4157 1338 4234 διαφερόντως
1365 4161 1464 4232 τῆς
1484 4162 1760 4234 ἐμφανοῦς

169 4251 341 4306 αὑτοῦ
370 4252 674 4324 παρουσίας
713 4269 772 4306 τε
797 4253 892 4307 καὶ
918 4252 1234 4322 θεοφανείας
1268 4253 1598 4328 ἠξιώθησαν.
1630 4258 1758 4310 Ἐπ-

172 4345 406 4398 ἀκουσον
467 4341 618 4411 γοῦν,
654 4344 730 4408 ὡς
761 4345 924 4399 πάλιν
958 4344 1121 4409 αὑτὸς
1158 4347 1187 4399 6
1217 4346 1423 4418 Μωσῆς
1450 4347 1541 4401 τὸν
1560 4350 1761 4420 ἐπιφα-

170 4434 331 4489 νέντα
368 4437 483 4499 τοῖς
541 4434 848 4506 θεοφιλέσι,
894 4437 988 4490 καὶ
1035 4435 1294 4500 πολλάκις
1345 4440 1762 4510 χρηματίσαντα

1863 3254 2063 3294 nomen
2098 3236 2314 3293 Domini
2345 3240 2691 3295 benedictum
2715 3240 2782 3295 5“.
2815 3255 2834 3293 ι
2869 3239 3013 3297 Idem
3043 3256 3174 3296 vero
3198 3256 3449 3296 commu-

1861 3345 1984 3384 nem
2015 3330 2262 3384 onmium
2289 3329 2455 3386 Deum
2484 3331 2694 3398 colens,
2718 3346 2881 3388 voces
2913 3333 3076 3387 etiam
3118 3332 3240 3387 illas
3271 3332 3445 3402 pieta-

1863 3422 1936 3475 tis
1983 3421 2190 3487 emisit,
2225 3436 2362 3492 quas
2414 3424 2531 3494 ipse
2558 3424 2775 3494 longius
2814 3436 3140 3496 progressus
3167 3427 3440 3496 explanat,

1862 3514 1990 3569 dum
2024 3515 2141 3569 ait:
2184 3534 2202 3568 ι
2247 3515 2478 3586 Sapiens
2518 3517 2664 3571 enim
2718 3526 2805 3573 est
2840 3526 3041 3583 mente,
3086 3519 3357 3591 fortisque
3388 3528 3447 3577 et

1860 3621 2113 3677 magnus,
2144 3608 2238 3677 qui
2274 3608 2518 3663 concutit
2550 3618 2752 3663 terram
2783 3625 2816 3664 a
2847 3610 3236 3679 fundamentis,
3268 3623 3324 3672 et
3349 3632 3447 3671 co-

1861 3693 2067 3749 lumnae
2099 3695 2222 3764 ejus
2269 3697 2702 3752 contremiscunt
2733 3715 2746 3750 :
2776 3700 2871 3769 qui
2905 3701 3037 3756 dicit
3071 3703 3195 3770 soli,
3227 3712 3282 3760 et
3326 3722 3441 3763 non

1862 3783 2060 3849 oritur,
2092 3792 2147 3840 et
2172 3786 2359 3841 stellas
2389 3788 2541 3857 quasi
2579 3791 2737 3859 signo
2767 3789 3038 3861 impresso
3071 3794 3275 3851 claudit
3303 3817 3317 3852 :
3351 3799 3447 3869 qui

1863 3878 2061 3932 omium
2095 3879 2339 3934 extendit
2370 3879 2522 3935 solus
2554 3881 2621 3932 ³⁸.
2663 3900 2682 3932 ι
2716 3880 2776 3936 Si
2810 3884 2976 3953 igitur
2995 3886 3246 3942 eumdem
3288 3888 3445 3944 illum

1862 3985 2022 4041 quem
2055 3971 2245 4041 prisci,
2289 3986 2355 4026 ac
2396 3973 2519 4044 ipso
2554 3973 2703 4030 Mose
2752 3976 3118 4048 antiquiores,
3155 3978 3249 4035 Dei
3280 3982 3445 4036 amici

1861 4064 1967 4118 viri
2001 4065 2292 4120 coluerunt
2320 4064 2516 4133 Deum,
2555 4082 2732 4138 nuper
2772 4068 2962 4125 itidem
2993 4077 3055 4125 ut
3102 4071 3212 4128 illis
3261 4073 3445 4127 solum

1863 4155 1952 4225 pie
1982 4155 2277 4210 colendum
2306 4172 2451 4222 esse,
2494 4156 2702 4214 Christi
2739 4157 2992 4214 doctrina
3029 4161 3285 4231 gentibus
3319 4162 3448 4216 uni-

1861 4247 2039 4304 versis
2068 4248 2486 4315 demonstravit,
2528 4250 2673 4306 haud
2711 4251 2936 4308 dubium
2972 4263 3079 4319 est,
3112 4254 3249 4325 quin
3295 4253 3447 4323 ejus-

1864 4337 1989 4393 dem
2020 4354 2144 4394 cum
2175 4340 2285 4397 illis
2324 4342 2499 4396 divini
2524 4344 2708 4401 cultus
2730 4342 2861 4398 facti
2893 4345 3065 4402 simus
3096 4346 3395 4418 participes
3425 4360 3442 4403 :

1865 4445 2210 4486 communem
2234 4447 2401 4503 porro
2430 4433 2694 4489 habentes
2726 4436 3068 4507 religionem,
3096 4453 3444 4494 communem

171 4527 359 4591 αὑτοῖς
397 4526 468 4579 τὰ
505 4525 974 4598 ἀναγεγραμμένα
1011 4527 1163 4595 ποτὲ,
1211 4526 1311 4598 μὲν
1350 4528 1482 4583 Θεὸν
1525 4529 1619 4583 καὶ
1644 4531 1757 4584 Κύ-

1866 4536 2085 4592 quoque
2122 4523 2563 4580 benedictionem
2616 4527 2912 4582 sortituros
2952 4541 3097 4594 esse,
3133 4528 3313 4598 palam
3337 4537 3446 4585 est.

176 4636 311 4692 ριον,
344 4618 480 4672 ποτὲ
524 4618 581 4672 δὲ
624 4619 720 4673 καὶ
762 4619 993 4688 ἄγγελον
1040 4618 1176 4673 Θεοῦ
1220 4621 1619 4694 προσαγορεύει
1644 4624 1720 4695 (5)
1741 4641 1754 4655 ·

1863 4613 1970 4668 Sed
1999 4630 2100 4670 nec
2121 4616 2306 4672 minus
2337 4615 2434 4672 Dei
2460 4615 2723 4682 Verbum,
2749 4634 2909 4688 quem
2940 4618 3221 4675 Christum
3253 4621 3444 4691 appel-

170 4710 306 4775 Θεὸς
351 4708 455 4781 μὲν
495 4709 590 4763 καὶ
623 4709 829 4780 Κύριος
858 4707 965 4763 τῶν
996 4707 1258 4778 θεοφιλῶν
1304 4710 1515 4783 ἀνδρῶν
1557 4712 1757 4784 ἀνηγοά

1861 4704 1975 4761 lare
2011 4721 2114 4762 nos
2145 4708 2556 4775 conSuevimus,
2597 4710 2708 4767 illis
2730 4711 3010 4782 cognitum
3056 4710 3230 4767 fuisse
3277 4726 3446 4782 quam

172 4801 476 4874 ρευμένος,
547 4800 810 4870 Ἀγγελος
879 4790 937 4854 δὲ
1004 4799 1098 4853 τοῦ
1183 4801 1460 4855 ἀνωτάτου
1515 4803 1751 4877 Πατρός.

1861 4797 2041 4865 nobis,
2061 4814 2344 4855 sacrarum
2359 4799 2665 4856 litterarum
2691 4802 3004 4858 testimonio
3019 4812 3304 4858 ostensum
3320 4813 3406 4857 est
3424 4816 3438 4854 :

166 4897 334 4964 Λέγει
368 4896 413 4950 δ’
451 4890 545 4949 οὗν
577 4896 761 4958 αὐτοῖς
810 4893 1056 4966 ῥήμασι·
1114 4913 1133 4945 ι
1186 4894 1297 4948 Καὶ
1337 4894 1610 4969 ἐπορεύθη
1654 4898 1757 4952 Ἰα-

1861 4888 2062 4960 quippe
2090 4888 2185 4960 qui
2223 4889 2385 4962 longe
2424 4890 2783 4948 excellentius
2815 4891 2884 4946 ad
2921 4891 3071 4947 illius
3104 4900 3158 4946 et
3202 4888 3444 4945 manife-

170 4987 285 5040 κὼϐ
316 4989 401 5050 εἰς
431 4987 642 5059 Χαράν,
692 4986 786 5039 καὶ
826 4985 1108 5056 ἀπήντησε
1148 4984 1318 5056 τόπῳ,
1358 4985 1455 5039 καὶ
1486 4986 1753 5058 ἐκοιμήθη

1861 4988 2006 5037 stum
2035 4980 2351 5047 adventum,
2379 4989 2433 5038 et
2454 4981 2696 5037 divinam
2712 4982 3059 5053 praesentiam
3083 4981 3443 5048 cernendam,

169 5078 317 5131 ἐκεῖ·
350 5077 445 5130 ἔδυ
470 5075 579 5147 γὰρ
604 5077 632 5128 6
658 5074 810 5146 ἥλιος
827 5091 841 5104 ο
872 5074 968 5127 καὶ
994 5072 1185 5128 ἐλαϐεν
1216 5073 1324 5127 ἀπὸ
1346 5075 1454 5129 τῶν
1478 5074 1640 5129 λίθων
1664 5074 1757 5128 τοῦ

1862 5072 2047 5129 idonei
2081 5073 2253 5129 habiti
2282 5080 2434 5131 sunt.
2462 5073 2605 5129 Audi
2644 5074 2831 5146 igitur,
2860 5081 2921 5129 ut
2952 5089 3148 5132 rursus
3177 5075 3297 5146 ipse
3327 5071 3448 5129 Meo

169 5170 359 5233 τόπου,
389 5169 487 5223 καὶ
514 5168 708 5239 ἔθηκεν
727 5166 864 5239 πρὸς
892 5165 1136 5236 κεφαλῆς
1162 5164 1350 5231 αὑτοῦ,
1372 5170 1467 5222 καὶ
1492 5166 1757 5240 ἐκοιμήθη

1865 5181 1976 5231 ses,
1999 5180 2123 5221 eum
2154 5167 2249 5238 qui
2279 5166 2472 5223 amicis
2498 5165 2596 5223 Dei
2626 5167 2867 5237 seipsum
2891 5167 3216 5236 ostenderit,
3241 5167 3447 5239 quique

170 5263 227 5315 ἐν
255 5260 337 5332 τῷ
367 5260 522 5332 τόπῳ
551 5257 767 5331 ἐκείνῳ,
798 5261 894 5315 καὶ
938 5248 1271 5331 ἐνυπνιασθη
1293 5277 1307 5291 ο
1349 5260 1444 5313 καὶ
1493 5259 1600 5313 ἰδοὺ
1648 5258 1757 5314 κλί-

1865 5257 2063 5315 iisdem
2105 5259 2330 5315 oracula
2368 5260 2606 5331 publicis
2649 5261 3022 5318 monumentis
3063 5260 3443 5318 commendata

242 5420 287 5452 ”
328 5418 471 5474 Gen.
508 5434 622 5483 xxv,
661 5417 753 5473 2‘2.
827 5417 875 5450 ⁸³
914 5415 1052 5473 Ibid.
1113 5416 1201 5472 I9.
1280 5414 1327 5449 ⁸⁵
1352 5414 1457 5472 Job
1496 5433 1536 5483 ι,
1578 5416 1669 5470 2t.
1748 5418 1794 5451 ⁵⁸
1832 5415 2054 5489 Job.tx,
2091 5419 2210 5475 5-8.

241 5574 320 5647 (2)
348 5575 565 5632 Forsan
602 5575 659 5630 in
695 5574 943 5663 eamdem
991 5580 1116 5630 etim
1147 5575 1444 5663 Clemente,
1494 5568 1751 5663 Iustino,

1861 5576 2125 5663 ετερισ-τάς
2162 5579 2252 5663 ἔτι.
2275 5579 2406 5663 una
2448 5577 2543 5633 an»
2562 5577 2804 5663 ,πάινῖων
2825 5577 2956 5641 θεὸς
2986 5568 3141 5663 stoc
3182 5570 3441 5663 esse

177 5642 590 5731 Chry'sos‘tomo.
631 5646 959 5731 sententiam
1000 5645 1253 5731 cpnce'di‘t
1287 5653 1497 5731 auctor,
1521 5645 1625 5731 qui
1650 5645 1756 5699 ista

1861 5642 2128 5731 δεύτερος.
2162 5642 2294 5731 Θεὸς
2327 5642 2427 5731 μὲν
2481 5649 2595 5731 grai:
2646 5650 2920 5731 Interpres
2950 5649 3164 5731 videtur
3207 5642 3438 5731 :aliquid

180 5714 302 5769 oliui
336 5717 624 5773 suﬂecisse
662 5716 957 5769 credebant
986 5715 1052 5769 ad
1099 5716 1353 5786 salutem,
1403 5714 1620 5786 Christi
1663 5726 1753 5786 eoa
1864 5714 2129 5786 ejusmodi
2172 5719 2228 5773 in
2256 5714 2372 5777 suis
2400 5720 2685 5777 codicibus
2712 5714 3010 5777 invenisse.
3034 5714 3437 5772 Arianiaatau‘

184 5788 439 5854 gnitinne,
462 5788 559 5858 qui
583 5786 1178 5858 nondnmadvenerat,
1202 5785 1429 5858 minime
1469 5784 1755 5858 requisita.
1865 5784 1973 5844 tem
2008 5785 2291 5846 Eusebius.

254 5858 327 5928 (ὃ)
353 5854 497 5915 Post'
515 5856 911 5929 προσαγορεύει
956 5854 1070 5911 hare
1114 5871 1215 5910 ms.
1259 5854 1411 5909 addit
1449 5873 1462 5911 :
1506 5855 1760 5922 ἄντικρυς
