3842 6218
385 361 457 418 47
977 321 990 341 κ
1024 360 1295 417 EUSEBII
1329 360 1819 418 CESARIENSIS
1870 359 2020 417 OPP.
2062 359 2245 417 PARS
2282 361 2345 418 II.
2388 393 2458 405 —
2497 361 3001 421 APOLOGETICA.
3570 367 3649 424 48

384 481 710 548 reddiderit,
756 482 919 537 modo
968 482 1159 546 Deum,
1213 499 1277 537 ac
1315 483 1627 550 Dominum,
1672 485 1835 538 modo
1868 484 1964 538 Dei

2073 484 2179 554 μαξ
2217 483 2583 555 ἐστηριγμένη
2617 485 2674 537 ἐν
2701 487 2766 556 τῇ
2815 487 2908 555 γῇ,
2940 480 3009 557 ἧς
3040 484 3072 554 ἡ
3120 482 3330 555 κεφαλὴ
3377 487 3659 552 ἀφικνεῖτο

386 576 643 645 angelum
688 576 920 645 appellet
960 595 972 629 :
1019 577 1097 630 sic
1134 576 1369 644 oquidem
1422 578 1585 646 plane
1639 577 1961 641 declarans,

387 683 500 722 non
541 669 686 722 hunc
716 668 886 724 fuisse
936 668 1114 738 ipsum
1153 668 1395 734 Patrem,
1439 670 1535 725 sed
1580 669 1702 739 ejus
1746 668 1962 735 Filium,

388 761 482 831 qui
536 761 678 815 idem
735 768 789 816 et
835 759 978 816 Deus
1039 777 1103 817 ac
1160 762 1424 818 Dominus
1477 762 1778 817 amicorum
1837 761 1961 827 Dei,

387 859 442 905 et
513 852 756 921 supremi
834 850 1014 907 Patris
1085 853 1325 924 Angelus
1402 853 1510 908 dici
1581 852 1962 910 consueverit.

392 945 491 1014 ιι
524 944 666 999 Dicit
689 946 856 1015 igitur
890 947 975 1001 his
1001 945 1114 1001 fere
1146 948 1327 1002 verbis
1357 966 1370 1002 :
1408 966 1430 999 ι
1468 946 1532 1002 Et
1558 947 1837 1017 profectus
1874 954 1967 1003 est

384 1034 555 1091 Jacob
581 1036 635 1089 in
663 1035 902 1102 Charan,
928 1038 1186 1109 venitque
1212 1038 1267 1092 in
1300 1038 1502 1103 locum,
1535 1048 1589 1094 et
1628 1040 1886 1094 dormivit
1911 1041 1965 1094 in

384 1140 452 1180 eo
482 1144 495 1179 :
527 1127 806 1182 occiderat
835 1129 978 1183 enim
1013 1130 1126 1193 sol,
1160 1137 1214 1184 et
1245 1132 1455 1200 accepit
1491 1131 1699 1201 lapides
1729 1132 1797 1185 de
1819 1132 1961 1195 loco,

384 1226 439 1270 et
471 1219 760 1287 supposuit
783 1219 948 1290 capiti
983 1235 1115 1283 suo,
1160 1228 1214 1273 et
1252 1219 1506 1274 dormivit
1534 1222 1590 1274 in
1622 1221 1742 1275 loco
1775 1222 1886 1287 illo,
1912 1230 1967 1278 et

385 1311 717 1365 somniavit:
752 1322 805 1367 et
833 1328 960 1368 ecce
992 1314 1138 1368 scala
1175 1313 1276 1367 lixa
1302 1313 1474 1377 humi,
1509 1313 1666 1384 cujus
1694 1323 1859 1386 caput
1883 1324 1966 1369 at-

384 1401 627 1471 tingebat
670 1403 890 1468 caalum,
918 1413 973 1458 et
1017 1405 1192 1475 angeli
1227 1405 1321 1460 Dei
1356 1406 1724 1462 ascendebant
1770 1422 1834 1461 ac
1871 1407 1966 1463 de-

383 1495 718 1551 scendebant
755 1512 853 1567 per
896 1499 1067 1564 illam,
1096 1507 1152 1554 et
1186 1499 1450 1556 Dominus
1480 1501 1701 1556 innixus
1729 1507 1845 1556 erat
1874 1501 1922 1556 ei
1947 1543 1962 1567 ,

379 1595 436 1644 et
464 1587 602 1643 dixit
632 1609 643 1644 :
678 1589 790 1661 Ego
813 1591 1076 1648 Dominus
1108 1591 1249 1649 Deus
1278 1594 1551 1649 Abraham
1583 1595 1751 1665 patris
1779 1595 1880 1657 tui,
1910 1601 1965 1649 et

381 1680 526 1738 Deus
556 1682 726 1747 Isaac,
773 1687 885 1740 noli
922 1688 1113 1743 timere
1140 1728 1154 1751 ,
1207 1696 1413 1742 terram
1467 1688 1610 1743 hanc
1666 1689 1721 1742 in
1765 1704 1871 1759 qua
1902 1699 1962 1743 tu

380 1773 625 1839 dormis,
688 1778 785 1831 tibi
839 1777 981 1832 dabo
1032 1785 1087 1833 et
1140 1778 1335 1834 semini
1394 1789 1525 1834 tuo:
1559 1787 1613 1834 et
1643 1781 1746 1834 erit
1775 1795 1961 1835 semen

379 1878 559 1934 tuum,
586 1877 647 1923 ut
673 1886 839 1924 arena
866 1881 1028 1926 terra!
1054 1871 1123 1929 ⁸⁸.
1164 1890 1183 1923 ι
1214 1870 1425 1946 Quibus
1473 1873 1734 1943 deinceps
1766 1874 1962 1944 adjun-

381 1963 460 2029 git
486 1978 499 2013 :
540 1979 558 2009 ι
602 1959 669 2013 Ει
703 1962 942 2015 surrexit
971 1959 1142 2015 Jacob
1173 1976 1352 2025 mane,
1382 1968 1437 2015 et
1468 1963 1675 2031 accepit
1706 1963 1963 2032 lapidem,

382 2067 544 2121 quem
577 2061 937 2122 supposuerat
971 2053 1133 2123 capiti
1166 2068 1288 2116 suo,
1323 2061 1379 2109 et
1413 2055 1587 2109 erexit
1619 2054 1771 2107 illum
1808 2053 1864 2108 in
1897 2054 1967 2106 ti-

380 2145 556 2198 tulum
576 2143 643 2200 ⁸⁷.
674 2163 692 2195 ι
724 2145 982 2200 Oratione
1010 2145 1206 2201 deinde
1225 2161 1570 2217 progressus,
1591 2146 1738 2201 hunc
1763 2147 1963 2216 ipsum,

381 2235 475 2305 qui
508 2234 585 2289 illi
618 2250 677 2291 se
700 2236 1033 2303 ostenderat,
1065 2235 1235 2292 Deum
1266 2252 1330 2291 ac
1366 2236 1687 2300 Dominum,
1724 2236 1819 2293 Dei
1865 2253 1965 2291 an-

380 2329 563 2398 gelum
614 2330 883 2384 nominat.
932 2328 1204 2400 Loquitur
1231 2347 1361 2403 ergo
1414 2330 1611 2399 Jacob;
1667 2351 1686 2384 r
1742 2340 1798 2387 et
1829 2334 1967 2389 dixit

380 2423 515 2477 mihi
545 2421 784 2493 Angelus
839 2421 934 2478 Dei
970 2423 1027 2476 in
1078 2424 1321 2480 somnis:
1356 2423 1569 2481 Jacob:
1618 2424 1730 2500 Ego
1784 2436 1965 2482 autem

380 2514 517 2577 dixi,
548 2514 690 2581 Quid
723 2521 808 2570 est
840 2515 923 2568 '3?
962 2535 980 2567 ι
1017 2514 1096 2569 Ac
1152 2515 1412 2586 deinceps
1443 2536 1456 2571 :
1499 2536 1518 2567 ι
1568 2515 1726 2581 Vidi,
1763 2517 1963 2587 inquit,

381 2608 566 2661 omnia
598 2622 941 2678 qumcunque
969 2607 1097 2662 fecit
1125 2607 1332 2663 Laban.
1380 2609 1493 2679 Ego
1520 2625 1640 2663 sum
1680 2610 1841 2674 Deus,
1871 2611 1965 2680 qui

381 2699 536 2756 visus
561 2715 681 2754 sum
705 2700 802 2754 tibi
834 2700 888 2754 in
918 2700 1040 2754 loco
1059 2699 1177 2762 Dei,
1198 2701 1289 2753 ubi
1321 2703 1525 2756 unxisti
1554 2701 1685 2756 mihi
1708 2703 1964 2773 lapidem,

378 2802 677 2862 votumque
712 2792 907 2848 vovisti
956 2793 1021 2845 ⁸⁸.
1061 2811 1079 2843 ι
1123 2791 1223 2847 Hic
1256 2809 1389 2848 sane
1437 2794 1615 2857 idem,
1656 2797 1751 2865 qui
1800 2798 1964 2851 etiam

377 2885 609 2940 Abrahae
638 2886 789 2941 visus
818 2893 922 2948 est,
960 2884 1104 2942 Deus
1132 2901 1195 2939 ac
1231 2885 1493 2941 Dominus
1529 2889 1854 2957 appellatur,
1873 2890 1965 2958 qui

378 2994 477 3047 per
513 2979 792 3051 mysteria,
826 2978 1100 3033 hominem
1131 2977 1225 3033 Dei
1255 2979 1510 3045 amicum,
1547 2980 1632 3035 sui
1674 2982 1845 3051 patris
1874 2981 1965 3051 jus

377 3079 434 3125 et
468 3077 791 3141 potestatem
816 3069 1009 3135 docet,
1055 3085 1119 3124 ac
1149 3071 1410 3124 nonnulla
1440 3071 1656 3126 interim
1690 3075 1848 3142 quasi
1900 3072 1967 3128 de

380 3165 488 3218 alio
514 3165 751 3234 quodam
781 3163 968 3230 refert,
986 3180 1107 3235 quae
1140 3181 1273 3221 sane
1302 3180 1404 3221 nos
1434 3181 1535 3221 suo
1565 3165 1688 3219 loco
1712 3166 1965 3222 conside-

379 3255 647 3310 rabimus.
705 3255 849 3322 Quin
894 3258 1056 3311 etiam
1096 3272 1256 3321 eum,
1310 3258 1403 3328 qui
1458 3265 1571 3312 tum
1604 3258 1824 3313 demum
1858 3258 1963 3328 ipsi

377 3345 502 3412 Job,
534 3356 658 3418 post
710 3348 845 3403 satis
895 3348 1109 3416 longam
1150 3350 1599 3405 exercitationem
1644 3351 1960 3420 respondit,

379 3441 547 3494 alium
578 3448 775 3511 praeter
801 3442 946 3495 hunc
977 3441 1163 3498 dicere
1184 3442 1360 3500 nefas.
1386 3443 1523 3497 Nam
1555 3445 1649 3514 qui
1684 3451 1863 3507 antea,
1896 3444 1965 3500 de

378 3534 619 3598 turbine,
647 3543 702 3588 et
747 3533 986 3588 nubibus
1032 3534 1111 3587 illi
1157 3550 1216 3589 se
1249 3534 1594 3597 ostenderat,
1632 3534 1802 3589 Deum
1839 3535 1964 3588 uni-

378 3624 524 3681 versi
553 3640 610 3680 se
653 3639 775 3680 esse
816 3624 1113 3679 indicabat.
1170 3624 1345 3679 Porro
1377 3632 1558 3680 autem
1594 3640 1920 3695 progressus
1944 3662 1961 3687 ,

378 3718 452 3773 ita
484 3719 722 3789 seipsum
752 3720 961 3789 praebet
1000 3719 1316 3785 videndum,
1346 3727 1405 3773 ut
1454 3719 1573 3788 ipse
1600 3716 1704 3772 Job
1734 3726 1848 3771 tum
1880 3716 1964 3769 di-

379 3820 469 3866 cat
499 3831 515 3868 :
555 3834 573 3865 ι
620 3813 761 3868 Audi
792 3830 899 3878 me,
932 3813 1182 3877 Domine,
1213 3821 1275 3867 ut
1306 3814 1467 3868 etiam
1483 3828 1582 3884 ego
1615 3812 1826 3882 loquar.
1860 3808 1964 3864 So-

378 3906 555 3961 nitum
585 3906 804 3975 quidem
840 3907 992 3960 vocis
1033 3914 1143 3961 tuae
1174 3907 1357 3960 audivi
1388 3905 1562 3976 prius,
1598 3921 1745 3959 nunc
1779 3914 1961 3958 autem

378 3998 573 4054 oculus
602 4013 757 4054 meus
785 3997 923 4053 vidit
977 4006 1032 4053 te
1058 3999 1126 4053 5°.
1183 4017 1202 4049 ι
1241 3996 1399 4065 Quod
1444 3999 1491 4054 si
1541 3997 1656 4053 fieri
1696 4014 1803 4052 non
1866 4014 1965 4067 po-

378 4098 506 4156 test,
541 4099 602 4145 ut
634 4090 937 4147 altissimus
983 4089 1127 4147 Deus
1170 4092 1459 4147 invisibilis
1492 4098 1547 4146 et
1578 4091 1877 4162 ingenitus,
1909 4099 1964 4146 et

376 4198 476 4241 rex
506 4185 751 4241 universi
777 4200 809 4240 a
841 4186 1057 4240 mortali
1092 4194 1288 4240 natura
1333 4193 1592 4242 cernatur
1613 4226 1628 4251 ,
1687 4186 1810 4256 quis
1836 4191 1964 4238 tan-

379 4275 502 4332 dem
528 4277 639 4345 bic,
680 4278 773 4348 qui
801 4278 884 4334 sic
906 4279 1069 4350 visus
1100 4287 1204 4343 est,
1239 4280 1379 4334 alius
1402 4278 1566 4334 fuerit
1591 4318 1606 4342 ,
1643 4286 1841 4349 praeter
1867 4277 1962 4332 Dei

379 4366 642 4434 Verbum,
675 4367 820 4438 quod
856 4368 1100 4438 seipsum
1133 4367 1202 4421 ad
1247 4377 1462 4437 tempus
1497 4367 1564 4421 de
1591 4366 1812 4437 propria
1842 4379 1963 4418 ma-

378 4459 665 4530 gnitudine
695 4459 1000 4523 demiserit,
1037 4466 1096 4513 ut
1123 4459 1251 4513 alibi
1279 4474 1497 4528 quoque
1529 4459 1822 4513 dicendum
1844 4458 1961 4512 est?

2070 580 2150 641 είς
2181 577 2273 629 τὸν
2302 579 2549 648 οὐρανὸν,
2586 579 2681 631 καὶ
2711 578 2760 629 οἱ
2790 578 3009 646 ἄγγελοι
3053 577 3148 630 τοῦ
3181 576 3317 630 Θεοῦ
3369 579 3657 632 ἀνέϐαινον

2069 671 2162 724 καὶ
2194 672 2514 724 κατέϐαινον
2548 671 2634 722 ἐπ’
2661 671 2850 742 αὐτήν.
2891 671 2947 723 Ὁ
2977 670 3035 722 δέ
3060 669 3265 742 Κύριος
3288 672 3659 743 ἐπεστήρικτο

2069 762 2154 816 ἐπ’
2198 763 2388 832 αὐτῆς,
2419 762 2514 815 καὶ
2547 758 2696 815 εἶπεν
2716 779 2730 792 ο
2772 760 2914 831 Ἐγὼ
2939 762 3142 833 Κύριος
3176 764 3205 815 6
3228 762 3361 827 Θεὸς
3407 752 3659 835 ’Ᾱϐραάμ

2068 853 2162 907 τοῦ
2194 854 2398 926 πατρός
2428 871 2544 917 σου,
2586 855 2679 908 καὶ
2723 855 2752 906 6
2795 854 2926 917 Θεὸς
2971 856 3156 909 Ἰσαάκ
3182 873 3196 887 ο
3251 857 3327 929 μὴ
3378 857 3567 925 φοϐοῦ,
3620 861 3657 930 ἡ

2069 946 2140 1015 γῆ
2200 946 2284 1015 ἐφ’
2313 940 2379 1017 ἧς
2412 947 2475 999 σὺ
2501 946 2781 1010 καθεύδεις
2814 946 2900 999 ἐπ’
2940 948 3134 1019 αὐτῆς,
3175 949 3256 1001 σοὶ
3293 948 3448 1002 δώσω
3484 948 3659 1022 αὐτὴν

2070 1039 2164 1091 καὶ
2189 1039 2267 1109 τῷ
2299 1038 2572 1110 σπέρματί
2607 1056 2732 1092 σου·
2759 1041 2853 1093 καὶ
2889 1038 3041 1093 ἐσται
3066 1041 3125 1093 τὸ
3164 1041 3384 1113 σπέρμα
3440 1058 3533 1095 σου
3575 1041 3659 1105 ὡς

2067 1135 2100 1204 ή
2138 1133 2320 1204 ἄμμος
2344 1133 2441 1204 τῆς
2469 1133 2571 1203 γῆς
2599 1150 2611 1163 ·
2650 1152 2668 1183 ι
2696 1126 2777 1196 οἷς
2811 1131 2938 1203 ἐξῆς
2968 1132 3211 1201 ἐπιλέγει
3234 1150 3249 1166 ο
3284 1152 3303 1183 ι
3335 1134 3430 1187 καὶ
3454 1131 3657 1203 ἀνέστη

2082 1224 2272 1278 Ἰακὼϐ
2318 1225 2380 1278 τὸ
2428 1224 2593 1295 πρωῒ,
2641 1226 2733 1278 καὶ
2777 1223 2935 1277 ἔλαϐε
2982 1224 3073 1276 τὸν
3111 1223 3258 1276 λίθον
3302 1223 3360 1276 ὃν
3409 1223 3657 1295 ὑπέθηκε

2069 1318 2204 1389 πρὸς
2238 1315 2480 1387 κεφαλῆς
2526 1315 2713 1379 αὐτοῦ,
2747 1314 2841 1368 καὶ
2887 1313 3114 1384 ἔστησεν
3167 1314 3329 1366 αὑτὸν
3376 1314 3594 1385 στήλην.
3627 1334 3651 1368 ι

2068 1407 2200 1463 Εἶτα
2249 1409 2393 1480 πρωῒ
2443 1408 2605 1461 αὐτὸν
2650 1407 2714 1477 δὴ
2768 1405 2955 1459 τοῦτον
3001 1405 3091 1458 τὸν
3131 1406 3461 1474 ἐπιφανέντα
3503 1405 3659 1477 αὐτῷ

2067 1501 2198 1554 Θεὸν
2227 1502 2321 1554 καὶ
2370 1499 2593 1570 Κύριον,
2623 1498 2852 1567 ἄγγελον
2880 1496 3133 1568 ὀνομάζει
3169 1496 3326 1552 Θεοῦ.
3365 1497 3501 1569 Φησὶ
3522 1498 3658 1566 γοῦν

2065 1597 2095 1647 6
2136 1593 2329 1647 Ἰακώϐ
2352 1610 2364 1623 ·
2400 1612 2422 1645 ι
2463 1595 2570 1647 Ka‘t
2600 1590 2721 1646 εἶπέ
2770 1610 2858 1663 μοι
2888 1594 2916 1646 ὁ
2946 1591 3175 1660 ἄγγελος
3217 1590 3310 1644 τοῦ
3367 1590 3501 1643 Θεοῦ
3530 1590 3658 1644 καθ’

2068 1684 2261 1737 ὕπνονο
2311 1683 2525 1738 Ἰακώϐ.
2568 1683 2708 1751 Ἐγὼ
2738 1679 2936 1743 δέιεῖπα
2961 1699 2975 1712 ·
3009 1682 3071 1734 Τί
3103 1683 3287 1743 ἐστιν;
3316 1700 3334 1731 ι
3367 1682 3478 1735 Καὶ
3504 1682 3656 1751 ἑξῆς,

2074 1796 2091 1827 ι
2133 1777 2403 1849 Ἑώρακα,
2439 1777 2595 1847 φησὶ,
2636 1776 2814 1829 πάντα
2837 1776 2937 1827 ὅσα
2971 1774 3155 1827 Λάϐαν
3197 1777 3341 1826 ποιεῖ
3374 1790 3475 1826 σοι.
3510 1772 3659 1841 Ἐγώ

2069 1871 2183 1941 είμι
2208 1871 2236 1923 ὁ
2260 1871 2391 1933 Θεὸς
2412 1873 2439 1923 6
2459 1870 2644 1939 ὀφθείς
2674 1886 2755 1922 σοι
2772 1871 2829 1921 ἐν
2861 1869 3014 1939 τόπῳ
3043 1866 3204 1932 Θεοῦ,
3228 1864 3288 1921 οὗ
3310 1866 3536 1940 ἤλειψάς
3562 1884 3656 1937 μοι

2069 1964 2187 2015 ἐκεῖ
2218 1963 2439 2034 στήλην,
2469 1964 2565 2017 καὶ
2598 1962 2748 2034 ηῦξω
2781 1979 2871 2033 μοι
2916 1964 3033 2014 ἐκεῖ
3061 1962 3248 2032 εὐχήν.
3280 1981 3298 2011 ι
3343 1964 3401 2014 '0
3422 1960 3465 2012 δ’
3490 1960 3657 2023 αὐτὸς

2068 2047 2242 2119 οὗτος,
2284 2054 2490 2126 καὶτῷ
2534 2055 2785 2126 Ἀϐραὰμ
2825 2054 3189 2126 παραφανεὶς,
3225 2051 3359 2116 Θεὸς
3402 2053 3495 2105 καὶ
3541 2051 3658 2105 Κύ-

2072 2166 2184 2221 ριος
2217 2149 2596 2220 ἀνηγόρευται,
2638 2148 3014 2219 μυσταγωγῶν
3038 2148 3127 2200 τὸν
3160 2147 3379 2217 θεοφιλῆ
3406 2147 3499 2209 τὰς
3524 2147 3658 2215 περὶ

2068 2241 2162 2294 τοῦ
2197 2240 2401 2311 πατρὸς
2431 2240 2736 2305 αὐθεντίας,
2758 2241 2856 2294 καί
2878 2258 3001 2293 τινα
3029 2241 3104 2304 ὼς
3143 2242 3271 2311 περὶ
3303 2239 3488 2311 ἐτέρου
3516 2240 3656 2292 Θεοῦ

2067 2335 2354 2398 διδάσκων,
2390 2334 2425 2388 ἃ
2460 2335 2556 2388 καὶ
2600 2334 2743 2387 κατά
2785 2333 2976 2404 καιρὸν
3019 2332 3449 2403 ἐπισκεψόμεθα.
3494 2331 3659 2386 Ἀλλά

2068 2430 2162 2483 καὶ
2190 2429 2266 2499 τῷ
2305 2427 2421 2480 Ἰὼϐ
2446 2427 2634 2481 οὐδένα
2661 2428 2694 2499 ἢ
2729 2426 2916 2480 τοῦτον
2948 2422 3087 2479 εἶναι
3118 2426 3209 2479 τὸν
3233 2423 3659 2497 χρηματίσαντα

2072 2521 2210 2592 μετά
2237 2521 2335 2592 τὴν
2383 2519 2630 2592 αὐτάρκη
2659 2518 3076 2590 διαγυμνασίαν,
3104 2519 3163 2572 οῦ
3209 2518 3427 2589 θεμιτὸν
3458 2519 3656 2571 εἰπεῖν.

2068 2615 2342 2686 Πρότερον
2370 2613 2469 2685 μὲν
2502 2614 2610 2685 γὰρ
2642 2613 2730 2667 διά
2759 2612 3020 2676 λαίλαπος
3047 2613 3141 2665 καὶ
3168 2611 3345 2680 νεφῶν
3368 2612 3661 2680 ἐπιφανεὶς

2069 2706 2242 2778 αὐτῷ,
2269 2707 2359 2760 τὸν
2402 2706 2539 2759 ὅλων
2567 2706 2700 2759 Θεὸν
2733 2706 2923 2759 ἐαυτὸν
2963 2705 3092 2759 ὄντα
3124 2706 3363 2776 παρίστη
3388 2720 3403 2735 ο
3451 2703 3659 2773 προῖὼν

2067 2799 2122 2852 δέ
2167 2799 2295 2867 ἑξῆς
2337 2798 2527 2851 ἐαυτὸν
2576 2797 2931 2859 ἐπιδείκνυσι,
2976 2796 3118 2849 ὥστε
3156 2796 3322 2864 φάναι
3356 2794 3446 2847 τὸν
3489 2794 3610 2847 Ἰὼϐ
3640 2811 3655 2823 ³

2073 2908 2092 2941 σ
2133 2891 2397 2943 ’Ἄκουσον
2429 2889 2485 2943 δέ
2510 2907 2632 2960 μου,
2664 2889 2858 2961 Κύριε,
2893 2889 2981 2943 ἵνα
3009 2887 3165 2957 κάγὼ
3189 2888 3424 2959 λαλήσω.
3463 2887 3661 2959 Ἀκοὴν

2072 2984 2168 3054 μὲν
2193 2982 2377 3053 φωνῆς
2410 2982 2605 3052 ἤκουόν
2636 3000 2729 3034 σου
2759 2984 2821 3034 τὸ
2857 2982 3139 3052 πρότερον,
3167 2983 3283 3034 νυνὶ
3313 2982 3370 3034 δὲ
3398 2982 3426 3033 6
3457 2980 3662 3049 ὀφθαλ-

2072 3075 2172 3145 μός
2204 3092 2305 3145 μου
2340 3072 2551 3144 ἑώρακέ
2589 3091 2666 3127 σε.
2701 3092 2718 3126 ›
2750 3075 2811 3127 Ei
2845 3074 2901 3126 δέ
2937 3073 3011 3143 μὴ
3041 3071 3149 3126 οἷόν
3180 3090 3239 3126 τε
3275 3071 3366 3125 τὸν
3398 3072 3663 3126 ἐπέκεινα

1992 3185 2037 3248 C
2068 3168 2221 3232 Θεὸν,
2263 3168 2354 3220 τὸν
2403 3166 2635 3239 ἀόρατον
2666 3165 2760 3218 καὶ
2802 3164 3114 3234 ἀγέννητον,
3166 3165 3259 3217 καὶ
3308 3162 3662 3234 παμϐασιλέα

2066 3260 2175 3314 τῶν
2205 3261 2368 3323 ὅλων,
2394 3260 2561 3331 θνητῇ
2600 3260 2765 3327 φάναι
2809 3258 3132 3330 θεωρεῖσθαι
3167 3258 3347 3327 φύσει,
3393 3258 3479 3320 τίς
3522 3255 3589 3310 ἂν
3630 3260 3661 3310 ὀ

2065 3354 2392 3425 δηλοῦμενος
2437 3353 2523 3422 εἴη
2554 3353 2694 3423 πλὴν
2725 3351 2821 3405 τοῦ
2856 3353 2989 3424 πρὸς
3036 3350 3195 3422 ἡμῶν
3238 3350 3383 3404 κατά
3427 3349 3519 3403 τὸν
3555 3366 3661 3403 πα-

2066 3448 2201 3518 τέρα
2271 3446 2761 3517 κυριολογουμένου
2822 3445 2959 3498 Θεοῦ
3011 3447 3225 3514 Λόγους
3289 3445 3400 3497 Καὶ
3452 3445 3507 3497 τί
3576 3442 3662 3495 δεῖ

2069 3540 2290 3594 πλείονα
2334 3542 2461 3612 περὶ
2506 3540 2694 3592 τούτου
2731 3541 3076 3607 συναγαγεῖν,
3109 3536 3284 3608 παρὸν
3331 3537 3397 3588 ἐκ
3426 3534 3534 3587 τῶν
3579 3536 3659 3586 ἱε-

2070 3633 2181 3704 ρῶν
2216 3631 2412 3702 βίϐλων
2460 3632 2560 3695 τὰς
2602 3631 2807 3684 τούτων
2850 3631 3138 3693 συστάσεις
3179 3628 3513 3700 λαμϐάνειν;
3561 3626 3660 3689 Ἀς

2067 3726 2162 3779 καὶ
2196 3725 2349 3777 αὐτοὶ¹
2389 3724 2530 3777 κατὰ
2552 3724 2656 3795 ,τὴν
2704 3725 3069 3795 προκειμένην
3102 3722 3355 3774 ὑπόθεσιν
3402 3719 3495 3772 ἐπὶ
3532 3736 3660 3791 σχο-

2067 3818 2165 3889 λῆς
2189 3817 2582 3889 ἀναλεξόμεθα,
2616 3821 2696 3882 εἰς
2725 3816 2996 3881 ἀπόδειξιν
3026 3815 3120 3869 τοῦ
3151 3815 3283 3886 μηδὲ
3310 3814 3467 3867 ἄλλον
3499 3812 3533 3884 ἢ
3567 3813 3661 3866 τὸν

2066 3909 2159 3963 τοῦ
2183 3910 2318 3963 Θεοῦ
2345 3910 2515 3979 Λόγον
2542 3907 2679 3963 εἶναι
2713 3910 2803 3963 τὸν
2827 3912 2939 3972 τοῖς
2969 3907 3238 3977 θεοφιλέσι
3281 3904 3661 3977 προπάτορσιν

2067 4001 2398 4073 ἑωραμένον.
2435 4002 2644 4056 Οὐκοῦν
2675 4001 2813 4073 μετά
2840 4001 2938 4072 τὴν
2980 3998 3226 4072 περὶτοῦ
3257 3999 3363 4051 τῶν
3396 3997 3531 4051 ὅλων
3564 3996 3663 4068 δη-

2071 4094 2334 4167 μιουργοῦ
2363 4095 2634 4167 διάληψιν,
2680 4094 2775 4148 καὶ
2798 4094 2866 4148 τὰ
2900 4094 3026 4165 περὶ
3058 4092 3150 4145 τοῦ
3187 4089 3425 4162 Χριστοῦ
3463 4087 3660 4153 κοινῶς

2064 4189 2197 4258 ἡμῖν
2229 4206 2289 4241 τε
2322 4188 2592 4251 κάκείνοις
2620 4186 2999 4258 παραδέδοται.
3035 4184 3226 4237 Ἔνθεν
3255 4185 3351 4237 καὶ
3386 4180 3659 4252 Χριστοῦς

2066 4279 2265 4342 αὐτοὺς
2315 4278 2379 4348 δὴ
2455 4278 2701 4340 ἐκείνους
2745 4278 2871 4340 τοὺς
2919 4275 3026 4347 πρὸ
3072 4273 3313 4335 Μωσέως
3367 4270 3657 4339 θεοφιλεῖς,

2066 4369 2351 4440 ὡσπεροῦν
2410 4370 2560 4439 ἡμᾶς
2600 4368 2981 4439 Χριστιανοὺς,
3032 4364 3214 4436 εὕροις
3274 4363 3341 4416 ἂν
3379 4360 3658 4431 κεκλημέ-

2066 4478 2213 4524 νους.
2246 4460 2355 4513 Καὶ
2382 4459 2541 4513 τοῦτο
2580 4459 2636 4512 δὲ
2679 4457 3006 4521 ἐπάκουσον,
3045 4456 3120 4519 ὥς
3154 4471 3287 4525 φησι
3316 4453 3443 4524 περὶ
3476 4450 3660 4505 αὐτῶν

378 4549 646 4606 Caeterum
675 4551 805 4621 quid
848 4552 1004 4620 plura
1048 4551 1116 4604 de
1144 4550 1333 4605 eadem
1377 4564 1436 4604 re
1481 4549 1536 4602 in
1587 4548 1733 4601 hunc
1782 4548 1963 4602 locum

2069 4553 2125 4605 ἐν
2149 4551 2396 4623 Ψαλμοῖς
2422 4551 2481 4603 τὸ
2503 4551 2684 4619 λόγιον
2711 4567 2722 4578 ·
2758 4569 2777 4600 ι
2822 4550 2910 4601 Ἑν
2940 4547 3016 4619 τῷ
3048 4543 3186 4600 εἶναι
3213 4546 3408 4607 αὐτοὺς
3433 4542 3660 4615 ἀριθμῷ

378 4654 673 4712 congerere
700 4656 839 4711 opus
864 4650 966 4704 est,
992 4655 1116 4694 cum
1148 4640 1340 4694 harum
1386 4653 1567 4694 rerum
1596 4637 1969 4692 conﬁrmatio-

380 4746 482 4787 nes
514 4747 545 4787 e
574 4733 748 4788 sacris
773 4733 930 4788 libris
963 4733 1210 4803 accipere
1239 4730 1381 4785 haud
1409 4729 1626 4784 diﬁicile
1677 4731 1791 4785 sit?
1818 4728 1967 4796 Quas

382 4823 572 4892 utique
602 4823 769 4880 etiam
814 4839 916 4879 nos
965 4826 1020 4879 in
1051 4824 1278 4878 materia
1322 4823 1604 4893 proposita
1650 4837 1751 4892 per
1795 4822 1966 4876 otium

382 4915 664 4970 collecturi
721 4932 955 4980 sumus,
1013 4925 1075 4971 ut
1132 4916 1486 4972 ostendamus
1536 4916 1745 4970 nullum
1802 4916 1967 4969 alium

384 5006 557 5062 fuisse
586 5008 693 5064 nisi
723 5009 815 5063 Dei
837 5008 1103 5076 Verbum,
1131 5011 1223 5081 qui
1257 5011 1324 5065 ab
1369 5007 1609 5078 antiquis
1640 5007 1735 5063 Dei
1770 5007 1962 5062 amicis

386 5097 640 5165 patribus
667 5109 753 5153 est
780 5100 953 5155 visus.
981 5100 1168 5171 Itaque
1190 5108 1314 5171 post
1358 5114 1543 5154 rerum
1574 5099 1819 5152 omnium
1843 5096 1962 5167 opi-

386 5187 506 5242 ﬁcis
537 5204 755 5253 nomen,
795 5191 896 5259 12
931 5190 1093 5244 ctiam
1127 5207 1191 5246 ea
1224 5206 1345 5261 quae
1374 5190 1440 5244 ad
1466 5189 1746 5245 Christum
1794 5188 1969 5258 perti-

386 5290 538 5345 nent,
562 5297 715 5352 aeque
737 5285 918 5349 nobis,
944 5292 1107 5354 atque
1152 5284 1261 5339 illis
1281 5326 1295 5349 ,
1337 5283 1725 5353 communique
1749 5282 1965 5336 ratione

387 5374 605 5445 prodita
643 5383 792 5431 sunt.
847 5375 1019 5443 Quam
1052 5378 1124 5434 ob
1150 5393 1264 5434 rem
1308 5377 1547 5433 christos
1603 5391 1819 5447 quoque
1871 5390 1966 5430 eos

2072 4642 2312 4716 βραχεῖς,
2347 4642 2656 4711 ὀλιγοστοῦς
2679 4641 2774 4695 καὶ
2803 4639 3098 4711 παροίκους
3124 4641 3181 4691 ἐν
3205 4638 3363 4708 αὐτῇ,
3392 4636 3486 4689 καὶ
3516 4634 3661 4703 διῆλ-

2071 4730 2164 4782 θον
2195 4730 2253 4796 se
2298 4729 2484 4794 ἔθνους
2512 4732 2591 4793 εἰς
2634 4729 2806 4793 ἔθνος,
2844 4730 2939 4782 καὶ
2992 4729 3056 4780 ἐκ
3091 4726 3364 4796 βασιλείας
3413 4726 3494 4787 είς
3526 4723 3660 4777 λαὸν

2070 4821 2277 4893 ἓτερον,
2312 4821 2413 4875 οῦκ
2442 4821 2651 4891 ἀφῆκεν
2684 4821 2969 4892 ἄνθρωπον
3014 4819 3269 4891 ἀδικῆσαι
3302 4817 3520 4880 αὐτοὺς,
3562 4816 3660 4869 καὶ

2071 4913 2295 4983 ῆλεγξεν
2337 4912 2480 4984 ὑπὲρ
2512 4911 2692 4967 αὐτῶν
2733 4912 2994 4982 βασιλεῖς,
3026 4910 3198 4979 λέγων
3223 4926 3237 4938 '
3279 4908 3370 4980 Μὴ
3414 4908 3658 4961 ἅπτεσθε

2070 5004 2178 5058 τῶν
2206 5005 2455 5076 Χριστῶν
2485 5022 2606 5077 μου,
2639 5006 2733 5058 καὶ
2758 5007 2815 5057 ἐν
2847 5006 2959 5067 τοῖς
2985 4994 3304 5075 προφήταις
3322 5019 3421 5072 μου
3458 5002 3532 5072 μὴ
3562 5019 3660 5054 πο-

2070 5097 2386 5170 νηρεύεσθε.
2439 5117 2457 5149 ι
2506 5096 2689 5150 Ταῦτα
2717 5096 2824 5168 γάρ
2864 5096 2956 5149 ἐπὶ
2982 5096 3075 5149 τοῦ
3120 5095 3389 5166 Ἀϐραὰμ,
3436 5091 3657 5146 καὶτοῦ

2080 5190 2283 5253 Ἰσαὰκ,
2307 5192 2403 5246 καὶ
2431 5191 2521 5244 τοῦ
2556 5190 2752 5244 Ἰακὼϐ
2780 5190 3123 5263 ἀνειρῆσθαι,
3150 5191 3184 5261 ἡ
3204 5189 3351 5243 πᾶσα
3378 5186 3441 5240 σύ
3451 5204 3659 5258 μφασις

2071 5282 2166 5336 τοῦ
2199 5283 2358 5353 λόγου
2386 5284 2734 5355 παρίστησιν.
2770 5284 2929 5335 Ὥστε
2975 5283 3069 5336 καὶ
3119 5283 3220 5351 τῆς
3268 5279 3360 5333 τοῦ
3412 5277 3660 5351 Χριστοῦ

2070 5376 2441 5447 προσηγορίας
2461 5378 2594 5446 ή⁸μῖν
2623 5375 2822 5447 ὁμοίως
2854 5374 3190 5429 ἐκοινώνουν.

389 5470 540 5539 ipsos
583 5471 676 5541 qui
735 5479 862 5527 ante
914 5471 1115 5528 Mosen]
1171 5474 1332 5528 amici
1382 5474 1788 5543 familiaresque
1853 5464 1947 5525 Dei
1999 5470 2241 5536 fuerunt,
2299 5473 2443 5526 sicut
2466 5487 2565 5527 nos
2610 5472 2974 5537 Christianos,
3020 5471 3319 5542 appellatos
3367 5468 3653 5531 invenies,

388 5571 484 5626 sed
521 5571 668 5638 audi,
707 5587 910 5642 quaso,
943 5571 1071 5642 quid
1104 5570 1171 5626 de
1216 5572 1326 5626 illis
1355 5572 1637 5628 oraculum
1666 5571 1724 5624 in
1750 5567 1983 5625 Psalmis
2011 5567 2193 5623 dicat:
2235 5585 2255 5619 ι
2294 5569 2432 5623 Cum
2485 5579 2669 5623 essent
2722 5584 2952 5622 numero
2998 5567 3212 5633 breves,
3241 5561 3559 5635 paucissimi
3601 5569 3657 5614 et

389 5668 585 5725 incola:
620 5667 672 5721 in
706 5683 789 5734 ea,
817 5678 870 5721 et
905 5664 1243 5719 transierunt
1273 5664 1340 5718 de
1369 5671 1525 5735 gente
1568 5664 1624 5716 in
1652 5668 1890 5733 gentem,
1919 5665 1974 5712 et
2007 5659 2074 5713 de
2122 5674 2289 5729 regno
2336 5660 2393 5712 in
2450 5659 2711 5729 populum
2747 5659 3012 5724 alterum,
3057 5672 3169 5710 non
3221 5652 3430 5709 dimisit
3477 5651 3659 5707 homi-

466 5851 512 5882 "
554 5850 687 5907 Cen:
733 5866 926 5919 xxvm,
973 5850 1160 5905 lO-H.
1242 5848 1288 5880 "
1331 5847 1465 5904 Ibid.
1508 5847 1595 5903 18.
1675 5847 1720 5880 ⁸⁸
1760 5845 1893 5903 Gen.
1934 5864 2061 5903 xxxi
2090 5889 2102 5913 ,
2148 5848 2232 5902 il.

2313 5851 2357 5882 ⁵³
2399 5847 2531 5906 Ibid.
2579 5848 2667 5916 ιε,
2696 5845 2779 5900 15.
2861 5844 2903 5876 ⁸ο
2936 5841 3037 5898 Job
3099 5856 3232 5908 xm,
3270 5838 3324 5905 ὁ,
3367 5837 3421 5895 5.
