3842 6218
218 337 292 397 t9
542 332 545 335 '
1148 336 1813 395 DEMONSTRATIONIS
1850 316 2313 393 emnctum
2346 337 2474 395 LIB.
2516 338 2558 393 ι.
3411 330 3493 397 so'

205 470 332 514 nem
361 469 563 511 nocere
582 455 683 519 eis,
700 462 755 511 et
781 455 1048 526 increpuit
1064 471 1162 527 pro
1181 457 1289 513 illis
1318 472 1473 529 reges
1494 454 1684 511 dicens
1716 452 1926 510 :Nolite
1950 462 2171 525 tangere
2192 454 2441 511 christos
2459 471 2637 520 meos,
2674 463 2727 511 et
2744 458 2800 512 in
2832 457 3119 528 prophetis
3142 457 3282 513 meis
3314 457 3482 515 nolite

201 552 499 620 malignari
518 551 584 604 ⁶¹.
620 570 640 602 ι
678 550 804 606 Haec
828 567 960 607 sane
981 551 1050 607 de
1071 552 1370 616 Abraham,
1410 559 1465 607 et
1488 550 1659 615 lsaac,
1703 557 1758 605 et
1786 547 1955 604 Jacob
1979 548 2126 606 edita
2157 566 2280 606 esse
2313 551 2555 616 oracula,
2581 556 2691 605 tota
2718 551 3041 622 compositio
3064 559 3117 607 et
3140 550 3482 608 continuatio

202 644 475 699 orationis
496 642 757 699 ostendit.
779 643 1048 710 Quocirca
1069 644 1278 701 Christi
1308 660 1527 716 quoque
1555 642 1978 716 appellationem
1996 641 2282 698 nobiscum
2312 658 2669 698 communem.
2688 640 2892 712 pariter
2923 641 3182 698 habuere»

704 759 1108 813 ΚΕΦΑΛΛΙΟΝ
1144 761 1234 826 q'.
1818 762 1866 816 A

1818 762 1866 816 Α
2495 753 2725 810 CAPUT
2780 755 2867 812 Vl.

205 849 302 914 Τίς
326 852 363 902 ὁ
408 849 560 921 κατὰ
582 851 702 921 τὴν
732 850 963 917 Καινὴν
983 853 1284 918 Ammian
1313 849 1722 921 κατηγγελμέν-

1960 862 2157 921 umnam
2190 857 2366 921 circa,
2392 863 2521 921 quia
2553 849 2610 921 in
2642 846 2791 921 Novo
2846 848 3180 904 Testamento
3236 848 3477 905 omnibus

340 920 464 972 ὑπὸ
497 920 605 974 τοῦ
630 916 888 991 Χριστοῦ
912 916 1106 976 πᾶσιν
1129 916 1647 991 ἀνθρὼποις’βίοςῖ.
1770 916 1782 918 ἡ

2062 917 2360 973 hominibus
2394 916 2427 972 ὰ
2458 916 2668 973 Christo
2700 920 3012 973 denuntiata
3044 930 3144 984 est,
3176 921 3303 977 vita.

286 1010 447 1064 Ἀλλὰ
481 1013 575 1065 καὶ
621 1015 651 1065 ὀ
697 1013 818 1065 κατ’
849 1012 1048 1084 ἀρετὴν
1080 1012 1214 1082 βίος,
1261 1015 1295 1085 ἦ
1342 1031 1402 1066 τε
1449 1015 1589 1067 κατά
1639 1013 1792 1066 εὐσέ-

1967 1008 2073 1067 Sed
2096 1019 2150 1067 et
2181 1028 2245 1067 ea
2283 1027 2404 1082 quae
2447 1012 2706 1067 virtutem
2750 1020 2993 1068 sectatur
3020 1015 3144 1068 vitae
3193 1014 3363 1077 ratio,
3421 1020 3476 1069 et

196 1103 354 1158 σειαν
394 1104 661 1170 πολιτεία,
698 1105 885 1179 ὥσπερ
922 1109 1038 1170 τοῖς
1079 1106 1289 1161 ἔθνεσιν
1334 1108 1506 1162 ἅπασι
1550 1107 1640 1161 διὰ
1689 1124 1713 1159 τ

1959 1117 2017 1156 ιω
2044 1099 2298 1173 pietatem
2330 1106 2576 1175 amplexa
2617 1113 2701 1159 est
2738 1105 2915 1160 civilis
2964 1104 3237 1159 institutio
3259 1145 3275 1170 ,
3331 1106 3476 1160 sicut

194 1197 292 1250 τοῦ
340 1196 581 1270 Χριστοῦ
626 1197 910 1262 νουθεσίας
948 1199 1292 1270 κεκήρυκται
1338 1199 1464 1270 δίχα
1506 1200 1605 1269 τῆς
1649 1217 1711 1251 κα

1953 1206 2098 1261 isque
2157 1192 2324 1248 Musis
2381 1195 2814 1260 constitutione,
2879 1195 3133 1251 omnibus
3183 1196 3470 1266 gentibus,

191 1291 404 1345 Μωσέα
463 1292 750 1364 διαταγῆς,
780 1291 955 1356 οῦτως
977 1292 1203 1356 καὶτοῖς
1229 1293 1478 1356 παλαιοῖς
1508 1292 1708 1345 ἐκείνοι

1955 1283 2112 1338 iristo
2142 1286 2412 1340 monitore
2466 1286 2736 1355 patefacta
2790 1294 2909 1352 est,
2967 1289 3041 1341 ita
3092 1289 3250 1359 plane
3282 1287 3472 1343 eadem

191 1382 360 1446 αὐτὸς
404 1383 506 1453 τῆς
537 1382 822 1447 εὐσεϐείας
865 1382 1214 1455 κατωρθοῦτο
1259 1384 1480 1455 τρόπος.
1527 1384 1653 1437 αὕτ’
1696 1400 1708 1435 ι

1954 1376 2109 1431 etatis
2143 1392 2205 1432 ac
2229 1378 2508 1448 religionis
2538 1378 2682 1448 apud
2711 1379 2920 1449 priscos
2952 1379 3072 1435 illos
3097 1380 3471 1450 complebatur

192 1474 457 1546 σώματος
496 1476 680 1540 αὐτοῖς
722 1466 1043 1548 περιτομῆς’
1070 1475 1283 1546 ἔμελεν,
1332 1479 1415 1530 ὅτι
1461 1476 1582 1547 μηδ’
1631 1478 1709 1547 ήμ

1956 1467 2050 1521 tio.
2069 1466 2252 1538 Neque
2284 1470 2450 1540 igitur
2480 1479 2539 1524 ut
2559 1486 2762 1541 corpus
2789 1471 3268 1537 circnmciderent,
3295 1487 3472 1542 neque

188 1564 319 1617 οὕτε
348 1567 565 1637 ἀποχῆς
598 1566 709 1620 τῶν
753 1567 972 1620 τοιῶνδε
1006 1566 1160 1631 ζώων
1208 1566 1484 1639 βρώσεως,
1528 1568 1609 1621 ὅτι
1646 1585 1705 1636 μτ

1980 1562 2048 1615 ab
2078 1562 2294 1628 horum,
2331 1572 2424 1618 aut
2469 1564 2687 1619 illorum
2708 1566 3024 1621 animalium
3055 1568 3314 1623 carnibus
3342 1568 3471 1624 abs-

188 1659 347 1728 ἡμῖν.
391 1659 601 1712 Λύτίκα
630 1659 723 1711 τὸν
750 1659 1083 1730 Μελχισεδὲκ
1114 1662 1144 1713 6
1183 1660 1382 1731 Μωσῆς
1451 1661 1661 1730 εἰσάγει

1948 1664 2158 1719 :ierent,
2204 1656 2282 1710 illi
2328 1658 2637 1713 curabant:
2673 1659 2932 1728 quoniam
2976 1676 3045 1716 ne
3086 1676 3186 1716 nos
3225 1661 3465 1731 quidem.

191 1750 293 1821 ρέα
318 1748 417 1803 τοῦ
450 1749 587 1804 Θεοῦ
620 1750 867 1821 ὑψίστου,
896 1752 957 1806 οὐ
983 1752 1045 1806 τὸ
1092 1752 1252 1823 σῶμα
1295 1753 1708 1824 περιτετμημένι

1952 1746 2102 1802 enim
2160 1748 2411 1818 protinus
2468 1748 2829 1806 Melchisedec
2877 1751 3087 1807 inducit
3129 1752 3341 1818 Moses,
3379 1768 3469 1810 sa-

186 1845 250 1896 οὑ
291 1843 452 1916 μύρῳ
481 1843 780 1916 ξσκευαστῷ
828 1845 969 1900 κατὰ
1010 1846 1215 1899 Μωσέα
1265 1846 1651 1917 κεχρισμένον,

1954 1840 2164 1896 rdotem
2187 1839 2279 1895 Dei
2308 1841 2585 1908 altissimi,
2615 1843 2709 1913 qui
2742 1860 2918 1915 neque
2958 1858 3187 1914 corpore
3219 1855 3335 1901 erat
3364 1846 3469 1899 cir-

188 1935 467 1990 σὰϐδατον
524 1935 576 1989 τί
611 1939 729 1991 ποτ’
779 1937 926 1991 ἐστὶν
976 1938 1175 2003 εἰδότα,
1222 1939 1332 1993 οὐδ’
1374 1940 1510 2002 ὅλως
1566 1956 1619 1992 τι
1675 1958 1702 1993 τ

1951 1934 2203 1998 meisus,
2272 1950 2449 2004 neque
2523 1942 2802 2005 unguento
2866 1943 3185 2007 comparato
3234 1951 3302 1991 ex
3351 1938 3468 2008 lege

188 2029 330 2100 μετὰ
368 2028 545 2082 ταῦτα
585 2029 665 2100 τῷ
700 2032 863 2083 παντὶ
909 2031 1180 2084 Ἰουδαίων
1212 2031 1354 2085 ἔθνει
1412 2032 1504 2085 διὰ
1534 2032 1700 2086 Μωσέ

1949 2025 2054 2080 osis
2098 2024 2392 2091 delibutus,
2429 2042 2605 2096 neque
2642 2027 2773 2098 quid
2820 2027 3110 2091 sabbatum
3155 2036 3324 2091 esset,
3356 2029 3466 2083 ullo

184 2122 664 2196 παρηγγελμένων
692 2124 971 2187 ἐπαΐοντα,
999 2123 1258 2195 ἄντικρυς
1287 2125 1342 2177 δὲ
1384 2124 1525 2178 κατὰ
1552 2125 1612 2177 τὸ
1645 2127 1701 2198 Χη

1949 2119 2050 2173 odo
2101 2118 2352 2183 edoctus,
2387 2136 2564 2190 neque
2612 2128 2872 2189 praeterea
2904 2121 3205 2192 quidquam
3240 2122 3466 2176 omnino

184 2214 316 2267 στοῦ
350 2215 686 2284 Εὐαγγέλιω
720 2215 957 2285 βιοῦντα.
989 2216 1137 2287 Πλὴν
1166 2216 1279 2270 ἀλλ’
1310 2218 1460 2288 ὅμως
1491 2218 1641 2289 ἱερέα
1685 2236 1701 2270 οι

1950 2228 2109 2276 rum,
2162 2228 2282 2283 qua!
2331 2213 2598 2268 universa:
2648 2211 2961 2269 Judaeorum
3012 2216 3158 2285 genti
3197 2230 3294 2285 per
3351 2213 3466 2268 Mo-

182 2302 323 2358 Θεοῦ
377 2305 473 2359 τοῦ
521 2306 746 2375 ὑψίστου
794 2307 960 2379 φησιν
1004 2308 1169 2361 αὑτὸν
1215 2309 1244 2360 6
1309 2310 1516 2380 Μωσῆς
1561 2327 1699 2379 γεγοε

1949 2304 2301 2377 mdescripta
2364 2307 2741 2377 imperataque
2796 2315 2946 2372 sunt,
3004 2308 3311 2379 intelligens
3368 2315 3466 2365 aut

180 2412 295 2456 ναι,
337 2396 434 2449 καὶ
470 2395 563 2449 τοῦ
608 2396 860 2468 Ἀϐραὰμ
896 2397 1202 2468 κρείττονα.
1234 2400 1498 2470 Εἰσῆκται
1523 2400 1654 2469 γοῦν
1689 2420 1697 2435 ο

1951 2397 2108 2461 iens,
2183 2397 2280 2452 sed
2338 2399 2498 2469 plane
2543 2406 2601 2453 ut
2658 2398 2863 2455 Christi
2916 2398 3268 2470 Evangeliuin
3326 2416 3468 2470 prae-

193 2488 452 2560 Ἀϐραὰμ
493 2488 751 2557 εὐλογῶν.
799 2490 1053 2554 Τοιοῦτός
1095 2509 1178 2555 τις
1223 2487 1291 2563 ἦν
1340 2494 1436 2547 καὶ
1487 2492 1631 2556 Νῶε,
1681 2494 1710 2548 ἄ

1959 2489 2012 2542 ιὶι
2043 2527 2058 2553 ,
2105 2492 2319 2545 vivens.
2371 2489 2626 2545 Attamen
2676 2491 2857 2561 ipsum
2913 2490 3061 2547 hunc
3118 2491 3476 2553 sacerdotem.

180 2579 408 2650 θρωπος
434 2581 644 2644 δίκαιος
675 2583 731 2635 ἐν
776 2585 842 2654 τῇ
875 2584 1041 2654 γενεᾷ
1074 2583 1263 2646 αὐτοῦ,
1300 2584 1359 2637 ὃν
1390 2586 1483 2638 καὶ
1524 2584 1697 2657 ζώπυε

1947 2579 1977 2632 :i
2026 2579 2281 2634 altissimi
2329 2577 2536 2644 fuisse,
2594 2579 2736 2634 idem
2798 2580 2979 2637 Moses
3038 2580 3271 2636 alIirmat
3306 2621 3323 2646 ,
3381 2583 3464 2654 ips

181 2672 413 2744 σπέρμα
446 2672 527 2744 τῷ
552 2675 697 2743 γένει
734 2675 842 2729 τῶν
873 2673 1179 2748 ἀνθρώπων
1203 2677 1260 2729 ἐν
1284 2680 1351 2749 τῇ
1379 2677 1472 2731 τοῦ
1502 2679 1698 2732 κατακῖ

1945 2685 2052 2740 que
2114 2670 2391 2724 Abraham
2459 2672 2915 2742 praestantiorem.
3002 2671 3239 2728 Proinde
3299 2674 3460 2729 indu-

179 2763 323 2833 σμοῦ
354 2763 552 2835 φθορᾷ,
576 2765 793 2819 πάντων
816 2765 925 2818 τῶν
948 2767 1154 2837 ὲπὶγῆς
1175 2768 1379 2821 ἀπολλυ
1389 2771 1585 2839 μένων,
1617 2772 1645 2823 6
1668 2788 1696 2823 τ

1947 2772 2025 2816 :ur
2092 2767 2188 2833 qui
2238 2764 2514 2817 Abraham
2569 2764 2879 2819 benedicat.
2945 2762 3094 2820 Talis
3151 2765 3298 2820 enim
3350 2763 3464 2820 Noe

174 2856 319 2909 ὅλων
352 2856 489 2921 Θεὸς
528 2857 866 2925 διεφύλαξεν.
914 2859 1080 2912 Οὐδὲν
1124 2860 1258 2928 γοῦν
1302 2861 1423 2914 οὐδὲ
1467 2856 1624 2926 οὗτος
1664 2880 1691 2915 τ

1944 2854 2013 2921 it,
2071 2854 2236 2909 homo
2278 2856 2469 2911 aetatis.
2509 2871 2622 2912 suae
2655 2855 3040 2925 justissimus,
3097 2871 3261 2926 quem
3302 2856 3461 2926 quasi

189 2946 505 3001 Ἰουδαϊκῶν
536 2947 675 3002 ἐθῶν
709 2949 1094 3022 ἐπιστάμενος,
1117 2950 1241 3004 οὔτε
1275 2953 1334 3007 ὲν
1375 2957 1642 3027 περιτομῇ
1672 2972 1706 3007 ση

1946 2947 2178 3002 intillam
2228 2947 2485 3003 exstincti
2526 2950 2699 3019 ignis,
2739 2956 2795 3004 et
2845 2949 3002 3019 quasi
3049 2965 3237 3005 semen
3286 2948 3463 3019 quod-

182 3055 382 3108 ματος,
444 3037 559 3093 οὔτ’
590 3042 647 3093 ὲν
679 3044 792 3104 τοῖς
832 3041 1012 3107 ἄλλοις
1042 3043 1154 3107 τοῖς
1183 3044 1288 3097 ὑπὸ
1321 3045 1565 3110 Μωσέως
1594 3046 1699 3100 διααι

1940 3052 2002 3091 im
2049 3036 2274 3092 humani
2305 3037 2520 3109 generis
2544 3077 2558 3101 ,
2615 3038 2670 3092 in
2700 3040 2816 3109 ipsa
2855 3040 3047 3094 diluvii
3092 3041 3457 3110 grassatione,

172 3132 496 3202 ταγμένοις,
529 3134 681 3204 ὅμως
707 3134 936 3201 δίκαιος,
966 3137 1016 3190 εἰ
1041 3137 1133 3189 καί
1151 3155 1234 3201 τις
1265 3138 1446 3205 ἄλλος,
1476 3140 1689 3212 ἀνηγόρλ

1943 3129 1989 3200 3,
2006 3129 2074 3185 iis
2102 3129 2360 3186 omnibus
2391 3132 2732 3201 reparandis,
2769 3132 2862 3201 qui
2891 3133 2945 3186 in
2979 3140 3123 3187 terra
3154 3133 3460 3204 perierant,

173 3240 288 3278 ται,
332 3226 448 3278 Καὶ
491 3228 599 3298 πρό
649 3244 714 3295 γε
761 3228 953 3282 τούτου
1000 3231 1030 3284 6
1093 3230 1282 3301 Ἑνὼχ,
1326 3231 1386 3296 ὃς
1434 3234 1528 3286 καὶ
1554 3233 1690 3302 λέγε·

1941 3238 2022 3279 ius
2058 3224 2302 3279 universi
2337 3226 2707 3283 censervavit.
2751 3225 2852 3281 Hic
2883 3228 3048 3298 igitur
3077 3227 3330 3298 quamvis
3359 3242 3458 3285 e0-

172 3318 610 3389 εὐηρεστηκέναι
640 3319 717 3390 τῷ
764 3319 883 3392 Θεῷ
906 3360 921 3385 ,
969 3322 1066 3376 καὶ
1109 3324 1543 3395 μετατεθεῖσθαι,
1575 3326 1651 3390 ὡς

1939 3329 2021 3380 .m,
2055 3329 2176 3385 quae
2201 3315 2271 3369 ad
2303 3314 2566 3371 Judaicos
2597 3333 2779 3373 mores
2804 3326 3076 3388 spectant,
3106 3318 3241 3373 nihil
3266 3320 3456 3385 sciret,

169 3410 535 3484 εὑρίσκεσθαι
581 3411 747 3466 αὐτοῦ
797 3413 1046 3468 θάνατον.
1083 3415 1339 3480 Τοιοῦτος
1385 3417 1441 3470 δὲ
1482 3419 1577 3471 καὶ
1619 3413 1686 3473 ob

1943 3420 2056 3476 :que
2090 3406 2153 3462 in
2172 3406 2423 3477 corporis
2454 3407 2897 3473 circumcisione,
2927 3416 3021 3464 aut
3048 3409 3194 3477 aliis,
3226 3425 3346 3479 qua:
3369 3425 3460 3465 au-

167 3465 573 3571 γεγονὼςβῦτε
591 3507 749 3578 σῶμα
774 3465 1160 3580 πενρ-ιτέτμητο,
1185 3465 1499 3581 οὔτ’ἐτιτῆς
1516 3511 1616 3583 ('5‘)
1643 3515 1684 3567 Μ

1939 3465 2035 3553 ore
2064 3497 2214 3554 Mose
2237 3465 2537 3555 constituta
2568 3509 2715 3565 sunt,
2749 3500 3000 3572 degeret:
3034 3507 3217 3557 tamen
3247 3502 3456 3572 justus.

167 3595 316 3658 σέως
344 3596 537 3667 μετῄει
571 3598 916 3669 νομοθεσίας,
944 3601 1205 3672 ἄντικρυς
1244 3601 1302 3654 δὲ
1345 3604 1684 3673 Χριστιανικά

1956 3587 2081 3656 quis
2116 3604 2358 3659 unquam
2387 3589 2551 3657 alius,
2582 3597 2667 3649 est
2697 3591 3021 3662 appellatus.
3058 3591 3124 3645 Et
3152 3602 3279 3650 ante
3311 3594 3459 3652 hunc

165 3688 286 3740 ἀλλ’
334 3689 462 3759 ουχὶ
512 3691 824 3755 Ἰουδαϊκῶς
862 3690 1345 3765 ζῶν,ἀναπέιρηνε.
1384 3696 1496 3747 Καὶ
1528 3694 1682 3758 αὐτὸς

1944 3688 2139 3736 mterea
2178 3681 2399 3748 Enoch,
2442 3684 2536 3754 qui
2570 3691 2625 3739 et
2658 3682 2770 3739 Deo
2812 3684 3014 3740 dicitur
3058 3685 3363 3755 placuisse,
3405 3693 3461 3745 et

164 3780 195 3833 ό
251 3779 541 3852 Ἀϐραὰμ,
587 3783 727 3852 μετὰ
764 3785 891 3847 τοὺς
934 3786 1464 3857 προωνομασμένους
1507 3804 1681 3856 γεγονι

1936 3774 2179 3851 anslatus
2215 3792 2370 3842 esse,
2405 3786 2466 3831 ut
2496 3792 2772 3848 nusquam
2808 3793 2957 3833 mors
2989 3778 3138 3835 illius
3172 3785 3453 3851 appareat.

165 3874 263 3925 καὶ
304 3872 573 3946 νεώτερος
606 3877 740 3948 παρ’
792 3877 991 3941 αὐτοὺς
1028 3882 1143 3941 τοῖς
1186 3880 1425 3950 χρόνοις.
1457 3881 1682 3952 πρεσὸύ·

1957 3884 2044 3930 tur
2088 3871 2177 3924 hic
2216 3884 2434 3940 quoque
2471 3884 2598 3923 cum
2641 3869 2768 3925 talis
2818 3878 2997 3935 esset,
3042 3877 3225 3927 tamen
3277 3883 3474 3939 neque-

164 3965 223 4018 ῶ
242 3964 338 4018 διὰ
365 3966 466 4035 τὴν
500 3966 742 4038 ἠλικίαν,
773 3968 862 4023 διὰ
892 3972 1019 4033 τοὺς
1049 3970 1345 4042 μέλλοντας
1376 3971 1434 4038 ἐξ
1465 3973 1629 4026 αὑτοῦ
1662 3993 1681 4043 q

1953 3985 2074 4040 rpus
2118 3964 2504 4022 circumcisum
2553 3963 2823 4028 habebat,
2871 3979 3050 4035 neque
3092 3964 3389 4035 inlegihus
3421 3978 3470 4022 a.

163 4074 279 4119 ναι,
329 4055 519 4131 ὥσπερ
567 4058 689 4112 τινὰ
732 4061 1006 4131 σφραγῖδα
1047 4062 1148 4133 τὴν
1191 4063 1496 4135 περιτομὴν
1550 4064 1680 4135 πρῶι

1936 4081 2021 4121 ose
2066 4062 2259 4133 positis
2297 4062 2408 4115 ullo
2448 4059 2613 4115 modo
2644 4068 2895 4130 versatus
2928 4059 3136 4127 fuerat,
3173 4058 3269 4116 sed
3295 4059 3453 4117 Chri-

163 4148 433 4219 ὑπέμεινε
452 4147 550 4202 τοῦ
575 4148 850 4221 σώματος,
880 4150 1172 4223 γνώρισμα
1198 4154 1297 4225 τῆς
1325 4155 1493 4208 αὐτοῦ
1515 4155 1680 4225 διαδο)

1934 4158 2058 4211 iano
2091 4168 2322 4226 prorsus
2356 4167 2511 4208 more
2532 4194 2547 4220 ,
2573 4169 2684 4209 non
2711 4152 2940 4209 Judaico
2963 4151 3167 4208 vixisse
3196 4150 3451 4222 perhibe-

162 4242 277 4304 τοῖς
326 4240 387 4307 ἐξ
438 4240 606 4294 αὐτοῦ
649 4241 793 4295 κατὰ
846 4245 1024 4315 σάρκα
1063 4240 1473 4316 γενησομένοις
1501 4249 1655 4300 τουτὶ

1936 4266 1983 4304 r.
2035 4248 2182 4315 Quin
2222 4251 2386 4303 etiam
2421 4246 2541 4315 ipse
2568 4246 2843 4304 Abraham
2875 4254 3000 4316 post
3029 4261 3155 4310 eos,
3193 4243 3286 4313 qui
3315 4242 3449 4297 dicti

165 4333 398 4401 σημεῖον
434 4332 767 4404 παραδιδοὺς
814 4335 1034 4406 φέρειν⁸
1066 4337 1173 4408 πρὸ
1220 4336 1279 4390 δέ
1325 4354 1389 4405 γε
1435 4338 1535 4409 τῆς
1580 4355 1682 4392 παιι

1939 4350 2036 4407 nt,
2084 4351 2284 4407 natus,
2333 4350 2387 4396 et
2433 4341 2542 4396 illis
2593 4341 2730 4412 ipsis
2769 4344 2982 4396 ratione
3011 4349 3317 4410 temporum
3358 4338 3450 4409 th-

159 4422 372 4485 τεοιίας,
395 4423 493 4476 καὶ
508 4423 614 4493 πρὸ
638 4424 738 4495 τῆς
759 4429 1084 4498 περιτομῆς,
1116 4430 1212 4483 καὶ
1236 4430 1400 4494 αὐτὸς
1416 4429 1505 4483 διὰ
1516 4430 1616 4500 τῆς
1635 4432 1676 4503 (Ξ

1932 4449 2011 4500 or,
2046 4448 2213 4489 senex
2239 4449 2370 4487 vero
2391 4473 2405 4496 ,
2452 4440 2617 4502 atque
2660 4441 2820 4486 aetate
2866 4441 3159 4502 provectus
3179 4472 3194 4495 ,
3226 4441 3449 4501 propter

159 4513 272 4567 τῶν
313 4512 551 4568 εἰδώλων
596 4518 1021 4590 ἀναχωρήσεως,
1073 4523 1169 4574 καὶ
1219 4522 1321 4592 τῆς
1372 4523 1492 4586 ἑνὸς
1526 4523 1621 4576 τοῦ
1667 4527 1676 4576 ἐ

1930 4542 1962 4582 ιε
1991 4527 2085 4596 qui
2115 4526 2312 4580 orituri
2344 4526 2413 4580 ab
2449 4525 2569 4594 ipso
2595 4532 2786 4589 erant,
2822 4524 2980 4594 quasi
3008 4525 3224 4596 signum
3271 4525 3447 4595 quod.-

160 4607 386 4663 πάντων
415 4607 551 4662 Θεοῦ
583 4611 892 4681 ὁμολογίας,
929 4612 1023 4666 καὶ
1044 4612 1131 4667 διὰ
1162 4615 1326 4685 μόνου
1350 4614 1446 4669 τοῦ
1477 4617 1596 4669 κατ’
1632 4618 1677 4690 ἀι

1929 4636 1992 4673 ιω
2028 4618 2241 4689 primus
2274 4616 2754 4671 circumcisionem
2781 4616 3028 4686 corporis
3060 4616 3204 4680 tulit,
3235 4616 3446 4687 hocque

157 4702 261 4773 τὴν
288 4703 412 4773 βίου
450 4704 728 4759 δείκνυται
768 4707 1193 4778 Χριστιανικῶς,
1230 4708 1344 4762 ἀλλ’
1372 4710 1493 4780 οὐχὶ
1534 4710 1674 4763 Ἰουδ

1930 4728 2048 4769 sum
2081 4727 2194 4767 suae
2229 4709 2617 4781 dignoscendae
2653 4708 2858 4765 sobolis
2898 4709 3149 4780 signum,
3184 4708 3253 4764 iis
3290 4710 3383 4779 qui
3414 4725 3447 4765 a

156 4795 274 4860 κῶς
304 4795 606 4867 βεϐιωκώς.
636 4800 1074 4872 Μεμαρτύρηται
1098 4801 1230 4872 γοῦν
1256 4802 1328 4856 τὰ
1350 4805 1673 4874 προστάγμα

1968 4806 2181 4860 ratione
2229 4802 2517 4873 sanguinis
2560 4817 2740 4873 genus
2777 4801 2999 4857 ducturi
3042 4808 3232 4867 erant,
3266 4798 3448 4858 feren-

156 4890 255 4943 καὶ
292 4889 396 4953 τὰς
435 4891 676 4956 ἐντολὰς,
707 4893 776 4947 τά
806 4911 867 4946 τε
910 4893 1256 4967 δικαιώματα
1298 4897 1394 4950 καὶ
1429 4897 1500 4950 τὰ
1544 4897 1667 4968 νόμι

1926 4914 1995 4952 im
2039 4897 2307 4952 tradidit:
2356 4903 2483 4950 ante
2535 4910 2667 4950 vero
2696 4908 2862 4964 quam
2904 4893 3206 4963 susciperet
3239 4893 3443 4950 liberos

152 4979 252 5033 τοῦ
292 4980 454 5046 Θεοῦ,
498 4983 606 5055 πρὸ
634 4985 735 5057 τῆς
771 4987 1020 5052 Μωσέως
1055 4987 1321 5059 διαταγῆς
1391 4989 1669 5061 πφυλαγι

1924 5007 2031 5063 que
2080 4999 2207 5045 ante
2260 5004 2432 5060 quam
2479 4986 2993 5053 circumcideretur,
3043 4989 3149 5058 ipsi
3183 5004 3440 5059 quoque,

153 5091 265 5137 νος.
313 5075 481 5144 Λέγει
518 5076 565 5130 δ’
616 5073 711 5133 οὖν
767 5080 903 5150 πρὸς
958 5081 1050 5135 τὸν
1102 5082 1289 5136 Ἰσαὰκ
1325 5085 1355 5136 6
1394 5084 1670 5157 χρηματίζ

1924 5091 2154 5155 'opterea
2204 5082 2351 5151 quod
2386 5097 2417 5135 a
2449 5080 2875 5135 simulacrorum
2919 5079 3071 5134 cultu
3104 5089 3441 5147 secesserat,

152 5163 320 5228 Θεός·
362 5183 383 5217 ι
431 5167 544 5220 Καὶ
569 5166 729 5223 δώσω
752 5169 832 5241 τῷ
861 5171 1141 5243 σπέρματί
1173 5190 1268 5226 σου
1308 5176 1488 5228 πᾶσαν
1510 5175 1609 5248 τὴν
1645 5193 1669 5246 γ

1923 5190 2143 5247 tumque
2175 5189 2342 5245 super
2368 5173 2554 5229 omnia
2588 5170 2764 5227 Deum
2800 5171 3093 5228 confessus
3134 5168 3316 5227 fuerat
3337 5210 3355 5238 ,
3386 5178 3440 5233 et

151 5256 382 5328 ταύτην,
429 5259 523 5311 καὶ
567 5260 1081 5334 ἐνευλογηθήσονται
1128 5265 1187 5319 ὲν
1222 5264 1302 5337 τῷ
1343 5267 1619 5340 σπέρματί
1654 5288 1668 5322 c

1923 5284 2029 5323 iam
2062 5282 2182 5323 eam
2204 5305 2220 5331 ,
2256 5280 2379 5336 quae
2402 5279 2528 5318 cum
2562 5264 2769 5319 virtute
2804 5270 2924 5330 est,
2972 5264 3142 5318 vitam
3188 5262 3440 5322 sectaba-

153 5348 335 5403 πάντα
363 5349 435 5403 τὰ
455 5351 585 5425 ἔθνη
614 5353 715 5423 τῆς
741 5354 865 5425 γῆς,
890 5355 1007 5409 ἀνθ’
1036 5349 1112 5410 ὧν
1149 5358 1458 5430 ὑπήκουσεν
1497 5362 1670 5434 Ἄϐραν

1924 5378 1970 5428 r,
2002 5359 2321 5416 Christiano
2349 5373 2504 5413 more
2533 5356 2772 5423 vixisse,
2806 5370 2918 5413 non
2949 5354 3179 5417 Judaico
3207 5355 3436 5415 demon-

152 5443 181 5494 ὁ
204 5445 392 5516 πατήρ
425 5462 521 5498 σου
564 5446 665 5518 τῆς
694 5448 835 5519 ἐμῆς
860 5451 1063 5520 φωνῆς,
1092 5453 1184 5505 καὶ
1211 5453 1442 5523 ἐφύλαξε
1474 5455 1573 5520 τὰς
1596 5460 1669 5512 ὲνη

1917 5462 2085 5510 ratur.
2133 5452 2345 5508 Idcirco
2379 5451 2458 5505 illi
2504 5451 2882 5506 testimonium
2934 5450 3244 5516 exhibetur,
3286 5450 3434 5521 quod

154 5535 249 5599 λάς
282 5554 412 5606 μου,
448 5538 545 5591 καὶ
586 5539 657 5592 τὰ
694 5542 1093 5613 προστάγματὰ
1126 5562 1250 5615 μου,
1284 5547 1378 5599 καὶ
1418 5547 1484 5602 τὰ
1524 5550 1670 5603 δικαι

1913 5558 2125 5620 "accepta
2153 5554 2209 5604 et
2236 5546 2494 5602 mandata
2523 5552 2581 5601 et
2595 5544 2957 5601 caeremonias
2975 5585 2991 5611 ,
3026 5552 3082 5600 et
3110 5558 3234 5614 quae
3261 5542 3321 5599 in
3347 5543 3430 5599 le-

228 5651 294 5682 ⁶¹·
312 5649 466 5707 Psal.
496 5666 611 5717 Civ,
654 5653 721 5707 12
737 5655 858 5711 -15,

195 5813 207 5825 ,
226 5744 325 5813 (5‘)
351 5744 487 5829 Τῆς.
515 5744 686 5829 ,Ροτιε
714 5748 967 5829 τάς-ληίεἰ
1002 5760 1184 5829 tamen
1215 5753 1712 5829 quismalitlegere

1911 5755 2053 5829 (ᾆδ’)
2077 5753 2428 5829 Desideratur
2449 5756 2585 5829 61:6.
2621 5757 2705 5812 vel
2734 5759 2818 5823 ὲκ,
2861 5769 2919 5814 ut
2947 5769 3000 5813 et
3028 5760 3169 5814 infra
3215 5759 3235 5826 (
3252 5775 3304 5829 p.
3358 5759 3428 5815 65

160 5818 436 5888 τὴννομοθ
476 5820 545 5875 τί,
568 5832 626 5880 ν;
664 5818 745 5871 vel
769 5820 984 5889 addere,
1003 5821 1175 5888 οὐδέν,
1196 5822 1250 5877 υἰ
1270 5840 1320 5891 [ι.
1340 5824 1488 5897 52p.
1512 5818 1670 5881 Ευῖτ.

1850 5818 2170 5898 ΜἸιιέίιιιτ,
2198 5828 2323 5890 τοὺς
2352 5827 2413 5891 ἐξ
2446 5827 2713 5890 Ἑλλήνων
2736 5818 3172 5896 ἀναχωροῦντας.
3211 5818 3366 5885 Enn.
