3842 6218
401 296 468 357 Μ
1038 295 1313 353 EUSEBll
1343 294 1834 353 CESARIENSIS
1871 297 1953 354 ΟΡ

2059 296 2235 373 Pass
2262 298 2328 355 ιι.
2364 330 2435 340 -
2463 293 2979 375 ΑΡοιεοοΕΤιαΑί

3575 290 3657 359 32

400 415 562 487 gibus
595 415 774 485 posita
804 417 929 468 sunt
963 408 1062 467 Dei
1084 451 1100 478 ,
1128 418 1257 467 ante
1287 410 1456 468 Mosis
1484 411 1936 469 constitutionem

2078 414 2223 484 ματά
2250 431 2374 484 μου,
2408 414 2595 470 καὶτὰ
2636 415 2847 487 νόμιμά
2894 433 3019 486 μου.
3070 433 3090 467 ι
3123 411 3233 469 Ἦν
3264 414 3375 488 γάρ
3414 416 3508 471 καὶ
3548 418 3656 489 πρὸ

401 505 720 564 servaverit.
751 502 896 559 Dicit
924 502 1091 574 igitur
1123 503 1194 558 ad
1218 503 1394 566 Isaac,
1426 503 1474 560 is
1503 502 1597 573 qui
1627 504 1850 558 oracula
1882 503 1977 558 illa

398 598 666 655 reddebat
694 595 841 652 Deus
868 614 881 649 :
914 613 934 648 ι
963 594 1031 649 Et
1069 594 1212 651 dabo
1254 594 1450 651 semini
1489 603 1585 649 tuo
1611 609 1831 651 omnem
1863 602 1977 651 ter-

395 704 519 748 ram
558 690 738 754 hanc,
768 696 823 745 et
850 687 1249 744 benedicentur
1288 690 1346 743 in
1390 688 1612 765 semine
1637 696 1735 742 tuo
1781 702 1974 744 omnes

394 790 589 856 gentes
636 787 815 847 terrae,
862 794 930 835 eo
978 778 1127 850 quod
1176 778 1443 835 obcdierit
1488 777 1766 834 Abraham
1818 786 1974 849 pater

396 880 529 928 tuus
558 871 680 927 voci
718 885 879 937 meae,
913 876 969 926 et
995 868 1322 931 custodierit
1344 875 1617 939 praecepta
1639 875 1694 923 et
1715 867 1973 923 mandata

394 978 549 1030 mea,
581 968 636 1017 et
662 962 1015 1034 caeremonias
1035 974 1208 1026 meas,
1233 967 1288 1016 et
1311 974 1433 1030 quae
1462 959 1518 1014 in
1546 959 1762 1032 legibus
1789 960 1971 1032 posita

393 1064 526 1116 sunt
548 1056 614 1111 ⁸⁸.
645 1076 665 1109 ›
683 1055 854 1111 Erant
884 1055 1030 1129 enim
1059 1054 1223 1115 etiam
1253 1059 1382 1109 ante
1408 1051 1576 1110 Mosis
1610 1053 1785 1125 legem
1815 1068 1972 1109 man-

394 1148 522 1207 data
551 1147 649 1206 Dei
678 1149 785 1203 alia
811 1156 866 1205 et
894 1145 1264 1211 caeremoniae,
1292 1160 1403 1200 non
1432 1145 1635 1201 similia
1683 1145 1752 1201 iis
1790 1161 1911 1217 quae
1936 1163 1969 1202 a

391 1239 546 1298 Mose
578 1239 780 1295 tradita
810 1220 961 1302 sunt,
995 1238 1253 1309 legesque
1278 1237 1418 1300 alim,
1449 1251 1515 1291 ac
1548 1245 1824 1307 praecepta
1857 1236 1966 1292 Do-

389 1333 563 1399 mini,
598 1348 695 1403 per
725 1346 845 1403 quae
874 1331 954 1385 illi
978 1328 1250 1400 justitiam
1278 1327 1458 1399 adepti
1493 1337 1643 1405 sunt.
1674 1326 1848 1393 Porro
1876 1343 1969 1381 au-

388 1434 497 1480 tem
527 1424 673 1496 quod
702 1439 814 1480 non
843 1422 1033 1497 eadem
1063 1429 1251 1477 essent
1277 1435 1403 1475 cum
1438 1420 1507 1475 iis
1527 1459 1541 1482 ,
1572 1434 1695 1489 quae
1724 1434 1821 1489 per
1850 1417 1967 1473 Mo-

388 1531 508 1575 sem
554 1518 612 1572 in
658 1516 871 1589 legibus
901 1515 1081 1586 posita
1109 1520 1273 1579 sunt,
1306 1512 1486 1569 Moses
1524 1512 1641 1582 ipse
1673 1512 1966 1582 perspicue

388 1609 768 1685 demonstrat,
801 1608 895 1663 ubi
926 1606 1004 1661 ait
1048 1606 1118 1662 ad
1163 1606 1425 1676 populum
1452 1624 1467 1661 :
1497 1624 1518 1656 ¢
1547 1606 1728 1670 Audi,
1763 1604 1961 1669 Israel,

379 1702 809 1787 justiﬁcationes
831 1742 845 1767 ,
877 1709 931 1757 et
956 1700 1201 1770 judicia,
1238 1713 1582 1770 quaecunque
1625 1714 1726 1770 ego
1766 1700 1963 1770 loquor

382 1772 441 1848 in
473 1793 702 1849 auribus
731 1791 935 1855 vestris
970 1790 1026 1845 in
1055 1790 1144 1845 die
1168 1789 1294 1853 hac,
1324 1795 1380 1859 et
1406 1787 1636 1845 discetis
1658 1806 1744 1855 ea,
1771 1798 1826 1845 et
1852 1807 1964 1847 ser—
2001 1772 2041 1831 Β

382 1886 616 1955 vabitis,
652 1892 715 1939 ut
745 1899 812 1940 ea
839 1883 1083 1939 faciatis.
1125 1881 1390 1937 Dominus
1421 1880 1568 1956 Deus
1614 1889 1794 1959 vester
1834 1898 1964 1938 con-

383 1976 524 2041 didit
552 1976 712 2033 vobis
744 1975 800 2030 in
832 1974 1050 2031 Choreb
1078 1981 1488 2041 testamentum,
1523 1975 1845 2046 neutiquam
1872 1990 1963 2045 pa-

378 2068 561 2125 tribus
590 2068 795 2125 vestris
823 2067 1071 2123 condidit
1101 2065 1369 2123 Dominus
1398 2074 1792 2123 testamentum
1818 2068 1923 2142 hoc
1942 2107 1957 2133 ,

382 2146 492 2233 14
520 2160 618 2217 sed
649 2161 810 2217 vobis
835 2160 902 2217 ⁸³.
936 2178 956 2212 ι
984 2159 1052 2214 Ει
1080 2175 1213 2218 sane
1252 2167 1439 2231 specta
1464 2201 1481 2224 ,
1523 2168 1583 2214 ut
1623 2162 1783 2230 plane
1825 2161 1960 2216 dicit

378 2248 795 2307 Testamentum
822 2250 928 2306 hoc
952 2291 967 2316 ,
998 2259 1290 2321 propterea
1323 2251 1471 2322 quod
1504 2267 1614 2306 non
1649 2252 1793 2307 idem
1823 2253 1959 2309 illud

376 2346 630 2419 patribus
681 2360 874 2402 eorum
924 2346 1233 2402 constituit.
1282 2345 1441 2413 Quod
1478 2348 1525 2404 si
1561 2330 1810 2405 absOlute
1844 2364 1957 2403 non

377 2426 568 2493 datum
599 2453 724 2495 esse
750 2438 1001 2509 patribus
1028 2453 1218 2494 eorum
1258 2448 1644 2495 testamentum
1684 2441 1952 2506 dixisset,

374 2531 433 2586 in
462 2516 811 2589 mendacium
847 2546 980 2588 sane
1005 2532 1085 2587 illi
1107 2532 1398 2589 recidisset
1418 2535 1619 2589 oratio.
1649 2533 1849 2589 Datum
1870 2543 1955 2592 est

372 2624 543 2695 igitur
570 2622 806 2680 Abrahae
837 2632 1229 2684 testamentum
1250 2665 1266 2692 ,
1295 2626 1485 2681 datum
1511 2637 1599 2683 est
1622 2629 1784 2683 etiam
1817 2627 1951 2697 Noe,

372 2717 518 2774 sicut
558 2732 717 2774 sacra
762 2704 1040 2775 testantur
1089 2720 1335 2775 oracula.
1378 2720 1558 2792 Atque
1588 2723 1796 2779 idcirco
1826 2741 1952 2778 cum

372 2811 728 2881 adjunctione
753 2811 891 2868 dixit
936 2811 1140 2880 Moses,
1173 2828 1286 2869 non
1319 2813 1426 2870 hoc
1465 2816 1653 2870 datum
1693 2832 1818 2873 esse
1857 2834 1954 2889 pa-

368 2901 548 2977 tribus
575 2916 799 2989 eorum,
826 2903 907 2957 sic
932 2916 1065 2957 sane
1084 2903 1316 2957 alterum
1344 2903 1660 2975 signiﬁcans
1688 2918 1954 2976 praestan-

369 2992 484 3062 tius
515 3003 680 3064 atque
709 2994 1086 3059 excellentius,
1120 3009 1220 3064 per
1249 2994 1396 3065 quod
1426 2997 1623 3061 amici,
1658 2998 1951 3069 dilectique

2077 504 2169 558 τοῦ
2208 505 2453 575 Μωσέως
2497 506 2663 576 νόμου
2710 505 3110 577 προστάγματα
3167 505 3304 561 Θεοῦ
3346 506 3529 579 ἕτερα,
3557 510 3657 563 καὶ

2075 595 2440 669 δικαιώματα,
2509 599 2608 671 οὐχ
2648 599 2810 669 ὅμοια
2844 600 2957 663 τοῖς
3001 597 3153 671 παρὰ
3191 600 3404 665 Μωσεῖ,
3448 600 3657 673 νόμιμά

2074 708 2133 745 τε
2179 689 2313 745 ἄλλα
2360 691 2454 745 καὶ
2490 691 2701 745 ἐντολαὶ
2728 690 2986 763 Χριστοῦ,
3017 691 3083 745 δι’
3115 685 3189 746 ὧν
3235 691 3650 764 ὲδικαιώθησαν.

2078 768 2201 834 Ὅτι
2228 780 2273 833 δ’
2301 781 2360 835 οὐ
2395 779 2463 834 τὰ
2501 779 2643 835 αὐτὰ
2696 776 2767 853 ἦν
2802 784 2915 845 τοῖς
2961 782 3050 838 διὰ
3078 783 3323 849 Μωσέως
3364 784 3656 857 νομοθετη-

2074 872 2231 939 θεῖσι,
2292 872 2480 944 σαιρῶς
2523 875 2553 927 6
2604 874 2811 947 Μωσῆς
2861 872 3212 946 παρίστησιν.
3256 877 3314 929 έν
3362 871 3443 939 οἷς
3490 894 3653 948 φησιν

2072 965 2208 1038 πρὸς
2230 965 2320 1019 τὸν
2334 965 2460 1020 λαόν
2479 983 2491 996 ·
2519 985 2538 1018 ι
2578 965 2801 1033 Ἀκουε,
2836 966 3072 1040 Ἰσραὴλ,
3089 968 3158 1023 τὰ
3185 968 3528 1041 δικαιώματα
3555 970 3653 1024 καὶ

2068 1056 2138 1137 τὰ
2167 1058 2429 1129 κρίματα,
2458 1057 2559 1115 ὅσα
2595 1057 2707 1128 ἐγὼ
2736 1058 2884 1113 λαλῶ
2920 1060 2978 1113 ὲν
3006 1063 3122 1125 τοῖς
3145 1044 3279 1116 ὠσὶν
3314 1062 3468 1134 ὑμῶν
3499 1063 3554 1115 ὲν
3577 1065 3652 1135 τῇ

2067 1147 2251 1219 ἡμέρα
2280 1149 2472 1221 ταύτῃ,
2515 1150 2610 1205 καὶ
2655 1149 2966 1221 μαθήσεσθε
3009 1151 3168 1216 αὐτὰ,
3209 1152 3305 1206 καὶ
3352 1151 3653 1229 φυλάξεσθε

2069 1244 2244 1307 ποιεῖν
2273 1241 2432 1296 αὐτά.
2465 1241 2674 1315 Κύριος
2704 1244 2732 1296 6
2754 1242 2886 1308 Θεὸς
2914 1242 3067 1315 ὑμῶν
3100 1243 3307 1297 διέθετο
3340 1245 3477 1317 πρὸς
3504 1246 3653 1315 ὑμᾶς

2068 1334 2127 1386 ἐν
2157 1333 2359 1405 Χωρὴϐ
2416 1334 2690 1406 Διαθήκην
2712 1351 2725 1364 ’
2757 1336 2878 1406 οὐχὶ
2908 1338 3021 1399 τοῖς
3067 1336 3340 1406 πατράσιν
3386 1338 3538 1408 ὑμῶν
3568 1338 3653 1391 δι-

2067 1422 2220 1491 έθετο
2242 1423 2445 1495 Κύριος
2458 1425 2556 1498 τὴν
2571 1425 2846 1497 Διαθήκην
2868 1425 3089 1496 ταύτην,
3113 1424 3248 1479 ἀλλὰ
3273 1426 3411 1497 πρὸς
3435 1426 3595 1497 ὑμᾶς.
3624 1444 3645 1478 ι

2066 1518 2176 1573 Καὶ
2199 1519 2300 1594 ὅρα
2330 1535 2394 1587 γε
2422 1520 2569 1582 ὅπως
2613 1519 2858 1591 ἀκριϐῶς
2906 1537 3037 1591 φησι
3067 1519 3164 1591 τὴν
3201 1520 3479 1591 Διαθὴκην
3518 1522 3653 1575 ταύ-

2065 1627 2185 1680 την,
2217 1610 2342 1664 ἐπεὶ
2374 1610 2446 1682 μὴ
2477 1611 2575 1682 τὴν
2606 1612 2777 1683 αὐτὴν
2820 1615 2934 1676 τοῖς
2960 1612 3233 1684 πατράσιν
3274 1612 3454 1667 αὐτῶν
3480 1613 3652 1667 διετέ-

2068 1688 2234 1758 θειτο.
2268 1704 2330 1757 Εἰ
2363 1703 2406 1759 δ’
2431 1700 2523 1758 οὖν
2551 1704 2832 1769 άπολύτως
2866 1705 2940 1777 μὴ
2968 1706 3215 1761 δεδόσθαι
3238 1708 3351 1770 τοῖς
3378 1708 3648 1780 πατράσιν

2067 1794 2245 1848 αὐτῶν
2267 1795 2541 1867 Διαθήκην
2566 1797 2799 1867 εἰρήκει,
2827 1796 3030 1869 ψευδὴς
3062 1798 3127 1853 ἂν
3155 1793 3223 1869 ἦν
3245 1800 3273 1852 ὁ
3298 1798 3455 1867 λόγος
3477 1798 3647 1870 αὐτῷ.

2064 1887 2281 1941 Δέδοται
2307 1888 2438 1956 γοῦν
2467 1887 2543 1958 τῷ
2587 1887 2837 1959 Ἀϐραὰμ
2880 1889 3133 1961 διαθήκη,
3160 1890 3256 1944 καὶ
3284 1890 3361 1961 τῷ
3390 1889 3533 1953 Νῶε,
3567 1890 3649 1956 ὡς

2060 1978 2132 2032 τὰ
2167 1977 2288 2050 ἱερὰ
2326 1981 2593 2050 μαρτυρεῖ
2619 1977 2793 2046 λόγια.
2832 1979 2930 2032 Διὰ
2955 1978 3116 2032 τοῦτο
3160 1979 3299 2050 μετὰ
3324 1978 3645 2051 προσθήκης

2060 2069 2089 2120 6
2138 2069 2342 2138 Μωσῆς
2375 2070 2436 2121 οὐ
2494 2067 2700 2139 ταύτην
2752 2069 2888 2138 φησι
2937 2067 3178 2124 δεδόσθαι
3220 2072 3331 2133 τοῖς
3374 2070 3646 2141 πατράσιν

2060 2159 2262 2225 αὐτῶν,
2292 2160 2481 2231 ἑτέραν
2511 2162 2879 2232 αἰνιττόμενος
2920 2161 3019 2232 τὴν
3064 2162 3295 2233 κρείττω
3326 2163 3420 2215 καὶ
3459 2161 3646 2232 διαφέ-

2063 2270 2282 2324 ρουσαν,
2324 2254 2390 2306 δι’
2417 2250 2485 2326 ἧς
2526 2255 2621 2308 καὶ
2669 2253 2937 2326 θεοφιλεῖς
2976 2254 3386 2325 ἀπεφάνθησαν.
3434 2254 3645 2311 Αὐτίκα

2057 2345 2135 2417 τῷ
2176 2346 2425 2418 Ἀϐραάμ
2446 2345 2535 2401 διὰ
2558 2347 2658 2417 τῆς
2692 2349 2771 2411 είς
2800 2347 2894 2401 τὸν
2922 2347 3028 2401 τῶν
3059 2347 3195 2402 ὅλων
3227 2347 3360 2402 Θεὸν
3405 2347 3646 2412 πίστεως

2055 2437 2123 2491 τά
2148 2439 2248 2508 τῆς
2273 2438 2618 2508 δικαιοσύνης
2639 2438 3052 2509 κατωρθῶσθαι,
3103 2439 3520 2511 μεμαρτύρηται
3548 2439 3642 2492 ὐπ’

2056 2530 2220 2586 αὐτοῦ
2253 2531 2495 2599 Μωσέως
2527 2530 2780 2599 λέγοντος
2821 2549 2834 2561 ο
2871 2550 2890 2582 ι
2940 2532 3262 2584 Ἐπίστευσε
3290 2529 3347 2582 δὲ
3389 2529 3645 2602 Ἀϐραάμ

2053 2625 2133 2697 τῷ
2170 2624 2309 2696 Θεῷ,
2342 2626 2436 2679 καὶ
2466 2623 2718 2695 ἐλογίσθη
2759 2621 2907 2693 αὐτῷ
2940 2624 3020 2687 εἰς
3055 2621 3428 2694 δικαιοσύνην.
3468 2641 3486 2674 ι
3520 2622 3645 2677 ’Ότι

2053 2719 2110 2772 δὲ
2145 2717 2283 2789 μετὰ
2311 2716 2409 2788 τὴν
2445 2717 2544 2788 τῆς
2581 2716 2930 2786 δικαιοσύνης
2972 2714 3329 2787 κατόρθωσιν,
3360 2713 3454 2768 καὶ
3504 2714 3646 2785 μετὰ

2052 2812 2150 2883 τὴν
2175 2812 2269 2864 ὑπ’
2297 2811 2548 2882 εὐσεϐείᾳ
2579 2809 2885 2881 μαρτυρίαν
2912 2808 2972 2862 τὸ
2996 2809 3094 2880 τῆς
3123 2807 3427 2880 περιτομῆς
3450 2807 3645 2879 εἴληφε

2056 2904 2429 2975 σημεῖον,,καὶ
2473 2902 2638 2973 μηδὲν
2667 2902 2804 2974 πρὸς
2849 2900 3132 2964 εὐσεϐείας
3174 2900 3457 2954 δικαίωσιν
3490 2899 3644 2971 αὐτῷ

2051 2996 2202 3050 τουτὶ
2246 2994 2619 3058 συνεϐάλλετο,
2657 2994 2842 3064 σαφῶς
2881 2996 2909 3048 ὁ
2946 2993 3102 3062 λόγος
3135 2993 3486 3065 παρίστησιν.
3526 2992 3641 3046 Εὔ-

370 3085 486 3171 Deo
516 3086 721 3157 agniti,
746 3086 991 3157 dictique
1021 3096 1169 3144 sunt.
1196 3087 1335 3144 Nam
1368 3090 1620 3161 protinus
1647 3091 1751 3161 ipsi
1778 3091 1950 3147 Abra-

2059 3106 2172 3160 ροις
2197 3087 2242 3141 δ’
2271 3087 2338 3141 ἂν
2376 3088 2470 3141 καὶ
2491 3088 2581 3141 τὸν
2623 3087 2823 3158 Ἰωσὴφ
2853 3087 2960 3160 πρὸ
2983 3087 3092 3142 τῶν
3124 3087 3370 3151 Μωσέως
3425 3088 3645 3159 χρόνων

368 3180 487 3253 hae,
518 3195 585 3236 eo
617 3179 764 3253 quod
799 3195 1014 3249 summo
1044 3179 1157 3237 Deo
1188 3183 1479 3239 crediderit
1508 3185 1666 3255 plene
1696 3200 1951 3245 servasse

2059 3184 2110 3235 ὲν
2138 3183 2251 3244 τοῖς
2295 3180 2611 3249 Αἰγυπτίων
2644 3180 2935 3251 βασιλείοις
2981 3180 3485 3253 ἀπαραφυλάκτως,
3522 3180 3641 3235 ἀλλ’

364 3271 638 3349 justitiam
656 3313 670 3337 ,
700 3272 1006 3347 exhibitum
1037 3282 1124 3331 est
1152 3267 1528 3349 testimonium
1557 3276 1626 3331 ab
1655 3276 1780 3347 ipso
1802 3276 1951 3332 Mose

368 3363 451 3421 sic
477 3363 728 3439 dicente:
759 3382 778 3438 ι
807 3363 1056 3421 Credidit
1080 3364 1356 3421 Abraham
1389 3365 1522 3432 Deo,
1548 3375 1604 3423 et
1636 3375 1948 3438 reputatum

365 3461 456 3510 est
482 3453 562 3508 illi
587 3454 655 3509 ad
673 3453 950 3535 justitiam
984 3455 1051 3513 ⁵⁸.
1084 3475 1104 3529 ι
1133 3454 1291 3523 Quod
1323 3465 1506 3513 autem
1536 3465 1659 3527 post
1691 3458 1839 3512 illam
1857 3458 1948 3531 iu-

369 3545 538 3601 stitiae
569 3547 788 3617 plenam
821 3548 1296 3613 observationem,
1328 3556 1382 3604 et
1409 3559 1535 3619 post
1564 3550 1644 3604 illi
1671 3550 1948 3606 redditum

369 3636 439 3693 de
467 3638 671 3707 pietate
702 3639 1117 3705 testimonium,
1151 3641 1331 3711 ipsum
1371 3626 1821 3714 Icircumcisionis
1869 3646 1947 3700 si-

375 3745 545 3801 gnum
576 3734 885 3802 acceperit,
918 3741 973 3789 et
1006 3735 1146 3788 nihil
1173 3734 1279 3790 hoc
1309 3735 1463 3790 illum
1499 3737 1568 3792 ad
1600 3738 1855 3807 pietatem
1883 3754 1947 3795 ac

369 3821 645 3892 justitiam
672 3827 1112 3903 consequendam
1136 3827 1435 3899 adjuverit,
1466 3830 1752 3900 perspicue
1783 3831 1946 3885 verba

367 3916 490 3987 ipsa
519 3916 918 3973 demonstrant.
946 3919 1193 3993 Invenies
1218 3935 1382 3989 porro
1404 3920 1567 3974 etiam
1588 3919 1789 3992 Josepb
1819 3935 1946 3978 ante

368 4004 540 4063 Mosis
570 4016 814 4087 tempora
846 4008 901 4062 in
931 4008 1098 4078 regiis
1128 4010 1335 4064 aedibus
1375 4008 1757 4081 Egyptiorum
1776 4052 1791 4076 ,
1825 4012 1945 4085 sine

366 4097 720 4177 Iudaicarum
755 4100 1203 4156 Observationum
1251 4095 1626 4157 sollicitudine
1668 4103 1944 4161 incuriose

365 4197 669 4259 versatum.
706 4190 1029 4257 Postremo,
1059 4192 1107 4248 si
1140 4191 1260 4258 vis,
1308 4203 1464 4263 potes
1501 4193 1681 4264 ipsum
1726 4210 1945 4265 quoque

366 4297 643 4337 summum
693 4281 1006 4338 Iudaeorum
1054 4282 1419 4353 legislatorem
1452 4282 1690 4348 Mosem,
1725 4299 1755 4336 a
1790 4293 1943 4339 tene-

362 4374 499 4429 riori
526 4374 708 4430 adhuc
735 4384 893 4431 aetate
923 4374 1067 4445 apud
1098 4374 1244 4444 regis
1272 4373 1518 4446 Egyptii
1550 4374 1717 4429 ﬁliam
1743 4374 1946 4445 degen-

2049 3274 2149 3327 οὐκ
2183 3273 2491 3337 Ἰουδαϊκῶς
2526 3273 2777 3344 ἀχθέντα.
2813 3274 2877 3326 Εἰ
2907 3272 2965 3326 δὲ
3006 3272 3200 3336 θέλεις,
3229 3274 3322 3326 καὶ
3349 3272 3442 3327 τὸν
3476 3289 3645 3347 κορυ-

2051 3369 2207 3437 φαῖον
2229 3366 2392 3420 αὐτὸν
2421 3367 2515 3420 καὶ
2537 3365 2836 3437 νομοθέτην
2857 3364 2951 3419 τοῦ
2985 3365 3255 3419 Ἰουδαίων
3307 3362 3493 3429 ἔθνους
3513 3365 3643 3419 Μω-

2052 3457 2171 3524 σέα,
2201 3456 2394 3527 γνοίης
2417 3455 2483 3510 ἂν
2515 3454 2657 3519 ἐξέτι
2686 3455 2885 3526 νηπίας
2916 3453 3135 3525 ἡλικίας
3152 3452 3304 3524 παρὰ
3330 3456 3398 3529 τῇ
3421 3453 3514 3506 τοῦ
3538 3455 3639 3507 Αί-

2048 3548 2278 3619 γυπτίου
2309 3546 2570 3617 βασιλέως
2600 3545 2833 3618 θυγατρὶ
2864 3546 2962 3609 τὰς
3001 3545 3290 3617 διατριϐὰς
3326 3546 3638 3616 πεποιημέ-

2048 3658 2159 3705 νον,
2187 3639 2394 3711 τροφῆς
2420 3656 2482 3692 τε
2513 3639 2614 3709 τῆς
2640 3637 2942 3706 Αἰγυπτίας
2969 3637 3410 3709 ἀπαρατηρήτως
3452 3653 3639 3708 μετει-

2047 3732 2268 3803 ληχότα.
2301 3732 2367 3785 Τί
2416 3730 2497 3786 δεῖ
2537 3729 2712 3799 λέγειν
2759 3729 2850 3783 τὸν
2898 3728 3299 3802 τρισμακάριον
3357 3726 3498 3792 Ἰὼϐ,
3544 3728 3639 3782 τὸν

2048 3825 2224 3897 ἀληθῆ
2255 3823 2541 3893 ἄνθρωπον
2568 3823 2800 3889 ἐκεῖνον,
2831 3821 2922 3876 τὸν
2952 3821 3261 3893 ἄμεμπτον,
3289 3819 3381 3873 τὸν
3404 3820 3636 3886 δίκαιον,

2043 3919 2136 3970 τὸν
2181 3915 2410 3987 θεοσεϐῆ
2435 3932 2450 3980 ;
2479 3916 2578 3986 τῆς
2609 3917 2689 3978 εἰς
2734 3901 2903 3985 ἄκρον
2945 3912 3227 3978 εὐσεϐείας
3258 3910 3406 3983 αὐτῷ
3437 3912 3533 3965 καὶ
3560 3911 3641 3965 δι-

2046 4010 2412 4081 καιοπραγίας
2446 4009 2528 4083 τίς
2560 4006 2672 4079 ἆρα
2732 4008 2881 4063 αἰτία
2902 4002 3005 4078 iw;
3068 4007 3266 4078 μήτιγε
3297 4004 3366 4059 τὰ
3387 4002 3640 4070 Μωσέως

2048 4098 2521 4171 παραγγέλματα;
2557 4096 2842 4167 Οὐδαμῶς.
2898 4095 3059 4150 Ἀλλὰ
3096 4089 3376 4149 Σαϐϐάτου
3421 4094 3639 4167 ἡμέρας

2045 4184 2488 4260 ὲπιτήρησις.ἦν,
2522 4188 2558 4259 ἦ
2586 4204 2731 4252 τινος
2771 4186 2939 4259 ἄλλης
2996 4185 3297 4256 Ἰουδαϊκῆς
3348 4183 3640 4256 ἐθελοθρη-

2048 4280 2235 4344 σκείας
2285 4279 2540 4352 φυλακή;
2596 4280 2758 4333 πόθεν
2787 4321 2801 4345 ,
2851 4277 3209 4351 πρεσϐυτέρῳ
3257 4281 3370 4342 τοῖς
3418 4279 3638 4350 χρόνοις

2045 4373 2309 4439 Μωσέως,
2342 4375 2438 4429 καὶ
2487 4373 2588 4445 τῆς
2620 4374 2741 4427 κατ’
2776 4372 2938 4426 αὐτὸν
2968 4370 3288 4442 νομοθεσίας
3318 4371 3637 4443 γενομένῳ;

362 4475 475 4523 tem
508 4458 974 4541 agnoscere,qui
1017 4469 1239 4539 quidem
1286 4467 1546 4539 [Egyptio
1591 4468 1753 4538 plane
1788 4483 1942 4524 more

2059 4465 2116 4516 Ὀ
2141 4465 2239 4536 μὲν
2270 4464 2379 4537 γὰρ
2399 4466 2603 4535 Μωσῆς
2655 4464 2884 4535 ἕϐδομος
2912 4463 2972 4529 ἐξ
3012 4463 3263 4535 Ἀϐραὰμ
3301 4456 3641 4533 γενεαλογεῖ-

361 4557 570 4628 absque
592 4556 837 4639 Iudaicis
867 4552 1346 4615 observationibus
1400 4553 1545 4629 apud
1581 4560 1829 4615 eamdem
1873 4561 1946 4617 sit

363 4649 652 4706 educatus.
688 4649 797 4706 Sed
827 4650 1088 4717 quidnam
1117 4649 1186 4705 de
1212 4650 1536 4706 beatissimo
1564 4649 1699 4716 Job,
1731 4649 1799 4707 de
1826 4651 1941 4718 illo,

361 4743 586 4814 inquam
607 4786 622 4810 ,
653 4758 783 4800 vero
814 4744 1072 4823 homine,
1100 4744 1194 4799 illo
1223 4743 1577 4813 inculpabili,
1607 4744 1761 4813 justo
1780 4783 1796 4809 ,
1824 4745 1939 4817 pio,

361 4833 647 4891 dicemus?
687 4834 819 4903 Quae
843 4835 1063 4890 tandem
1092 4833 1240 4899 illius
1277 4847 1505 4888 summae
1542 4833 1760 4903 pietatis
1786 4838 1847 4889 et
1862 4834 1944 4903 ju-

362 4929 527 4986 stitia:
571 4942 740 5001 causa
786 4927 1046 4984 exstitit?
1076 4910 1323 4997 nunquid
1355 4934 1624 4996 praecepta
1661 4924 1942 4983 Mosaica?

362 5022 609 5078 minime.
637 5020 777 5077 Num
807 5020 915 5077 diei
946 5019 1208 5087 Sabbati,
1239 5004 1333 5073 aut
1367 5018 1595 5081 alterius
1627 5016 1939 5088 cujuspiam

360 5114 573 5175 Judaici
604 5113 743 5170 ritus
769 5113 1128 5169 observatio?
1148 5111 1291 5167 unde
1316 5112 1393 5168 illi
1419 5111 1554 5177 hoc,
1581 5112 1675 5181 qui
1704 5120 1759 5167 et
1780 5119 1941 5167 aetate

364 5203 544 5278 ipsum
567 5202 771 5260 Mosem
798 5204 1094 5270 antecedit,
1116 5211 1173 5283 et
1192 5209 1322 5258 ante
1343 5201 1490 5273 leges
1518 5201 1704 5258 abillo
1730 5202 1940 5273 positas

361 5309 448 5355 est
479 5298 683 5354 natus?
727 5294 943 5355 Etenim
984 5296 1166 5354 Moses
1206 5296 1474 5366 septimus
1522 5301 1842 5349 numeratur
1872 5295 1940 5349 ab

361 5391 670 5458 Abraham,
718 5391 810 5446 hic
858 5398 1041 5445 autem
1095 5389 1354 5460 quintus,
1398 5395 1459 5442 ut
1504 5388 1585 5442 sic
1631 5386 1779 5442 Mose
1822 5387 1941 5455 ipso

361 5483 638 5555 antiquior
664 5483 878 5539 duabus
912 5483 1221 5538 inveniatur
1248 5481 1520 5536 aetatibus.
1554 5478 1940 5549 Contemplare

360 5577 525 5649 igitur
551 5577 785 5649 hujusce
816 5577 1019 5643 vitam,
1054 5591 1175 5647 quae
1218 5575 1283 5631 de
1326 5575 1536 5646 legibus
1583 5589 1613 5627 a
1656 5572 1805 5629 Mose
1840 5587 1938 5642 po-

432 5756 476 5787 “
514 5754 649 5811 Gen.
688 5772 839 5825 xxvr,
879 5756 996 5814 5-5.

2045 4575 2156 4623 ται,
2190 4559 2371 4611 οὐτοσὶ
2408 4556 2465 4611 δὲ
2500 4558 2768 4629 πέμπτος,
2802 4557 2922 4610 δυσὶ
2962 4556 3255 4630 προτέραις
3304 4555 3396 4609 τὸν
3425 4555 3640 4609 Μωσέα

2048 4653 2260 4718 γενεαῖς
2299 4650 2574 4722 προάγων.
2610 4649 2721 4703 Θὲα
2747 4649 2793 4705 δ’
2838 4643 2931 4702 οὖν
2978 4647 3074 4701 καὶ
3123 4645 3317 4700 τούτου
3353 4646 3443 4699 τὸν
3493 4645 3635 4716 βίον,

2053 4741 2299 4806 Μωσέως
2354 4742 2453 4812 μὲν
2480 4741 2578 4812 τῆς
2613 4741 2934 4812 νομοθεσίας
2964 4741 3117 4794 οὐδὲν
3143 4739 3501 4810 ἐπαγόμενον,
3533 4738 3640 4809 τῆς

2047 4830 2105 4885 δὲ
2132 4826 2227 4885 τοῦ
2256 4830 2508 4902 Σωτῆρος
2534 4830 2689 4903 ἡμῶν
2738 4830 3099 4902 εὐαγγελικῆς
3136 4828 3484 4894 διδασκαλίας
3533 4829 3643 4884 οὐκ

2049 4922 2347 4996 ἀλλότριον.
2383 4924 2547 4992 Λέγει
2582 4923 2626 4983 δ’
2678 4918 2771 4976 οὖν
2813 4922 2995 4986 αὐτὸς,
3035 4923 3127 4975 τὸν
3174 4904 3368 4975 ἑαυτοῦ
3414 4918 3641 4986 διεξιὼν

2049 5016 2181 5085 βίον,
2210 5011 2269 5071 ὲν
2302 5018 2370 5088 τῇ
2402 5017 2539 5089 πρὸς
2567 5017 2693 5079 τοὺς
2722 5014 2971 5087 ἑταίρους
2999 5014 3285 5087 ἀπολογίαθ
3326 5032 3345 5075 ς
3383 5013 3645 5067 Διέσωσα

2044 5108 2155 5181 γὰρ
2197 5109 2408 5179 πτωχὸν
2455 5112 2520 5163 ἐκ
2548 5108 2729 5181 χειρὸς
2757 5108 3037 5173 δυνάστου,
3072 5108 3167 5183 καὶ
3192 5106 3430 5179 ὀρφανῷ,
3456 5099 3501 5175 ᾧ
3531 5106 3644 5159 οὐκ

2044 5198 2112 5277 ἦν
2174 5202 2385 5275 βοηθὸς,
2437 5184 2731 5273 ὲϐοήθησαξ
2780 5200 2963 5271 Στόμα
3012 5199 3070 5253 δὲ
3120 5200 3297 5272 χήρας
3353 5186 3431 5269 με¹
3474 5196 3642 5250 εὐλό-

2045 5311 2222 5366 γησε,
2284 5290 2630 5364 δικαιοσύνην
2694 5292 2750 5345 δὲ
2812 5290 3163 5345 ὲνεδεδύκειν.
3237 5288 3642 5361 Ἠμφιεσάμην

2047 5385 2103 5438 δὲ
2157 5386 2333 5456 κρίμα
2389 5385 2478 5437 ῐσα
2539 5383 2810 5448 διπλοῒδι,
2859 5383 3137 5456 ὀφθαλμὸς
3189 5383 3337 5454 ἤμην
3388 5379 3641 5449 τυφλῶν,

2048 5476 2185 5541 ποῦς
2248 5478 2305 5530 δὲ
2364 5475 2574 5547 χωλῶν·
2639 5476 2748 5546 ἐγὼ
2784 5478 2930 5549 ἥμην
2993 5477 3179 5548 πατὴρ
3238 5474 3539 5529 ἀδυνάτων.
3611 5490 3637 5526 ι

2045 5570 2191 5624 Αὐτὰ
2220 5570 2283 5642 δὴ
2311 5569 2503 5639 ταῦτα,
2528 5569 2782 5642 ἄντικρυς
2802 5570 2868 5626 τά
2900 5571 3060 5625 πᾶσιν
3086 5571 3215 5641 ἡμῖν
3241 5567 3328 5622 διά
3344 5565 3443 5639 τῆς
3462 5564 3640 5635 εὐαγ-

1074 5757 1117 5789 ⁶³
1159 5755 1313 5814 Βευι,
1362 5774 1417 5827 v,
1460 5756 1571 5812 1-5.
1652 5755 1693 5787 ⁸³
1731 5754 1863 5811 Gen.
1908 5771 2007 5824 xv,
2049 5753 2101 5810 6.
