3842 6218
198 353 271 411 5'5
1138 342 1800 402 DEMONSTRATIONIS
1838 341 2304 401 EVANGELICIE
2341 342 2470 399 LIB.
2513 342 2553 402 Ι.
3401 347 3473 405 δι

193 470 426 543 γελικῆς
462 467 809 531 διδασκαλίας
842 465 1142 538 μαθήματα
1175 466 1577 539 κηρυττόμενα.
1628 465 1781 521 Ἀλλὰ

1893 464 2014 521 sitis
2047 464 2185 520 nihil
2220 464 2472 530 inducit,
2503 464 2573 519 ab
2599 462 2915 535 evangelica
2948 473 3130 521 autem
3171 465 3472 523 Salvatoris

192 566 291 619 καὶ
310 564 389 627 ὡς
419 560 578 625 εἰδὼς
603 556 662 614 εὖ
697 559 842 632 μάλα
867 559 930 613 τὸ
959 578 978 611 ι
1012 558 1222 614 κλαίειν
1251 558 1396 631 μετὰ
1420 559 1735 613 κλαιόντων·
1764 577 1782 610 ι

190 656 287 710 καὶ
315 654 401 719 τὸ,
444 673 465 706 ι
502 653 782 724 Μακάριοι
822 652 871 705 οί
918 650 1221 716 κλαίοντες,
1260 652 1344 706 ὅτι
1376 651 1718 721 γελάσονται,
1764 668 1783 702 ›

193 749 289 802 καὶ
329 746 414 810 τὸ,
463 765 482 799 ι
530 746 595 799 El
622 745 822 815 πάσχει
851 743 909 798 ἓν
946 743 1128 815 μέλος,
1166 744 1481 816 συμπάσχει
1515 743 1693 797 πάντα
1722 741 1792 795 τὰ

195 839 358 912 μέλη,
409 857 429 890 ι
473 839 533 891 ἐν
571 840 685 901 τοῖς
720 836 823 907 τῆς
853 836 1221 907 εὐαηελικῆς
1243 834 1592 898 διδασκαλίας
1617 833 1793 907 μαθή-

195 946 331 1000 μασι
360 930 748 1001 περιεχόμενα,
780 927 842 982 τὸ
866 928 1005 1000 πρὸς
1040 930 1170 993 τοὺς
1194 931 1251 982 ἐν
1276 928 1357 1000 τῷ
1390 927 1491 999 βίῳ
1510 926 1791 981 ταλαιπω-

194 1023 497 1093 ρουμένους
544 1021 925 1093 φιλάνθρωπον
999 1021 1337 1085 ἐπεδείκνυε,
1382 1020 1576 1090 λέγων·
1650 1018 1792 1089 Ἐγὼ

185 1115 247 1170 δὲ
290 1116 388 1169 ἐπὶ
422 1116 586 1169 παντὶ
619 1115 869 1186 ἀδυνάτῳ
899 1114 1160 1169 ἔκλαυσα·
1198 1134 1219 1167 ι
1258 1113 1521 1180 ἐστέναξα
1563 1114 1621 1168 δὲ
1667 1113 1792 1168 ίδὼν

188 1208 363 1279 ἄνδρα
412 1209 472 1261 ἐν
521 1207 810 1277 ἀνάγκαις.
852 1227 871 1258 ι
907 1204 1043 1262 Εἶτα
1082 1209 1265 1274 πάλιν,
1298 1207 1400 1278 τῆς
1430 1207 1793 1280 εὐαγγελικῆς

186 1301 544 1365 διδασκαλίας
569 1301 700 1364 τοὺς
733 1301 1002 1373 ἀσέμνους
1040 1299 1497 1374 ἀπαγορευούσης
1524 1300 1790 1370 γέλωτας,

188 1392 486 1468 προλαϐὼν
519 1394 549 1445 ὁ
595 1393 864 1466 μακάριος
889 1395 1094 1459 οὑτοσὶ,
1137 1396 1322 1466 φησίν·
1375 1412 1397 1446 ‹
1449 1395 1512 1448 Εἰ
1543 1395 1600 1448 δέ
1643 1395 1792 1467 ήμην

186 1486 607 1557 πεπορευμένος
636 1486 777 1558 μετά
823 1484 1177 1555 γελοιαστῶν·
1212 1487 1260 1539 εί
1292 1486 1351 1540 δὲ
1390 1487 1485 1540 καὶ
1524 1487 1791 1541 ἐσπούδα-

188 1595 283 1631 σεν
311 1579 342 1630 ὁ
372 1578 510 1642 ποῦς
534 1596 636 1650 μου
659 1580 741 1642 είς
759 1579 928 1642 δόλον,
952 1580 1192 1651 ’ἑσταμαι
1221 1580 1279 1634 δέ
1303 1580 1362 1634 ἐν
1398 1578 1546 1650 ζυγῷ
1575 1579 1787 1651 δικαίῳ,

184 1667 297 1724 οἶδε
322 1670 383 1723 δὲ
409 1673 439 1724 ὁ
462 1670 670 1742 Κύριος
692 1671 792 1743 τὴν
820 1672 1058 1727 ἀκακίαν
1085 1689 1208 1744 μου.
1254 1671 1474 1744 Ἐπειδὴ
1497 1672 1555 1726 δὲ
1583 1673 1612 1725 ό
1638 1672 1791 1744 παρά

184 1765 384 1818 Μωσεῖ
408 1763 565 1833 λόγος
613 1763 911 1835 νομοθετεῖ,
935 1763 1128 1834 λέγων,
1150 1783 1169 1814 ι
1195 1765 1271 1817 Οὐ
1294 1763 1620 1835 μοιχεύσεις,
1649 1784 1667 1815 ι
1694 1763 1790 1818 θά-

1895 554 2073 611 nostri
2121 554 2375 610 doctrina
2433 569 2546 608 non
2593 553 2875 610 abhorret.
2920 551 3064 608 Dicit
3110 553 3276 624 igitur
3320 553 3475 624 ipse,

1894 646 1990 701 ubi
2022 661 2177 702 suam
2208 645 2384 716 ipsius
2413 645 2581 701 vitam
2610 646 2871 716 exponit,
2921 653 2976 702 et
3024 645 3382 717 arguentibus
3414 658 3477 702 so

1893 738 2086 794 amicis
2115 737 2447 808 respondet:
2483 756 2501 788 ι
2532 736 2757 793 Servavi
2787 739 2933 794 enim
2966 738 3185 809 inopem
3211 737 3280 793 de
3306 752 3473 801 manu

1893 830 2176 901 potentis:
2216 838 2271 884 et
2320 828 2565 900 pupillo,
2597 830 2686 885 cui
2740 845 2849 884 non
2899 839 3017 884 erat.
3062 828 3304 899 adjutor,
3345 830 3478 885 sub-

1892 922 2037 979 veni.
2065 921 2140 978 Os
2168 930 2351 977 autem
2384 922 2566 978 viduae
2595 921 2729 976 mihi
2760 921 3039 977 benedixit
3064 961 3080 986 ,
3105 931 3160 977 et
3200 920 3475 992 justitiam

1894 1014 2201 1069 indumenti
2250 1013 2374 1068 loco
2422 1013 2630 1084 accepi.
2681 1011 2961 1068 Adornavi
3017 1022 3202 1067 autem
3256 1028 3344 1068 me
3382 1011 3479 1085 ju-

1893 1103 2068 1168 dicio,
2122 1104 2281 1174 quasi
2312 1104 2520 1174 duplici
2581 1105 2947 1174 vestimento;
3001 1106 3198 1162 oculus
3243 1105 3322 1161 fui
3370 1121 3479 1163 caa-

1894 1211 2084 1251 corum
2104 1235 2119 1260 ,
2147 1212 2243 1267 pes
2276 1195 2596 1251 claudorum
2622 1215 2635 1250 :
2666 1211 2768 1268 ego
2800 1195 2877 1251 fui
2906 1205 3063 1268 pater
3094 1198 3319 1268 inepum
3353 1200 3418 1252 ⁸⁸.
3450 1218 3472 1252 ι

1899 1288 2001 1360 15
2034 1286 2154 1358 Ipsa
2198 1289 2313 1343 haec
2349 1288 2516 1359 igitur
2557 1288 2886 1344 documenta
2934 1290 3094 1360 plane
3119 1291 3310 1346 eadem
3349 1297 3477 1347 sunt

1894 1396 2017 1437 cum
2045 1380 2134 1449 iis,
2178 1395 2300 1452 quae
2326 1381 2584 1437 omnibus
2629 1381 2789 1437 nobis
2833 1394 2931 1451 per
2974 1382 3350 1453 evangelicam
3377 1382 3479 1438 do-

1893 1473 2129 1528 ctrinam
2181 1474 2327 1529 tradi
2364 1475 2721 1545 nuntiarique
2762 1475 2925 1531 solita
2967 1484 3097 1531 sunt
3131 1494 3144 1530 :
3176 1478 3478 1548 quinetiam

1892 1567 2058 1625 veluti
2088 1567 2136 1624 is
2167 1568 2261 1638 qui
2291 1568 2429 1623 bene
2452 1567 2585 1622 illud
2617 1577 2843 1625 nosset:
2879 1587 2897 1620 ι
2929 1568 3085 1625 Flere
3129 1584 3255 1625 cum
3300 1568 3481 1626 ﬂenti-

1892 1659 1997 1715 bus
2018 1661 2102 1713 ‘6:
2147 1681 2165 1713 ι
2198 1668 2253 1716 et
2300 1660 2457 1725 illud,
2488 1679 2507 1712 ι
2544 1660 2697 1716 Beati
2738 1662 2834 1732 qui
2881 1663 3086 1734 lugent,
3118 1664 3377 1735 quoniam
3402 1663 3481 1719 ri-

1893 1749 2177 1818 debunt”,
2210 1770 2230 1804 ι
2268 1758 2322 1807 et
2352 1751 2524 1806 illud:
2563 1771 2581 1803 ι
2624 1750 2679 1806 Si
2713 1768 2881 1808 unum
2918 1755 3219 1809 membrum
3252 1756 3476 1826 patitur,

185 1855 349 1908 νατόν
377 1872 438 1908 τε
467 1854 611 1909 κατὰ
642 1854 846 1926 μοιχῶν
889 1853 1301 1927 ἐπιψηφίζεται·
1335 1854 1364 1908 ὁ
1396 1856 1453 1908 δὲ
1487 1856 1588 1928 τῆς
1621 1857 1781 1924 εὐαγ-

1893 1857 2016 1897 cum
2043 1858 2109 1898 eo
2155 1844 2321 1898 simul
2354 1844 2538 1900 omnia
2585 1845 2832 1900 membra
2877 1847 3164 1916 patiuntur
3182 1849 3249 1903 ⁸³.
3288 1867 3306 1899 ι
3345 1850 3480 1915 Qua:

185 1948 418 2019 γελικῆς
468 1948 821 2013 διδασκαλίας
872 1949 965 2002 τὸν
1022 1949 1185 2021 νόμον
1238 1949 1540 2016 ἐπιτείνων,
1605 1951 1789 2023 φησίν·

192 2059 214 2094 ι
282 2040 517 2114 Ἐρρέθη
549 2044 669 2103 τοῖς
723 2042 999 2115 ἀρχαίοις·
1043 2042 1117 2096 Οὐ
1180 2043 1509 2114 μοιχεύσεις·
1575 2043 1686 2112 ἐγὼ
1736 2044 1792 2098 δὲ

182 2134 335 2202 λέγω
363 2135 516 2204 ὑμῖν,
543 2134 677 2206 μηδέ
697 2134 794 2206 τὴν
807 2135 983 2207 ἀρχὴν
1009 2134 1318 2207 ἐπιθυμεῖν·
1348 2154 1366 2186 ›
1390 2135 1662 2206 σκέψασθε
1690 2155 1791 2189 κα-

184 2225 300 2291 λῶς
336 2227 432 2280 τὸν
481 2228 612 2298 περὶ
653 2224 715 2280 οὗ
757 2227 852 2281 νῦν
896 2230 927 2282 ὁ
958 2228 1134 2298 λόγος,
1165 2228 1244 2293 ὃς,
1280 2230 1424 2284 κατά
1455 2230 1515 2283 τὸ
1553 2231 1790 2302 Χριστοῦ

186 2317 343 2389 βιοὺς
361 2317 715 2387 Εὔαγγέλιον,
747 2321 842 2372 καὶ
866 2318 929 2371 τὸ
961 2320 1078 2390 μετ’
1110 2314 1405 2391 ἐπιθυμίας
1437 2319 1792 2374 ἀκολαστότε-

185 2430 283 2485 ρον
313 2410 613 2484 ἐμϐλέπειν
647 2412 1114 2483 παρεφυλάττετο,
1138 2413 1222 2482 ἐφ’
1246 2407 1291 2482 ᾧ
1319 2415 1413 2467 καὶ
1442 2413 1786 2485 ἐσεμνύνετο,

181 2507 381 2577 λέγων·
415 2526 435 2559 ι
465 2508 531 2561 Ei
550 2507 608 2561 δέ
627 2508 723 2560 καὶ
745 2505 827 2577 τῷ
846 2506 1110 2578 ὀφθαλμῷ
1137 2506 1575 2579 ἐπηκολούθησεν
1600 2509 1633 2579 ή
1654 2524 1791 2580 καρ-

179 2600 274 2655 δία
313 2618 420 2670 μου
460 2600 684 2669 γυναικὶ
730 2599 924 2671 ἀνδρὸς
965 2598 1177 2671 ἐτέρου·
1223 2619 1242 2651 ›
1286 2599 1380 2653 καὶ
1410 2600 1501 2654 τὸν
1531 2599 1791 2670 λογισμὸν

181 2686 517 2741 ἀποδίδωσιν
545 2686 675 2757 ἐξῆς
703 2686 946 2756 ἐπάγων·
994 2706 1013 2738 ¢
1049 2687 1237 2758 Θυμδς
1281 2687 1391 2761 γὰρ
1430 2687 1622 2760 ἀνδρὸς
1651 2689 1791 2742 ἀκα-

180 2779 452 2850 τάσχετος
494 2779 556 2832 τὺ
616 2781 803 2850 μιᾶναι
855 2780 1048 2851 ἀνδρὸς
1093 2783 1351 2850 γυναῖκα·
1387 2780 1501 2853 πῦρ
1533 2781 1643 2852 γάρ
1675 2782 1790 2836 ἐστι

182 2875 479 2944 καιόμενον
510 2872 605 2926 ἐπὶ
638 2873 856 2927 πάντων
894 2872 1004 2925 τῶν
1049 2872 1253 2945 μερῶν·
1283 2864 1344 2927 οὗ
1372 2873 1418 2928 δ’
1446 2872 1511 2927 ἂν
1551 2874 1788 2947 εἰσέλθῃ,

182 2970 250 3023 ἐκ
281 2967 452 3039 ῥιζῶν
479 2965 783 3021 ἀπώλεσεν.
822 2984 841 3018 ι
887 2965 1046 3019 Ἀλλά
1079 2966 1174 3019 καὶ
1200 2966 1263 3020 τὸ
1293 2965 1389 3020 τοῦ
1419 2967 1625 3039 τρόπου
1654 2967 1792 3022 ἀδω-

186 3060 482 3133 ροδόκητον
512 3059 842 3131 παρίστησιν
869 3050 993 3112 ὧδε·
1026 3076 1045 3109 ι
1074 3059 1209 3112 Είδέ
1237 3060 1329 3113 καὶ
1348 3062 1469 3123 ταῖς
1496 3059 1654 3132 χερσί
1686 3078 1789 3132 μου
1820 3072 1835 3091 ⁸

182 3152 418 3224 ἡψάμην
465 3150 678 3223 δώρων,
733 3150 1021 3223 σπείραιμι
1058 3150 1186 3223 ἄρα,
1225 3151 1319 3205 καὶ
1350 3150 1501 3204 ἄλλοι
1542 3151 1785 3221 φάγοιεν·

184 3244 416 3317 ἀῤῥιζος
442 3244 502 3297 δέ
528 3243 788 3314 γενοίμην
818 3244 911 3296 ἐπὶ
931 3243 1054 3314 γῆς.
1088 3262 1107 3295 ι
1149 3243 1337 3307 Ὅπως
1359 3242 1415 3296 δέ
1451 3244 1545 3296 καὶ
1576 3246 1690 3306 τοῖς
1711 3244 1792 3296 οξ·-

183 3338 359 3401 κείοις
393 3335 786 3407 προσεφέρετο,
833 3335 1023 3407 μαθεῖν
1056 3334 1226 3407 ἐστιν,
1271 3334 1367 3404 ἀφ’
1407 3327 1483 3390 ὧν
1526 3334 1790 3401 διδάσκει,

182 3430 437 3500 φάσκων·
476 3447 496 3480 ι
537 3429 602 3481 Et
625 3427 682 3481 δὲ
716 3429 810 3481 καὶ
835 3427 1103 3498 ἐφαύλισα
1123 3426 1299 3499 κρίμα
1329 3426 1664 3498 θεράποντός
1688 3443 1790 3497 μου

179 3518 218 3591 ἢ
242 3518 607 3593 θεραπαίνης,
636 3517 972 3590 κρινομένων
993 3518 1172 3571 αὐτῶν
1202 3518 1339 3589 πρὸς
1362 3516 1480 3588 ἐμέ·
1513 3536 1532 3569 ι
1560 3517 1654 3570 καὶ
1688 3516 1794 3571 πά-

181 3614 267 3667 λιν
285 3612 381 3665 τδν
396 3611 660 3683 λογισμὸν
683 3610 997 3664 ἀποδίδωσι·
1021 3629 1038 3662 ι
1073 3610 1138 3663 Τί
1156 3609 1265 3681 γὰρ
1296 3610 1526 3680 ποιήσω,
1551 3608 1645 3663 ἐὰν
1664 3608 1791 3664 ἔτα-

185 3705 271 3759 σίν
303 3722 409 3776 μου
427 3704 643 3774 ποιῆται
666 3704 694 3755 ὁ
717 3701 880 3768 Θεός;
917 3702 1044 3756 πότε
1054 3718 1142 3774 ρον
1174 3703 1271 3772 οὐχ
1292 3701 1368 3765 ὡς
1393 3700 1503 3770 ἐγὼ
1523 3701 1792 3772 ἐγενόμην

183 3800 243 3852 ἐν
260 3798 455 3870 σαρκὶ,
478 3794 653 3851 οὕτως
666 3796 908 3849 κάκεῖνοι
929 3793 1189 3863 γεγόνασι
1205 3810 1220 3853 ;
1243 3793 1549 3864 γεγόναμεν
1566 3793 1625 3846 δέ
1646 3794 1705 3845 ἐν
1722 3794 1788 3864 τῇ

182 3890 329 3960 αὐτῇ
359 3887 560 3959 κοιλίᾳ.
598 3906 617 3938 ι
651 3885 875 3948 Τούτοις
902 3883 1164 3953 ἐπιλέγει·
1209 3903 1227 3935 ι
1263 3884 1456 3955 Χήρας
1483 3881 1576 3936 τδν
1599 3882 1795 3952 ὀφθαλ-

187 3982 289 4053 μὸν
317 3981 424 4034 οὐκ
453 3978 701 4050 ἐξέτηξα·
753 3978 802 4031 εἰ
852 3977 910 4031 δέ
942 3978 1036 4030 καὶ
1078 3977 1171 4029 τὸν
1204 3975 1398 4047 ψωμόν
1442 3992 1543 4045 μου
1588 3974 1791 4044 ἔφαγον

187 4074 373 4146 μόνος,
406 4074 501 4126 καὶ
522 4072 643 4143 οὐχὶ
665 4069 890 4143 ὀρφανῷ
926 4069 1206 4141 μετέδωκα
1232 4069 1292 4136 ἐξ
1321 4068 1506 4122 αὑτοῦ·
1542 4069 1591 4121 εί
1617 4068 1674 4121 δέ
1696 4068 1791 4120 καὶ

185 4165 327 4220 εἶδον
368 4164 581 4236 γυμνὸν
613 4163 1005 4234 ἀπολλύμενον,
1053 4161 1150 4216 καὶ
1198 4162 1301 4215 οὐκ
1327 4160 1591 4231 ἡμφίεσα.
1629 4178 1646 4210 ι
1679 4158 1792 4211 Καὶ

186 4259 352 4313 πάλιν
385 4256 597 4321 ὑποϐάς
627 4256 777 4325 λέγει
801 4274 814 4286 ·
849 4274 870 4307 ι
912 4256 976 4308 Et
1009 4254 1066 4308 δέ
1098 4254 1193 4308 καὶ
1223 4252 1356 4324 λίθῳ
1379 4250 1662 4305 πολυτελεῖ
1690 4253 1789 4304 ἐπ-

186 4351 480 4421 εποίθησα·
515 4351 564 4403 εί
606 4348 664 4402 δέ
698 4348 793 4400 καὶ
828 4344 1151 4418 ηὐφράνθην
1199 4343 1394 4399 πολλοῦ
1430 4342 1659 4397 πλούτου
1699 4358 1789 4413 μοι

186 4442 505 4514 γενομένου·
534 4443 584 4495 εί
608 4441 664 4494 δέ
690 4441 783 4494 καὶ
827 4441 913 4492 ἐπ’
951 4437 1341 4510 ἀναριθμήτοις
1389 4436 1594 4508 ἐθέμην
1630 4434 1790 4507 χεῖρά

188 4553 313 4606 μου.
351 4554 371 4587 ι
424 4533 670 4601 Καὶ-τὸν
716 4531 979 4602 λογισμὸν
1014 4525 1171 4592 αὖθις
1205 4527 1466 4596 ἐπιλέγει·
1508 4545 1528 4579 ε
1573 4525 1646 4577 Ἢ
1686 4524 1786 4594 οὺχ
1822 4549 1865 4604 τ)

183 4629 406 4703 ὁρῶμεν
445 4626 599 4698 ἥλιον
628 4624 1039 4694 ἐπιφαύσκοντα
1067 4621 1160 4674 καὶ
1192 4619 1532 4681 ἐκλείποντα,
1570 4617 1666 4671 καὶ
1705 4633 1789 4669 σε-

182 4717 355 4790 λήνην
399 4715 460 4768 δὲ
494 4713 827 4783 φθίνουσαν;
870 4730 888 4763 ι
926 4706 1060 4764 Εἶτα
1094 4709 1259 4764 πάλιν
1292 4709 1390 4780 τῆς
1424 4705 1786 4778 εὐαγγελικῆς

183 4808 544 4870 διδασκαλίας
618 4805 895 4876 φησάσης,
953 4823 972 4856 ί
1044 4801 1275 4874 Ἐρρέθη
1326 4803 1440 4865 τοῖς
1494 4799 1783 4872 ἀρχαίοις·

197 4903 539 4973 Ἀγαπήσεις
559 4897 652 4951 τὸν
677 4896 904 4969 πλησίον
933 4912 1047 4960 σου,
1077 4895 1173 4949 κού⁸
1201 4894 1453 4966 μισήσεις
1472 4892 1565 4945 τὸν
1594 4889 1786 4961 ἐχθρόν

184 5012 305 5051 σου.
346 4991 497 5060 Ἐγὼ
536 4990 595 5045 δὲ
645 4990 790 5059 λέγω
838 4991 986 5060 ὑμῖν·
1046 4988 1324 5056 Ἀγαπᾶτε
1386 4985 1513 5048 τοὺς
1559 4982 1788 5055 ἐχθροὺς

183 5083 366 5159 ὑμῶν,
408 5102 427 5135 ›
460 5082 728 5152 αὐτοφυεῖ
761 5079 1080 5151 διδασκαλίᾳ
1105 5076 1390 5150 προλαϐὼν
1420 5076 1449 5128 ὁ
1480 5073 1784 5145 θαυμάσιος

180 5174 419 5251 τοῦργον
451 5175 793 5246 ἀπεπλήρου.
820 5174 911 5227 Διό
940 5189 1123 5246 φησιν·
1165 5190 1184 5223 ι
1223 5169 1360 5223 Είδέ
1395 5169 1488 5221 καὶ
1511 5166 1784 5239 ἐπιχαρὴς

184 5270 460 5343 ἐγενόμην
490 5268 584 5322 ἐπὶ
616 5266 870 5338 πτώματι
897 5264 1092 5338 ἐχθροῦ
1122 5281 1245 5335 μου,
1284 5262 1379 5315 καὶ⁵
1408 5258 1560 5315 εἶπεν
1586 5260 1620 5331 ή
1644 5275 1781 5328 καρ-

183 5366 268 5418 δία
293 5382 425 5436 μου,
461 5356 630 5430 Εὖγε,
671 5360 901 5430 ήκουσεν
934 5357 1041 5429 ἄρα
1066 5356 1128 5409 τὸ
1160 5352 1254 5418 οὖς
1282 5372 1382 5425 μου
1409 5352 1510 5424 τήν
1535 5350 1781 5423 κατάραν

189 5475 308 5527 μου.
325 5476 344 5509 ι
373 5456 487 5510 Καὶ
514 5452 806 5520 ἐπιλέγει-ι
832 5449 980 5516 Ἔξω
993 5449 1050 5502 δέ
1073 5449 1175 5501 οὐκ
1198 5443 1448 5518 ηὐλίζετο
1479 5443 1647 5508 ξένος,
1672 5444 1706 5513 ή
1724 5442 1781 5495 δὲ

185 5550 323 5623 θύρα
352 5566 455 5623 μου
488 5547 656 5601 παντὶ
682 5544 883 5598 ἐλθόντι
911 5543 1173 5613 ἀνέῳκτο,
1204 5560 1222 5592 ι
1259 5538 1382 5593 ἐπεὶ
1402 5538 1476 5609 μὴ
1497 5535 1777 5607 ἀλλότριος

1895 1932 1952 1988 in
1986 1933 2290 2004 disciplinae
2341 1934 2669 2005 evangelicae
2712 1935 3060 1992 documentis
3106 1939 3478 2006 continentur,

1893 2024 2192 2082 humanum
2243 2034 2298 2081 et
2343 2027 2758 2083 misericordem
2810 2044 2938 2099 erga
2982 2029 3214 2085 miseros
3269 2030 3326 2084 in
3366 2031 3477 2085 vita

1894 2117 2139 2171 animum
2174 2117 2575 2173 demonstravit
2612 2118 2803 2177 dicens
2833 2141 2844 2175 :
2887 2140 2905 2172 ι
2940 2120 3052 2193 Ego
3101 2130 3282 2178 autem
3313 2137 3477 2192 super

1894 2209 2044 2264 omni
2080 2211 2245 2281 inope
2287 2209 2433 2275 ﬂevi,
2473 2218 2528 2266 et
2568 2213 2845 2282 suspiravi
2884 2226 3008 2268 cum
3049 2214 3228 2269 virum
3270 2214 3381 2270 vidi
3422 2214 3480 2268 in

1891 2302 2321 2358 necessitatibus
2343 2302 2410 2358 σε.
2447 2324 2465 2356 ›
2504 2303 2707 2361 Deinde
2735 2321 2932 2362 rursus
2962 2323 3100 2361 cum
3120 2306 3479 2363 immodestos

1890 2394 2039 2449 risus
2097 2392 2351 2448 doctrina
2404 2396 2717 2466 evangelica
2754 2406 2999 2469 respuat,
3032 2400 3225 2456 beatus
3275 2400 3365 2455 hic
3391 2401 3478 2455 vir

1890 2493 2046 2541 tanto
2078 2493 2206 2541 ante
2237 2488 2598 2557 pronuntiat:
2632 2508 2651 2541 ι
2685 2489 2745 2545 Si
2774 2507 2905 2546 vero
2934 2493 3208 2547 ambulavi
3235 2508 3360 2548 cum
3382 2494 3479 2550 de-

1892 2578 2183 2642 risoribus,
2214 2586 2269 2633 et
2302 2578 2348 2634 si
2377 2578 2655 2636 festinavit
2681 2597 2776 2652 pes
2816 2596 2972 2638 meus
2998 2582 3067 2636 ad
3100 2582 3307 2647 dolum,
3343 2598 3480 2638 con-

1892 2670 2008 2725 stiti
2036 2671 2093 2725 in
2124 2677 2330 2726 statera
2363 2671 2535 2741 justa,
2567 2681 2621 2728 et
2652 2674 2806 2728 novit
2841 2673 3108 2730 Dominus
3153 2674 3481 2745 simplicita-

1889 2766 2000 2813 tem
2026 2774 2205 2815 meam
2225 2761 2292 2816 "°.
2333 2781 2351 2813 ι
2388 2760 2657 2827 Quoniam
2694 2778 2824 2818 vero
2855 2762 3023 2819 lllosis
3046 2766 3209 2818 πτολ
3236 2764 3325 2819 illa
3347 2764 3483 2835 legis

1891 2851 2012 2906 loco
2032 2861 2380 2923 proponunt:
2416 2873 2434 2905 ι
2468 2852 2587 2908 Non
2616 2853 2940 2910 adulterium
2966 2858 3277 2913 cemznittes
3296 2856 3395 2922 ⁷¹,»
3428 2864 3484 2913 et

1891 2950 2124 2999 mortem
2161 2952 2350 2999 contra
2386 2946 2665 3003 adulteros
2704 2963 2924 3018 ptenam
2978 2949 3355 3003 constituunt:
3385 2949 3482 3018 qui

1893 3043 2074 3092 autem
2104 3036 2372 3093 doctrina:
2417 3040 2749 3111 evangelicae
2773 3041 2947 3110 legem
2963 3038 3248 3108 describit,
3267 3041 3342 3095 ita
3365 3041 3478 3094 ait:

1900 3145 1920 3178 ι
1959 3124 2170 3181 Dictum
2191 3134 2275 3182 est
2299 3127 2541 3198 antiquis
2569 3148 2583 3183 :
2618 3127 2740 3183 Non
2779 3129 3185 3194 mmchaberis;
3221 3144 3322 3196 ego
3351 3144 3483 3185 vero

1899 3216 2025 3273 dico
2054 3218 2231 3282 vobis,
2274 3235 2344 3274 ne
2378 3220 2448 3275 ab
2492 3220 2650 3276 initio
2695 3220 2917 3291 quidem
2957 3224 3218 3292 cupere"
3252 3239 3265 3273 :
3309 3241 3329 3274 ›
3358 3237 3484 3292 spe-

1898 3322 2110 3368 ctemus
2148 3313 2319 3383 probe
2343 3313 2508 3379 hunc,
2541 3314 2609 3369 de
2640 3328 2751 3384 quo
2779 3329 2963 3370 sermo
2990 3321 3095 3379 est,
3122 3313 3483 3385 quemadmo-

1895 3403 2026 3473 dum
2066 3404 2369 3460 secundum
2399 3405 2608 3463 Christi
2637 3405 2990 3477 Evangelium
3021 3407 3232 3469 vivens,
3256 3420 3326 3461 ne
3357 3421 3484 3461 cum

1896 3496 2199 3567 cupiditate
2244 3497 2502 3553 licentius
2555 3499 2847 3570 aspiceret,
2883 3499 3048 3562 cavit,
3084 3498 3142 3552 in
3170 3514 3282 3568 quo
3317 3500 3485 3553 etiam

1894 3586 2257 3656 gloriabatur,
2293 3587 2487 3643 dicens
2518 3607 2532 3642 :
2563 3606 2581 3639 ι
2620 3586 2679 3642 Si
2700 3603 2834 3644 vero
2860 3590 3083 3644 oculum
3116 3596 3368 3645 secutum
3398 3598 3489 3646 est

1893 3694 1992 3739 cor
2018 3696 2200 3736 meum
2233 3681 2289 3735 in
2321 3681 2549 3737 muliere
2575 3680 2803 3741 alterius
2836 3682 3036 3738 viri”:
3075 3702 3094 3734 ι
3132 3690 3188 3739 et
3213 3683 3481 3738 rationem

1896 3772 2141 3843 assignat
2176 3771 2436 3845 deinceps
2482 3773 2788 3847 adjungens
2819 3793 2833 3828 :
2872 3793 2892 3826 ι
2929 3774 3159 3831 Animus
3201 3776 3346 3829 enim
3380 3776 3485 3831 viri

1893 3866 2198 3923 dissolutus
2252 3867 2322 3921 ad
2369 3868 2764 3937 inquinandam
2813 3867 2920 3922 viri
2968 3867 3296 3931 mulierem,
3340 3867 3483 3938 ignis

1893 3960 2039 4016 enim
2079 3967 2165 4015 est
2195 3960 2397 4017 ardens
2437 3961 2495 4014 in
2543 3960 2799 4016 omnibus
2857 3959 3110 4031 partibus
3165 3959 3257 4014 ἰι
3317 3960 3484 4029 quod-

1897 4067 2117 4122 cunque
2156 4057 2337 4107 autem
2377 4052 2661 4117 invaserit,
2690 4051 2958 4108 radicitus
2988 4051 3217 4123 perdere
3246 4066 3486 4109 consue-

1892 4146 2001 4211 vit;
2033 4166 2051 4197 ι
2073 4144 2167 4201 sed
2184 4144 2347 4200 etiam
2365 4144 2714 4216 incorruptos
2732 4144 2785 4199 in
2794 4144 3020 4217 judiciis
3042 4159 3223 4201 mores
3247 4145 3479 4211 indm-it,

1892 4243 1974 4299 sic
1996 4263 2011 4299 :
2036 4264 2055 4296 ι
2095 4244 2154 4299 Si
2186 4252 2366 4301 autem
2391 4244 2644 4300 manibus
2672 4243 2809 4299 meis
2837 4242 2992 4312 attigi
3019 4254 3267 4302 munera,
3301 4253 3482 4294 seram

1893 4337 2045 4407 ipse,
2088 4346 2141 4392 et
2184 4338 2277 4391 alii
2316 4335 2630 4400 comedant,
2653 4343 2708 4391 et
2744 4334 2865 4390 sine
2909 4335 3081 4403 stirpe
3126 4331 3391 4386 exsistam
3424 4330 3481 4384 in

1892 4433 2040 4481 terra
2063 4426 2133 4481 ⁷⁸.
2168 4444 2187 4477 ι
2214 4410 2499 4492 Quomodo
2521 4433 2704 4480 autem
2729 4440 2789 4480 se
2806 4438 2934 4495 erga
2962 4421 3297 4477 domesticos
3325 4437 3482 4491 gere-

1892 4528 1975 4573 ret
1998 4533 2062 4574 ex
2087 4518 2155 4574 iis
2175 4519 2302 4575 licet
2325 4518 2524 4573 intueri
2549 4532 2670 4588 quae
2694 4515 2875 4579 docet,
2905 4528 3029 4569 cum
3058 4513 3137 4567 ait
3169 4527 3183 4563 :
3211 4530 3229 4564 ι
3264 4509 3321 4566 Si
3345 4526 3481 4567 con-

1889 4611 2086 4681 tempsi
2124 4610 2309 4667 subire
2333 4609 2603 4681 judicium
2636 4622 2762 4663 cum
2804 4620 2964 4664 servo
3009 4620 3155 4669 meo,
3194 4611 3249 4660 et
3283 4604 3482 4675 ancilla

1892 4715 2037 4768 mea,
2070 4716 2195 4757 cum
2225 4702 2598 4772 disceptarent
2622 4698 2914 4754 adversum
2934 4698 3118 4754 me":
3140 4716 3159 4749 ι
3196 4704 3252 4751 et
3284 4695 3502 4751 deinde.

1891 4796 2161 4852 rationem
2189 4795 2471 4867 assignat:
2510 4813 2529 4846 ι
2560 4794 2701 4860 Quid
2725 4793 2869 4849 enim
2887 4792 3107 4858 faciam,
3140 4791 3186 4847 si
3208 4789 3479 4860 judicium

1893 4898 2087 4946 contra
2118 4906 2207 4946 me
2238 4889 2548 4946 exercuerit
2570 4888 2754 4943 Deus?
2784 4886 3033 4957 nunquid
3067 4900 3180 4941 non
3215 4885 3481 4954 quemad-

1893 4982 2116 5037 modum
2151 4997 2253 5052 ego
2294 4981 2474 5036 factus
2509 4995 2631 5037 sum
2681 4979 2737 5033 in
2785 4992 2972 5042 carne,
3005 4983 3060 5032 et
3105 4976 3186 5032 sic
3234 4975 3312 5030 illi
3350 4973 3480 5029 facti

1895 5073 2062 5129 sunt?
2094 5070 2223 5127 facti
2259 5087 2425 5141 porro
2470 5086 2660 5128 sumus
2703 5070 2761 5124 in
2801 5068 2995 5124 eodem
3035 5077 3196 5124 utero
3222 5068 3290 5123 ".
3323 5086 3343 5121 ι
3383 5066 3481 5122 llis

1890 5164 2139 5236 adiungit
2171 5178 2185 5215 :
2222 5182 2242 5216 ι
2280 5158 2471 5219 Vidua;
2512 5163 2732 5219 oculum
2775 5175 2888 5217 non
2914 5159 3222 5231 liquescere
3252 5157 3357 5214 feci
3386 5178 3398 5213 :
3432 5160 3480 5214 si

1890 5263 2071 5311 autem
2094 5264 2148 5310 et
2171 5255 2475 5311 buccellam
2505 5269 2681 5309 meam
2697 5252 2913 5309 comedi
2943 5252 3116 5317 solus,
3136 5259 3190 5307 et
3215 5264 3324 5305 non
3352 5262 3479 5303 cum

1890 5346 2098 5419 pupillo
2126 5345 2528 5402 communicavi
2553 5361 2566 5397 :
2595 5351 2650 5399 et
2680 5344 2729 5401 si
2758 5343 2869 5401 vidi
2898 5346 3104 5399 nudum
3135 5347 3478 5413 pereuntem,

1890 5446 1945 5495 et
1974 5455 2084 5494 non
2110 5438 2389 5494 vestivi".
2434 5457 2452 5489 ι
2491 5437 2558 5492 Et
2598 5437 2859 5508 deinceps
2895 5448 3226 5507 progressus
3275 5433 3356 5489 sic
3390 5430 3477 5486 di-

1887 5530 1963 5587 cit
1990 5550 2003 5584 :
2039 5549 2059 5583 (
2098 5528 2157 5585 Si
2187 5544 2319 5587 vero
2350 5537 2405 5587 et
2445 5531 2502 5585 in
2524 5530 2705 5602 lapide
2729 5529 2974 5602 pretioso
3002 5526 3258 5583 ﬁdudiam
3285 5524 3477 5605 habui,

274 5708 321 5740 ⁸³
379 5706 491 5763 Job
544 5720 719 5767 nix,
774 5702 964 5757 ll-IG.
1040 5700 1087 5733 “
1151 5697 1310 5753 Rom.
1357 5712 1460 5757 xu,
1526 5695 1616 5767 lg’i.
1676 5693 1741 5767 _"

1893 5695 1982 5767 .th.
2028 5709 2083 5761 ν,
2118 5680 2423 5767 ΠΒςῄΙΛιο.
2465 5693 2731 5767 γιιμὲιελ
2775 5691 2821 5725 ⁸⁸
2858 5689 3058 5767 [(3ng
3091 5705 3201 5753 xu,
3261 5686 3387 5767 26._
3421 5687 3477 5767 :9

131 5804 139 5808 -
187 5777 285 5832 Job
326 5794 461 5836 xxx.
514 5776 608 5831 25.
723 5775 769 5805 ⁷⁸
807 5771 909 5826 Job
984 5786 1137 5830 xxxr,
1178 5770 1233 5833 6,
1292 5769 1350 5821 7.

1453 5767 1495 5799 ⁷¹
1544 5765 1714 5821 Exod.
1779 5782 1876 5829 xx,
1921 5766 2008 5820 M.

188 5849 233 5881 τι
268 5835 529 5927 maia.
606 5846 653 5927 τι
688 5842 821 5923 Ibid.
867 5843 982 5899 7-8.
1026 5841 1103 5925 λε
1143 5839 1277 5923 Ibid.
1318 5839 1401 5893 ιδ.
1496 5836 1713 5919 ⁷⁷νὶὺίι1.
1752 5835 1775 5889 l

1893 5836 1938 5891 5.

2116 5766 2160 5797 ⁷³
2205 5756 2403 5820 Matth.
2445 5782 2496 5835 v_
2534 5756 2629 5833 Ἦ,
2668 5763 2778 5835 Ξθκ
2868 5762 2935 5828 ⁷³,
2973 5760 3079 5816 Job
3133 5775 3282 5824 Mi“,
3322 5756 3472 5829 -7-9.

2046 5835 2093 5867 "
2130 5836 2261 5891 ibid.
2308 5825 2496 5890 1649..
