3842 6218
369 332 438 388 55
1002 342 1274 403 EUSEBII
1310 348 1795 405 CIESARlENSlS
1825 349 1975 408 OPP.
2017 351 2199 406 PARS
2238 350 2303 407 ll.
2345 382 2416 395 —
2446 349 2952 408 APOLOGETICA.
3551 349 3629 407 56

368 468 422 516 et
443 460 655 516 laetatus
684 476 829 525 sum,
858 477 983 518 cum
1013 464 1197 519 multae
1213 466 1343 520 mihi
1367 465 1568 522 divitiae
1590 478 1791 532 essent,
1820 476 1874 524 et
1898 471 1945 524 si

2052 470 2141 524 τοῦ
2178 472 2504 541 φήσαντοςί
2532 470 2873 541 Ξένοςῆμην,
2891 469 2987 522 καὶ
3010 467 3343 540 συνηγάγετέ
3364 485 3450 538 με.
3466 488 3485 521 ι
3519 467 3626 522 οἷα

371 551 441 605 ad
477 553 894 608 innumerabilia
916 555 1072 624 posui
1096 571 1318 611 manum
1350 575 1525 614 meam
1548 562 1612 617 7°.
1646 582 1666 615 ›
1706 564 1810 634 16
1834 562 1942 617 Ra-

368 645 682 715 tionemque
707 645 836 700 item
866 646 1113 718 adiungit
1140 664 1155 700 :
1193 667 1211 701 ι
1248 648 1331 704 An
1361 666 1470 706 non
1499 652 1747 710 videmus
1772 656 1942 710 solem

368 735 505 790 oriri
543 749 606 788 ac
645 734 900 800 deﬁcere,
942 736 1238 808 lunamque
1283 739 1534 797 desinere
1549 743 1634 796 8°?
1669 762 1688 794 ι
1726 742 1939 801 Rursus

369 839 497 880 cum
531 825 781 880 doctrina
816 829 1130 898 evangelica
1170 830 1317 885 dicat
1345 850 1357 886 :
1390 849 1409 883 ι
1444 832 1657 889 Dictum
1687 842 1771 890 est
1799 836 1937 890 anti-

368 919 495 989 quis
522 936 535 976 :
568 917 771 989 Diliges
798 921 1103 989 proximum
1136 928 1311 988 tuum,
1342 930 1396 978 et
1430 925 1553 980 odio
1581 927 1809 984 habebis
1840 929 1944 983 ini-

368 1012 572 1068 micum
596 1020 770 1066 tuum.
800 1012 910 1083 Ego
946 1022 1123 1069 autem
1157 1016 1282 1071 dico
1316 1017 1491 1084 vobis,
1525 1019 1732 1090 diligite
1760 1021 1944 1075 inimi-

370 1117 467 1159 cos
494 1111 710 1159 vestros
727 1106 803 1158 διε
840 1126 859 1157 ι
884 1105 1222 1162 admirabilis
1246 1108 1336 1161 hic
1369 1109 1451 1164 vir
1480 1110 1665 1165 innata
1690 1112 1942 1169 doctrina

368 1197 729 1267 praveniens,
761 1201 938 1266 ipsum
966 1214 1106 1269 opus
1151 1201 1464 1270 complevit.
1496 1201 1641 1274 Ergo
1665 1206 1745 1260 sic
1774 1207 1945 1277 loqui-

368 1296 498 1341 tur:
539 1306 557 1338 ι
591 1288 647 1343 Si
681 1289 900 1360 gavisus
939 1305 1060 1345 sum
1097 1307 1265 1361 super
1307 1294 1463 1347 ruina
1493 1294 1702 1351 inimici
1728 1299 1857 1363 mei,
1889 1306 1945 1354 et

370 1378 510 1435 dixit
538 1396 635 1435 eor
659 1397 861 1450 meum,
892 1382 1058 1454 Euge,
1086 1384 1271 1438 audiat
1297 1398 1429 1441 sane
1458 1388 1610 1444 auris
1638 1404 1758 1443 mea
1786 1406 1943 1446 exse-

370 1474 670 1531 crationem
715 1492 887 1530 meam
905 1478 973 1532 ⁸³.
1012 1497 1031 1530 ι
1069 1478 1209 1534 Tum
1249 1480 1500 1553 adiungit
1538 1499 1551 1534 :
1595 1502 1615 1536 ι
1647 1483 1804 1540 Foris
1847 1500 1944 1541 au-

370 1574 481 1623 tem
513 1583 622 1623 non
652 1569 854 1624 mansit
880 1569 1231 1642 Peregrinus,
1272 1583 1326 1628 et
1347 1575 1549 1630 ostium
1580 1591 1762 1631 meum
1796 1579 1946 1634 omni

367 1661 607 1715 venienti
640 1663 815 1731 patuit
837 1663 903 1727 ⁸³,
945 1682 964 1715 ι
997 1678 1063 1718 eo
1095 1665 1239 1734 quod
1280 1680 1391 1721 non
1418 1667 1644 1725 'alienus
1686 1679 1832 1725 esset
1876 1672 1946 1728 ab

368 1765 437 1807 eo
457 1752 550 1822 qui
566 1752 704 1807 dixit
728 1773 743 1808 :
779 1772 799 1806 ι
830 1754 1156 1825 Peregrinus
1181 1773 1323 1826 sum,
1346 1765 1400 1813 et
1416 1759 1709 1830 collegistis
1733 1777 1820 1816 me
1839 1762 1938 1818 ⁸⁸.»

2048 561 2104 615 δὲ
2133 562 2295 616 αὐτοῦ
2320 561 2413 614 καὶ
2441 560 2510 614 τὰ
2531 562 2657 631 περί
2677 560 2786 613 τῶν
2814 560 3082 613 ἀκουσίων
3116 558 3625 630 πλημμελημάτων,

2048 654 2349 709 ἐπάκουσον
2386 654 2651 722 λέγοντος
2691 672 2710 704 ι
2762 654 2826 705 Εἰ
2864 652 2919 705 δὲ
2945 651 3038 705 καὶ
3068 650 3326 722 ἁμαρτὼν
3356 649 3630 714 ἀκουσίως

2049 746 2259 820 ἔκρυψα
2282 747 2379 818 τὴν
2432 746 2705 817 ἁμαρτίαν
2738 763 2859 816 μου,
2903 745 2963 797 οὐ
3006 744 3114 815 γάρ
3136 743 3430 815 διετράπην
3457 742 3627 795 πολυ-

2049 841 2230 910 οχλίαν
2260 838 2623 911 πλήθους,τοῦ
2658 838 2732 910 μὴ
2768 837 3122 909 ἐξαγορεῦσαι
3162 835 3389 888 ἐνώπιον
3424 833 3627 889 αὐτῶν.

2048 932 2113 985 Et
2144 931 2201 984 δὲ
2226 932 2320 985 καὶ¹
2344 933 2498 985 εῖασα
2519 930 2776 983 ἀδύνατον
2799 929 3031 995 ἐξελθεῖν
3058 929 3155 1000 τὴν
3175 928 3346 999 θύραν
3372 944 3469 998 μου
3498 926 3631 979 κόλ-

2051 1041 2138 1094 πῳ
2174 1024 2334 1095 κενῷ,
2364 1026 2523 1095 χεῖρα
2545 1022 2602 1075 δὲ
2636 1022 2838 1093 Κυρίου
2864 1024 2911 1075 εἰ
2941 1021 3013 1092 μὴ
3046 1021 3351 1083 ἐδεδοίκειν,
3387 1034 3632 1089 συγγρα-

2051 1114 2157 1185 φὴν
2188 1114 2245 1166 δὲ
2265 1116 2331 1184 ἢν
2368 1109 2511 1184 εἶχον
2554 1112 2696 1166 κατά
2713 1128 2878 1176 τινος,
2915 1113 2961 1163 εί
3012 1111 3085 1181 μὴ
3123 1109 3289 1181 ῥήξας
3321 1108 3489 1178 αὐτὴν
3518 1108 3631 1160 ἀπ-

2050 1207 2248 1270 έδωκα,
2269 1208 2419 1260 οὐδὲν
2457 1207 2634 1260 λαϐὼν
2668 1207 2815 1278 παρά
2856 1203 3265 1276 χρεωφειλέτου.
3298 1221 3317 1252 ι
3344 1200 3528 1255 Ταῦτα
3555 1196 3631 1271 ἦν

2050 1300 2144 1351 καὶ
2166 1298 2234 1351 τά
2262 1299 2485 1353 τοιαῦτα
2512 1298 2621 1351 τῶν
2653 1298 2759 1368 πρὸ
2804 1297 3049 1359 Μωσέως
3113 1294 3373 1363 θεοφιλῶν
3417 1293 3632 1363 ἀνδρῶν

2053 1388 2132 1459 (ἐξ
2164 1390 2281 1452 ἐνὸς
2303 1389 2412 1461 γάρ
2447 1391 2541 1443 καὶ
2564 1390 2656 1442 τὸν
2687 1388 2793 1442 τῶν
2815 1388 3018 1441 λοιπῶν
3040 1384 3435 1457 τεκμαίρεσθαι
3465 1400 3633 1455 προσ-

2051 1482 2175 1552 ήκει
2207 1480 2362 1553 βίον),
2397 1481 2465 1535 τά
2498 1482 2843 1553 περιύμνητα
2880 1481 2979 1550 τῆς
3019 1480 3329 1541 θεοσεϐείας
3359 1474 3515 1540 ἆθλα,
3555 1476 3628 1529 δι’

2049 1570 2086 1625 ἃ.
2111 1572 2251 1641 φίλοι
2276 1572 2410 1626 Θεοῦ
2455 1572 2549 1627 καὶ
2587 1573 2865 1644 προφῆται
2890 1569 3321 1641 κατηξιώθησαν.
3356 1566 3636 1629 Τοιούτοις

2050 1666 2093 1719 δ’
2114 1661 2254 1731 οὖσι,
2281 1666 2366 1729 τίς
2394 1665 2473 1718 ἔτι
2496 1666 2653 1737 χρεία
2674 1660 2742 1734 ἦν
2764 1662 2874 1716 τῶν
2920 1662 3072 1734 ποιρά
3096 1663 3286 1715 Μωσεῖ
3314 1659 3631 1731 παραγγελ-

2056 1758 2241 1829 μάτων
2287 1756 2509 1826 φαύλοις
2550 1756 2773 1827 ἀνδράσι
2809 1755 2903 1807 καὶ
2938 1754 3227 1825 μοχθηροῖς
3270 1753 3636 1824 παραδεδομέ·

369 1844 563 1912 Qualia
596 1862 761 1916 porro
805 1848 935 1912 sint,
976 1864 1097 1917 quae
1136 1849 1279 1923 idem
1323 1852 1523 1906 sentiat
1563 1853 1630 1909 de
1679 1856 1939 1925 peccatis,

2052 1861 2179 1911 νων;
2219 1844 2427 1897 Οὐκοῦν
2469 1843 2556 1897 διὰ
2586 1844 2789 1898 τούτων
2830 1844 3086 1897 ἀπάντων
3120 1843 3212 1895 τὸν
3247 1843 3635 1914 ἀρχαιότατον»

369 1952 494 2009 quae
533 1948 729 2010 praeter
776 1941 1114 1995 voluntatem
1170 1944 1606 2013 committuntur,
1640 1947 1769 2001 audi
1810 1963 1948 2002 eun-

371 2032 495 2087 dem
520 2031 790 2088 dicentem
819 2051 833 2087 :
862 2052 880 2084 ι
921 2032 1076 2099 Quod
1107 2034 1155 2089 si
1199 2036 1392 2092 nolens
1427 2039 1543 2108 ipse
1587 2040 1947 2108 peccaverim,

371 2129 426 2176 et
449 2128 735 2191 peccatum
778 2137 958 2177 meum
1002 2123 1415 2191 occultaverim,
1446 2142 1553 2180 non
1584 2128 1728 2182 enim
1757 2128 1946 2183 horrui

369 2212 758 2268 turbulentiam
804 2214 1191 2278 multitudinis,
1238 2231 1309 2271 ue
1342 2218 1685 2274 enuntiarem
1729 2220 1786 2274 in
1810 2212 1946 2275 con-

375 2316 564 2373 spectu
608 2320 799 2360 eorum
831 2326 846 2361 :
888 2308 933 2361 si
969 2321 1098 2361 vero
1133 2306 1357 2377 permisi
1389 2308 1605 2378 inopem
1639 2311 1789 2366 abire
1822 2313 1945 2366 sinu

372 2409 568 2463 vacuo,
599 2404 655 2450 et
681 2410 902 2450 manum
943 2395 1157 2450 Domini
1199 2397 1246 2451 si
1290 2412 1402 2451 non
1441 2399 1687 2465 extimui,
1720 2415 1949 2471 syngra-

371 2484 534 2553 pham
579 2493 784 2550 autem,
815 2502 979 2556 quam
1012 2486 1178 2541 habui
1212 2487 1475 2545 adversus
1514 2492 1858 2561 quempiam,
1900 2493 1945 2547 si

370 2588 482 2627 non
512 2573 743 2630 scissam
792 2591 912 2631 eam
954 2577 1188 2642 reddidi,
1241 2579 1378 2634 nihil
1426 2582 1701 2651 accipiens
1734 2596 1763 2634 a
1792 2581 1946 2635 debi-

371 2674 491 2722 tore
505 2667 573 2725 ⁸⁸,
606 2685 627 2718 ι
658 2666 784 2723 Haec
822 2668 986 2739 igitur
1015 2681 1177 2740 atque
1208 2670 1522 2741 hujusmodi
1556 2680 1713 2727 erant
1742 2674 1796 2726 in
1842 2673 1945 2736 iis,

373 2760 469 2832 qui
532 2766 660 2815 ante
712 2759 917 2816 Mosem
964 2760 1207 2828 fuerunt,
1257 2764 1392 2819 viris
1447 2765 1653 2819 sanctis
1700 2765 1788 2836 (de
1837 2766 1947 2820 vita

372 2852 519 2906 enim
547 2850 710 2906 unius
742 2850 1078 2921 reliquorum
1106 2852 1235 2905 item
1268 2854 1545 2923 conjicere
1570 2855 1738 2909 vitam
1773 2856 1945 2928 licet),

370 2957 473 3014 pro
501 2943 761 3013 religione
784 2944 1037 2999 videlicet
1085 2944 1286 3001 divinis
1321 2946 1574 3002 laudibus
1620 2948 1947 3005 celebranda

372 3034 698 3097 certamina,
733 3048 832 3105 per
873 3050 993 3105 quae
1036 3043 1091 3089 et
1142 3037 1303 3091 amici
1329 3036 1444 3100 Dei,
1486 3045 1540 3092 et
1579 3038 1855 3108 prophetae
1886 3047 1948 3093 ut

372 3124 722 3189 exsisterent,
769 3126 918 3196 digni
949 3126 1124 3182 effecti
1182 3136 1330 3183 sunt.
1382 3128 1541 3185 Tales
1600 3138 1780 3185 autem
1820 3146 1946 3186 cum

373 3225 578 3280 essent,
608 3216 740 3287 quid
768 3217 876 3271 illis
906 3227 1173 3289 praecepta
1210 3219 1377 3275 Musis
1401 3222 1662 3291 prodesse
1676 3230 1947 3291 poterant,

270 3314 277 3319 ’
374 3320 496 3377 quas
528 3308 849 3378 vulgaribus
889 3318 1053 3381 atque
1100 3312 1466 3367 insolentibus
1507 3313 1642 3368 viris
1675 3314 1951 3383 descripta

374 3408 430 3452 et
460 3399 662 3454 tradita
692 3402 856 3456 sunt?
884 3402 960 3457 Ex
994 3403 1078 3459 his
1118 3404 1283 3474 igitur
1326 3405 1582 3460 omnibus
1608 3405 1755 3475 quod
1797 3414 1955 3461 vetu-

376 3489 679 3545 stissimum
735 3492 1037 3561 primorum
1088 3492 1311 3547 Patrum
1361 3494 1641 3565 religionis
1706 3510 1947 3560 morem,

375 3583 591 3636 cunctis
615 3583 868 3653 gentibus
897 3584 1101 3642 Christi
1130 3585 1354 3640 verbum
1384 3585 1808 3651 denuntiaverit,
1830 3602 1951 3640 ma-

374 3672 730 3730 nifestissime
761 3683 1005 3746 apparet,
1029 3692 1099 3732 ne
1128 3676 1533 3733 Testamentum
1563 3676 1774 3733 Novum
1805 3679 1953 3734 aliud

376 3781 499 3821 esse
514 3768 796 3835 'putemus,
830 3782 993 3837 quam
1023 3767 1465 3838 antiquissimam
1498 3769 1645 3823 illam
1678 3768 1948 3825 Mosaico-

376 3873 500 3913 rum
524 3866 828 3929 temporum
862 3859 1113 3931 religioni
1142 3860 1487 3930 conjunctam
1517 3860 1731 3916 civilem
1753 3862 1952 3916 oratio-

375 3965 524 4014 nem,
552 3956 611 4005 ut
639 3959 692 4005 et
721 3958 878 4006 vetus
928 3952 1151 4020 pariter,
1183 3958 1237 4006 et
1271 3951 1414 4006 idem
1445 3966 1646 4006 novum
1676 3952 1952 4021 possimus

376 4043 563 4098 dicere
589 4059 604 4095 :
640 4050 796 4098 vetus
827 4043 1045 4112 quidem
1088 4051 1313 4113 propter
1341 4058 1405 4098 ea
1430 4059 1554 4113 qu:e
1577 4044 1951 4099 demonstrata

375 4141 505 4191 sunt
534 4150 551 4186 :
577 4148 777 4189 novum
807 4142 985 4189 autem
1018 4142 1324 4204 propterea,
1360 4134 1506 4204 quod
1530 4135 1689 4204 longo
1715 4144 1840 4204 post
1870 4137 1954 4189 in-

374 4226 604 4281 tervallo
634 4226 792 4295 quasi
836 4224 1151 4280 hominibus
1194 4223 1599 4290 absconditum,
1631 4240 1824 4281 rursus
1853 4240 1952 4295 per

378 4318 677 4374 Salvatoris
698 4318 872 4373 nostri
902 4317 1207 4372 doctrinam
1236 4316 1492 4372 revixerit
1516 4332 1529 4368 :
1556 4325 1669 4370 toto
1701 4331 1829 4371 vero
1848 4316 1953 4370 hoc

377 4412 558 4467 medio
589 4412 657 4467 de
686 4426 800 4482 quo
847 4410 1056 4466 dictum
1090 4416 1176 4466 est
1226 4418 1486 4480 tempore,
1533 4409 1774 4479 quandiu
1815 4409 1951 4464 Novi

376 4500 709 4558 Testamenti
732 4518 871 4568 mos,
895 4512 956 4558 ut
987 4503 1235 4557 homines
1260 4502 1474 4563 lateret,
1504 4511 1556 4556 et
1586 4502 1746 4572 quasi
1769 4501 1951 4571 quiete

2045 1934 2147 2004 τῆς
2173 1932 2281 1986 τῶν
2314 1933 2673 2005 προπατόρων
2698 1932 3006 1995 θεοσεϐείας
3048 1932 3268 2004 τρόπον,
3306 1934 3334 1985 ὁ
3387 1932 3629 2003 Χριστοῦ

2047 2028 2218 2096 Λόγος
2241 2027 2373 2079 πᾶσι
2410 2025 2773 2094 καταγγείλας
2802 2028 2913 2089 τοῖς
2950 2024 3127 2078 ἔθνεσι
3165 2025 3458 2095 προφανῶς
3487 2027 3629 2078 ἀπο-

2046 2116 2328 2180 δέδεικται,
2343 2112 2564 2179 ιῦςεῖναι
2579 2116 2678 2187 τὴν
2692 2116 2897 2185 Καινὴν
2909 2114 3445 2186 Διαθήκηνοὺδ’(5“’⁶)
3464 2114 3634 2185 ἀλλην

2048 2209 2261 2278 ἐκείνης
2280 2209 2378 2278 τῆς
2408 2207 2769 2279 ἀρχαιοτάτης
2799 2206 2906 2259 τῶν
2936 2207 3179 2269 Μωσέως
3212 2207 3417 2277 χρόνων
3472 2208 3632 2260 εὐσε-

2048 2300 2177 2363 ϐοῦς
2218 2299 2514 2363 πολιτείας,
2549 2300 2691 2353 ὥστε
2730 2299 2866 2371 ὁμοῦ
2902 2300 2996 2352 καὶ
3025 2298 3261 2353 παλαιὰν
3283 2299 3452 2371 αὐτὴν
3486 2296 3630 2353 εἶναι

2049 2392 2142 2445 καὶ
2192 2392 2333 2445 νέαν’
2382 2391 2747 2462 παλαιοτάτην
2791 2392 2887 2463 μὲν
2925 2390 3014 2444 διὰ
3062 2390 3129 2443 τὰ
3176 2391 3628 2461 ἀποδεδειγμένα,

2049 2484 2172 2536 νέαν
2208 2483 2266 2536 δὲ
2311 2480 2465 2547 αὖθις
2501 2484 2589 2536 διὰ
2632 2485 2713 2549 τὸ,
2755 2487 2985 2555 μακροῖς
3031 2488 3144 2547 τοῖς
3189 2484 3390 2554 μεταξὺ
3415 2485 3632 2556 χρόνοις

2048 2576 2237 2649 ὥσπερ
2263 2579 2665 2650 άποκρυϐεῖσαν
2694 2578 2753 2642 ἐξ
2785 2577 3106 2649 ἀνθρώπων,
3140 2574 3293 2641 αὖθις
3322 2578 3597 2632 ἀναϐεϐιω
3617 2605 3631 2616 ο

2049 2670 2201 2723 κέναι
2233 2669 2320 2722 διὰ
2345 2670 2445 2740 τῆς
2476 2671 2569 2723 τοῦ
2591 2670 2842 2741 Σωτῆρος
2862 2670 3014 2739 ἡμῶν
3034 2669 3397 2732 διδασκαλίας.
3424 2668 3631 2722 Τοῦτόν

2048 2763 2112 2830 γέ
2138 2780 2220 2814 τοι
2251 2763 2342 2815 τὸν
2379 2762 2578 2833 μεταξὺ
2607 2762 2930 2833 δηλούμενον
2971 2761 3160 2831 χρόνον
3194 2760 3302 2823 ἓως
3349 2759 3632 2813 συνέϐαινε

2047 2853 2327 2907 λανθάνειν
2344 2854 2680 2924 ἀνθρώπους,
2705 2853 2796 2905 καὶ
2813 2852 3000 2923 ὥσπερ
3030 2851 3390 2922 ἐφησυχάζειν
3414 2852 3504 2904 τὸν
3530 2852 3631 2921 τῆς

2048 2944 2255 3014 Καινῆς
2296 2943 2568 3015 Διαθήκης
2598 2945 2816 3015 τρόπον,
2864 2944 2892 2995 ὁ
2922 2944 3162 3007 Μωσέως
3190 2945 3248 2996 ἐν
3297 2943 3373 3013 τῷ
3424 2944 3629 3015 μεταξὺ

2015 3072 2027 3091 .
2050 3034 2422 3105 παρεισελθὼν
2450 3036 2633 3106 νόμος,
2663 3032 2752 3088 οἷά
2770 3053 2854 3098 τις
2876 3036 3084 3106 νηπίων
3106 3036 3200 3088 καὶ
3220 3034 3425 3088 ἀτελῶν
3440 3034 3633 3105 ψυχῶν

2052 3126 2340 3197 ἐπίτροπος
2362 3128 2454 3179 καὶ
2472 3128 2773 3198 οἰκονόμος,
2799 3127 2831 3197 ἢ
2854 3127 2947 3180 καὶ
2967 3126 3170 3197 ἰατρὸς,
3188 3127 3333 3197 δεινῇ
3359 3126 3630 3194 καὶΑἰγυ·

2054 3221 2258 3288 πτιακῇ
2282 3218 2420 3287 νόσῳ
2444 3220 2841 3290 τετρυχωμένῳ
2868 3218 2944 3289 τῷ
2972 3220 3133 3272 παντὶ
3166 3218 3436 3271 Ἰουδαίων
3465 3217 3632 3282 ἐθνει,

2053 3311 2239 3374 αὐτοῖς
2271 3310 2333 3381 δὴ
2366 3314 2480 3375 τοῖς
2511 3310 2607 3363 τοῦ
2668 3311 2915 3382 ’Λϐραάμ
2954 3311 3242 3379 ἀπογόνοις
3278 3310 3352 3382 μὴ
3390 3310 3523 3374 οἵοις
3571 3326 3635 3364 τε

2051 3396 2200 3456 οὖσιν
2230 3401 2429 3473 ὁμοίως
2458 3404 2570 3465 τοῖς
2612 3402 2953 3474 προπάτορσι
2997 3403 3316 3474 κατορθοῦν,
3360 3402 3454 3455 τὸν
3496 3402 3634 3455 ὑπο-

2053 3497 2326 3568 ϐεϐηκότα
2347 3496 2442 3549 καὶ
2476 3495 2637 3566 ἀτελῆ
2675 3494 2787 3565 βίον
2831 3495 3139 3565 παρεδίδου.
3192 3493 3411 3565 Ἐπειδὴ
3436 3493 3545 3564 γάρ
3572 3496 3633 3546 ἐν

2051 3592 2117 3661 τῇ
2150 3589 2278 3660 παρ’
2307 3588 2624 3657 Αἰγυπτίοις
2650 3587 2896 3658 διατριϐῇ
2916 3583 3061 3641 οὗτοι
3096 3586 3233 3657 μετά
3261 3587 3357 3657 τὴν
3376 3585 3485 3639 τῶν
3509 3586 3634 3639 θεο-

2054 3680 2223 3751 φιλῶν
2288 3679 2647 3750 προπατόρων
2708 3678 2985 3749 τελευτὴν,
3030 3681 3151 3741 ταῖς
3230 3680 3635 3747 Αίγυπτιακαῖς

2052 3768 2457 3842 ὁμοιοτροπίαις
2475 3769 2831 3839 ἀπαχθέντες,
2850 3770 2942 3822 ἐπὶ
2953 3770 3050 3842 τὴν
3073 3769 3351 3833 πολύθεον,
3372 3769 3446 3832 ὡς
3472 3768 3633 3840 ἔφην,

2052 3863 2471 3933 δεισιδαιμονίαν
2505 3862 2995 3927 ἁποπεπτώκεσαν,
3026 3864 3100 3926 ώς
3132 3862 3297 3933 μηδὲν
3331 3862 3439 3915 τῶν
3467 3864 3637 3932 Αἰγυ-

2054 3956 2223 4010 πτίων
2253 3955 2413 4008 πλέον
2443 3954 2588 4025 ἔχειν
2632 3955 2828 4019 δοκεῖν,
2873 3956 3153 4024 γεγονέναι
3191 3957 3248 4009 δὲ
3285 3956 3427 4010 κατά
3454 3956 3638 4010 πάντα

2052 4048 2271 4119 ὁμοίους
2298 4047 2500 4114 αὐτοῖς,
2534 4047 2675 4101 κατά
2701 4065 2762 4100 τε
2795 4048 2891 4118 τὴν
2922 4046 3029 4101 τῶν
3060 4047 3291 4101 εἰδώλων
3313 4048 3545 4118 πλάνην,
3577 4046 3636 4100 ἐν

2052 4156 2111 4191 τε
2136 4142 2248 4203 τοῖς
2278 4138 2457 4203 ἄλλοις
2492 4140 2886 4211 ἐγχειρήμασιν
2905 4156 2918 4169 ·
2950 4139 3193 4206 εἰκότως,
3222 4138 3411 4211 ῶσπερ
3441 4143 3504 4192 ἐκ
3538 4139 3637 4209 βυ-

2057 4229 2150 4282 θοῦ
2188 4229 2372 4282 κακῶν
2405 4228 2750 4300 ἀνιμώμενος
2780 4230 2973 4293 αὐτοὺς
2999 4232 3026 4282 ό
3047 4230 3272 4299 Μωσῆς,
3304 4231 3508 4301 ἀφίστη
3538 4230 3638 4300 μὲν

2055 4320 2155 4391 τῆς
2188 4320 2347 4373 ἀθέου
2392 4318 2698 4383 πολυθεΐας,
2739 4319 2909 4389 ἀνῆγε
2941 4320 2997 4372 δὲ
3042 4321 3135 4372 ἐπὶ
3166 4320 3259 4373 τὸν
3293 4320 3509 4372 πάντων
3541 4320 3640 4390 δη-

2061 4410 2318 4482 μιουργὸν
2368 4410 2520 4476 Θεὸν,
2568 4412 2783 4483 πρῶτον
2821 4413 3028 4464 ἐκεῖνον
3074 4411 3279 4481 βαθμὸν
3331 4411 3636 4475 εὐσεϐείας,

2057 4502 2132 4565 ώς
2174 4503 2232 4554 ἐν
2275 4504 2605 4571 εἰσαγωγαῖς
2649 4503 2742 4557 καὶ
2777 4502 3100 4573 προθύροις,
3146 4502 3255 4555 τῶν
3288 4501 3639 4573 τελεωτέρων

376 4609 443 4648 ac
498 4596 718 4652 silentio
768 4603 1065 4661 teneretur,
1108 4597 1333 4651 evenit:
1378 4593 1545 4649 Mosis
1609 4595 1816 4650 interea
1860 4595 1947 4649 lex

2057 4592 2515 4664 προϐεϐλημένος.
2554 4594 2784 4647 Ἔπειτα
2828 4595 2888 4647 οὐ
2943 4594 3209 4663 φονεύειν,
3241 4595 3301 4647 ού
3339 4593 3639 4665 μοιχεύειν,

376 4686 625 4756 ingressa
667 4689 825 4759 quasi
869 4688 1159 4760 puerilium
1214 4685 1766 4755 imperfectorumque
1831 4686 1950 4741 ani-

378 4791 593 4831 marum
649 4781 893 4835 curatrix
943 4779 1229 4849 quaedam,
1282 4786 1337 4834 et
1400 4778 1794 4848 gubernatrix,
1855 4785 1952 4832 aut

378 4869 545 4922 etiam
578 4869 774 4925 medici
816 4870 1106 4940 cujusdam
1142 4870 1341 4933 instar,
1385 4870 1536 4939 gravi
1593 4869 1953 4940 [Egyptiaco-

375 4976 484 5030 que
512 4962 556 5030 1
576 4961 627 5031 7
670 4962 861 5017 morbo
887 4962 1155 5017 laboranti
1184 4961 1456 5017 universa}
1493 4959 1807 5015 Judmorum
1850 4976 1951 5017 na-

375 5054 537 5118 tioni,
587 5054 724 5125 ipsis
765 5056 1015 5112 videlicet
1052 5055 1285 5110 Abrahae
1326 5055 1646 5125 nepotibus,
1695 5063 1749 5110 et
1792 5056 1862 5111 ab
1886 5070 1952 5111 eo

377 5162 551 5216 genus
597 5147 959 5211 trahentibus,
1004 5147 1095 5217 qui
1150 5162 1257 5201 non
1301 5146 1755 5215 quemadmodum
1788 5148 1952 5216 primi

378 5244 584 5306 patres,
612 5236 686 5289 ita
727 5236 831 5306 ipsi
868 5253 1045 5304 suam,
1073 5252 1194 5306 qua:
1227 5235 1523 5292 subsecuta
1552 5244 1656 5302 est,
1690 5236 1950 5307 imperfe-

378 5330 606 5382 ctiorem
636 5328 806 5383 vitam
838 5329 1074 5401 dirigere
1112 5339 1382 5403 poterant,
1431 5326 1633 5386 tradita
1678 5334 1780 5382 est.
1815 5326 1952 5381 Nam

377 5421 507 5488 quia
542 5435 669 5477 cum
702 5418 974 5492 (Egyptiis
1020 5433 1299 5481 versantes
1342 5431 1466 5495 post
1507 5428 1821 5475 sanctorum
1852 5418 1955 5473 Pa-

377 5518 525 5566 trum
559 5520 813 5578 mortem,
847 5512 1292 5585 Egyptiacorum
1337 5528 1552 5572 morum
1601 5511 1957 5569 similitudine

2056 4686 2115 4737 οὐ
2162 4684 2444 4753 κλέπτειν,
2495 4687 2599 4739 οὐκ
2644 4688 2942 4758 ἐπιορκεῖν,
3000 4688 3100 4739 ούκ
3137 4686 3374 4758 ἄρρενας
3412 4686 3642 4758 ἄρρεσιν

2058 4777 2460 4847 ἐπιμαίνεσθαι,
2492 4780 2551 4831 ού
2594 4779 2887 4849 μητράσιν,
2913 4779 3014 4831 οὐκ
3054 4777 3340 4846 ἀδελφαῖς,
3372 4778 3435 4830 οὑ
3466 4777 3639 4845 θυγα-

2059 4869 2251 4941 τράσιν
2305 4870 2714 4941 ἐπιμίγνυσθαι,
2775 4870 2883 4923 οὐδ’
2924 4872 3025 4923 ὅσα
3069 4870 3294 4923 τοιαῦτα
3344 4871 3456 4932 τοῖς
3513 4868 3640 4921 τότε

2057 4960 2320 5033 πράττειν
2373 4962 2520 5031 ἐξῆν,
2570 4961 2787 5030 ἀφόϐως
2836 4958 3149 5030 συνεχώρει.
3190 4958 3526 5031 Παραλαϐὼν
3578 4958 3643 5012 δὲ

2055 5052 2116 5117 ἐξ
2145 5053 2419 5125 ἀνημέρου
2451 5053 2546 5106 καὶ
2578 5053 2873 5124 θηριώδους
2898 5052 3011 5123 βίου
3030 5052 3395 5123 λογικωτέραν
3420 5051 3513 5103 καὶ
3546 5049 3639 5103 εὖ·Δ

2056 5163 2219 5217 νομον
2253 5148 2311 5198 ἐν
2350 5148 2460 5209 τοῖς
2509 5144 2627 5197 τότε
2669 5145 2883 5215 χρόνοις
2927 5142 3222 5206 πολιτείαν,
3269 5141 3484 5212 πρῶτος
3542 5144 3639 5195 ἐπὶ

2055 5240 2158 5309 γῆς
2194 5238 2280 5291 διὰ
2307 5237 2528 5308 γραφῆς
2563 5237 2961 5305 συνεστήσατο,
2995 5233 3147 5287 οῦπω
3182 5233 3301 5286 τότε
3336 5234 3499 5285 πᾶσιν
3541 5233 3638 5286 ἀν-

2059 5328 2297 5401 θρώποις
2346 5327 2613 5395 ἐκφανοῦς
2661 5326 2813 5389 ὄντος
2870 5325 2993 5378 οὐδὲ
3030 5323 3124 5378 τοῦ
3167 5324 3369 5376 τοιουδί.
3408 5323 3638 5394 τρόπου.

2061 5416 2190 5475 Εἶτα
2222 5419 2278 5472 δὲ
2303 5418 2449 5471 ὠσάν
2478 5416 2721 5470 ἀτελέσιν
2763 5414 3011 5470 ἀπειπὼν
3042 5415 3138 5487 τὴν
3170 5414 3639 5485 εἰδωλολατρείαν,

2064 5510 2272 5573 θυσίαις
2319 5509 2411 5562 καί
2454 5524 2561 5561 τισι
2616 5507 3091 5577 σωματικωτέροις
3132 5507 3222 5559 τὸν
3263 5505 3361 5559 ἕνα
3408 5504 3503 5557 καὶ
3543 5503 3642 5557 ἐπὶ

450 5604 496 5636 ’⁸
540 5603 645 5660 Job
687 5621 842 5666 xxxr,
871 5606 1058 5661 24-95.
1136 5609 1181 5640 ⁸ο
1217 5609 1347 5663 ibid.
1389 5606 1479 5662 26.
1554 5604 1597 5636 ⁸⁸
1635 5601 1823 5658 Matth.
1880 5622 1932 5673 γ,

2052 5605 2177 5661 ιιι.
2254 5605 2297 5637 δ’
2327 5602 2428 5658 Job
2524 5617 2671 5665 xxxr,
2697 5600 2885 5666 99,30.
2960 5601 3006 5633 ⁸³
3039 5599 3170 5653 lbid.
3207 5599 3295 5654 52.
3372 5598 3419 5631 ⁸⁸
3442 5598 3636 5653 Matth.

380 5688 509 5737 uv,
531 5674 620 5728 55.
695 5676 743 5707 ⁸⁸
769 5674 872 5731 Job
902 5693 1051 5744 χιιι,
1085 5678 1280 5734 55-55.

636 5764 794 5821 Οὐδ’.
821 5764 980 5824 Fortc
1014 5768 1299 5838 legendum
1328 5770 1444 5825 οὐκ.
1486 5769 1643 5827 Emr.
