3842 6218
155 354 228 411 57

157 469 376 523 πάντων
428 457 562 514 Θεὸν
622 447 943 526 θεραπεύειν
1011 443 1373 515 παρεκέλευε,
1429 437 1518 490 διά
1569 448 1732 488 τινων
1758 447 1808 505 Α

154 551 614 629 ἀπὸρρητοτέρων
646 525 752 616 ἰδίᾳ
786 539 1066 614 συμϐόλων
1103 537 1202 608 τὴν
1243 533 1363 588 κατ’
1402 528 1564 585 αὐτὸν
1596 525 1732 598 θρη-

161 648 351 704 σκείαν
377 641 647 698 ἐπιτελεῖν
673 633 1060 708 νομοθετήσας,
1088 629 1154 700 ἢν
1192 626 1287 680 καὶ
1319 619 1634 692 θαυμασίως
1656 611 1734 684 τῷ

158 739 292 809 θείῳ
315 734 601 804 Πνεῦματι
662 725 885 782 συνιδὼν
919 725 1018 778 οὐκ
1054 723 1134 784 είς
1177 719 1400 787 ἄπειρον
1433 713 1542 766 δεῖν
1583 724 1737 776 περι-

159 799 336 895 iactv,
372 799 596 897 ὑφ’-ἕνα
621 821 786 876 τόπον
805 813 1192 890 περιέγραψεν,
1235 809 1422 881 ὁρίσας
1459 803 1532 876 μὴ
1571 799 1735 855 ἀλλα-

158 925 286 996 χόσε
316 891 591 975 συντελεῖν
630 913 700 967 τὰ
739 910 859 966 κατ’
887 908 1048 962 αὑτὸν
1076 905 1284 975 νόμιμα
1317 900 1351 971 ἢ
1383 899 1442 951 ἐν
1479 895 1622 966 μόνῳ
1657 891 1738 944 ἐνὶ

157 984 331 1085 τόπῳ·
361 1004 516 1073 οὗτος
551 1009 594 1060 6‘
622 1002 690 1076 ἦν
725 1005 754 1056 6
780 1005 836 1057 ἐν
876 994 1296 1070 Ἱεροσολύμοιςο
1327 989 1430 1056 ἕξω
1465 987 1520 1040 δὲ
1549 984 1737 1038 τούτου

95 1093 104 1107 ’
161 1075 397 1178 μηκέτι·
425 1099 550 1154 ὅθεν
595 1075 677 1155 εἰς
698 1095 782 1148 ἔτι
814 1092 910 1148 καὶ
952 1088 1111 1158 δεῦρο
1136 1085 1322 1138 παισὶν
1367 1077 1633 1150 Ἐϐραίων
1677 1075 1738 1128 οὐ

109 1279 114 1288 ⁸
161 1159 387 1267 θεμιτὸν
424 1191 620 1246 ἄλλοσε
675 1185 830 1248 ἐκτὸς
859 1183 960 1254 τῆς
998 1176 1388 1251 καθῃρημένης
1421 1159 1598 1226 αὐτῶν
1634 1186 1740 1240 μη-

320 1286 347 1288 ί-
537 1280 560 1288 τ
676 1277 732 1288 -·
977 1271 989 1288 ι
1073 1271 1128 1288 ιθ
1175 1267 1336 1288 μμ----
1411 1261 1529 1288 -r.--
1579 1258 1719 1288 ιηλ..

161 1258 474 1360 τρὸπόλεως
503 1280 631 1334 οὕτε
673 1277 822 1332 θύειν
860 1271 1004 1328 κατὰ
1037 1271 1130 1324 τὸν
1175 1267 1358 1338 νόμον,
1408 1261 1532 1316 οὔτε
1579 1258 1740 1330 ἱερὸν,

107 1375 118 1444 ξ
162 1349 290 1436 οῦτε
321 1374 710 1444 θυσιαστήριον
743 1368 996 1438 ἐγείρειν,
1024 1361 1148 1416 οὔτε
1181 1358 1355 1430 χρίειν
1391 1353 1590 1425 ἱερέας,
1619 1349 1744 1403 οὔτε

167 1469 446 1544 βασιλέας,
491 1465 616 1519 οὔτε
659 1463 760 1526 τὰς
811 1459 952 1513 κατὰ
1004 1453 1206 1510 Μωσέα
1256 1447 1588 1520 πανηγύρεις
1650 1445 1746 1498 καὶ

165 1535 360 1637 ἐορτὰς
390 1557 655 1620 ἐκτελεῖν,
685 1554 748 1608 οὐ
796 1547 1034 1624 μιασμοῦ
1063 1540 1442 1612 καθαίρεσθαι,
1475 1537 1536 1590 οὐ
1566 1535 1748 1606 πλημ-

169 1629 394 1731 μελείας
417 1648 772 1711 ἀπολύεσθαι,
796 1646 856 1698 οὐ
875 1644 1024 1714 δῶρα
1045 1638 1122 1710 τῷ
1135 1635 1253 1708 Θεῷ
1279 1633 1624 1706 προσφέρειν,
1652 1629 1748 1699 οὐχ

169 1722 446 1803 ίλεοῦσθαι
491 1742 634 1796 κατὰ
675 1738 748 1792 τὰ
785 1729 1269 1805 νενομοθετημένα.
1323 1725 1524 1794 Διόπερ
1555 1722 1652 1776 καὶ
1683 1723 1750 1791 τῇ

164 1838 418 1902 Μωσέως
443 1835 672 1896 εἰκότως
704 1797 1370 1896 ὑποϐέϐληνται-κατάρα,
1396 1818 1454 1869 ἐν
1483 1814 1636 1885 μέρει
1655 1811 1752 1882 μὲν
1784 1833 1826 1887 Β
1853 1797 2056 1854 rationi
2089 1807 2213 1862 mag

168 1931 464 2004 φυλάττειν
491 1925 616 1979 τινὰ
646 1920 998 1992 πειρώμενοι,
1025 1918 1084 1968 ἐν
1111 1913 1169 1966 δὲ
1193 1913 1306 1974 τοῖς
1337 1909 1479 1970 ὅλοις
1513 1920 1751 1976 παρανο-

173 2024 426 2096 μοῦντες,
467 2015 762 2090 διαρρήδην
799 2010 1040 2071 Μωσέως
1082 2000 1520 2072 ἄποφηναμένου·
1553 2015 1573 2048 ι
1632 1996 1752 2047 Ὅτι

168 2088 236 2187 δὴ
276 2088 680 2181 ἐπικατάρατος
713 2107 842 2170 πᾶς,
874 2102 933 2166 ὃς
963 2101 1064 2152 οὐκ
1111 2096 1338 2167 ἐμμενεί
1366 2093 1424 2145 ἐν
1459 2091 1592 2143 πᾶσι
1641 2088 1753 2148 τοῖς

173 2177 650 2276 ἐξγεγραμμένοις
679 2197 758 2268 τῷ
777 2195 948 2266 νόμῳ,
977 2191 1071 2245 τοῦ
1105 2188 1328 2257 ποιῆσαι
1360 2183 1518 2238 αὐτά.
1561 2199 1580 2232 ι
1613 2177 1754 2231 Τού-

171 2311 289 2358 τοις
321 2293 382 2346 δὲ
414 2292 548 2345 πᾶσι
597 2281 1110 2359 περιπεπτώκασιν,
1142 2275 1310 2332 αὐτοῦ
1333 2271 1576 2334 Μωσέως
1624 2267 1756 2338 θείῳ

172 2380 457 2452 Πνεύματι
485 2374 892 2450 προειληφότος,
914 2371 996 2424 ὅτι
1019 2369 1107 2439 δὴ,
1133 2368 1232 2437 τῆς
1257 2363 1346 2417 διὰ
1375 2359 1612 2433 Χριστοῦ
1629 2360 1759 2411 Και-

173 2475 276 2545 νῆς
315 2450 594 2540 Ᾰιαθὴκης
625 2463 1056 2532 ἀνανεωθείσης,
1092 2459 1186 2512 καὶ
1221 2459 1334 2519 τοῖς
1375 2455 1538 2507 πᾶσιν
1583 2450 1758 2504 ἔθνεσι

176 2557 672 2630 καταγγελθείσης,
706 2553 930 2626 περιττή
965 2567 1049 2612 τις
1081 2548 1232 2601 ἔσται
1262 2547 1296 2616 ἡ
1331 2543 1456 2597 κατ’
1485 2541 1648 2594 αὑτὸν
1677 2557 1763 2591 νο-

181 2654 416 2728 μοθεσία
438 2668 452 2682 ο
479 2651 548 2722 ἢν
576 2649 798 2709 εἰκότως
825 2646 914 2714 ὑφ’
945 2642 1043 2696 ἐνα
1069 2641 1233 2694 τόπον
1267 2635 1593 2707 περιώρισεν
1613 2672 1627 2694 ,
1653 2633 1760 2694 ἵνα,

179 2745 372 2800 εἴποτε
412 2742 604 2796 τούτου
632 2737 963 2809 στερηθεῖεν,
997 2733 1091 2786 καὶ
1129 2726 1536 2785 ἀποκλεισθεῖεν
1564 2724 1662 2794 τῆς
1688 2723 1766 2774 ol—

181 2839 344 2902 κείας
367 2834 703 2906 ἐλευθερίας,
737 2829 926 2902 μηκέτ’
955 2828 1136 2888 αὐτοῖς
1167 2823 1286 2888 ἐξὸν
1317 2821 1403 2890 εἴη
1432 2820 1524 2872 ἐπὶ
1548 2817 1647 2887 τῆς
1682 2814 1768 2869 ἁλ-

182 2930 426 3000 λοδαπῆς
451 2926 522 2981 τὰ
550 2926 669 2980 κατ’
701 2921 860 2977 αὑτὸν
884 2920 1092 2990 νόμιμα
1128 2914 1426 2975 συντελεῖν,
1454 2911 1528 2973 ὡς
1573 2909 1667 2960 καὶ
1709 2905 1769 2970 ἐξ

183 2999 436 3092 ἀνάγκης
454 3017 553 3089 τὴν
579 3011 834 3086 δευτέραν
858 3010 1129 3080 Διαθήκην
1156 3004 1254 3076 τὴν
1279 3003 1368 3058 διὰ
1399 2999 1635 3074 Χριστοῦ
1668 3015 1768 3052 κα-

185 3112 390 3187 τηγγε)
403 3112 575 3184 μένην
597 3106 845 3178 γενέσθαι
861 3100 1242 3173 παραδεκτέον.
1258 3095 1399 3150 Αὐτὸ
1419 3095 1484 3166 δὴ
1501 3090 1592 3150 οὖν
1615 3091 1772 3146 τοῦτο

183 3183 434 3269 Μωσέως
461 3199 953 3274 προηγορευκότος,
986 3193 1118 3266 ὁμοῦ
1177 3208 1234 3244 τε
1265 3193 1294 3244 6
1316 3187 1550 3260 Χριστὸς
1577 3183 1774 3254 ἐπεδή-

190 3318 283 3373 μει
319 3297 402 3368 τῷ
431 3295 552 3367 βίῳ,
583 3293 676 3346 καὶ
702 3291 801 3360 τῆς
845 3288 1053 3358 Καινῆς
1079 3283 1354 3354 Διαθὴκης
1409 3275 1773 3351 προεϐάλλετο

185 3371 303 3457 τοῖς
357 3389 540 3443 έθνεσι
590 3381 943 3444 διδασκαλία,
995 3374 1340 3450 παραχρῆμά
1384 3389 1444 3424 τε
1511 3371 1774 3438 Ῥωμαῖοι

185 3485 290 3556 τὴν
311 3481 466 3536 πόλιν
489 3478 700 3540 ἑλόντες
724 3471 1009 3544 πολιορκίᾳ
1027 3467 1276 3524 καθεῖλον
1297 3465 1366 3519 τὰ
1399 3460 1666 3533 ἰεροσόλυ
1675 3475 1772 3530 μα,

191 3579 286 3634 καί
317 3575 410 3629 τὸν
438 3570 626 3626 αὐτόθι
659 3565 796 3622 νεών
815 3583 830 3596 ·
859 3562 1052 3617 λέλυτό
1079 3578 1140 3615 τε
1185 3559 1384 3614 αὐτίκα
1407 3557 1557 3609 πᾶσα
1584 3555 1616 3618 ἡ
1649 3553 1778 3606 Μω-

193 3669 335 3732 σέως
357 3663 622 3728 διάταξις,
655 3661 749 3715 καὶ
769 3658 838 3712 τὰ
856 3657 955 3728 τῆς
983 3655 1224 3717 Παλαιᾶς
1252 3649 1552 3723 περιῄρητο
1583 3644 1779 3714 Διαθή-

193 3779 322 3834 κης,
355 3758 429 3813 τά
465 3774 526 3810 τε
565 3757 664 3826 τῆς
708 3755 847 3824 ἀρᾶς
891 3751 1079 3822 μετῄει
1124 3747 1250 3810 τοὺς
1291 3743 1444 3816 παρὰ
1488 3740 1678 3812 καιρὸν
1711 3737 1780 3790 τὰ

189 3852 445 3914 Μωσέως
481 3849 740 3920 πράττειν
775 3837 1240 3915 παρανομοῦντας,
1301 3835 1382 3897 εἰς
1419 3829 1559 3886 αὐτὰ
1595 3827 1776 3900 βιαζο-

199 3943 431 4016 μένους⁶
467 3939 820 4008 ἀντεισήγετο
855 3933 914 3986 δέ
941 3930 1076 4003 ὁμοῦ
1119 3929 1213 3982 καὶ
1253 3925 1396 3981 κατὰ
1431 3924 1494 3976 τὸ
1527 3921 1656 3976 αὐτὸ
1683 3919 1780 3988 τῆς

195 4011 330 4100 νέας
353 4033 450 4088 καὶ
476 4027 722 4092 ἐντελοῦς
747 4023 1093 4086 διδασκαλίας
1117 4021 1188 4074 τὰ
1215 4018 1440 4088 νόμιμα.
1474 4013 1672 4082 Διόπερ
1701 4011 1779 4062 εἰ·-

197 4125 376 4186 κότως
411 4121 441 4172 6
465 4118 658 4189 Σωτὴρ
689 4117 782 4170 καὶ
815 4113 1020 4184 Κύριος
1064 4109 1223 4182 ἡμῶν
1268 4109 1380 4170 τοῖς
1422 4102 1686 4174 οἰομένοις
1723 4101 1816 4152 ἐν·

204 4217 345 4288 μόνῃ
366 4214 436 4282 τῇ
477 4207 852 4279 Ἰερουσαλὴμ,
879 4206 913 4276 ἦ
943 4206 1000 4258 ἐν
1025 4201 1174 4272 ὅρεσί
1199 4216 1341 4254 τισιν
1382 4197 1415 4268 ἦ
1454 4195 1639 4257 τόποις
1681 4192 1784 4261 ἀερ-

197 4306 530 4379 ορισμένοις
551 4305 660 4357 δεῖν
683 4300 776 4354 τὸν
790 4299 921 4356 Θεὸν
945 4296 1287 4368 προσκυνεῖν,
1319 4289 1481 4362 φησίν
1499 4306 1512 4318 ·
1547 4306 1566 4339 ‹
1597 4287 1787 4356 Ἔρχε-

200 4416 294 4454 ται
317 4397 461 4466 ὥρα,
493 4395 588 4448 καὶ
615 4391 711 4446 νῦν
748 4391 915 4453 ἐστιν,
939 4388 1026 4440 ὅτε
1067 4387 1116 4438 οἱ
1141 4381 1384 4454 ἀληθινοὶ⁹
1416 4374 1786 4449 προσκυνηταὶ

203 4487 682 4563 προσκυνήσουσιν
711 4481 835 4535 οὔτε
873 4482 931 4533 ἐν
961 4477 1039 4548 τῷ
1075 4475 1192 4545 ὄρει
1218 4473 1412 4542 τούτῳ,
1443 4467 1567 4522 οὒτε
1593 4469 1650 4522 ἐν
1690 4466 1787 4518 Ἱε⁴

208 4559 494 4655 ρόυσαλὴμ
521 4576 612 4647 τῷ
643 4574 820 4648 Πατρί
839 4590 852 4600 ·
893 4569 1112 4640 πνεῦμα
1139 4565 1248 4639 γὰρ
1275 4567 1304 4619 6
1331 4563 1485 4630 Θεὸς,
1534 4561 1630 4615 καὶ
1661 4559 1788 4620 τοὺς

206 4649 654 4743 προσκυνοῦντας
700 4662 882 4724 αὐτὸν,
907 4663 967 4714 έν
1007 4657 1275 4729 πνεύματι
1317 4655 1410 4709 καὶ
1442 4651 1669 4723 ἀληθείᾳ
1709 4649 1794 4702 δεῖ

209 4759 561 4834 προσκυνεῖν.
603 4775 623 4809 ι
655 4755 768 4810 Καὶ
795 4753 969 4808 ταῦτα
1001 4751 1290 4822 φήσαντος,
1325 4744 1666 4818 παραχρῆμα
1696 4742 1791 4794 καὶ

209 4832 312 4908 οῦκ
349 4852 432 4914 είς
461 4847 674 4920 μακρὸν
722 4841 1186 4915 πολιορκηθέντων
1218 4838 1326 4892 τῶν
1381 4832 1788 4907 Ἱεροσολύμων,

207 4942 304 5000 τοῦ
327 4942 376 4995 τ’
407 4941 596 4994 αὐτόθι
630 4939 986 5008 ἁγιάσματος,
1021 4930 1221 4987 καὶτοῦ
1255 4928 1391 4999 πρὸς
1425 4925 1572 4996 αὐτῷ
1602 4923 1791 4976 θυσια-

214 5035 469 5107 στηρίου,
495 5032 600 5102 τῆς
621 5047 683 5083 τε
711 5027 854 5083 κατὰ
907 5024 1112 5081 Μωσέα
1136 5021 1388 5093 λατρείας
1416 5017 1558 5073 κατὰ
1582 5017 1678 5088 τὴν
1699 5015 1798 5068 αὐ-

208 5128 309 5184 ⁴νοῦ
350 5125 601 5188 Μωσέως
639 5121 882 5188 διάταξιν
943 5115 1390 5190 περιῃρημένης,
1421 5111 1686 5180 ἀνέφανεν
1716 5107 1797 5171 είς

211 5221 426 5282 πάντας
439 5214 539 5272 ἀνθ
548 5213 762 5286 ρώπους
777 5213 868 5266 καὶ
883 5209 1183 5280 ἐξέλαμψεν
1199 5209 1232 5277 ή
1250 5205 1554 5278 ἅρχέτυπος
1569 5199 1678 5254 τῶν
1693 5199 1797 5270 πρὸ

213 5311 462 5373 Μωσέως
501 5305 764 5375 θεοφιλῶν
808 5303 1014 5376 ἀνδρῶν
1042 5299 1313 5362 εὐσέϐεια,
1342 5297 1377 5368 ἦ
1408 5313 1470 5350 τε
1521 5294 1586 5346 δι’
1629 5293 1800 5362 αὐτῆς

215 5403 479 5464 πᾶσιτοῖς
493 5399 706 5452 ἔθνεσιν
722 5394 1104 5466 ἐπηγγελμένη
1115 5387 1461 5458 εὐλογία,ἀπὸ
1475 5382 1569 5438 τοῦ
1583 5381 1798 5452 πρώτου

222 5491 433 5564 βαθμοῦ
465 5491 566 5544 καὶ
596 5490 706 5542 ἀπὸ
739 5489 835 5558 τῆς
865 5485 1088 5556 πρώτης
1117 5481 1504 5551 στοιχειώσεως
1522 5477 1620 5544 τῆς
1653 5470 1794 5526 κατὰ

221 5583 424 5640 Μωσέα
455 5579 715 5652 λατρείας
752 5580 845 5632 ἐπὶ
885 5577 973 5631 τὸν
1019 5575 1302 5648 κρείττονα
1342 5572 1435 5626 καὶ
1467 5567 1797 5637 τελειότερον

295 5761 339 5792 ⁸⁸
368 5759 529 5816 Deut.
566 5771 738 5822 xxvn,
757 5753 846 5808 ‘26.

1069 317 1730 388 DEMONSTRATIONIS
1763 303 2222 370 EVANGELICIE
2262 301 2393 358 LlB.
2435 298 2475 354 Ι.

3331 276 3402 332 εδ

1834 423 2014 480 allecti
2036 425 2212 485 erant,
2245 423 2299 471 et
2332 415 2385 468 in
2419 409 2718 465 multorum
2763 402 3024 466 deorum,
3049 404 3109 451 ut
3147 395 3282 458 dixi,
3309 409 3406 449 su-

1833 514 2208 588 perstitionem
2239 503 2576 563 deciderant,
2605 497 2742 552 adeo
2788 491 3031 564 quidem,
3055 495 3116 542 ut
3139 485 3408 557 Egyptiis

1834 576 2068 677 amplius
2101 600 2239 656 nihil
2285 597 2506 658 habere,
2535 597 2589 646 et
2624 588 2732 642 illis
2776 588 2832 640 in
2877 581 3135 638 omnibus
3179 576 3406 642 similes,

1833 709 1950 755 tum
1996 697 2054 751 in
2089 706 2275 749 errore
2307 687 2752 744 simulacrorum,
2795 685 2909 731 tum
2941 675 2996 728 in
3041 671 3166 725 aliis
3193 681 3412 738 quoque

1836 787 2175 848 facinoribus
2213 782 2456 839 evasisse
2495 775 2860 830 viderentur:
2890 764 3086 819 merito
3134 759 3291 831 quasi
3345 772 3414 812 ex

1837 877 2109 952 profundo
2131 873 2400 927 malorum
2437 867 2586 936 ipsos
2635 859 2896 914 hauriens
2922 853 3122 914 Moses,
3145 850 3214 904 ab
3251 846 3418 916 impia

1839 973 2066 1028 deorum
2089 961 2437 1022 multitudine
2459 954 2681 1016 amovit,
2713 957 2767 1004 et
2798 947 2864 1000 ad
2894 945 3144 1015 opiﬁcem
3175 935 3418 993 universi

1838 1065 2012 1120 Deum
2045 1057 2286 1123 reduxit,
2325 1049 2716 1124 perfectiorum
2765 1042 2984 1094 illorum
3027 1034 3219 1096 vitam,
3258 1026 3420 1100 quasi

1842 1157 1899 1212 in
1933 1119 2280 1224 ingressibus?
2317 1119 2370 1201 et
2419 1137 2728 1200 vestibulis,
2769 1147 2869 1202 pro
2892 1128 3069 1199 primo
3097 1121 3268 1195 gradu
3301 1119 3421 1190 pie-

1843 1248 1973 1303 tatis
2003 1243 2290 1314 objiciens.
2319 1232 2526 1290 Deinde
2554 1245 2662 1286 non
2697 1223 2968 1284 occidere,
2991 1233 3100 1273 non
3131 1209 3420 1276 moechari,

1843 1355 1955 1395 non
2000 1333 2198 1398 furari,
2243 1344 2355 1384 non
2394 1325 2660 1396 peierare,
2700 1331 2814 1372 non
2852 1325 3034 1368 mares
3080 1309 3135 1362 in
3177 1302 3426 1359 maribus

1847 1431 2110 1492 insanire,
2130 1439 2240 1479 non
2272 1417 2563 1478 matribus,
2595 1425 2703 1466 non
2734 1403 3038 1467 sororibus,
3070 1413 3179 1454 non
3209 1393 3426 1449 ﬁliabus

1846 1519 2070 1579 misceri
2103 1535 2118 1574 :
2150 1529 2252 1570 nec
2303 1511 2410 1566 alia
2454 1501 2772 1576 hujusmodi
2817 1505 3158 1568 quaecunque
3202 1489 3428 1556 impune

1849 1614 1918 1668 ab
1953 1611 2169 1666 illorum
2195 1613 2503 1673 temporum
2523 1592 2834 1651 hominibus
2859 1582 3124 1642 committi
3151 1581 3426 1650 poterant,

1850 1703 2135 1777 permisit:
2179 1703 2459 1766 acceptam
2505 1701 2636 1744 vero
2683 1699 2751 1740 ex
2791 1677 2988 1736 immiti
3031 1682 3086 1730 et
3131 1673 3247 1726 fera
3296 1667 3428 1731 vita,

2217 1792 2265 1844 is
2292 1785 2666 1855 coniunctam,
2704 1773 2974 1840 bonisque
2997 1767 3322 1822 innitentem
3351 1759 3432 1813 le-

1853 1891 2034 1964 gibus,
2071 1901 2169 1957 per
2197 1883 2290 1937 illa
2334 1887 2581 1946 tempora
2623 1867 2837 1924 civilem
2877 1856 3278 1916 institutionem
3318 1849 3435 1921 pri-

1853 1995 1976 2035 mus
2011 1979 2067 2032 in
2095 1974 2260 2030 terris
2301 1969 2509 2037 scripto
2541 1953 2962 2017 commendavit,
2998 1948 3091 2019 qui
3138 1958 3270 2000 sane
3313 1953 3434 1995 nios

1853 2063 2436 2128 omnibushominibus
2456 2053 2697 2111 nondum
2723 2047 2860 2104 satis
2884 2049 3048 2098 notus
3063 2045 3202 2092 crat.
3227 2030 3436 2087 Deinde

1857 2160 2014 2234 quasi
2055 2151 2393 2226 imperfectis
2433 2145 2566 2207 illis,
2599 2137 3024 2195 simulacrorum
3066 2124 3218 2180 cultu
3263 2119 3440 2174 inter-

1858 2256 2028 2317 dicto,
2062 2263 2160 2321 per
2189 2243 2440 2318 quaedam
2481 2246 2684 2291 arcana
2718 2238 2968 2284 seorsum
3015 2219 3196 2288 signa,
3223 2219 3317 2267 aut
3347 2223 3440 2263 re-

2947 2313 2958 2321 “
3037 2319 3044 2321 -
3190 2313 3202 2321 ι
3235 2319 3276 2321 γα
3325 2299 3401 2321 -.12

1858 2299 2114 2418 ligionem
2154 2299 2317 2409 qiiam
2349 2333 2466 2402 ipse
2495 2321 2758 2398 probabat
2785 2313 3299 2384 complecterentur,
3317 2299 3439 2356 edi-

1861 2455 2014 2503 cens,
2048 2429 2336 2492 sacriﬁciis
2376 2433 2430 2480 et
2467 2415 2794 2492 quibusdam
2845 2401 3226 2476 corporalibus
3267 2407 3440 2450 caere-

1862 2531 2086 2596 moniis,
2119 2537 2289 2580 unum
2321 2530 2487 2587 supra
2509 2510 2694 2568 omnia
2724 2505 2891 2559 Deum
2920 2505 2980 2552 ut
3009 2494 3274 2552 colerent,
3297 2499 3437 2557 pra:-

2994 2586 3008 2596 .
3075 2585 3086 2596 .
3158 2582 3170 2596 .
3289 2594 3336 2596 _
3374 2576 3419 2596 ,ε

1866 2576 2086 2596 ...ν..-.-,
2125 2576 2216 2580 ππ
2389 2576 2408 2587 ,

1865 2623 2043 2694 cepit;
2072 2630 2234 2688 quam
2269 2624 2402 2666 sane
2435 2602 2754 2672 religionem
2788 2607 2913 2648 cum
2945 2581 3339 2641 admirabiliter
3368 2576 3449 2632 di-

1865 2664 2043 2694 ”“I’”!
2074 2664 2232 2688 1""w
2271 2664 2289 2666 ν-
2541 2664 2568 2672 ν

1863 2717 1993 2772 vino
2041 2707 2286 2766 monitus
2329 2699 2560 2770 spiritu,
2604 2704 2715 2746 non
2758 2686 2814 2740 in
2863 2683 3189 2753 perpetuum
3233 2664 3446 2726 servari

1867 2811 2121 2876 oportere
2167 2793 2494 2860 intelligeret
2525 2805 2538 2839 :
2575 2795 2747 2836 unum
2785 2774 3052 2829 duntaxat
3095 2755 3447 2819 circumscri-

3035 2873 3106 2876 ης-
3159 2851 3280 2876 ,ιειηξ
3329 2863 3421 2876 ΑΛ-

1868 2851 1977 2968 ρζίι
1999 2894 2201 2955 locum,
2247 2851 2432 2938 addito
2463 2879 2756 2949 praecepto,
2787 2880 2856 2920 ne
2881 2873 3114 2931 usquam
3156 2851 3285 2909 alibi
3326 2863 3446 2913 eos,

2685 2963 2695 2968 ‘
3006 2967 3013 2968 κ
3071 2957 3202 2968 πμ·-
3252 2943 3344 2968 ειιι.
3393 2941 3446 2968 ι..

1871 2941 1965 3060 qui
1997 2985 2066 3040 ab
2102 2983 2222 3051 ipso
2264 2972 2624 3030 tradebantur
2643 2941 2816 3022 ritus,
2860 2967 3024 3025 quam
3059 2957 3207 3005 certo
3252 2943 3346 2999 illo
3393 2941 3450 2994 in

1871 3037 1994 3135 lioco
2022 3037 2348 3148 perﬁcerent
2383 3081 2398 3118 :
2429 3063 2521 3117 hic
2550 3065 2731 3113 autem
2759 3056 2878 3107 erat
2912 3037 3328 3110 Hierosolymis,
3356 3049 3451 3088 ex-

1874 3366 2061 3426 quam,
2095 3353 2188 3402 aut
2217 3359 2286 3398 ex
2319 3341 2436 3410 lege
2481 3332 2816 3392 sacriﬁcare,
2849 3329 2948 3378 aut
2984 3319 3194 3379 fanum,

1877 3400 2061 3426 -ι--ππ
2099 3400 2124 3402 --
2373 3400 2402 3410 ν

1875 3444 2109 3513 erigere,
2143 3443 2238 3490 aut
2269 3429 2586 3488 sacerdotes
2610 3432 2834 3492 regesve
2871 3417 3157 3480 inungere,
3191 3411 3284 3457 aut
3311 3400 3456 3455 cele-

1877 3494 2106 3594 bri‘tjates
2135 3524 2495 3592 solenniaque
2524 3532 2622 3588 per
2639 3513 2844 3568 Mosem
2879 3503 3130 3560 instituta
3159 3494 3454 3566 perﬁcere:

1878 3645 1990 3685 non
2021 3625 2090 3680 ab
2110 3621 2289 3690 aliqua
2315 3609 2658 3670 immunditie
2685 3599 2932 3676 purgari,
2959 3611 3070 3652 non
3101 3589 3237 3647 solvi
3268 3603 3300 3642 a
3328 3599 3458 3658 pec-

1879 3730 2023 3784 cato,
2057 3730 2168 3772 non
2189 3710 2382 3766 oll‘erre
2411 3706 2522 3758 Deo
2546 3711 2794 3760 munera,
2830 3707 2940 3748 non
2970 3689 3034 3742 ad
3059 3680 3460 3756 propitiandum

1881 3774 2089 3882 aliquid
2117 3805 2298 3860 facere
2330 3815 2400 3854 ex
2441 3794 2674 3865 legibus.
2703 3784 2975 3853 Quocirca
3015 3779 3071 3833 in
3108 3774 3276 3830 Mosis
3303 3784 3462 3827 exse"

1883 3869 2179 3960 craiionem
2212 3893 2408 3948 merito
2433 3885 2636 3956 relapsi
2665 3878 3067 3948 intelliguntur,
3110 3869 3309 3940 quippe
3335 3876 3462 3918 cum

1883 4000 1938 4053 in
1968 4002 2122 4067 parte
2151 3989 2259 4059 18
2285 3983 2506 4056 quidem
2545 3979 2841 4032 observare
2883 3965 3147 4024 nonnulla
3170 3964 3463 4020 conentur,

1884 4091 1942 4144 in
1981 4085 2241 4142 universo
2283 4083 2464 4132 autem
2507 4087 2538 4125 a
2577 4069 2787 4139 legibus
2834 4061 2952 4118 suis
3002 4059 3292 4115 aberrent,
3342 4049 3460 4116 ipsc

1885 4179 2044 4250 plane
2078 4171 2226 4226 Mose
2257 4134 2656 4238 pronuntiante
2679 4163 2842 4224 atque
2873 4147 3213 4203 allirmante:
3250 4157 3268 4189 ι
3307 4134 3464 4204 Quod

2644 4249 2649 4250 ,
3107 4243 3119 4250 Δ
3163 4241 3178 4250 Δ
3218 4228 3462 4250 _W__“____

1888 4228 2010 4250 l'"“’
2025 4228 2038 4230 '
2257 4228 2277 4238 ο

1885 4261 2240 4326 exsecrabilis
2267 4259 2340 4314 sit
2369 4253 2546 4311 onmis
2563 4249 2878 4320 quicunque
2922 4253 3034 4294 non
3077 4241 3183 4290 stet
3211 4228 3465 4286 omnibus

1887 4375 2008 4432 qua:
2049 4355 2255 4424 scripta
2303 4355 2432 4406 sunt
2468 4347 2526 4398 in
2571 4317 2710 4410 lege,
2740 4344 2801 4391 ut
2841 4347 2907 4390 ea
2954 4325 3199 4384 faciat“.
3236 4342 3255 4375 ι
3300 4317 3465 4388 Lapsi
3567 4363 3570 4366 .

2769 4429 2779 4432 -
3078 4426 3089 4432 -
3130 4417 3142 4428 ο
3192 4429 3240 4432 κ-
3285 4410 3463 4432 ι.φ-λ,

1889 4410 2004 4432 Ί““““
2050 4410 2071 4413 “
2164 4410 2184 4424 ι

1889 4459 2073 4511 autem
2094 4448 2208 4519 jam
2235 4448 2366 4498 sunt
2399 4440 2456 4493 in
2486 4436 2602 4490 haec
2635 4429 2842 4491 omnia,
2875 4437 3001 4478 cum
3044 4426 3098 4474 et
3130 4417 3246 4486 ipse
3285 4410 3466 4464 Moses

1891 4544 2076 4600 divino
2094 4503 2310 4607 'Spiritu
2327 4529 2562 4590 amatus,
2593 4517 2893 4595 providerit
2919 4527 3059 4569 novo
3073 4523 3170 4580 per
3189 4503 3468 4560 Christum

1888 4634 2195 4690 instaurate
2220 4623 2596 4683 Testamento,
2628 4607 3009 4676 universisque
3040 4597 3294 4672 gentibus
3323 4607 3469 4647 nun-

1889 4728 2045 4787 tiato,
2081 4728 2473 4790 supervacuam
2523 4709 2763 4764 futuram
2797 4715 2941 4763 esse,
2985 4708 3104 4766 quae
3127 4691 3196 4745 ab
3217 4689 3338 4758 ipso
3365 4697 3468 4756 po~

1894 4819 2000 4876 sita
2031 4823 2138 4878 est,
2169 4813 2346 4882 legum
2377 4798 2840 4860 observationem,
2868 4803 3032 4861 quam
3061 4799 3171 4840 uno
3205 4783 3470 4838 duntaxat

1894 4913 2040 4972 loco,
2073 4904 2270 4962 merito
2316 4891 2654 4955 terminavit,
2698 4899 2756 4944 ut
2799 4886 2845 4942 si
2885 4879 3104 4954 quando
3141 4892 3208 4932 ex
3252 4889 3319 4929 eo
3349 4873 3469 4928 loco

1893 5001 2247 5072 pellerentur,
2281 5001 2335 5046 et
2368 4986 2602 5060 patriam
2633 4981 2940 5035 libertatem
2986 4971 3320 5030 amitterent,
3357 4977 3471 5016 non

1897 5060 2129 5162 amplius
2155 5085 2263 5140 illis
2293 5082 2376 5137 fas
2398 5084 2564 5143 esset,
2595 5087 2733 5144 quas
2751 5070 2868 5139 ipse
2886 5064 3184 5137 posuisset,
3208 5060 3358 5128 leges
3379 5063 3473 5106 aut

1893 5186 2036 5240 ritus
2056 5191 2277 5236 servare
2311 5193 2326 5230 :
2360 5180 2423 5227 ut
2447 5170 2559 5240 jam
2593 5159 2960 5220 conﬁtendum
2993 5157 3086 5220 sit,
3119 5153 3349 5207 alterum
3388 5152 3474 5200 te-

1900 5280 2231 5334 stamentum
2271 5267 2418 5338 quod
2467 5279 2564 5336 per
2612 5258 2893 5316 Christum
2939 5251 3014 5307 sit
3064 5244 3469 5304 denuntiatum,

1902 5367 2214 5427 necessario
2237 5377 2361 5419 esse
2389 5346 2933 5413 introductum.Cum
2955 5346 3138 5412 itaque
3165 5335 3344 5390 Moses
3368 5330 3475 5385 hoc

1902 5469 2079 5538 ipsum
2112 5463 2354 5516 futurum
2391 5465 2516 5508 esse
2557 5443 2920 5518 praedixisset,
2957 5445 3189 5502 moxque
3217 5435 3271 5496 et
3310 5420 3474 5479 Chri-

1903 5567 2022 5617 stus
2051 5557 2172 5615 vitae
2205 5551 2371 5624 hujus
2400 5539 2894 5620 peregrinationem
2915 5528 3264 5602 explevisset,
3299 5529 3352 5576 et
3373 5529 3474 5590 pa-
