3842 6218
379 324 448 379 59
1023 318 1298 377 EUSEBI‘I
1336 318 1818 379 (λλΕὸΑῐὶιΕΝδιὸ
1854 318 1941 376 ΟΡ

2049 315 2227 375 PARS
2260 316 2325 375 ιι.
2367 303 2437 359 -’—
2466 313 2968 371 APOLOGE’I'ICA.
3552 314 3635 373 so

376 439 513 496 riter
548 438 616 494 ad
665 453 856 495 omnes
906 445 1093 509 gentes
1132 435 1273 493 Novi
1321 435 1656 493 Testamenti
1700 437 1946 492 doctrina

2057 435 2403 509 προσάγουσα
2428 433 2554 495 τοὺς
2588 429 2907 502 προσιόντας
2932 430 3067 501 αὐτῇ
3093 430 3226 501 βίον.
3255 430 3457 484 Αὐτίκα
3492 432 3641 501 γοῦν

375 530 735 605 perferretur,
771 540 887 584 tum
917 530 1170 600 protinus
1200 528 1451 595 Romani,
1481 544 1607 584 cum
1643 531 1832 583 urbem
1857 528 1955 583 ob-

375 622 593 679 sidione
637 621 961 685 cinxissent,
993 620 1369 693 Hierosolyma
1412 622 1551 692 ipsa,
1600 627 1653 675 et
1693 618 1839 689 quod
1878 619 1953 675 ibi

375 721 495 766 erat
531 710 792 780 templum
832 717 1169 776 everterunt,
1214 710 1500 779 solutaque
1544 718 1628 764 est
1661 708 1953 764 confestim

374 802 558 857 omnis
588 800 757 857 Mosis
803 801 1148 865 constitutio,
1188 807 1243 856 et
1277 816 1617 871 quaecunque
1648 801 1717 855 de
1758 798 1952 855 Vetere

376 890 730 949 Testamento
772 896 1155 958 servabantur,
1190 894 1401 949 sublata
1443 900 1590 948 sunt.
1632 891 1950 948 Exsecratio

377 992 559 1040 autem
583 986 648 1039 ad
674 986 797 1042 illos
829 988 997 1054 venit,
1032 986 1158 1057 quia
1191 1001 1315 1039 cum
1341 998 1404 1039 ea
1429 999 1550 1054 quae
1576 999 1605 1038 a
1634 983 1781 1039 Mose
1812 999 1952 1057 pra:-

379 1085 538 1146 cepta
579 1084 708 1131 sunt
739 1086 937 1147 praeter
970 1078 1140 1147 legem
1177 1075 1356 1131 facere
1387 1077 1608 1142 vellent,
1634 1077 1690 1130 in
1722 1091 1840 1130 eam
1868 1078 1951 1146 ip-

380 1182 495 1221 sam
522 1169 953 1223 exsecrationem
983 1169 1034 1223 vi
1058 1167 1292 1238 quadam
1314 1168 1489 1224 coacti
1524 1175 1654 1223 sunt
1687 1168 1947 1223 recidere.

379 1257 423 1311 E
455 1260 736 1314 contrario
781 1268 959 1314 autem
1004 1259 1168 1313 simul
1200 1266 1254 1313 et
1291 1260 1480 1313 eodem
1531 1267 1773 1330 tempore
1809 1261 1947 1329 ejus,

380 1366 501 1421 qum
531 1351 586 1405 in
607 1350 757 1405 Novo
778 1350 1129 1421 perfectoque
1153 1350 1507 1405 Testamento
1531 1352 1839 1406 continetur
1861 1352 1956 1406 do-

382 1443 589 1507 ctrinae,
643 1454 697 1496 et
742 1444 907 1513 leges,
958 1451 1013 1505 et
1051 1436 1205 1497 ritus'
1230 1443 1528 1497 introducti
1579 1451 1726 1501 sunt.
1771 1441 1953 1509 Quare

380 1532 577 1586 merito
609 1531 861 1587 Salvator
892 1540 947 1589 et
977 1533 1263 1597 Dominus,
1299 1534 1367 1588 ad
1412 1549 1509 1588 eos
1547 1534 1641 1604 qui
1688 1534 1952 1603 putabant

378 1622 436 1677 in
476 1624 593 1678 sola
633 1623 962 1689 Jerusalem,
1030 1633 1125 1679 aut
1173 1625 1228 1679 in
1268 1626 1545 1680 montibus
1594 1625 1951 1694 quibusdam,

378 1714 496 1769 sive
520 1715 685 1769 certis
709 1714 1195 1785 determinatisquc
1211 1717 1343 1772 locis
1360 1716 1528 1772 Deum
1551 1718 1765 1770 adorari
1788 1732 1951 1786 opor-

2052 527 2160 581 τῶν
2188 524 2472 597 μακαρίων
2515 521 2737 576 ἐκείνων
2782 521 2877 575 καὶ
2921 521 3201 590 θεοφιλῶν,
3232 520 3339 575 τῶν
3364 523 3503 594 ἀμφὶ
3531 523 3638 579 τὸν

2065 615 2313 687 Ἀϐραὰμ
2335 614 2494 683 λέγω,
2522 613 2621 665 οὐκ
2642 612 3036 684 ἀφωρισμένως
3065 610 3121 666 ἐν
3147 627 3252 666 τινι
3284 611 3434 683 τόπῳ
3456 629 3640 685 προσ-

2052 710 2388 776 κυνούντων,
2446 710 2568 763 οὐδὲ
2620 709 2709 762 διὰ
2753 707 3034 780 συμϐόλων
3075 708 3169 762 καὶ
3205 707 3413 774 τύπων,
3441 708 3560 761 ἀλλ’

2053 821 2217 875 φησιν
2269 805 2297 857 ὁ
2329 802 2514 874 Σωτὴρ
2562 802 2657 855 καὶ
2694 800 2900 872 Κύριος
2929 799 3108 873 ἡμῶν,
3140 800 3198 853 ἐν
3232 799 3499 870 πνεύματι
3528 801 3637 853 καὶ

2052 894 2302 966 ἀληθείᾳ,
2328 894 2363 966 ἢ
2395 893 2486 946 διὰ
2532 892 2634 963 τῆς
2676 891 2769 944 τοῦ
2820 892 3069 964 Σωτῆρος
3105 889 3263 961 ἡμῶν
3305 891 3636 959 ἐπιφανείας

2051 987 2223 1041 ἆπασι
2251 988 2363 1049 τοῖς
2394 984 2604 1040 ἔθνεσιν
2636 983 2866 1055 ὑπῆρξε,
2894 984 3004 1037 τῶν
3033 983 3197 1037 πάλαι
3214 983 3502 1055 προφητῶν
3526 985 3631 1039 καὶ

2050 1077 2208 1130 τοῦτο
2229 1077 2661 1149 τεθεωρηκότων.
2678 1076 2838 1144 Λέγει
2864 1074 2908 1128 δ’
2935 1071 3029 1129 οὖν
3053 1075 3309 1147 ἄντικρυς
3332 1077 3591 1144 Σοφονίας
3607 1093 3624 1107 ο

2057 1187 2076 1219 ι
2100 1170 2520 1239 Ἑπιφανήσεται
2542 1167 2744 1241 Κύριος
2765 1169 2852 1237 ἐπ’
2887 1168 3101 1232 αὐτοὺς,
3130 1168 3224 1220 καὶ
3255 1167 3629 1239 ἐξολοθρεύσει

2052 1262 2259 1325 πάντας
2290 1262 2414 1325 τοὺς
2439 1260 2591 1323 θεοὺς
2618 1259 2727 1313 τῶν
2761 1258 2929 1312 ἐθνῶν
2962 1259 3061 1328 τῆς
3101 1259 3225 1328 γῆς,
3257 1260 3351 1312 καὶ
3386 1275 3632 1330 προσκυ-

2051 1355 2303 1425 νήσουσιν
2337 1353 2514 1425 αύτῷ,
2550 1354 2778 1416 ἕκαστος
2826 1353 2891 1405 ἐκ
2921 1351 3016 1404 τοῦ
3046 1352 3209 1404 τόπου
3258 1351 3456 1405 αὐτῶν.
3489 1369 3510 1404 ι
3562 1352 3632 1403 Ὅ

2051 1446 2109 1499 δὲ
2145 1447 2428 1517 Μαλαχίας
2463 1446 2596 1517 ὁμοῦ
2643 1446 2780 1517 πρὸς
2817 1446 2943 1508 τοὺς
2977 1448 3039 1498 ὲκ
3075 1446 3371 1516 περιτομῆς
3404 1444 3632 1498 ἀποτείδ

2052 1556 2219 1604 νεται,
2242 1538 2335 1591 καὶ
2384 1538 2511 1608 περ)¹
2544 1536 2653 1589 τῶν
2686 1536 2851 1589 ἐθνῶν
2881 1537 3052 1590 ταῦτα
3088 1539 3484 1608 προαναφωνεί,
3518 1536 3638 1605 φά-

2054 1631 2377 1684 σκωνἿΟὺκ
2398 1629 2511 1682 ἔστι
2540 1646 2638 1699 μου
2663 1628 2893 1699 θέλημα,
2918 1628 3069 1696 λέγει
3091 1628 3293 1700 Κύριος
3319 1627 3631 1697 παντοκρά-

2053 1739 2186 1793 τωρ,
2240 1724 2334 1776 καὶ
2381 1721 2571 1784 θυσίας
2603 1704 2685 1773 ὀὐ
2730 1719 3090 1793 προσδέξομαι
3143 1722 3207 1772 ὲκ
3270 1719 3377 1771 τῶν
3423 1718 3629 1789 χειρῶν

378 1813 514 1871 tere,
555 1807 635 1861 sic
667 1807 785 1861 ait:
825 1826 845 1858 ι
891 1805 1053 1863 Venit
1092 1809 1249 1872 liora,
1300 1817 1355 1864 et
1393 1823 1540 1863 nunc
1584 1817 1700 1872 est,
1733 1809 1946 1878 quando

2055 1814 2227 1886 ὑμῶν,
2258 1813 2390 1866 διότι
2439 1814 2534 1866 ἀπ’
2576 1812 2861 1883 ἀνατολῆς,
2925 1814 3019 1865 καὶ⁴
3062 1812 3225 1883 μέχρι
3257 1811 3516 1881 δυσμῶν,
3558 1810 3629 1862 τὸ

375 1896 490 1952 veri
518 1897 840 1952 adoratores
874 1897 1180 1952 adorabunt
1211 1898 1449 1963 Patrem,
1482 1914 1655 1969 neque
1684 1900 1739 1952 in
1770 1906 1953 1954 monte

379 1989 519 2052 hoc,
556 2005 731 2059 neque
765 1990 820 2043 in
851 1988 1174 2046 Jerusalem.
1212 1990 1449 2060 Spiritus
1491 1991 1637 2045 enim
1676 1989 1838 2055 Deus,
1897 1998 1951 2046 et

376 2081 556 2150 ipsum
586 2082 901 2150 adorantes,
933 2082 987 2136 in
1019 2084 1216 2153 spiritu
1245 2090 1299 2138 et
1334 2085 1562 2140 veritate
1582 2093 1797 2155 oportet
1819 2085 1951 2139 ado-

372 2186 498 2227 rare
516 2172 582 2229 ⁸⁷.
625 2192 643 2225 ι
672 2172 884 2239 Quibus
920 2178 1083 2232 rebus
1119 2177 1192 2230 ita
1221 2177 1289 2231 ab
1327 2178 1420 2231 illo
1451 2177 1744 2247 praedictis,
1774 2179 1950 2233 conti-

373 2275 485 2314 nuo
510 2275 610 2315 nec
630 2262 792 2339 longo
821 2272 941 2333 post
965 2272 1226 2335 tempore,
1250 2264 1639 2337 Hierosolymis
1664 2269 1949 2324 obsidione

373 2354 678 2424 oppressis,
708 2363 762 2410 et
796 2357 918 2426 ejus
945 2359 1049 2413 loci
1099 2358 1489 2424 sanctiﬁcatio,
1517 2367 1571 2415 et
1594 2360 1661 2414 ad
1695 2362 1944 2416 eumdem

372 2461 529 2500 usum
566 2455 940 2502 constructum
978 2452 1166 2514 altare,
1191 2459 1244 2505 et
1279 2450 1547 2515 adoratio,
1574 2468 1693 2521 qua:
1742 2469 1769 2505 ιι
1800 2453 1947 2509 Mose

373 2537 573 2593 tradita
616 2538 813 2604 fuerat,
862 2542 1074 2596 sublata
1111 2558 1408 2612 eversaque
1453 2552 1599 2598 sunt.
1638 2544 1946 2616 Eodemque

370 2636 617 2701 tempore
642 2634 695 2687 in
721 2649 910 2689 omnes
936 2635 1186 2689 homines
1207 2636 1477 2705 patefacta
1505 2643 1610 2699 est,
1647 2643 1700 2691 et
1724 2638 1945 2691 emicuit

371 2735 456 2787 ea,
493 2738 615 2792 qua:
638 2732 764 2779 ante
807 2724 1010 2781 Mosem
1047 2727 1183 2780 viris
1224 2727 1429 2782 sanctis
1467 2742 1496 2780 a
1534 2730 1801 2799 principio
1824 2731 1945 2782 data

371 2810 573 2880 fuerat,
612 2814 785 2885 pietas
829 2825 882 2871 ct
929 2818 1138 2888 religio,
1182 2826 1236 2873 et
1282 2837 1402 2888 qua:
1444 2835 1539 2888 per
1582 2820 1729 2872 illam
1767 2822 1945 2874 omni-

370 2903 475 2960 bus
520 2908 774 2976 gentibus
822 2910 1090 2978 promissa
1141 2910 1316 2964 fuerat
1361 2911 1686 2977 benedictio,
1733 2929 1851 2982 qua:
1912 2928 1944 2966 a

370 2996 549 3066 primo
582 3014 847 3055 ascensus
872 3000 1068 3071 gradu,
1100 3010 1153 3055 et
1178 3016 1207 3054 a
1246 3002 1435 3071 primis
1472 3003 1580 3057 illis
1608 3004 1943 3058 adorationis

374 3089 480 3159 19
513 3089 762 3146 Mosaicae
807 3092 1110 3159 elementis,
1151 3110 1267 3155 eos,
1324 3094 1418 3163 qui
1450 3094 1515 3148 ad
1543 3111 1601 3149 se
1648 3095 1938 3161 accedunt,
1970 3126 2011 3183 ε

370 3180 439 3234 ad
476 3181 753 3237 meliorem
779 3182 1271 3254 perfectioremque
1313 3187 1477 3240 vitam
1520 3186 1761 3241 adducit.
1831 3187 1942 3241 Ita-

370 3287 477 3342 que
501 3273 753 3344 protinus
781 3274 1001 3344 quando
1036 3276 1225 3330 beatos
1274 3278 1417 3342 illos,
1482 3277 1701 3353 Deoque
1737 3280 1943 3334 amicos

370 3366 539 3429 viros,
572 3381 666 3421 eos
692 3366 814 3421 dico
839 3367 933 3437 qui
982 3366 1293 3422 Abrahamo
1346 3371 1552 3426 similes
1594 3373 1941 3439 exstiterunt,

370 3471 481 3513 non
506 3457 564 3511 in
596 3457 778 3528 aliquo
804 3466 954 3533 certo
992 3460 1462 3532 determinatoquc
1518 3464 1639 3517 loco
1684 3465 1945 3520 adorasse

369 3556 609 3614 constat,
652 3566 830 3621 neque
874 3552 977 3607 sub
1026 3554 1151 3608 ullis
1212 3547 1387 3624 signis
1436 3563 1531 3608 aut
1590 3554 1796 3625 ﬁguris,
1848 3556 1942 3610 sed

370 3641 645 3711 quomodo
675 3641 924 3707 Salvator
945 3652 1132 3700 noster
1166 3650 1220 3698 et
1240 3642 1503 3700 Dominus
1531 3654 1711 3709 oocet,
1742 3646 1796 3699 in
1832 3646 1945 3716 spi-

369 3736 481 3792 ritu
510 3741 564 3789 et
604 3735 855 3800 veritate,
887 3735 1075 3791 eadem
1106 3735 1373 3791 adorandi
1399 3720 1541 3791 ratio
1575 3754 1673 3808 per
1698 3738 1941 3807 ejusdem

371 3829 673 3885 Salvatoris
694 3828 871 3885 nostri
908 3828 1199 3882 adventum
1232 3830 1486 3885 omnibus
1527 3832 1779 3900 gentibus
1811 3832 1944 3886 insi-

368 3928 538 3976 nuata
570 3927 673 3977 est.
702 3920 857 3987 Quod
882 3921 1102 3991 quidem
1136 3920 1400 3986 futurum,
1448 3921 1610 3977 etiam
1666 3924 1944 3993 prophetae

368 4021 579 4071 veteres
614 4022 765 4069 tanto
793 4020 918 4068 ante
946 4022 1333 4083 cognoverant.
1371 4014 1508 4071 Dicit
1572 4015 1755 4085 itaque
1787 4017 1945 4085 plane

370 4103 679 4175 Sophonias
712 4121 724 4156 :
763 4123 781 4156 ι
814 4105 1109 4174 Apparebit
1127 4103 1388 4161 Dominus
1416 4121 1580 4174 super
1602 4121 1717 4171 eos,
1743 4113 1797 4160 ct
1823 4122 1946 4175 pcr-

369 4192 462 4249 det
487 4209 678 4251 omnes
705 4194 837 4250 deos
866 4195 1114 4263 gentium
1153 4204 1332 4261 terrae,
1364 4208 1420 4252 et
1451 4200 1758 4252 adorabunt
1818 4213 1943 4251 cum

368 4284 749 4356 unusquisque
768 4285 835 4341 de
870 4287 991 4341 loco
1017 4301 1117 4341 suo
1146 4287 1214 4341 ⁸⁸.
1263 4308 1281 4340 ι
1317 4289 1617 4344 Malacliias
1649 4299 1829 4344 autem
1872 4290 1945 4344 si-

369 4377 508 4441 mul,
539 4387 592 4433 et
611 4378 679 4433 ad
702 4394 798 4435 eos
827 4379 922 4448 qui
969 4394 1038 4435 ex
1071 4382 1493 4436 circumcisione
1523 4392 1671 4449 sunt,
1738 4397 1945 4437 sermo-

368 4484 494 4525 nem
521 4471 724 4543 dirigit,
743 4480 797 4527 et
821 4473 887 4527 de
907 4473 1163 4543 gentibus
1191 4475 1319 4527 talia
1352 4474 1593 4541 praedicit
1620 4492 1632 4527 :
1658 4490 1676 4523 ι
1714 4472 1833 4527 Non
1864 4485 1947 4530 est
1980 4464 2023 4518 Ῑ)

368 4563 622 4620 voluntas
659 4578 802 4630 mea,
854 4564 987 4619 dicit
1039 4564 1302 4620 Dominus
1358 4567 1724 4637 omnipotens,
1754 4575 1807 4622 et
1855 4585 1945 4623 sa-

371 4653 636 4709 criﬁcium
658 4670 766 4710 non
796 4656 1095 4727 suscipiam
1125 4658 1192 4712 dc
1224 4659 1479 4718 manibus
1537 4660 1756 4724 vestris,
1808 4677 1943 4731 quo-

368 4745 518 4800 niam
552 4746 621 4801 ab
648 4753 771 4801 ortu
797 4764 972 4819 usque
1001 4748 1069 4804 ad
1098 4764 1353 4805 occasum
1386 4765 1585 4805 nomen
1616 4767 1794 4806 meum
1823 4754 1941 4824 glo-

369 4838 643 4893 riticatum
695 4846 779 4895 est
836 4839 893 4894 in
953 4842 1230 4911 gentibus,
1283 4849 1338 4896 et
1393 4843 1450 4899 in
1491 4843 1638 4896 omni
1686 4844 1805 4898 loco
1860 4845 1945 4898 in-

371 4945 596 4988 censum
626 4930 849 4988 oﬁ‘ertur
871 4934 1080 4989 nomini
1105 4950 1247 5001 meo,
1304 4943 1357 4990 et
1402 4936 1732 4990 sacriﬁcium
1780 4952 1941 4991 mun-

371 5016 501 5078 du'm
519 5024 585 5079 ⁸⁸.
619 5044 638 5077 ι
673 5024 829 5091 Quod
864 5028 1007 5083 enim
1043 5026 1097 5080 in
1120 5026 1268 5081 omni
1293 5028 1414 5080 loco
1449 5026 1603 5091 dicit,
1655 5030 1940 5083 incensum

370 5120 427 5170 et
474 5115 802 5170 sacriﬁcium
850 5118 1034 5174 oﬂ‘erri
1092 5118 1223 5183 Deo,
1275 5120 1405 5189 quid
1450 5119 1597 5173 aliud
1647 5120 1937 5191 signiﬁcat,

369 5206 479 5262 nisi
515 5226 534 5258 ι
576 5223 687 5263 non
714 5207 1106 5281 Hierosolymis
1129 5212 1196 5279 9°,
1229 5231 1247 5262 ι
1283 5227 1460 5281 neque
1504 5212 1723 5269 deﬁnite
1753 5214 1808 5268 in
1837 5214 1941 5269 hoc

370 5306 467 5353 aut
498 5299 552 5353 in
577 5300 672 5356 illo
704 5301 824 5356 loco
850 5303 900 5357 id
934 5303 1215 5357 futurum?
1248 5304 1344 5358 sed
1378 5305 1432 5358 in
1457 5306 1603 5359 omni
1639 5306 1857 5375 regione
1888 5313 1943 5359 et

372 5391 430 5447 in
466 5393 721 5449 omnibus
748 5395 1027 5464 gentibus,
1066 5411 1187 5467 qua“:
1217 5397 1434 5467 quidem
1464 5404 1518 5453 et
1558 5398 1820 5454 orationis
1862 5399 1944 5452 in-

370 5498 593 5539 censum
621 5493 676 5540 et
706 5486 1058 5550 sacriﬁcium,
1094 5489 1241 5558 quod
1287 5489 1549 5543 mundum
1595 5490 1800 5545 dictum
1835 5497 1940 5554 est,

370 5590 479 5631 non
520 5592 615 5646 per
646 5592 893 5638 cruores.
950 5580 1045 5634 sed
1096 5595 1193 5649 per
1259 5581 1376 5651 pias
1423 5582 1686 5646 actiones,
1728 5596 1942 5635 summo

436 5669 479 5701 ⁸⁷
511 5668 671 5724 Joan.
712 5684 788 5733 tv,
819 5671 1009 5725 ‘23-‘24.
1075 5671 1121 5701 ⁸³
1158 5671 1402 5741 Sophon.
1442 5688 1501 5735 ιι,
1540 5674 1621 5727 Η.

440 5759 607 5834 (3""j
640 5763 795 5818 Οὐδ’.
824 5763 983 5821 Forte
1018 5765 1136 5823 οὐκ.
1169 5763 1326 5821 Eutr.

1702 5675 1745 5705 ⁸³
1772 5672 2001 5726 Malucn.
2040 5688 2075 5738 ι,
2111 5670 2295 5738 10,11.

2052 1906 2225 1977 ὄνομά
2278 1924 2377 1977 μου
2422 1904 2727 1969 δεδόξασται
2753 1906 2946 1967 ἐντοῖς
2991 1903 3187 1969 ἔθνεσι,
3233 1905 3326 1957 καὶ
3362 1905 3420 1957 ἐν
3458 1905 3627 1958 παντὶ

2051 1998 2202 2067 τόπῳ
2230 1997 2478 2067 θυμίαμα
2511 1997 2843 2067 προσάγεται
2865 1995 2941 2066 τῷ
2987 1995 3209 2066 ὀνόματί
3238 2012 3359 2065 μου,
3408 1995 3499 2048 καί
3525 1994 3627 2048 θυ-

2054 2092 2143 2145 σία
2177 2090 2409 2163 καθαρά.
2453 2109 2470 2139 ι
2515 2090 2588 2142 Τὸ
2619 2088 2727 2159 γὰρ
2752 2091 2808 2142 ὲν
2834 2090 2993 2142 παντὶ
3035 2088 3186 2159 τόπῳ
3237 2088 3486 2158 θυμίαμα
3526 2088 3627 2141 καὶ

2051 2184 2239 2237 θυσίαν
2278 2182 2641 2253 ἀναφέρεσθαι
2691 2180 2827 2251 Θεῷ,
2864 2181 2917 2234 τί
2969 2180 3151 2251 ἓτερον
3191 2182 3535 2251 παρίστησιν,
3582 2180 3621 2251 ἢ

2048 2276 2129 2329 ὃτι
2160 2277 2232 2347 μὴ
2275 2278 2332 2328 ὲν
2387 2274 2795 2346 Ἰεροσολύμοις,
2830 2273 2949 2343 μηδ’
2977 2275 3371 2343 ἀφωρισμένως
3423 2276 3480 2326 ὲν
3512 2273 3626 2343 τῷ-

2048 2368 2103 2421 δε
2156 2367 2234 2437 τῷ
2274 2367 2444 2437 τόπῳ,
2480 2368 2538 2419 ἐν
2593 2367 2742 2438 πάσῃ
2775 2366 2831 2417 δὲ
2883 2365 3055 2437 χώρα,
3112 2367 3203 2418 καὶ
3244 2367 3301 2418 ὲν
3338 2367 3472 2419 πᾶσι
3503 2368 3622 2429 τοῖς

1985 2506 1991 2513 .
2048 2461 2245 2520 ἔθνεσι,
2274 2460 2521 2531 μέλλουσι
2552 2458 2612 2510 τὸ
2639 2459 2706 2511 δι’
2741 2456 2914 2528 εὐχῶν
2934 2458 3201 2529 θυμίαμα,
3225 2460 3318 2511 καὶ
3337 2457 3432 2528 τὴν
3464 2460 3524 2510 οὐ
3547 2458 3620 2511 δι’

2048 2554 2313 2624 αἱμάτων,
2351 2553 2486 2607 ἀλλά
2522 2553 2588 2606 δι’
2626 2552 2799 2622 ἔργων
2838 2550 3077 2603 εὐσεϐῶν
3110 2548 3355 2622 καθαρὰν
3403 2550 3622 2620 ὠνομα-

2049 2645 2250 2714 σμένην
2295 2644 2483 2698 θυσίαν
2534 2642 2612 2713 τῷ
2646 2643 2737 2695 ἐπὶ
2772 2644 2934 2695 πᾶσιν
2978 2643 3269 2714 ἀναφέρειν
3318 2642 3467 2713 Θεῷ;
3509 2643 3621 2713 Βοᾷ

2046 2736 2100 2788 δὲ
2144 2736 2456 2807 διαρρήδην,
2506 2737 2599 2790 καὶ
2641 2736 2910 2806 κέκραγεν
2965 2738 2993 2788 ὁ
3049 2735 3295 2797 Ἡσαΐας,
3345 2735 3619 2800 θεσπίζων

2047 2828 2162 2898 ἅμα
2194 2829 2284 2880 καὶ
2308 2828 2478 2895 λέγων
2497 2845 2509 2857 ο
2547 2846 2564 2878 ι
2607 2829 2799 2880 Ἔσται
2834 2826 3211 2897 θυσιαστήριον
3233 2825 3310 2896 τῷ
3338 2824 3530 2897 Κυρίῳ
3556 2828 3619 2879 ὲν

2045 2918 2197 2991 χώρᾳ
2229 2920 2524 2988 Αἰγύπτου,
2554 2920 2648 2974 καὶ
2692 2919 2930 2988 γνωστὸς
2964 2918 3115 2971 ἔσται
3148 2920 3349 2990 Κύριος
3369 2921 3481 2982 τοῖς
3511 2919 3615 2972 ΔΞ-

2044 3010 2313 3077 γυπτίοις,
2346 3010 2439 3063 καὶ
2493 3009 2779 3062 ἀποστελεῖ
2811 3009 2991 3072 αὐτοῖς
3042 3008 3323 3080 ἄνθρωπον
3358 3008 3417 3071 ὃς
3451 3007 3618 3064 σώσει

2045 3101 2259 3164 αὐτοὺς,
2308 3101 2402 3154 καὶ
2449 3100 2747 3168 γνώσονται
2795 3101 2843 3153 οί
2890 3099 3173 3168 Αἰγύπτιοι
3200 3099 3291 3152 τὸν
3324 3100 3527 3171 Κύριον
3559 3103 3620 3155 ἐν

2044 3196 2109 3266 ﬁl
2139 3193 2321 3265 ἡμέρᾳ
2348 3194 2551 3265 ἐκείνῃ,
2586 3191 2680 3245 καὶ
2710 3191 2989 3262 ποιήσουσι
3025 3190 3234 3257 θυσίας,
3254 3192 3347 3244 καὶ
3371 3190 3619 3256 εὔξονται

2044 3300 2208 3370 εὐχὰς
2233 3299 2308 3370 τῷ
2350 3300 2559 3369 Κυρίῳ,
2618 3298 2712 3351 καὶ
2757 3295 3115 3351 ἀποδώσουσι.
3145 3295 3236 3349 καὶ
3283 3296 3621 3366 ἐπιστραφή-

2044 3410 2226 3445 σονται
2273 3392 2408 3464 πρὸς
2451 3390 2674 3463 Κύριον,
2730 3390 2824 3443 καὶ
2880 3389 3255 3443 είσακούσεται
3294 3387 3494 3450 αὐτῶν,
3525 3388 3621 3440 καὶ

2047 3485 2253 3538 ἰάσεται
2316 3483 2531 3545 αὐτούς.
2571 3502 2589 3532 ι
2617 3478 2763 3552 Ἀρά
2804 3498 2885 3533 σοι
2917 3480 3178 3550 δοκοῦμεν
3222 3479 3394 3548 ἀληθῆ
3440 3479 3623 3546 λέγειν

2048 3574 2335 3644 μετάθεσιν
2364 3572 2456 3625 τοῦ
2482 3571 2722 3634 Μωσέως
2747 3570 2932 3645 νόμου,
2991 3569 3187 3640 μᾶλλον
3209 3568 3264 3621 δὲ
3294 3566 3505 3621 παῦλαν
3526 3568 3622 3620 καὶ

2042 3666 2193 3719 λύσιν
2218 3665 2514 3735 φάσκοντες
2545 3663 2633 3717 διὰ
2671 3662 2780 3716 τῶν
2810 3661 3160 3733 προφητικῶν
3206 3661 3398 3730 φωνῶν
3428 3658 3622 3711 θεσπί-

2044 3759 2260 3824 ζεσθαι;
2290 3760 2347 3811 '0
2382 3758 2478 3829 μέν
2491 3774 2555 3827 γε
2568 3757 2771 3826 Μωσῆς
2787 3755 3166 3823 θυσιαστήριον
3183 3753 3275 3804 καὶ
3295 3750 3487 3813 θυσίας
3505 3748 3615 3803 οὐδ’

2049 3851 2215 3920 (5....)
2261 3849 2522 3919 ἀλλαχόσε
2539 3849 2641 3918 γῆς
2670 3847 2702 3917 ἢ
2731 3850 2787 3899 ἐν
2809 3848 2943 3919 μόνῃ
2955 3848 3018 3916 τῇ
3037 3842 3285 3914 Ἰουδαίᾳ,
3307 3843 3400 3895 καὶ
3414 3842 3622 3911 ταύτης

2044 3943 2101 3993 ὲν
2127 3943 2225 4012 μιᾷ
2258 3941 2407 3994 πόλει
2434 3939 2803 4009 συστήσασθαι
2833 3938 3111 4007 νομοθετεῖ
3130 3953 3142 3966 ·
3174 3938 3205 4006 ἡ
3232 3936 3287 3988 δὲ
3313 3933 3621 4004 προφητεία

2045 4034 2103 4084 ἐν
2139 4032 2293 4103 χώρᾳ
2346 4032 2508 4102 φησιν
2555 4030 2830 4098 Αἰγύπτου
2875 4028 2952 4099 τῷ
3003 4029 3192 4099 Κυρίῳ
3237 4027 3620 4098 θυσιαστήριον

2047 4121 2444 4195 ἱδρυθήσεσθαι,
2475 4121 2566 4175 καὶ
2590 4122 2715 4180 τοὺς
2742 4119 3071 4188 Αἰγυπτίους
3095 4120 3294 4182 αὐτοὺς
3323 4119 3401 4189 τῷ
3430 4116 3622 4189 Κυρίῳ

2044 4222 2152 4277 τῶν
2184 4223 2495 4295 προφητῶν,
2528 4221 2641 4275 ἀλλ’
2664 4220 2844 4274 οὐκέτι
2877 4222 2989 4283 τοῖς
3015 4218 3288 4291 πατρῴοις
3318 4219 3459 4282 θεοῖς
3490 4218 3623 4272 καλ-

2044 4323 2312 4393 λιερήσειν
2335 4320 2430 4383 τὰς
2462 4319 2674 4381 θυσίας,
2706 4317 2800 4370 καὶ
2827 4316 2926 4387 τῆς
2954 4314 3278 4383 θεογνωσίας
3309 4313 3370 4365 ού
3416 4311 3621 4366 Μωσέα

2048 4413 2237 4477 αἴτιον,
2268 4413 2373 4465 οὐδ’
2400 4411 2584 4481 ’έτερον
2607 4408 2715 4462 τῶν
2737 4406 3030 4479 προφητῶν
3058 4408 3239 4468 αὐτοῖς
3274 4402 3618 4476 γενήσεσθαι,

2150 4505 2183 4557 ά
2208 4520 2331 4559 τινα
2362 4502 2543 4556 καινὸν
2568 4502 2661 4554 καὶ
2684 4503 2801 4555 νέον
2832 4501 3114 4572 ἄνθρωπον
3144 4497 3326 4549 θεόθεν
3352 4494 3621 4549 ἀπεσταλ-

2051 4604 2230 4675 μένον.
2282 4602 2716 4672 Μετατιθεμένου
2737 4601 2792 4655 δὲ
2823 4600 2913 4653 τοῦ
2951 4598 3332 4669 θυσιαστηρίου
3365 4596 3515 4667 παρᾶ
3548 4594 3619 4648 τὰ

2046 4693 2131 4764 τῷ
2161 4695 2348 4749 Μωσεῖ
2368 4691 2649 4759 δοκοῦντα,
2703 4691 2916 4759 ἀνάγκη
2964 4690 3112 4741 πᾶσα
3138 4689 3229 4740 καὶ
3254 4687 3347 4739 τοῦ
3374 4685 3618 4748 Μωσέως

2046 4788 2211 4857 νόμου
2246 4784 2541 4856 μεταϐολὴν
2563 4782 2833 4852 γενέσθαι.
2855 4778 2987 4835 Εἶτα
3012 4780 3066 4833 δὲ
3086 4780 3305 4842 θύοντες
3332 4777 3619 4846 Αἰγύπτιοι

2047 4879 2124 4949 τῷ
2166 4878 2255 4930 ἐπὶ
2308 4877 2526 4930 πάντων
2571 4876 2722 4946 Θεῷ,
2762 4874 2975 4936 πάντως
3015 4889 3115 4925 που
3164 4872 3258 4924 καὶ
3322 4867 3621 4942 ἱερωσύνης

2037 4969 2450 5039 ἀξιωθήσονται.
2487 4968 2818 5038 Ἰερωμένων
2868 4965 3002 5036 δῆτα
3040 4962 3350 5032 Αἰγυπτίων
3385 4960 3452 5014 τὰ
3490 4961 3620 5033 περὶ

2037 5070 2275 5124 Λευϊτῶν
2308 5070 2401 5124 καὶ
2452 5068 2561 5122 τῶν
2618 5072 2681 5121 ἐκ
2717 5067 2965 5137 διαδοχῆς
3012 5064 3216 5135 Ἀαρὼν
3254 5065 3478 5118 Μωῦσεῐ
3506 5063 3620 5117 δια-

2036 5171 2362 5240 τεταγμένα,
2380 5170 2555 5223 οὑκέτ’
2572 5169 2636 5222 ἂν
2656 5168 2862 5236 γένοιτο
2877 5170 2989 5230 τοῖς
3009 5166 3327 5235 Αἰγυπτίοις
3351 5167 3616 5236 χρήσιμα.

2039 5281 2182 5351 Ὥρα
2221 5278 2283 5349 δὴ
2321 5274 2412 5331 οὖν
2440 5276 2633 5345 καινῆς
2658 5274 2976 5345 νομοθεσίας
3002 5275 3110 5329 δεῖν
3137 5277 3214 5338 εἰς
3243 5276 3339 5345 τὴν
3374 5273 3483 5327 τῶν
3524 5273 3622 5344 δη-

2043 5371 2317 5442 λουμένων
2366 5369 2641 5421 σύστασιν.
2680 5368 2745 5419 Τί
2772 5368 2827 5420 δὲ
2880 5364 3020 5439 ipa;
3067 5369 3185 5438 εἰκῇ
3233 5367 3384 5419 ταῦτ’
3414 5368 3621 5419 ἀναπε-

2045 5473 2321 5544 φώνηται;
2354 5472 2386 5541 ἢ
2411 5472 2503 5524 καὶ
2534 5471 2684 5534 τέλος
2719 5472 3075 5543 ἐπενήνεκται
3103 5476 3215 5536 τοῖς
3248 5472 3455 5540 λόγοις;
3482 5471 3620 5526 Σκέ-

2042 5580 2140 5651 ψαι
2168 5579 2213 5632 δ’
2236 5574 2327 5631 οὖν
2360 5578 2408 5629 εἰ
2440 5575 2513 5646 μὴ
2543 5576 2802 5647 σήμερον,
2827 5577 2968 5647 λέγω
2990 5577 3054 5649 δὴ
3078 5578 3197 5631 καθ’
3225 5578 3371 5648 ἡμᾶς
3393 5577 3616 5645 αὐτοὺς,

2375 5670 2421 5701 ⁹⁰
2449 5667 2611 5726 Joan.
2643 5684 2717 5738 tv,
2749 5669 2840 5725 2!.
