3842 6218
117 324 181 384 61
1046 315 1710 376 DEMONSTRATIONIS
1738 314 2202 373 EVANGELICAZ
2243 313 2373 387 LIB.
2414 312 2455 369 l.

3314 312 3385 367 62

114 446 411 518 ὀφθαλμοῖς
447 443 524 515 (4)
565 440 798 514 ὁρῶνται
824 439 884 493 ού
914 438 1074 510 μόνον
1106 440 1415 509 Αἰγύπτιοι,
1439 437 1576 493 ἀλλὰ
1608 437 1704 491 καὶ
1730 454 1747 500 Α

1836 437 1917 491 leo
1953 442 2138 492 essent
2159 432 2464 490 oblaturae?
2492 431 2705 488 Clamat
2755 437 2937 487 autem
2985 430 3166 500 palam
3203 436 3260 484 et
3288 434 3379 483 vo-

116 539 221 591 πᾶν
239 535 399 605 γένος
425 532 538 586 τῶν
565 532 694 603 πρὶν
738 528 1137 603 εἰδωλολατρῶν
1195 527 1517 602 ἀνθρώπων,
1543 525 1636 590 οὒς
1667 528 1702 597 ἡ

115 630 423 701 πρόρρησις
454 624 544 680 διὰ
565 623 674 678 τῶν
697 623 1010 690 Αἰγυπτίων
1039 623 1306 695 ᾐνίττετο,
1340 620 1441 690 τῆς
1473 619 1571 693 μὲν
1604 635 1705 671 πο-

114 721 305 775 λυθέου
333 719 430 773 καλ⁸
447 718 771 789 δαιμονικῆς
798 716 1222 789 ἀπηλλαγμένον
1257 713 1488 785 πλάνης,
1519 713 1612 766 τὸν
1650 712 1708 765 δέ

115 814 225 868 τῶν
251 810 549 885 προφητῶν
577 809 710 864 Θεὸν
742 808 1201 880 ἀνακαλούμενον.
1237 807 1348 859 Καὶ
1382 804 1628 877 εὔχονται
1651 804 1709 858 δὲ

116 907 297 963 οὐκέτι
320 906 535 959 πλείοσι
572 902 805 975 κυρίοις,
855 902 936 957 ἐνὶ
958 901 1015 954 δὲ
1046 899 1125 972 τῷ
1160 900 1308 971 μόνῳ
1346 898 1537 970 Κυρίῳ
1567 896 1710 952 κατὰ

114 999 177 1053 τὺ
234 998 386 1071 ἱερὸν
434 996 638 1065 λόγιον,
679 994 770 1049 καὶ
821 992 997 1064 τούτῳ
1036 991 1424 1062 θυσιαστήριον
1464 988 1709 1059 ἀναίμων

115 1093 211 1147 καὶ
245 1088 486 1158 λογικῶν
537 1085 760 1151 θυσιῶν,
789 1084 933 1140 κατὰ
986 1084 1055 1139 τὰ
1100 1082 1263 1139 καινὰ
1300 1083 1575 1154 μυστήρια
1611 1083 1711 1153 τῆς

116 1183 243 1245 νέας
276 1179 374 1233 καὶ
403 1177 602 1248 καινῆς
623 1176 920 1248 Διαθήκης,
950 1173 1075 1227 καθ’
1100 1173 1230 1245 ὅλης
1260 1173 1361 1244 τῆς
1408 1170 1710 1244 ἀνθρώπων

115 1272 446 1343 οἰκουμένης
493 1270 880 1342 ἀνεγήγερται,
910 1269 968 1321 ἐν
1019 1267 1158 1338 αὐτῇ
1195 1283 1256 1319 τε
1290 1264 1574 1336 Αἰγύπτῳ,
1618 1264 1713 1317 καὶ

96 1367 228 1436 ﬁci;
246 1363 458 1425 λοιποῖς
484 1361 662 1415 ἔθνεσι
705 1358 797 1412 τὸν
847 1357 1051 1429 τρόπον
1098 1353 1531 1426 Αίγυπτιάζουσι
1571 1355 1713 1409 κατὰ

117 1457 217 1528 τὴν
249 1453 625 1524 δεισιδαίμονα
664 1450 904 1521 πλάνηνο
936 1448 1032 1504 νῦν
1077 1448 1199 1503 καθ’
1234 1449 1382 1520 ἡμᾶς
1411 1446 1562 1518 ἡτοῦ
1606 1446 1714 1500 τῶν

116 1551 254 1604 ὅλων
277 1546 415 1602 Θεοῦ
449 1545 653 1617 γνῶσις
671 1544 1074 1615 διαλάμπουσα,
1115 1542 1217 1615 τὴν
1247 1534 1431 1596 πίστιν
1478 1538 1717 1611 ἀναμφί-

118 1643 312 1695 λεκτον
356 1639 466 1694 τῶν
493 1635 1008 1710 προθεσπισθὲντων
1027 1631 1506 1705 ὲπισφραγίζεται.
1532 1629 1718 1684 Ταῦτα

118 1734 176 1787 δὲ
204 1733 391 1805 ἔργοις
423 1728 818 1800 ἐπιτελούμενα
846 1727 1009 1800 ὀρῶν,
1038 1725 1154 1780 ἀλλ’
1180 1724 1361 1779 οὐκέτ’
1385 1724 1523 1794 ἀκοῇ
1550 1739 1718 1794 προσ-

117 1828 429 1899 δοκώμενα,
462 1826 553 1879 τὸν
594 1823 803 1896 καιρὸν,
842 1821 1038 1876 ὁπόθεν
1075 1820 1175 1893 τὴν
1207 1821 1383 1893 ἀρχὴν
1422 1819 1532 1875 τῶν
1580 1835 1720 1890 πρα-

119 1919 351 1989 γμάτων
374 1916 614 1989 εἴληχεν,
635 1914 744 1969 οὐδ’
764 1913 863 1985 (4⁵)
883 1912 1039 1967 ἄλλον
1055 1912 1402 1983 ἀναζητήσας
1415 1910 1670 1980 εὑρήσεις
1685 1907 1718 1979 ἢ

118 2010 212 2064 τὸν
256 2010 361 2080 τῆς
403 2006 673 2078 σωτηρίου
713 2004 1055 2074 ἐπιφανείας.
1090 2004 1264 2066 Αὐτὸς
1302 2003 1413 2074 ἄρα
1448 1994 1607 2064 οὗτος
1654 1994 1723 2071 ἦν

121 2103 356 2164 ἐκεῖνος,
392 2099 451 2153 ὃν
496 2101 526 2153 ὁ
548 2094 793 2170 χρησμὸς
837 2093 1047 2166 ἐδήλου,
1079 2093 1258 2164 φήσας
1279 2088 1603 2145 ἀποστελεῖν
1632 2086 1725 2141 τὸν

119 2194 233 2246 τῶν
283 2193 424 2246 ὅλων
454 2190 612 2255 Θεὸν,
643 2189 740 2244 καὶ
772 2187 978 2259 Κύριον
1012 2187 1128 2248 τοῖς
1158 2182 1481 2252 Αἰγυπτίοις
1516 2179 1726 2251 ἄνθρω-

122 2302 249 2349 πον,
276 2284 337 2347 ὃς
362 2281 530 2336 σώσει
562 2279 782 2344 αύτούς·
817 2278 877 2332 ὃν
901 2277 997 2331 καὶ
1023 2275 1093 2330 τὰ
1118 2274 1367 2338 Μωσέως
1417 2272 1607 2345 ἐδήλου
1639 2271 1726 2325 λό-

120 2394 241 2446 για,
269 2376 339 2429 δι’
362 2368 440 2429 ὧν
466 2374 669 2444 ἔφησεν
689 2390 703 2402 ·
745 2390 763 2423 ι
819 2367 1194 2437 Ἐξελεύσεται
1228 2364 1512 2437 ἄνθρωπος
1540 2367 1605 2417 ἐκ
1630 2362 1724 2416 τοῦ

124 2468 448 2540 σπέρματος
504 2463 707 2527 αὐτοῦ,
748 2461 843 2516 καὶ
884 2459 1166 2531 κυριεύσει
1236 2455 1407 2509 ἐθνῶν
1447 2454 1720 2507 πολλῶν·»

122 2562 181 2614 ἐν
210 2556 298 2623 οἷς
330 2558 512 2611 ἔθνεσι
544 2557 642 2610 καὶ
673 2552 961 2622 Αἰγύπτιοι
1006 2549 1275 2623 δήπουθεν
1315 2546 1726 2620 καταριθμοῖντ⁹

122 2652 211 2706 ἄν.
257 2649 425 2704 Ἀλλὰ
456 2648 588 2720 περὶ
618 2648 719 2719 μὲν
751 2644 956 2699 τούτων
986 2642 1197 2715 μακρὸς
1232 2640 1298 2697 ἂν
1319 2641 1404 2712 εῐη
1428 2640 1608 2708 λόγος,
1640 2639 1726 2691 ἐπ’

124 2742 337 2805 οἰκείας
353 2740 553 2811 σχολῆς
569 2737 842 2790 ἐντελὲστε
850 2753 941 2808 ρον
957 2733 1446 2804 ἀποδοθησόμενος·
1467 2729 1527 2783 τό
1543 2746 1605 2798 γε
1623 2727 1727 2799 μὴν

124 2835 305 2904 παρὸν
336 2831 777 2903 ἐπιτετηρήσθω,
815 2831 898 2883 ὃτι
932 2827 1002 2881 τὰ
1029 2823 1422 2897 προηγούμενα
1469 2820 1579 2874 οὐδ’
1604 2819 1729 2890 (4η)

129 2927 329 2981 ἄλλοτε
343 2926 379 2996 ἢ
398 2924 539 2997 μετὰ
562 2924 661 2995 τὴν
680 2922 1003 2991 ἐπιφάνειαν
1018 2916 1195 2990 Ἰησοῦ
1210 2915 1461 2985 τοῦΣωτῆ
1469 2931 1558 2985 ρος
1573 2911 1732 2984 ἡμῶν

130 3018 465 3092 ἐπληροῦτο.
498 3015 590 3082 Ἐξ
605 3015 812 3070 ἐκείνου
830 3015 939 3084 γάρ
954 3030 1036 3066 τοι
1053 3012 1148 3066 καὶ
1170 3012 1251 3074 είς
1267 3008 1428 3079 δεῦρο
1444 3006 1595 3077 παρὰ
1622 3007 1733 3068 τοῖς

1807 526 2071 583 cil‘eratur
2100 526 2269 582 Isaias
2285 524 2593 580 vaticinans
2614 523 2802 588 simul,
2849 538 2913 579 ac
2943 521 3134 578 dicens
3172 540 3185 576 :
3215 540 3233 573 ι
3270 520 3388 577 Erit

1808 619 1979 674 altare
2004 617 2233 675 Domino
2261 616 2316 671 in
2347 625 2491 671 terra
2520 614 2761 686 Egy'pti,
2790 621 2845 670 et
2889 619 3255 683 cognoscetur
3282 610 3387 665 Do-

1807 710 1990 764 minus
2025 708 2093 762 ab
2122 706 2418 778 Egyptiis,
2448 712 2501 761 et
2523 705 2701 759 mittet
2729 705 2810 760 eis
2843 704 3116 758 hominem
3155 703 3250 774 qui
3278 702 3390 757 sal-

1807 813 1907 854 vos
1936 796 2098 853 faciet
2125 812 2242 861 eos,
2280 802 2335 851 et
2362 802 2695 866 cognoscent
2739 791 2981 864 Aigyptii
3011 791 3302 847 Dominum
3333 790 3390 845 in

1809 892 1897 949 die
1928 891 2041 957 illa,
2074 899 2129 946 et
2154 890 2357 945 facient
2376 888 2669 955 sacriﬁcia,
2701 894 2756 943 et
2778 885 3054 942 vovebunt
3106 892 3234 939 vota
3288 882 3395 939 Do-

1809 987 1981 1050 mino,
2007 993 2062 1042 et
2092 984 2343 1050 reddent,
2376 991 2430 1041 ct
2455 990 2845 1038 convertentur
2873 980 2942 1035 ad
2974 977 3291 1039 Dominum,
3336 984 3393 1033 et

1811 1075 2066 1133 exaudiet
2093 1091 2211 1142 eos,
2236 1083 2291 1132 et
2320 1075 2536 1132 sanabit
2559 1089 2656 1132 eos
2684 1074 2751 1129 θλ.
2789 1092 2808 1125 ι
2848 1071 3058 1142 Ecquid
3081 1070 3185 1125 tibi
3233 1068 3393 1124 vide-

1812 1186 1936 1225 mur
1959 1169 2291 1240 veramlegis
2322 1167 2460 1223 Mosi
2489 1167 2909 1223 conversionem
2940 1163 3164 1220 dicere?
3194 1178 3263 1216 an
3292 1153 3393 1231 po-

1812 1264 1925 1319 tius
1957 1262 2119 1319 ﬁnem
2143 1270 2197 1318 et
2233 1263 2559 1319 solutionem
2591 1261 2912 1327 enuntiare,
2954 1265 3010 1314 et
3056 1256 3396 1328 prOpheticis

1814 1357 2045 1413 vocibus
2081 1356 2368 1411 vaticinari
2396 1356 2420 1410 ?
2455 1354 2669 1410 Etenim
2687 1354 2864 1409 Moses
2909 1353 3081 1407 altare
3102 1357 3156 1407 et
3186 1348 3398 1407 sacriﬁ»

1816 1451 1901 1504 cia
1932 1464 2204 1520 nusquam
2222 1456 2491 1504 terrarum
2525 1447 2584 1501 in
2623 1446 2740 1501 sola
2791 1444 2977 1500 Iudaea
3008 1452 3063 1500 et
3121 1444 3177 1498 in
3232 1445 3399 1515 hujus

1818 1555 1927 1595 una
1949 1539 2217 1594 duntaxat
2242 1538 2463 1593 civitate
2492 1536 2777 1604 constitui,
2814 1536 2934 1607 lege
2955 1552 2986 1590 a
3017 1552 3075 1592 se
3103 1536 3283 1606 posita
3308 1536 3403 1605 ju-

1817 1633 1948 1689 bet:
1981 1631 2267 1702 prophetia
2299 1641 2480 1685 autem
2535 1630 2592 1683 in
2626 1636 2776 1684 terra
2824 1627 3045 1699 Egypti
3097 1628 3174 1681 ait
3228 1628 3401 1683 altare

1823 1725 2052 1781 Domino
2082 1725 2404 1781 struendum
2443 1722 2847 1793 dicandumque
2868 1738 3009 1789 esse,
3031 1729 3085 1777 et
3113 1720 3401 1792 Egyptios

1825 1820 1976 1889 ipsos
1999 1835 2108 1874 non
2139 1818 2375 1888 amplius
2406 1817 2514 1872 diis
2548 1816 2742 1894 patriis
2772 1830 2888 1870 rem
2918 1829 3154 1878 sacram,
3181 1816 3276 1869 sed
3296 1813 3404 1885 ipsi

1824 1913 2212 1984 prophetarum
2242 1910 2353 1967 Deo
2384 1908 2626 1963 facturos
2652 1923 2665 1958 :
2698 1915 2752 1962 et
2809 1907 2955 1977 quod
3011 1921 3200 1961 verum
3232 1905 3404 1960 Deum

1826 2005 1934 2059 sint
1964 2003 2223 2075 agnituri,
2274 2018 2383 2056 non
2413 2000 2600 2056 Mosen
2629 2000 2737 2055 illis
2759 2014 2937 2069 neque
2987 1999 3154 2052 alium
3173 2013 3245 2052 ex
3276 2012 3406 2067 pro-

1826 2098 2007 2170 phetis
2037 2096 2348 2168 quempiam
2375 2102 2651 2157 auctorem
2684 2094 2821 2156 fore,
2855 2092 2949 2147 sed
2985 2106 3186 2145 novum
3216 2105 3408 2160 quem-

1826 2189 1951 2244 dam
1986 2188 2246 2243 divinitus
2277 2185 2509 2242 missum
2538 2184 2836 2239 hominem.
2874 2183 2983 2252 20
3011 2181 3184 2236 Porro
3222 2186 3409 2234 autem

1828 2280 2096 2335 translato
2145 2284 2590 2346 commutatoque
2632 2273 2789 2329 altari
2826 2284 3021 2344 prmter
3071 2271 3240 2327 Mosis
3270 2286 3410 2329 con-

1830 2370 2143 2426 stitutiones
2170 2379 2330 2439 atque
2357 2368 2596 2430 decreta,
2634 2381 2859 2421 necesse
2883 2372 2964 2421 est
2996 2364 3214 2435 penitus
3243 2364 3411 2419 etiam

1829 2463 1966 2533 legis
1998 2458 2165 2515 Mosis
2194 2458 2311 2514 ﬁeri
2344 2458 2720 2512 mutationem.
2750 2455 2906 2523 Quod
2942 2454 2987 2509 si
3028 2469 3244 2509 summo
3298 2453 3413 2508 Deo

1831 2553 2191 2610 sacriﬁcaturi
2223 2560 2353 2606 sunt
2380 2548 2640 2621 Egyptii,
2678 2564 2904 2618 prorsus
2942 2548 3109 2602 etiam
3154 2546 3414 2602 sacerdo-

1831 2647 1893 2701 tii
1924 2661 2124 2700 munus
2154 2651 2280 2699 sunt
2310 2642 2580 2712 adepturi.
2607 2642 2675 2695 At
2706 2640 2977 2712 ngyptiis
3025 2639 3093 2694 ad
3129 2639 3237 2693 tale
3290 2653 3413 2691 mu-

1832 2755 1957 2806 nus,
1984 2737 2281 2806 assumptis
2313 2749 2434 2804 quae
2449 2734 2516 2788 de
2545 2732 2749 2790 Levitis
2769 2741 2823 2787 ct
2864 2732 3047 2786 Aaron
3079 2729 3417 2786 successori-

1833 2832 1938 2886 bus
1965 2846 1994 2883 ιι
2018 2829 2166 2883 Moss
2199 2834 2328 2884 sunt
2355 2826 2677 2890 constituta,
2710 2826 2844 2880 nulli
2873 2826 3033 2895 plane
3081 2822 3206 2877 usui
3247 2820 3417 2892 ngy-

1836 2922 1966 2992 ptiis
1988 2920 2222 2991 amplius
2264 2935 2386 2975 csse
2424 2933 2584 2988 posse
2628 2916 2978 2988 perspicuum
3037 2922 3142 2968 est.
3176 2910 3420 2981 Tempus

1838 3015 2129 3086 igiturjam
2157 3021 2272 3068 tum
2304 3012 2489 3077 fuerit,
2530 3013 2700 3082 legem
2724 3025 2922 3066 novam
2950 3008 3019 3063 ad
3071 3023 3135 3062 ea
3185 3021 3307 3077 qua:
3334 3004 3422 3059 di-

128 3106 576 3177 Ᾱίγυτπίοις,καὶ
592 3103 743 3179 παρα
759 3100 1094 3175 Πέρσαις,Σύ
1103 3118 1215 3174 ροις
1226 3117 1285 3153 τε
1299 3100 1393 3153 καὶ
1407 3097 1734 3170 Ἀρμενίοις,

1840 3111 1929 3157 cta
1955 3111 2082 3158 sunt
2104 3100 2501 3166 conﬁrmanda,
2533 3114 2738 3169 ponere
2776 3114 2915 3168 opus
2939 3113 3082 3153 esse.
3141 3096 3281 3163 Quid
3318 3094 3421 3166 igi-

133 3201 234 3256 καὶ
255 3199 417 3271 παρὰ
427 3201 539 3261 τοίς
553 3197 653 3260 τὰς
669 3194 926 3267 ἐσχατιὰς
945 3194 1046 3265 τῆς
1062 3194 1167 3263 γῆς
1181 3190 1392 3247 οἰκοῦσι
1410 3189 1733 3261 βαρϐάροις,

131 3295 322 3358 αὐτοῖς
351 3311 416 3346 τε
443 3294 558 3356 τοῖς
593 3291 653 3344 τὸ
687 3291 817 3363 πρὶν
853 3286 1302 3360 ἀνημερωτάτοις
1347 3284 1442 3338 καὶ
1478 3281 1737 3355 θηριωδε-

135 3388 358 3451 στάτοις
402 3385 617 3447 ἔθνεσι,
660 3383 751 3436 ναὶ
780 3381 884 3454 μὴν
925 3381 1022 3435 καὶ
1067 3378 1220 3451 παρὰ
1251 3380 1365 3440 τοῖς
1397 3375 1496 3439 τὰς
1541 3375 1737 3446 νήσους

133 3480 381 3536 οἰκοῦσιν
418 3477 529 3550 (ὃτι
553 3477 620 3549 δὴ
653 3477 744 3530 καὶ
780 3474 986 3528 τούτων
1044 3472 1246 3542 ἠξίωσε
1288 3471 1509 3541 μνήμην
1534 3470 1570 3539 ή
1607 3485 1741 3539 προ-

137 3574 344 3646 φητεία
373 3568 753 3643 ποιήσασθαι),
774 3567 911 3638 αὑτὴ
933 3566 1173 3636 ἐκείνηή
1201 3563 1344 3618 κατὰ
1374 3563 1464 3616 τὸν
1492 3560 1742 3633 Ἀϐραὰμ

138 3668 416 3733 πολιτεία,
446 3666 544 3720 καὶ
572 3667 601 3719 ὁ
626 3663 988 3724 παλαιότατος
1018 3660 1116 3714 καὶ
1140 3657 1357 3712 πάντων
1381 3654 1742 3728 ἀρχαιότατος

139 3764 244 3833 τῆς
273 3759 593 3823 θεοσεϐείας
620 3757 821 3829 τρόπος
860 3752 1243 3817 σπουδάζεται.
1273 3750 1386 3805 Καὶ
1425 3749 1509 3812 τίς
1549 3748 1648 3800 οὐκ
1678 3746 1743 3799 ἂν

143 3851 458 3922 ἐκπλαγείη
499 3850 563 3903 τὸ
602 3846 908 3920 παράδοξον
954 3844 1047 3899 τοῦ
1086 3843 1440 3915 πράγματος,
1493 3840 1541 3891 εἰ
1585 3837 1649 3909 δὴ
1695 3836 1746 3889 οἱ

145 3947 205 4014 ἐξ
237 3946 445 4009 αἰῶνος
474 3943 666 4006 λίθοις,
688 3942 783 3995 καὶ
813 3939 1009 4005 ξύλοις,
1043 3938 1139 3992 καὶ
1171 3936 1411 4006 δαίμοσι,
1444 3930 1655 4004 θηρίοις
1686 3946 1746 3981 τε

149 4037 621 4109 ἁνθρωποϐόροις,
645 4035 740 4089 καὶ
786 4034 1035 4105 ἑρπετοῖς
1065 4029 1313 4092 ίοϐόλοις,
1345 4026 1502 4092 ζώοις
1526 4041 1585 4077 τε
1615 4039 1751 4075 παν-

150 4133 342 4195 τοίοις,
376 4129 477 4184 καὶ
507 4126 771 4198 εἱδεχθέσι
805 4123 1118 4187 κνωδάλοις,
1146 4121 1279 4194 πυρί
1313 4137 1373 4172 τε
1408 4118 1505 4178 καὶ
1535 4118 1629 4187 γῇ,
1656 4114 1752 4169 καὶ

154 4225 266 4287 τοῖς
312 4219 412 4275 τοῦ
460 4219 659 4283 παντὸς
702 4217 931 4287 ἀψύχοις
979 4212 1265 4284 στοιχείοις
1317 4210 1417 4282 τὴν
1460 4207 1753 4276 σεϐάσμιον

156 4320 327 4392 τιμὴν
354 4316 729 4390 περιτιθέντες
748 4354 762 4379 ,
795 4313 886 4367 τὸν
948 4311 1171 4381 ὕψιστον
1203 4307 1358 4369 Θεὸν,
1395 4304 1487 4357 τὸν
1520 4298 1751 4373 ούρανοῦ

159 4415 256 4469 καὶ
289 4413 400 4484 γῆς
449 4408 781 4483 δημιουργὸν
804 4446 819 4470 ,
850 4404 1012 4461 αὐτὸν
1056 4403 1123 4474 δὴ
1175 4400 1267 4454 τὸν
1316 4397 1424 4452 τῶν
1459 4392 1755 4468 προφητῶν

1834 3196 1960 3252 tur?
1986 3203 2193 3250 temere
2225 3194 2339 3248 haec
2372 3194 2656 3249 enuntiata
2687 3192 2856 3247 sunt?
2882 3206 2951 3245 an
2970 3190 3179 3246 exitum
3216 3190 3424 3244 invenit

1837 3288 2054 3343 oratio?
2088 3287 2297 3357 inspice
2321 3286 2486 3357 igitur
2514 3285 2561 3340 si
2587 3299 2698 3339 non
2722 3284 2910 3349 hodie,
2948 3284 3053 3336 hoc
3090 3290 3176 3337 est
3216 3281 3425 3337 nostris

1839 3379 2059 3434 interim
2097 3378 2340 3448 ipsorum
2375 3376 2738 3447 temporibus,
2764 3375 2899 3445 ipsis
2921 3374 3097 3429 oculis
3124 3380 3426 3427 cernuntur

1840 3486 1952 3525 non
1983 3470 2158 3525 solum
2182 3467 2447 3539 Aigyptii,
2475 3482 2666 3522 verum
2694 3466 2860 3521 etiam
2898 3480 3063 3520 omne
3119 3478 3293 3535 genus
3329 3463 3428 3517 ho-

1841 3562 2051 3616 minum
2089 3560 2180 3631 qui
2217 3560 2449 3614 antehac
2470 3557 2785 3614 simulacris
2809 3556 3011 3611 addicti
3037 3563 3215 3619 erant,
3262 3570 3429 3621 quos-

1843 3668 1949 3723 que
1977 3650 2356 3722 !Egyptiorum
2379 3649 2743 3720 appellatione
2774 3646 3096 3718 prophetica
3140 3644 3425 3715 praedictio

1846 3742 2136 3814 signiﬁcat,
2173 3756 2203 3795 a
2229 3741 2526 3795 multorum
2560 3739 2791 3795 deorum
2810 3753 2873 3793 ac
2915 3738 3228 3793 daemonum
3263 3736 3432 3806 impio

1848 3835 2000 3888 cultu
2026 3833 2338 3898 liberatum,
2370 3841 2425 3886 et
2455 3845 2645 3888 verum
2677 3830 3074 3900 prophetarum
3118 3826 3291 3883 Deum
3342 3832 3432 3881 in-

1849 3940 2052 3979 vocans
2082 3931 2136 3977 et
2161 3924 2420 3978 adorans.
2459 3918 2600 3976 Vota
2623 3929 2807 3975 autem
2846 3920 3080 3984 faciunt,
3107 3934 3220 3974 non
3263 3918 3434 3989 pluriv

1849 4016 1954 4070 bus
1991 4014 2225 4084 amplius
2269 4013 2533 4079 dominis,
2568 4013 2660 4069 sed
2694 4013 2791 4066 uni
2826 4013 2929 4068 soli
2958 4011 3210 4075 Domino,
3243 4026 3438 4081 quem-

1852 4106 2144 4161 admodum
2167 4119 2385 4160 sacrum
2407 4104 2660 4175 prmdixit
2690 4104 2998 4159 oraculum.
3056 4102 3121 4157 Et
3150 4102 3278 4156 huic
3314 4102 3438 4169 qui-

1853 4196 1976 4253 dem
2014 4197 2183 4251 altare
2211 4197 2621 4251 iucruentarum
2648 4202 2700 4250 et
2723 4195 3072 4250 rationalium
3096 4193 3431 4251 hostiarum,

1855 4295 1915 4343 ut
1955 4302 2097 4343 nova
2123 4286 2262 4343 Novi
2303 4287 2640 4343 Testamenti
2690 4287 2950 4359 mysteria
2992 4284 3292 4357 postulant,
3342 4296 3439 4351 per

1858 4389 2032 4435 totum
2060 4386 2334 4434 terrarum
2355 4379 2545 4433 orbem
2575 4386 2821 4434 erectum
2842 4386 2928 4433 681.
2962 4392 2975 4427 Ζ
3007 4382 3205 4430 etcum
3240 4373 3296 4427 in
3346 4370 3441 4426 1E-

428 4463 537 4556 τον⁸
557 4463 710 4555 Θεδν.
735 4463 988 4569 Ἀϐραὰμ
1023 4463 1123 4549 καί
1163 4491 1272 4546 τῶν
1299 4463 1515 4543 τούτου-
1540 4463 1747 4556 προπα-

1858 4481 2043 4546 gypto,
2074 4482 2191 4528 tum
2220 4473 2278 4529 in
2307 4471 2534 4543 reliquis
2561 4471 2835 4542 gentibus,
2871 4484 2992 4540 quae
3026 4483 3209 4523 mores
3266 4463 3440 4536 IEgy-

155 4576 360 4671 τόρων,
399 4593 540 4667 μετὰ
565 4592 665 4664 τὴν
696 4590 790 4645 τοῦ
816 4588 1069 4659 Σωτῆρος
1100 4583 1257 4667 ήμῶν
1289 4579 1592 4671 παρουσίαν
1618 4576 1753 4630 ἁνα-

162 4668 498 4751 καλοῦνταις
532 4684 628 4738 καὶ
653 4683 705 4736 οἱ
737 4679 917 4753 μικρῷ
942 4675 1180 4753 πρόσθεν
1219 4669 1627 4745 μητρογαμίαις
1660 4668 1756 4722 καὶ

164 4776 623 4851 θυγατρομιξίαις
649 4814 664 4837 ,
718 4767 1164 4843 ἀλληλοφθορίαις
1215 4783 1277 4819 τε
1330 4764 1424 4818 καὶ
1472 4761 1757 4824 παντοίαις

170 4871 510 4947 μιαιφονίαις
538 4865 1032 4937 ἐγκαλινδούμενοι,
1060 4861 1110 4914 οἰ
1164 4857 1331 4931 μηδέν
1370 4873 1424 4909 τι
1468 4853 1757 4924 ἀνημέρων

168 4945 380 5042 θηρίων
413 4963 510 5019 τὸν
566 4961 767 5034 τρόπον
810 4957 1187 5028 διαφέροντες,
1233 4950 1354 5005 νυνὶ
1395 4947 1483 5001 διὰ
1524 4948 1625 5017 τῆς
1662 4945 1756 5000 τοῦ

168 5039 429 5131 Σῶτῆρος
456 5055 617 5128 ήμῶν
644 5052 827 5107 ἐνθέου
864 5050 1146 5120 δυνάμεως
1183 5042 1630 5116 μεταϐληθέντες,
1663 5039 1759 5131 καὶ

172 5130 365 5224 ὥσπερ
397 5149 459 5217 ἐξ
492 5148 697 5220 ἐτέρων
738 5144 918 5214 ἕτεροι
956 5139 1263 5210 γεγονότες,
1291 5134 1484 5203 λόγους
1529 5130 1757 5202 ἀρετῆς,

178 5247 268 5301 καὶ
289 5241 654 5315 σωφροσύνης
686 5236 1047 5307 παιδεύματα,
1097 5231 1371 5292 συνιόντες
1396 5228 1476 5290 εἰς
1512 5224 1581 5279 τὰ
1608 5224 1763 5277 κοινὰ

178 5336 550 5395 διδασκαλεῖα,
590 5329 950 5404 μανθάνουσιν
973 5344 988 5357 ο
1017 5325 1094 5389 ὼς
1121 5325 1222 5395 τὴν
1257 5319 1519 5377 ἀνωτάτω
1547 5316 1764 5386 φιλοσο⁴

182 5429 304 5496 φίας,
329 5467 346 5490 ,
399 5425 501 5497 τὴν
553 5422 680 5494 μηδ’
725 5418 1013 5490 ἐμϐλέπειν
1062 5414 1379 5475 ἀκολάστοις
1432 5407 1763 5479 ὀφθαλμοῖς»

253 5569 300 5601 ’⁸
334 5569 442 5622 lsa.
476 5581 595 5631 ιιι,
636 5562 838 5630 19,20.

260 5708 333 5778 (ἢ
364 5707 531 5778 Forte
563 5705 695 5778 195.,
724 5701 842 5778 καθ’
872 5702 1036 5778 ἡμᾶς,
1076 5702 1255 5763 αὐτοῖς
1294 5699 1403 5761 τοῖς
1429 5694 1550 5765 ὸφθ.
1590 5708 1738 5751 Ευιτ.

265 5771 359 5850 (4⁵)
395 5776 556 5833 Οὐδ’.
585 5771 746 5857 Forte
773 5772 891 5827 οὐκ.
922 5771 1077 5829 Εοιτ.

1857 4567 2096 4638 ptiorum
2122 4564 2422 4629 imitantes,
2440 4561 2851 4633 superstitionis
2863 4574 3050 4615 errore
3081 4558 3437 4635 tenebantur:

1859 4659 1962 4713 hac
1989 4658 2109 4729 ipsa
2134 4662 2298 4711 atate
2324 4661 2516 4711 nostra
2546 4653 2793 4726 cognitio
2830 4651 2946 4707 veri
3004 4649 3102 4705 Dei
3162 4633 3441 4711 relucens,

1859 4752 2020 4809 ﬁdem
2053 4751 2122 4806 iis
2171 4764 2292 4821 qua:
2320 4762 2351 4801 a
2382 4746 2665 4817 prophetis
2694 4744 2953 4815 praedicta
2983 4749 3132 4806 sunt,
3165 4741 3445 4796 indubita-

1860 4856 1973 4900 tam
2012 4842 2282 4915 adjungit.
2315 4839 2443 4895 Haec
2477 4847 2659 4894 autem
2691 4854 2816 4893 cum
2846 4839 3030 4907 reipsa
3061 4835 3279 4890 interim
3320 4848 3447 4903 pcr-

1866 4936 1953 4991 ﬁci
1982 4936 2190 4999 videas,
2224 4948 2325 4988 nec
2383 4932 2636 5002 amplius,
2697 4937 2756 4986 ut
2803 4928 3078 5000 quondam
3137 4926 3316 4983 audita
3349 4941 3448 4980 ex-

1868 5026 2124 5098 spectari,
2155 5025 2203 5081 si
2226 5032 2445 5095 tempus
2482 5038 2695 5095 quaeras
2729 5021 2876 5077 unde
2924 5020 3254 5092 principium
3296 5021 3446 5086 ejus-

1868 5120 2016 5176 modi
2044 5135 2133 5175 res
2166 5119 2458 5189 acceperit,
2492 5132 2601 5171 non
2633 5116 2781 5171 aliud
2811 5114 3077 5179 invenies,
3115 5128 3279 5183 quam
3320 5128 3446 5167 cum

1873 5214 2126 5269 Salvator
2158 5219 2346 5268 noster
2371 5209 2614 5264 advenit.
2638 5209 2759 5279 Ipse
2788 5208 2956 5278 igitur
2982 5205 3074 5261 ille
3103 5204 3229 5273 fuit,
3283 5219 3444 5274 quem

1869 5306 2153 5362 oraculum
2184 5301 2550 5373 signiﬁcabat,
2578 5314 2705 5355 cum
2731 5299 2940 5354 diceret
2965 5297 3137 5351 Deum
3167 5308 3222 5351 et
3264 5293 3449 5349 Domi-

1871 5414 2005 5456 num
2029 5396 2293 5460 universi,
2341 5395 2642 5450 missurum
2698 5391 2971 5464 Egyptiis
3024 5390 3299 5447 hominem
3353 5387 3448 5459 qui

1941 5686 2060 5759 (Γ)
2096 5683 2249 5741 Οὐδ’.
2279 5682 2440 5741 Forte
2472 5683 2588 5737 οὐκ.
2620 5680 2777 5737 Εοιτ.
