3842 6218
400 321 472 379 63
1059 316 1332 372 EUSEBII
1371 314 1853 373 CASSARIENSIS
1883 315 2035 375 OPP.
2079 315 2259 371 PARS
2292 314 2353 372 li.
2399 344 2469 355 —-
2507 313 3015 370 APOLOGETICA.
3605 311 3681 370 ει

401 444 583 501 salvos
615 440 781 497 faciat
803 455 919 505 eos,
952 455 1115 510 quem
1138 449 1192 496 et
1218 439 1385 497 Mosis
1406 441 1665 496 vaticinia
1724 442 1968 511 perhibe-

2084 410 2218 511 μηδὲ⁹
2246 438 2407 511 μέχρι
2430 439 2606 507 λόγων
2628 439 2962 510 ἀδιαφορεῖν,
2986 437 3119 509 μηδὲ
3150 430 3394 490 τάεκοινά
3424 435 3519 489 καὶ
3556 437 3681 497 τοῖς

400 534 553 597 bant,
575 533 668 588 ubi
694 533 801 586 ait:
823 532 1145 602 Egredietur
1164 532 1328 587 homo
1345 532 1414 588 de
1432 533 1641 588 semine
1672 534 1791 601 ejus
1821 541 1875 587 et
1889 533 1987 587 do-

399 626 700 680 minabitur
722 624 974 695 gentibus
1000 624 1187 679 multis
1214 626 1297 692 ⁹²;
1331 626 1387 679 in
1414 626 1618 695 quibus
1639 641 1770 680 sane
1805 627 1985 696 genti-

401 714 508 770 bus
525 722 578 769 ct
595 713 883 785 JEgyptios
899 715 1176 769 numerari
1203 731 1301 786 par
1324 723 1427 771 est.
1447 716 1647 772 Verum
1667 717 1732 771 de
1754 718 1837 771 his
1862 718 1987 787 qui-

399 807 522 862 dem
552 808 763 878 longior
788 816 936 864 esset
966 808 1164 873 oratio,
1190 816 1243 863 et
1279 824 1376 878 per
1404 809 1577 863 otium
1608 809 1736 863 huic
1769 809 1872 877 ipsi
1904 809 1984 864 rei

399 902 662 966 dicatum,
714 903 1019 958 absolutius
1057 904 1333 958 reddenda
1422 902 1578 969 Quod
1622 912 1805 959 autem
1845 922 1985 975 prae-

401 996 571 1051 sentis
601 996 705 1050 loci
735 999 806 1051 sit
840 997 1146 1067 proprium,
1189 996 1321 1049 illud
1365 1003 1621 1051 teneatur
1675 1013 1687 1048 :
1738 1014 1802 1053 ea
1863 1016 1984 1068 qua:

400 1088 660 1158 przedicta
688 1096 839 1152 sunt,
873 1104 981 1143 non
1018 1089 1153 1143 alias
1177 1103 1341 1158 quam
1380 1096 1503 1158 post
1532 1089 1824 1144 adventum
1851 1090 1982 1146 Jesu

400 1177 703 1234 Salvatoris
755 1179 930 1234 nostri
962 1194 1081 1233 esse
1107 1177 1399 1247 completa.
1432 1178 1514 1233 Ab
1564 1180 1657 1234 illo
1714 1182 1858 1235 enim
1912 1182 1981 1236 ad

396 1269 545 1323 hunc
575 1285 749 1339 usque
786 1270 929 1324 diem
975 1270 1117 1340 apud
1166 1269 1476 1342 Egyptios,
1536 1272 1680 1341 apud
1741 1272 1935 1330 Persas
1963 1314 1979 1339 ,

400 1360 590 1431 Syros,
643 1362 955 1429 Armenios,
1014 1362 1160 1432 apud
1206 1372 1483 1418 extremas
1526 1373 1798 1419 terrarum
1852 1381 1981 1421 oras

395 1453 698 1510 incolentes
751 1455 1052 1519 barbaros,
1100 1462 1153 1509 et
1211 1470 1336 1509 cum
1367 1457 1471 1524 21
1504 1457 1647 1527 apud
1686 1457 1785 1513 has
1831 1458 1980 1528 ipsas

396 1544 548 1613 prius
607 1544 1037 1599 immanissimas
1081 1551 1136 1600 et
1180 1542 1486 1599 ferissimas
1542 1548 1816 1612 nationes,
1864 1555 1981 1603 tum

393 1650 523 1690 vero
554 1637 716 1691 etiam
766 1636 911 1707 apud
958 1652 1053 1691 eos
1105 1636 1200 1706 qui
1243 1637 1455 1692 insulas
1511 1642 1717 1699 colunt,
1735 1639 1979 1709 (quando

393 1737 449 1784 et
498 1729 565 1784 de
612 1729 697 1785 his
749 1729 1038 1800 prophetia
1087 1744 1197 1782 non
1239 1729 1525 1799 indignum
1561 1731 1771 1800 putavit
1798 1732 1979 1787 facere

392 1820 760 1887 mentionem)
829 1819 950 1888 ipsa
1009 1818 1148 1881 illa,
1215 1833 1337 1886 quae
1409 1827 1635 1874 auctore
1696 1820 1974 1876 Abraham

394 1913 789 1984 comprobatur
840 1910 1019 1965 civilis
1073 1912 1252 1975 ratio,
1307 1919 1360 1967 et
1407 1913 1654 1967 omnium
1704 1913 1975 1984 antiquis-

393 2005 569 2060 simus
601 2004 813 2058 colendi
849 2002 1018 2057 Deum
1048 2018 1189 2071 lllOS,
1240 2004 1571 2061 celebratur.
1604 2004 1669 2059 Et
1701 2013 1828 2075 quis
1861 2022 1972 2062 non

392 2095 513 2165 ipsa
565 2094 643 2149 rei
672 2093 1024 2149 mirabilitate
1073 2094 1479 2165 Obstupescat?
1516 2113 1641 2152 cum
1671 2114 1768 2153 eos
1811 2100 1904 2169 qui
1939 2116 1972 2154 ιι

391 2189 615 2244 condito
649 2203 798 2253 aevo,
836 2188 1139 2257 lapidibus,
1172 2196 1225 2242 et
1255 2189 1435 2260 lignis,
1500 2198 1554 2245 et
1604 2192 1968 2261 daemonibus,

390 2281 697 2351 belluisque
722 2280 959 2335 humana
991 2296 1154 2335 carne
1182 2281 1562 2338 victitantibus
1593 2292 1647 2339 et
1682 2286 1971 2355 reptilibus

390 2378 693 2441 venenatis,
751 2377 1187 2447 animalibusque
1241 2377 1423 2433 omnis
1465 2381 1702 2449 generis,
1738 2390 1790 2435 et
1838 2380 1969 2437 feris

391 2467 741 2535 informibus,
794 2470 1035 2539 ignique,
1071 2479 1126 2524 et
1160 2479 1348 2535 terrae,
1406 2478 1461 2526 et
1507 2471 1680 2542 ipsius
1726 2473 1971 2530 universi

389 2558 709 2614 inanimatis
757 2560 1062 2624 elementis.
1096 2561 1341 2616 divinum
1390 2562 1653 2619 honorem
1678 2573 1732 2620 et
1762 2567 1968 2620 cultum

374 2650 705 2706 tribuebant
742 2672 754 2707 :
799 2654 1126 2708 altissimum
1170 2653 1337 2708 Deum
1367 2696 1382 2721 ,
1437 2663 1492 2710 et
1544 2657 1669 2710 coeli
1717 2671 1780 2711 ac
1811 2666 1970 2712 terra:

387 2741 658 2811 opificem,
717 2744 896 2813 ipsum
949 2747 1138 2815 utique
1190 2747 1580 2816 prophetarum
1637 2748 1965 2814 Dominum,

389 2829 668 2903 Deumque
713 2837 1006 2900 Abraham,
1043 2846 1095 2892 et
1119 2853 1346 2891 avorum
1385 2839 1654 2907 ejusdem,
1689 2849 1811 2911 post
1849 2840 1969 2894 Sal--

387 2923 595 2978 vatoris
623 2926 798 2979 nostri
830 2926 1144 2991 adventum,
1176 2929 1357 2983 videat
1392 2930 1716 2983 invocantes
1752 2948 1765 2983 :
1799 2938 1852 2984 et
1872 2944 1970 2984 eos

384 3015 482 3083 qui
516 3016 677 3084 paulo
711 3023 836 3069 ante
859 3031 887 3068 a
919 3018 1184 3074 matribus
1235 3028 1288 3075 et
1322 3020 1537 3076 ﬁliabus
1564 3020 1840 3074 libidinem
1858 3036 1968 3073 non

387 3109 774 3173 abstinebant,
806 3125 973 3180 seque
1007 3121 1199 3165 mutuo
1254 3115 1398 3168 inter
1434 3130 1494 3170 se
1519 3117 1966 3185 corrumpebant,

383 3207 440 3255 et
465 3201 646 3257 omnis
673 3203 889 3272 generis
921 3205 1399 3260 cruentationibus
1427 3215 1481 3261 et
1515 3206 1758 3261 caedibus
1782 3208 1964 3276 inqui-

387 3293 614 3357 nabant,
651 3295 741 3363 qui
797 3294 933 3347 nihil
967 3296 1036 3349 ab
1065 3296 1398 3351 immanibus
1462 3296 1612 3361 feris,
1653 3298 1795 3352 victu
1846 3299 1965 3368 ipso

384 3384 725 3451 diﬂerebant,
755 3402 901 3441 nunc
934 3403 1029 3457 per
1054 3386 1354 3443 Salvatoris
1388 3391 1561 3444 nostri
1590 3389 1831 3443 divinam
1862 3392 1967 3444 vir-

383 3484 559 3532 tutem
592 3485 853 3541 mutatos,
890 3487 943 3534 et
989 3480 1150 3549 quasi
1182 3496 1249 3534 ex
1291 3481 1416 3537 aliis
1440 3482 1579 3536 alios
1615 3481 1812 3547 factus,
1847 3498 1966 3537 ser-

383 3585 578 3625 mones
627 3570 696 3625 de
740 3571 960 3637 virtute,
1018 3574 1405 3644 modestiaeque
1440 3577 1723 3645 praecepta
1754 3583 1813 3629 ut
1853 3576 1965 3630 dis—

381 3673 532 3725 cant,
563 3664 619 3717 in
650 3679 971 3720 communes
1001 3666 1223 3722 scholas
1273 3668 1494 3723 assidue
1534 3670 1966 3727 convenientes?

382 3762 550 3823 atque
597 3754 732 3809 adeo
765 3756 1006 3825 quidem,
1042 3769 1101 3810 ut
1128 3766 1237 3811 tam
1264 3759 1671 3829 feminm‘quam
1698 3762 1822 3824 viri,
1854 3770 1963 3816 tam

383 3861 653 3917 pauperes
683 3865 845 3918 quam
860 3850 1078 3915 divites,
1111 3859 1223 3904 tam
1248 3852 1499 3922 vulgares
1529 3863 1583 3908 et
1613 3854 1964 3924 ignariquam

383 3936 531 3993 docti
561 3939 723 3994 etiam
757 3942 931 4009 pueri,
954 3949 1007 3997 et
1037 3943 1329 4012 mancipia,
1379 3959 1491 3997 non
1516 3946 1697 4001 minus
1722 3947 1774 3999 in
1793 3947 1962 4016 agris,

384 4045 548 4101 quam
572 4032 627 4084 in
658 4031 908 4094 urbibus.
940 4032 996 4086 in
1045 4033 1165 4086 loca
1214 4041 1365 4087 certa
1398 4037 1746 4100 conveniant,
1781 4046 1839 4090 ut
1871 4054 1966 4092 su-

384 4136 626 4191 premam
650 4121 792 4174 illam
813 4122 1210 4192 philosophiam
1235 4124 1505 4187 ediscant,
1533 4141 1652 4195 qua:
1682 4127 1961 4194 admonet,

358 4225 454 4266 .ne
483 4211 684 4266 intueri
714 4211 932 4280 quidem
965 4212 1338 4282 petulantibus
1367 4216 1544 4271 oculis
1579 4218 1659 4272 las
1689 4234 1835 4282 esse,
1869 4236 1965 4274 ne—

383 4317 491 4373 que
514 4303 741 4357 verbum
774 4304 1023 4358 emittere
1062 4305 1319 4371 Otiosum,
1362 4324 1537 4378 neque
1567 4324 1628 4362 ea
1657 4325 1779 4379 qua:
1807 4326 1964 4364 com.

380 4393 569 4449 munia
600 4402 749 4461 sunt,
790 4402 843 4448 ct
884 4396 1139 4451 omnibus
1200 4407 1462 4452 consueta
1512 4412 1748 4469 patrare,
1777 4409 1831 4455 et
1861 4402 1961 4456 d0-

381 4495 613 4541 ceantur
637 4502 823 4541 verum
859 4487 1011 4541 illum
1031 4504 1257 4555 morem,
1290 4508 1452 4560 quem
1481 4492 1683 4562 ubique
1719 4494 1961 4548 locorum
1994 4514 2038 4568 ι)

382 4575 440 4630 in
472 4578 622 4630 cultu
644 4587 699 4631 et
731 4576 995 4647 obsequio
1018 4581 1218 4633 summi
1246 4580 1340 4634 Dci
1390 4598 1611 4637 servare
1651 4587 1960 4650 conveniat,

382 4668 527 4722 sicut
558 4667 695 4721 dixit
738 4669 1023 4737 prophetia
1064 4689 1076 4724 :
1122 4680 1148 4720 r
1182 4669 1246 4723 Et
1274 4669 1584 4727 adorabunt
1631 4690 1755 4729 eum
1792 4692 1964 4733 unus-

381 4758 615 4828 quisque
641 4759 708 4813 de
742 4760 860 4816 loco
911 4775 1012 4815 suo
1055 4761 1121 4815 9’.
1170 4780 1188 4812 ι
1222 4762 1467 4819 Aderant
1490 4767 1655 4837 igitur
1687 4758 1963 4825 suminum

380 4847 553 4905 Deum
598 4866 789 4907 omnes
844 4852 1063 4908 barbari
1110 4864 1163 4907 et
1216 4853 1413 4923 Cra-ci,
1444 4874 1553 4912 non
1584 4858 1962 4933 Hierosolyma

382 4951 875 5015 eurrentes,neque
897 4947 1188 5003 cruoribus
1222 4957 1315 5002 aut
1346 4950 1633 5007 sacriﬁciis
1655 4953 1958 5023 placantes,

380 5038 478 5095 sed
507 5038 652 5093 domi
694 5054 807 5093 sua:
841 5040 985 5110 apud
1030 5041 1242 5111 seipsos
1276 5044 1327 5096 in
1372 5045 1567 5113 spiritu
1620 5054 1673 5100 et
1704 5058 1955 5113 veritate,

381 5130 669 5185 incruento
714 5145 961 5199 puroque
990 5133 1254 5202 obsequio
1287 5134 1435 5188 illum
1476 5137 1737 5191 colentes.
1778 5137 1957 5192 lithoe

380 5221 562 5278 fuerat
590 5220 767 5290 ipsum
790 5219 1002 5275 Novum
1024 5221 1621 5294 Tcstamentum,quod
1649 5244 1757 5281 non
1782 5229 1959 5282 instar

379 5316 581 5385 prioris
606 5313 773 5380 illius,
804 5321 858 5368 et
883 5316 1083 5369 veteris
1117 5317 1320 5371 factum
1343 5327 1447 5371 est.
1468 5316 1638 5374 Vetus
1671 5332 1851 5375 autem
1874 5322 1955 5375 in—

380 5410 632 5479 Iulligito,
665 5424 775 5462 non
809 5416 1124 5463 sanctorum
1163 5410 1443 5464 hominum
1469 5412 1561 5480 qui
1598 5395 1726 5466 ante
1749 5411 1954 5467 Mosem

381 5502 555 5566 fuere,
596 5500 695 5556 sed
720 5501 866 5570 quod
897 5502 1032 5573 legis
1056 5504 1463 5559 locouniversa:
1490 5501 1804 5560 Iudaeorum
1849 5521 1953 5559 na-

383 5594 518 5653 tioni
540 5595 608 5650 ab
631 5594 749 5665 ipso
779 5593 929 5649 Mose
958 5595 1195 5665 positum
1219 5604 1322 5650 est.
1358 5596 1627 5661 Quocirca
1664 5596 1950 5652 oraculum

453 5754 501 5789 "
534 5756 692 5812 Deut.
731 5769 887 5822 xvm,
925 5754 991 5808 13
1084 5755 1127 5785 ³³
1164 5755 1270 5810 isa.
1308 5769 1429 5821 χεν,
1471 5753 1550 5808 Η.

2088 530 2222 581 πᾶσι
2262 528 2464 599 συνήθη
2511 527 2938 599 διαπράττεσθαι
2973 527 3376 597 παραινοῦσαν,
3416 527 3473 578 οὐ
3512 526 3677 595 μόνον
3748 547 3755 555 -

2088 620 2308 691 ἄνδρας,
2332 619 2467 673 ἀλλὰ
2488 620 2582 672 καὶ
2604 624 2888 689 γυναῖκας,
2908 620 3148 688 πένητάς
3170 637 3225 672 τε
3255 619 3347 672 καὶ
3365 618 3673 681 πλουσίους,

2086 711 2299 780 λογίους
2324 728 2382 762 τε
2404 712 2498 763 καὶ
2528 710 2759 774 ἰδιώτας,
2794 711 2954 781 μέχρι
2978 712 3073 763 καὶ
3102 702 3329 772 πάίδων,
3355 710 3449 763 καὶ
3471 710 3675 781 ἀνδρα-

2087 803 2283 867 πόδων,
2309 803 2365 854 ἐν
2393 804 2515 865 ταῖς
2542 802 2684 855 κατὰ
2711 801 2866 854 πόλιν
2886 802 2979 854 καὶ
3010 802 3129 854 κατ’
3152 799 3678 871 ἀγροὺςδιατριϐαἶς

2086 894 2458 960 παιδεύεσθαι,
2492 894 2781 965 μανθάνειν
2807 910 2867 946 τε
2896 894 3073 965 ἀληθῆ
3099 893 3318 964 τρόπον,
3349 892 3472 944 καθ’
3501 893 3557 943 ὂν
3578 892 3677 942 τὸν

2086 988 2177 1040 ἐπὶ
2216 988 2433 1041 πάντων
2476 989 2744 1059 προσήκει
2792 987 2922 1040 Θεὸν
2956 986 3168 1049 σέϐειν,
3203 985 3301 1039 καὶ
3347 982 3680 1055 θεραπεύειν

2085 1081 2143 1135 ὲν
2176 1081 2337 1134 παντὶ
2362 1081 2529 1150 τόπῳ,
2552 1080 2691 1133 κατὰ
2721 1079 2820 1151 τὴν
2850 1082 3098 1152 φήσασαν
3129 1078 3493 1150 προφητείανρ·
3517 1096 3536 1127 ι
3560 1077 3678 1130 Καὶ

2087 1177 2555 1245 προσκυνήσουσιν
2585 1172 2753 1243 αὐτῷ,
2775 1173 3006 1237 ἕκαστος
3039 1176 3102 1225 ἐκ
3123 1174 3215 1225 τοῦ
3237 1173 3404 1225 τόπου
3431 1170 3621 1223 αὑτοῦ.
3651 1191 3670 1222 δ

2085 1266 2390 1336 Προσκυνεί
2430 1264 2564 1333 δῆτα
2599 1260 2691 1317 οὖν
2725 1266 2832 1327 πᾶς
2865 1264 2944 1334 τῷ
2989 1264 3082 1316 ἐπὶ
3118 1264 3335 1317 πάντων
3364 1262 3481 1333 Θεῷ
3533 1262 3676 1333 βάρ-

2084 1357 2248 1428 ϐαρος
2289 1358 2383 1410 κα)⁹
2427 1357 2647 1427 Ἕλλην,
2699 1358 2759 1410 ού
2812 1357 3024 1428 τρέχων
3061 1356 3154 1409 ἐπὶ
3189 1356 3258 1409 τὰ
3300 1354 3673 1425 Ἰεροσόλυμα,

2083 1450 2190 1503 οὐδ’
2225 1451 2417 1521 αἵμασι
2450 1451 2544 1505 καὶ
2570 1451 2781 1514 θυσίαις
2811 1451 3221 1521 ἀφοσιούμενος,
3246 1450 3454 1503 οἴκοθεν
3485 1450 3545 1504 δὲ
3573 1448 3677 1503 καὶ

2082 1545 2166 1612 ἐφ’
2218 1543 2395 1614 ἑαυτῷ
2438 1544 2648 1615 μένων,
2699 1544 2795 1596 καὶ
2837 1541 3110 1612 πνεύματι
3148 1542 3243 1595 καὶ
3295 1540 3525 1613 ἀληθεία
3569 1539 3676 1611 τὴν

2081 1634 2308 1705 ἄναιμον
2345 1636 2439 1688 καὶ
2478 1633 2728 1705 καθαρὰν
2761 1634 3046 1696 ἀποδιδοὺς
3074 1633 3221 1704 αὐτῷ
3252 1633 3527 1705 λατρείαν.
3559 1635 3676 1687 Καὶ

2080 1727 2217 1797 αὐτή
2255 1743 2319 1795 γε
2348 1723 2415 1798 ἦν
2448 1727 2480 1797 ἡ
2516 1727 2695 1798 Καινὴ
2724 1726 2988 1798 Διαθήκη,
3032 1726 3093 1777 ού
3124 1724 3266 1779 κατά
3295 1725 3393 1796 τὴν
3432 1724 3675 1781 παλαιὰν

2080 1818 2440 1887 τυγχάνουσα.
2478 1818 2723 1871 Παλαιὰν
2747 1819 2803 1871 δὲ
2842 1819 3001 1889 μήτοι
3033 1818 3262 1889 νομίσῃς
3292 1817 3543 1887 λέγεσθαι
3568 1818 3674 1889 τὴν

2081 1909 2189 1963 τῶν
2251 1911 2357 1981 πρὸ
2392 1911 2636 1973 Μωσέως
2678 1910 2940 1978 θεοφιλῶν
2983 1910 3212 1981 ἀνδρῶν,
3247 1911 3385 1964 ἀλλά
3431 1912 3528 1983 τὴν
3563 1912 3674 1965 ὑπὸ

2080 2002 2325 2066 Μωσέως
2384 2002 2548 2056 αὑτοῦ
2573 2003 2650 2072 τῷ
2685 2003 2953 2057 Ἰουδαίων
2982 2003 3122 2057 ἔθνει
3144 2004 3669 2075 νενομοθετημένην.

2094 2094 2372 2164 Ἐπιφέρει
2407 2093 2537 2160 γοῦν
2562 2096 2591 2147 ὁ
2627 2094 2781 2160 λόγος
2815 2093 3116 2164 διασαφῶν,
3146 2096 3267 2148 τίνα
3288 2094 3488 2165 ἔφησεν
3527 2090 3673 2148 εἶναι

2078 2185 2182 2256 τὴν
2213 2186 2469 2251 παλαιὰν,
2593 2186 2757 2257 μηδὲν
2801 2188 2986 2257 ὅμοιον
3019 2188 3242 2259 σχήσειν
3284 2187 3524 2241 διδάσκει
3566 2188 3675 2260 τὴν

2080 2279 2291 2351 καινὴν,
2333 2278 2538 2347 λέγων·
2586 2298 2604 2330 ι
2637 2278 2973 2350 Διαθήσομαι
3021 2281 3296 2353 Διαθήκην
3332 2282 3569 2353 Καινὴν,
3602 2283 3670 2337 οὐ

2080 2371 2223 2423 κατά
2251 2372 2351 2442 τὴν
2385 2370 2682 2441 Διαθήκην,
2709 2372 2775 2442 ἢν
2816 2371 3073 2443 διεθέμην
3104 2377 3215 2438 τοῖς
3260 2376 3562 2446 πατράσιν,
3606 2378 3673 2428 ἐν

2078 2462 2262 2533 ἡμέρᾳ
2303 2462 2698 2533 ἐπιλαϐομένου
2735 2483 2835 2535 μου
2871 2465 2971 2535 τῆς
3004 2466 3185 2536 χειρὸς
3228 2466 3440 2532 αὐτῶν,
3469 2467 3671 2536 ἐξαγα-

2077 2557 2192 2623 γεῖν
2240 2554 2437 2617 αὐτοὺς
2485 2557 2549 2608 ὲκ
2601 2556 2702 2626 γῆς
2750 2556 3045 2625 Αἰγύπτου.
3076 2577 3094 2609 ›
3149 2559 3223 2611 Οὐ
3271 2559 3410 2612 κατὰ
3458 2559 3672 2631 ταύτην

2077 2644 2208 2715 γοῦν
2239 2664 2369 2718 φησι
2404 2646 2499 2717 τὴν
2534 2649 2637 2699 ὑπὸ
2664 2650 2909 2712 Μωσέως
2969 2649 3487 2722 νενομοθετημένην.
3513 2651 3669 2724 Αὕτη

2076 2738 2186 2809 γὰρ
2212 2735 2279 2811 ἦν
2307 2742 2447 2792 κατά
2476 2740 2575 2809 τὴν
2608 2740 2785 2807 ἔξοδον
2822 2741 2921 2811 τὴν
2955 2742 3048 2794 ἀπ’
3077 2742 3353 2811 Αἰγύπτου
3382 2747 3495 2807 τοῖς
3532 2744 3669 2798 Ἰου-

2076 2829 2248 2894 δαίοις
2280 2834 2665 2903 παραδοθεῖσα.
2696 2834 2911 2899 Ἔδοξεν
2940 2833 3004 2886 ἂν
3031 2829 3124 2887 οῦν
3143 2835 3390 2888 ἐναντίαν
3417 2836 3670 2905 εἰσάγειν

2076 2921 2174 2990 τὴν
2202 2922 2409 2993 Καινὴν
2443 2923 2716 2995 Διαθήκην
2742 2923 2833 2977 τοῦ
2862 2924 3063 2995 τρόπου
3090 2925 3187 2995 τῆς
3217 2924 3523 2989 θεοσεϐείας
3554 2926 3669 2981 τῶν

2077 3013 2221 3083 ἀμφὶ
2247 3013 2337 3065 τὸν
2374 3014 2625 3085 ’Λϐραάμ
2661 3015 2943 3083 θεοφιλῶν,
2976 3016 3025 3067 εί
3069 3015 3141 3086 μὴ
3173 3018 3418 3085 ἀκριϐῶς
3457 3019 3666 3092 ἐπεση-

2081 3108 2306 3177 μήνατο,
2341 3109 2548 3179 φήσας·
2602 3128 2620 3160 ι
2663 3110 2736 3162 Οὐ
2770 3110 2908 3163 κατὰ
2948 3109 3046 3181 τὴν
3081 3110 3359 3181 Διαθήκην
3397 3113 3462 3183 ἧν
3491 3113 3668 3168 διεθέρ-

2073 3216 2181 3269 μην
2210 3201 2323 3261 τοῖς
2353 3201 2628 3270 πατράσιν
2652 3200 2831 3253 αὐτῶν
2862 3201 2984 3253 κατ’
3005 3202 3182 3255 ἐκεῖνο
3214 3202 3430 3274 καιροῦ,
3461 3202 3585 3256 καθ’
3604 3204 3667 3256 ὃν

2068 3292 2336 3363 ἐξήγαγον
2365 3294 2561 3357 αὐτοὺς
2595 3296 2658 3347 ἐκ
2689 3295 2791 3364 γῆς
2818 3295 3113 3364 Αἰγύπτου.
3146 3315 3165 3347 ι
3198 3297 3271 3348 Οὐ
3289 3295 3429 3349 κατά
3442 3296 3542 3367 τὴν
3559 3296 3667 3348 ὑπὸ

2072 3386 2315 3450 Μωσέως
2353 3387 2461 3457 ἄρα
2508 3386 2601 3438 ἐπὶ
2657 3386 2756 3456 τῆς
2798 3385 3001 3451 ἐξόδου,
3032 3388 3126 3441 καὶ
3150 3388 3242 3439 ἐπὶ
3263 3389 3362 3457 τῆς
3391 3386 3536 3440 κατά
3566 3389 3666 3458 τὴν

2068 3476 2275 3548 ἔρημον
2340 3476 2619 3548 διατριϐῆς
2680 3478 3217 3549 νενομοθετημένην,
3280 3478 3498 3531 ἔσεσθαι
3561 3480 3665 3549 τὴν

2067 3569 2275 3641 Καινὴν
2300 3567 2605 3633 ὲθέσπιζεν,
2625 3567 2760 3622 ἀλλὰ
2794 3572 2911 3622 κατ’
2935 3571 3150 3640 ἐκείνην
3180 3570 3381 3641 δηλαδὴ
3411 3571 3511 3641 τὴν
3537 3570 3666 3643 πρό-

2069 3661 2238 3713 παλαι
2283 3660 2769 3733 πολιτευσαμένην,
2803 3662 2870 3714 δι’
2894 3656 2962 3733 ἦς
2985 3661 3431 3733 κατορθώσαντες
3455 3662 3666 3731 ἀνεφάτ

2067 3771 2236 3825 νησαν
2268 3755 2316 3807 οἱ
2347 3753 2451 3825 πρὸ
2483 3754 2742 3817 Μωσέως.
2785 3756 2862 3807 Δι’
2888 3754 2923 3807 ἀ
2956 3755 3019 3825 δὴ
3051 3755 3239 3807 λοιπὸν
3281 3754 3383 3825 ἤδη
3417 3753 3663 3827 θαρρῶν,

2066 3848 2166 3911 τάς
2184 3847 2291 3900 τῶν
2308 3847 2577 3899 θεοσεϐεῖν
2594 3847 3077 3918 ἐπαγγελλομένων
3099 3848 3443 3919 προαιρέσεις
3468 3849 3545 3920 μὴ
3570 3850 3663 3902 ἐπὶ

2067 3940 2179 4004 δύο,
2209 3938 2343 3992 ἀλλά
2370 3938 2495 4009 τρία
2521 3939 2729 4010 διαιροῦ
2761 3940 3037 4010 τάγματα⁵
3067 3941 3128 3993 τό
3160 3958 3218 3993 τε
3241 3941 3348 3993 τῶν
3384 3942 3664 4006 παντελῶς

2067 4029 2488 4101 εἰδωλολατρῶν,
2517 4030 2626 4082 τῶν
2656 4032 2720 4102 δὴ
2756 4032 2849 4084 ἐπὶ
2872 4033 2971 4103 τὴν
3003 4032 3263 4086 πολύθεον
3292 4033 3499 4105 πλάνην
3524 4036 3664 4088 ἀπο-

2068 4122 2453 4185 πεπτωκότων,
2491 4122 2670 4175 καὶτὸ
2707 4121 2815 4175 τῶν
2846 4124 2909 4175 ἐκ
2936 4124 3238 4195 περιτομῆς
3286 4124 3375 4177 διά
3409 4126 3661 4190 Μωσέως

2067 4212 2159 4263 ἐπὶ
2190 4211 2281 4265 τὸν
2310 4212 2523 4284 πρῶτον
2547 4212 2952 4283 ἀνεληλυθότων
2985 4214 3085 4283 τῆς
3108 4215 3387 4277 εὐσεϐείας
3420 4216 3659 4284 βαθμὸν·

2068 4304 2165 4356 καὶ
2193 4305 2375 4375 τρίτον
2402 4304 2463 4357 τὸ
2492 4303 2600 4358 τῶν
2630 4304 3120 4376 ἐπαναϐεϐηκότων
3160 4306 3247 4361 δίἀ
3279 4304 3381 4375 τῆς
3412 4303 3661 4373 εὐαγγε-

2066 4395 2223 4468 λικῆς
2256 4397 2626 4460 διδασκαλίας,
2667 4397 2695 4450 ὂ
2728 4397 2956 4450 καὶτῶν
2992 4398 3135 4450 δυεῖν
3166 4398 3330 4468 μέσον
3366 4400 3663 4470 παρεμϐα-

2068 4488 2204 4553 λὼν,
2245 4488 2436 4559 μηκέθ’
2473 4488 2607 4559 ἡγοῦ
2640 4490 2762 4552 τοὺς
2802 4489 2908 4542 ἀπὸ
2955 4490 3224 4542 Ἰουδαίων
3258 4489 3664 4560 ἀφισταμένους

2073 4582 2290 4645 πάντως
2316 4582 2425 4635 δεῖν
2468 4584 2552 4651 ἐφ’
2596 4580 2950 4653 Ἑλληνισμὸν
2992 4582 3312 4647 ἐκπίπτειν,
3352 4581 3487 4652 μηδὲ
3531 4582 3663 4644 τοὺς

2072 4672 2131 4738 ἐξ
2160 4674 2428 4744 Ἑλλήνων
2463 4674 2877 4745 ἀναχωροῦντας
2905 4672 2964 4737 ἐξ
2991 4674 3239 4743 ἀνάγκης
3280 4673 3478 4744 χρῆναι
3523 4669 3661 4726 Ἰου-

2070 4765 2257 4828 δαίους
2308 4765 2557 4818 ἐσεσθαι’
2605 4765 2715 4819 τῶν
2757 4766 2813 4818 δὲ
2870 4766 3048 4837 μέσων
3099 4763 3233 4817 ἐλὼν
3286 4765 3377 4817 τὸν
3429 4764 3660 4835 τρόπον,

2069 4856 2323 4927 εὑρήσεις
2348 4856 2459 4910 ἀνω
2486 4875 2587 4917 που
2615 4857 2845 4920 ἑστῶτα,
2872 4859 2966 4910 καὶ
2986 4856 3173 4927 ὥσπερ
3201 4858 3285 4926 ἐφ’
3315 4855 3660 4928 ὑψηλοτάτης

2068 4948 2380 5019 ἀκρωρείας
2424 4948 2832 5019 ἀναϐεϐηκότα,
2870 4947 3210 5019 ἑκατέρωθεν
3252 4949 3308 5001 δὲ
3340 4948 3491 5001 κάτω
3529 4949 3661 5013 τοὺς

2064 5040 2285 5103 λοιποὺς
2314 5041 2725 5095 ἀπολελοιπότα.
2760 5042 3027 5112 Ἑλλήνων
3060 5040 3159 5111 μὲν
3206 5040 3315 5111 γὰρ
3346 5041 3659 5109 ἐκπέφευγε

2066 5134 2164 5203 τὴν
2201 5132 2358 5187 ἄθεον
2409 5135 2504 5186 καὶ
2549 5134 2863 5204 πολυπλανῆ
2913 5134 3333 5204 δεισιδαιμονίαν
3360 5173 3373 5196 ,
3427 5134 3657 5199 καὶτὰς

2067 5225 2355 5295 ἀνειμένας
2392 5226 2649 5297 πορνείας
2694 5244 2753 5278 τε
2799 5228 2896 5280 καὶ
2941 5227 3246 5297 ἀκοσμίας·
3287 5226 3554 5280 Ἰουδαίων
3599 5226 3656 5279 δὲ

2067 5316 2329 5379 ὡσαύτως
2360 5316 2458 5387 τὴν
2521 5317 2627 5371 ὑπὸ
2668 5318 2910 5381 Μωσέως
2952 5317 3120 5387 ἁτελῆ
3169 5318 3265 5369 καὶ
3312 5313 3400 5370 οἷα
3439 5317 3656 5387 νηπίοις

2067 5410 2161 5462 καὶ
2183 5409 2431 5462 ἀσθενέσι
2459 5410 2792 5483 κατάλληλον
2814 5410 3284 5483 ἐθελοθρησκείαν.
3312 5409 3416 5464 Τὸν
3454 5412 3653 5463 οἰκεῖον

2060 5500 2117 5552 δὲ
2152 5499 2355 5553 ἄνωθεν
2386 5502 2444 5553 ού
2499 5502 2658 5571 μόνον
2726 5503 3034 5567 Ἰουδαίοις,
3087 5502 3225 5557 ἀλλὰ
3277 5502 3371 5557 καὶ
3422 5501 3651 5571 Ἕλλησι

2060 5591 2153 5643 καὶ
2190 5590 2519 5666 βαρϐάροις,
2576 5598 2669 5650 καὶ
2725 5598 2835 5659 τοῖς
2886 5597 2973 5667 ὑφ’
3025 5595 3164 5667 ἡλίῳ
3219 5596 3383 5649 πᾶσιν
3439 5592 3652 5649 ἔθνεσιν
