3842 6218
165 353 238 409 65
1083 343 1742 402 ΟΕΜΟΝΞΤΒᾹΤΙΟΝΙΒ

1857 343 2246 400 lANGELICIE
2289 344 2417 398 LIB.
2459 345 2502 400 Ῑ.
2683 359 2702 378 ο
3371 333 3439 388 66

164 469 534 537 ἐπιϐοώμενος
587 463 792 534 νόμον,
846 463 948 534 δρα
992 461 1044 514 τί
1104 479 1297 534 φησιν·
1335 459 1406 514 Ὦ
1459 462 1746 534 ἄνθρωπε,

1857 461 2028 530 ipsum
2055 461 2161 530 22
2192 459 2438 530 adjungit
2463 473 2550 522 ea,
2575 456 2775 530 quibus
2797 459 3020 530 planum
3048 458 3232 524 t'aciat,
3255 445 3444 530 quod"

159 562 260 616 καὶ
291 559 515 630 σύμπαν
559 557 622 609 τὸ
671 555 880 626 θνητῶν
916 556 1108 625 γένος,
1164 555 1193 604 ὁ
1245 555 1344 625 μὲν
1377 554 1441 624 δὴ
1501 553 1751 616 Μωσέως

163 654 328 725 νόμος
353 693 368 716 ,
440 652 534 721 ἀφ’
589 649 710 712 ἐνὸς
778 649 967 717 γένους
1035 644 1337 719 ἀνθρώπων
1403 645 1707 716 ἀρξάμενος
1733 683 1748 708 ,

165 747 380 818 πρῶτον
431 742 691 797 ἁπάντων
745 740 809 794 τὸ
871 738 1140 792 Ἰουδαίων
1207 737 1364 807 γένος
1390 776 1405 799 ,
1459 736 1560 806 τῆς
1614 735 1752 808 πρὸς

161 841 290 902 τοὺς
334 835 604 906 θεοφιλεῖς
649 833 1000 905 προπάτορας
1046 830 1223 884 αὐτῶν
1269 829 1601 898 ἐπαγγελίας
1637 830 1754 884 ἓνε-

164 949 278 992 κεν,
306 929 403 982 ἐπὶ
440 927 538 998 τὴν
570 925 665 979 τοῦ
709 925 830 988 ἑνὸς
867 923 1002 976 Θεοῦ
1041 922 1245 991 γνῶσιν
1290 922 1622 985 ἀνεκαλεῖτο,
1653 923 1753 992 τῆς

162 1021 371 1090 πικρᾶς
413 1017 524 1069 τῶν
579 1015 848 1084 δαιμόνων
899 1012 1144 1076 δουλείας
1193 1012 1322 1074 τοὺς
1381 1011 1754 1075 ὑπακούοντας

162 1111 528 1166 ἀπαλλάττων
551 1125 565 1137 ·
596 1107 708 1174 ἐγὼ
734 1105 792 1158 δὲ
823 1106 988 1158 πᾶσιν
1014 1102 1342 1174 ἀνθρώποις,
1372 1104 1465 1156 καὶ
1494 1105 1604 1168 τοῖς
1629 1103 1751 1156 καθ’

162 1203 291 1273 δλης
322 1203 425 1273 τῆς
461 1199 790 1268 οἰκουμένης
817 1195 993 1249 ἔθνεσι
1016 1195 1114 1266 τὴν
1153 1194 1630 1266 ἐπακδαϐεϐηκυῖαν
1658 1193 1752 1247 τοῦ

161 1294 301 1348 Θεοῦ
333 1293 536 1363 γνῶσιν
575 1291 670 1344 καὶ
711 1289 993 1342 εὐσέϐειαν
1023 1286 1430 1359 προαγγέλλων,
1463 1287 1602 1338 κατά
1630 1285 1755 1348 τοὺς

163 1384 309 1454 ἀμφὶ
352 1383 446 1436 τὸν
492 1381 764 1454 Ἀϐραὰμ,
797 1378 1047 1439 καὶτοὺς
1094 1375 1173 1428 ἔτι
1222 1375 1611 1446 παλαιοτέρους
1648 1371 1754 1445 πρὸ

163 1475 416 1537 Μωσέως
454 1473 664 1544 χρόνων
701 1469 848 1540 βιοῦν
882 1467 1152 1538 παραινῶ,
1197 1467 1255 1518 ἐν
1319 1461 1400 1529 οἷς
1432 1464 1489 1530 ἐξ
1525 1464 1754 1518 ἀλλοδα-

155 1567 283 1620 πῶν
313 1565 484 1620 ἐθνῶν
517 1564 736 1627 πλείους
771 1563 856 1614 ἐπ’
893 1560 1145 1632 εὐσεϐείᾳ
1182 1557 1608 1629 μνημονεύονται
1642 1557 1756 1610 δια-

155 1657 502 1728 λάμψαντες.
537 1655 648 1708 Καὶ
682 1653 877 1707 πάλιν·
914 1654 972 1704 ’0
1008 1653 1106 1722 μὲν
1157 1652 1402 1713 Μωσέως
1433 1651 1617 1721 νόμος,
1657 1651 1744 1720 ἐφ’

155 1749 258 1806 ἕνα
297 1750 424 1803 τινὰ
467 1747 569 1818 τῆς
594 1748 696 1818 γῆς
742 1744 1126 1817 ἀφωρισμένον
1156 1743 1321 1796 τόπον
1352 1743 1478 1807 τοὺς
1513 1743 1754 1796 εὐσεϐεῖν

157 1840 586 1914 προῃρημένους
637 1837 888 1890 σπεύδειν
934 1834 1272 1905 πανταχόθεν
1318 1833 1714 1906 παρεκελεύετο
1737 1851 1750 1864 ο

155 1933 274 2004 ἐγὼ
298 1933 356 1986 δὲ
387 1935 502 1994 τοῖς
524 1931 691 1984 πᾶσιν
733 1927 798 1981 ἂν
831 1929 910 1991 εἰς
936 1927 1034 1997 τὴν
1073 1925 1408 1998 ἐλευθερίαν,
1436 1926 1535 1978 οὐκ
1564 1927 1620 1978 ἐν
1645 1942 1756 1994 γω-

153 2028 252 2098 νία
281 2026 409 2096 γῆς,
449 2024 557 2078 οὐδ’
597 2024 658 2076 ἐν
699 2022 904 2095 ὄρεσιν,
947 2021 982 2092 ἡ
1024 2036 1136 2074 τισι
1172 2020 1570 2091 χειροποιήτοις
1609 2021 1757 2082 ναοῖς

155 2117 348 2190 ζητεῖν
375 2119 470 2172 τὸν
500 2118 594 2170 ἐπὶ
619 2115 837 2170 πάντων
881 2113 1036 2177 Θεὸν,
1077 2111 1288 2166 οἴκοθεν
1322 2111 1382 2164 δὲ
1411 2111 1639 2164 ’ἑκαστον
1671 2111 1756 2164 σέ-

157 2210 278 2264 ϐειν
316 2210 484 2263 αὐτὸν
509 2209 604 2262 καὶ
638 2209 966 2280 προσκυνεῖν
1011 2205 1272 2261 παιδεύω.
1303 2206 1416 2259 Καὶ
1455 2205 1616 2260 πάλιν
1641 2224 1654 2236 ·
1697 2207 1754 2259 '0

159 2303 266 2374 μὲν
297 2299 532 2364 παλαιὸς
578 2299 742 2370 νόμος
775 2297 986 2362 θυσίαις
1025 2300 1146 2360 ταῖς
1178 2295 1266 2350 διὰ
1298 2293 1452 2360 ζώων
1497 2299 1753 2365 σφαγαῖς,

153 2393 464 2448 λιϐανωτοῦ
495 2409 555 2445 τε
597 2391 693 2444 καὶ
732 2390 922 2460 πυρὸς,
949 2389 1044 2443 καί
1081 2404 1244 2442 τινων
1278 2387 1450 2441 ἄλλων
1476 2389 1756 2460 ὁμοιοτρό-

153 2496 280 2533 πων
304 2479 402 2532 τοῦ
429 2477 680 2549 σώματος
707 2476 1006 2548 καθαρμῶν
1033 2475 1358 2548 θρησκεύειν
1383 2477 1473 2530 τὸν
1503 2477 1596 2530 ἐπὶ
1621 2479 1757 2531 πάν-

151 2588 271 2625 των
305 2571 440 2624 Θεὸν
473 2567 872 2644 παρεκελεύετο
895 2585 910 2598 ο
952 2566 1064 2637 ἐγὼ
1100 2567 1158 2620 δὲ
1200 2567 1267 2621 τὰ
1304 2567 1482 2638 ψυχῆς
1527 2569 1758 2640 παραδι-

149 2663 287 2726 δοὺς
327 2661 498 2734 ὄργια
528 2659 737 2730 διανοίᾳ
780 2657 1145 2732 καθαρωτάτη
1178 2659 1274 2712 καὶ
1322 2657 1398 2728 νῷ
1427 2659 1658 2727 διαυγεῖ,
1698 2661 1756 2712 ἐν

157 2752 498 2825 σωφροσύνῃ
540 2752 635 2805 καὶ
661 2751 741 2820 τῷ
775 2751 896 2802 κατ’
934 2749 1138 2821 ἀρετὴν
1171 2747 1292 2819 βίῳ,
1319 2749 1552 2817 δόγμασί
1578 2766 1635 2802 τε
1664 2750 1757 2820 ὀρ-

155 2845 276 2909 θοῖς
297 2845 398 2898 καὶ
431 2843 679 2896 εὐσεϐέσι
700 2842 760 2894 τὸ
793 2842 932 2894 θεῖον
967 2839 1245 2912 γεραίρειν
1272 2840 1616 2912 προστάττω.
1646 2841 1757 2893 Καὶ

152 2941 327 2995 πάλιν
350 2955 365 2968 ·
396 2938 603 3008 Μωσῆς
645 2937 742 3006 μὲν
780 2935 928 2988 ὼσάν
958 2935 1262 3004 μιαιφόνοις
1291 2930 1410 2987 οὖσι
1466 2935 1582 2994 τοῖς
1633 2932 1756 2985 τότε

156 3033 242 3103 μὴ
269 3029 526 3100 φονεύειν
554 3029 794 3100 παρῄνει
818 3044 832 3056 ·
859 3027 972 3091 ἐγὼ
1003 3027 1060 3080 δὲ
1099 3030 1211 3090 τοῖς
1245 3029 1300 3080 ἐν
1330 3025 1504 3095 τούτῳ
1529 3042 1759 3096 προπαι-

1852 568 1980 608 nam
2003 553 2172 609 Vetus
2203 553 2335 607 illud
2364 553 2564 608 dixerit
2611 567 2733 608 esse
2764 571 2776 607 :
2819 554 2909 608 cui
2953 552 3176 622 quidem
3224 549 3440 607 novum‘

1854 647 1992 700 nihil
2015 647 2192 702 simile
2207 645 2524 700 habiturum
2559 644 2823 711 ostendit,
2853 645 2946 700 ubi
2975 645 3108 699 dicit
3134 661 3148 699 :
3184 644 3433 699 Condam

1857 739 2267 795 Testamentum
2289 737 2522 801 Novum,
2555 753 2666 793 non
2701 738 3004 793 secundum
3020 736 3434 791 Testamentum

1854 831 2002 903 quod
2048 829 2272 886 condidi
2299 831 2548 900 patribus
2577 831 2634 884 in
2655 829 2764 894 die,
2805 843 2930 882 cum
2961 843 3063 898 ego
3099 825 3438 898 apprehendi

1855 925 1980 979 illos
2001 939 2191 988 manu,
2217 930 2278 978 ut
2302 923 2592 978 educerem
2626 936 2724 977 eos
2767 921 2836 976 de
2885 927 3034 976 terra
3060 919 3282 990 Egypti
3305 919 3371 972 9".
3413 937 3432 970 ι

1854 1016 2045 1088 itaque
2073 1031 2198 1071 cum
2225 1015 2526 1070 secundum
2557 1014 2663 1068 hoc
2684 1013 2840 1078 dicit,
2875 1013 3180 1068 secundum
3210 1010 3265 1065 id
3289 1009 3437 1081 quod

1855 1110 1990 1180 legis
2041 1109 2162 1163 loco
2187 1123 2217 1162 a
2244 1107 2393 1162 Mose
2423 1107 2662 1176 positum
2694 1111 2798 1169 est,
2833 1104 3106 1176 intelligit.
3140 1103 3252 1158 Hoc
3291 1103 3438 1158 enim

1856 1199 1990 1255 illud
2021 1207 2127 1264 est,
2183 1198 2330 1271 quod
2371 1197 2610 1262 Judaais,
2659 1212 2770 1268 quo
2829 1205 3076 1267 tempore
3106 1196 3173 1252 de
3203 1195 3438 1267 [Egypto

1857 1293 2064 1364 egressi
2097 1299 2248 1356 sunt,
2301 1291 2562 1344 traditum
2590 1296 2696 1345 est.
2733 1289 2902 1345 Visus
2936 1289 3107 1360 igitur
3157 1297 3306 1344 esset
3330 1287 3440 1342 No-

1855 1402 1983 1440 vum
2013 1385 2423 1440 Testamentum
2457 1381 2827 1446 introducere,
2862 1393 3125 1452 tanquam
3158 1382 3276 1450 ejus
3296 1381 3438 1435 ritus

1856 1481 2214 1545 contrarium,
2245 1494 2404 1550 quem
2435 1479 2608 1532 sancti
2635 1479 2712 1532 illi
2741 1475 2976 1532 Abrahae
3005 1475 3212 1530 similes
3245 1474 3351 1527 viri
3380 1474 3438 1529 in

1855 1573 2043 1628 divino
2075 1573 2226 1628 cultu
2283 1571 2675 1640 sequebantur,
2704 1569 2813 1623 nisi
2865 1569 3026 1638 plane
3070 1565 3205 1634 ipsis
3253 1563 3439 1619 verbis

1857 1666 2243 1738 significasset,
2296 1664 2390 1718 ubi
2435 1663 2610 1717 dixit:
2649 1680 2668 1714 ‹
2707 1660 2826 1714 Non
2877 1657 3178 1715 secundum
3241 1655 3438 1712 Testa-

1855 1767 2099 1813 mentum
2129 1756 2276 1828 quod
2303 1753 2525 1810 condidi
2549 1753 2795 1825 patribus
2817 1767 3028 1814 eorum,
3057 1765 3168 1820 quo
3195 1757 3442 1818 tempore

1859 1848 2023 1904 eduxi
2053 1863 2147 1902 eos
2167 1847 2235 1902 de
2264 1853 2412 1900 terra
2443 1844 2664 1916 Egypti
2693 1843 2799 1899 ⁸⁵».
2822 1839 2968 1910 Ergo
3001 1851 3109 1894 non
3135 1837 3441 1894 secundum

1857 1941 1993 1996 illud
2040 1941 2188 2010 quod
2239 1938 2369 2010 legis
2422 1937 2546 1992 loco
2582 1951 2613 1990 a
2649 1935 2803 1990 Mose
2859 1931 3098 2004 positum
3147 1940 3274 1997 est,
3311 1943 3441 1985 cum

1857 2033 2063 2104 egressi
2119 2037 2268 2094 sunt,
2315 2035 2368 2084 et
2401 2043 2526 2082 cum
2561 2026 2616 2081 in
2644 2027 2864 2081 deserto
2914 2023 3294 2080 morabantur.
3325 2019 3441 2074 No-

1856 2143 1985 2182 vum
2017 2127 2121 2182 hoc
2153 2123 2399 2178 futurum
2449 2120 2756 2192 respondit,
2806 2116 2903 2175 sed
2949 2115 3253 2173 secundum
3304 2112 3441 2168 illud

1857 2217 2131 2280 videlicet,
2157 2216 2302 2284 quod
2337 2213 2531 2283 primis
2553 2209 2894 2280 temporibus
2925 2209 2983 2262 in
3017 2208 3130 2259 vita
3160 2204 3308 2260 civili
3335 2218 3440 2258 se-

1858 2317 2090 2374 ctantes,
2120 2309 2212 2378 qui
2233 2315 2360 2362 ante
2393 2305 2600 2360 Mosem
2637 2302 2964 2366 ﬂoruerunt,
2997 2309 3258 2368 tanquam
3287 2297 3323 2351 ii
3347 2295 3440 2366 qui

1858 2405 2018 2474 plene
2050 2389 2226 2457 ollicio
2254 2456 2256 2461 ,
2283 2415 2383 2455 suo
2415 2397 2588 2453 functi
2630 2402 2850 2459 essent,
2909 2390 3250 2462 comprobati
3289 2399 3438 2445 sunt.

1857 2493 2008 2560 Quas
2035 2491 2256 2562 quidem
2291 2491 2361 2546 ob
2393 2505 2510 2550 res,
2541 2487 2654 2557 jam
2683 2498 2741 2540 tu
2779 2486 2940 2556 plane
2967 2482 3255 2537 conlidens
3285 2487 3442 2550 post-

1858 2586 1982 2649 hac,
2011 2601 2136 2640 cum
2191 2585 2490 2639 sententias
2519 2589 2573 2635 et
2603 2578 2882 2650 proposita
2913 2591 3128 2638 eorum,
3178 2575 3271 2644 qui
3297 2573 3440 2627 divi-

1858 2694 1989 2734 num
2020 2678 2256 2746 aliquem
2291 2677 2496 2730 cultum
2525 2672 2870 2743 proﬁtentur,
2920 2684 3032 2724 non
3062 2669 3116 2722 in
3146 2668 3310 2732 duos,
3343 2665 3440 2720 sed

1857 2773 1914 2826 in
1953 2779 2066 2826 tres
2105 2769 2360 2825 diriscris
2392 2767 2636 2828 ordines,
2669 2777 2840 2818 unum
2871 2776 3060 2816 eorum
3085 2759 3180 2830 qui
3209 2773 3442 2829 prorsus

1854 2863 2170 2919 simulacris
2214 2859 2439 2923 addicti,
2495 2859 2552 2912 in
2595 2857 2892 2910 multorum
2924 2853 3152 2908 deorum
3195 2866 3440 2926 errorem

1857 2955 2182 3010 deciderunt
2213 2969 2228 3006 :
2258 2953 2490 3005 alterum
2544 2962 2758 3009 eorum,
2786 2945 2879 3016 qui
2912 2946 2980 2998 de
3012 2942 3439 2997 circumcisione

1858 3063 1956 3118 per
1988 3044 2190 3100 Musem
2213 3043 2266 3096 in
2298 3041 2533 3112 primum
2553 3037 2770 3108 pietatis
2787 3035 3011 3105 gradum
3034 3033 3438 3088 ascenderunt:

154 3121 558 3194 δαγωγηθείσι,
591 3121 687 3174 καὶ
710 3121 809 3190 τὴν
834 3117 1058 3190 πρώτην
1091 3118 1309 3188 ἐντολὴν
1345 3116 1753 3189 κατωρθωκόσι,

1859 3141 2080 3196 tertium
2115 3151 2302 3192 eorum
2327 3175 2340 3197 ,
2376 3138 2468 3204 qui
2505 3146 2821 3201 supremum
2873 3129 3052 3182 locum
3093 3143 3191 3197 per
3233 3125 3441 3180 doctri-

161 3215 449 3288 νομοθετῶ
475 3215 574 3286 τὴν
599 3211 833 3266 τελειοτέ
844 3229 960 3282 ραν,
999 3211 1118 3282 μηδ’
1145 3211 1313 3282 ὀργῆς
1347 3209 1626 3280 ἐνέχεσθαι
1651 3209 1758 3262 πά-

197 3327 248 3362 ει
271 3307 650 3380 προστάττων.
679 3303 789 3356 Καὶ
843 3299 1000 3367 αὖθις
1019 3321 1033 3334 '
1078 3304 1134 3356 Ὀ
1165 3303 1262 3372 μὲν
1291 3302 1495 3372 Μωσῆς
1527 3303 1755 3372 μοιχοῖς,

157 3401 258 3453 καὶ
283 3399 606 3460 ἀκολάστοις
638 3395 942 3450 διετάττετο
968 3395 1029 3447 τὸ
1056 3393 1130 3465 μὴ
1160 3391 1453 3464 μοιχεύειν,
1493 3393 1628 3463 μηδὲ
1661 3394 1761 3463 ἀρ-

159 3492 514 3553 σενοκοιτείν,
552 3487 688 3560 μηδέ
728 3485 829 3550 τὰς
869 3484 1022 3557 παρὰ
1074 3484 1234 3554 φύσιν
1285 3482 1478 3554 ἡδονὰς
1519 3480 1755 3544 διώλειν,

158 3581 398 3635 θάνατον
429 3580 530 3649 τὴν
567 3577 837 3647 τιμωρίαν
881 3579 994 3638 τοῖς
1037 3572 1466 3646 παραϐαίνουσιν
1499 3572 1754 3639 ἐπάγων·

155 3670 276 3740 ἐγὼ
303 3671 362 3724 δὲ
395 3670 520 3740 μηδ’
553 3667 847 3739 ἐμϐλέπειν
879 3667 1112 3735 γυναῖκα
1148 3667 1266 3737 μετ’
1296 3664 1586 3735 ἐπιθυμίας
1631 3665 1760 3716 ἀκο-

156 3761 364 3815 Maro-.2
405 3761 532 3824 τοὺς
576 3760 743 3830 ἐμοὺς
787 3757 1048 3829 βούλομαι
1097 3757 1364 3828 μαθητάς.
1410 3757 1522 3810 Ka‘t
1556 3756 1754 3810 πάλινο

172 3854 234 3906 ’0
415 3851 618 3919 ἐλεγεν’
659 3868 676 3900 ι
705 3849 819 3902 Οὐκ
851 3849 1224 3921 ἐπιορκήσεις,
1257 3846 1556 3912 ἀποδώσεις
1582 3849 1638 3902 δέ
1681 3847 1760 3919 τῷ

158 3945 283 4016 Θεῷ
301 3944 434 4006 τοὺς
467 3943 664 4014 ὅρκους
695 3957 809 3994 σου·
851 3939 961 4010 ἐγὼ
988 3940 1046 3994 δὲ
1093 3939 1236 4008 λέγω
1263 3940 1410 4010 ὐμῖν,
1453 3939 1527 4010 μὴ
1565 3940 1758 4010 ὀμόσαι

157 4038 326 4101 ὅλως,
354 4036 469 4090 ἀλλ’
496 4033 648 4088 ἔσται
686 4035 715 4086 ὁ
739 4033 894 4101 λόγος
915 4031 1070 4104 ὐμῶν
1099 4031 1208 4095 ναὶ,
1230 4030 1318 4085 ναί
1337 4047 1352 4062 ο
1379 4029 1466 4095 οὒ,
1495 4029 1555 4084 οὐ
1582 4049 1594 4062 ο
1615 4031 1676 4084 τὸ
1701 4033 1758 4085 δὲ

161 4130 431 4202 περισσδν
458 4127 660 4181 τούτων
693 4127 757 4178 ἐκ
783 4122 878 4178 τοῦ
921 4122 1159 4195 πονηροῦ
1197 4125 1332 4176 ἐστι.
1369 4143 1387 4175 ι
1415 4122 1528 4177 Καὶ
1555 4122 1716 4176 πάλιν
1740 4139 1754 4153 ο

108 4254 129 4278 κ
173 4223 234 4276 '0
281 4221 385 4291 μὲν
432 4221 558 4281 τοὺς
601 4216 922 4280 ἀδικοῦντας
955 4213 1264 4285 ἀμύνασθαι
1311 4215 1405 4268 καὶ
1450 4214 1760 4267 ἀνταδικεῖν

163 4309 796 4383 παρεκελεύετο,λέγων’
811 4324 830 4358 ι
869 4304 1179 4376 Ὀφθαλμὸν
1195 4304 1316 4358 ἀντὶ¹
1340 4302 1638 4374 ὀφθαλμοῦ,
1665 4305 1759 4356 καὶ

162 4405 358 4458 ὀδόντα
392 4403 516 4456 ἀντὶ
586 4400 830 4463 ὀδόντος·
879 4397 992 4467 ἐγὼ
1016 4397 1075 4452 δέ
1111 4397 1253 4465 λέγω
1281 4397 1430 4466 ὑμῖν,
1469 4396 1543 4466 μὴ
1606 4397 1756 4449 ἀντι-

166 4498 364 4566 στῆναι
411 4494 490 4565 τῷ
535 4491 780 4563 πονηρῷ,
823 4491 938 4545 ἀλλ’
968 4491 1118 4551 ὅστις
1157 4506 1213 4541 σε
1251 4488 1468 4560 ραπίσει
1515 4488 1611 4540 ἐπὶ
1659 4485 1754 4559 τὴν
1789 4482 1832 4538 D

163 4588 353 4655 δεξιὰν
402 4586 630 4654 σιαγόνα
664 4601 778 4648 σου,
823 4581 1052 4653 στρέψον
1093 4579 1240 4650 αὐτῷ
1280 4581 1374 4632 καὶ
1415 4579 1512 4650 τὴν
1553 4578 1720 4651 ἄλλην
1744 4596 1756 4608 ·

165 4679 263 4733 καὶ
289 4677 372 4748 τῷ
399 4674 606 4728 θέλοντί
637 4691 717 4727 σοι
749 4672 1028 4744 κριθῆναι,
1052 4672 1148 4724 καὶ
1180 4670 1272 4723 τὸν
1313 4668 1517 4740 χιτῶνά
1544 4687 1636 4722 σου
1661 4669 1758 4722 λα-

164 4773 306 4835 δεῖν,
337 4771 476 4838 ἄφες
501 4765 650 4837 αὐτῷ
681 4767 776 4820 καὶ
800 4766 859 4819 τὸ
890 4763 1157 4835 ἱμάτιον.)
1187 4761 1296 4815 Kal
1324 4761 1484 4815 πάλιν
1506 4778 1518 4790 ·
1561 4761 1620 4814 '0
1658 4760 1756 4830 μὲν

166 4863 405 4935 παρῄνει
457 4861 548 4914 τὸν
613 4860 709 4929 μὲν
769 4857 921 4926 φίλον
973 4857 1214 4925 ἀγαπᾷν,
1278 4856 1456 4924 μισεῖν
1517 4852 1574 4905 δέ
1630 4853 1757 4912 τοὺς

163 4954 400 5027 ἐχθρούς
421 4971 436 4984 ο
481 4951 592 5020 ἐγὼ
617 4951 676 5004 δέ
716 4949 837 5003 καθ’
870 4947 1176 5020 ὑπερϐολὴν
1221 4945 1630 5016 φιλανθρωπίας
1663 4944 1756 4998 καὶ

165 5044 544 5116 ἀνεξικακίας,
578 5043 801 5113 ἀγαπᾷν
848 5041 976 5103 τοὺς
1017 5037 1244 5109 ἐχθροὺς
1281 5038 1412 5108 ὑμῖν
1461 5035 1758 5106 νομοθετῶ.

165 5141 263 5196 καὶ
292 5133 699 5210 προσεύχεσθαι
735 5133 876 5204 ὑπὲρ
919 5128 1029 5183 τῶν
1057 5127 1380 5187 διωκόντων,
1413 5127 1562 5189 ὅπως
1601 5124 1762 5196 γένη-

171 5231 264 5285 σθε
294 5229 405 5283 υἱοὶ
435 5227 530 5280 τοῦ
560 5223 776 5296 Πατρδς
797 5222 950 5294 ὑμῶν
982 5221 1076 5274 τοῦ
1107 5221 1163 5272 ἐν
1193 5219 1464 5291 οὐρανοῖς,
1495 5219 1642 5282 ὅστις
1670 5219 1759 5271 τὸν

166 5323 319 5395 ⁴ῐςλιον
357 5318 650 5375 ἀνατέλλει.
682 5317 774 5370 ἐπὶ
804 5313 1073 5384 πονηροὺς
1095 5313 1190 5366 καὶ
1223 5311 1480 5380 ἀγαθοὺς,
1509 5311 1604 5364 καὶ
1637 5309 1761 5382 βρέ-

169 5431 253 5484 χει
314 5413 409 5464 ἐπί
453 5407 697 5471 δικαίους
739 5406 833 5460 καὶ
865 5405 1102 5468 ἀδίκους.
1151 5403 1263 5457 Καὶ
1301 5403 1394 5456 ἐπὶ
1415 5399 1659 5466 τούτοιςο
1698 5403 1755 5456 Ὁ

176 5505 269 5574 μὲν
301 5503 440 5572 πρὸς
478 5500 578 5570 τὴν
617 5499 726 5552 τῶν
773 5496 983 5551 πολλῶν
1029 5495 1292 5566 σκληρίαν
1329 5492 1618 5564 ἡρμόζετο,
1661 5493 1754 5545 καὶ

172 5599 279 5660 ¹τοῖς·
309 5593 586 5666 ἐμπαθέσι
626 5590 938 5662 κατάλληλα
977 5589 1306 5647 διετάττετο,
1351 5585 1750 5656 ἐξηλλαγμένον

242 5778 286 5810 ’⁸
311 5776 520 5832 Jerem.
554 5791 705 5834 xm.
737 5775 826 5838 3i,
853 5773 942 5828 5‘2.
1019 5771 1067 5803 ’⁸
1090 5769 1222 5824 lbi-l.
1259 5768 1346 5823 52.

1857 3249 1983 3289 nam
2029 3229 2398 3302 evangelicam
2451 3226 2757 3280 obtinuere.
2791 3221 2857 3274 Et
2895 3221 3040 3276 hunc
3089 3219 3333 3289 quidem,
3389 3217 3440 3272 si

1859 3323 2096 3378 medium
2140 3321 2375 3374 duorum
2432 3311 2808 3374 constitueris,
2857 3325 2926 3364 ne
2959 3316 3150 3380 putato
3205 3307 3442 3378 amplius

1857 3431 1974 3480 eos,
2007 3413 2098 3484 qui
2134 3427 2164 3466 a
2191 3411 2394 3465 Judzzeis
2423 3404 2728 3465 discedant,
2771 3403 2826 3456 in
2851 3401 3072 3456 Graecos
3116 3400 3258 3456 ritus
3288 3415 3444 3470 opor-

1858 3519 1977 3564 tere
2007 3507 2116 3561 ullo
2140 3505 2300 3558 modo
2338 3501 2603 3562 recidere,
2638 3513 2814 3566 neque
2835 3497 2929 3567 qui
2961 3511 2990 3550 a
3023 3493 3228 3548 Graecis
3261 3493 3440 3546 abdu-

1859 3607 2075 3664 cantur,
2123 3599 2342 3652 Judazos
2401 3593 2516 3648 fieri
2559 3589 2911 3652 necessario,
2947 3587 3042 3643 sed
3072 3586 3166 3640 ubi
3215 3584 3442 3639 tertium

1860 3693 2160 3762 acceperis,
2188 3701 2242 3745 et
2271 3688 2453 3742 medio
2487 3687 2610 3739 loco
2670 3681 3048 3743 constitueris,
3109 3677 3442 3732 eminentem

1859 3799 2135 3856 supraque
2168 3783 2310 3836 alios
2331 3785 2640 3834 exstantem
2671 3774 2952 3836 invenies,
2988 3777 3044 3826 et
3083 3769 3241 3840 quasi
3275 3783 3444 3838 super

1859 3877 2166 3935 celsissima
2195 3872 2430 3944 quadam
2463 3870 2687 3940 specula
2738 3867 3030 3923 sublimem
3089 3861 3439 3920 collocatum,

1858 3971 2103 4040 reliquos
2135 3967 2273 4021 duos
2305 3964 2537 4018 inferius
2569 3962 2830 4030 utrinque
2873 3957 3177 4026 despicere.
3243 3950 3445 4020 Ell'ugit

1857 4063 2002 4120 enitn
2027 4068 2080 4115 et
2105 4057 2418 4113 Grazcorum
2451 4053 2693 4122 impiam,
2728 4058 2891 4119 atque
2913 4045 3195 4102 erroribus
3226 4043 3442 4113 plenam

1861 4151 2310 4222 superstitionem
2346 4186 2364 4210 ,
2410 4145 2821 4212 dissolutasque
2885 4138 3302 4197 fornicationes,
3349 4139 3440 4188 οι-

1859 4259 1966 4314 que
1993 4241 2312 4298 insolentias
2339 4257 2352 4292 :
2401 4245 2455 4292 et
2482 4234 2795 4290 Judazorum
2841 4231 3052 4292 itidem,
3088 4242 3210 4298 qua:
3235 4241 3267 4280 a
3291 4224 3442 4280 Mose

1860 4334 2104 4407 perfecta
2131 4338 2238 4395 est,
2288 4327 2665 4398 imperfectam
2695 4337 2747 4379 et
2787 4322 2946 4393 quasi
2987 4318 3232 4389 parvulis
3275 4325 3443 4385 atque

1861 4427 2097 4485 inﬁrmis
2119 4422 2584 4478 accommodatam
2617 4414 3045 4473 observantiam.
3074 4411 3441 4465 Domesticam

1858 4538 2047 4596 porro,
2081 4529 2244 4589 atque
2267 4517 2334 4570 ab
2363 4515 2520 4569 initio
2542 4511 2819 4583 propriam
2852 4523 2958 4562 non
3002 4506 3180 4560 solum
3209 4501 3438 4566 Judaais,

1859 4595 1954 4674 sed
1977 4624 2030 4672 et
2059 4612 2286 4676 Graecis,
2317 4619 2371 4664 et
2397 4605 2672 4668 barbaris,
2726 4609 2780 4658 et
2805 4613 3145 4671 quaecunque
3173 4596 3276 4650 sub
3325 4595 3444 4648 sole

1857 4717 2011 4771 sunt,
2046 4705 2302 4778 gentibus
2354 4701 2660 4756 inclamans
2696 4695 2890 4765 legem,
2925 4689 3051 4744 vide
3089 4687 3220 4758 quid
3247 4685 3434 4741 dicat:

1859 4801 1902 4857 Ο
1955 4802 2143 4862 homo,
2201 4806 2256 4852 ct
2314 4795 2631 4849 universum
2693 4784 3005 4842 mortalium
3084 4793 3278 4852 genus,
3331 4775 3439 4846 23

1858 4891 2024 4948 Mosis
2071 4889 2291 4960 quidem
2360 4887 2447 4940 lex
2509 4882 2576 4936 ab
2614 4895 2721 4934 uno
2761 4890 2962 4948 genere
3017 4871 3300 4927 hominum
3355 4869 3479 4921 in-'

1859 4983 2088 5052 etpiens,
2120 4977 2366 5034 omnium
2414 4974 2652 5046 primum
2699 4969 3010 5025 Iudaeorum
3056 4977 3262 5033 genus,
3293 4958 3440 5012 illius

1860 5069 2242 5142 promissionis
2300 5070 2496 5138 gratia,
2528 5079 2650 5135 quae
2705 5061 2771 5115 ad
2817 5059 2938 5128 pios
2979 5053 3183 5122 Deique
3229 5049 3439 5104 amicos

1858 5139 2100 5234 ipsorum
2135 5170 2348 5232 patres,
2383 5159 2524 5212 facta
2576 5164 2680 5217 est,
2715 5153 2782 5206 ad
2821 5150 2984 5204 unius
3026 5145 3122 5199 Dei
3166 5139 3439 5234 cognitio-

1857 5228 1980 5312 nem
2027 5228 2342 5322 cultumque
2387 5249 2638 5307 vocabat,
2684 5251 2744 5297 ut
2790 5242 2936 5294 dicto
2991 5234 3310 5294 audientes,
3371 5228 3442 5282 ab

1857 5346 2188 5403 intolerabili
2217 5343 2524 5398 daamonum
2551 5332 2841 5408 tyrannide
2878 5330 3154 5384 liberaret.
3189 5323 3300 5393 Ego
3340 5335 3442 5374 au-
3509 5358 3530 5365 μ

1861 5453 1969 5500 tem
2021 5441 2276 5497 omnibus
2317 5434 2654 5496 hominibus,
2689 5439 2890 5499 etquae
2921 5424 3126 5493 ubique
3169 5427 3441 5473 terrarum

1861 5542 2010 5600 sunt,
2043 5533 2297 5606 gentibus
2357 5526 2646 5585 sublimius
2695 5526 3012 5593 provectam
3052 5513 3146 5566 Dei
3181 5505 3443 5582 cognitio-
