3842 6218
406 334 484 402 67⁷
1044 342 1317 400 EUSEBII
1355 339 1835 400 CAESARIENSIS
1874 338 2023 396 OPP.
2066 336 2247 393 PARS
2283 334 2350 391 11.
2390 366 2459 376 -—
2506 310 3013 393 APOLOGETICA.
3606 332 3680 389 68

407 475 552 524 nem,
581 464 636 515 et
672 460 931 530 pietatem
966 467 1288 529 apportans,
1323 467 1387 512 ut
1419 458 1485 513 ad
1511 457 1754 528 regulam
1777 469 1984 519 eorum,

2097 450 2190 503 καὶ
2221 448 2598 519 ὐποδεϐηκότα
2643 447 2796 519 παρὰ
2836 446 2928 501 τὸν
2959 448 3188 501 παλαιον
3214 446 3413 520 τρόπον
3443 448 3679 516 παραδι-

406 549 500 618 qui
530 563 655 603 cum
681 548 954 603 Abraham
982 547 1257 611 vixerunt,
1283 546 1486 615 quique
1514 553 1640 600 ante
1666 542 1832 599 Mosis
1857 550 1990 597 aeta-

409 648 517 694 tem
560 640 837 710 degentes,
888 639 1007 709 ipso
1057 653 1275 710 quoque
1299 637 1607 691 Abrahamo
1652 635 1987 706 antiquiores

405 733 686 796 erstitere,
713 732 839 785 vitae
872 746 985 785 suae
1014 731 1370 785 moderentur
1387 728 1671 792 adhortor,
1706 729 1759 782 in
1786 728 1988 797 quibus

405 825 477 880 ab
505 824 747 880 externis
787 822 1044 893 gentibus
1072 818 1326 891 profecti,
1362 820 1455 890 qui
1485 817 1554 874 de
1583 819 1745 872 laude
1768 817 1988 887 pietatis

405 916 636 983 gloriam
667 913 847 986 adepti
866 918 1014 976 sunt,
1033 911 1219 981 plures
1239 916 1635 965 memorantur.
1666 907 1730 961 Et
1752 916 1944 963 rursus
1972 926 1986 961 :

406 1003 574 1061 Mosis
605 1005 826 1074 quidem
873 1004 983 1067 lex,
1027 1002 1083 1056 in
1123 1016 1294 1055 unum
1335 1008 1494 1055 teme
1519 1008 1729 1054 certum
1762 1012 1827 1053 ac
1855 997 1991 1053 defi-

403 1097 578 1150 nitum
622 1096 823 1159 locum,
853 1109 947 1151 eos
996 1094 1090 1163 qui
1134 1091 1415 1164 religionis
1460 1090 1801 1161 propositum
1837 1103 1989 1143 com-

404 1189 549 1259 plexi
571 1196 773 1252 esSent,
795 1202 863 1242 ex
886 1186 1008 1241 aliis
1040 1184 1300 1241 omnibus
1331 1185 1467 1239 locis
1494 1176 1983 1253 currerejubebat:

402 1294 505 1350 ego
564 1288 747 1334 autem
789 1278 1097 1333 condonata
1145 1276 1402 1331 omnibus
1451 1276 1724 1339 libertate,
1765 1289 1876 1329 non
1930 1274 1986 1328 in

403 1369 639 1440 quodam
671 1378 826 1424 terra:
854 1367 1074 1438 angulo,
1106 1382 1284 1437 neque
1313 1366 1370 1421 in
1398 1366 1700 1433 montibus,
1732 1372 1827 1419 aut
1866 1367 1987 1436 qui-

401 1461 635 1517 busdam
685 1476 851 1515 manu
898 1458 1058 1515 factis
1095 1460 1336 1531 templis,
1379 1459 1550 1514 Deum
1594 1475 1858 1530 quaerere,
1890 1460 1987 1515 sed

401 1554 548 1610 domi
567 1568 680 1608 suae
698 1566 1141 1622 unumquemque
1160 1551 1313 1604 illum
1343 1551 1522 1606 colere
1555 1560 1719 1622 atque
1754 1551 1986 1607 adorare

400 1645 679 1715 praecipio.
726 1643 793 1696 Et
832 1650 1029 1699 rursus
1057 1661 1070 1697 :
1096 1641 1266 1697 Vetus
1289 1643 1507 1712 quidem
1549 1643 1659 1708 lex,
1700 1643 1985 1700 sacriﬁciis

399 1747 456 1792 et
504 1736 823 1790 animalium
875 1733 1137 1799 casdibus,
1176 1734 1445 1804 thureque
1488 1742 1543 1789 et
1586 1736 1730 1805 igne,
1763 1743 1819 1791 et
1864 1735 1985 1788 aliis

2087 542 2212 604 δοὺς
2256 540 2538 603 εὐσεϐείας
2562 557 2575 570 ο
2612 539 2722 610 ἐγὼ
2755 540 2814 593 δὲ
2854 540 2948 593 ἐπὶ
2978 540 3071 594 τὸν
3100 530 3376 612 πρόπαλαι
3416 538 3684 609 θεοφιλῶν

2089 632 2299 706 ἀνδρῶν
2350 632 2546 704 εὐσεϐῆ
2580 633 2675 687 καὶ
2714 632 2937 703 θεοφιλῆ
2982 632 3096 704 βίον
3130 631 3505 703 ἁνακαλοῦμαι
3550 631 3684 693 τοὺς

2089 726 2318 790 πάντας.
2353 724 2465 777 Kal.
2511 725 2596 793 ἐφ’
2631 724 2835 778 ἅπασιν
2858 741 2871 754 ·
2909 726 2939 779 6
2992 724 3091 795 μὲν
3132 724 3236 795 γῆν
3270 724 3499 795 ῥέουσαν
3534 720 3683 792 γάλα

2088 817 2185 871 καὶ
2214 815 2353 888 μέλι,
2375 811 2464 869 οἶα
2492 814 3117 888 νηπίοιςηὲπηγγέλλετο
3135 831 3149 846 ·
3178 814 3288 884 ἐγὼ
3314 814 3371 868 δὲ
3399 814 3685 885 βασιλειαν

2089 908 2334 981 οὐρανῶν
2360 910 2470 971 τοῖς
2515 907 2647 971 οἵοις
2690 922 2750 960 τε
2801 910 2999 979 χωρεῖν
3039 906 3304 979 προξενῶ.
3344 906 3531 961 Ταῦτα
3581 906 3682 961 καὶ

2088 999 2158 1052 τὰ
2201 996 2446 1061 τοιαῦτα,
2490 999 2519 1051 ὁ
2561 997 2663 1068 τῆς
2688 998 2897 1069 Καινῆς
2935 997 3209 1069 Διαθήκης
3243 996 3400 1066 λόγος
3443 997 3531 1051 διὰ
3579 996 3685 1069 τῆς

2092 1090 2331 1164 Χριστοῦ
2375 1090 2724 1155 διδασκαλίας
2773 1093 2908 1145 πᾶσι
2950 1090 3278 1162 κατήγγειλε
3321 1093 3434 1155 τοῖς
3475 1089 3681 1146 ἔθνεσι.

2088 1183 2200 1236 Καὶ
2227 1182 2396 1236 ταῦτα
2419 1179 2508 1254 ῆν,
2546 1182 2582 1237 ἃ
2610 1187 2725 1247 τοῖς
2764 1181 2931 1237 αὐτοῦ
2963 1183 3232 1255 μαθηταῖς
3263 1184 3293 1235 6
3317 1181 3553 1254 Χριστὸς
3581 1180 3682 1235 τοῦ

2087 1274 2224 1329 Θεοῦ
2268 1278 2402 1329 πᾶσι
2449 1278 2562 1339 τοῖς
2609 1274 2786 1328 ἔθνεσι
2837 1275 3227 1344 καταγγέλλειν
3272 1274 3525 1348 παρῄνει,
3568 1276 3683 1347 φή-

2091 1384 2224 1432 σαςο
2280 1386 2298 1420 ι
2345 1368 2712 1440 Πορευθέντες
2759 1366 3136 1440 μαθητεύσατε
3182 1368 3362 1421 πάντα
3409 1366 3479 1420 τὰ
3509 1365 3668 1439 ἔθνη,

2087 1464 2429 1537 διδάσκοντες
2473 1466 2670 1528 αὐτοὺς
2712 1458 2901 1537 τηρεῖν
2951 1465 3127 1518 πάντα
3174 1466 3276 1518 ὅσα
3319 1464 3683 1536 ἐνετειλάμην

2090 1536 2219 1625 ὐμΐν
2244 1571 2257 1584 ’
2292 1573 2310 1605 ι
2340 1554 2374 1608 δι
2402 1557 2495 1608 καὶ
2519 1556 2685 1608 πᾶσιν
2709 1536 3039 1627 ἀνθρώποις,
3071 1554 3295 1626 Ἕλλησί
3323 1572 3381 1608 τε
3407 1555 3504 1608 καὶ
3545 1554 3683 1626 βαρ-

2088 1644 2278 1717 ϐάροις
2305 1644 2593 1714 φυλάττειν
2612 1645 2957 1716 παραδιδοὺς,
2987 1644 3199 1714 σαφῶς,
3228 1645 3283 1698 τί
3310 1644 3441 1698 ποτέ
3470 1646 3626 1698 ἐστιν
3652 1646 3682 1698 ό

2088 1737 2538 1808 Χριστιανισμὸς,
2570 1736 2818 1809 ἐξέφηνε,
2846 1736 2986 1802 τίνες
3018 1736 3264 1809 θ’ήμεϊς,
3297 1736 3391 1791 καὶ
3424 1739 3612 1801 ὁποῖος
3650 1738 3683 1791 ὁ

395 1825 726 1897 quibusdam
758 1825 1003 1894 ejusdem
1037 1824 1254 1894 generis
1271 1826 1694 1895 purgationibus
1714 1827 1982 1896 corporis,

2090 1829 2195 1891 τῶν
2235 1829 2457 1883 τοιῶνδε
2499 1829 2671 1897 λόγων
2709 1847 2770 1883 τε
2812 1830 2907 1883 καὶ
2952 1830 3293 1902 μαθημάτων
3336 1829 3678 1896 διδάσκαλος,

396 1937 673 1979 summum
706 1918 876 1975 Deum
907 1918 1088 1975 colere
1131 1919 1455 1974 hortabatur
1489 1939 1500 1973 :
1533 1936 1635 1992 ego
1677 1930 1857 1978 autem
1891 1938 1982 1977 sa-

397 2032 493 2071 cra
543 2016 741 2070 anima:
782 2013 1026 2079 tradens,
1090 2021 1272 2070 mente
1324 2014 1641 2084 purissima,
1692 2015 1985 2086 animoque

395 2107 751 2173 nitidissimo,
791 2122 916 2161 cum
958 2105 1228 2161 modestia
1277 2105 1653 2176 virtutumque
1692 2109 1981 2163 scctatrice

394 2202 529 2264 vita,
560 2199 837 2268 rectisque
869 2197 1183 2260 sententiis,
1204 2204 1259 2251 et
1282 2197 1543 2267 pietatem
1572 2212 1683 2268 pra:
1714 2214 1771 2253 se
1805 2196 1983 2253 feren-

397 2291 567 2355 t-i'bus,
582 2288 921 2344 divinitatem
936 2287 1188 2343 venerari
1217 2288 1443 2357 impero.
1462 2285 1528 2340 Et
1548 2302 1741 2341 rursus
1763 2307 1775 2340 :
1801 2286 1980 2343 Moses

398 2382 618 2453 quidem
645 2382 863 2437 illorum
903 2387 1212 2451 temporum
1240 2380 1577 2443 hominibus,
1609 2377 1766 2450 quasi
1798 2381 1865 2436 iis
1883 2382 1978 2452 qui

395 2474 933 2545 caedibusinquinari
954 2473 1100 2528 soliti
1125 2479 1331 2536 essent,
1346 2488 1455 2526 non
1481 2472 1734 2528 occidere
1751 2474 1981 2543 impera-

397 2567 645 2637 bat:ego
672 2574 853 2621 autem
896 2566 985 2629 iis,
1028 2565 1121 2635 qui
1153 2564 1256 2617 hoc
1288 2564 1464 2632 ipsum
1497 2571 1656 2618 antea
1683 2562 1981 2618 didicerint

395 2668 452 2716 et
465 2662 637 2730 primo
651 2659 727 2712 illi
744 2665 1011 2728 praecepto
1025 2655 1417 2719 satisfecerint,
1435 2658 1663 2711 alterum
1681 2656 1947 2727 perfectio
1959 2669 1985 2709 s

397 2750 649 2821 impono,
683 2758 846 2818 atque
873 2756 933 2802 ut
960 2763 1029 2802 ne
1060 2747 1155 2801 irae
1186 2746 1403 2816 quidem
1431 2747 1843 2818 perturbatione
1869 2747 1987 2801 vin-

395 2850 612 2905 cantur,
630 2841 909 2911 praecipio.
929 2839 989 2894 Et
1007 2854 1236 2894 rursus:
1275 2838 1453 2895 Moses
1470 2839 1689 2909 quidem
1722 2839 1985 2894 adulteris

393 2933 786 3002 dissolutisque
817 2930 1133 2986 hominibus
1152 2930 1321 3000 legem
1341 2930 1525 3000 posuit
1551 2946 1663 2985 non
1688 2930 1981 2995 mmchari,

394 3027 638 3081 maribus
685 3040 796 3079 non
846 3023 1089 3087 misceri,
1129 3024 1441 3093 voluptates
1501 3032 1700 3093 prteter
1726 3030 1985 3077 naturam

393 3134 506 3172 non
561 3117 783 3181 sectari,
841 3124 896 3171 et
947 3114 1279 3185 supplicium
1334 3114 1532 3170 mortis
1578 3115 1668 3174 iis.
1719 3114 1815 3185 qui
1873 3130 1984 3169 non

2086 1921 2250 1984 αὐτὸς
2279 1922 2307 1974 6
2341 1920 2531 1993 Σωτὴρ
2557 1923 2651 1975 καὶ
2694 1921 2899 1994 Κύριος
2927 1921 3085 1994 ἡμῶν
3131 1922 3337 1995 Ἰησοῦς
3381 1926 3410 1978 6
3438 1924 3679 1996 Χριστὸς
3726 1978 3739 2003 ἑ

2084 2011 2179 2065 τοῦ
2219 2012 2377 2076 Θεοῦ,
2400 2018 2429 2067 ὀ
2455 2013 2555 2084 τὴν
2584 2012 2775 2084 καινὴν
2812 2014 3018 2085 ταύτην
3048 2016 3143 2069 καὶ
3182 2016 3487 2089 πανάρετον
3519 2017 3676 2070 πολι·
3728 2036 3731 2043 ί

2084 2103 2237 2157 τείαν
2262 2104 2383 2157 καθ’
2407 2104 2529 2157 ὅλου
2554 2106 2648 2158 τοῦ
2675 2108 2882 2178 κόσμου
2921 2108 3360 2181 συστησάμενος·
3392 2109 3537 2164 ὥστε
3564 2127 3679 2164 τοι-

2087 2195 2226 2249 αῦτα
2263 2197 2576 2267 μανθάνειν,
2627 2199 2718 2252 καὶ
2762 2200 3069 2270 φιλοσοφεῖν
3121 2200 3197 2273 μὴ
3246 2201 3405 2272 μόνον
3448 2200 3674 2273 ἄνδρας,

2085 2287 2221 2341 ἀλλὰ
2266 2290 2360 2342 καὶ
2406 2292 2691 2357 γυναῖκας,
2729 2292 3019 2356 πλουσίους
3059 2310 3121 2345 τε
3154 2293 3250 2346 καὶ
3290 2293 3550 2364 πένητας,
3578 2295 3679 2347 καὶ

2084 2379 2305 2443 δούλους
2330 2380 2446 2451 ἅμα
2494 2381 2805 2446 δεσπόταις.
2834 2384 2945 2437 Καὶ
2982 2383 3088 2455 μὴν
3117 2386 3146 2438 ό
3181 2384 3284 2454 τῆς
3324 2386 3517 2456 καινῆς
3542 2384 3680 2438 ταύ-

2084 2487 2185 2541 της
2217 2472 2539 2542 νομοθεσίας
2565 2473 2930 2543 είσαγωγεὺς,
2966 2474 3034 2527 τὰ
3064 2474 3242 2529 πάντα
3266 2474 3408 2528 κατὰ
3434 2475 3526 2528 τὸν
3551 2475 3681 2528 Μω-

2088 2561 2230 2625 σέως
2277 2563 2439 2633 νόμον
2490 2563 2741 2634 εἰσῆκται
2782 2565 3276 2637 πεπολιτευμένος’
3320 2566 3350 2619 ὃ
3398 2567 3494 2621 καὶ
3540 2564 3682 2621 αὐτὸ

2087 2652 2385 2723 θαυμάζειν
2417 2653 2585 2718 ἄξιον,
2629 2656 2711 2709 ὅτι
2756 2655 2842 2728 δὴ,
2890 2657 3016 2721 νέας
3061 2655 3334 2723 πολιτείας
3377 2657 3680 2731 νομοθέτης

2091 2744 2298 2816 μέλλων
2339 2746 2781 2817 καταστήσεσθαι
2818 2748 2918 2819 τῆς
2950 2749 3092 2803 κατὰ
3135 2749 3196 2804 τὸ
3228 2749 3544 2819 εὐαγγέλιον
3574 2751 3680 2804 αὐ·

2086 2836 2179 2889 τοῦ
2227 2838 2435 2908 Καινῆς
2462 2838 2754 2911 Διαθήκης,
2789 2842 2887 2913 οὐχ
2918 2843 2993 2906 ὡς
3025 2843 3194 2915 ἐχθρά
3226 2845 3321 2898 καὶ
3354 2844 3574 2899 ἐναντία
3606 2844 3679 2899 τά

2086 2930 2329 2993 Μωσέως
2363 2932 2736 3003 παρῃτήσατο.
2767 2928 2842 2987 Ἧ
2885 2934 2994 3007 γὰρ
3036 2936 3104 2990 ἂν
3134 2937 3396 3010 ἐνομίσθη
3460 2937 3532 2991 τὰ
3577 2955 3680 2992 πο-

2089 3019 2250 3090 λέμια
2282 3022 2471 3075 Μωσεί
2513 3022 2912 3092 διατάττεσθαι,
2960 3027 3102 3081 οὕτω
3163 3046 3223 3082 τε
3263 3028 3330 3084 ἂν
3371 3026 3466 3085 κα1⁵
3528 3048 3680 3103 παρ-

2088 3113 2217 3184 έσχε
2269 3115 2366 3185 τῆς
2422 3116 2561 3170 κατὰ
2604 3118 2853 3182 Μωσέως
2904 3120 2996 3173 καὶ
3047 3120 3156 3175 τῶν
3210 3124 3505 3197 προφητῶν
3561 3127 3680 3190 τοῖς

393 3212 898 3282 obtemperassent,
934 3180 1184 3278 adjunxit
1213 3225 1225 3261 :
1257 3222 1359 3277 ego
1394 3216 1576 3262 autem
1624 3180 1778 3262 meos
1814 3206 1984 3262 disci-

2092 3180 2272 3270 ἀθέοις
2323 3180 2678 3278 ἀἰρεσιώταις
2727 3180 2984 3283 πλείστης
3029 3180 3344 3286 δυσφημίας
3383 3180 3675 3283 Ιι’γιίόθεοίΝ,

392 3306 553 3376 pulos
596 3304 720 3359 volo
769 3317 839 3357 ne
888 3299 1090 3355 intueri
1131 3299 1351 3368 quidem
1394 3299 1678 3354 mulierem
1726 3313 1851 3353 cum
1888 3314 1984 3368 pe-

398 3394 601 3449 tulanti
651 3391 967 3462 cupiditate.
1016 3388 1083 3442 Et
1115 3402 1313 3443 rursus
1347 3407 1359 3442 :
1405 3387 1499 3444 llle
1539 3388 1759 3458 quidem
1801 3386 1981 3441 dixit:

398 3504 419 3538 ι
460 3485 578 3540 Non
610 3482 901 3555 pejerabis,
933 3481 1030 3538 sed
1059 3482 1260 3537 reddes
1295 3479 1405 3535 Deo
1438 3495 1560 3550 qua:
1590 3480 1810 3549 juratus
1863 3479 1983 3535 lue-

391 3580 472 3635 ris
517 3597 534 3635 :
582 3593 682 3650 ego
712 3584 891 3632 autem
920 3575 1045 3631 dico
1075 3574 1251 3638 vobis,
1308 3587 1412 3628 non
1469 3571 1661 3643 jurare
1727 3573 1980 3634 omnino,

2093 3299 2204 3360 τοῖς
2254 3314 2312 3349 τε
2360 3300 2425 3351 ἐκ
2475 3302 2776 3372 περιτομῆς
2809 3302 3028 3372 εὔλογον
3075 3307 3174 3377 τῆς
3220 3309 3339 3362 κατ’
3371 3311 3535 3366 αὐτοῦ
3581 3331 3678 3367 συ-

2095 3388 2291 3459 σκευῆς
2316 3390 2515 3456 αἰτίαν,
2545 3392 2594 3444 οἳ
2624 3391 2708 3462 δὴ,
2735 3392 2811 3456 ὡς
2841 3395 3131 3471 παραϐάτῃ
3161 3399 3256 3452 καὶ
3277 3400 3556 3475 ἀποστάτῃ
3577 3403 3677 3458 τοῦ

2092 3480 2279 3553 νόμου,
2327 3482 2425 3553 τὴν
2449 3483 2584 3554 πρὸς
2612 3484 2839 3541 θάνατον
2855 3489 3145 3564 ἐπιϐουλὴν
3175 3494 3324 3566 αὐτῷ
3349 3498 3680 3554 συνεσκευά-

2096 3589 2277 3626 σαντο.

393 3674 490 3731 sed
529 3673 635 3727 erit
673 3686 854 3728 sermo
895 3679 1076 3724 vester
1117 3686 1131 3722 :
1171 3674 1277 3731 est,
1331 3674 1415 3722 est
1445 3685 1458 3721 :
1487 3681 1618 3732 non,
1670 3681 1818 3719 non:
1848 3666 1993 3734 quod
2031 3674 2212 3720 autem
2254 3666 2341 3722 his
2375 3667 2744 3727 abundantius
2788 3679 2894 3737 est,
2945 3689 2976 3729 a
3008 3676 3150 3733 malo
3180 3687 3263 3735 est
3292 3681 3357 3734 ³⁸.
3397 3684 3417 3734 ὁ
3463 3680 3527 3736 Et
3546 3699 3680 3741 rur-

392 3782 491 3824 sus
525 3786 537 3822 :
571 3766 665 3821 llle
718 3763 940 3836 quidem
985 3763 1218 3834 injurias
1267 3762 1503 3826 ulcisci,
1558 3769 1613 3815 et
1680 3760 2042 3816 inferentibus
2094 3762 2314 3816 easdem
2363 3762 2571 3821 referre
2632 3767 2957 3824 hortabatur
2990 3808 3005 3833 ,
3055 3771 3244 3829 dicens
3299 3794 3313 3831 :
3379 3794 3400 3829 ι
3439 3776 3676 3836 Oculum

390 3879 493 3932 pro
518 3863 697 3929 oculo,
720 3868 774 3917 et
809 3861 1025 3917 dentem
1049 3874 1149 3930 pro
1169 3859 1363 3914 dente:
1416 3856 1525 3929 24
1542 3872 1642 3928 ego
1658 3864 1837 3911 autem
1860 3855 1985 3911 dico
2022 3857 2197 3921 vobis,
2259 3873 2368 3913 non
2430 3860 2690 3918 resistere
2752 3864 2916 3930 malo,
2954 3868 3048 3921 sed
3080 3868 3125 3924 si
3156 3870 3279 3940 quis
3302 3879 3355 3926 te
3382 3886 3678 3942 percusse-

396 3954 468 4011 rit
493 3955 549 4009 in
578 3956 859 4009 dexteram
894 3951 1169 4006 maxillam
1196 3956 1368 4014 tuam,
1398 3949 1703 4005 convertite
1723 3949 1789 4003 ad
1815 3948 1967 4001 illum
2007 3957 2062 4004 et
2092 3950 2315 4003 alteram
2347 3968 2359 4004 :
2390 3959 2443 4005 et
2493 3953 2587 4022 qui
2644 3955 2772 4009 velit
2814 3964 2990 4012 tecum
3053 3959 3260 4029 judicio
3309 3966 3670 4034 contendere,

392 4060 450 4107 et
483 4051 724 4105 tunicam
765 4044 913 4102 tuam
953 4048 1166 4111 tollere,
1217 4044 1427 4099 dimitte
1484 4044 1531 4099 ei
1564 4051 1618 4099 et
1654 4044 1877 4113 pallium
1903 4043 1945 4075 ⁸⁷
1992 4058 2010 4095 ›
2057 4041 2123 4098 Et
2169 4058 2367 4098 rursus
2401 4062 2414 4097 :
2447 4043 2541 4100 Ille
2585 4046 2804 4117 quidem
2863 4049 3092 4106 docebat
3129 4054 3367 4110 amicum
3416 4058 3671 4129 diligere,

391 4153 447 4202 et
470 4145 721 4199 inimicos
744 4141 1003 4198 insectari
1037 4140 1210 4196 odio:
1271 4153 1372 4209 ego
1431 4144 1611 4191 autem
1672 4152 1737 4191 ex
1793 4138 2125 4191 abundantia
2183 4138 2539 4195 humanitatis
2576 4148 2631 4196 et
2675 4141 2993 4210 clementia,
3051 4151 3111 4199 ut
3157 4146 3411 4204 inimicos
3453 4159 3674 4206 vestros

393 4242 654 4313 diligatis,
690 4247 743 4295 et
777 4254 876 4310 pro
919 4234 1375 4310 persequentibus
1416 4248 1513 4288 vos
1564 4234 1755 4297 oretis,
1802 4232 1975 4301 legem
2012 4232 2170 4286 vobis
2197 4247 2363 4301 pono,
2400 4252 2418 4286 ι
2458 4242 2518 4289 ιιι
2551 4235 2672 4291 sitis
2703 4237 2798 4291 ﬁlii
2824 4235 3005 4294 Patris
3049 4241 3242 4307 vestri,
3287 4242 3381 4312 qui
3417 4242 3473 4297 in
3508 4244 3672 4299 cmlis

392 4336 607 4406 est,qui
633 4334 800 4390 solem
819 4343 979 4387 Suum
1006 4332 1139 4385 oriri
1167 4329 1297 4383 facit
1317 4344 1481 4399 super
1503 4328 1674 4381 bonos
1697 4333 1751 4380 et
1800 4326 1994 4391 malos,
2029 4326 2253 4407 etpluit
2280 4342 2443 4397 super
2467 4328 2647 4399 justos
2697 4336 2752 4385 et
2798 4329 3127 4401 injustos”.
3166 4350 3187 4386 ι
3224 4332 3308 4388 Ad
3352 4334 3469 4391 haec
3516 4356 3530 4392 :
3574 4338 3673 4394 lllc

393 4430 611 4500 quidem
643 4444 700 4485 se
731 4427 797 4482 ad
831 4428 1127 4481 multorum
1183 4424 1438 4479 duritiam
1496 4421 1961 4485 accommodabat,
2002 4427 2055 4476 et
2104 4421 2170 4477 iis
2218 4431 2364 4493 apta,
2401 4424 2491 4493 qui
2525 4425 3030 4494 perturbationibus
3081 4430 3229 4499 pleni
3265 4438 3470 4499 essent,
3527 4449 3670 4503 pra:-

394 4525 651 4597 cipiebat.
704 4532 867 4594 atque
912 4523 1257 4577 immutatum
1286 4518 1575 4589 quemdam
1611 4532 1641 4570 a
1689 4524 1872 4572 vetere
1900 4516 2013 4581 illo,
2054 4516 2479 4588 inferioremque
2503 4509 2788 4589 religionis
2821 4522 3040 4576 modum
3076 4523 3323 4579 tradebat
3355 4543 3370 4581 :
3419 4540 3523 4596 ego
3566 4543 3669 4581 au-

395 4623 506 4673 tem
544 4618 611 4673 ad
643 4618 812 4688 piam,
879 4615 1306 4686 religiosamquc
1352 4613 1515 4667 vitam
1576 4626 1788 4676 eorum,
1843 4611 1933 4680 qui
1965 4611 2162 4681 priscis
2205 4610 2312 4667 illis
2356 4612 2689 4681 temporibus
2740 4621 2928 4669 sancte
2968 4614 3244 4683 vixerunt,
3293 4630 3492 4672 revoco
3546 4620 3671 4673 uni-

393 4727 604 4769 versos.
635 4712 898 4784 Denique,
928 4712 1018 4767 ille
1045 4710 1264 4782 quidem
1301 4717 1502 4764 terram
1527 4708 1783 4764 ﬂuentem
1814 4708 1899 4763 lac
1948 4716 2002 4763 et
2041 4707 2171 4772 mel,
2221 4708 2378 4778 quasi
2434 4708 2674 4790 parvulis
2729 4712 3082 4780 promittebat
3127 4730 3142 4768 :
3201 4728 3304 4785 ego
3357 4718 3541 4770 autem
3596 4715 3669 4771 iis

395 4808 490 4879 qui
519 4823 715 4879 capere
744 4808 975 4878 possint,
1010 4822 1239 4876 regnum
1282 4808 1505 4862 caeleste
1556 4803 1811 4859 concilio.
1840 4802 1966 4858 llaec
2006 4813 2171 4873 atque
2213 4803 2479 4872 ejusmodi
2513 4804 2640 4870 alia,
2695 4803 2833 4861 Novi
2873 4805 3210 4862 Testamenti
3241 4808 3400 4874 ratio,
3432 4808 3666 4866 docente

396 4902 639 4967 Christo,
674 4902 928 4957 omnibus
973 4902 1226 4973 gentibus
1278 4900 1566 4954 nuntiavit.
1606 4897 1671 4951 Et
1708 4898 1822 4953 hac
1854 4897 1972 4968 ipsa
2011 4904 2161 4961 sunt,
2213 4913 2335 4968 qua:
2391 4913 2522 4954 suos
2571 4899 2874 4971 discipulos
2909 4900 3159 4957 Christus
3200 4900 3315 4968 Dei,
3369 4908 3432 4956 ut
3481 4903 3667 4957 omni-

398 4996 503 5052 bus
531 4996 780 5067 gentibus
806 4998 1143 5061 nuntiarent,
1175 4997 1497 5051 hortabatur
1543 4994 1733 5049 dicens
1787 5011 1800 5047 :
1851 5010 1869 5043 ι
1927 4992 2136 5048 Euntes
2190 4993 2536 5063 disciplinam
2590 5004 2827 5051 vestram
2860 4997 3066 5052 tradite
3103 4997 3357 5053 omnibus
3382 4999 3664 5069 gentibus,

398 5089 660 5144 docentes
712 5102 807 5143 eas
854 5104 1072 5144 servare
1112 5089 1326 5153 omnia,
1350 5100 1713 5159 quaecunque
1754 5086 1988 5157 prmcepi
2028 5086 2183 5141 vobis
2231 5088 2298 5139 ’9.
2340 5106 2359 5139 ›
2394 5086 2525 5153 Quae
2552 5088 2713 5141 etiam
2743 5091 2957 5147 cunctis
2989 5089 3325 5155 hominibus,
3364 5099 3474 5145 tam
3528 5090 3663 5147 bar-

398 5182 548 5238 baris
588 5197 750 5252 quam
782 5181 985 5237 Graecis
1015 5199 1138 5237 cum
1183 5181 1524 5240 observanda
1563 5181 1819 5244 traderet,
1864 5180 2025 5249 plane
2074 5178 2336 5248 quidnam
2378 5178 2451 5232 sit
2491 5176 2947 5237 Christianismus
3004 5183 3261 5246 ostendit,
3319 5193 3372 5240 et
3433 5183 3661 5255 quinam

399 5281 571 5333 simus
612 5293 733 5341 nos,
775 5287 828 5332 et
866 5277 1172 5347 cujusmodi
1223 5278 1411 5331 talium
1464 5290 1777 5332 sermonum
1834 5289 1899 5327 ac
1954 5271 2367 5342 disciplinarum
2415 5274 2697 5344 magister,
2758 5292 2874 5346 ipse
2912 5279 3099 5348 utique
3139 5279 3393 5333 Salvator
3446 5287 3503 5335 et
3548 5278 3661 5332 Do-

399 5370 582 5424 minus
616 5376 803 5424 noster
862 5367 1040 5435 Jcsus,
1082 5370 1175 5439 qui
1219 5369 1472 5424 Christus
1528 5378 1612 5425 est
1669 5368 1784 5431 Dei,
1834 5365 1927 5437 qui
1972 5380 2168 5420 novam
2221 5366 2361 5421 hanc
2387 5374 2442 5421 ct
2470 5382 2662 5421 omnes
2682 5371 2983 5439 amplexam
3012 5372 3239 5428 virtutes
3261 5372 3658 5443 rempublicam

399 5463 456 5517 in
505 5471 619 5517 toto
661 5462 794 5518 orbe
845 5464 1147 5527 constituit,
1180 5461 1314 5516 adeo
1356 5461 1596 5532 quidem,
1628 5468 1690 5515 ut
1723 5458 1852 5514 talia
1903 5457 2137 5537 discere,
2168 5457 2671 5528 philosopharique,
2736 5468 2847 5513 tam
2881 5459 3094 5517 femina:
3145 5480 3309 5534 quam
3362 5466 3488 5530 viri,
3539 5473 3657 5522 tam

400 5570 665 5627 pauperes
709 5570 871 5625 quam
917 5555 1136 5620 divites,
1190 5561 1299 5608 tam
1353 5554 1497 5609 servi
1539 5567 1701 5624 quam
1762 5551 1972 5609 domini
2016 5551 2249 5623 possint.
2292 5549 2356 5603 lit
2396 5559 2578 5606 tamen
2623 5567 2780 5607 nova:
2828 5553 3058 5623 hujusce
3094 5557 3228 5627 legis
3284 5557 3654 5627 introducmr,

470 5740 518 5771 ⁸⁸
541 5738 833 5811 Exod._rx,
858 5737 918 5801 7;
954 5736 1131 5811 Lex-it.
1158 5753 1269 5811 xix,
1295 5736 1379 5811 l2;
1415 5735 1574 5811 l)_eut_.
1605 5752 1659 5800 v,
1687 5735 1794 5811 ll”;
1822 5733 2023 5811 Matth:
2042 5751 2095 5795 v,
2117 5734 2313 5811 ⁸55-57.
2376 5737 2420 5766 ³⁷
2452 5734 2625 5811 lixod.
2661 5755 2773 5805 ττι,
2804 5738 2907 5806 ‘2l;
2963 5740 3130 5796 Levit.
3167 5756 3327 5808 xxxv,
3359 5742 3458 5811 20;
3488 5744 3644 5800 Deut.

445 5827 516 5876 ιχ,
569 5811 678 5875 2t;
722 5809 909 5864 Matth.
972 5825 1026 5873 v,
1073 5809 1259 5861 5840.
1337 5808 1381 5838 ⁸³
1415 5805 1602 5859 Matth.
1633 5823 1685 5871 v,
1724 5806 1813 5860 45.
1893 5806 1937 5838 ⁹⁹
1979 5803 2168 5859 Matth.
2208 5821 2401 5867 aut”,
2444 5807 2621 5863 19-20.
