3842 6218
143 332 210 390 69
1074 337 1738 396 DEMONSTRATIONIS
1780 337 2245 397 EVANGELiCIE
2288 342 2423 399 LIB.
2467 344 2505 400 I.
3362 350 3430 409 70

142 467 403 527 tanquam
440 456 490 514 is
528 456 624 528 qui
675 456 732 512 in
772 459 916 513 omni
949 457 1057 513 vita
1090 459 1267 531 legem
1316 460 1484 515 Mosis
1542 460 1866 526 servaverit,
1921 461 2274 518 introductus
2329 471 2414 520 est
2474 465 2672 537 :quod
2733 480 2867 523 sane
2927 466 3107 539 ipsum
3168 471 3431 537 admirari

138 567 320 625 operae
338 553 577 625 pretium
600 556 820 626 est,qui
844 553 1095 610 videlicet
1120 554 1237 611 fieri
1265 556 1463 628 possit,
1494 565 1553 612 ut
1577 572 1732 613 novae
1769 557 2001 614 rationis
2030 565 2085 614 et
2126 558 2260 630 legis
2295 567 2491 616 auctor
2532 560 2771 629 futurus,
2818 561 2955 619 Novi
2999 565 3191 635 utique
3246 564 3433 623 Testa-

137 648 303 703 menti
337 662 436 718 per
459 647 840 721 Evangelium,
867 666 978 705 non
1001 658 1262 724 tanquam
1293 654 1513 708 inimica
1539 662 1595 709 et
1642 654 1921 709 contraria
1958 669 2042 721 ea,
2094 671 2218 727 quae
2263 671 2293 711 a
2330 656 2479 713 Mose
2519 658 2719 713 tradita
2763 667 2916 727 sunt,
2956 662 3296 719 recusaverit.
3366 661 3429 722 Si

135 739 282 794 enim
318 741 426 797 hoc
456 741 702 809 fecisset,
735 744 851 815 ipse
894 744 1140 801 vicissim
1180 738 1318 802 Mosi
1374 745 1605 803 adversa
1659 749 2007 805 existimatus
2057 757 2203 806 esset
2246 752 2565 822 praecipere,
2626 768 2693 808 ex
2752 769 2862 825 quo
2914 756 3098 826 impiis
3134 756 3427 828 impiarum

135 843 414 892 sectarum
457 839 776 894 auctoribus
821 846 1015 895 contra
1063 838 1269 897 Mosem
1313 849 1368 898 et
1420 843 1738 913 prophetas;
1790 843 2209 900 obtrectationis
2246 843 2354 915 25
2422 853 2476 900 et
2518 846 2914 903 maledicentia:
2960 848 3251 920 plurimam
3285 862 3426 919 pras-

133 925 347 985 buisset
377 933 689 997 materiam,
745 931 815 988 iis
866 938 1050 988 autem
1099 933 1195 1004 qui
1233 949 1299 990 ex
1345 934 1771 992 circumcisione
1834 945 1961 992 sunt
2008 937 2438 1007 conspirationis
2485 947 2677 994 contra
2721 955 2781 995 se
2817 940 3025 1012 justam
3073 950 3128 998 et
3169 942 3426 1013 probabi-

132 1019 239 1076 lem
269 1038 518 1089 causam,
544 1025 640 1095 qui
672 1025 860 1096 utique
896 1025 970 1092 ei,
1001 1028 1161 1097 quasi
1184 1029 1281 1100 qui
1310 1039 1503 1086 contra
1550 1029 1725 1101 legem
1764 1029 1990 1097 faceret,
2030 1039 2197 1104 atque
2234 1031 2304 1087 ab
2356 1047 2420 1088 ea
2456 1032 2736 1101 deﬁceret,
2782 1033 3012 1092 insidias
3055 1036 3123 1092 ad
3176 1035 3420 1093 inferen-

129 1117 257 1173 dam
285 1131 480 1173 necem
508 1124 959 1174 construxerunt.

665 1240 1066 1295 ΚΕΦΑΛᾹΙΟΝ
1113 1243 1189 1296 Z'.

123 1327 311 1393 Πῶςό
323 1328 600 1409 Χριστὸης,
630 1334 715 1410 τὰ.
736 1332 896 1410 παρὰ
918 1333 1128 1410 Ma)er
1160 1332 1466 1410 πρότερον,
1486 1330 1724 1386 ἐκτελέ-

188 1416 349 1525 Ξαςῖ
374 1401 591 1469 καινῆς
620 1401 721 1455 καὶ
750 1402 895 1469 νέας
924 1404 1292 1475 εἰσαγωγεὺς
1330 1401 1589 1472 κατέστη
1620 1418 1724 1455 ,πο-

258 1486 324 1524 τε
351 1489 445 1537 ας.

184 1585 329 1639 Νυνὶ
365 1585 426 1639 δὲ
464 1585 646 1640 πάντα
686 1587 829 1639 κατὰ
854 1588 944 1640 τὸν
1006 1586 1252 1651 Μωσέως
1293 1587 1457 1659 νόμον
1493 1584 1689 1641 πεπολὶ
1700 1616 1719 1624 -

112 1677 407 1748 τευμένος,
439 1680 553 1742 τοῖς
587 1678 907 1743 ἀποστόλοις
932 1679 1099 1732 αὑτοῦ
1157 1680 1423 1751 κέχρηται
1451 1680 1720 1745 διακόνοις

111 1771 214 1840 τῆς
243 1770 448 1841 καινῆς
475 1771 642 1825 αὑτοῦ
675 1771 1015 1843 νομοθεσίας·
1051 1772 1188 1843 ὁμοῦ
1217 1774 1315 1844 μὲν
1345 1774 1439 1827 καὶ
1468 1773 1538 1827 τὰ
1590 1775 1719 1827 Μω-

110 1859 258 1924 σέως
279 1860 383 1914 οὐκ
408 1861 687 1932 ἀλλότρια,
715 1862 824 1915 οὐδ’
847 1862 1019 1934 ἐχθρά
1036 1862 1139 1933 τῆς
1170 1864 1379 1927 οἰκείας
1405 1862 1717 1931 θεοσεϐείας

108 1954 368 2024 ἡγεῖσθαι
398 1954 511 2008 δεῖν
539 1954 775 2022 διδάξας·
811 1956 946 2028 ὁμοῦ
969 1956 1025 2010 δὲ
1052 1958 1145 2010 καὶ
1173 1957 1457 2030 αὐθέντης,
1493 1959 1586 2012 καὶ
1604 1961 1715 2013 εἰσ-

104 2046 329 2117 ηγητὴς
369 2046 495 2111 νέας
538 2048 633 2102 καὶ
680 2049 947 2120 σωτηρίου
985 2050 1149 2103 πᾶσιν
1194 2048 1503 2122 ἀνθρώποις
1542 2067 1711 2105 κατα-

105 2140 245 2204 στὰς
269 2140 618 2211 νομοθεσίαςο
636 2142 712 2204 ὡς
736 2140 1001 2212 μηδαμῶς
1022 2144 1103 2205 είς
1125 2142 1195 2195 τὰ
1242 2143 1431 2196 Μωσεί
1452 2142 1711 2198 δοκοῦντα

103 2232 505 2305 παρανομῆσαι
536 2232 723 2297 αὐτὸν,
753 2232 904 2297 τέλος
934 2234 978 2287 δ’
1010 2234 1241 2298 ἐκείνοις
1270 2233 1540 2288 ἐπιθεῖναι
1576 2235 1711 2306 πρό-

98 2342 288 2397 τερον,
320 2326 418 2379 καὶ
447 2326 744 2399 πληρωτὴν
766 2327 945 2381 αὐτῶν
972 2328 1249 2397 γενέσθαι,
1276 2330 1370 2382 καὶ
1383 2328 1557 2393 οὕτως
1579 2329 1707 2400 περὶ

97 2415 199 2485 τὴν
225 2416 527 2471 αύθεντίαν
555 2416 652 2470 τοῦ
714 2417 856 2471 κατὰ
897 2418 957 2472 τὸ
1002 2419 1335 2490 Εὐαγγέλιον
1373 2420 1538 2491 νόμου
1569 2438 1709 2492 παρ-

95 2508 454 2578 εληλυθέναι.
476 2510 589 2563 Καὶ
614 2509 804 2564 τοῦτον
815 2513 1106 2567 ἀκουστέον
1134 2512 1296 2567 αὐτοῦ
1326 2513 1575 2583 λέγοντος
1614 2514 1704 2568 τὸν

94 2602 332 2674 τρόπον·
374 2621 395 2654 ε
424 2603 540 2656 Οὐκ
570 2598 734 2674 ἦλθον
756 2604 1058 2658 καταλῦσαι
1077 2605 1169 2659 τὸν
1198 2605 1382 2678 νόμον,
1406 2605 1543 2660 ἀλλὰ
1566 2606 1704 2676 πλη-

2427 1234 2658 1293 CAPUT
2688 1235 2804 1293 VII.

1829 1331 2105 1399 Quomodo
2128 1327 2395 1391 Christus,
2424 1339 2705 1399 postquam
2737 1345 2800 1381 ea
2828 1346 2946 1399 qua:
2980 1348 3012 1385 a
3033 1330 3183 1389 Mose
3216 1337 3418 1394 tradita

1898 1412 2045 1478 sunt,
2084 1400 2234 1470 plene
2257 1398 2568 1478 observavit,
2621 1414 2768 1453 nova:
2814 1398 3037 1457 rationis
3076 1416 3126 1459 et
3165 1404 3295 1478 legis
3333 1411 3418 1463 iu-

1897 1471 2171 1526 troductor
2200 1471 2430 1525 exstitit.

1892 1583 2050 1638 Nunc
2079 1593 2261 1637 autem
2285 1590 2577 1653 postquam
2610 1582 2666 1638 in
2700 1584 2853 1638 omni
2893 1585 3004 1640 vita
3039 1585 3207 1643 Mosis
3238 1587 3415 1660 legem

1822 1676 2224 1747 comprobavit,
2256 1675 2524 1746 apostolis
2552 1677 2671 1732 suis
2706 1693 2843 1732 usus
2866 1685 2951 1733 est
2987 1694 3143 1735 nova:
3189 1696 3302 1737 suae
3331 1682 3414 1739 le-

1818 1768 1905 1839 gis
1941 1767 2309 1834 administris,
2348 1768 2405 1821 in
2441 1767 2544 1822 hoc
2587 1768 2679 1824 ille
2718 1768 2943 1839 quidem
3004 1773 3168 1828 simul
3206 1773 3415 1833 docens

1818 1874 1881 1914 ea
1915 1876 2037 1930 qua:
2076 1876 2107 1913 a
2139 1859 2288 1915 Mose
2320 1858 2522 1913 tradita
2563 1868 2715 1926 sunt,
2770 1876 2873 1916 nec
2931 1876 2961 1916 a
3011 1878 3110 1918 sua
3150 1865 3414 1938 religione

1817 1952 2192 2017 abhorrentia,
2214 1967 2317 2008 nec
2345 1952 2521 2007 eidem
2547 1952 2769 2007 inimica
2787 1952 3102 2011 exiStimare
3133 1966 3410 2027 oportere,

1814 2050 1869 2097 et
1898 2045 2064 2100 simul
2108 2054 2388 2099 auctorem
2443 2060 2503 2100 se
2561 2052 2727 2116 atque
2783 2046 3219 2105 introductorem
3253 2066 3411 2107 novre

1813 2147 1868 2194 et
1895 2139 2113 2194 cunctis
2139 2138 2457 2195 hominibus
2501 2141 2763 2196 salutaris
2812 2142 2970 2213 legis,
3008 2144 3403 2203 constituens:

1812 2239 1873 2286 ut
1902 2232 2051 2287 nullo
2085 2242 2248 2303 pacto
2283 2232 2391 2287 dici
2420 2233 2896 2305 possitquidpiam
2949 2235 3103 2290 illum
3142 2236 3409 2297 adversus

1811 2323 1980 2379 Mosis
2014 2324 2163 2395 leges
2194 2332 2287 2378 aut
2314 2325 2537 2380 decreta
2569 2325 2802 2381 fecisse:
2830 2327 2966 2398 quin
3018 2328 3202 2399 potius
3241 2328 3405 2386 finem

1810 2414 1921 2471 illis
1937 2417 2090 2485 prius
2104 2415 2455 2487 imposuisse,
2475 2416 2777 2489 eademque
2792 2418 3033 2489 perfecte
3055 2421 3404 2490 observasse,

1808 2516 1862 2564 et
1889 2509 1972 2564 sic
2002 2508 2071 2563 ad
2115 2509 2521 2567 institutionem
2554 2512 2885 2581 evangelicae
2922 2511 3060 2583 legis
3088 2513 3400 2571 transiisse.

1811 2598 1878 2653 Et
1908 2600 2002 2670 qui
2037 2602 2259 2656 modum
2285 2602 2505 2673 quidem
2540 2601 2690 2657 hunc
2737 2604 2806 2659 ab
2867 2604 2990 2675 ipso
3050 2606 3403 2662 observatum

98 2692 304 2763 ρῶσαι.
338 2712 360 2745 ι
387 2693 451 2746 Εἰ
482 2693 582 2764 μὲν
612 2694 721 2765 γὰρ
750 2695 1077 2766 παραϐάτης
1138 2695 1232 2749 τοῦ
1263 2697 1509 2759 Μωσέως
1540 2696 1682 2768 νόμοι

1811 2693 1982 2758 dicat,
2019 2708 2129 2748 non
2158 2694 2301 2749 alius
2343 2694 2650 2750 audiendus
2697 2704 2782 2750 est
2836 2711 3000 2765 quam
3064 2696 3202 2766 ipse.
3231 2716 3249 2748 ι
3282 2695 3401 2753 Non

95 2783 369 2855 κατέστη,
402 2784 510 2839 κᾶν
537 2784 775 2853 εὐλόγως
802 2784 1063 2856 ἐνομίσθη
1103 2784 1251 2839 λύειν
1279 2786 1439 2839 αὐτὸν
1470 2786 1564 2839 καὶ
1594 2804 1701 2839 πα-

95 2880 388 2949 ρανομεῖν·
417 2877 622 2948 φαῦλος
645 2878 704 2933 δέ
730 2896 813 2942 τις
838 2879 932 2932 καὶ
956 2878 1272 2951 παράνομος
1300 2878 1579 2947 πεφυκὼς,
1602 2880 1701 2933 οὑκ

93 2969 161 3022 ἂν
206 2968 514 3041 ἐπιστεύθη
559 2969 721 3032 αὐτὸς
758 2964 896 3023 εἶναι
941 2971 970 3023 6
1012 2969 1263 3044 Χριστός.
1323 2970 1482 3024 Λύων
1529 2970 1586 3024 δὲ
1630 2971 1702 3025 τὰ

90 3063 373 3128 Μωσέως,
413 3062 533 3126 πῶς
594 3062 660 3117 ἂν
699 3063 958 3135 ἐνομίσθη
989 3063 1149 3127 αὐτὸς
1194 3064 1482 3135 ὑπάρχειν,
1523 3066 1552 3117 6
1594 3064 1698 3118 ὑπὸ

90 3154 348 3217 Μωσέως
364 3153 463 3207 καὶ
493 3152 601 3207 τῶν
634 3153 924 3226 προφητῶν
942 3154 1415 3226 κατηγγελμένος;
1436 3155 1554 3221 πῶς
1572 3156 1613 3209 δ’
1631 3157 1697 3213 ἂν

91 3247 257 3317 ἔσχεν
292 3247 357 3301 τὸ
379 3248 694 3314 ἀξιόπιστον
716 3247 911 3319 καινῆς
941 3247 1289 3320 νομοθεσίας;
1319 3248 1466 3315 ἔδοξε
1495 3249 1604 3322 γὰρ
1631 3250 1696 3305 ἂν

87 3340 325 3404 εἰκότως
370 3341 475 3411 τῆς
506 3339 852 3413 παρανομίας
887 3341 1048 3414 χάριν
1085 3342 1180 3396 ἐπὶ
1214 3341 1313 3414 τὴν
1345 3344 1694 3415 καινοτομίαν

89 3434 441 3505 ἐληλυθέναι,
473 3434 693 3503 φεύγων
721 3432 821 3506 τὴν
852 3435 947 3489 ἐπὶ
974 3436 1096 3499 ταῖς
1125 3434 1492 3508 παρανομίαις
1516 3454 1691 3507 τιμω-

89 3527 239 3598 ρίαν,
269 3525 392 3579 Νῦν
413 3525 471 3578 δὲ
499 3525 669 3598 μηδὲν
700 3524 969 3597 μηδαμῶς
991 3525 1101 3581 τῶν
1126 3527 1184 3581 ἐν
1211 3525 1290 3597 τῷ
1322 3527 1474 3598 νόμῳ
1500 3526 1689 3591 λύσας,

88 3618 398 3690 πλημυτὴς
441 3618 488 3671 δ’
516 3617 696 3672 αὐτῶν
732 3618 1059 3688 γενόμενος,
1099 3619 1193 3672 καὶ
1230 3617 1470 3683 τέλειος,
1513 3618 1589 3683 ὡς
1626 3618 1692 3673 ἄν

83 3712 355 3775 τιςείποι,
379 3712 520 3764 κατὰ
534 3711 758 3775 Μωσέα,
786 3713 907 3766 ἐπεὶ
936 3711 1133 3783 μηκέτι
1154 3713 1266 3775 τοῖς
1293 3710 1497 3775 λοιποῖς
1514 3710 1690 3766 ἔθνεσι

83 3803 316 3858 δυνατὸν
341 3799 412 3876 ἦν
428 3802 761 3874 ἐφαρμόζειν
783 3803 852 3857 τὰ
876 3803 1025 3874 παρά
1048 3802 1234 3857 Μωσεί
1260 3803 1466 3875 νόμιμα
1483 3803 1570 3858 διὰ
1590 3804 1690 3869 τὰς

90 3895 540 3967 προόηλωθείσας
576 3896 757 3960 αἰτίας
791 3895 954 3967 (χρῆν
1005 3895 1062 3948 δὲ
1094 3896 1267 3966 δήπου
1308 3894 1689 3968 φιλανθρωπίᾳ

89 3990 182 4044 τοῦ
224 3989 551 4060 παναγάθου
596 3990 707 4045 τῶν
747 3990 884 4044 ὅλων
926 3989 1062 4043 Θεοῦ
1111 3988 1321 4053 πάντας
1366 3988 1688 4061 ἀνθρώπους

1811 2787 1959 2851 veni,
1990 2787 2191 2857 inquit,
2230 2786 2482 2842 scindere
2514 2787 2709 2857 legem,
2737 2786 2831 2843 sed
2864 2787 3140 2856 complere
3183 2788 3222 2843 ‘.
3259 2808 3279 2841 ι
3315 2789 3404 2843 Et-

1810 2879 1959 2933 enim
1993 2879 2039 2934 si
2067 2887 2416 2950 contemptor
2440 2878 2608 2935 Mosis
2635 2880 2771 2950 legis
2798 2880 3125 2945 exstitisset,
3147 2882 3400 2951 quamvis

1809 2969 1959 3025 illam
1992 2970 2337 3027 existimatus
2370 2979 2516 3027 esset
2551 2972 2909 3043 probabiliter
2953 2972 3227 3039 scindere,
3259 2988 3396 3028 con-

1808 3069 2003 3132 traque
2036 3077 2156 3119 eam
2192 3062 2372 3119 facere
2403 3081 2417 3117 :
2453 3064 2756 3134 improbam
2786 3073 2970 3119 tamen
3003 3065 3319 3135 quamdam,
3343 3075 3399 3121 et

1806 3170 1838 3208 a
1868 3155 2083 3228 legibus
2116 3156 2350 3210 alienam
2387 3165 2640 3211 naturam
2669 3171 2780 3227 prae
2808 3171 2867 3213 se
2906 3157 3111 3222 ferens,
3139 3158 3396 3216 Christus

1805 3260 1928 3302 esse
1964 3246 2208 3302 creditus
2252 3262 2363 3302 non
2401 3263 2567 3302 esset.
2620 3245 2794 3302 Porro
2840 3255 3021 3302 autem
3073 3248 3394 3306 rescindens

1804 3351 1868 3391 ea
1895 3352 2015 3407 quae
2039 3353 2069 3392 a
2105 3338 2255 3394 Mose
2288 3338 2467 3409 posita
2493 3345 2643 3404 sunt,
2675 3336 2951 3409 quomodo
2979 3340 3251 3409 potuisset
3277 3340 3395 3395 exi-

1803 3430 2015 3487 stimari
2054 3430 2101 3485 is
2130 3446 2277 3496 esse,
2315 3446 2477 3502 quem
2508 3430 2754 3486 futurum
2802 3430 2979 3487 Moses
3028 3440 3081 3486 et
3114 3432 3393 3503 prophetat

1798 3524 2190 3579 nuntiassent?
2214 3523 2491 3595 quomodo
2530 3532 2713 3579 autem
2745 3526 2904 3581 novis
2928 3524 3142 3596 legibus
3180 3541 3390 3596 ponen-

1800 3616 1888 3672 dis
1914 3617 2294 3672 auctoritatem
2323 3616 2644 3673 babuisset?
2680 3618 2880 3673 merito
2919 3618 3066 3674 enim
3097 3617 3266 3674 videri
3289 3633 3390 3690 po-

1799 3710 2017 3774 tuisset,
2051 3708 2378 3780 deroganda:
2409 3710 2545 3781 legis
2578 3710 2776 3781 gratia,
2814 3710 2882 3765 ad
2917 3710 3268 3767 novationem
3295 3726 3392 3768 re-

1799 3808 1924 3858 rum
1973 3804 2211 3871 venisse,
2260 3810 2321 3858 ut
2381 3803 2732 3868 delictorum,
2785 3818 2907 3873 qum
2960 3809 3154 3857 contra
3210 3802 3385 3873 legem

1798 3896 2199 3964 commisisset,
2267 3896 2595 3966 supplicium
2650 3893 2927 3951 evaderet.
2988 3894 3146 3950 Nunc
3200 3903 3383 3951 autem

1797 3990 1935 4044 nihil
1966 3990 2034 4046 de
2062 3989 2179 4059 lege
2209 3988 2434 4044 omnino
2465 3988 2759 4058 derogans,
2795 3995 2850 4042 et
2889 3987 3049 4057 plene
3083 4002 3204 4057 quae
3239 3988 3293 4041 in
3317 4000 3382 4040 ea

92 4085 361 4155 σωθῆναι,
392 4085 490 4138 καὶ
519 4086 599 4148 εἰς
634 4083 928 4153 ἐπίγνωσιν
952 4082 1213 4155 ἀληθείας
1239 4081 1456 4155 ἐλθεῖν),
1494 4081 1565 4135 τὰ
1587 4099 1682 4136 κα-

1800 4082 2149 4139 continentur
2188 4096 2437 4144 servans,
2480 4087 2666 4150 atque,
2700 4086 2759 4133 ut
2792 4078 2871 4135 sic
2893 4078 3095 4144 dicam,
3131 4076 3199 4132 ad
3221 4092 3383 4150 regu-

88 4177 335 4249 τάλληλα
359 4178 455 4231 καὶ
487 4176 723 4249 ἁρμόδια
764 4179 878 4240 τοῖς
908 4177 1075 4230 πᾶσιν
1122 4173 1513 4248 ἐνομοθέτησεν
1537 4193 1550 4206 ·
1588 4176 1687 4229 ούκ

86 4272 153 4326 ἂν
174 4271 458 4342 φθονήσας
484 4271 580 4325 καὶ
632 4269 706 4323 τὰ
729 4268 979 4333 Μωσέως
1006 4267 1096 4323 διὰ
1121 4268 1233 4322 τῶν
1256 4268 1570 4322 ἀποστόλων
1588 4269 1684 4321 αὐ-

85 4364 182 4419 τοῦ
213 4367 386 4421 πᾶσιν
411 4363 723 4435 ἀνθρώποις
753 4361 1134 4432 καταγγεῖλαι,
1171 4362 1219 4414 εἰ
1246 4360 1320 4433 μὴ
1342 4360 1402 4414 τὸ
1426 4361 1683 4415 ἀδύνατον

83 4458 342 4529 ἐμποδὼν
370 4454 461 4531 ἦν,
492 4457 570 4520 ὡς
596 4456 838 4510 διδάσκει
860 4455 1034 4525 λέγων
1068 4454 1407 4518 Ἀπόστολος⁹
1432 4472 1452 4505 ι
1481 4453 1553 4506 Τὸ
1573 4452 1683 4525 γὰρ

80 4550 350 4605 ἀδύνατον
377 4549 476 4604 τοῦ
502 4550 690 4620 νόμου,
724 4549 783 4601 ἐν
807 4540 854 4614 ᾧ
882 4546 1118 4617 ἠσθένει,
1152 4547 1181 4598 6
1207 4545 1341 4609 Θεὸς
1368 4544 1457 4598 τὸν
1486 4544 1678 4597 ἑαυτοῦ

78 4642 213 4698 Υἰὺν
233 4642 463 4714 πέμψας
485 4644 544 4695 ἐν
564 4639 875 4713 ὁμοιώματι
899 4638 1101 4711 σαρκὸς
1121 4636 1417 4709 ἁμαρτίας,
1442 4655 1461 4689 ι
1490 4636 1585 4691 καὶ
1610 4636 1679 4691 τά

74 4735 228 4808 ἑξῆς.
276 4733 567 4789 Ἀδύνατον
601 4733 659 4787 δὲ
695 4735 834 4787 πᾶσι
863 4733 1035 4804 δήπου
1066 4734 1179 4795 τοῖς
1206 4731 1413 4784 ἔθνεσιν
1443 4728 1678 4802 ὑπάρχει

69 4828 201 4900 τρὶς
247 4827 350 4883 τοῦ
382 4828 538 4893 ἔτους
573 4827 823 4898 ἀπαντᾷν
870 4827 950 4888 είς
1005 4823 1350 4894 Ἱεροσόλυμα
1397 4822 1540 4876 κατὰ
1584 4823 1677 4877 τὸν

73 4922 333 4985 Μωσέως
352 4921 539 4992 νόμον,
565 4919 662 4974 καὶ
702 4917 814 4974 ἀπὸ
838 4916 946 4970 τῶν
964 4916 1218 4989 περάτων
1231 4915 1331 4986 τῆς
1353 4915 1676 4987 οίκουμένης

66 5014 175 5086 τὴν
203 5014 319 5070 ἀπὸ
348 5012 539 5083 λέχους
569 5014 807 5082 γυναῖκα
840 5011 1113 5075 σπεύδειν,
1142 5008 1331 5062 αὐτόθι
1362 5007 1432 5062 τὰ
1466 5007 1674 5079 καθάρ-

72 5120 170 5161 σια
198 5105 645 5178 ἀποθησομένηνθ
681 5106 775 5159 καὶ
806 5103 941 5159 ἄλλα
970 5103 1160 5175 μυρία,
1193 5101 1230 5156 ἃ
1264 5101 1359 5155 καὶ
1390 5100 1567 5171 ἐαυτῷ
1589 5118 1674 5165 τις

72 5201 173 5254 ἐπὶ
192 5199 396 5272 σχολῆς
422 5197 746 5263 ἀναλέξαιτο
772 5196 858 5252 ἀν.
901 5195 1116 5267 Ἐπειδὴ
1140 5196 1321 5249 τοίνυν
1348 5193 1518 5249 ταῦτα
1548 5194 1670 5247 οὐδὲ

76 5294 434 5366 βουλομένοις
469 5290 671 5347 δυνατά
701 5287 771 5363 ἦν
816 5292 929 5353 τοῖς
960 5290 1368 5362 ἀπῳκισμένοις
1392 5288 1493 5359 τῆς
1536 5289 1667 5343 Ἰου-

70 5384 234 5449 δαίας
280 5385 462 5439 εθνεσι
510 5384 820 5454 φυλάττειν,
862 5382 1087 5446 εἰκότως
1138 5381 1302 5453 μηδὲν
1349 5378 1554 5433 τούτων
1596 5380 1664 5434 δι’

71 5477 273 5532 ἑαυτοῦ
304 5474 476 5542 λύσας
500 5479 531 5530 ό
557 5475 749 5547 Σωτὴρ
789 5474 885 5528 καὶ
925 5472 1130 5545 Κύριος
1158 5471 1334 5543 ἡμῶν,
1370 5470 1662 5544 πληρωτὴς

74 5560 143 5627 δέ
164 5575 454 5647 γενόμενος
482 5572 594 5628 τῶν
618 5574 677 5626 ὲν
708 5570 787 5642 τῷ
819 5570 990 5642 νόμῳ,
1026 5572 1120 5623 καί
1145 5569 1328 5623 πίστιν
1364 5568 1663 5643 παρασχὼν

78 5671 193 5733 tot;
214 5668 435 5742 ὁρῶσιν,
465 5668 543 5731 ὼς
567 5668 676 5739 ἄρα
706 5665 869 5729 αὐτός
901 5667 1047 5718 ἐστιν
1070 5665 1099 5717 ὁ
1121 5663 1357 5737 Χριστὸς
1383 5663 1478 5718 τοῦ
1502 5661 1660 5731 Θεοῦ,

210 5825 397 5882 Matth.
433 5841 485 5894 v,
526 5826 613 5880 l7.
655 5827 674 5858 ’
707 5823 863 5881 Bonl.
920 5838 1054 5891 vm,
1106 5823 1159 5878 3.

1794 4176 1904 4232 lam
1937 4175 2104 4231 Mosis
2152 4173 2452 4245 perfectus,
2500 4180 2793 4243 postquam
2830 4186 2940 4226 non
2996 4170 3232 4241 amplius
3262 4168 3379 4225 fieri

1791 4276 2028 4339 poterat,
2062 4275 2123 4323 ut
2156 4282 2219 4324 ea
2254 4282 2376 4337 qua:
2401 4274 2531 4322 sunt
2558 4264 2614 4319 in
2644 4265 2761 4336 lege
2813 4263 2980 4320 Mosis
3023 4263 3252 4334 reliquis
3282 4276 3377 4317 ac-

1790 4361 2275 4418 commodarentur
2304 4359 2582 4431 gentibus,
2623 4363 2845 4429 propter
2874 4372 2968 4412 eas
3012 4370 3211 4411 causas
3251 4370 3373 4425 quat

1790 4459 1951 4515 dictae
1967 4457 2080 4527 jam
2100 4463 2247 4519 sunt,
2271 4452 2346 4525 (et
2365 4452 2653 4524 oportebat
2672 4451 2928 4505 nimirum
2949 4449 3195 4504 bonitate
3222 4464 3376 4503 sum-

1788 4551 1862 4606 mi
1897 4550 1995 4605 Dei
2022 4563 2214 4604 omnes
2247 4547 2498 4602 homines
2524 4545 2708 4600 salvos
2750 4542 2868 4598 fieri
2902 4551 2957 4598 et
3002 4540 3070 4595 ad
3101 4542 3375 4612 cognitio-

1786 4658 1912 4699 nem
1938 4642 2189 4699 veritatis
2208 4641 2422 4709 venire)
2457 4653 2581 4711 qua:
2612 4638 2871 4695 omnibus
2900 4643 3029 4708 apta
3060 4650 3371 4691 accommo-

1784 4736 2024 4807 dataque
2050 4740 2260 4800 essent,
2289 4735 2502 4804 legibus
2558 4733 2674 4789 suis
2731 4730 3004 4799 sancivit;
3043 4745 3109 4786 ac
3172 4747 3243 4787 ne
3278 4731 3370 4788 illa

1782 4830 2007 4900 quidem
2034 4842 2158 4899 quae
2190 4842 2219 4881 a
2253 4826 2401 4882 Mose
2435 4833 2706 4895 praecepta
2739 4830 2890 4887 sunt,
2924 4837 3056 4879 suos
3087 4823 3369 4894 apostolos

1781 4922 2109 4978 denuntiare
2141 4920 2359 4976 cunctis
2381 4920 2491 4990 26
2511 4916 2829 4974 hominibus
2859 4915 3252 4986 prohibuisset,
3277 4917 3366 4971 ni-

1781 5015 1828 5071 si
1862 5029 1926 5068 ea
1958 5028 2047 5069 res
2074 5012 2465 5082 impedimento
2497 5008 2713 5073 fuisset,
2772 5007 2919 5078 quod
2956 5007 3047 5061 illa
3103 5006 3223 5062 ﬁeri
3253 5022 3363 5064 non

1779 5112 2026 5177 possent,
2053 5100 2516 5175 quemadmodum
2545 5099 2842 5170 Apostolus
2872 5099 3054 5165 docet,
3086 5086 3181 5155 ubi
3240 5100 3315 5155 ait
3340 5113 3361 5154 :

1783 5217 1801 5246 ε
1840 5195 1976 5251 Nam
2011 5194 2156 5265 quod
2188 5191 2528 5263 impossibile
2555 5198 2674 5247 erat
2698 5190 2826 5261 legi,
2857 5190 2914 5245 in
2956 5205 3065 5261 quo
3114 5188 3361 5245 inﬁrma-

1776 5291 1960 5356 batur,
1992 5289 2137 5345 Deus
2170 5287 2370 5343 Filium
2421 5300 2581 5341 suum
2608 5285 2833 5342 mittens
2858 5285 2914 5339 in
2945 5282 3359 5339 similitudinem

1776 5385 1962 5441 carnis
2016 5381 2229 5454 peccati
2254 5384 2298 5446 ’,
2337 5397 2356 5432 ι
2398 5386 2452 5434 et
2499 5384 2718 5432 caetera.
2775 5374 3119 5447 lmpossibile
3171 5382 3357 5430 autem

1772 5485 1892 5534 erat
1919 5477 2201 5541 nimirum,
2229 5485 2291 5529 ut
2325 5488 2518 5529 omnes
2563 5480 2752 5542 gentes
2806 5475 2890 5525 ter
2931 5468 3166 5539 singulis
3192 5466 3357 5523 annis

1769 5587 1837 5628 ex
1866 5571 1984 5642 lege
2017 5568 2186 5625 Mosis
2216 5566 2595 5638 Hierosolyma
2619 5562 2998 5624 convenirent.
3054 5570 3110 5617 et
3156 5561 3355 5616 mulier

1770 5663 1949 5719 levata
1984 5668 2143 5733 partu
2167 5659 2235 5716 ab
2267 5657 2528 5716 extremis
2550 5665 2709 5715 terrae
2741 5654 2944 5713 ﬁnibus
2977 5653 3107 5708 illuc
3154 5667 3354 5726 prope-
