3852 6216
458 314 521 370 TI
1095 308 1367 365 ECSEBII
1402 307 1888 365 CESARIENSIS
1921 306 2078 364 OPI’.
2121 305 2306 362 PARS
2344 305 2408 361 II.
2449 335 2520 346 -—
2553 285 3082 363 APOLOGETICAa
3653 313 3726 370 72

459 438 630 495 taret,
660 436 718 483 ut
748 444 867 500 qum
893 445 992 501 pro
1019 431 1342 501 purgatione
1370 430 1619 486 instituta
1653 438 1804 494 sunt,
1839 429 2035 485 ibidem

2145 428 2174 480 ό
2205 428 2339 498 πρὸς
2366 427 2474 480 τῶν
2506 429 2658 500 παρὰ
2697 429 2969 493 Ἰουδαίοις
2996 415 3489 500 πάὶιαῖγενομένων
3513 449 3731 505 προφη-

456 526 780 593 deponcret,
810 535 865 577 et
891 523 996 576 alia
1047 524 1497 587 innumerabilia,
1545 538 1665 593 quae
1720 537 1819 592 per
1867 523 2040 576 otium

459 614 837 683 unusquisque
867 621 1045 683 potest
1067 631 1164 685 per
1195 618 1434 686 seipsum
1468 614 1742 684 colligere.
1771 611 2041 679 Quoniam

459 706 630 774 igitur
663 705 777 758 haec
813 715 1002 774 gentes
1025 720 1055 758 a
1085 703 1274 760 Judaaa
1292 705 1480 776 procul
1525 703 1854 764 habitantes,
1877 702 2040 756 etiam

458 798 504 851 si
536 796 861 860 voluissent,
918 812 1138 852 servare
1172 812 1280 851 non
1317 800 1571 866 poterant
1603 809 1617 844 :
1662 793 1858 848 merito
1905 791 2041 845 nihil

461 886 657 944 horum
690 905 788 960 per
816 890 1055 960 seipsum
1089 889 1409 946 rescindens
1471 888 1744 952 Salvator,
1771 893 1826 941 et
1858 883 2042 938 Domi—

459 997 568 1038 nus
601 990 808 1046 noster,
853 982 948 1037 sed
978 983 1136 1052 plene
1176 998 1422 1042 servans,
1448 990 1504 1036 et
1535 980 1774 1044 elliciens
1828 993 1892 1034 ea
1921 992 2042 1048 qua:

459 1076 518 1130 in
543 1073 662 1142 ipsa
687 1073 804 1144 lege
829 1074 1206 1138 continentur,
1240 1083 1295 1130 et
1339 1072 1713 1144 spectantibus
1765 1070 1927 1125 ﬁdem
1960 1068 2040 1122 fa-

465 1165 632 1230 ciens,
667 1166 813 1236 quod
847 1167 962 1236 ipse
981 1175 1127 1221 esset
1155 1166 1411 1222 Christus
1443 1165 1562 1226 Dei,
1615 1165 1682 1219 de
1731 1179 1840 1234 quo
1871 1161 2039 1233 prisci

464 1254 770 1312 Iudreorum
788 1257 1067 1326 prophetae
1095 1257 1468 1312 testimonium
1506 1255 1898 1325 protulissent;
1921 1261 2039 1306 tum

461 1345 602 1400 idem
636 1348 888 1401 omnibus
918 1347 1171 1417 gentibus
1195 1347 1606 1401 accommodata
1630 1354 1920 1416 praecepta,
1944 1358 2041 1414 per

461 1434 758 1505 discipulos
791 1452 920 1493 suos
943 1439 1248 1508 proposuit.
1303 1439 1517 1494 Idcirco
1575 1453 1676 1492 nos
1725 1436 2038 1492 Iudaeorum

455 1528 711 1598 praprios
739 1529 880 1584 ritus
911 1529 1308 1593 recusavimus,
1344 1537 1603 1600 tanquam
1635 1544 1730 1585 eos
1757 1529 1848 1600 qui
1877 1530 2038 1584 nobis

455 1616 572 1687 lege
604 1619 769 1686 positi
798 1636 907 1675 non
940 1621 1072 1684 sint,
1107 1628 1162 1676 et
1184 1621 1439 1690 gentibus
1485 1621 1886 1677 accommodari
1927 1638 2038 1674 non

454 1709 687 1776 possint.
721 1711 791 1764 At
812 1711 1130 1765 eorumdem
1177 1711 1492 1781 prophetias
1548 1712 1780 1766 libentes
1824 1713 2037 1783 accepi-

2143 517 2252 570 τῶν
2279 519 2789 601 ’μεμαρτυρημένοις
2807 537 2820 550 ·
2870 519 3010 590 μετὰ
3035 520 3206 574 ταῦτα
3236 524 3370 574 πᾶσι
3404 525 3516 588 τοῖς
3548 524 3731 579 ἔθνεσι

2143 609 2212 662 τὰ
2233 611 2467 681 ἁρμόδια
2493 611 2931 683 παραγγέλματα
2963 612 3049 666 διὰ
3083 612 3191 667 τῶν
3219 615 3437 668 οἰκείων
3468 614 3733 687 μαθητῶν

2144 701 2535 774 προϐέϐληται.
2591 703 2784 758 Ἔνθεν
2825 705 2920 758 καὶ
2959 705 3120 774 ἡμεῖς
3158 705 3220 758 τὸ
3273 706 3372 777 μὲν
3417 707 3733 772 Ἰουδαΐζειν

2144 794 2532 864 παρητήμεθα,
2582 793 2658 859 ὠς
2712 798 2843 866 ἡμῖν
2907 795 2982 867 μὴ
3027 798 3531 869 νενομοθετημένον,
3590 799 3732 871 μηδὲ

2143 887 2472 957 ἐφαρμόζειν
2501 887 2611 947 τοῖς
2636 885 2814 939 ἔθνεσι
2842 887 3160 958 δυνάμενον·
3191 889 3289 951 τὰς
3316 889 3373 942 δὲ
3401 890 3552 955 παρὰ
3591 893 3730 945 Ἰου-

2141 975 2312 1040 δαίοις
2377 977 2713 1048 προφητείας
2769 978 3022 1048 ἁσμένως
3077 979 3476 1051 κατεδεξάμεθα
3511 1025 3525 1049 ,
3573 982 3733 1038 ὡσὰν

2143 1067 2504 1138 περιεχούσας
2537 1067 2638 1130 τὰς
2682 1071 3037 1140 προρρήσεις.
3094 1069 3150 1123 '0
3197 1068 3253 1123 δέ
3286 1088 3348 1138 γε
3379 1069 3591 1142 Σωτὴρ,
3631 1073 3733 1127 καὶ

2140 1159 2460 1222 διδάσκαλος
2491 1159 2668 1230 ήμῶν,
2704 1159 2799 1212 καὶ
2830 1159 3004 1224 ἄλλως
3033 1159 3329 1233 πληρωτὴς
3361 1162 3597 1234 ὑπάρχει
3628 1163 3730 1216 τοῦ

2140 1251 2382 1313 Μωσέως
2399 1251 2586 1320 νόμου,
2611 1249 2834 1304 καὶτῶν
2873 1253 2990 1322 μετ’
3007 1253 3169 1305 αὐτὸν
3199 1257 3512 1326 προφητῶν.
3541 1257 3734 1310 Ἐπει-

2139 1341 2202 1411 δὴ
2230 1341 2339 1414 γὰρ
2367 1345 2477 1406 τοῖς
2516 1344 2965 1413 τεθεσπισμένοις
3001 1344 3070 1397 τά
3102 1344 3214 1397 τῶν
3243 1347 3732 1418 συμπερασμάτων

2140 1434 2312 1499 ἔλιπε,
2347 1435 2418 1488 τά
2447 1453 2507 1488 τε
2549 1437 2658 1491 τῶν
2699 1436 2870 1505 λόγων
2899 1437 3337 1509 ἀποτελέσματα,
3379 1441 3517 1511 χρῆν
3548 1441 3730 1512 δήπου

2139 1531 2233 1582 καὶ
2273 1528 2477 1582 τούτων
2521 1529 2702 1584 αὐτῶν
2747 1531 3038 1603 πληρωτὴν
3080 1533 3240 1586 αὑτὸν
3268 1533 3538 1601 γενέσθαι.
3571 1531 3727 1599 υἶον,

2138 1618 2214 1681 ὡς
2235 1619 2328 1672 ἐπὶ
2354 1619 2815 1691 παραδείγματος,
2844 1623 2877 1690 ή
2904 1621 3003 1691 μὲν
3048 1622 3202 1694 παρὰ
3222 1624 3410 1676 Μωσεῖ
3429 1642 3561 1696 φησι
3586 1641 3733 1698 προ-

2139 1711 2350 1782 φητεία·
2389 1731 2408 1763 ι
2449 1714 2741 1784 Προφήτην
2779 1715 2907 1784 ὑμῖν
2950 1715 3246 1786 ἀναστήσει
3290 1716 3491 1789 Κύριος
3527 1721 3555 1771 ὁ
3589 1717 3730 1783 Θεὸς

453 1814 600 1864 mus,
625 1787 886 1871 tanquam
915 1817 1012 1856 eas
1035 1817 1156 1871 qua:
1214 1802 1600 1871 praedictiones
1653 1803 1721 1856 de
1756 1803 1916 1858 nobis
1956 1804 2035 1858 fa-

2141 1803 2316 1873 ⁹ὃμῶν,
2345 1803 2420 1867 ὡς
2447 1804 2567 1875 ἐμὲ·
2595 1805 2760 1858 αὑτοῦ
2794 1805 3090 1860 ἀκούσεσθε
3118 1808 3260 1862 κατὰ
3297 1810 3496 1873 πάντα,
3526 1812 3630 1865 ὅσα
3656 1811 3729 1864 ἂν

453 1901 572 1947 etas
603 1894 1056 1964 complectantur.
1088 1893 1359 1948 Ca‘terum
1390 1894 1508 1966 ipse.
1539 1895 1792 1949 Salvator
1813 1903 1867 1950 et
1895 1912 2036 1966 pra:-

453 1993 644 2054 ceptor
675 1993 884 2048 noster,
916 1985 1024 2038 alia
1050 2000 1271 2055 quoque
1293 1985 1508 2041 ratione
1553 1987 1914 2056 complevisse
1968 1987 2041 2043 le-

453 2090 574 2146 gem
601 2073 768 2132 Mosis
799 2085 854 2131 et
883 2076 1271 2148 prophetarum
1305 2077 1396 2148 qui
1424 2086 1547 2148 post
1575 2077 1777 2133 Mosem
1798 2079 2036 2147 fuerunt,

455 2167 791 2239 agnoscitur.
832 2166 1102 2233 Quoniam
1133 2167 1276 2222 enim
1305 2167 1374 2222 iis
1403 2183 1526 2238 quae
1553 2168 1818 2224 divinitus
1842 2169 2039 2239 praedi-

455 2271 542 2315 cta
561 2259 1308 2322 fuerant,consummationes
1329 2259 1576 2324 deerant,
1605 2271 1660 2316 et
1681 2263 2034 2316 oraculorum

453 2358 648 2406 eventa
671 2349 1129 2406 desiderabantur
1155 2367 1170 2415 ;
1205 2349 1465 2402 nimirum
1497 2351 1614 2420 ipsa
1637 2365 1858 2420 quoque
1921 2349 2036 2403 haec

454 2443 526 2496 ab
548 2442 738 2498 eodem
768 2442 1030 2512 compleri
1064 2441 1322 2510 oportuit.
1361 2440 1606 2512 Exempli
1637 2442 1812 2511 gratia
1843 2459 1860 2494 ι
1890 2441 2035 2512 apud

455 2534 659 2590 Moscm
689 2543 774 2590 cst
805 2535 1088 2604 prophetia
1121 2549 1242 2604 qua:
1275 2533 1356 2588 sic
1388 2533 1464 2588 ait
1498 2553 1510 2588 :
1545 2553 1564 2586 ι
1603 2533 1929 2604 Prophetam
1950 2549 2037 2588 vo-

455 2627 542 2681 bis
563 2627 1137 2683 suscitabitDominus
1175 2627 1319 2682 Deus
1354 2636 1558 2690 vester,
1609 2634 1868 2697 tanquam
1925 2642 2032 2690 me,

455 2721 604 2776 illum
631 2722 864 2776 audietis
889 2723 944 2775 in
999 2722 1257 2778 omnibus
1307 2737 1649 2792 quaecunque
1691 2723 1889 2777 dixerit
1939 2736 2035 2776 vo-

454 2813 540 2868 bis
573 2813 612 2868 '.
654 2832 672 2866 ›
707 2811 822 2866 IIoc
858 2813 1026 2882 igitur
1079 2829 1204 2868 cum
1261 2815 1498 2874 deesset,
1563 2814 1654 2868 ille
1718 2814 2032 2882 complevit,

454 2908 591 2959 alter
611 2905 863 2960 videlicet
895 2915 1016 2974 post
1042 2905 1246 2960 Mosem
1282 2906 1461 2976 legum
1483 2915 1698 2972 auctor,
1731 2907 1821 2976 qui
1851 2922 2031 2961 veram

453 2996 710 3065 pietatem
751 2996 804 3049 in
849 2995 1018 3049 Deum
1062 2997 1327 3059 universi,
1381 2997 1698 3052 hominibus
1749 2998 2027 3052 indicavit.

451 3092 612 3160 Quod
655 3093 804 3146 enim
853 3091 1034 3147 Moses
1077 3107 1188 3146 non
1237 3093 1560 3162 εἰηιριίοἱιθι*
1614 3092 1760 3146 dicat
1801 3093 2034 3164 prophe-

455 3193 561 3237 tam
594 3191 991 3246 surrecturum,
1029 3182 1125 3238 scd
1176 3197 1301 3236 cum
1347 3183 1644 3243 additione,
1689 3193 1949 3253 tanquam
1978 3200 2036 3239 se

455 3285 501 3343 (ι
535 3273 852 3344 prophetam
875 3273 1044 3336 enim,
1063 3274 1260 3343 inquit,
1285 3275 1440 3328 vobis
1463 3274 1751 3330 suscitabit
1775 3273 2034 3328 Dominus

453 3368 598 3424 Deus
619 3377 794 3422 vester
811 3375 1069 3436 tanquam
1093 3383 1201 3429 me,
1221 3367 1369 3420 illum
1389 3365 1622 3420 audietis
1646 3367 1715 3434 ι),
1739 3367 1866 3436 quid
1889 3366 2035 3420 aliud

453 3457 684 3529 intelligi
717 3459 853 3520 vult,
885 3458 993 3512 nisi
1021 3473 1142 3511 eum
1174 3457 1269 3527 qui
1325 3457 1715 3527 praediceretur
1762 3458 1862 3528 ipsi
1897 3456 2035 3513 Mosi

454 3550 796 3622 adaaquatum
841 3563 964 3602 esse
1018 3550 1347 3602 venturum?
1398 3548 1576 3603 Moses
1609 3554 1789 3602 autem
1837 3549 2031 3618 legem,

454 3649 519 3695 ut
557 3656 806 3696 summus
839 3639 984 3694 Deus
1015 3641 1306 3702 coleretur,
1335 3649 1616 3710 posuerat.
1645 3641 1784 3711 Ergo
1807 3641 2036 3710 prophe-

454 3748 562 3791 tam
601 3736 748 3792 hunc
796 3735 864 3790 de
913 3751 1023 3805 quo
1060 3734 1320 3786 vaticinia
1385 3733 1655 3794 feruntur,
1699 3733 1842 3804 quod
1895 3734 2030 3788 Mosi

455 3829 651 3884 similis
682 3827 902 3882 futurus
931 3834 1096 3889 esset,
1116 3826 1255 3896 legis
1287 3833 1563 3880 auctorem
1587 3827 1663 3880 illi
1695 3828 1926 3881 similem
1946 3844 2033 3882 ex-

455 3920 664 3975 stitisse
691 3933 790 3988 par
813 3924 918 3973 est.
944 3917 1014 3969 At
1039 3917 1182 3971 enim
1199 3918 1450 3986 quamvis
1469 3917 1894 3972 innumerabiles
1911 3926 2032 3988 post

455 4010 655 4064 Mosem
672 4009 947 4080 prophetae
959 4008 1288 4071 exstiterint,
1303 4007 1370 4060 de
1385 4008 1536 4062 nullo
1556 4017 1733 4062 tamen
1759 4008 1863 4062 tale
1881 4010 2034 4062 testi-

454 4100 696 4154 monium
723 4099 993 4168 prolatum
1015 4109 1121 4161 est,
1153 4096 1298 4167 quod
1329 4097 1464 4152 Mosi
1501 4097 1697 4153 similis
1735 4099 2023 4154 exstiterit.

455 4191 562 4261 27
577 4189 773 4244 Cuncti
804 4189 950 4242 enim
982 4187 1050 4240 ad
1085 4187 1237 4240 illum
1266 4187 1414 4256 ipsos
1439 4188 2032 4246 remittebantaudien—

455 4293 560 4336 tes.
591 4279 657 4335 Et
683 4296 817 4336 sane
851 4280 1028 4349 ipsum
1072 4279 1177 4332 hoc
1212 4279 1541 4332 testificatur
1575 4279 1882 4350 Scriptura,
1919 4299 2029 4338 non

457 4377 763 4430 surrexisse
793 4373 1112 4444 prophetam
1170 4371 1304 4424 Mosi
1350 4372 1605 4426 similem.
1646 4372 1833 4442 Neque
1869 4375 2033 4444 igitur

455 4467 743 4530 Ieremias,
779 4481 957 4537 neque
998 4463 1188 4524 Isaias,
1225 4478 1404 4532 neque
1432 4463 1573 4516 alius
1599 4464 1871 4534 quispiam
1902 4480 2031 4535 pro.

458 4560 744 4629 phetarum
786 4559 864 4632 illi
901 4558 1097 4612 similis
1133 4557 1320 4616 fuerit,
1350 4565 1635 4626 pr0pterea
1667 4556 1812 4625 quod
1852 4573 1920 4612 ne
1953 4559 2027 4612 Ie-

459 4666 584 4721 gum
613 4650 830 4720 quidem
861 4659 1053 4704 auctor
1094 4649 1196 4703 fuit
1229 4649 1444 4704 illorum
1495 4649 1714 4719 aliquis.
1743 4649 1880 4704 Cum
1903 4664 2032 4720 ergo

459 4758 526 4795 ex
550 4739 810 4794 vaticinio
841 4739 1029 4802 Mosis,
1061 4740 1327 4809 propheta
1362 4747 1416 4793 et
1446 4739 1726 4808 Iegislator
1755 4740 2035 4794 suscitan-

461 4834 564 4888 dus
585 4839 1016 4902 exspectaretur,
1041 4831 1265 4885 advenit
1301 4831 1389 4886 hic
1421 4830 1603 4892 Jesns,
1640 4833 1731 4901 qui
1775 4833 2032 4888 Christus

462 4931 546 4979 est
585 4924 702 4990 Dei,
739 4925 911 4992 legem
935 4923 1152 4977 cunctis
1169 4927 1422 4996 gentibus
1444 4938 1682 4994 ponens,
1709 4931 1760 4977 et
1791 4939 1912 4994 quae
1941 4942 2037 4979 su-

463 5025 650 5086 perent
679 5016 853 5085 ipsam
879 5016 1049 5084 legem
1083 5023 1448 5084 pertractans.
1497 5013 1634 5069 Illud
1663 5017 1805 5070 enim
1838 5036 1853 5070 -.
1891 5035 1910 5066 ι
1942 5015 2036 5068 Di-

464 5116 610 5160 ctum
639 5114 722 5160 est
743 5107 1003 5176 antiquis,
1035 5121 1142 5159 non
1164 5106 1554 5172 mcechaberis;
1575 5122 1676 5175 ego
1695 5113 1874 5161 autem
1911 5107 2038 5161 dico

463 5197 621 5250 Vobis
664 5211 771 5248 non
822 5197 1217 5266 concupiscere
1258 5194 1298 5261 ⁶;
1345 5219 1362 5250 ι
1417 5205 1479 5248 et
1542 5195 1673 5250 illud
1715 5215 1727 5251 :
1771 5216 1788 5245 ι
1827 5197 2040 5252 Dictum

464 5298 549 5342 est
598 5288 860 5358 antiquis,
927 5304 1035 5342 non
1099 5289 1352 5352 occides;
1399 5303 1498 5358 ego
1553 5298 1732 5342 autem
1785 5289 1910 5343 dico
1944 5305 2040 5345 vo-

467 5383 572 5440 bis,
628 5397 697 5435 ne
751 5381 912 5434 irasci
976 5379 1195 5448 quidem
1249 5381 1290 5441 5;
1341 5399 1360 5431 ι
1421 5390 1477 5436 et
1505 5379 1636 5434 illud
1676 5399 1735 5434 ε(
1778 5379 1894 5434 Non
1931 5395 2040 5434 am-

468 5476 608 5544 plius
641 5473 1054 5543 Hierosolymis,
1103 5475 1195 5528 sed
1240 5473 1294 5526 in
1337 5473 1483 5526 omni
1526 5473 1647 5526 loco
1690 5471 1972 5530 adorari‘;
2018 5491 2038 5524 ι

477 5573 534 5618 ct
569 5565 722 5629 illud,
753 5580 862 5619 non
893 5565 1053 5617 thure
1102 5572 1154 5618 et
1202 5564 1506 5627 saerilieiis,
1547 5583 1565 5614 ‹
1604 5564 1697 5618 sed
1730 5566 1786 5618 in
1816 5564 2032 5633 spiritu,

2141 1897 2269 1968 εἴπῃ
2297 1897 2424 1967 ὑμῖν
2455 1899 2484 1950 ὁ
2511 1901 2795 1969 προφήτης
2829 1901 3052 1962 ἐκεῖνος.
3085 1919 3106 1952 ι
3145 1901 3316 1954 Τοῦτο
3348 1903 3412 1973 δὴ
3445 1903 3504 1956 τὸ
3537 1903 3730 1958 λεῖπον

2139 1987 2476 2059 ἀπεπλήρου,
2501 1988 2750 2060 δεύτερος
2767 1991 2908 2044 κατὰ
2962 1992 3166 2045 Μωσέα
3188 1993 3484 2065 νομοθέτης
3513 1997 3730 2064 ἀναφα-

2139 2079 2250 2140 νεὶς
2279 2078 2581 2151 ἀνθρώπων
2610 2081 2709 2150 τῆς
2741 2080 2975 2151 ἀληθοῦς
3007 2083 3286 2146 εὐσεϐείας
3318 2085 3411 2138 τοῦ
3445 2086 3550 2138 τῶν
3583 2069 3730 2139 ὅλων

2139 2169 2294 2224 Θῖοῦ.
2326 2170 2398 2222 Τὸ
2418 2169 2528 2242 γὰρ
2564 2172 2637 2242 μὴ
2695 2173 2882 2236 ἁπλῶς
2920 2174 3150 2243 φάσκειν
3195 2176 3400 2230 Μωσέα
3432 2179 3727 2249 προφήτην

2139 2261 2558 2331 ἀναστήσεσθαι,
2589 2261 2723 2316 ἀλλὰ
2755 2263 2894 2334 μετὰ
2925 2265 3246 2337 προσθήκης
3278 2267 3397 2338 τῆς,
3432 2267 3508 2330 ὼς
3557 2268 3729 2326 αὐτὸν

2141 2353 2188 2418 (ι
2224 2353 2511 2422 προφήτην
2559 2353 2668 2424 γὰρ
2712 2354 2838 2423 ὑμῖν
2879 2356 3196 2426 ἀναστήσει,
3242 2359 3438 2428 φησὶν,
3467 2359 3728 2430 Κύριοςὸ

2137 2440 2268 2504 Θεὸς
2306 2442 2481 2512 ὑμῶν,
2517 2443 2592 2507 ὠς
2634 2445 2755 2514 ἐμέ·
2798 2446 2962 2499 αὐτοῦ
3013 2447 3311 2502 ἀκούσεσθε
3351 2449 3420 2521 ι),
3443 2451 3495 2503 τί
3533 2451 3728 2520 ἕτερον

2137 2533 2325 2604 ἐδήλου
2345 2575 2359 2600 ,
2397 2536 2430 2606 ἦ
2459 2536 2538 2588 ὅτι
2566 2536 2714 2607 αύτῴ
2765 2540 2955 2591 Μωσεῖ
2984 2541 3365 2610 παρισωμένος
3392 2557 3477 2604 τις
3497 2539 3726 2612 ἔμελλεν

2135 2627 2165 2678 ὁ
2196 2626 2736 2700 θεσπιζόμενος(4⁶“)
2766 2646 2781 2695 ;
2806 2631 3011 2701 Μωσῆς
3045 2631 3100 2684 δὲ
3120 2633 3413 2703 νομοθέτης
3439 2634 3727 2698 εὐσεϐείας

2135 2714 2204 2790 ῆν
2247 2719 2340 2772 τοῦ
2385 2721 2479 2773 ἐπὶ
2527 2720 2744 2774 πάντων
2792 2722 2950 2774 Θεοῦ.
2995 2723 3204 2777 Οὐκοῦν
3253 2725 3348 2778 καὶ
3387 2726 3476 2780 τὸν
3501 2743 3726 2800 προφη-

2135 2812 2447 2882 τευόμενον,
2472 2814 2643 2884 ὅσπερ
2665 2813 2887 2884 ἔμελλεν
2913 2815 3097 2883 ὅμοιος
3150 2816 3475 2886 γενήσεσθαι
3505 2820 3722 2882 Μωσεῖ,

2135 2905 2432 2976 νομοθέτην
2496 2905 2688 2976 ἐκείνῳ
2751 2906 3131 2978 παραπλήσιον
3197 2905 3356 2976 φῦναι
3420 2907 3565 2970 είκὸς
3628 2904 3724 2980 ἦν.

2135 2997 2360 3066 Μυρέων
2406 2994 2537 3064 γοῦν
2586 2995 2726 3066 μετὰ
2772 2996 2945 3049 ταῦτα
2989 2997 3282 3068 προφητῶν
3319 2998 3454 3068 μετὰ
3512 2999 3729 3054 Μωσέα

2135 3088 2473 3156 γεγονότων,
2543 3088 2717 3147 οὐδεὶς
2771 3089 2957 3160 ὅμοιος
3021 3091 3211 3142 Μωσεῖ
3272 3090 3722 3162 μεμαρτύρηται·

2063 3167 2106 3224 C
2140 3179 2340 3244 πάντες
2384 3180 2494 3251 γὰρ
2545 3181 2623 3244 εἰς
2654 3183 2858 3235 ἐκεῖνον
2903 3181 3218 3252 ἀνέπεμπον
3264 3183 3388 3246 τοὺς
3433 3182 3728 3253 ἀκροωμέ-

2141 3286 2284 3332 νους.
2326 3271 2608 3342 Μαρτυρεῖ
2654 3270 2700 3323 δ’
2733 3267 2883 3342 οῦνή
2929 3273 3141 3343 Γραφή,
3186 3274 3267 3326 ὅτι
3296 3275 3396 3326 οὐκ
3423 3274 3726 3346 ἐγήγερται

2138 3363 2420 3434 προφήτης
2451 3363 2635 3432 ὅμοιος
2665 3363 2907 3427 Μωσέως
2941 3380 2955 3394 ο
2991 3363 3113 3418 οῦτε
3146 3361 3238 3418 οὖν
3279 3364 3567 3436 Ἱερεμίας,
3595 3365 3726 3418 οὔτε

2150 3448 2394 3516 Ἡσαΐας,
2428 3454 2550 3506 οὕτε
2585 3471 2666 3518 τις
2689 3454 2873 3525 ἕτερος
2901 3455 3010 3509 τῶν
3044 3457 3336 3527 προφητῶν
3367 3457 3551 3528 ὅμοιος
3571 3457 3730 3528 αύτῷ

2137 3536 2202 3598 ἄν
2233 3545 2341 3616 εἴη,
2393 3545 2578 3616 ἐπειδὴ
2628 3547 2761 3618 μηδὲ
2813 3542 2894 3610 εἷς
2943 3546 3146 3600 τούτων
3179 3548 3476 3620 νομοθέτης
3532 3550 3732 3604 ἀναδέ-

2133 3635 2359 3689 δεικται.
2409 3637 2868 3708 Προσδοκωμένου
2949 3637 3126 3690 τοίνυν
3172 3637 3267 3690 τοῦ
3331 3639 3469 3691 κατὰ
3515 3639 3730 3700 Minoia

2139 3729 2420 3798 μέλλοντος
2453 3729 2852 3800 ἀναστήσεσθαι
2885 3731 3162 3800 προφήτου
3193 3747 3250 3782 τε
3276 3730 3370 3784 καὶ
3405 3731 3727 3799 νομοθέτου,

2135 3822 2316 3892 παρῆν
2347 3815 2503 3882 οὗτος
2542 3822 2748 3892 Ἰησοῦς
2775 3823 2804 3874 ὁ
2829 3823 2871 3873 Χ
2881 3822 3061 3892 ριστὸς
3092 3820 3187 3874 τοῦ
3216 3821 3374 3886 Θεοῦ,
3416 3823 3730 3895 νομοθετῶν

2137 3915 2268 3965 πᾶσι
2290 3915 2403 3976 τοῖς
2421 3913 2618 3978 ἔθνεσι,
2632 3913 2807 3966 καὶτὰ
2822 3914 2962 3985 ὑπὲρ
2974 3913 3136 3984 νόμον
3151 3913 3630 3986 διαπραττόμενος.
3647 3916 3730 3968 Τὸ

2133 4005 2262 4077 γάρ’
2298 4024 2316 4055 ι
2367 4003 2592 4076 Ἐλέχθη
2621 4007 2732 4068 τοῖς
2761 4005 3025 4077 ἀρχαίοις·
3057 4005 3130 4058 Οὐ
3164 4005 3501 4076 μοιχεύσεις’
3528 4005 3640 4074 ἐγὼ
3662 4006 3730 4060 δὲ

2132 4097 2273 4166 λέγω
2334 4098 2481 4167 ὑμῖν,
2543 4097 2676 4167 μηδὲ
2733 4097 3042 4168 ἐπιθυμεῖν·
3085 4116 3104 4148 ι
3144 4099 3237 4151 καὶ
3288 4098 3425 4151 τὸοι
3493 4097 3726 4172 Ἐλέχθη

2131 4194 2244 4254 τοῖς
2277 4190 2543 4262 ἀρχαίοις,
2575 4191 2649 4243 Ού
2678 4189 2957 4257 φονεύσεις
2977 4207 2988 4218 °
3030 4188 3141 4258 ἐγὼ
3175 4190 3230 4242 δὲ
3259 4190 3402 4257 λέγω
3429 4191 3555 4261 ὑμῖν
3583 4192 3729 4262 μηδὲ

2131 4282 2444 4354 ὀργίζεσθαι
2468 4299 2481 4313 °
2521 4283 2613 4336 καὶ
2644 4281 2704 4336 τὸ
2733 4281 2930 4352 μηκέτι
2971 4283 3029 4335 ὲν
3071 4283 3478 4356 Ἰεροσολύμοις,
3515 4285 3630 4339 ἀλλ’
3661 4287 3728 4339 ὲν

2133 4375 2296 4428 παντὶ
2325 4375 2474 4445 τόπῳ
2501 4377 2825 4445 προσκυνεῖν
2842 4391 2854 4404 ·
2882 4375 2975 4428 καὶ
3006 4375 3065 4427 τὸ
3096 4375 3169 4446 μὴ
3193 4376 3475 4448 λιϐανωτῷ
3502 4377 3596 4432 καὶ⁵
3625 4378 3729 4432 θυ-

2135 4468 2298 4530 σίαις,
2327 4487 2344 4517 ι
2367 4468 2424 4519 ὲν
2451 4467 2722 4538 πνεύματι
2747 4467 2808 4520 δὲ
2827 4468 2920 4520 καὶ
2940 4467 3167 4539 ἀληθεία
3201 4488 3218 4520 ι
3242 4468 3561 4542 θρησκεύειν
3578 4488 3594 4504 ’
3627 4475 3731 4528 καὶ

2134 4562 2236 4614 ὃσα
2262 4559 2484 4613 τοιαῦτα
2511 4561 2569 4612 ὲν
2596 4562 2662 4630 τῇ
2698 4559 2861 4612 αὑτοῦ
2895 4560 3117 4631 φέρεται
3150 4560 3486 4634 διδασκαλίᾳ,
3519 4567 3730 4619 πανσό-

2139 4669 2240 4722 φου
2273 4647 2339 4722 ἦν
2368 4651 2626 4722 ἄντικρυς
2654 4653 2748 4704 καὶ
2783 4652 3120 4707 τελειοτάτου
3155 4654 3465 4722 νομοθέτου.
3500 4657 3593 4710 Διὸ
3625 4660 3730 4714 καὶ

2137 4746 2186 4797 οἱ
2213 4742 2550 4814 ἀκροώμενοι
2585 4763 2602 4794 ι
2627 4743 3030 4814 ἐξεπλήττοντο,
3065 4762 3084 4794 ι
3111 4747 3273 4814 φησὶν
3300 4748 3332 4818 ή
3362 4747 3479 4800 θεία
3505 4748 3726 4820 Γραφὴ,

2144 4854 2162 4884 ι
2201 4836 2282 4886 ὅτι
2311 4834 2586 4886 ἐδίδασκεν
2616 4835 2797 4896 αὐτοῖς
2840 4835 2916 4898 ὡς
2945 4835 3193 4900 ἐξουσίαν
3226 4837 3383 4908 ἔχων,
3411 4839 3503 4892 καὶ
3518 4839 3619 4910 οὐχ
3647 4841 3729 4904 ὡς

2139 4927 2188 4976 οἱ
2216 4927 2562 4994 γραμματεῖς
2600 4924 2779 4978 αὐτῶν
2809 4926 2901 4977 καὶ
2929 4927 2978 4978 oi
3020 4928 3322 4999 Φαρισαῖοι.
3364 4948 3383 4980 ι
3417 4931 3526 4983 Καὶ
3559 4931 3730 4986 τοῦτο

2138 5015 2314 5066 τοίνυν
2344 5015 2404 5066 τὸ
2429 5014 2638 5079 λεῖπονξ
2666 5018 2731 5085 τῇ
2787 5017 3030 5080 Μωσέως
3065 5020 3371 5091 προφητεία
3408 5021 3590 5089 λόγιον
3619 5023 3730 5078 ἀπ-

2139 5105 2407 5176 επλήρουο
2436 5105 2696 5170 ὡσαύτως
2721 5107 2888 5160 δὲκαὶ
2927 5108 2996 5161 τὰ
3028 5108 3192 5163 λοιπὰ
3221 5111 3328 5164 τῶν
3373 5116 3728 5183 προφητειῶν

2138 5195 2246 5249 τῶν
2277 5197 2401 5268 περὶ
2449 5197 2635 5259 αὐτοῦ,
2678 5199 2771 5251 καὶ
2815 5200 2944 5270 περὶ
2985 5200 3083 5270 τῆς
3108 5201 3214 5253 τῶν
3261 5201 3430 5255 ἐθνῶν
3475 5202 3731 5275 κλήσεως

2141 5289 2505 5360 θεσπίσματα.
2538 5291 2730 5359 Γέγονε
2765 5293 2940 5345 τοίνυν
2969 5293 3257 5366 πληρωτὴς
3291 5295 3382 5348 τοῦ
3430 5295 3596 5367 νόμου
3631 5301 3728 5352 καὶ

2144 5382 2252 5436 τῶν
2285 5383 2600 5455 προφητῶν,
2633 5384 2732 5448 τὰς
2763 5386 2891 5456 περὶ
2923 5387 3115 5440 ἑαυτοῦ
3149 5393 3486 5462 προρρήσεις
3516 5392 3598 5453 είς
3622 5392 3727 5444 πέ-

2147 5492 2246 5545 ρας
2277 5473 2496 5544 όιγαγὼν
2515 5491 2529 5505 °
2574 5477 2668 5529 καὶ
2701 5476 2860 5547 μέχρι
2897 5477 2992 5546 μὲν
3017 5479 3182 5532 αὑτοῦ
3226 5482 3427 5551 στήσας
3458 5481 3550 5535 τὸν
3583 5483 3693 5552 πρό
3711 5511 3728 5521 -

2142 5583 2298 5638 τερον
2330 5567 2512 5636 νόμον,
2535 5568 2776 5640 ἀρχηγὸς
2805 5569 2860 5622 δὲ
2889 5571 3180 5638 ἀναφανεὶς
3207 5571 3460 5644 δευτέρου
3487 5572 3584 5627 τοῦ
3611 5575 3728 5638 τοῖς

539 5659 559 5689 ³
589 5656 746 5713 Deut.
785 5673 954 5718 xvm,
1002 5657 1087 5709 IFi.
1165 5661 1186 5686 ⁵
1219 5655 1404 5717 Matth,
1437 5673 1489 5718 v,
1527 5656 1714 5708 27-28.
1792 5657 1813 5687 ⁸
1844 5654 1979 5708 Ibid.
2015 5655 2035 5707 Ξ

2138 5657 2203 5711 l2.
2281 5659 2300 5689 ‘
2329 5657 2488 5714 Joan.
2526 5675 2600 5723 Iv,
2627 5661 2718 5714 21.

536 5751 680 5823 (ιη’)
712 5751 1012 5807 Desiderari
1064 5751 1278 5809 videtur
1302 5748 1460 5815 εἶναι,
1491 5755 1569 5806 vel
1608 5749 1944 5806 ἐλεύσεσθαι.
1973 5749 2158 5811 Εοιτςί
