3842 6218
170 300 238 358 73

1091 314 1754 378 DEMONSTBATIONIS
1790 319 2254 381 EVANGELICIE
2294 327 2426 386 LIB.
2468 330 2509 385 Ι.

3371 347 3438 401 Ἠ

164 401 329 455 πᾶσιν
362 401 545 457 ἔθνεσι
606 408 1047 481 κατηγγελμένου
1098 413 1200 485 τῆς
1228 416 1442 488 Καινῆς
1480 418 1714 491 Διαθήκη

1820 426 1911 481 _et
1958 422 2187 478 veritate
2237 422 2407 479 Deum
2465 427 2690 482 colere"
2726 446 2740 482 :
2780 447 2800 480 ο
2838 436 2892 485 et
2942 432 3047 486 alia
3091 449 3440 510 quaecunque

161 492 352 563 νόμου,
379 495 458 558 ὡς
489 496 628 566 ὁμοῦ
670 499 836 571 νόμου
866 503 960 555 καὶ
992 505 1170 575 ἀρχῆς
1197 508 1368 562 αῐτιον
1411 510 1751 580 καταστῆναι

159 583 267 639 τῶν
306 585 455 641 δυεῖν
501 589 832 656 ὑποθέσεων,
893 594 1226 667 Ἰουδαϊσμοῦ
1278 598 1421 668 λέγω
1469 601 1565 653 καί⁵
1617 603 1749 672 Χρι-

160 679 505 751 στιανισμοῦ.
545 685 610 736 '0
640 685 735 737 καὶ
767 685 899 739 αὐτὸ
932 688 1232 760 θαυμάζειν
1260 691 1430 758 ἀξιον,
1468 694 1568 766 τὴν
1597 693 1746 749 θείαν

157 771 465 844 πρόρρησιν
491 768 597 829 ὧδὲ
636 794 754 841 me;
781 778 1161 849 ἀναφανοῦσαν
1183 801 1198 814 ·
1242 803 1261 837 ι
1311 786 1442 840 Ἰδοὺ
1468 786 1658 859 τίθημι
1688 790 1746 841 ἐν

156 861 296 917 Σιὼν
343 865 491 921 λίθον
535 868 814 935 ἐκλεκτὸν,
843 873 1258 945 ἀκρογωνιαῖον,
1304 877 1523 949 ἔντιμον
1542 897 1554 909 ·
1592 881 1684 933 καὶ
1713 882 1744 934 6

156 955 430 1012 πιστεύων
458 961 542 1023 είς
567 961 731 1016 αὐτὸν
755 965 816 1016 οὐ
846 968 1392 1041 καταισχυνθήσεται.
1430 991 1451 1024 ι
1480 973 1576 1036 Τίς
1602 973 1648 1027 δ’
1679 972 1746 1027 ἂν

152 1049 237 1139 εἴη
277 1053 695 1124 ἀκρογωνιαῖος,
742 1059 774 1130 ἢ
826 1054 980 1125 οὗτος
1022 1064 1051 1116 6
1085 1063 1194 1129 ζῶν
1239 1067 1334 1121 καὶ
1380 1067 1746 1139 πολυτίμητος

153 1138 298 1206 λίθος
356 1143 485 1214 μίαν
513 1147 579 1200 ἑκ
624 1147 771 1201 δυεῖν
809 1152 1126 1224 οἰκοδομῶν,
1173 1138 1742 1229 δτωστησάμενόςίδιά

149 1418 426 1486 ἡμετέραν
460 1424 762 1495 ὲπισυνῆψε
794 1428 892 1498 τὴν
925 1429 1071 1484 κατά
1113 1432 1175 1484 τὸ
1223 1433 1554 1503 Εὐαγγέλιω
1592 1439 1740 1491 οίκο-

145 1505 338 1579 δομὴν.
380 1511 541 1566 Ὅθεν
598 1516 826 1583 εἰκότως
850 1520 1593 1595 ἀκρογωνιαῖοςὼνόμασται.
1630 1529 1739 1581 Καὶ

142 1604 201 1655 ἐν
232 1604 490 1676 Ψαλμοῖς
520 1608 578 1661 δὲ
611 1608 826 1681 εἴρηται
849 1628 862 1642 °
906 1630 925 1663 ι
960 1612 1123 1667 Λίθον
1159 1613 1220 1667 ὃν
1245 1616 1656 1688 ἀπεδοκίμασαν
1688 1621 1738 1672 οί

140 1693 570 1765 οίκοδομοῦντες,
587 1694 742 1763 οὗτος
755 1701 983 1775 ἐγενηθη
1000 1704 1082 1765 είς
1096 1704 1337 1775 κεφαλὴν
1351 1708 1570 1775 γωνίαςο
1589 1709 1738 1781 παρά

1850 512 1939 568 his
1969 514 2244 569 similiain
2275 517 2425 572 illius
2446 518 2695 574 doctrina
2718 519 2991 587 feruntur,
3034 528 3434 596 sapientissimi

1850 604 2011 674 plane
2037 606 2279 672 fuerunt,
2304 616 2360 663 et
2384 610 2775 679 perfectissimi
2806 614 2984 684 legum
3015 619 3281 675 auctoris.
3310 638 3331 671 ‹
3356 619 3435 676 Ex

1847 710 1959 765 quo
1987 695 2189 753 factum
2206 706 2385 765 est,ut
2413 701 2700 759 audientes
2744 713 3149 775 stupescerent,
3182 728 3203 763 ι
3235 727 3435 782 quem-

1848 785 2142 843 admodum
2195 789 2478 861 Scriptura
2507 793 2690 849 divina
2721 809 3115 855 commemorat
3162 802 3206 870 ⁶;
3242 821 3263 856 ι
3305 819 3436 874 pro-

1847 885 2034 948 pterea
2064 881 2213 951 quod
2257 881 2492 938 docebat
2525 900 2622 940 eos
2665 895 2922 959 tanquam
2953 900 3277 961 potestatem
3332 895 3431 949 ha-

1845 967 2003 1035 bens,
2024 976 2078 1025 et
2110 984 2223 1024 non
2255 979 2316 1026 ut
2340 970 2550 1029 Scriba:
2582 975 2799 1030 illorum
2830 985 2886 1033 et
2924 977 3211 1039 Pharisaei.
3246 1003 3267 1039 ι
3309 982 3426 1039 Hoc

1845 1057 2017 1129 igitur
2047 1061 2177 1116 item
2221 1065 2514 1134 complevit
2554 1069 2862 1133 oraculum,
2896 1072 3043 1140 quod
3083 1072 3249 1131 Mosis
3294 1092 3422 1147 pro.

1844 1150 2045 1220 phetiae
2074 1151 2304 1208 deerat:
2338 1155 2528 1212 eadem
2579 1173 2744 1228 porro
2791 1160 3006 1218 ratione
3051 1172 3246 1221 caetera
3280 1168 3408 1223 item

1847 1242 2423 1316 prophetiarum,qu:e
2469 1248 2538 1304 de
2573 1250 2695 1319 ipso
2727 1259 2781 1306 et
2834 1255 3077 1322 gentium
3135 1259 3419 1315 vocatione

1843 1334 2047 1403 scripta
2072 1343 2202 1390 sunt
2224 1337 2503 1395 vaticinia.
2548 1338 2782 1398 Constat
2818 1359 2950 1415 ergo
2992 1346 3146 1402 illum
3178 1353 3421 1420 comple-

1839 1425 1985 1481 visse
2005 1435 2060 1481 et
2092 1428 2265 1499 legem
2296 1437 2350 1484 et
2372 1431 2684 1500 prophetas,
2718 1435 2937 1504 quando
2963 1451 3030 1492 ea
3059 1455 3180 1508 qua:
3201 1441 3268 1496 de
3298 1443 3419 1512 ipso

1839 1516 2099 1585 praedicta
2125 1527 2255 1573 sunt
2273 1521 2366 1587 ,ad
2387 1523 2591 1577 exitum
2608 1525 2884 1594 perduxit,
2898 1535 2956 1583 et
2976 1529 3215 1599 priorem
3241 1533 3412 1604 legem

1838 1622 2015 1678 usque
2044 1610 2113 1665 ad
2146 1612 2386 1682 seipsum
2412 1625 2559 1670 stare
2579 1616 2768 1686 jussit,
2790 1619 2903 1674 dux
2932 1636 3062 1677 vero
3076 1631 3131 1678 et
3158 1624 3415 1696 princeps

1837 1699 2064 1756 alterius
2117 1702 2253 1773 legis
2296 1706 2526 1771 exstitit,
2563 1724 2685 1778 quae
2742 1711 2799 1765 in
2853 1710 3006 1768 Novo
3064 1713 3416 1773 Testamento

138 1785 351 1856 Κυρίου
379 1788 597 1856 ἐγένετο
620 1789 782 1863 αὕτη,
802 1793 896 1846 καὶ
920 1792 1036 1847 ἔστι
1056 1794 1343 1869 θαυμαστὴ
1360 1801 1419 1853 ὲν
1438 1800 1714 1872 ὀφθαλμοῖς

1834 1794 2050 1851 cunctis
2098 1797 2354 1866 gentibus
2401 1799 2723 1856 denuntiata
2784 1812 2890 1873 est,
2947 1815 3008 1861 ut
3068 1808 3232 1863 simul
3280 1810 3414 1881 legis

140 1877 320 1946 ἡμῶν.
353 1898 375 1932 ι
414 1881 582 1935 Ἔνθα
611 1884 800 1953 σαφῶς
826 1886 887 1938 τὸ
913 1885 1092 1956 λόγιον
1126 1889 1220 1942 καὶ
1250 1891 1349 1962 τὴν
1376 1893 1441 1945 ὲκ
1469 1893 1564 1947 τοῦ
1604 1897 1735 1948 Ἰου-

138 1969 306 2024 δαίων
343 1973 533 2038 ἔθνους
563 1976 854 2049 ἐπιϐουλὴν
878 1979 946 2050 ἢν
978 1981 1248 2036 πέπονθεν
1270 1986 1300 2037 6
1325 1983 1733 2058 θεσπιζόμενος,

134 2062 504 2136 διεσάφησεν·
551 2069 1055 2145 ἀποδοκιμασθῆναι
1104 2076 1202 2143 μὲν
1253 2078 1416 2133 αὐτὸν
1449 2080 1585 2152 πρὸς
1626 2082 1734 2134 τῶν

135 2154 227 2205 τὸν
260 2157 496 2210 παλαιὸν
524 2162 706 2229 τοῖχον
730 2162 1155 2235 οίκοδομούντων
1175 2170 1549 2239 γραμματέων
1573 2170 1734 2226 τινῶν

130 2245 231 2299 καὶ
259 2248 595 2319 Φαρισαίων,
624 2252 927 2325 ἀρχιερέων
970 2274 1029 2310 τε
1062 2259 1156 2312 καὶ
1193 2259 1415 2315 πάντων
1445 2261 1554 2316 τῶν
1584 2263 1733 2333 παρά

140 2338 429 2405 Ἰουδαίοις
461 2343 738 2414 ἀρχόντων
778 2348 1072 2415 φανέντων·
1104 2349 1243 2422 πλὴν
1283 2352 1423 2405 ἀλλά
1469 2353 1607 2424 μετὰ
1630 2354 1731 2427 τὴν

130 2428 193 2494 ἐξ
218 2430 450 2485 ἐκείνων
481 2435 708 2506 ἀτιμίαν
735 2438 831 2490 καὶ
854 2438 1127 2512 ἀποὸολὴν
1149 2440 1413 2496 θεσπίσαν
1445 2443 1606 2497 αὐτὸν
1638 2461 1730 2513 γε-

124 2522 401 2593 νήσεσθαι
434 2526 520 2590 είς
568 2527 813 2599 κεφαλὴν
842 2531 1045 2598 γωνίας
1090 2532 1334 2604 ἀρχηγὸν
1389 2535 1729 2590 καταστάντα

127 2614 231 2684 τῆς
284 2617 503 2687 Καινῆς
530 2618 827 2692 Διαθήκης,
877 2621 1184 2686 ἀκολούθως
1209 2626 1330 2687 ταῖς
1356 2625 1728 2691 ἀποδοθείσαις

120 2704 408 2777 θεωρίαις.
444 2710 559 2763 Οὐκ
611 2707 727 2775 οὖν,
765 2714 1098 2778 ἀποστάντες
1145 2715 1306 2786 ἡμεῖς
1348 2716 1722 2788 Ἑλληνισμοῦ,

120 2798 225 2851 οὐκ
256 2801 353 2853 ἐπὶ
390 2801 715 2874 Ἰουδαῖσμὸν
735 2806 1266 2879 καταπεπτώκαμεν,
1293 2809 1434 2869 οὐδὲ,
1468 2810 1725 2881 ἀποδεχό-

126 2907 282 2960 μενοι
314 2892 409 2946 τὸν
450 2895 729 2961 Μωῦσέως
765 2898 946 2969 νόμον,
986 2901 1238 2965 καὶτοὺς
1280 2900 1551 2972 Ἐϐραίων
1589 2920 1723 2974 προ-

128 2984 333 3053 φήτας,
391 2987 465 3059 μὴ
512 2988 755 3059 βιοῦντες
783 2991 839 3045 δὲ
897 2993 1225 3059 Ἰουδαϊκῶς,
1269 2993 1407 3061 ἀλλά
1456 2998 1596 3052 κοιτά
1622 2998 1721 3069 τὴν

126 3076 237 3146 πρὸ
266 3078 549 3142 Μωῦσέως
566 3079 674 3133 τῶν
694 3080 954 3149 θεοφιλῶν
976 3083 1184 3154 ἀνδρῶν
1204 3085 1498 3151 πολιτείαν,
1516 3088 1720 3143 πταίοι-

130 3138 229 3235 pi»
242 3167 335 3224 ἄν.
352 3169 473 3222 Κάν
486 3138 659 3241 τούτῳ
668 3172 777 3244 γὰρ
788 3138 1022 3228 Ιίνίωῦσέα
1037 3138 1269 3241 καὶτοὺς
1284 3180 1400 3248 μετ’
1742 3138 1786 3196 C

120 3259 304 3329 φήτας
324 3259 689 3331 ἀληθεύοντας
713 3265 1127 3338 ἀποδείκνυμεν,
1158 3268 1249 3323 τὸν
1272 3271 1362 3323 ὑπ’
1387 3271 1563 3326 αὐτῶν
1583 3288 1717 3344 προ-

118 3352 539 3422 κεκηρυγμένον
569 3354 804 3425 Χριστὸν
832 3357 1239 3430 ἀποδεχόμενοι,
1268 3362 1365 3415 καὶ
1384 3360 1573 3416 τούτου
1600 3368 1714 3430 τοῖς

120 3438 309 3509 νόμοις
334 3441 667 3513 πειθόμενοι,
700 3449 821 3499 κατ’
855 3446 1001 3517 ἴχνος
1023 3465 1082 3501 τε
1123 3450 1226 3521 τῆς
1252 3452 1416 3506 αὐτοῦ
1460 3454 1715 3517 διδασκα-

116 3529 239 3593 λίας
274 3529 484 3599 βαίνειν
516 3534 582 3586 δι’
611 3536 782 3606 εὐχῆς
831 3538 1123 3608 τιθέμενοι,
1160 3540 1310 3612 αὐτῷ
1349 3544 1576 3597 Μωῦσεῖ
1608 3547 1712 3599 κάν

115 3621 299 3692 τούτῳ
323 3621 397 3675 τὰ
425 3624 555 3691 φίλα
594 3626 899 3691 ποιοῦντες⁹
939 3628 1019 3692 ὃς,
1054 3631 1354 3701 προειπὼν,
1400 3635 1484 3687 ὅτι
1513 3654 1532 3685 ι
1580 3653 1714 3707 προ-

116 3727 153 3777 ς.
170 3710 300 3782 ἰιιιιην
327 3713 625 3784 ἀναστήσει
645 3716 847 3787 Κύριος
873 3721 903 3772 ό
921 3718 1052 3783 Θεὸς
1082 3721 1266 3791 ὅμοιον
1291 3722 1459 3794 αὐτῷ,
1481 3744 1500 3775 ι
1529 3727 1713 3780 ἐπιλέ-

114 3822 236 3872 γει-
278 3825 303 3858 ι
335 3809 499 3863 Πᾶσα
544 3810 601 3865 δὲ
626 3811 794 3884 ψυχή,
842 3814 964 3885 ἥτις
994 3814 1068 3887 μὴ
1120 3816 1410 3871 ἀκούσεται
1449 3818 1544 3873 τοῦ
1577 3837 1709 3891 προ-

114 3898 293 3967 φήτου
346 3901 557 3955 ἐκείνου
580 3943 596 3967 ,
661 3904 1171 3978 ὲξολοθρευθήσεται
1230 3910 1297 3962 ὲκ
1357 3910 1452 3964 τοῦ
1520 3912 1710 3981 γένους

116 3991 310 4055 αύτιὲς.
353 4012 372 4041 ι
410 3993 619 4048 Λύτίκα
679 3996 941 4062 Ἰουδαῖοι,
1006 3998 1081 4070 μὴ
1130 3998 1562 4071 παραδεξάμενοι
1616 4004 1707 4059 τὸν

112 4099 261 4153 sepe?
274 4084 431 4155 ῆτην,
465 4086 588 4156 μηδ’
626 4087 1033 4153 ὑπακούσαντες
1074 4091 1239 4145 αὐτοῦ
1266 4095 1379 4154 τοῖς
1414 4094 1592 4162 ἁγίοις
1615 4097 1704 4149 λό-

112 4193 252 4243 γιις,
287 4177 519 4249 ἔσχατον
542 4180 839 4253 ὑπέμειναν
870 4181 1111 4254 ὄλεθρον,
1140 4185 1410 4240 ἀκόλουθα
1440 4190 1505 4259 τῇ
1531 4193 1702 4262 1:90p-

118 4271 273 4339 ῥήσει
307 4272 659 4336 πεπονθότες.
695 4272 833 4327 Οὔτε
865 4274 975 4346 γὰρ
1011 4276 1104 4330 τὸν
1136 4276 1373 4348 Χριστοῦ
1404 4281 1568 4351 νόμον
1605 4284 1703 4353 τῆς

114 4359 328 4429 Καινῆς
349 4360 625 4433 Διαθήκης
641 4364 1014 4433 κατεδέξαντο,
1037 4366 1162 4421 οὔτε
1187 4368 1256 4422 τά
1273 4370 1549 4433 Mutis-sto;
1565 4389 1706 4444 drap-

1841 1883 2290 1957 principatusque
2339 1898 2535 1945 auctor
2579 1892 2814 1949 duorum
2850 1898 3279 1966 propositorum,
3311 1899 3413 1955 Ju-

1835 1972 2032 2031 daismi
2067 1978 2319 2035 videlicet
2347 1980 2865 2057 Cbristianismique
2889 1988 3071 2045 fuerit.
3096 1989 3252 2057 Quod
3285 1994 3417 2063 qui-

1834 2066 1958 2122 dem
1981 2070 2159 2139 ipsum
2192 2071 2458 2128 admirari
2501 2090 2681 2146 opera:
2720 2080 2955 2147 pretium
2980 2090 3086 2150 est,
3117 2093 3176 2138 ut
3202 2084 3408 2142 divini-

1831 2168 1924 2216 tus
1955 2163 2279 2232 praedictum
2335 2167 2428 2222 sit.
2468 2186 2490 2220 ο
2528 2167 2693 2236 Ecce,
2716 2171 2920 2241 inquit,
2958 2188 3105 2243 pono
3157 2175 3216 2230 in
3276 2176 3409 2235 Sion

1829 2252 2070 2324 lapidem
2124 2255 2381 2324 electum,
2416 2261 2758 2331 angularem,
2816 2264 3140 2333 pretiosum,
3203 2277 3257 2323 et
3315 2273 3408 2340 qui

1830 2344 2006 2401 credit
2033 2346 2092 2402 in
2140 2363 2267 2404 eum
2300 2366 2412 2406 non
2463 2352 2832 2410 confundetur
2861 2357 2904 2412 ’.
2936 2377 2957 2410 ι
2993 2359 3061 2412 At
3091 2361 3236 2415 enim
3265 2364 3392 2432 quis

1829 2438 2049 2493 tandem
2080 2438 2246 2496 fuerit
2279 2444 2578 2514 angularis,
2626 2447 2735 2501 nisi
2773 2447 2866 2504 hic
2915 2451 3072 2508 vivus
3119 2464 3173 2507 et
3206 2456 3409 2522 pretio-

1828 2527 2104 2596 sissimus,
2136 2532 2229 2602 qui
2272 2548 2340 2588 ex
2394 2535 2608 2591 duabus
2639 2541 2938 2596 structuris
2980 2556 3141 2597 unam
3207 2544 3404 2599 factam

1828 2633 1928 2675 sua
1960 2620 2208 2677 doctrina
2266 2626 2690 2683 sustinendum
2738 2631 2884 2686 enim
2933 2632 3250 2699 Mosaicam,
3283 2653 3405 2707 qua

1827 2723 2006 2779 usque
2033 2712 2102 2766 ad
2136 2713 2315 2784 ipsum
2350 2724 2604 2787 protenta
2631 2731 2735 2784 est,
2761 2730 2908 2778 stare
2931 2724 3107 2794 jubet,
3130 2742 3197 2782 ex
3221 2728 3392 2782 altera

1824 2812 1981 2870 parte
2016 2812 2263 2861 nostram
2306 2824 2402 2878 per
2436 2808 2790 2881 Evangelium
2842 2814 3112 2884 adjunxit.
3167 2817 3249 2872 Ex
3292 2805 3403 2890 quo

1825 2894 2103 2965 angularis
2125 2898 2323 2954 merito
2349 2898 2534 2957 dictus
2563 2911 2683 2970 est;
2716 2905 2810 2960 sed
2852 2907 2910 2961 in
2931 2905 3167 2965 Psalmis
3185 2924 3403 2982 quoque

1824 2985 2022 3058 legitur
2061 3008 2074 3043 :
2123 3009 2143 3042 ι
2193 2990 2454 3062 Lapidem
2508 3012 2669 3067 quem
2733 3000 3166 3071 reprobaverunt
3226 3006 3399 3062 aediﬁ-

1823 3090 2033 3147 cantes,
2066 3083 2155 3138 hic
2195 3083 2374 3140 factus
2399 3094 2483 3142 est
2516 3088 2572 3142 in
2601 3098 2766 3161 caput
2814 3093 2999 3163 anguli
3035 3111 3049 3148 :
3090 3110 3120 3148 a
3162 3096 3398 3154 Domino

1818 3170 2025 3228 factum
2073 3183 2159 3231 est
2209 3177 2377 3243 istud,
2429 3186 2484 3234 et
2525 3188 2611 3237 est
2660 3184 2911 3241 mirabile
2966 3187 3022 3241 in
3068 3189 3242 3245 oculis
3292 3205 3399 3246 no-

1812 3266 1950 3322 stris
1986 3267 2053 3323 ’°.
2084 3288 2108 3321 ι
2133 3268 2245 3340 28
2265 3268 2425 3338 Quod
2470 3273 2689 3343 quidem
2738 3277 3022 3333 oraculum
3044 3280 3205 3350 plane
3228 3282 3399 3336 etiam

1815 3356 2107 3424 indicavit,
2133 3376 2273 3431 quas
2303 3376 2334 3415 a
2378 3360 2582 3419 Iudaeis
2611 3364 2861 3435 insidias,
2890 3369 2959 3425 de
2998 3385 3108 3441 quo
3130 3372 3399 3427 vaticina-

1812 3456 1927 3513 tur,
1961 3463 2160 3519 passus
2184 3460 2271 3507 est
2308 3473 2321 3507 :
2360 3456 2582 3524 quando
2621 3456 2775 3512 illum
2809 3474 2841 3512 a
2878 3458 3088 3517 Scribis
3122 3472 3176 3518 et
3198 3461 3397 3520 Phari-

1814 3542 1958 3607 eaeis,
1993 3552 2047 3598 et
2075 3547 2420 3600 sacerdotum
2448 3546 2813 3618 principibus,
2837 3559 2890 3605 et
2907 3553 3162 3610 omnibus
3178 3552 3397 3612 Iudaeo-

1812 3650 1936 3689 rum
1968 3636 2399 3705 magistratibus,
2427 3638 2523 3707 qui
2549 3645 2786 3694 veterem
2812 3645 3073 3711 parietem
3107 3655 3396 3704 construe-

1812 3728 1964 3794 bant,
2000 3729 2343 3799 repudiatum
2371 3729 2563 3799 fuisse,
2590 3732 2877 3788 divinavit.
2898 3734 3006 3790 Sed
3026 3743 3216 3793 tamen
3239 3750 3395 3809 post-

1810 3831 1975 3886 quam
2005 3818 2074 3872 ah
2097 3817 2205 3872 illis
2229 3827 2574 3889 contemptus
2614 3821 2687 3874 sit
2720 3828 2774 3877 et
2810 3823 3058 3909 abiectus
3078 3863 3096 3889 ,
3136 3826 3386 3885 futurum

1808 3907 1965 3961 illum
1988 3908 2042 3961 in
2073 3917 2237 3978 caput
2267 3910 2473 3980 anguli,
2502 3918 2558 3967 et
2586 3912 2780 3967 ducem
2804 3907 3221 3988 principemque
3250 3919 3387 3976 Novi

1808 3995 2145 4053 Testamenti
2177 4001 2622 4056 conStituendum
2652 4019 2760 4058 non
2802 4007 2992 4071 tacuit,
3019 4022 3386 4067 consentanea

1809 4086 1878 4143 iis
1902 4088 2214 4157 proferens,
2245 4107 2368 4160 quae.
2395 4108 2425 4147 a
2477 4094 2637 4151 nobis
2700 4099 2954 4166 superius
3011 4100 3387 4157 demonstrata

1808 4191 1957 4235 sunt.
1998 4179 2110 4237 Nos
2149 4183 2315 4253 igitur
2345 4187 2595 4254 quamvis
2626 4202 2658 4241 a
2700 4185 2890 4244 Grzeco
2937 4191 3047 4245 ritu
3084 4195 3383 4248 recesseri-

1805 4285 1948 4331 mus.
1984 4287 2093 4328 non
2141 4275 2436 4330 recidimus
2470 4276 2527 4330 in
2565 4275 2878 4342 Iudaicum,
2907 4295 3086 4351 neque
3117 4283 3385 4353 delinqui-

1806 4376 1951 4429 mus,
1984 4362 2110 4418 licet
2155 4363 2323 4421 Mosis
2378 4367 2550 4439 legem
2581 4378 2637 4424 et
2687 4368 3042 4425 Hebraeorum
3086 4374 3382 4444 prophetas

108 4449 438 4519 ἀγγέλματα
483 4450 607 4522 δίχα
648 4455 993 4525 παρανομίας
1036 4453 1138 4510 οἷοί
1183 4459 1231 4510 τ’
1263 4456 1328 4510 ἂν
1361 4454 1471 4512 εἷεν
1501 4460 1702 4529 φυλάσ-

1820 4456 2201 4526 acceperimus,
2247 4473 2360 4513 non
2402 4457 2629 4516 Judaice
2652 4467 2857 4528 autem,
2904 4461 2999 4518 sed
3050 4463 3120 4518 ad
3172 4480 3381 4522 morem

112 4558 230 4595 σειν
253 4558 270 4572 ·
297 4541 382 4594 διὸ
418 4544 515 4596 καὶ
543 4546 609 4614 τῇ
646 4545 889 4609 Μωσέως
924 4548 1322 4619 ὑποϐέϐληνται
1354 4551 1591 4624 κατάρᾳ,
1622 4553 1700 4623 τῷ

108 4633 251 4704 μηδὲ
284 4633 515 4688 δυνατὸν
553 4636 735 4701 αὐτοῖς
764 4634 902 4692 εἶναι
935 4638 1002 4692 τὰ
1044 4639 1197 4711 παρὰ
1236 4641 1462 4695 Μωῦσεί
1483 4660 1702 4715 νενομο-

102 4725 387 4797 θετημένα
410 4727 704 4792 συντελεῖν,
729 4745 964 4803 περιῃρη
974 4735 1141 4804 μένης
1164 4732 1347 4786 αὐτῶν
1365 4733 1468 4804 τῆς
1496 4752 1698 4808 μητρο-

100 4820 340 4883 πόλεως,
370 4818 469 4872 xci.
494 4819 993 4895 ἀποκεκλεισμένης
1020 4824 1119 4895 τῆς
1160 4826 1321 4897 μόνον
1351 4828 1540 4881 αὐτόθι
1566 4845 1697 4897 συγ-

99 4911 502 4983 κεχωρημὲνης
555 4913 916 4968 ἐπιτελεῖσθαι
973 4918 1310 4989 Μωῦσαῖκῆς
1372 4919 1686 4992 θρησκείας.

106 4998 310 5069 Ἥμεῖς
335 5001 417 5065 δὲ,
473 5000 565 5055 τὸν
596 5002 702 5055 ὑπὸ
743 5003 986 5067 Μωσέως
1030 5006 1124 5059 καὶ
1156 5005 1267 5060 τῶν
1316 5007 1517 5061 λοιπῶν
1552 5027 1687 5081 προ-

101 5091 294 5161 φητῶν
323 5094 765 5164 κατηγγελμένον
796 5096 1203 5168 ἀποδεξάμενοι,
1233 5099 1326 5153 καί
1362 5100 1537 5171 τούτῳ
1565 5103 1685 5155 πεί-

100 5182 294 5236 θεσθαι
312 5182 383 5235 δι’
415 5183 577 5255 εὐχῆς
606 5185 933 5257 ποιούμενοι,
963 5189 1248 5261 πληρωταὶ
1280 5189 1345 5245 ἂν
1372 5192 1562 5263 είημεν
1589 5192 1686 5264 τῆς

100 5271 386 5334 Μωῦσὲως
444 5274 851 5343 παραγγελίας,
900 5275 965 5330 δι’
1015 5274 1083 5348 ἦς
1147 5279 1377 5350 ἔφησενο
1441 5298 1461 5331 ι
1511 5280 1686 5334 Αὐτοῦ

102 5363 438 5416 dicetis-sdes“
472 5366 620 5418 πᾶσα
664 5365 720 5419 δὲ
746 5365 912 5438 ψυχὴ,
959 5368 1081 5439 ἥτις
1122 5368 1190 5424 ἂν
1223 5370 1297 5442 μὴ
1344 5371 1550 5445 ἀκούσῃ
1590 5370 1684 5425 τοῦ

103 5456 387 5527 προφήτου
427 5456 660 5523 ἐκείνου,
707 5457 1215 5531 ὲξολοθρευθήσεται
1236 5463 1321 5514 ’ὲκ
1368 5461 1464 5514 τοῦ
1497 5462 1686 5531 γένους

103 5545 292 5617 αὐτῆς.
329 5565 351 5599 ι
382 5546 523 5602 Τίνι
544 5546 601 5602 δὲ
622 5547 899 5613 διετάξατο
918 5552 946 5605 6
969 5553 1270 5623 προφήτης,
1295 5546 1370 5608 ὧν
1394 5555 1703 5624 ἐπακούειν,

171 5666 192 5696 ’
226 5664 387 5751 Joan.
415 5681 492 5731 iv,
531 5666 622 5723 25.
694 5665 719 5698 ⁸
749 5665 936 5722 Matth.
967 5684 1065 5736 vn,
1087 5668 1275 5737 28,29.
1317 5718 1333 5751 τ
1362 5672 1402 5747 ξ’
1430 5672 1536 5732 Isa.
1560 5687 1708 5728 xxvn

1825 5672 1890 5741 6;
1947 5672 1967 5726 ι
1998 5673 2144 5731 Petr.
2169 5691 2227 5740 ιι,
2254 5675 2306 5731 6.

112 5750 270 5802 mn,
304 5736 397 5790 i9.

355 5830 633 5895 Ρηιιοι.
666 5831 785 5894 Gn.
833 5836 1036 5898 XXII.

1802 4555 1967 4617 atque
1996 4548 2307 4603 institutum
2352 4561 2672 4608 sanctorum
2722 4554 2818 4625 qui
2866 4562 2993 4610 ante
3021 4554 3225 4611 Mosem
3258 4556 3380 4613 fue-

1800 4646 1930 4692 runt
1981 4641 2246 4707 virorum,
2289 4642 2558 4700 vivamus.
2599 4645 2659 4699 1n
2690 4646 2795 4701 hoc
2819 4648 2966 4701 enim
3000 4658 3054 4702 et.
3088 4646 3293 4703 Mosem
3326 4661 3379 4704 et

1798 4732 2093 4803 prophetas
2109 4749 2267 4791 veros
2299 4734 2471 4792 fuisse
2496 4746 2649 4793 vates
2678 4739 3042 4802 ostendimus,
3062 4755 3188 4793 cum
3222 4740 3374 4794 illum

1797 4822 2074 4878 Christum
2098 4827 2431 4898 accepimus,
2468 4837 2522 4885 et
2550 4830 2700 4884 illius
2731 4831 2945 4901 legibus
2976 4832 3374 4901 auscultamus,

1795 4921 1852 4968 et
1878 4929 1976 4984 per
1998 4918 2225 4987 vestigia
2252 4918 2516 4976 doctrinae
2535 4921 2781 4991 ejusdem
2811 4921 3064 4976 incedere
3093 4923 3259 5007 etiam
3286 4938 3378 4977 vo-

1795 5006 1868 5063 tis
1883 5009 2208 5079 expetimus,
2231 5026 2392 5081 quem
2423 5013 2502 5067 illi
2529 5020 2820 5069 venturum
2845 5006 3240 5084 praedixerunt.
3265 5015 3374 5071 Eo-

1795 5093 1919 5149 dem
1949 5098 2135 5166 utique
2172 5101 2453 5169 proposito
2495 5102 2600 5172 ipsi
2641 5117 2860 5172 quoque
2902 5102 3037 5161 Mosi
3095 5121 3210 5160 rem
3246 5122 3373 5176 gra-

1793 5196 1904 5242 tam
1982 5188 2289 5247 facientes:
2323 5193 2418 5262 qui
2469 5208 2594 5249 cum
2652 5195 2986 5264 praedixerit,
3048 5199 3366 5267 prophetam

1788 5295 1820 5333 a
1852 5280 2081 5336 Domino
2109 5281 2219 5337 Deo
2234 5290 2424 5339 nostro
2450 5285 2555 5341 sibi
2591 5285 2823 5342 similem
2852 5290 3253 5355 suscitaudum,
3280 5291 3374 5344 ad-

1784 5372 1967 5444 jungit
1999 5393 2012 5429 :
2046 5390 2066 5424 ¢
2095 5372 2287 5431 Omnis
2323 5390 2453 5430 vero
2487 5376 2669 5431 anima
2708 5394 2831 5448 qua:
2868 5396 2981 5435 non
3022 5381 3207 5437 audiet
3234 5396 3394 5453 pro—~.

1786 5464 2002 5535 phetam
2036 5465 2209 5529 illum,
2243 5466 2510 5522 delebitur
2538 5483 2605 5522 ex
2647 5485 2847 5540 genere
2888 5473 3074 5526 suo“.
3116 5492 3134 5523 ι
3172 5472 3363 5527 Conti-

1787 5569 1899 5610 nuo
1926 5556 2070 5610 enim
2110 5554 2305 5623 Judaei,
2337 5566 2631 5628 postquam
2678 5558 2832 5613 illum
2886 5560 3207 5631 prophetam
3252 5575 3363 5614 non

2415 5678 2458 5708 ¹⁰
2479 5674 2625 5733 Psal.
2660 5692 2829 5741 cxvn,
2858 5676 3046 5741 22,23.
3127 5678 3168 5709 ¹³
3200 5675 3358 5732 Dent.

3116 5842 3156 5900 3
