3842 6218
395 256 462 312 75

1056 254 1326 311 EUSEBII
1364 255 1843 313 CIESARIENSlS
1871 255 2026 315 OPP.
2066 253 2248 310 PARS
2283 254 2349 310 Il.
2390 285 2460 296 —-
2496 253 2997 313 APOLOGETICA.
3042 300 3051 311 .

3587 258 3656 316 76

394 378 743 444 acceperunt,
773 386 876 429 nec
911 373 1121 429 sanctis
1151 374 1300 431 illius
1329 376 1512 432 verbis
1538 385 1858 448 paruerunt,
1876 392 1959 432 ex-

2075 372 2270 445 χρεὼν,
2305 372 2488 445 μικρῷ
2529 372 2764 445 πρόσθεν
2794 374 3132 446 ἀκηκόαμεν,
3175 373 3245 428 τά
3275 374 3529 446 πάνσοφα
3559 377 3656 430 καὶ

390 476 624 522 tremum
646 465 990 534 pertulerunt
1012 465 1293 521 interitum
1322 486 1337 521 :
1362 466 1456 536 qui
1488 467 1707 537 quidem
1745 468 1963 522 illorum

390 573 555 614 casus
583 557 653 613 iis
679 558 940 622 oraculis,
965 574 1086 629 quae
1104 558 1171 615 de
1194 560 1302 615 illis
1331 560 1475 615 edita
1502 569 1650 625 sunt,
1677 569 1968 616 consenta-

390 663 529 703 neus
578 648 798 719 accidit.
860 647 997 704 Nam
1048 666 1149 706 nec
1200 648 1406 706 Christi
1459 652 1629 722 legem
1671 666 1791 722 quae
1815 652 1965 708 Novo

390 739 744 795 Testamento
786 742 1120 808 continetur,
1159 753 1545 814 susceperunt,
1569 760 1748 815 neque
1791 745 1963 803 Mosis

389 841 657 904 praecepta
670 834 789 889 sine
808 835 944 906 legis
959 843 1274 906 contemptu
1295 852 1513 893 servare
1538 850 1789 905 possunt.
1808 839 1962 906 Quo-

389 923 539 979 circa
566 923 622 978 in
673 925 847 992 ipsius
882 922 1048 979 Mosis
1093 925 1522 979 exsecrationem
1550 925 1750 995 relapsi
1788 933 1962 981 sunt:

388 1014 610 1085 quando
644 1016 759 1071 ﬁeri
797 1016 946 1071 nullo
995 1015 1159 1070 modo
1199 1022 1377 1084 potest
1398 1024 1458 1071 ut
1485 1031 1607 1086 quae
1665 1018 1720 1071 in
1753 1017 1965 1087 legibus

386 1108 536 1163 illius
568 1114 703 1163 sunt
759 1108 957 1180 posita,
999 1106 1303 1179 perﬁciant,
1342 1108 1545 1179 quippe
1568 1124 1692 1164 cum
1722 1119 1779 1165 et
1820 1109 1968 1179 ipso-

388 1217 511 1257 rum
543 1202 861 1273 metropolis
890 1183 1107 1257 sublata
1137 1202 1240 1264 sit.
1269 1208 1324 1257 et
1360 1199 1602 1257 Mosaica
1647 1203 1840 1272 religio
1867 1218 1964 1258 θι-

387 1296 563 1358 clusa,
586 1310 714 1366 quae
760 1293 875 1348 illic
916 1293 1091 1348 solum
1126 1292 1315 1362 perlici
1366 1292 1787 1348 concedebatur.
1850 1293 1961 1348 Nos

388 1397 568 1438 autem
606 1384 701 1453 qui
751 1384 904 1437 illum
937 1384 1304 1452 suscepimus,
1337 1397 1497 1452 quem
1534 1381 1714 1438 Moses
1748 1390 1804 1438 et
1836 1382 1963 1437 reli-

388 1477 481 1546 qui
520 1476 796 1546 proplnette
843 1474 1257 1537 nuntiaverunt,
1294 1480 1349 1528 et
1377 1474 1425 1528 ei
1456 1488 1649 1543 parere
1670 1474 1833 1529 etiam
1868 1489 1960 1529 vo-

2071 465 2259 538 ἐντελῆ
2291 466 2386 519 καὶ
2413 465 2640 537 οὐράνια
2670 466 3123 538 παραγγέλματα·
3140 465 3177 520 ἃ
3199 466 3265 537 δὴ
3285 468 3385 521 οὑκ
3410 470 3467 521 ἐν
3496 466 3659 533 πλαξὶ

2070 559 2297 623 λιθίναις
2319 561 2541 613 Μωῦσεῖ
2557 559 2971 631 παραπλησίως,
2994 560 3116 613 οὑδέ
3129 577 3192 627 γε
3211 559 3401 630 μέλανι
3419 560 3517 614 καὶ
3532 562 3661 630 χάρ-

2068 669 2190 717 ταις
2219 651 2420 722 ἠξίωσε
2462 651 2823 724 παραθέσθαι,
2861 652 3064 724 ψυχαῖς
3102 652 3159 706 δὲ
3193 652 3656 723 κεκαθαρμέναις,

2067 743 2165 798 καὶ
2190 744 2381 814 νοεράν
2412 743 2598 797 οὑσίαν
2623 743 2988 813 κεκτημέναις
3018 742 3128 797 τῶν
3157 742 3323 798 αὑτοῦ
3348 743 3619 815 φοιτητῶν
3636 760 3652 774 ·

2070 836 2128 888 ἐν
2151 830 2241 898 αἷς
2274 835 2559 906 ἐγγράψας
2587 835 2715 897 τοὺς
2763 834 2864 905 τῆς
2894 836 3103 905 Καινῆς
3132 835 3406 907 Διαθήκης
3434 836 3655 905 νόμους,

2072 925 2254 996 ἔργοις
2286 927 2607 999 ἀπεπλήρου
2632 926 2732 997 τὴν
2758 927 3005 996 φήσασαν
3028 927 3116 981 διὰ
3155 927 3416 999 Ἰερεμίου
3442 944 3659 1000 προφη-

2071 1017 2253 1087 τείαν⁹
2289 1037 2310 1071 ι
2346 1018 2685 1091 Διαθήσομαι
2712 1020 2985 1091 Διαθήκην
3027 1020 3255 1092 Καινὴν,
3287 1020 3346 1073 οὐ
3380 1019 3517 1073 κατὰ
3556 1018 3658 1091 τὴν

2073 1108 2352 1181 Διαθήκην
2401 1112 2466 1182 ἢν
2520 1109 2777 1181 διεθέμην
2831 1113 2943 1174 τοῖς
2984 1111 3252 1182 πατράσιν
3290 1111 3524 1163 αὐτῶν·
3573 1111 3657 1166 ὅτι

2068 1200 2206 1273 αὕτη
2241 1204 2274 1272 ἡ
2310 1202 2557 1282 ᾼιαθήκη
2584 1205 2650 1272 ἢν
2677 1201 3104 1282 διαθήσομαιτῴ
3143 1202 3277 1272 οἴκῳ
3311 1200 3546 1275 Ἰσραὴλ,
3577 1203 3660 1256 δι-

2066 1292 2188 1357 δοὺς
2209 1279 2406 1365 νόμους
2420 1311 2519 1365 μου
2536 1296 2615 1358 εἰς
2628 1294 2862 1349 διάνοιαν
2876 1279 3074 1358 αὑτῶν,
3099 1294 3192 1347 καὶ
3210 1295 3300 1346 ἐπὶ
3318 1293 3414 1365 τὴν
3424 1294 3655 1364 καρδίαν

2066 1384 2247 1439 αὑτῶν
2283 1386 2480 1458 γράψω
2525 1388 2743 1453 αὐτοὺς,
2793 1388 2889 1442 καὶ
2916 1387 3109 1459 ἔσομαι
3145 1387 3325 1443 αὐτῶν
3368 1387 3523 1452 Θεὸς,
3556 1384 3657 1441 καὶ

2066 1477 2225 1531 αὐτοὶ
2253 1478 2466 1533 ἔσονταί
2494 1497 2595 1552 μου
2629 1480 2774 1546 λαός.
2810 1498 2829 1533 ι

388 1572 460 1625 tis
504 1570 853 1640 expetimus:
892 1567 1131 1623 edictum
1180 1566 1347 1621 Mosis
1395 1567 1759 1638 complevisse
1784 1568 2118 1639 invenimur,
2155 1586 2265 1642 quo
2303 1572 2506 1637 edixit,
2547 1572 2701 1628 illum
2730 1571 3061 1629 audiendum
3121 1585 3268 1635 esse,
3315 1579 3653 1639 omnemque

387 1665 622 1720 animam
642 1679 763 1734 quae
824 1663 976 1717 illum
1019 1677 1129 1716 non
1166 1661 1403 1727 audiret,
1437 1660 1723 1717 delendam
1773 1678 1897 1720 esse
1929 1664 1998 1722 de
2036 1682 2235 1738 genere
2272 1683 2394 1725 suo.
2432 1666 2566 1736 Quae
2613 1663 2797 1724 autem
2826 1668 2960 1735 sint,
2986 1681 3108 1738 qua:
3138 1665 3403 1736 pr0pheta
3441 1661 3534 1718 ille
3563 1661 3655 1718 in-

385 1755 647 1820 stituerit,
682 1754 883 1825 quibus
940 1752 1162 1807 obedire
1210 1766 1438 1808 necesse
1492 1753 1583 1817 sit,
1617 1752 1780 1824 paulo
1839 1766 1964 1813 ante
2000 1759 2333 1828 audivimus,
2399 1760 2550 1816 omni
2582 1759 2835 1815 videlicet
2891 1758 3158 1829 sapientia
3187 1754 3409 1819 referta,
3442 1761 3496 1808 et
3520 1766 3652 1823 per-

386 1853 549 1915 fecta,
584 1860 640 1905 et
664 1850 909 1905 coelestia
957 1848 1305 1903 documenta.
1354 1847 1487 1915 Quae
1515 1849 1735 1919 quidem
1774 1866 1953 1923 neque
1992 1854 2194 1913 tabulis
2243 1855 2494 1927 lapideis,
2519 1861 2580 1909 ut
2599 1853 2798 1919 Moses,
2849 1868 3027 1923 neque
3043 1856 3349 1906 atramento
3365 1855 3419 1903 et
3439 1844 3652 1901 chartis

388 1944 757 2001 commendari
792 1943 981 2008 voluit,
1011 1944 1120 2015 29
1141 1943 1236 1999 sed
1256 1944 1503 2015 purgatis
1532 1944 1735 2003 animis
1764 1962 2011 2014 suorum,
2030 1959 2085 2006 et
2108 1952 2495 2024 intelligentem
2528 1961 2782 2007 naturam
2814 1947 3184 2004 obtinentibus
3212 1963 3228 2001 :
3259 1946 3315 1999 in
3341 1942 3542 2014 quibus
3564 1940 3648 1994 le-

386 2058 482 2112 ges
533 2039 669 2096 Novi
715 2039 1048 2095 Testamenli
1078 2039 1419 2106 describens,
1481 2040 1667 2111 reipsa
1711 2045 2008 2113 complevit
2042 2044 2293 2102 Jeremiat
2337 2046 2681 2118 prophetiam
2753 2059 2877 2115 qua:
2918 2042 3037 2098 ait:
3075 2060 3095 2093 ι
3132 2040 3418 2097 lnstituam
3447 2035 3650 2092 Testa-

387 2143 633 2192 mentum
665 2132 900 2199 Νοτυῐη,
922 2147 1043 2198 ,ιιοη
1070 2132 1246 2188 instar
1272 2130 1609 2187 Testamenti
1671 2134 1817 2204 quod
1857 2136 2017 2206 posui
2054 2138 2302 2207 patribus
2331 2153 2520 2195 eorum
2556 2156 2569 2193 :
2600 2139 2857 2208 quoniam
2886 2136 2993 2190 hoc
3023 2133 3459 2196 Testamentum,
3493 2127 3648 2200 quod

385 2246 583 2302 ponam
614 2228 798 2285 domui
823 2227 1007 2295 Israel,
1030 2228 1168 2284 dans
1193 2227 1342 2299 leges
1369 2243 1520 2284 meas
1553 2229 1608 2284 iu
1635 2232 1951 2287 interiorem
1988 2247 2213 2302 sensum
2242 2248 2456 2302 eorum,
2483 2242 2538 2291 et
2578 2234 2637 2289 in
2701 2231 2867 2290 corde
2926 2245 3118 2287 eorum
3160 2228 3401 2286 scribam
3432 2241 3551 2290 eas,
3589 2228 3652 2281 et

304 2312 305 2315 ¹
383 2341 481 2382 ero
513 2325 730 2381 illorum
758 2322 925 2388 Deus,
947 2331 1002 2379 et
1028 2323 1133 2397 ipsi
1166 2331 1329 2378 erunt
1375 2324 1511 2379 mihi
1560 2326 1797 2397 populus
1818 2328 1887 2385 ¹¹.
1933 2347 1955 2382 ι

976 2436 1205 2496 CAPUT
1236 2432 1373 2494 VIII.

2593 2435 2989 2493 ΚΕΦΑΛΑῘΟΝ
3028 2435 3111 2487 Η’.

389 2537 543 2604 Quod
571 2554 686 2609 qui:
715 2534 1180 2609 Christianismum
1220 2533 1463 2609 amplexa
1492 2542 1571 2592 est
1599 2536 1725 2602 vita,
1750 2536 1807 2590 in
1827 2536 1959 2593 duas

2076 2534 2171 2601 Ὡς
2208 2534 2296 2599 είς
2333 2530 2442 2585 δύο
2485 2528 2743 2609 τρόπρυς
2774 2530 2806 2580 d
2839 2523 2990 2609 καεά
3027 2523 3135 2576 τόν
3172 2522 3650 2591 Χριστιανισμὸν

904 2607 1097 2674 species
1124 2605 1295 2659 divisa
1312 2614 1417 2661 est.

457 2700 723 2756 Caeterum
759 2698 850 2753 ille
876 2698 1098 2768 quidem
1134 2699 1190 2753 in
1236 2697 1442 2754 tabulis
1476 2699 1817 2766 inanimatis,
1870 2699 1963 2757 hic

385 2801 567 2848 autem
612 2792 668 2846 in
721 2791 998 2846 mentibus
1043 2790 1155 2844 vita
1205 2790 1486 2860 praeditis,
1518 2790 1763 2862 perfecta
1820 2791 1962 2847 Novi

386 2882 723 2940 Testamenti
752 2881 1081 2937 documenta
1114 2881 1408 2952 deseripSit
1461 2901 1474 2936 :
1528 2881 1649 2950 ejus
1692 2898 1824 2938 vero
1873 2882 1959 2939 di-

389 2975 584 3047 scipuli
638 2974 703 3028 ad
734 2972 979 3042 Magistri
1026 2972 1112 3027 sui
1176 2979 1410 3039 nutum,
1474 2973 1701 3028 auribus
1759 2975 1960 3030 multo-

295 3116 298 3119 .
383 3082 507 3121 rum
554 3063 861 3121 doctrinam
899 3078 1052 3118 suam
1116 3064 1630 3130 accommodantes,
1681 3081 1960 3136 quaecum-

384 3175 492 3229 que
518 3157 735 3228 quidem
791 3155 957 3209 veluti
1007 3156 1150 3209 ultra
1221 3155 1467 3210 habitum
1520 3150 1866 3227 progressis,
1911 3169 1958 3213 'a

382 3249 629 3325 perfecto
656 3251 899 3321 ipsorum
938 3246 1198 3317 Magistro
1229 3253 1498 3318 prmcepta
1526 3246 1761 3314 fuerant,
1791 3264 1854 3305 ea
1889 3249 1958 3305 iis

380 3344 477 3415 qui
507 3357 700 3413 capere
726 3346 998 3412 poterant,
1030 3337 1373 3393 tradiderunt
1402 3356 1416 3394 :
1445 3353 1801 3409 quaecumque
1829 3354 1958 3394 vero

381 3437 452 3492 iis
463 3434 755 3491 convenire
769 3430 1196 3494 arbitrabantur,
1214 3429 1309 3500 qui
1329 3431 1539 3485 animas
1556 3429 1734 3484 adhuc
1754 3430 1960 3485 aﬂ‘ecti-

380 3528 484 3582 bus
531 3523 800 3579 obnoxias
846 3528 1121 3594 gererent,
1163 3519 1576 3589 curationisque
1609 3519 1955 3589 indigentes:

380 3632 447 3673 ea
470 3616 571 3686 ipsi
610 3616 677 3668 ad
709 3613 1138 3668 imbecillitatem
1169 3611 1465 3663 multorum
1497 3624 1556 3664 se
1590 3609 1957 3674 demittentes,

381 3709 579 3779 partim
599 3706 816 3767 litteris,
831 3707 1027 3776 partim
1047 3704 1167 3759 sine
1187 3704 1402 3766 litteris,
1420 3702 1574 3772 quasi
1587 3702 1710 3771 jure
1724 3703 1959 3772 quodam
1991 3763 2000 3775 ,

274 3842 277 3845 -
384 3817 494 3856 non
527 3801 732 3868 scripto
762 3795 1050 3862 servanda,
1077 3793 1551 3849 commendarunt.
1580 3792 1852 3859 Quocirca
1903 3795 1959 3847 in

382 3891 631 3946 Ecclesia
659 3888 751 3944 Dei
780 3889 890 3943 duo
921 3888 1085 3943 etiam
1110 3885 1327 3942 vivendi
1359 3884 1505 3939 modi
1530 3885 1763 3939 instituti
1786 3893 1955 3940 sunt:
1986 3874 2029 3931 (ἶ

382 3984 522 4037 alter
548 3979 767 4052 quidem
800 3989 1052 4033 naturam
1084 3984 1353 4040 nostram,
1393 3983 1448 4029 et
1475 3989 1822 4030 communem
1858 3976 1956 4029 ho-

378 4076 586 4129 minum
610 4071 736 4127 vitae
766 4070 1036 4126 rationem
1060 4069 1351 4134 excedens,
1390 4084 1503 4123 non
1564 4068 1806 4137 nuptias,
1843 4083 1956 4123 non

379 4167 647 4229 sobolem,
689 4177 804 4218 non
871 4162 1265 4226 substantiam,
1297 4177 1408 4215 non
1442 4176 1607 4232 opum
1640 4160 1956 4215 facultatem

377 4260 690 4330 requirens,
730 4264 881 4311 totus
917 4262 1098 4310 autem
1121 4267 1349 4325 prorsus
1382 4267 1414 4307 a
1453 4253 1958 4309 co‘mmunietcon-

380 4361 538 4409 sueta
568 4360 891 4405 cunctorum
926 4347 1210 4402 hominum
1262 4346 1377 4400 vita
1405 4345 1730 4410 abhorrens,
1767 4351 1821 4400 et
1850 4343 1955 4398 soli

381 4445 569 4499 divino
598 4440 791 4505 cultui,
821 4450 888 4495 ex
915 4444 1183 4495 immenso
1218 4453 1398 4493 rerum
1430 4436 1734 4493 ctelestium
1773 4449 1959 4490 amore

382 4536 637 4591 addictus
675 4554 688 4590 :
724 4535 818 4605 qui
846 4533 995 4587 hunc
1023 4530 1244 4586 modum
1269 4528 1505 4599 amplexi
1533 4536 1680 4593 sunt,
1714 4528 1869 4599 quasi
1888 4528 1958 4582 ab

381 4636 485 4685 hac
516 4629 730 4685 mortali
754 4627 868 4681 vita
907 4624 1163 4695 sejuncti,
1194 4623 1485 4693 ipsumque
1529 4622 1795 4676 duntaxat
1843 4637 1961 4677 cor-

383 4741 486 4796 pus
516 4724 568 4777 in
598 4728 743 4777 terra
776 4726 1050 4791 gerentes,
1086 4716 1417 4786 cogitatione
1442 4730 1572 4770 vero
1589 4722 1751 4785 atque
1773 4714 1957 4768 animo

381 4821 437 4875 in
460 4819 578 4890 ipso
603 4818 742 4873 coelo
770 4815 1064 4887 degentes,
1117 4813 1274 4885 quasi
1311 4812 1534 4883 quidam
1565 4812 1796 4874 caelites,
1829 4810 1958 4866 reli-

382 4927 612 4982 quorum
662 4906 945 4963 hominum
987 4908 1156 4962 vitam
1219 4905 1571 4976 deSpiciunt:
1611 4904 1813 4974 quippe
1863 4901 1957 4973 qui

382 5017 482 5071 pro
510 4998 768 5054 universo
796 5010 1016 5066 genere,
1042 5008 1296 5066 supremo
1320 4993 1566 5048 omnium
1591 4991 1703 5048 Deo
1756 4993 1956 5048 sacrati

382 5092 517 5156 sint,
550 5091 713 5160 idque
741 5104 849 5143 non
885 5090 1049 5143 boum
1096 5087 1523 5142 mactationibus
1549 5125 1564 5149 ,
1611 5100 1721 5139 non
1752 5084 1959 5139 cruori-

381 5185 506 5246 bus,
537 5197 646 5236 non
694 5179 1073 5243 libationibus,
1109 5188 1205 5234 aut
1255 5178 1447 5233 nidore
1479 5176 1613 5241 ullo,
1656 5191 1836 5246 neque
1871 5174 1954 5229 fu-

361 5290 493 5339 .tno,
526 5283 621 5327 aut
655 5272 797 5343 ignis
825 5271 1200 5333 devoratione,
1243 5270 1731 5338 consumptioneve
1759 5281 1955 5336 corpo-

384 5381 528 5429 rum,
551 5364 647 5420 sed
682 5364 851 5418 rectis
884 5379 1025 5419 vera:
1068 5364 1284 5429 pietatis
1307 5361 1618 5425 sententiis,
1651 5366 1707 5414 et
1739 5356 1956 5429 purgati

381 5456 549 5512 animi
578 5454 886 5514 aﬂ‘ectidne,
909 5453 977 5507 ad
1007 5455 1122 5508 haec
1163 5454 1421 5524 operibus
1474 5468 1695 5525 quoque
1730 5467 1795 5506 ac
1831 5466 1956 5507 ver-

378 5549 487 5609 bis,
524 5562 646 5617 qua:
678 5566 705 5599 a
731 5548 934 5603 virtute
961 5547 1403 5616 proﬁciscantur,
1439 5545 1643 5617 quibus
1674 5544 1839 5602 rebus
1871 5542 1955 5600 di—
1981 5576 1988 5583 -

454 5662 500 5733 l'
526 5700 722 5759 Jerem.
763 5718 911 5771 uxr,
947 5701 1134 5758 31-35.

2622 2599 2895 2667 διῄρηται
2913 2596 3076 2660 βίος.

2145 2695 2283 2749 Ἀλλ’
2321 2697 2350 2749 ὁ
2396 2694 2493 2764 μὲν
2523 2693 2582 2745 ἐν
2620 2689 2814 2754 πλαξὶν
2853 2686 3100 2757 ἀψύχοις,
3141 2685 3171 2736 ὁ
3200 2684 3246 2737 δ’
3282 2686 3340 2739 ἐν
3381 2685 3649 2752 διανοίαις

2063 2789 2265 2856 ζώσαις
2294 2788 2363 2842 τὰ
2406 2785 2588 2840 τέλεια
2625 2785 2724 2850 τῆς
2757 2779 2968 2849 Καινῆς
3009 2777 3284 2848 Διαθήκης
3328 2781 3645 2849 παραγγέλ-

2076 2895 2219 2950 ματα
2255 2874 2554 2947 ἐνέγραψεν
2573 2892 2588 2907 ο
2639 2875 2690 2927 οἱ
2741 2873 2798 2927 δέ
2830 2890 2894 2943 γε
2937 2872 3102 2927 αὑτοῦ
3154 2871 3394 2942 μαθηταὶ
3430 2868 3511 2939 τῷ
3544 2867 3646 2922 τοῦ

2072 2967 2391 3024 διδασκάλου
2435 2965 2664 3037 νεύματι
2708 2964 3039 3036 κατάλληλον
3098 2966 3221 3027 ταῖς
3271 2960 3381 3015 τῶν
3430 2959 3649 3013 πολλῶν

2074 3060 2265 3123 ἀκοαῖς
2313 3056 2622 3129 ποιούμενοι
2669 3056 2767 3127 τὴν
2820 3054 3164 3110 διδασκαλίαν
3182 3094 3196 3119 ,
3245 3054 3346 3107 ὃσα
3401 3051 3500 3122 μὲν
3546 3051 3648 3104 its

2075 3151 2176 3223 τὴν
2220 3150 2333 3218 ’ἐξιν
2365 3148 2713 3220 διαῦεὸηκόσι
2757 3147 2895 3219 πρὸς
2932 3145 3024 3200 τοῦ
3074 3145 3279 3200 τελείου
3325 3142 3655 3197 διδασκάλου

2062 3245 2432 3319 παρήγγελτο,
2462 3241 2635 3297 ταῦτα
2664 3240 2778 3303 τοῖς
2803 3238 2936 3300 οἵοις
2963 3252 3022 3288 τε
3045 3236 3241 3306 χωρεῖν
3267 3231 3647 3304 παρεδίδοσαν·

2062 3339 2163 3391 ὅσα
2196 3337 2254 3390 δὲ
2294 3338 2407 3398 τοῖς
2449 3332 2530 3386 ἐτι
2565 3330 2665 3395 τὰς
2700 3328 2878 3399 ψυχὰς
2906 3325 3198 3398 ἐμπαθέσι,
3223 3324 3317 3378 καὶ
3349 3321 3652 3395 θεραπείας

2061 3429 2333 3500 δεομένοις
2376 3423 2707 3496 ἐφαρμόζειν
2753 3418 3154 3490 ὑπελάμϐανον,
3183 3416 3357 3470 ταῦτα
3409 3431 3649 3483 συγκατο

2067 3523 2237 3584 ιόντες
2268 3522 2333 3591 τῇ
2368 3517 2476 3570 τῶν
2515 3515 2774 3570 πλειόνων
2811 3511 3087 3582 ἀσθενείᾳ,
3120 3510 3188 3564 τὰ
3220 3509 3317 3580 μὲν
3345 3507 3435 3561 διά
3462 3524 3655 3579 γραμ-

2067 3614 2274 3686 μάτων,
2315 3611 2383 3665 τά
2414 3610 2471 3663 δέ
2509 3609 2573 3662 δι’
2614 3605 2877 3677 ἀγράφων
2910 3601 3127 3674 θεσμῶν
3152 3600 3438 3671 φυλάττειν
3469 3616 3651 3670 παρε-

2062 3711 2305 3765 δίδοσαν⁸
2342 3711 2482 3765 ὥστε
2540 3708 2640 3779 ἥδη
2692 3706 2786 3760 καὶ
2822 3705 2889 3775 τῇ
2917 3699 3153 3774 Χριστοῦ
3210 3698 3507 3769 Ἐκκλησία
3549 3696 3651 3751 δύο

2066 3802 2195 3872 βίων
2218 3790 2672 3871 νενομοθετῆσθαι
2695 3794 2926 3869 τρόπους
2945 3811 2958 3824 ·
2989 3793 3082 3846 τὸν
3112 3792 3209 3863 μὲν
3233 3788 3511 3862 ὑπερφυῆ,
3544 3789 3650 3842 καὶ

2062 3894 2163 3964 τῆς
2202 3894 2392 3963 κοινῆς
2432 3891 2527 3944 καὶ
2560 3888 2907 3959 ἀνθρωπίνης
2954 3884 3228 3947 πολιτείας
3268 3883 3546 3941 ἐπέκεινα,
3583 3881 3650 3934 οὑ

2058 3987 2290 4057 γάμους,
2324 3985 2386 4037 οὑ
2413 3980 2775 4045 παιδοποιίας,
2804 3980 2924 4034 οὑδὲ
2940 3979 3150 4048 κτῆσιν,
3178 3975 3300 4030 οὑδέ
3326 3974 3651 4043 περιουσίας
3680 3988 3685 3999 '

2060 4076 2295 4149 ὕπαρξιν
2335 4073 2790 4149 παραδεχόμενον,
2824 4072 2945 4125 ὅλον
2983 4071 3042 4124 δέ
3074 4071 3141 4124 δι’
3180 4068 3302 4123 ὅλου
3334 4067 3431 4138 τῆς
3458 4068 3651 4139 κοινῆς

2058 4172 2153 4226 καὶ
2186 4169 2447 4242 συνήθους
2477 4168 2731 4221 ἁπάντων
2758 4162 3057 4236 ἀνθρώπων
3090 4162 3311 4233 ἀγωγῆς
3356 4160 3649 4232 παρηλλα-

2057 4262 2276 4332 γμένον,
2312 4262 2407 4314 καὶ
2444 4259 2581 4330 μόνῃ
2610 4259 2677 4329 τῇ
2709 4256 2804 4310 τοῦ
2830 4254 2964 4310 Θεοῦ
2991 4254 3259 4327 θεραπείᾳ
3298 4269 3651 4325 προσῳκειωι

2061 4353 2220 4424 μένον
2251 4351 2372 4406 καθ’
2418 4348 2723 4420 ὑπερϐολὴν
2773 4347 2974 4420 ἔρωτος
2996 4346 3279 4418 οὐρανίου’
3317 4345 3369 4397 oi
3396 4343 3462 4415 δὴ
3491 4342 3650 4397 τόνδε

2061 4444 2341 4514 μετιόντες
2361 4443 2450 4496 τὸν
2486 4442 2705 4514 τρόπον,
2726 4439 2835 4494 τῶν
2867 4438 3075 4510 θνητῶν
3115 4437 3228 4508 βίον
3260 4436 3515 4490 τεθνάναι
3558 4434 3651 4489 δο-

2057 4534 2299 4600 κοῦντες,
2335 4536 2430 4588 καὶ
2459 4534 2590 4588 αὑτὸ
2625 4530 2782 4606 μόνον
2801 4533 2863 4586 τὸ
2905 4531 3064 4602 σῶμα
3101 4529 3357 4601 φέροντες
3386 4527 3481 4580 ἐπὶ
3516 4526 3652 4598 γῆς⁹

2059 4630 2368 4700 φρονήματι
2399 4626 2456 4680 δὲ
2487 4626 2588 4698 τὴν
2617 4625 2793 4697 ψυχὴν
2810 4627 2889 4687 είς
2916 4621 3146 4694 οὐρανὸν
3168 4620 3646 4692 μετενηνεγμένα,

2057 4717 2146 4776 οἷά
2190 4737 2337 4782 τινες
2375 4718 2490 4772 θεοὶ
2511 4757 2527 4783 ,
2561 4717 2653 4771 τὸν
2691 4716 2802 4771 τῶν
2854 4714 3158 4787 ἀνθρώπων
3212 4711 3452 4783 ἐφορῶσι
3504 4710 3646 4782 βίον,

2058 4813 2198 4884 ὑπὲρ
2256 4810 2351 4864 τοῦ
2408 4809 2608 4873 παντὸς
2638 4808 2830 4878 γένους
2855 4804 3141 4878 ἱερωμένοι
3170 4802 3250 4874 τῷ
3285 4803 3379 4855 ἐπὶ
3423 4802 3649 4858 πάντων

2056 4903 2195 4975 Θεῷ,
2229 4903 2290 4957 οὑ
2324 4900 2636 4974 βουθυσίαις
2682 4900 2778 4955 καὶ
2822 4899 3067 4968 αἴμασιν,
3113 4893 3234 4949 οὐδὲ
3262 4891 3526 4969 ,σπονδαῖς
3548 4892 3649 4946 καὶ

2057 4996 2324 5059 κνίσσαις,
2368 4993 2484 5048 οὐδ’
2514 4989 2580 5048 αὖ
2610 4991 2803 5062 καπνῷ
2827 4989 2923 5044 καὶ
2960 4988 3133 5059 πυρὸς
3182 4983 3519 5055 ἀποϐρὼσει,
3550 4984 3649 5037 καὶ

2058 5090 2327 5160 σωμάτων
2380 5086 2626 5158 φθοραῖς,
2655 5084 2886 5155 δόγμασι
2916 5081 2973 5134 δὲ
3006 5079 3187 5151 ὀρθοῖς
3221 5074 3456 5147 ἀληθοῦς
3484 5076 3647 5127 εὑσε-

2057 5181 2233 5248 ϐείας,
2259 5178 2441 5251 ψυχῆς
2453 5194 2512 5231 τε
2542 5176 2778 5230 διαθέσει
2809 5170 3249 5243 κεκαθαρμένης,
3283 5167 3379 5221 καὶ
3413 5165 3646 5235 προσέτι

2062 5276 2174 5335 τοῖς
2220 5274 2342 5326 κατ’
2383 5270 2584 5342 ἀρετὴν
2626 5268 2806 5340 ἔργοις
2833 5284 2892 5319 τε
2926 5265 3021 5319 καὶ
3050 5263 3229 5333 λόγοις
3249 5277 3265 5294 ο
3297 5256 3378 5322 οἷς
3400 5259 3466 5311 τὸ
3486 5257 3642 5311 Θεῖον

2064 5360 2446 5431 ὲξιλεούμενοι,
2475 5359 2575 5430 τὴν
2615 5359 2756 5429 ὑπὲρ
2806 5356 2955 5425 σφῶν
2990 5352 3169 5407 αὐτῶν
3193 5351 3288 5405 καὶ
3314 5350 3422 5403 τῶν
3455 5347 3643 5417 σφίσιν

2062 5450 2334 5522 ὁμογενῶν
2386 5446 2741 5504 ἀποτελοῦσιν
2796 5445 3124 5518 ἱερουργίαν.
3163 5441 3380 5495 Τοιόσδε
3420 5439 3521 5510 μὲν
3548 5434 3644 5492 οὖν

2062 5541 2399 5614 καθέστηκεν
2444 5541 2474 5594 ό
2519 5539 2737 5611 ἐντελὴς
2781 5538 2881 5609 τῆς
2921 5535 3063 5592 κατά
3091 5536 3180 5589 τὸν
3213 5528 3645 5606 Χριστιανισμὺν
