3842 6218
150 310 224 365 τπ
1065 277 1732 361 θεωοΝετιιΑτιοιςιε

1846 305 2239 393 rancan
2270 307 2402 364 ue.
2439 308 2486 364 ι.
2837 331 2854 348 ~
3360 318 3425 373 τι

151 429 429 493 πολιτείας
456 428 681 499 τρόπος.
712 427 769 482 '0
787 426 831 480 δ’
848 425 1209 497 ὑποϐεϐηκὼς
1233 424 1739 496 ἀνθρωπινώτερος,

1846 425 2129 482 vinitatem
2164 427 2341 497 ipsam
2370 427 2652 497 placantes
2691 445 2853 486 suum
2882 438 2939 487 et
2981 446 3082 503 pro
3116 431 3335 503 seipsis,
3369 445 3427 488 et

146 516 260 585 οἷος
278 522 377 574 καὶ
397 521 598 591 γάμοις
616 519 961 588 συγκατιέναι
977 516 1219 588 σώφροσι
1244 517 1337 570 καὶ
1354 516 1741 582 παιδοποιίαις,

146 612 466 683 οἰκονομίας
488 630 548 666 τε
594 610 989 682 ἐπιμελεῖσθαι,
1022 613 1138 674 τοῖς
1176 628 1236 664 τε
1274 609 1419 664 κατὰ
1447 610 1509 664 τὸ
1538 611 1742 666 δίκαιον

148 705 609 775 στρατευομένοις
637 704 707 758 τὰ
737 703 989 775 πρακτέα
1035 701 1408 766 ὑποτίθεσθαι,
1436 701 1621 775 ἀγρῶν
1658 722 1739 767 τε,

148 795 242 849 καὶ
274 796 571 866 ἐμπορίας,
599 797 696 849 καὶ
723 796 820 866 τῆς
856 794 1023 865 ἄλλης
1053 793 1484 867 πολιτικωτέρας
1517 795 1742 865 ἀγωγῆς

153 885 292 956 μετά
345 885 443 938 τοῦ
487 884 777 949 θεοσεϐοῦς
829 885 1154 955 φροντίζειν,
1203 879 1285 948 οἷς
1312 884 1407 938 καὶ
1456 887 1741 956 ἀσκήσεως

145 978 355 1049 καιροὶ,
383 975 685 1047 μαθητείας
709 993 767 1028 τε
788 977 880 1028 καὶ
910 974 1017 1028 τῶν
1039 975 1197 1028 θείων
1229 975 1402 1045 λόγων
1428 978 1742 1050 ἀκροάσεως

147 1069 357 1141 ἡμέραι
404 1069 815 1141 ἀφωρίσθησαν.
864 1069 974 1122 Καί
1005 1086 1090 1132 τις
1128 1068 1340 1145 τούτοις
1375 1068 1625 1139 δεύτερος
1653 1072 1744 1122 εὑ-

150 1161 371 1225 σεϐείας
416 1160 738 1233 ἀπενεμήθη
783 1160 1018 1232 βαθμὸς,
1063 1160 1397 1234 κατάλληλον
1447 1163 1526 1234 τῷ
1562 1163 1743 1234 τοιῳδὶ

151 1252 251 1324 βίῳ
286 1255 547 1325 παρέχων
574 1254 676 1325 τὴν
701 1254 989 1323 ὠφέλειαν,
1018 1256 1094 1318 ὠς
1129 1255 1333 1325 μηδένα
1365 1256 1615 1327 ἀμοιρεῖν
1643 1256 1742 1326 τῆς

149 1347 424 1417 σωτηρίου
456 1347 779 1416 ἐπιφανείας
803 1364 815 1375 ·
857 1348 966 1399 πᾶν
989 1346 1046 1400 δὲ
1076 1347 1232 1415 γένος
1269 1347 1593 1420 ἀνθρώπων,
1631 1349 1745 1401 Ἐλ-

150 1435 327 1508 λήνων
341 1437 481 1507 ὁμοῦ
499 1438 593 1492 καὶ
615 1436 929 1510 βαρϐάρων,
950 1436 1052 1508 τῆς
1070 1438 1430 1510 εὐαγγελικῆς
1446 1438 1739 1493 ἀπολαύειν

148 1528 520 1593 διδασκαλίας.

1847 532 1949 589 pro
1975 517 2118 584 aliis,
2172 519 2268 589 qui
2301 519 2546 588 ejusdem
2576 521 2686 576 sint
2732 523 2949 593 generis
2982 562 2997 587 ,
3040 523 3426 579 administrant

1849 609 2242 665 sacerdotium.
2283 612 2391 682 30
2420 611 2484 667 Et
2504 612 2630 667 talis
2660 614 2879 683 quidem
2933 617 3155 671 exsistit
3186 617 3241 671 in
3265 616 3425 671 Chri-

1847 702 2138 757 stianismo
2162 702 2443 773 perfectus
2487 704 2612 759 vitae
2638 705 2855 761 modus.
2893 704 3043 762 Alter
3073 722 3204 763 vero
3230 708 3427 763 remis-

1846 795 1963 850 sior
2011 804 2178 867 atque
2209 797 2539 865 humanior;
2573 798 2664 853 hic
2692 807 2746 854 et
2779 799 3026 856 modesto
3060 802 3341 873 conjugio,
3372 811 3428 857 et

1849 888 2056 943 sobolis
2079 890 2468 959 procuratione
2489 890 2823 961 implicatur,
2845 899 2900 948 et
2922 893 3001 948 rei
3029 892 3316 951 familiaris
3331 911 3431 949 cu-

1853 992 1971 1032 ram
1995 981 2247 1045 assumit,
2282 989 2336 1035 et
2358 983 2508 1051 juste
2538 983 2935 1048 militantibus,
2965 1000 3086 1055 quae
3111 987 3221 1040 sint
3260 1002 3430 1057 agen-

1848 1070 1939 1137 da,
1970 1071 2233 1129 describit
2262 1093 2274 1126 :
2298 1089 2458 1145 agros
2479 1091 2720 1146 quoque,
2739 1084 2795 1132 et
2819 1085 3209 1143 mercaturam,
3228 1078 3426 1133 alium-

1845 1178 1953 1233 que
1986 1165 2159 1235 magis
2187 1165 2404 1220 civilem
2464 1166 2681 1221 vivendi
2730 1181 2962 1231 morem,
3003 1167 3265 1237 adjuncta
3296 1169 3427 1224 reii-

1846 1256 2007 1327 gione
2035 1267 2144 1311 non
2178 1258 2403 1329 negligit
2433 1277 2447 1312 :
2473 1258 2542 1315 iis
2569 1268 2751 1316 autem
2778 1262 2873 1332 qui
2902 1261 3052 1318 hunc
3074 1262 3296 1317 modum
3315 1263 3428 1318 cle-

1846 1355 2065 1417 gerunt,
2119 1355 2173 1404 et
2214 1350 2671 1405 exercitationum
2722 1362 3006 1422 tempora,
3049 1362 3105 1409 et
3151 1354 3426 1420 discendi.

1845 1439 2180 1510 verbumque
2227 1441 2472 1496 divinum
2519 1444 2813 1509 audiendi,
2845 1446 2981 1500 certi
3009 1445 3129 1503 dies
3162 1446 3428 1518 assignati

1844 1540 1974 1586 sunt
2012 1549 2027 1586 :
2062 1540 2116 1587 et
2151 1533 2237 1589 his
2279 1534 2502 1605 quidem
2546 1537 2824 1593 secundus
2867 1539 3086 1607 pietatis
3122 1539 3424 1593 attributus
3472 1604 3475 1609 ι

147 1632 234 1701 est
259 1626 491 1695 gradus,
523 1625 653 1680 dum
689 1635 872 1699 aptam
902 1627 1032 1685 huic
1066 1629 1171 1700 ipsi
1217 1628 1402 1699 generi
1455 1627 1581 1682 vita:
1628 1629 1833 1699 praebet
1874 1630 2187 1695 utilitatem,
2210 1638 2278 1685 aut
2342 1633 2527 1689 nullus
2584 1634 2750 1704 plane
2790 1636 2870 1691 ab
2925 1634 3159 1692 adventu
3199 1637 3429 1692 salutari

146 1728 463 1789 separetur,
506 1722 604 1777 sed
659 1738 822 1779 omne
868 1739 1043 1796 genus
1109 1724 1394 1782 hominum
1433 1731 1547 1778 tam
1585 1725 1968 1794 barbarorum,
2004 1741 2168 1797 quam
2217 1725 2555 1792 Graecorum,
2611 1730 2937 1802 evangelicae
2977 1731 3243 1788 doctrinae
3309 1732 3429 1787 fru-

148 1821 299 1867 ctum
323 1813 615 1883 percipiat.

686 1934 1091 2011 KEd’AAAlON.
1129 1933 1206 1987 θ’.

156 2022 219 2076 Τί
262 2021 494 2096 δήποτε
533 2024 656 2096 μὴμ
680 2027 895 2095 ὁμοίως
957 2027 1082 2093 τοῖς
1123 2028 1401 2093 παλαιοῖς
1453 2029 1551 2082 καὶ
1606 2028 1741 2096 παρ’

306 2094 457 2164 ἡμῖν
483 2093 560 2148 τὰ
582 2093 694 2162 τῆς
714 2093 1127 2164 ’πολυπαιδίας
1170 2097 1586 2159 σπουδάζεται.

218 2184 443 2240 Τούτων
472 2181 577 2240 ὧδε
608 2188 863 2259 ἐχόντων,
901 2188 1135 2260 ζητήσαι
1182 2191 1248 2245 ἀν
1309 2208 1394 2254 τις
1423 2192 1669 2259 εἰκότως,
1695 2194 1745 2247 εἰ

146 2275 213 2348 δὴ
234 2277 382 2331 κατά
406 2280 535 2342 τοὺς
564 2280 729 2333 πάλαι
752 2281 847 2333 καὶ
872 2282 1010 2350 πρὸς
1034 2283 1333 2347 Μωῦσέως,
1358 2282 1626 2353 θεοφιλεῖς
1651 2284 1747 2339 ἄν·

144 2365 283 2438 δρας
314 2369 416 2438 τὴν
440 2368 537 2422 τοῦ
566 2369 815 2440 Σωτῆρος
833 2371 990 2441 ἡμῶν
1015 2372 1376 2444 εὐαγγελικὴν
1395 2373 1744 2429 διδασκαλίαν

148 2455 429 2511 θεοσεϐεῖν
494 2459 848 2514 ὑποτίθεσθαί
880 2479 1090 2532 φαμεν·
1132 2462 1260 2533 μίαν
1283 2481 1343 2517 τε
1374 2464 1532 2536 ἡμῶν
1551 2483 1612 2518 τε
1641 2468 1742 2519 κά-

148 2549 350 2603 κείνων
406 2550 714 2617 εὐσέϐειαν,
765 2553 860 2605 καὶ
905 2552 1041 2607 Θεοῦ
1082 2554 1283 2627 γνῶσιν
1323 2555 1422 2628 τὴν
1455 2557 1625 2628 αὐτήν
1643 2575 1657 2587 ·
1691 2558 1744 2611 τί

144 2640 291 2712 δῆτα
315 2642 370 2694 οί
399 2641 502 2713 μὲν
547 2644 678 2713 περὶ
727 2644 938 2715 γάμους
973 2646 1067 2699 καὶ
1104 2647 1448 2711 παιδοποιίας
1482 2647 1746 2720 πλείστην

145 2732 376 2802 κισ-ἦγον
408 2734 668 2805 σπουδὴν,
704 2737 836 2806 ἡμῖν
864 2737 921 2791 δὲ
940 2737 1099 2791 τοῦτο
1123 2739 1520 2812 παραμελεῖται
1548 2740 1609 2794 τὸ
1646 2741 1744 2812 μέ-

146 2841 265 2894 ρος.
298 2825 416 2878 Καὶ
445 2827 610 2883 πάλιν
635 2831 684 2882 οί
716 2828 814 2899 μὲν
843 2833 962 2894 ταῖς
977 2831 1065 2886 διὰ
1093 2830 1248 2897 ζώων
1271 2832 1485 2898 θυσίαις
1512 2833 1747 2901 ὲξιλεού-

144 2932 307 2986 μενοι
321 2918 418 2971 τὸν
437 2918 571 2974 Θεὸν
597 2921 1011 2993 ἀνεγράφησαν·
1035 2927 1168 2995 ἡμῖν
1196 2924 1253 2977 δὲ
1270 2924 1538 2979 καὶτοῦτο
1570 2927 1747 2998 πράτ-

140 3024 288 3076 τειν,
321 3010 401 3076 ὥς
430 3030 484 3066 τι
512 3012 621 3066 τῶν
653 3014 903 3081 ἀνοσίων,
928 3017 1322 3089 ἀπηγόρευται.
1344 3016 1451 3070 Δύο
1481 3017 1591 3090 γάρ
1610 3019 1748 3089 μόνα

140 3103 345 3168 ταῦτα,
381 3105 445 3158 οὐ
480 3107 712 3177 σμικρὸν
744 3106 934 3178 ἔχοντα
980 3107 1157 3177 λόγον,
1186 3108 1386 3173 δόξειεν
1414 3109 1479 3163 ἂν
1509 3114 1621 3175 τοῖς
1657 3112 1746 3181 ὑφ’

142 3198 313 3270 ἡμῶν
360 3199 673 3270 εἰρημένοις
727 3201 1089 3264 ἀντιπίπτειν,
1136 3202 1214 3263 ὡς
1274 3201 1349 3273 μὴ
1396 3202 1540 3256 κατά
1573 3203 1749 3259 ταῦτα

2450 1932 2680 1989 CAPUT
2719 1933 2807 1991 IX.

1847 2019 2023 2089 Quam
2077 2021 2387 2078 obrcausam
2410 2040 2523 2100 non
2551 2034 2610 2100 ut
2633 2026 2798 2095 prisci
2851 2025 3062 2100 illi,_ita
3099 2044 3193 2082 nos
3228 2043 3432 2100 quoque

2077 2109 2372 2151 numerosa:
2400 2105 2407 2155 ς
2433 2094 2600 2150 soboli
2634 2094 2878 2166 operam
2920 2096 3140 2152 damus.

1914 2181 2052 2239 Cum
2087 2184 2203 2240 haec
2233 2185 2309 2241 ita
2334 2199 2395 2241 se
2416 2184 2691 2252 habeant,
2747 2188 2946 2243 merito
2984 2189 3201 2260 .aliquis
3222 2193 3431 2260 quaesi-

1845 2276 1970 2342 erit,
2000 2276 2047 2331 si
2070 2291 2200 2333 vere
2231 2277 2472 2332 dicimus
2501 2277 2571 2332 ab
2592 2279 2905 2349 evangelica
2923 2277 3225 2338 Salvatoris
3251 2284 3429 2339 nostri

1845 2368 2118 2435 doctrina,
2153 2381 2275 2423 eam
2304 2366 2477 2423 divini
2513 2368 2697 2423 cultus
2730 2368 3000 2424 rationem
3027 2368 3240 2436 doceri,
3260 2387 3427 2442 quam

1843 2460 2017 2530 prisci
2045 2460 2144 2524 illi,
2174 2460 2266 2529 qui
2288 2467 2414 2515 ante
2445 2458 2651 2516 Mosem
2678 2460 2932 2531 religiose
2959 2469 3015 2516 et
3068 2470 3259 2518 sancte
3274 2464 3428 2517 vixe-

1844 2559 1997 2616 runt,
2015 2548 2190 2604 secuti
2217 2558 2347 2603 sunt
2380 2569 2394 2604 :
2440 2565 2719 2620 unamque
2755 2566 2879 2606 esse
2909 2558 2966 2606 et
2996 2559 3263 2615 nostram,
3296 2561 3351 2606 et
3368 2553 3433 2607 il-

1845 2642 2026 2699 lorum
2054 2642 2394 2712 religionem,
2436 2643 2776 2714 eandemque
2804 2642 2874 2699 de
2908 2643 3018 2700 Deo
3047 2640 3376 2714 sententiam
3412 2661 3429 2700 :

1846 2726 2097 2808 quamam
2150 2750 2319 2792 causa
2354 2737 2428 2791 sit
2457 2775 2473 2802 ,
2506 2744 2565 2791 ut
2600 2737 2679 2791 illi
2714 2738 2937 2807 quidem
2994 2739 3051 2792 in
3115 2739 3323 2809 nuptiis
3375 2747 3432 2794 et

1845 2830 2229 2899 procreatione
2260 2828 2557 2884 liberorum
2590 2828 2886 2898 plurimum
2924 2829 3091 2885 studii
3121 2830 3427 2899 posuerint,

1846 2935 1949 2975 nos
1979 2935 2112 2975 vero
2137 2921 2278 2975 hanc
2296 2930 2516 2991 partem
2544 2920 2906 2992 negligamus.
2926 2918 3058 2974 Item
3088 2936 3214 2975 eum
3238 2921 3306 2978 de
3321 2923 3433 2979 illis

1849 3012 2112 3080 scriptum
2148 3011 2240 3077 sit,
2290 3011 2437 3080 quod
2484 3011 2802 3065 animalium
2841 3011 3085 3066 caadihus
3121 3010 3288 3066 Deum
3319 3015 3432 3082 pla-

1848 3107 2059 3165 carent,
2087 3116 2185 3154 cur
2218 3101 2293 3155 ita
2326 3116 2429 3154 nos
2487 3101 2633 3156 istud
2684 3100 2867 3169 facere
2890 3143 2905 3166 ,
2947 3104 3108 3172 quasi
3155 3102 3430 3159 nefarium

1848 3194 2132 3264 quidpiam
2209 3201 2264 3248 et
2348 3193 2677 3264 sacrilegum
2715 3233 2731 3258 ,
2812 3194 3229 3263 prohibeamur.
3302 3193 3431 3251 Haec

145 3291 241 3344 τὰν
278 3290 517 3344 παλαιὸν
554 3290 834 3357 σωζόντων
879 3292 980 3363 τῆς
1026 3293 1310 3357 εὐσεϐείας
1356 3294 1580 3365 τρόπον.
1634 3297 1739 3349 Καὶ

1849 3287 1997 3341 enim
2035 3286 2145 3341 duo
2182 3287 2448 3341 duntaxat
2484 3329 2499 3354 ,
2547 3302 2669 3356 quae
2727 3300 2862 3342 sane
2901 3286 3049 3341 haud
3100 3288 3253 3357 parvi
3312 3302 3432 3341 mo-

145 3381 291 3453 πρὸς
327 3382 485 3436 ταῦτ’
514 3379 608 3437 οὖν
671 3384 883 3439 τοιάνδε
934 3383 1085 3437 λύσιν
1129 3385 1187 3452 ἐξ
1235 3384 1416 3440 αὐτῶν
1478 3387 1744 3459 πάρεστιν

143 3473 520 3541 ἀναλέξασθαι
549 3474 658 3529 τῶν
680 3473 869 3549 [παρ’]
902 3476 1172 3549 Ἑϐραίοις
1186 3476 1383 3546 λογίων
1405 3497 1418 3509 ·
1438 3480 1608 3552 οἱμὲν
1638 3482 1745 3552 πρὸ

142 3566 433 3630 Μωῡσέως
464 3566 552 3620 ἐπ’
579 3567 836 3641 εὐσεϐείᾳ
867 3570 1372 3642 μεμαρτυρημένοι,
1400 3573 1574 3645 ἀρχὴν
1594 3574 1746 3645 έχον-

141 3673 240 3722 τος
270 3658 400 3712 τότε
420 3659 515 3712 καὶ
548 3660 939 3731 συνισταμένου
962 3660 1058 3715 τοῦ
1087 3662 1224 3732 βίου,
1253 3663 1508 3732 γενέσθαι
1538 3684 1746 3737 μνημο-

144 3751 434 3805 νεύονται·
463 3751 535 3807 τά
561 3752 617 3806 δὲ
649 3752 772 3806 καθ’
807 3754 957 3824 ἡμᾶς
992 3754 1120 3825 περὶ
1166 3754 1318 3818 τέλος
1349 3756 1615 3813 ἐλαύνειν.
1650 3759 1745 3812 Διὸ

145 3847 262 3908 τοῖς
301 3844 402 3914 μὲν
433 3845 831 3911 σπουδάζεσθαι
855 3846 954 3918 τὴν
980 3846 1088 3901 τῶν
1107 3848 1373 3921 διαδόχων
1403 3852 1643 3908 ἐπίδοσιν
1663 3854 1744 3917 εἰς

146 3936 392 3991 ἰολυανθ
399 3937 634 4010 ρωπίαν,
651 3938 907 4004 αὔξοντος
926 3944 1046 3995 κατ’
1074 3946 1249 3998 έκεῖνο
1266 3946 1479 4018 καιροῦ,
1498 3948 1593 4000 καὶ
1606 3947 1746 4017 πλη-

140 4029 428 4094 θύνοντος,
484 4033 566 4094 είς
601 4032 783 4103 ἀκμήν
822 4050 883 4086 τε
925 4036 1205 4104 προϊόντος
1245 4037 1338 4089 τοῦ
1391 4037 1502 4092 τῶν
1533 4037 1744 4110 ἀνθρώ-

150 4138 271 4176 nov
298 4124 495 4191 γένους
514 4138 528 4151 ·
552 4124 684 4193 ἡμῖν
708 4123 766 4176 δὲ
793 4124 868 4195 μὴ
898 4125 1103 4196 σφόδρα
1124 4143 1207 4179 τοι
1241 4126 1398 4181 τοῦτο
1434 4127 1638 4198 μέλειν,
1666 4129 1743 4193 ὡς

145 4213 217 4267 ἂν
247 4213 354 4284 ἤδη
378 4212 489 4266 τῶν
518 4216 861 4286 πραγμάτων
886 4216 1180 4284 φθινόντων
1212 4220 1308 4271 καὶ
1332 4218 1737 4290 ἀποληγόντων,

147 4305 245 4357 ἐπὶ
275 4305 458 4375 πέρας
487 4322 547 4357 τε
570 4305 797 4377 ἔσχατον
822 4306 1174 4372 ἐλαυνόντων,
1194 4309 1490 4381 διαρρήδην
1526 4311 1624 4381 τῆς
1645 4312 1740 4366 τοῦ

150 4395 268 4463 βίου
316 4395 651 4459 συντελείας,
696 4398 805 4469 πρὸ
842 4400 942 4470 τῆς
986 4400 1347 4471 εὐαγγελικῆς
1390 4402 1742 4466 διδασκαλίας

146 4486 243 4540 erit
273 4486 474 4558 θύραις
515 4486 762 4540 ἐλαύνειν
792 4486 1109 4560 λεγομένης,
1156 4489 1508 4554 ἀνανεώσεως
1543 4508 1601 4545 τε
1647 4493 1742 4545 καὶ

148 4579 580 4649 παλιγγενεσίας
618 4578 814 4644 αἰῶνος
838 4580 1053 4652 ἐτέρου,
1100 4582 1223 4635 ὅσον
1265 4581 1418 4636 οῦπω
1454 4582 1740 4653 μέλλοντος
1770 4629 1815 4683 D

144 4672 569 4743 ἐπιστήσεσθαι,
600 4675 1143 4745 προκηρυττομένης.
1185 4675 1300 4729 Μία
1333 4675 1433 4747 μὲν
1478 4671 1571 4728 οῦν
1601 4675 1738 4730 ἀπό-

136 4765 295 4829 δοσις
320 4766 463 4837 αῦτη
480 4783 497 4795 ο
525 4765 752 4837 δευτέρα
778 4766 822 4818 δ’
856 4766 923 4820 ἂν
948 4767 1035 4837 είη
1060 4767 1303 4837 τοιαύτη.
1340 4766 1465 4830 Τοῖς
1500 4766 1599 4836 μὲν
1628 4784 1737 4820 πα-

144 4856 344 4922 λαιοῖς,
373 4858 660 4927 ἀνειμένον
697 4858 793 4911 καὶ
821 4857 1107 4929 ἐλεύθερον
1140 4856 1385 4928 μετιοῦσι
1424 4855 1560 4927 βίον,
1586 4858 1738 4912 οὐδὲν

140 4945 215 5021 ἦν
244 4948 503 5022 ἐμποδὼν
533 4950 684 5004 οἴκου
713 4951 809 5004 καὶ
841 4949 1046 5004 παίδων
1077 4948 1441 5021 προΐστασθαι
1470 4948 1609 5020 μετὰ
1639 4950 1738 5022 τῆς

146 5043 278 5114 πρὶ
300 5041 367 5095 τὸ
390 5041 548 5095 Θεῖον
569 5041 787 5113 σχολῆς,
805 5042 994 5106 αὐταῖς
1015 5044 1301 5113 γαμεταῖς,
1325 5043 1422 5095 καὶ
1436 5041 1617 5108 παισὶ,
1643 5042 1739 5095 καὶ

144 5134 323 5198 οἴκοις
352 5133 626 5187 θεοσεϐεἶν
656 5120 1080 5204 ἀπερισπάστως
1115 5133 1450 5203 δυναμένοις,
1500 5134 1595 5188 καὶ
1631 5151 1738 5205 μη-

144 5226 339 5297 δαμῶς
370 5225 480 5279 ὑπὸ
517 5226 629 5280 τῶν
661 5225 820 5289 ἐκτὸς
864 5226 963 5296 τῆς
1002 5225 1130 5297 περί
1162 5225 1231 5279 τά
1264 5226 1497 5296 κρείττω
1544 5226 1741 5298 προθέ-

147 5336 287 5384 σεως
315 5319 741 5390 ἀποσπωμένοις
763 5335 778 5347 ·
814 5316 883 5370 τὰ
906 5317 962 5370 δὲ
996 5317 1117 5372 καθ’
1145 5319 1314 5388 ἡμᾶς,
1344 5318 1512 5390 μυρία
1541 5318 1609 5372 τὰ
1647 5319 1741 5371 έκ-

146 5412 236 5478 τὺς
265 5413 625 5478 καθέλκοντα,
658 5413 757 5467 καὶ
789 5414 869 5476 είς
904 5412 1223 5476 ἀλλοκότους
1270 5412 1559 5484 φροντίδας
1584 5429 1740 5483 περι-

149 5506 402 5579 mima,
429 5508 530 5579 τῆς
556 5524 620 5561 τε
646 5508 778 5579 περὶ
817 5505 885 5559 τά
923 5506 1043 5579 Θεῷ
1077 5506 1286 5581 ἀρεστά
1330 5505 1565 5576 σπουδῆς
1611 5507 1738 5576 ἀφι-

150 5600 351 5657 στάντα
394 5602 675 5673 τυγχάνει.
710 5600 882 5654 Τοῦτο
916 5602 1046 5670 γοῦν
1089 5601 1263 5657 αἴτιον
1309 5595 1448 5654 εἶναι
1495 5600 1591 5671 τῆς
1627 5599 1738 5653 τῶν

148 5693 343 5764 γάμων
373 5693 640 5766 συστολῆς
667 5693 997 5765 παρίστησιν
1018 5696 1046 5747 ό
1070 5694 1173 5764 τῆς
1196 5692 1560 5762 εὐαγγελικῆς
1587 5692 1737 5747 διδα-

156 5784 377 5852 σκαλίας
419 5785 599 5855 λόγος,
632 5786 857 5856 φάσκων
878 5805 893 5820 ·
948 5806 967 5841 ι
1007 5785 1176 5842 Τοῦτο
1208 5785 1267 5840 δέ
1299 5801 1462 5857 φημι,
1493 5784 1734 5856 ἀδελφοὶ,

1848 3383 2017 3437 menti
2066 3389 2213 3448 sunt,
2250 3383 2527 3454 putaverit
2572 3380 2847 3452 quispiam
2877 3420 2894 3447 ,
2941 3382 3010 3437 iis
3057 3397 3179 3454 quae
3211 3397 3242 3435 a
3272 3381 3432 3436 nobis

1846 3473 1995 3528 dicta
2025 3482 2174 3537 sunt,
2228 3474 2529 3539 adversari,
2580 3488 2791 3543 nosque
2826 3488 2938 3528 non
3003 3475 3154 3529 omni
3218 3475 3432 3534 ratione

1845 3565 2079 3621 eundem
2134 3581 2259 3620 eum
2331 3566 2536 3636 priscis
2582 3565 2715 3629 illis,
2794 3562 3007 3621 colendi
3070 3566 3168 3622 Dei
3222 3583 3431 3623 morem

1848 3674 2089 3715 servare.
2125 3659 2296 3729 Igitur
2333 3660 2498 3714 etiam
2525 3659 2792 3716 adversus
2818 3659 2955 3725 haec,
3000 3659 3164 3713 talem
3204 3660 3332 3715 licet
3362 3678 3431 3715 ex

1845 3752 1982 3822 ipsis
2065 3751 2417 3807 Hebraeorum
2497 3752 2736 3807 oraculis
2806 3751 3075 3805 rationem
3145 3751 3426 3822 colligere.

1804 3832 1809 3837 ’
1847 3846 2174 3915 Quicunque
2213 3854 2340 3900 ante
2396 3845 2600 3900 Mosem
2632 3845 2701 3899 de
2733 3843 2896 3898 laud’e
2939 3842 3164 3913 pietatis
3227 3859 3431 3903 nomen

1847 3938 2030 4008 adepti
2069 3945 2232 4002 sunt,
2264 3938 2318 3991 bi
2350 3945 2484 3992 tunc
2508 3938 2727 3991 initium
2763 3936 3020 3999 habente,
3051 3940 3294 4007 tuncque
3317 3935 3432 4006 pri-

1845 4048 1996 4088 mum
2027 4032 2329 4087 exsistente
2383 4031 2497 4085 vita
2530 4068 2546 4095 ,
2609 4029 2782 4085 fuisse
2832 4039 3253 4092 memorantur:
3308 4046 3433 4101 quae

1843 4142 1975 4183 vero
2020 4126 2089 4181 ad
2136 4140 2237 4180 nos
2286 4125 2579 4195 pertinent,
2640 4124 2873 4180 tendere
2912 4125 2982 4182 ad
3034 4126 3216 4181 ﬁnem.
3247 4124 3433 4192 Quare

1844 4220 1969 4275 illos
2001 4234 2200 4289 magna
2233 4234 2356 4273 cum
2384 4232 2549 4281 cura,
2583 4216 2791 4272 sobolis
2851 4217 3248 4273 incrementum
3277 4233 3431 4288 quae-

1844 4312 2061 4373 sivisse,
2096 4325 2222 4365 cum
2265 4325 2362 4380 per
2394 4308 2528 4363 illud
2558 4316 2774 4380 tempus
2829 4320 2883 4366 et
2937 4326 3201 4366 numerus
3254 4310 3432 4366 homi-

1842 4420 1976 4458 num
2012 4404 2116 4474 31
2158 4412 2476 4475 augesceret
2509 4412 2567 4458 et
2607 4404 3067 4473 multiplicaretur
3093 4445 3109 4468 ,
3162 4411 3327 4473 atque
3368 4404 3427 4459 in

1844 4496 1963 4552 dies
1991 4496 2160 4552 robur
2190 4498 2465 4566 acciperet
2484 4511 2657 4566 genus
2700 4496 2999 4551 humanum
3042 4515 3053 4549 :
3108 4495 3269 4550 nobis
3298 4510 3430 4551 vero

1840 4602 1955 4641 non
1983 4587 2277 4642 admodum
2309 4601 2457 4642 cura;
2481 4601 2603 4642 esse
2645 4586 2770 4647 hoc.
2796 4593 2984 4655 utpote
3014 4600 3139 4640 cum
3173 4600 3264 4640 res
3312 4583 3428 4653 jam

1844 4678 2072 4733 interire
2113 4693 2178 4733 ac
2219 4677 2508 4742 desinere,
2567 4683 2731 4746 atque
2782 4680 2850 4731 ad
2905 4682 3231 4731 extremum’
3268 4673 3430 4729 tinem

1845 4771 2066 4827 tendere
2092 4771 2388 4827 credantur
2414 4789 2427 4824 :
2462 4769 2684 4840 quando
2711 4769 2879 4839 plane
2898 4767 3122 4834 dicitur,
3154 4777 3282 4822 ante
3308 4766 3428 4822 vita

1844 4865 2407 4931 consummationem,
2458 4862 2829 4934 evangelicam
2882 4860 2940 4916 in
2992 4859 3204 4916 foribus
3233 4859 3427 4916 adesse

1844 4956 2195 5013 doctrinam:
2238 4964 2292 5011 et
2329 4953 2612 5011 renovatio
2656 4968 2723 5007 ac
2762 4953 3044 5025 generatio
3073 4953 3301 5011 alterius
3325 4966 3427 5017 sae.

1845 5050 1976 5114 culi,
1999 5048 2146 5121 quod
2176 5049 2330 5104 brevi
2358 5049 2526 5103 instet
2580 5046 2850 5113 futurum,
2881 5046 3263 5102 denuntiatur.
3307 5042 3426 5101 Una

1843 5140 2012 5212 igitur
2038 5140 2286 5195 defensio
2329 5139 2474 5203 haec,
2525 5138 2697 5192 altera
2730 5147 2913 5193 autem
2950 5140 3057 5192 erit
3085 5136 3424 5208 hujusmodi.

1842 5231 2050 5287 Priscis
2088 5231 2198 5286 illis
2253 5232 2348 5301 qui
2379 5230 2750 5287 remissiorem
2800 5245 2865 5284 ac
2907 5230 3221 5285 liberiorem
3261 5229 3442 5284 vitam.

1836 5323 2092 5393 agebant,
2123 5319 2258 5375 nihil
2285 5330 2403 5374 erat
2438 5318 2856 5388 impedimento,
2886 5334 2954 5374 ne
2979 5318 3164 5374 domui
3203 5316 3424 5372 liberis-

1837 5429 1946 5484 que
1969 5418 2286 5483 praeessent,
2313 5426 2375 5465 ac
2409 5411 2614 5480 pariter
2661 5410 2860 5464 divinae
2898 5425 3117 5480 quoque
3151 5406 3227 5464 rei
3258 5420 3424 5460 vaca-

1835 5513 1981 5567 rent,
2005 5503 2226 5574 quando
2251 5517 2359 5557 una
2389 5517 2514 5556 cum
2544 5502 2811 5557 uxoribus
2842 5512 2897 5556 et
2925 5500 3131 5566 liberis,
3159 5505 3213 5553 et
3238 5497 3424 5559 domo,

1836 5598 2097 5675 religioni
2118 5596 2394 5653 assiduam
2439 5595 2571 5651 dare
2608 5609 2832 5665 operam
2871 5600 3155 5663 poterant,
3207 5599 3263 5646 et
3291 5605 3422 5645 nus-

1843 5706 2008 5762 quam
2053 5690 2124 5746 ob
2158 5689 2299 5744 ullas
2342 5704 2432 5745 res
2485 5698 2741 5745 externas
2799 5704 2829 5741 a
2874 5688 3097 5742 meliore
3141 5686 3423 5755 promsito

1845 5782 2237 5839 avellebantur.
2297 5780 2405 5839 Res
2446 5797 2578 5839 vero
2622 5790 2824 5839 nostrae
2877 5777 3297 5837 innumerabilia
3327 5778 3419 5834 hs-
