3842 6218
395 331 462 386 79
1063 322 1336 386 EUSEBII
1372 320 1855 386 CESARIENSIS
1893 322 2046 386 OPP.
2089 327 2275 384 PARS
2303 327 2367 383 ll.
2408 358 2476 370 —
2502 324 3008 382 APOLOGETICA.
3591 323 3663 384 80

391 450 541 513 bent,
573 462 693 518 quae
711 446 1055 502 extrinsecus
1091 455 1340 517 premant
1361 490 1375 513 ,
1427 455 1480 503 et
1508 463 1628 518 quae
1677 448 1733 501 in
1765 447 1940 500 aliena

2071 447 2101 499 6
2135 446 2326 518 καιρὸς
2359 446 2809 516 συνεσταλμένος.
2845 444 2918 498 T6
2947 444 3132 498 λοιπόν
3166 445 3334 510 ἐστιν,
3373 445 3460 500 ἵνα
3485 446 3584 502 καὶ
3608 449 3659 501 οἰ

389 556 552 597 curas
579 540 818 610 undique
853 540 1090 605 trahant,
1115 547 1170 594 et
1214 540 1282 594 ab
1313 555 1502 595 earum
1535 555 1716 594 rerum
1747 538 1930 593 studio
1952 579 1967 604 ,

389 649 512 704 qua
543 633 651 688 Deo
701 634 954 704 placent,
1008 632 1302 687 abducant.
1353 632 1507 687 Hanc
1549 633 1712 703 igitur
1742 646 1968 687 causam

388 743 532 792 esse,
571 744 670 783 cur
711 727 952 782 nubendi
1013 729 1153 783 ratio
1206 730 1548 784 contrahitur
1576 771 1592 795 ,
1641 731 1970 801 evangelica:

389 822 655 878 doctrina:
683 823 908 878 verbum
935 823 1273 878 demonstrat
1301 865 1315 887 ,
1371 824 1461 878 ubi
1495 825 1570 879 ait
1603 844 1614 879 :
1655 845 1673 878 ι
1714 825 1830 882 Ιλίοο
1868 843 1968 882 au-

387 927 498 971 tem
531 916 655 970 dico
682 915 899 983 fratres,
932 924 1147 987 tempus
1179 916 1341 972 breve
1368 909 1793 987 estRcliquum
1836 926 1921 975 est
1949 961 1964 987 ,

387 1019 448 1064 ut
479 1018 532 1065 et
563 1009 654 1080 qui
699 1009 902 1064 habent
940 1025 1172 1077 uxores,
1219 1017 1481 1080 tanquam
1534 1027 1644 1065 non
1700 1011 1966 1066 habentes

387 1101 493 1156 sint
532 1117 544 1151 :
581 1109 635 1154 et
686 1099 779 1170 qui
815 1098 974 1166 flent,
1017 1109 1274 1170 tanquam
1335 1117 1445 1156 non
1497 1099 1690 1158 flentes
1722 1122 1734 1156 :
1767 1110 1822 1158 et
1870 1104 1965 1174 qui

385 1191 644 1261 gaudent,
678 1198 937 1259 tanquam
992 1207 1099 1244 non
1133 1191 1432 1261 gaudentes
1465 1213 1478 1248 :
1511 1200 1565 1249 et
1609 1194 1702 1262 qui
1733 1203 1923 1249 emunt
1945 1237 1960 1262 ,

385 1292 646 1348 tanquam
701 1297 809 1336 non
869 1281 1268 1352 possidentes:
1327 1290 1382 1339 et
1431 1286 1524 1354 qui
1583 1293 1811 1340 utuntur
1855 1286 1961 1342 hoc

367 1369 596 1432 mundo,
636 1377 893 1440 tanquam
938 1389 1046 1427 non
1080 1374 1384 1430 abutentes.
1426 1373 1670 1430 Praeterit
1693 1379 1838 1432 enim
1875 1378 1938 1431 fi-

373 1470 508 1528 gura
536 1460 697 1530 hujus
718 1463 939 1531 mundi;
963 1466 1086 1520 volo
1109 1475 1288 1520 autem
1318 1481 1414 1521 vos
1437 1468 1554 1521 sine
1575 1468 1938 1522 sollicitudine

373 1564 496 1606 esse
526 1567 540 1603 :
571 1552 664 1622 qui
696 1553 822 1608 sine
854 1571 1026 1612 uxore
1067 1565 1168 1622 est,
1204 1557 1470 1612 sollicitus
1506 1568 1587 1613 est
1619 1559 1686 1614 de
1719 1560 1786 1614 iis
1817 1571 1936 1628 qua:

2075 539 2287 610 ἔχοντες
2310 543 2570 608 γυναῖκας
2603 539 2680 603 ὡς
2712 539 2786 611 μὴ
2810 538 3022 610 ἔχοντες
3054 531 3177 602 ῶσι,
3218 541 3312 593 καὶ
3354 541 3403 594 οἰ
3440 540 3661 594 κλαίονν

2022 645 2038 667 ‘
2072 652 2164 698 τες
2194 633 2270 697 ὼς
2299 632 2374 704 μὴ
2399 631 2696 694 κλαίοντες,
2727 631 2822 684 καὶ
2844 633 2893 684 οἰ
2925 631 3213 702 χαίροντες
3239 629 3314 693 ὡς
3344 632 3418 702 μὴ
3448 632 3663 704 χαίρον-

2070 742 2182 790 τες,
2223 724 2319 777 καὶ
2362 724 2413 775 οἰ
2459 721 2821 794 ἀγοράζοντες
2861 721 2936 786 ὡς
2973 722 3048 794 μὴ
3096 723 3437 793 κατέχοντες,
3469 725 3566 778 καὶ
3606 725 3660 778 οί

2070 816 2342 890 χρώμενοι
2383 814 2464 886 τῷ
2506 815 2696 885 κόσμῳ
2735 815 2910 885 τούτῳ
2967 813 3044 878 ὡς
3095 816 3168 886 μὴ
3214 815 3653 887 καταχρώμενοι.

2070 910 2317 981 Παράγει
2349 908 2457 980 γὰρ
2485 908 2547 961 τὸ
2595 908 2782 979 σχῆμα
2814 907 2907 961 τοῦ
2934 909 3140 980 κόσμου
3169 908 3360 962 τούτου
3379 925 3392 940 ·
3424 907 3562 965 θέλω
3595 911 3656 967 δὲ

2070 1004 2214 1074 ὑμᾶς
2259 1001 2594 1074 ἀμερίμνους
2637 999 2804 1056 εἰναι·
2845 1003 2873 1054 6
2921 1001 3132 1073 ἄγαμος
3178 1004 3416 1076 μεριμνᾷ
3445 1003 3514 1058 τὰ
3555 1003 3653 1058 τοῦ

2066 1095 2299 1168 Κυρίου,
2345 1095 2462 1158 πῶς
2502 1094 2678 1168 ἀρέσῃ
2724 1093 2803 1164 τῷ
2832 1095 3054 1167 Κυρίῳ·
3101 1097 3130 1148 6
3165 1094 3223 1147 δὲ
3263 1097 3518 1167 γαμήσας
3549 1112 3653 1167 με-

2069 1189 2238 1260 ριμνᾷ
2283 1187 2353 1241 τὰ
2401 1186 2493 1240 τοῦ
2528 1186 2756 1258 κόσμου,
2792 1187 2908 1250 πῶς
2953 1187 3125 1260 ἀρέσῃ
3164 1189 3232 1258 τῇ
3280 1190 3521 1256 γυναικὶ,
3555 1190 3653 1244 καὶ

2066 1281 2417 1351 μεμέρισται.
2464 1278 2574 1331 Καὶ
2619 1279 2652 1349 ἡ
2682 1277 2818 1349 γυνὴ
2851 1279 2884 1349 ἡ
2925 1276 3157 1346 ἄγαμος,
3186 1277 3279 1330 καὶ
3307 1280 3340 1348 ἡ
3380 1278 3654 1351 παρθένος

2068 1370 2308 1440 μεριμνᾷ
2338 1367 2406 1421 τὰ
2441 1367 2534 1421 τοῦ
2563 1367 2791 1439 Κυρίου,
2831 1368 2918 1420 ἵνα
2950 1367 3120 1439 ἀρέσῃ
3151 1367 3228 1440 τῷ
3253 1368 3462 1439 Κυρίῳ,
3498 1371 3585 1423 ῐνα

2065 1462 2195 1531 ἀγία
2235 1461 2329 1515 καὶ
2357 1460 2437 1532 τῷ
2470 1459 2703 1532 σώματι,
2750 1461 2846 1514 καὶ
2876 1459 2954 1531 τῷ
2980 1459 3250 1530 πνεύματι
3269 1477 3284 1490 ο
3312 1462 3345 1531 ἡ
3381 1461 3438 1513 δὲ
3467 1464 3656 1533 γαμή-

2066 1571 2206 1608 σασα
2242 1554 2481 1626 μεριμνᾷ
2508 1551 2575 1606 τὰ
2605 1551 2700 1605 τοῦ
2744 1552 2971 1622 κόσμου,
3009 1552 3126 1616 πῶς
3154 1553 3328 1626 ἀρέσῃ
3359 1552 3436 1624 τῷ
3469 1553 3651 1625 ἀνδρί.

379 1636 595 1693 Domini
625 1652 772 1708 sunt,
801 1645 1076 1713 quomodo
1116 1647 1328 1716 placeat
1359 1647 1606 1704 Domino.
1639 1649 1745 1716 Qui
1775 1659 1944 1707 autem

2065 1638 2234 1700 Τοῦτο
2261 1646 2316 1699 δὲ
2345 1645 2482 1716 πρὸς
2510 1644 2572 1698 τὸ
2605 1642 2760 1714 ὑμῶν
2788 1642 3064 1714 συμφέρον
3087 1642 3248 1709 λέγω,
3279 1643 3377 1714 οὐχ
3405 1643 3491 1698 ἵνα
3522 1643 3655 1715 βρόο

376 1744 500 1784 cum
527 1747 699 1787 uxore
722 1741 828 1801 est,
867 1736 1138 1792 sollicitus
1169 1745 1252 1794 est
1291 1739 1358 1794 de
1381 1740 1470 1806 iis,
1500 1757 1621 1812 qua:
1649 1752 1778 1797 sunt
1799 1760 1944 1799 muns

2061 1755 2157 1810 χον
2190 1739 2318 1810 ὑμῖν
2347 1737 2641 1801 ἐπιϐάλλω,
2677 1735 2815 1790 ἀλλά
2847 1735 2985 1806 πρὸς
3018 1735 3078 1788 τὸ
3108 1734 3383 1807 εῠσχημον
3429 1737 3524 1790 καὶ
3555 1736 3652 1790 εῠο

359 1819 453 1885 'di,
488 1824 764 1892 quomodo
792 1825 1003 1894 placeat
1024 1829 1203 1896 uxori,
1227 1837 1280 1884 et
1305 1830 1513 1887 divisus
1531 1841 1635 1890 est.
1667 1833 1734 1889 Et
1763 1837 1944 1891 mulier

2063 1832 2334 1904 πάρεδρον
2390 1831 2468 1902 τῷ
2517 1829 2709 1902 Κυρίῳ
2759 1828 3204 1900 ἀπερισπάστως.
3260 1846 3279 1878 ι
3339 1826 3655 1900 Διαῤῥήδην

371 1911 626 1982 innupta,
659 1921 714 1969 et
745 1914 900 1986 virgo
929 1919 1134 1987 cogitat
1163 1935 1284 1989 quae
1329 1919 1544 1978 Domini
1579 1935 1728 1992 sunt,
1762 1937 1820 1982 ut
1841 1927 1944 1997 pla

2064 1919 2195 1989 γοῦν
2223 1923 2280 1974 ἐν
2300 1918 2509 1983 τούτοις
2532 1919 2593 1972 τὸ
2619 1917 2791 1972 αῐτιον
2816 1916 2916 1988 τῆς
2945 1917 3156 1987 ἀποχῆς
3189 1917 3282 1970 τοῦ
3305 1919 3484 1988 γάμου
3503 1936 3652 1990 παρ-

377 2013 494 2058 aeat
516 2003 766 2070 Domino,
788 2015 847 2060 ut
867 2007 937 2063 sit
961 2017 1148 2064 sancta
1173 2020 1225 2067 et
1243 2028 1473 2085 corpore
1497 2024 1550 2072 et
1570 2019 1766 2088 spiritu
1793 2039 1805 2074 :
1837 2036 1944 2092 qua

2067 2010 2268 2083 ίστησι,
2312 2012 2410 2083 τὴν
2457 2010 2566 2065 τῶν
2594 2010 2823 2082 καιρῶν,
2874 2011 2967 2064 καὶ
2990 2010 3098 2063 τῶν
3121 2009 3278 2073 ἐκτὸς
3303 2011 3653 2082 πραγμάτων

371 2104 555 2151 autem
579 2105 744 2168 nupta
770 2107 875 2165 est,
906 2101 1110 2172 cogitat
1137 2119 1258 2173 qum
1288 2113 1415 2160 sunt
1440 2107 1650 2175 mundi,
1680 2113 1944 2181 quomodc

2063 2101 2384 2172 ἀϐελτερίαν
2423 2101 2901 2172 ἐπιμεμψάμενος,
2931 2094 3007 2156 ὧν
3045 2101 3196 2153 οὐδὲν
3240 2103 3351 2164 τοῖς
3396 2101 3653 2165 παλαιοῖς

371 2186 586 2257 placeat
615 2188 751 2242 viro.
786 2188 958 2246 Porro
986 2192 1090 2247 hoc
1122 2194 1189 2248 ad
1223 2195 1510 2252 utilitatem
1535 2208 1776 2256 vestram
1808 2203 1944 2268 dico,

2062 2193 2420 2264 προσέπιπτε.
2447 2193 2559 2246 Καὶ
2592 2194 2775 2264 τρίτος
2816 2192 2860 2245 δ’
2885 2192 2950 2246 ἂν
2971 2193 3055 2263 είη
3087 2193 3238 2262 παρά
3265 2191 3437 2246 ταῦτα
3464 2192 3649 2261 λόγος,

371 2291 481 2332 non
507 2287 564 2332 ut
603 2278 857 2349 laqueum
897 2282 1052 2337 vobis
1108 2283 1348 2355 injiciam
1375 2329 1390 2354 ,
1439 2287 1533 2343 sed
1593 2288 1661 2344 ad
1712 2291 1766 2346 id
1807 2293 1944 2362 quod

2062 2283 2185 2337 καθ’
2210 2284 2269 2338 ὃν
2295 2287 2344 2338 οἰ
2361 2284 2527 2338 πάλαι
2553 2285 2816 2352 θεοφιλεῖς
2840 2285 3181 2348 παιδοποιίας
3215 2285 3471 2356 πλείστην
3497 2289 3652 2338 ἐποιο

368 2369 662 2426 honestum
693 2380 799 2437 est,
823 2381 874 2428 et
897 2374 1041 2445 quod
1074 2375 1382 2433 facultatem
1413 2380 1672 2450 praabeat,
1703 2385 1822 2440 sine
1849 2387 1952 2440 int-

367 2462 682 2533 pedimento
708 2463 993 2521 Dominum
1025 2469 1354 2524 obsecrandi
1393 2472 1456 2528 ".
1497 2492 1515 2526 ›
1561 2470 1746 2530 Palam
1787 2477 1954 2550 igitur

367 2554 422 2608 in
451 2554 539 2610 his
569 2570 816 2622 causam,
842 2575 943 2613 cur
972 2577 1001 2616 a
1033 2563 1240 2633 nuptiis
1292 2564 1364 2619 sit
1408 2565 1795 2622 abstinendum
1822 2585 1950 2640 pro-

363 2647 565 2716 ponit,
615 2650 708 2705 ubi
765 2660 1070 2722 temporum
1133 2671 1426 2727 rerumque
1466 2661 1811 2718 extrinsecus
1864 2664 1949 2718 in-

363 2742 679 2810 gruentium
710 2744 1061 2801 stoliditatem
1106 2749 1454 2818 reprehendit
1485 2771 1497 2805 :
1530 2767 1766 2823 quorum
1810 2757 1948 2812 nihil

361 2831 562 2901 priscis
588 2833 696 2888 illis
735 2835 1039 2891 accidebat.
1077 2838 1158 2893 Ad
1190 2840 1325 2907 haec,
1367 2843 1528 2897 tertia
1561 2859 1780 2917 quoque
1805 2849 1947 2904 ratio

364 2923 586 2994 adjungi
619 2932 820 2994 potest,
848 2936 1072 2997 propter
1103 2945 1269 3000 quam
1296 2939 1508 2990 veteres
1534 2935 1611 2990 illi
1645 2937 1739 2992 Dei
1775 2939 1949 2995 culto-

361 3029 472 3081 res,
503 3015 558 3069 in
588 3017 968 3086 procreatione
991 3019 1288 3076 liberorum
1315 3023 1612 3093 plurimum
1641 3029 1806 3084 studii
1832 3031 1946 3086 col-

358 3103 627 3161 locarent.
655 3106 791 3162 Cum
816 3109 1011 3180 reliqui
1044 3110 1294 3170 homines
1335 3114 1391 3170 in
1425 3132 1638 3173 morum
1671 3125 1945 3192 perversi-

2058 2377 2216 2430 οὖντο
2272 2378 2526 2448 σπουδήν.
2563 2377 2683 2430 Τῶν
2710 2376 2911 2430 λοιπῶν
2940 2377 3242 2448 ἀνθρώπων
3269 2378 3348 2440 εἰς
3379 2393 3621 2448 κακοτρο

2060 2471 2192 2524 πίαν
2240 2469 2552 2537 ἐπιδόντων,
2601 2471 2682 2534 εἰς
2725 2469 2998 2541 ἀνήμερόν
3035 2487 3097 2522 τε
3143 2471 3236 2522 καὶ
3276 2469 3650 2542 ἀπάνθρωπον

2059 2567 2151 2620 καὶ
2183 2564 2420 2636 θηριώδη
2450 2563 2563 2635 βίον
2587 2565 3085 2629 ἀποπεπτωκότων,
3113 2564 3193 2628 εἴς
3220 2582 3280 2617 τε
3312 2563 3482 2636 ἀσεϐῆ
3509 2580 3645 2620 παν-

2055 2661 2226 2726 τελῶς
2279 2664 2372 2718 καὶ
2417 2663 2574 2719 ἀθεον
2632 2659 2833 2732 τρόπον
2885 2657 3365 2728 ἀπωλισθηκότων,
3421 2656 3648 2728 βραχεῖς

2057 2753 2264 2825 σφόδρα
2303 2754 2397 2807 καὶ
2440 2752 2661 2826 ἀριθμῷ
2690 2750 2886 2824 ληπτοὶ
2917 2749 3355 2821 περιλειπόμενοι
3387 2750 3530 2804 κατὰ
3574 2751 3646 2806 τὰ

2053 2844 2292 2917 πρόσθεν
2324 2848 2458 2917 ἡμῖν
2486 2844 2753 2915 εἰρημένα
2793 2841 2888 2895 τοῦ
2913 2841 3022 2894 τῶν
3049 2841 3258 2895 πολλῶν
3284 2840 3648 2906 ὑπεξίσταντο

2057 2938 2192 3009 βίου,
2233 2939 2325 2992 καὶ
2351 2937 2450 3007 τῆς
2487 2937 2671 3006 κοινῆς
2698 2934 2806 2988 τῶν
2836 2933 3040 2987 λοιπῶν
3079 2933 3381 3005 ἀνθρώπων
3413 2949 3643 2986 συνανα-

2054 3030 2314 3102 στροφῆς.
2369 3027 2807 3100 Κεχωρισμένως
2841 3027 2886 3080 δ’
2934 3023 3028 3080 οὖν
3078 3025 3188 3080 τῶν
3230 3025 3404 3077 ἀλλων
3444 3023 3641 3091 ἐθνῶν,

2054 3121 2150 3174 καὶ
2185 3118 2328 3173 κατὰ
2365 3119 2534 3190 μόνας
2577 3117 2838 3188 βιοῦντες,
2874 3116 3148 3170 πολιτείαν
3181 3115 3359 3186 ξένην,
3391 3115 3488 3167 καὶ
3523 3115 3642 3184 βίον

357 3206 470 3253 tate
500 3201 678 3270 majus
708 3201 765 3257 in
802 3203 920 3258 dies
952 3203 1352 3262 incrementum
1385 3212 1750 3283 accepissent,
1781 3224 1944 3289 atque

2053 3211 2364 3282 φιλόσοφον,
2397 3211 2492 3263 καὶ
2535 3209 2610 3274 ὼς
2641 3209 2858 3280 ἀληθῶς
2899 3207 3148 3279 θεοσεϐῆ,
3181 3207 3276 3260 καὶ
3312 3209 3426 3270 τοῖς
3457 3205 3641 3271 ἀλλοις

359 3290 416 3344 in
449 3290 766 3360 immanem,
800 3294 908 3365 32
940 3304 994 3351 et
1028 3296 1097 3351 ab
1126 3299 1276 3354 omni
1315 3299 1656 3361 humanitate
1689 3307 1943 3377 alienam,

355 3390 413 3438 et
434 3384 596 3454 plane
625 3385 856 3440 ferinam
891 3389 1056 3443 vitam
1095 3389 1295 3461 relapsi
1327 3405 1531 3463 essent,
1553 3405 1608 3452 et
1633 3398 1686 3453 in
1717 3400 1943 3472 impium

356 3491 607 3548 prorsus,
636 3479 897 3550 omnique
923 3482 1174 3553 religioni
1212 3484 1493 3540 inimicum
1523 3504 1752 3558 morem,
1787 3493 1945 3550 facile

354 3571 699 3626 corruissent
726 3591 739 3628 :
778 3573 933 3628 valde
959 3576 1142 3644 pauci,
1165 3583 1219 3630 et
1251 3575 1409 3633 facile
1434 3583 1826 3648 numerabiles,
1847 3589 1942 3657 qui

353 3673 698 3734 supererant,
741 3682 806 3722 ea
835 3675 1142 3734 sectantes,
1179 3685 1300 3739 qua:
1344 3673 1497 3742 prius
1527 3689 1558 3727 a
1590 3677 1749 3732 nobis
1799 3679 1944 3734 dicta

352 3762 507 3819 sunt,
535 3771 564 3809 a
613 3757 910 3811 multorum
941 3760 1339 3816 consuetudine
1369 3772 1422 3817 et
1451 3777 1482 3816 a
1511 3769 1785 3821 communi
1817 3783 1942 3824 cum

351 3849 581 3920 reliquis
609 3848 926 3905 hominibus
954 3851 1100 3906 victu
1119 3895 1134 3920 ,
1168 3869 1228 3910 se
1260 3858 1608 3913 amovebant.
1642 3857 1812 3915 Porro
1839 3877 1939 3916 au-

352 3953 460 3996 tem
499 3957 624 3996 cum
655 3956 903 3997 seorsum
949 3943 1018 3998 ab
1057 3945 1179 4002 aliis
1208 3949 1464 4018 gentibus
1492 3991 1507 4015 ,
1566 3950 1942 4024 singularique

351 4049 506 4090 more
535 4034 804 4100 viverent,
828 4050 1027 4089 novam
1072 4039 1350 4108 quandam
1404 4039 1738 4112 Reipublicm
1775 4046 1941 4101 ratio-

351 4142 498 4193 nem,
531 4132 810 4198 vitamque
839 4127 1140 4183 studiosam
1165 4133 1467 4202 sapientiae,
1496 4152 1733 4208 vereque
1765 4138 1939 4208 ipsius

351 4218 445 4273 Dei
470 4219 778 4283 cultricem,
805 4226 858 4272 et
881 4220 1108 4290 reliquis
1130 4221 1445 4281 hominibus
1471 4226 1935 4298 impermiscuam,

351 4309 728 4364 instituerunt.
764 4307 839 4364 Ut
870 4310 1036 4381 igitur
1061 4315 1298 4382 posteris
1321 4331 1540 4386 quoque
1569 4317 1788 4372 illorum
1817 4335 1940 4389 pro-

350 4398 485 4470 pria:
512 4401 814 4470 religionis,
834 4410 1090 4471 tanquam
1117 4404 1354 4459 scintilla
1371 4408 1617 4478 quaedam
1645 4412 1935 4480 reparandi

349 4491 515 4560 ignis,
549 4492 624 4546 ita
655 4492 876 4562 aliquod
909 4508 1093 4548 semen
1128 4506 1457 4564 servaretur,
1482 4515 1660 4570 neque
1682 4518 1789 4556 una
1807 4519 1930 4562 cum

2051 3302 2360 3374 ἀνθρώποις
2390 3301 2748 3371 ἀνεπίμικτον
2775 3298 3112 3353 συνίσταντο.
3146 3298 3240 3352 Ἰν’
3267 3293 3360 3352 οὖν
3394 3297 3491 3351 καὶ
3523 3301 3641 3361 τοῖς

2048 3397 2348 3470 μετέπειτα
2375 3395 2475 3467 τῆς
2499 3395 2706 3458 οἰκείας
2736 3391 3046 3455 θεοσεϐείας
3080 3390 3331 3464 ζώπυρω
3363 3389 3425 3455 ἐξ
3453 3390 3639 3447 αὐτῶν

2048 3490 2273 3560 σπέρμα
2311 3487 2652 3558 φυλάττοιτο,
2704 3485 2824 3556 μηδ’
2850 3484 3062 3538 ἐκλίποι
3090 3483 3187 3537 καὶ
3231 3482 3486 3537 ἀπόλοιτο
3517 3482 3638 3554 ἅμα

2044 3587 2113 3655 τῇ
2145 3581 2256 3636 τῶν
2297 3578 2509 3651 ἀνδρῶν
2555 3578 2778 3648 τελευτῇ
2818 3576 2887 3630 τὰ
2922 3576 3024 3646 τῆς
3073 3577 3194 3629 κατ’
3237 3575 3434 3639 αὐτοὺς
3481 3576 3640 3628 εὐσε-

2045 3676 2220 3740 ϐείας,
2254 3675 2482 3737 εἰκότως
2527 3671 2869 3734 παιδοποιίας
2911 3671 3004 3724 καὶ
3053 3669 3444 3741 παιδοτροφίας
3494 3668 3635 3740 πρό-

2043 3779 2194 3818 νοιαν
2221 3762 2460 3831 εἰσῆγον,
2489 3760 2566 3824 ὡς
2605 3761 2671 3815 ἂν
2701 3759 3008 3813 διδάσκαλοι
3048 3759 3142 3812 καὶ
3187 3758 3496 3829 καθηγηταὶ
3540 3759 3635 3827 γέ-

2042 3874 2216 3912 νοιντο
2259 3855 2368 3909 τῶν
2415 3853 2558 3908 ἰδίων
2605 3853 2829 3918 παίδων,
2881 3852 3156 3924 διαδόχους
3203 3851 3488 3914 εὐσεϐείας
3537 3851 3637 3904 καί

2042 3949 2140 4018 τῆς
2167 3947 2374 4008 οἰκείας
2413 3943 2617 4017 ἀρετῆς
2655 3943 3024 4014 κληρονόμους
3057 3946 3168 4006 τοῖς
3200 3941 3495 4013 μετέπειτα
3524 3957 3634 3994 κα-

2039 4038 2287 4092 ταλιπεῖν
2328 4037 2616 4091 σπουδαῖον
2663 4031 2802 4089 εἶναι
2850 4035 3163 4106 ἡγούμενοι.
3198 4033 3390 4088 Ἔνθεν
3435 4034 3630 4104 μυρίοι

2041 4129 2338 4199 προφῆται,
2374 4129 2470 4180 καὶ
2509 4127 2708 4181 δίκαιοι
2742 4127 2955 4198 ἄνδρες,
2987 4126 3149 4190 αὐτός
3178 4125 3225 4179 θ’
3256 4128 3284 4179 6
3313 4127 3507 4197 Σωτὴρ
3531 4125 3634 4178 καὶ

2040 4220 2246 4291 Κύριος
2293 4218 2470 4290 ἡμῶν,
2504 4218 2559 4271 οἵ
2587 4235 2649 4271 τε
2691 4217 2880 4270 τούτου
2917 4216 3158 4288 μαθηταὶ
3205 4217 3301 4270 καὶ
3337 4217 3632 4270 ἀπόστολοι

2039 4313 2104 4364 ἐκ
2129 4311 2228 4382 τῆς
2259 4310 2436 4364 αὐτῶν
2463 4309 2685 4380 διδαχῆς
2716 4310 3146 4380 ἀναπεφήνασιν.
3177 4308 3242 4361 Εἰ
3266 4309 3324 4362 δέ
3356 4326 3505 4374 τινες
3532 4311 3634 4364 καὶ

2039 4401 2232 4472 φαῦλοι
2275 4401 2543 4474 προῆλθον
2577 4402 2635 4468 ἐξ
2687 4401 2888 4464 αὐτῶν,
2930 4402 3005 4464 ὡς
3040 4402 3155 4471 ἀμα
3195 4401 3329 4472 σίτῳ
3371 4401 3630 4474 καλάμης

2038 4493 2396 4566 ὑποφυείσης,
2436 4494 2550 4548 ἀλλ’
2589 4493 2742 4548 οὔπω
2784 4497 2908 4558 τοὺς
2953 4493 3282 4565 σπείραντας
3330 4495 3630 4562 αἰτιατέον,

344 4580 592 4651 ipsorum
619 4583 851 4637 decessu
881 4585 1125 4654 ipsorum
1153 4587 1333 4657 pietas
1366 4589 1640 4659 deficeret,
1664 4602 1826 4664 atque
1857 4597 1934 4650 in-

2050 4588 2157 4641 )66é
2183 4589 2310 4651 τοὺς
2347 4587 2827 4659 ἀναθρεψαμένους
2849 4603 2862 4617 ο
2901 4587 3024 4639 ἐπεὶ
3059 4586 3154 4638 καὶ
3179 4584 3288 4638 τῶν
3316 4583 3411 4638 τοῦ
3439 4586 3630 4657 Σωτῆ-

345 4675 558 4740 teriret,
595 4677 791 4732 merito
823 4684 877 4732 et
905 4679 1233 4750 generandae
1279 4692 1332 4736 et
1372 4683 1579 4739 alendae
1607 4687 1810 4742 sobolis
1835 4702 1934 4742 cu-

346 4781 465 4821 ram
497 4768 878 4836 introduxere,
923 4777 983 4826 ut
1046 4772 1126 4826 sic
1183 4771 1441 4830 doctores
1473 4786 1635 4848 atque
1682 4781 1934 4851 magistri

346 4859 693 4928 propriorum
725 4860 1022 4916 liberorum
1051 4865 1382 4921 exsisterent
1409 4886 1422 4922 :
1472 4869 1672 4940 quippe
1701 4873 1792 4942 qui
1830 4888 1929 4942 po-

345 4951 511 5007 steris
545 4967 898 5009 successores
923 4957 1170 5025 pietatis,
1199 4959 1543 5030 propriaeque
1568 4964 1787 5020 virtutis
1821 4966 1931 5020 ha:-

345 5043 506 5098 redes
533 5043 842 5113 relinquere
862 5088 876 5112 ,
926 5047 1218 5118 pulchrum
1265 5059 1431 5121 atque
1463 5052 1750 5109 honestum
1776 5055 1928 5125 judi-

295 5183 311 5218 ,γ
341 5141 555 5190 carent.
584 5132 724 5189 Hinc
757 5151 891 5192 sane
939 5141 1217 5210 propheta
1257 5141 1704 5211 innumerabiles,
1743 5156 1796 5202 et
1823 5147 1928 5202 viri

337 5227 473 5296 justi
502 5245 515 5281 :
546 5225 682 5296 quin
713 5227 830 5297 ipse
879 5245 1099 5301 quoque
1128 5233 1379 5288 Salvator
1421 5252 1485 5290 ac
1535 5235 1799 5294 Dominus
1829 5255 1928 5295 no-

342 5329 478 5383 ater,
502 5321 734 5390 ejusque
780 5320 1035 5392 discipuli
1069 5331 1232 5395 atque
1282 5329 1549 5397 apostoli,
1591 5331 1662 5385 ab
1706 5331 1924 5387 illorum

341 5409 634 5481 disciplina
669 5409 898 5481 profecti
938 5421 1085 5468 sunt.
1127 5415 1282 5481 Quod
1335 5418 1380 5473 si
1411 5420 1505 5488 qui
1533 5420 1697 5474 etiam
1739 5421 1925 5479 vitiosi

343 5503 413 5557 ab
444 5501 636 5558 iisdem
669 5502 1010 5574 prodierunt,
1028 5508 1184 5576 quasi
1207 5509 1375 5578 palea:
1404 5511 1568 5566 simul
1593 5527 1716 5568 cum
1739 5514 1924 5570 tritico

341 5593 762 5659 subnascentes,
799 5605 911 5646 non
955 5592 1025 5648 ob
1064 5593 1116 5648 id
1160 5602 1341 5652 tamen
1389 5597 1648 5669 culpandi
1689 5599 1782 5672 qui
1831 5616 1924 5673 ge-

489 5774 513 5826 ι
555 5771 685 5830 Cor.
724 5787 839 5841 vn,
871 5771 1066 5831 29-35.

2039 4698 2130 4754 ρος
2166 4681 2422 4752 μαθητῶν
2456 4682 2615 4752 ἴσμεν
2644 4681 2795 4744 τινὰς
2837 4679 2895 4746 ἐξ
2941 4679 3294 4743 αὑτεξουσίου
3341 4695 3627 4751 παρατρο-

2036 4775 2145 4844 πῆς
2173 4773 2611 4844 ἀποσφαλέντας.
2654 4773 2718 4827 Ἦ
2749 4773 2846 4843 μὲν
2877 4768 2970 4825 οὖν
3005 4771 3155 4825 αἰτία
3182 4770 3282 4841 τῆς
3311 4769 3419 4822 τῶν
3453 4770 3626 4824 πάλαι

2036 4865 2301 4935 θεοφιλῶν
2349 4865 2559 4938 ἀνδρῶν
2591 4865 2931 4928 παιδοποιίας
2976 4863 3279 4934 ἀνείρηται,
3321 4864 3387 4933 ἢν
3435 4863 3625 4916 οὐκέτι

2033 4960 2116 5028 ἐφ’
2151 4958 2308 5030 ἡμῶν
2356 4958 2540 5030 χώραν
2571 4959 2684 5030 ἔχει
2721 4957 2900 5026 λέγειν
2922 4973 2939 4987 '
2983 4957 3073 5010 ὅτε
3118 4957 3216 5009 σὺν
3246 4954 3366 5025 Θεῷ
3393 4954 3484 5009 διὰ
3521 4956 3623 5025 τῆς

2030 5050 2122 5106 τοῦ
2174 5053 2424 5124 Σωτῆρος
2459 5051 2616 5123 ἡμῶν
2655 5050 3016 5120 εὑαγγελικῆς
3045 5047 3394 5110 διδασκαλίας
3444 5047 3620 5120 μυρία

2031 5143 2179 5215 ἔθνη,
2225 5144 2319 5197 καί
2366 5143 2548 5209 λαοὺς,
2602 5143 2745 5197 κατά
2791 5161 2850 5197 τε
2902 5143 3087 5206 πόλεις
3128 5142 3225 5196 καὶ
3272 5140 3479 5213 χώρας,
3523 5141 3621 5195 καὶ

2031 5237 2236 5308 ἀγροὺς
2283 5239 2548 5309 πάρεστιν
2598 5239 2730 5309 ἡμῖν
2779 5235 3078 5308 ὀφθαλμοῖς
3132 5237 3268 5307 όρᾷν
3315 5233 3620 5288 σπεύδοντα

2033 5328 2174 5382 κατὰ
2212 5328 2274 5382 τὸ
2305 5330 2456 5393 αὐτὸ,
2487 5329 2582 5382 καὶ
2628 5329 2991 5400 συντρέχοντα
3034 5329 3128 5382 ἐπὶ
3165 5329 3266 5399 τὴν
3310 5325 3454 5381 κατά
3486 5325 3619 5379 Θεὸν

2037 5417 2272 5490 μάθησιν
2293 5420 2392 5489 τῆς
2430 5419 2789 5490 εὐαγγελικῆς
2814 5418 3161 5482 διδασκαλίας
3185 5435 3198 5448 ⁸
3230 5412 3309 5482 οἷς
3332 5415 3620 5488 ἀγαπητὸν

2031 5509 2294 5566 δύνασθαι
2323 5510 2573 5583 ἐξαρκεῖν
2596 5514 2723 5576 τοὺς
2747 5511 3094 5574 διδασκάλους
3120 5513 3215 5566 καὶ
3244 5512 3494 5582 κήρυκας
3519 5508 3616 5564 τοῦ

2030 5601 2131 5672 τῆς
2179 5600 2487 5666 θεοσεϐείας
2531 5601 2713 5672 λόγου,
2763 5602 2980 5658 πάντων
3023 5600 3458 5672 ἀπολελυμένους
3503 5597 3617 5658 τῶν
