3842 6218
203 326 267 384 81
1056 323 1713 383 DEMONSTRATIONIS
1750 321 2212 380 ΕνΑΝςΕιιοιΕ
2251 320 2380 376 LIB.
2406 320 2470 379 1.,
3403 319 3474 374 83

201 439 301 494 τού
345 438 462 511 βίου
494 439 733 511 δεσμῶν,
769 438 996 495 καὶτῶν
1025 439 1448 512 πολυμερίμνων
1474 442 1789 514 φροντίδων.

1896 439 2118 496 nuerint
2137 477 2152 503 ,
2195 445 2290 491 aut
2318 435 2413 507 qui
2443 432 2811 490 eunti-ierint:
2841 431 3061 504 quando
3095 437 3256 487 etiam
3289 432 3356 489 de
3385 435 3473 488 di-

205 532 463 586 Μάλιστα
493 531 538 585 6'
571 529 666 586 οὖν
708 532 919 597 τούτοις
960 534 1276 601 ἀναγκαίως
1325 534 1392 588 τά
1432 533 1528 589 νῦν
1572 534 1661 589 διὰ
1691 533 1790 606 τὴν

205 625 341 694 περὶ
379 623 453 676 τά
494 625 748 698 κρείττω,
770 623 965 697 σχολὴν
1008 627 1041 696 ὴ
1074 624 1183 679 τῶν
1223 625 1416 697 γάμων
1445 625 1793 701 ἀναχώρησις

206 719 593 783 σπουδάζεται,
627 718 724 772 ἆτε
764 719 893 787 περὶ
921 716 1020 789 τὴν
1059 717 1239 772 ἔνθεον
1276 719 1369 772 καὶ
1397 718 1635 790 ἄσαρκον
1665 737 1796 772 παι-

203 809 455 865 δοποιίαν
487 810 923 882 ἀσχολουμένοις,
956 808 1055 880 οὐχ
1087 808 1206 873 ἑνὸς
1234 810 1354 864 οὐδὲ
1387 809 1530 863 δυεῖν
1565 809 1793 874 παίδων,

206 903 320 958 ἀλλ’
346 903 559 975 ἀθρόως
582 921 652 975 μυ
661 903 775 974 ρίου
797 903 1034 973 πλήθους
1047 901 1146 973 τὴν
1165 902 1570 975 παιδοτροφίαν,
1583 904 1677 958 καὶ
1696 903 1795 975 τὴν

207 994 353 1050 κατά
383 995 516 1049 Θεὸν
546 995 848 1059 παίδευσιν,
877 995 976 1064 τῆς
1010 1011 1071 1047 τε
1113 994 1280 1067 ἄλλης
1313 996 1533 1068 ἀγωγῆς
1556 996 1650 1050 τοῦ
1681 995 1793 1066 βίου

202 1089 303 1161 τὴν
344 1089 662 1160 ἐπιμέλειαν
699 1088 1159 1159 ἀναδεδεγμένοις.
1194 1087 1320 1142 Ἐπὶ
1346 1088 1556 1153 τούτοις
1591 1087 1794 1143 ἀπασιν

170 1173 177 1182 ’
205 1181 262 1234 εῖ
280 1198 369 1246 τις
398 1181 644 1253 ἀκριϐῶς
671 1180 912 1248 ἐξετάζοι
933 1181 1059 1243 τοὺς
1071 1179 1181 1233 τῶν
1208 1179 1453 1235 παλαιῶν
1477 1178 1644 1250 βίους,
1668 1181 1797 1252 περὶ

200 1266 279 1326 ὧν
300 1273 392 1327 τὸν
409 1273 566 1341 λόγον
592 1273 914 1342 ποιούμεθα,
929 1273 1078 1346 γνῴη
1095 1275 1159 1329 ἂν
1181 1275 1378 1338 αὐτοὺς
1403 1277 1460 1328 ὲν
1478 1276 1673 1347 ἀρχαῖς
1697 1274 1797 1345 μὲν

203 1367 304 1441 τῇς
338 1365 558 1435 ἡλικίας
589 1366 1132 1438 παιδοποιουμένους,
1160 1367 1354 1420 θᾶττον
1371 1367 1428 1420 δὲ
1461 1367 1797 1436 ἀνασχόντας

205 1456 300 1507 καὶ
339 1456 858 1527 ἀποπεπαυμένους.
906 1458 1221 1528 Γέγραπται
1263 1457 1374 1530 γάρ
1414 1458 1496 1510 ὅτι
1544 1477 1562 1508 ι
1587 1456 1796 1527 Εὐηρέ-

202 1559 405 1616 οτησεν
449 1546 620 1617 Ἑνὼχ
657 1547 737 1618 τῷ
787 1549 927 1620 Θεῷ,
978 1549 1116 1620 μετά
1155 1549 1218 1603 τὸ
1255 1549 1515 1619 γεννῆσαι
1557 1548 1648 1602 τὸν
1677 1550 1800 1602 Μα-

202 1637 468 1701 θουσάλα,
501 1659 520 1691 ι
567 1640 814 1712 ἀκριϐῶς
837 1639 981 1694 οὕτω
1015 1642 1112 1713 τῆς
1139 1641 1361 1712 Γραφῆς
1407 1640 1544 1710 μετά
1581 1639 1672 1694 τὸν
1703 1639 1796 1693 τοῦ

204 1732 400 1796 παιδὸς
439 1732 694 1802 γέννησιν
739 1734 1166 1805 εὑηρεστηκέναι
1205 1733 1284 1804 τῷ
1315 1733 1437 1804 Θεῷ
1478 1733 1570 1788 τὸν
1606 1733 1796 1806 δηλούο

1898 531 2125 603 scipulis
2159 528 2458 585 Salvatoris
2483 527 2696 597 aliquos
2720 526 2974 580 novimus
3005 523 3256 579 libertate
3282 525 3476 580 volun-

1895 625 2026 678 tatis
2065 636 2308 687 aversos,
2357 635 2388 672 a
2433 625 2584 674 recto
2616 617 2924 672 aberrasse.
2962 615 3145 671 Causa
3194 615 3362 686 igitur
3403 618 3476 672 ob

1897 729 2058 784 quam
2093 713 2194 768 viri
2225 710 2400 767 sancti
2456 708 2653 781 priscis
2706 706 3046 777 temporibus
3095 721 3295 777 magno
3347 721 3474 760 cum

1896 805 2080 860 studio
2124 804 2328 858 liberos
2375 799 2748 871 susciperent,
2785 799 2998 854 reddita
3027 807 3157 854 est:
3198 815 3321 872 qua:
3362 815 3475 855 non

1896 897 2132 968 amplius
2165 897 2222 950 in
2247 894 2406 951 nobis
2437 895 2617 950 locum
2651 892 2852 946 habere
2881 890 3113 946 dicenda
3135 898 3239 947 est.
3263 891 3475 964 Quippe

1896 1003 2021 1042 cum
2042 1029 2056 1054 ,
2086 972 2196 1042 Deo
2231 985 2464 1049 favente,
2496 1000 2590 1056 per
2623 983 2994 1055 evangelicam
3033 981 3334 1040 Salvatoris
3371 998 3474 1037 no-

1898 1081 2002 1138 stri
2044 1079 2374 1146 doctrinam,
2409 1074 2838 1133 innumerabiles
2875 1082 3066 1148 gentes
3091 1117 3106 1143 ,
3137 1082 3190 1131 et
3220 1076 3473 1148 populos,

1898 1171 1956 1226 in
1986 1169 2238 1233 urbibus,
2268 1177 2322 1224 et
2354 1167 2690 1240 regionibus,
2713 1174 2767 1222 et
2797 1166 2946 1238 agris
2973 1167 3137 1222 liceat
3166 1167 3326 1222 nobis
3351 1181 3478 1221 ocu-

1897 1264 1967 1319 lis
1992 1262 2224 1326 intueri,
2257 1259 2448 1318 eodem
2486 1259 2669 1314 animo
2701 1258 3054 1325 festinantes,
3095 1264 3150 1312 et
3189 1259 3254 1312 ad
3286 1265 3476 1313 sancta

1897 1355 2230 1427 evangelica:
2257 1353 2520 1409 doctrina:
2541 1358 2810 1424 praecepta
2835 1357 3246 1415 concurrentes,
3276 1351 3482 1422 quibus

1899 1448 2120 1518 quidem
2144 1445 2280 1502 satis
2306 1459 2580 1516 superque
2617 1443 2720 1506 sit,
2765 1442 2811 1496 si
2839 1442 3096 1498 doctores
3124 1456 3189 1496 ac
3222 1443 3482 1512 praedica-

1897 1549 2048 1598 tores
2102 1539 2273 1594 divini
2299 1537 2452 1594 verbi
2481 1537 2739 1597 omnibus
2797 1545 2851 1591 et
2897 1535 3024 1590 vita:
3075 1535 3313 1591 vinculis
3344 1577 3359 1602 ,
3424 1543 3481 1591 et

1899 1630 2364 1690 sollicitudinibus
2427 1629 2688 1694 liberati,
2760 1627 2975 1698 possint
3030 1626 3301 1684 suﬂicere.
3382 1625 3482 1684 His

1901 1735 2082 1781 autem
2129 1724 2267 1796 ipsis
2322 1721 2563 1778 maxime
2637 1721 2695 1776 in
2760 1719 3094 1791 praesentia,
3158 1729 3221 1773 ut
3283 1719 3480 1774 melio-

206 1824 732 1897 μενονίστορούσης,
765 1827 859 1880 καὶ
887 1827 1074 1881 οὐκέτι
1098 1827 1156 1894 ἐξ
1184 1827 1392 1880 ἐκείνου
1423 1828 1621 1890 παῖδας
1645 1827 1791 1899 αὐτῷ

1895 1817 2048 1872 ribus
2101 1815 2309 1872 studiis.
2335 1819 2531 1869 vacent
2565 1811 2797 1868 liberius
2818 1851 2839 1878 ,
2888 1811 3173 1880 seiunctus
3196 1825 3225 1864 a
3252 1825 3311 1865 re
3343 1824 3480 1864 uxo-

201 1915 460 1984 γενέσθαι
512 1916 916 1989 μαρτυρούσης.
951 1918 1062 1972 Καὶ
1104 1917 1226 1971 Νῶε
1274 1917 1354 1983 δὲ,
1399 1917 1685 1991 ἄνθρωπος
1715 1919 1794 1972 δί-

201 2022 396 2071 καιος,
434 2005 573 2078 μετά
605 2008 707 2080 τὴν
741 2007 850 2061 τῶν
876 2007 1084 2062 παίδων
1109 2006 1320 2076 γένεσιν
1353 2009 1512 2079 μόνος
1553 2009 1650 2062 σὺν
1681 2010 1795 2072 τοῖς

201 2097 426 2162 οἰκείοις
467 2099 528 2153 ἐν
559 2101 626 2171 τῇ
672 2099 780 2154 τῶν
821 2099 914 2153 ἐπὶ
957 2099 1058 2171 γῆς
1102 2101 1355 2155 ἁπάντων
1381 2099 1557 2173 φθορᾷ
1593 2099 1792 2154 διασω-

201 2189 350 2256 θεὶς,
390 2192 669 2255 πλείστοις
713 2192 852 2263 μετά
887 2190 1060 2244 ταῦτα
1104 2189 1350 2255 ἐπιϐιοὺς
1391 2189 1590 2257 ἔτεσιν,
1633 2190 1792 2244 οὐδα-

204 2283 326 2352 μῶς
369 2285 651 2353 εἰσάγεται
691 2283 888 2346 παῖδας
927 2281 1290 2352 κτησάμενος.
1343 2283 1577 2352 Λέγεται
1615 2281 1670 2336 δὲ
1700 2281 1794 2338 καὶ

197 2375 230 2427 6
276 2374 502 2439 Ἰσαὰκ,
557 2376 622 2428 ὲκ
671 2376 802 2446 μιᾶς
825 2372 1071 2445 γαμετῆς
1118 2372 1336 2446 διδύμου
1395 2375 1565 2446 γονῆς
1611 2376 1794 2448 πατὴρ

201 2459 472 2526 γεγονὼς.
531 2460 694 2532 μέχρι
737 2460 926 2513 τούτου
974 2461 1168 2532 στῆσαι
1213 2462 1313 2534 τὴν
1363 2463 1501 2535 πρὸς
1545 2466 1794 2537 γαμετὴν

196 2550 442 2619 ὁμιλίαν.
481 2553 594 2606 Καὶ
637 2555 667 2607 6
698 2553 918 2624 Ἰωσὴφ,
961 2554 1056 2607 καὶ
1098 2553 1273 2609 ταῦτα
1314 2555 1446 2628 παρ’
1477 2557 1796 2626 Αἰγυπτίοις

197 2642 299 2706 τὰς
339 2643 628 2715 διατριϐἀς
671 2646 1078 2716 πεποιημένος,
1127 2647 1190 2700 ού
1228 2647 1396 2702 πλείω
1445 2649 1538 2703 δύο
1590 2650 1794 2706 παίδων

198 2733 443 2806 κατέστη
479 2737 684 2809 πατὴρ,
712 2739 844 2808 μίαν
875 2738 973 2809 τὴν
1003 2738 1210 2792 τούτων
1243 2741 1459 2813 μητέρα
1502 2743 1790 2814 ἀγόμενος.

199 2827 311 2880 Καὶ
355 2828 523 2892 αὑτός
551 2845 616 2898 γε
643 2831 885 2902 Μωῦσῆς
921 2833 950 2885 ὃ
979 2849 1041 2886 τε
1075 2833 1270 2888 τούτου
1314 2833 1543 2904 ἀδελφὸς
1583 2834 1794 2906 ’Δαρὼν

196 2918 309 2990 πρὸ
342 2919 444 2989 μὲν
474 2920 573 2991 τῆς
601 2920 696 2974 τοῦ
726 2920 860 2975 Θεοῦ
896 2925 1216 2992 ἐπιφανείας
1245 2925 1586 2998 ἱστοροῦνται
1610 2927 1796 2981 παιδο-

199 3013 602 3084 πεποιημένοιο
641 3015 778 3086 μετά
822 3015 879 3069 δὲ
909 3016 1036 3080 τοὺς
1085 3017 1262 3082 θείους
1288 3019 1572 3090 χρησμοὺς
1612 3020 1794 3075 οὐκέτι

197 3105 353 3160 εστιν
401 3105 586 3169 αὐτοῖς
633 3108 831 3171 παῖδας
863 3109 1045 3179 εὑρεῖν
1079 3110 1532 3181 γεγεννημέδους.
1578 3111 1645 3164 Τί
1690 3114 1793 3184 χρὴ

1893 1909 1978 1962 ria
2009 1906 2190 1962 victus
2216 1905 2522 1970 adamatur,
2558 1903 2725 1959 veluti
2753 1903 2841 1970 iis,
2874 1903 2968 1975 qui
2998 1901 3183 1956 divina
3216 1911 3270 1957 et
3295 1901 3478 1956 incor-

1893 2014 2059 2071 porca
2119 1997 2309 2055 sobole
2371 1995 2724 2068 propaganda
2751 2035 2766 2060 ,
2821 1995 3073 2065 occupati
3135 2001 3474 2049 teneantur:

1893 2100 1948 2148 et
1997 2107 2105 2146 non
2161 2091 2357 2156 unius,
2421 2105 2599 2160 neque
2663 2088 2899 2144 duorum
2974 2087 3310 2152 liberorum,
3381 2089 3480 2144 sed

1895 2179 2191 2235 acervatim
2217 2179 2636 2234 innumerabilis
2667 2177 3036 2240 multitudinis
3071 2177 3479 2242 educationem.

1895 2280 2252 2344 sanctamque
2303 2271 2652 2342 disciplinam
2681 2310 2698 2338 ,
2755 2286 2820 2326 ac
2858 2272 3085 2342 reliquae
3127 2267 3486 2328 instituenda

1895 2365 2020 2418 vitae
2084 2378 2276 2418 curam
2323 2363 2710 2433 susceperint.
2779 2360 3125 2418 Postremum
3193 2361 3479 2426 omnium,

1891 2456 2063 2529 33ηεί
2084 2457 2208 2526 quis
2235 2457 2544 2528 priscorum
2567 2456 2785 2510 illorum
2818 2458 2982 2520 vitas,
3009 2457 3078 2511 de
3106 2456 3308 2526 quibus
3331 2470 3482 2509 nunc

1895 2549 2194 2620 loquimur,
2231 2548 2521 2620 diligenter
2564 2548 2812 2620 exploret
2845 2567 2858 2602 :
2908 2549 3153 2603 inveniet
3195 2563 3291 2603 eos
3323 2547 3481 2602 initio

1893 2641 2114 2712 quidem
2147 2640 2346 2706 aetatis,
2379 2641 2553 2696 soboli
2578 2639 2860 2711 augendae,
2891 2640 3258 2712 conjugioque
3290 2655 3484 2694 vacan-

1893 2741 2020 2798 tes,
2069 2743 2281 2789 mature
2329 2741 2513 2789 autem
2564 2733 2904 2789 abstinentes
2957 2741 3122 2805 atque
3173 2742 3475 2791 cessantes.

1897 2825 2173 2897 Scriptum
2222 2833 2305 2882 est
2337 2827 2480 2882 enim
2532 2826 2596 2891 “,
2641 2826 2787 2897 quod
2823 2827 3094 2898 placuerit
3138 2826 3328 2882 Enoch
3369 2826 3480 2882 Deo

1896 2927 2186 2991 postquam
2233 2918 2420 2990 genuit
2473 2917 2797 2974 Mathusala.
2847 2917 2950 2974 Ubi
2988 2917 3271 2990 Scriptura
3320 2919 3480 2990 plane

1895 3017 2020 3081 post
2046 3010 2288 3080 genitum
2320 3009 2514 3074 ﬁlium,
2548 3007 2660 3064 Deo
2712 3010 2987 3080 placuisse
3046 3011 3232 3074 illum,
3273 3009 3342 3066 de
3368 3026 3480 3082 quo

1899 3100 2164 3171 loquitur,
2197 3107 2486 3164 memorat,
2523 3115 2701 3172 neque
2725 3100 2802 3158 illi
2829 3101 3060 3171 posthac
3091 3103 3233 3158 alios
3267 3103 3481 3174 genitos

198 3198 384 3266 λέγειν
430 3199 559 3267 περὶ
597 3197 960 3270 Μελχισεδέκ;
1003 3194 1067 3254 οὗ
1119 3200 1372 3267 καθάπαξ
1425 3203 1485 3256 οὐ
1532 3205 1682 3268 παῖς,
1729 3204 1790 3258 οὺ

1898 3192 2041 3249 ﬁlios
2070 3193 2274 3264 prodit.
2303 3191 2417 3248 Noe
2446 3207 2666 3264 quoque
2694 3193 2780 3248 vir
2799 3193 2986 3264 justus
3015 3205 3140 3264 post
3170 3196 3482 3266 susceptio-

200 3289 381 3357 γένος,
408 3289 470 3342 οὐ
504 3289 719 3362 διαδοχὴ
754 3291 1002 3364 φείρεται⁹
1033 3293 1144 3347 οὐδ’
1183 3295 1358 3365 Ἰησοῦ
1391 3293 1484 3348 τοῦ
1514 3294 1793 3360 Μωῦσέως

196 3380 478 3451 διαδόχου,
522 3382 641 3435 οὐδὲ
692 3383 959 3437 πλείστων
1001 3385 1176 3440 ἀλλων
1209 3387 1528 3458 προφητῶν.
1588 3389 1794 3458 Ζητου-

200 3475 388 3544 μένοις
421 3474 479 3527 δὲ
516 3475 618 3545 τῆς
647 3475 788 3529 κατά
823 3476 914 3529 τὸν
951 3476 1200 3548 Ἀϐραὰμ
1239 3479 1336 3532 καί¹
1369 3477 1564 3533 Ἰακὼϐ
1603 3480 1792 3534 παιδο-

197 3564 389 3628 ποιίας
417 3567 476 3618 ὲν
501 3567 708 3638 ἑτέροις
740 3567 832 3620 τὸν
863 3568 1020 3638 λόγον
1054 3568 1397 3642 σχολαίτερον
1443 3571 1792 3626 ἀποδεδώκα-

201 3671 325 3724 μεν,
363 3655 425 3710 ὲν
462 3651 544 3720 οἷς
581 3657 710 3729 περὶ
763 3658 861 3728 τῆς
909 3658 1017 3711 τῶν
1060 3658 1229 3714 πάλαι
1273 3657 1535 3730 θεοφιλῶν
1582 3661 1792 3734 ἀνδρῶν

198 3746 553 3818 πολυγαμίας
590 3766 649 3802 τε
690 3750 784 3803 καὶ
827 3750 1182 3816 πολυπαιδίας
1214 3751 1588 3825 διειλήφαμεν,
1633 3755 1718 3824 ἐφ’
1755 3755 1794 3810 ἃ.

197 3841 297 3896 καὶ
324 3841 422 3894 νῦν
443 3842 569 3906 τοὺς
592 3841 910 3912 φιλομαθεῖς
939 3843 1356 3917 ἀναπέμπομεν,
1387 3844 1652 3901 τοσοῦτον.
1671 3848 1791 3901 ἐπι-

199 3933 602 4005 σημηνάμενοι,
623 3935 706 3986 ὅτι
735 3935 828 3986 καὶ
857 3935 999 3988 κατὰ
1018 3937 1147 4001 τοὺς
1168 3937 1266 4008 τῆς
1282 3938 1494 4009 Καινῆς
1514 3940 1790 4011 Διαθήκης

197 4026 424 4095 νόμους,
448 4026 510 4078 οὐ
541 4027 776 4097 πάμπαν
809 4027 1181 4099 ἀπηγόρευται
1201 4028 1270 4084 τὰ
1296 4030 1397 4101 τῆς
1422 4031 1788 4096 παιδοποιίας,

196 4117 337 4171 ἀλλά
367 4117 471 4170 κάν
489 4117 664 4188 τούτῳ
689 4118 760 4171 τά
783 4120 1140 4192 παραπλήσια
1161 4125 1275 4186 τοῖς
1297 4123 1462 4178 πάλαι
1487 4123 1789 4194 θεοφιλέσιν

193 4209 579 4265 διατέτακται.’
619 4231 635 4262 ι
662 4212 872 4284 Χρῆναι
915 4214 1023 4286 γάρ
1077 4231 1242 4284 φησιν
1284 4217 1314 4270 6
1337 4215 1494 4285 λόγος
1539 4216 1630 4270 τὸν
1669 4218 1790 4271 ἐπί-

201 4319 406 4355 σκοπον
467 4303 752 4371 γεγονέναι
825 4307 954 4374 μιᾶς
1025 4305 1282 4375 γυναικὸς
1337 4307 1524 4379 ἄνδρα.
1566 4327 1585 4360 ι
1641 4308 1788 4380 Πλὴν

195 4392 337 4446 ἀλλά
367 4395 482 4456 τοῖς
529 4392 849 4464 ίερωμὲνοις
891 4397 984 4448 καὶ
1030 4397 1158 4467 περὶ
1191 4397 1290 4469 τὴν
1331 4395 1422 4450 τοῦ
1458 4398 1594 4452 Θεοῦ
1626 4398 1790 4470 θερα-

197 4483 361 4538 πείαν
409 4484 828 4555 ἀσχολουμένοις
878 4486 1091 4557 ἀνέχειν
1144 4487 1330 4541 λοιπὸν
1389 4490 1530 4558 σφᾶς
1589 4490 1787 4553 αὐτοὺς

1898 3299 2024 3340 nem
2070 3285 2390 3348 liberorum,
2439 3285 2592 3340 solus
2645 3299 2772 3339 cum
2832 3285 3059 3351 familia,
3113 3301 3240 3341 cum
3271 3288 3482 3360 reliqua

1896 3377 2082 3432 omnia
2121 3392 2465 3448 quaecunque
2494 3385 2679 3433 essent
2699 3378 2755 3433 in
2783 3386 2949 3442 terra,
2975 3378 3290 3448 periissem,
3328 3381 3482 3436 inco-

1896 3468 2062 3525 lumis
2105 3478 2500 3535 conservatus,
2550 3469 2803 3541 plurimis
2851 3471 3083 3541 posthac
3141 3472 3483 3542 superfuisse

1895 3561 2057 3617 annis
2091 3561 2411 3626 inducitur,
2464 3577 2642 3634 neque
2694 3569 2880 3618 tamen
2937 3578 3173 3634 usquam
3225 3565 3482 3636 genuisse

1895 3653 2034 3708 alios
2069 3652 2228 3708 ﬁlios.
2263 3652 2475 3708 Dicitur
2510 3663 2564 3708 et
2593 3653 2745 3710 Isaac
2784 3662 3076 3726 postquam
3107 3671 3174 3710 ex
3205 3673 3311 3711 una
3345 3672 3482 3712 uxo-

1895 3758 1955 3798 re
1989 3745 2219 3815 geminae
2244 3745 2416 3815 prolis
2444 3753 2599 3817 pater
2627 3744 2807 3802 factus
2837 3755 2943 3811 est,
2976 3746 3210 3802 desiisse
3233 3762 3358 3802 cum
3388 3748 3482 3801 illa

1893 3850 2279 3892 consuescere.
2306 3836 2372 3890 Et
2397 3833 2620 3907 J‘oseph,
2650 3852 2774 3891 cum
2803 3839 3106 3909 praesertim
3136 3837 3280 3908 apud
3311 3837 3481 3911 Egy-

1893 3928 2036 3998 ptios
2068 3937 2316 3984 versatus
2352 3929 2446 3994 sit,
2479 3945 2586 3984 non
2615 3930 2738 4000 plus
2771 3945 2934 4007 quam
2975 3931 3210 3986 duorum
3243 3930 3476 3986 ﬁliorum

1893 4027 2049 4090 pater
2099 4021 2377 4076 exstitisse
2437 4021 2733 4086 invenitur,
2778 4038 3013 4092 quorum
3051 4031 3280 4079 matrem
3312 4038 3478 4077 unam

1893 4110 2160 4166 duntaxat
2194 4113 2248 4167 in
2285 4114 2635 4168 matrimonio
2659 4113 2930 4172 habuerit.
2957 4115 3076 4186 Ipse
3106 4115 3270 4171 etiam
3298 4114 3477 4172 Moses

1891 4213 2054 4274 atque
2086 4205 2208 4276 ejus
2239 4203 2411 4260 frater
2432 4207 2638 4274 Aaron,
2664 4212 2956 4276 antequam
2989 4207 3126 4277 ipsis
3148 4207 3291 4263 Deus
3316 4223 3478 4279 appa-

1892 4297 2087 4360 ruerit,
2123 4295 2264 4352 ﬁlios
2301 4298 2558 4367 genuisse
2595 4307 3001 4366 memorantur;
3049 4307 3340 4371 postquam
3372 4317 3476 4358 au-

1891 4396 1999 4444 tem
2024 4387 2209 4443 divina
2246 4389 2468 4444 oracula
2497 4391 2826 4460 acceperint,
2858 4406 2967 4445 non
2999 4391 3234 4462 amplius
3259 4393 3474 4463 genitos

1892 4479 1962 4534 ab
2002 4479 2112 4535 illis
2149 4480 2289 4536 ﬁlios
2319 4480 2590 4538 invenias.
2627 4479 2767 4546 Quid
2810 4495 2974 4551 porro
3009 4481 3079 4536 de
3112 4481 3474 4541 Melchisedec

196 4579 473 4648 προσήκει
519 4576 621 4646 τῆς
674 4579 917 4650 γαμικῆς
964 4579 1199 4651 ὁμιλίας.
1256 4581 1411 4634 Ὀσοι
1457 4580 1513 4633 δὲ
1561 4581 1636 4652 μὴ
1682 4581 1782 4652 τῆς

1894 4580 1972 4628 est
1997 4572 2314 4640 dicendum,
2343 4574 2502 4644 cujus
2531 4573 2756 4629 omnino
2791 4588 2903 4627 non
2938 4573 3104 4640 ﬁlius,
3133 4591 3243 4630 non
3275 4593 3473 4648 genus,

193 4669 470 4740 τοσαύτης
531 4667 792 4739 ἠξίωνται
857 4671 1200 4743 ἱερουργίας,
1261 4671 1471 4736 τούτοις
1531 4673 1561 4725 6
1632 4671 1788 4741 λόγος

192 4761 499 4831 καθυφίησι
550 4763 830 4833 μονονουχὶ
878 4762 1177 4836 διαρρήδην
1227 4764 1432 4819 ἅπασιν
1475 4763 1783 4837 κηρύττων,

189 4855 278 4908 ὅτι
325 4855 392 4926 δὴ
451 4873 471 4906 ι
509 4855 703 4925 Τίμιος
748 4858 777 4909 6
822 4855 999 4926 γάμος
1059 4856 1152 4909 καὶ
1204 4859 1236 4928 ή
1281 4857 1437 4928 κοίτη
1494 4856 1780 4928 ἀμίαντος,

193 4950 434 5019 πόρνους
469 4948 526 5001 δὲ
575 4950 670 5002 καὶ
710 4951 930 5020 μοιχοὺς
953 4952 1130 5021 κρινεῖ
1174 4951 1202 5003 6
1227 4950 1378 5014 Θεός.
1405 4970 1424 5003 ι
1463 4948 1648 5005 Ταῦτα
1685 4949 1784 5020 μὲν

188 5036 287 5094 οὖν
326 5042 407 5102 εἰς
434 5041 534 5110 τὴν
562 5038 784 5110 πρώτην
811 5043 944 5110 ἡμῖν
977 5041 1218 5112 εἰρήσθω
1247 5041 1536 5114 πρότασιν.

1887 4682 2000 4721 ηοη
2052 4666 2334 4722 successio
2387 4665 2656 4722 refertur?
2703 4683 2880 4740 neque
2930 4669 3058 4724 item
3088 4667 3241 4735 Jesu,
3288 4671 3472 4741 quiin

1887 4762 2057 4820 Mosis
2090 4764 2271 4818 locum
2296 4763 2587 4829 successit,
2615 4779 2794 4834 neque
2832 4764 3194 4835 plurimorum
3237 4765 3470 4820 aliorum

1885 4854 2296 4925 prophetarum.
2349 4853 2488 4908 Cum
2539 4862 2719 4910 autem
2754 4853 2821 4910 de
2864 4855 3165 4920 Abraham,
3216 4862 3271 4911 et
3297 4855 3468 4912 Jacob

1886 4947 2058 5018 quaeri
2093 4947 2288 5010 soleat,
2332 4947 2426 5017 qui
2456 4947 2809 5018 multiplicem
2844 4948 3090 5003 sebalem
3132 4963 3472 5020 pr0pagave-

1885 5047 2037 5105 runt,
2078 5041 2208 5095 alibi
2241 5055 2344 5096 nos
2373 5041 2610 5098 otiosius
2649 5041 2882 5112 hujusce
2908 5043 2990 5098 rei
3035 5043 3309 5099 rationem
3343 5045 3468 5100 red-

187 5131 442 5187 didimus
475 5150 489 5185 :
523 5131 612 5185 ubi
645 5129 712 5186 de
738 5139 1054 5186 sanctorum
1088 5140 1326 5188 veterum
1360 5134 1602 5189 virorum
1631 5131 1918 5202 multiplici
1937 5131 2194 5204 conjugio
2213 5131 2609 5205 multiplicique
2631 5131 2820 5189 sobole
2837 5132 3322 5190 disseruimus.Ad
3346 5151 3468 5206 quas

191 5225 403 5294 scripta
423 5231 613 5279 nostra
629 5226 681 5278 in
700 5225 953 5295 praesenti
980 5227 1261 5284 studiosos
1285 5229 1518 5286 lectores
1535 5229 1884 5293 remittimus,
1900 5229 2004 5284 hoc
2031 5245 2199 5284 unum
2225 5228 2602 5296 admonentes,
2635 5245 2704 5284 ne
2725 5227 2862 5285 Novi
2889 5229 3111 5301 quidem
3129 5229 3464 5287 Testamenti

193 5319 430 5390 legibus,
458 5335 581 5389 quae
607 5319 672 5374 ad
707 5322 1111 5392 susceptionem
1144 5323 1441 5381 liberorum
1471 5327 1767 5397 pertinent,
1800 5325 2027 5382 omnino
2072 5325 2348 5391 interdici,
2381 5325 2480 5383 sed
2512 5327 2568 5382 in
2629 5327 2736 5382 hoc
2781 5341 3000 5398 quoque
3055 5326 3124 5383 iis
3172 5335 3465 5384 consenta-

193 5425 321 5474 nea,
362 5427 485 5482 qua:
509 5411 577 5467 de
602 5413 797 5482 priscis
826 5414 934 5470 illis
972 5415 1180 5473 sanctis
1206 5417 1340 5474 viris
1372 5426 1764 5486 memorantur,
1802 5419 2053 5475 instituta
2081 5419 2292 5476 haberi.
2325 5437 2343 5470 ι
2373 5416 2638 5489 Oportere
2661 5419 2830 5485 enim,
2879 5439 2899 5474 ι
2937 5421 3070 5475 dicit
3138 5435 3320 5475 sermo
3382 5419 3466 5476 di-

193 5510 357 5563 vinus
386 5509 452 5572 ",
491 5525 510 5559 ι
551 5509 868 5579 episcopum
929 5511 1096 5567 unius
1128 5513 1316 5568 uxoris
1353 5515 1529 5570 virum
1559 5530 1702 5571 esse.
1745 5535 1765 5568 ι
1803 5514 2194 5574 Verumtamen
2247 5533 2365 5582 eos,
2393 5517 2485 5588 qui
2511 5517 2712 5572 sacrati
2741 5518 2872 5583 sint,
2912 5524 3075 5586 atque
3135 5517 3189 5571 in
3233 5515 3329 5572 Dei
3357 5515 3462 5570 mi-

197 5600 424 5655 nisterio
475 5600 738 5670 cultuque
764 5602 1039 5671 occupati,
1073 5606 1354 5660 continere
1379 5605 1638 5678 deinceps
1662 5607 1872 5678 seipsos
1901 5622 1930 5662 a
1961 5608 2294 5665 commercio
2327 5608 2516 5665 uxoris
2545 5607 2701 5664 decet
2731 5626 2744 5663 :
2802 5609 2900 5676 qui
2972 5614 3152 5663 autem
3218 5621 3328 5662 non
3393 5603 3461 5661 ad

271 5777 318 5814 “
347 5777 484 5834 Gen.
538 5797 560 5834 ι
590 5821 604 5846 ,
644 5779 734 5835 24.
815 5781 856 5812 ¹⁸
888 5779 904 5833 Ι
935 5779 1073 5836 Tim.
1109 5799 1191 5848 tn,
1222 5784 1276 5838 2.
