3842 6218
746 268 859 286 ,.,⁴

416 346 486 401 83
1085 347 1354 407 EUSEBII
1390 349 1875 408 CESARIENSIS’
1906 346 2000 406 0Ρῖ

2106 347 2280 406 PARS
2306 348 2373 406 ιι.
2414 381 2483 393 .-
2518 324 3037 407 Aponoc's'rtcs.‘
3622 346 3688 399 84

417 469 633 520 tantum
677 470 943 539 assumpti
992 468 1102 525 sint
1153 472 1446 527 sacerdotii
1492 486 1715 535 munus,
1764 470 1836 525 iis
1886 467 2029 523 idem
2101 481 2283 523 sermo
2338 466 2558 524 divinus
2616 467 2881 539 indulget,
2945 480 3010 520 ac
3057 459 3453 536 propemodum
3500 459 3685 530 palam

418 559 688 618 omnibus
709 564 990 635 praedicat,
1026 564 1173 635 quod
1208 567 1397 641 utique
1429 586 1448 617 ι
1491 565 1812 623 honorabile
1841 563 1911 619 sit
1940 559 2279 631 coniugium,
2309 567 2363 615 et
2400 568 2556 616 torus
2586 561 2990 625 immaculatus,
3044 556 3405 613 fornicatores
3425 558 3480 609 et
3530 552 3679 607 adul-

418 665 567 712 teros
604 659 956 731 judicaturus
991 661 1063 717 sit
1092 661 1235 719 Deus
1266 664 1330 719 ".
1367 684 1386 718 ι
1426 663 1552 719 Haec
1590 664 1773 734 itaque
1803 658 1962 715 nobis
1995 656 2069 711 ad'
2092 656 2321 728 primam
2356 655 2751 712 dubitationem
2781 656 2923 710 dicta
2951 655 3082 710 sint.

973 769 1082 842 31.
1114 770 1344 827 CAPUT
1383 771 1450 826 X.

419 867 544 934 Qua
592 859 655 914 de
676 877 851 934 causa
878 879 982 916 non
1028 864 1104 917 ita
1133 864 1304 927 nobis,
1336 864 1772 933 quemadmodum
1814 866 2004 934 priscis

498 931 774 986 incendere
809 943 856 986 et
915 935 1219 1003 sacriﬁcare
1256 931 1361 989 Deo
1393 938 1665 989 terrestria
1690 931 2005 1005 permissum

494 1011 595 1055 est.

499 1110 608 1169 Sed
643 1129 743 1169 cur
782 1130 893 1170 non
933 1131 1147 1171 summo
1178 1116 1307 1183 Deo,
1352 1117 1454 1187 ipsi
1491 1133 1707 1189 qucque
1749 1117 2006 1172 animalia

428 1206 823 1270 sacrificemus,
855 1223 979 1263 cum
1015 1216 1225 1264 veteres
1271 1210 1349 1263 illi
1396 1209 1489 1264 Dei
1524 1218 1817 1278 amatores,
1868 1226 2006 1280 quo-

428 1308 551 1350 rum
593 1312 694 1352 nos
726 1298 981 1367 pietatem
1031 1299 1235 1353 imitari
1276 1301 1532 1368 dicimus,
1563 1301 1669 1355 hoc
1721 1300 2005 1356 factitave-

428 1389 560 1452 rlnt,
612 1390 737 1445 talis
786 1406 817 1444 a
860 1393 1020 1447 nobis
1080 1394 1222 1448 ratio
1252 1394 1532 1451 reddatur.
1574 1393 1650 1449 De
1692 1394 1812 1464 ipso
1854 1395 2004 1448 cultu

427 1497 586 1551 quem
626 1490 839 1538 veteres
863 1492 917 1540 et
950 1485 1112 1555 primi
1139 1485 1383 1542 homines
1409 1487 1606 1543 divinae
1631 1496 1839 1543 naturae
1860 1487 2007 1542 exhi-

426 1574 636 1636 berent.
674 1590 781 1629 non
818 1575 960 1631 idem
993 1577 1139 1647 quod
1169 1577 1373 1634 Graecis
1414 1581 1592 1635 visum
1625 1588 1728 1645 est,
1774 1588 1829 1636 et
1858 1581 2005 1650 quod

425 1668 480 1720 in
507 1666 682 1723 sacris
713 1666 1065 1724 Hebraeorum
1102 1671 1258 1727 libris
1286 1671 1583 1727 invenitur.
1617 1672 1751 1726 Nam
1783 1673 1859 1727 illi
1886 1674 2008 1744 qui-

422 1758 546 1813 dem
599 1767 929 1829 putaverunt
972 1761 1181 1831 primos
1209 1763 1479 1830 homines,
1515 1764 1725 1818 nullum
1776 1780 2004 1835 prorsus

423 1849 676 1904 animalis
707 1866 900 1920 genus,
932 1868 1108 1921 neque
1141 1854 1472 1919 sacritlcare,
1502 1870 1682 1925 neque
1709 1855 2005 1913 incendere

423 1941 617 1995 solitos
651 1943 778 2010 diis,
805 1944 901 1999 sed
924 1961 1020 2000 eos
1052 1947 1155 2002 soli
1196 1956 1249 2001 et
1274 1948 1503 2019 reliquis
1531 1949 1657 2005 caeli
1705 1948 2000 2013 sideribus,

422 2034 514 2087 ubi
558 2035 732 2090 viride
786 2052 1034 2107 gramen,
1066 2047 1121 2093 et
1160 2040 1318 2109 quasi
1359 2040 1627 2110 quasdam
1665 2039 2004 2097 fecundioris

2033 770 2081 827 A

2649 767 3045 823 ΚΕΦΑΛΑΙΟΝ
3083 768 3139 821 I’.

2114 859 2231 911 Τίνι
2286 860 2447 929 λργῳ
2490 858 2577 929 μὴ
2617 859 2719 913 καὶ
2771 857 2915 929 ἡμῖν
2962 858 3176 929 ὁμοίως
3226 855 3351 929 τοῖς
3406 854 3688 929 παλαιοῖς

2174 924 2752 1051 ἓινμιᾷῦκὶιϊθύειν
2798 924 2879 994 ἱῷ
2929 924 3050 993 Θέῷ
3088 928 3161 981 τὰ
3199 926 3383 998 γεώδη
3426 924 3689 995 παραδέ-

2213 1016 2360 1051 οται.

2177 1115 2313 1186 Περὶ
2352 1114 2408 1168 δὲ
2446 1114 2541 1168 τοῦ
2587 1114 2661 1185 μὴ
2701 1113 2990 1178 ζωοθυτεῖν
3031 1113 3179 1184 ἡμᾶς
3212 1110 3292 1182 τῷ
3332 1111 3425 1164 ἐπὶ
3462 1111 3689 1185 πάντων

2105 1206 2244 1277 Θεῷ,
2280 1206 2387 1262 τῶν
2419 1208 2586 1261 πάλαι
2615 1206 2876 1275 θεοφιλῶν
2904 1206 3134 1277 ἀνδρῶν,
3159 1198 3234 1259 ὧν
3256 1204 3319 1275 δή
3347 1220 3524 1274 φαμεν
3540 1203 3690 1257 κατὰ

2108 1298 2266 1369 ζῆλον
2329 1298 2677 1365 θεοσεϐείας,
2732 1297 2891 1352 τοῦτο
2947 1298 3361 1369 πεποιηκότων,
3409 1289 3569 1359 οὗτος
3629 1295 3689 1361 ἐξ

2106 1391 2265 1462 ήμῶν
2311 1391 2601 1465 ἀποδοθείη
2652 1392 2717 1446 ἂν
2758 1395 2787 1446 ό
2814 1393 2990 1461 λόγος.
3022 1393 3154 1469 ¹Οὐχ
3208 1390 3399 1463 ῶσπερ
3427 1390 3690 1460 Ἕλλησιν

2105 1484 2417 1555 ἐνομίζετο,
2466 1487 2561 1539 καὶ
2602 1487 2715 1548 τοῖς
2754 1484 3019 1557 Ἑϐραίων
3073 1485 3239 1554 ἱεροῖς
3285 1483 3462 1553 λόγοις
3512 1482 3691 1536 ταύτά

2105 1573 2269 1639 δοκεῖ,
2318 1574 2447 1645 περὶ
2488 1575 2588 1646 τῆς
2620 1575 2728 1629 τῶν
2763 1575 2928 1630 πάλαι
2958 1574 3053 1628 καὶ
3084 1573 3315 1647 πρώτων
3352 1575 3562 1646 ἀνδρῶν
3597 1572 3690 1627 θε-

2108 1666 2340 1736 ραπείας
2388 1666 2481 1719 τοῦ
2520 1665 2698 1723 Θείου.
2748 1668 2814 1720 Οἱ
2856 1666 2954 1737 μὲν
3000 1665 3204 1737 ἔφασαν
3258 1666 3333 1738 μὴ
3378 1664 3529 1719 θύειν
3557 1665 3691 1729 τούς

2107 1758 2405 1830 προτέρους
2435 1759 2599 1830 μηδὲν
2639 1759 2814 1814 ὁτιοῦν
2838 1758 2946 1811 τῶν
2973 1756 3146 1824 ζώων,
3179 1757 3313 1829 μηδὲ
3339 1757 3542 1828 θομιᾷν
3572 1759 3689 1821 τοῖς

2108 1850 2270 1915 θεοῖς,
2297 1851 2410 1904 ἀλλ’
2440 1851 2575 1923 ἡλίῳ
2606 1852 2727 1922 μὲν,
2763 1853 2856 1905 καὶ
2894 1854 3005 1916 τοῖς
3038 1853 3158 1906 κατ’
3183 1851 3411 1923 οὐρανὸν
3436 1850 3687 1922 ἄστροις,

2104 1941 2266 2012 χλόην
2318 1944 2412 1996 καὶ
2459 1943 2622 1996 οἱονεί
2677 1959 2800 1997 τινα
2845 1943 2945 2014 τῆς
2996 1942 3220 2014 γονίμου
3261 1941 3475 2013 φύσεως
3523 1940 3689 2012 χνοῦν

2105 2036 2227 2097 ταῖς
2257 2035 2443 2105 χερσὶν
2471 2035 2801 2106 ἀραμένους,
2832 2036 2967 2089 πόαν
2992 2051 3053 2087 τε
3088 2035 3181 2088 κα)⁴
3211 2033 3383 2107 φύλλα
3412 2035 3508 2088 καὶ
3530 2033 3692 2107 ῥίζας

423 2134 633 2181 natura:
673 2128 999 2200 quisquilias
1044 2133 1299 2187 manibus
1342 2133 1713 2201 sustulissent,
1776 2135 2000 2190 herbam

2106 2126 2420 2180 κατακαίειν
2468 2126 2633 2199 πυρί·
2683 2128 2871 2198 πόρρω
2902 2127 2959 2181 δὲ
2987 2128 3336 2200 παρανομίας
3362 2126 3690 2191 ἐλαύνοντας

423 2232 550 2271 cum
580 2219 725 2275 foliis
775 2230 831 2276 et
874 2221 1152 2278 radicibus
1188 2224 1298 2295 igni
1342 2225 1685 2281 comburere.
1722 2224 2001 2280 Posterio-

422 2324 514 2366 res
543 2318 725 2365 autem
752 2311 1001 2370 homines
1031 2316 1222 2384 procul
1250 2331 1281 2369 a
1305 2322 1417 2370 tam
1448 2324 1599 2371 recto
1627 2317 1880 2372 instituto
1907 2317 2003 2372 ab-

422 2408 693 2466 errantes,
730 2402 970 2461 t‘tedasse
1018 2420 1145 2460 aras
1179 2408 1498 2462 animalium
1534 2409 1796 2465 caedibus.
1828 2408 2004 2466 Porro

424 2494 528 2548 hoc
554 2510 678 2551 esse
702 2496 928 2567 impium
951 2507 1005 2553 et
1027 2499 1313 2570 injustum,
1344 2509 1399 2556 et
1420 2518 1690 2572 nusquam
1714 2503 1826 2558 Deo
1855 2519 2006 2560 acce-

420 2594 575 2654 ptum
609 2588 962 2644 sacriﬁcium.
995 2590 1131 2645 Nam
1170 2594 1457 2648 brutorum
1500 2595 1737 2648 animam
1768 2596 1903 2650 nihil
1934 2598 2003 2653 ab

422 2678 704 2734 hominum
724 2681 975 2737 rationali
998 2685 1178 2739 anima
1201 2684 1435 2742 diﬁerre.
1464 2689 1805 2759 Quapropter
1837 2689 2001 2745 catdis

371 2765 375 2769 ’
421 2772 767 2829 accusandos
811 2790 935 2831 esse
976 2791 1095 2840 eos,
1139 2778 1234 2848 qui
1288 2779 1546 2834 animalia
1602 2780 1999 2845 sacriﬁcarent,

421 2861 680 2918 dicebant
710 2885 723 2921 :
753 2881 861 2920 non
893 2882 1053 2923 secus
1082 2882 1147 2923 ac
1175 2869 1222 2924 si
1255 2870 1467 2935 eadem,
1502 2871 1825 2942 similisque,
1858 2881 1911 2926 et
1944 2873 2001 2927 in

422 2955 643 3012 homine
683 2966 738 3012 et
779 2959 834 3012 in
866 2959 1028 3015 bruto
1058 2960 1241 3015 anima
1271 2962 1495 3017 inesset.
1528 2961 1594 3015 Et
1632 2963 1754 3018 talis
1781 2964 2000 3033 quidem

420 3048 489 3105 de
505 3050 745 3119 antiquis
767 3050 1084 3109 hominibus
1100 3053 1286 3124 opinio
1305 3054 1619 3110 Graacorum
1643 3064 1840 3112 exstat.
1872 3056 2001 3123 Quae

421 3150 603 3197 autem
645 3143 699 3196 in
728 3144 950 3215 scriptis
983 3144 1336 3201 Hebraeorum
1371 3149 1591 3219 legitur,
1621 3164 1730 3204 non
1757 3150 1901 3205 talis.
1930 3150 2000 3204 ll-

420 3232 530 3287 lico
564 3233 712 3287 enim
744 3234 920 3290 iactos
973 3237 1182 3306 primos
1222 3239 1509 3307 homines,
1560 3252 1618 3298 ut
1664 3244 1900 3313 primum
1945 3245 2002 3299 in

419 3323 531 3377 vita
569 3324 941 3390 constiterint,
984 3329 1303 3385 animalium
1346 3334 1632 3391 sacriﬁciis
1676 3335 1787 3391 Deo
1828 3337 2003 3391 bono-

420 3427 539 3469 rem
558 3415 876 3473 exhibuisse
904 3430 1321 3479 commemorat.
1353 3422 1495 3479 Dicit
1525 3426 1708 3497 itaque
1735 3448 1748 3483 :
1782 3447 1801 3479 ι
1831 3427 1897 3482 Ει
1923 3426 2002 3482 ia-

419 3512 567 3558 ctum
613 3515 697 3561 est
749 3516 875 3577 post
919 3511 1058 3575 dies,
1102 3520 1163 3567 ut
1199 3512 1418 3570 oﬁerret
1448 3517 1584 3572 Cain
1625 3519 1694 3573 de
1728 3519 2001 3577 fructibus

418 3600 580 3651 terra:
611 3599 941 3654 sacriﬁcium
970 3600 1221 3659 Domino.
1256 3603 1395 3660 Tum
1433 3606 1568 3663 Abel
1619 3608 1737 3680 ipse
1783 3627 2002 3681 quoque

418 3687 617 3742 obtulit
641 3688 708 3744 de
741 3691 1124 3764 primogenitis
1161 3696 1346 3751 ovium
1378 3712 1625 3753 suarum.
1658 3699 1725 3753 Et
1760 3705 2001 3772 respexit

419 3776 565 3835 Deus
592 3779 661 3833 ad
684 3780 840 3849 Abel,
873 3794 926 3838 et
966 3783 1036 3838 ad
1066 3800 1298 3841 munera
1332 3788 1499 3845 illius.
1548 3788 1631 3843 Ad
1678 3790 1815 3845 Cain
1850 3808 1998 3859 vero,

416 3879 472 3926 et
511 3870 578 3926 ad
609 3873 881 3929 sacriﬁcia
920 3875 1043 3946 ejus
1073 3894 1184 3934 non
1226 3879 1458 3936 attendit
1487 3881 1551 3936 ³⁷.
1596 3902 1615 3934 ι
1657 3880 1759 3937 Ubi
1792 3884 1907 3953 jam
1937 3885 2001 3939 il-

416 3962 511 4017 lud
535 3965 914 4021 considerabis
943 3969 1090 4037 quod
1122 3969 1235 4025 Deo
1264 3973 1539 4041 acceptior
1567 3973 1750 4029 dictus
1780 3976 1873 4040 sit,
1905 3976 2000 4047 qui

415 4055 677 4111 animalia
711 4058 1120 4125 sacriﬁcaverit,
1152 4077 1315 4132 quam
1348 4064 1396 4119 is
1423 4066 1517 4134 qui
1552 4069 1623 4121 ab
1667 4082 1798 4137 agro
1828 4070 2001 4124 sacri-

415 4148 602 4204 ﬁcium
630 4150 914 4206 obtulerit.
950 4152 1129 4207 Etiam
1152 4152 1267 4209 Noe
1298 4157 1550 4225 protinus
1572 4157 1641 4213 de
1669 4160 1884 4215 cunctis
1908 4176 2002 4230 pc-

362 4227 373 4320 ί
413 4242 640 4299 coribus
678 4243 919 4311 mundis,
956 4252 1010 4300 et
1052 4246 1121 4300 de
1149 4248 1363 4304 cunctis
1392 4250 1710 4306 volucribus
1758 4254 1998 4320 mundis,

363 4318 373 4327 ’
413 4332 611 4387 obtulit
656 4334 1056 4404 perfectissima
1088 4354 1318 4415 munera
1351 4356 1517 4409 super
1551 4342 1761 4397 altare:
1800 4318 2000 4399 odora;

324 4448 349 4471 .
414 4434 613 4495 tusque
664 4437 748 4485 est
791 4426 1058 4484 Dominus
1100 4430 1323 4485 odorem
1375 4434 1684 4490 suavitatis.
1721 4435 2000 4492 Abraham

414 4530 635 4586 quoque
664 4518 986 4573 sacriﬁcans
1018 4518 1359 4576 describitur
1390 4542 1403 4576 :
1438 4532 1518 4589 ut,
1550 4525 1596 4580 si
1623 4526 1827 4603 divinae,
1849 4526 2000 4582 Scri-

412 4611 978 4677 pturaatestimonium
1001 4613 1303 4683 sequimur,
1351 4616 1588 4685 primum
1620 4621 1861 4675 omnium
1891 4620 1998 4692 35

410 4715 477 4753 ex
502 4701 831 4758 animalibus
878 4704 1231 4773 sacriﬁcium,
1267 4707 1467 4777 priscis
1496 4709 1609 4765 Deo
1644 4713 1835 4768 amicis
1866 4715 2000 4770 viris

2104 2219 2229 2284 τοὺς
2266 2219 2403 2291 μετὰ
2440 2219 2611 2274 ταῦτα
2643 2219 2990 2291 ἀνθρώπους,
3035 2220 3263 2291 αἱμάξαι
3296 2221 3423 2284 τοὺς
3467 2220 3690 2292 βωμοὺς

2106 2311 2261 2377 ζώων
2319 2316 2558 2382 σφαγαῖς
2605 2311 2702 2384 (l).
2756 2310 2909 2369 Εἶναι
2952 2312 3010 2366 δὲ
3061 2312 3264 2383 ταύτην
3308 2312 3546 2379 ἀνόσιον,
3592 2311 3691 2367 καὶ

2105 2405 2309 2474 ἄδικον,
2328 2407 2421 2462 καὶ
2441 2406 2690 2477 οὐδαμῶς
2714 2406 2832 2479 Θεῷ
2854 2406 3122 2477 προσφιλῆ
3146 2405 3354 2460 θυσίαν.
3369 2404 3554 2477 Μηδὲν
3576 2405 3690 2477 γὰρ

2103 2501 2203 2571 τῆς
2236 2500 2342 2554 τῶν
2374 2498 2676 2573 ἀνθρώπων
2725 2500 2945 2571 λογικῆς
2986 2499 3162 2571 ψυχῆς
3195 2499 3295 2570 τὴν
3320 2498 3426 2552 τῶν
3473 2497 3689 2567 ἀλόγων

2103 2592 2407 2665 διαφέρεινο
2463 2592 2544 2646 διὸ
2584 2592 2678 2647 καὶ
2724 2593 2886 2663 φόνου
2916 2591 3068 2663 δίκην
3100 2590 3322 2661 ὑπέχειν
3363 2588 3512 2654 ἀξιον
3558 2589 3690 2652 τοὺς

2105 2684 2511 2750 ζωοθυτοῦντας
2554 2684 2811 2754 ἔφασκον,
2860 2684 2936 2747 ὡς
2978 2683 3081 2753 τῆς
3133 2682 3300 2754 αὐτῆς
3358 2682 3451 2735 καὶ
3491 2680 3690 2753 ὁμοίας

2104 2776 2159 2829 ἔν
2186 2794 2244 2829 τε
2277 2774 2373 2830 ἀνθ
2384 2776 2550 2848 ρώπῳ
2585 2775 2680 2829 καὶ
2712 2776 2770 2829 ἐν
2790 2774 2866 2845 τῷ
2893 2774 3070 2845 ἀλόγῳ
3098 2771 3220 2845 ζώῳ
3240 2772 3418 2844 ψυχῆς
3444 2776 3688 2845 ἐνυπαρ-

2103 2870 2321 2941 χούσης.
2372 2868 2511 2922 Ἀλλ’
2560 2868 2589 2920 ὁ
2632 2867 2729 2938 μὲν
2778 2868 2887 2921 τῶν
2936 2866 3206 2938 Ἑλλήνων
3254 2868 3383 2941 περὶ
3420 2866 3532 2920 τῶν
3575 2885 3684 2920 πα-

2102 2959 2268 3014 λαιῶν
2309 2960 2468 3028 λόγος
2506 2959 2713 3012 τοιόσδε
2748 2977 2829 3023 τις
2868 2954 2936 3033 ἦν
2960 2976 2973 2987 ·
3018 2960 3047 3012 ὁ
3083 2957 3139 3011 δέ
3166 2975 3232 3028 γε
3272 2960 3372 3029 τῆς
3411 2957 3684 3030 Ἐϐραίων

2102 3053 2324 3124 Γραφῆς
2364 3052 2426 3104 οὐ
2474 3051 2732 3115 τοιοῦτος.
2787 3051 2926 3114 Τοὺς
2952 3049 3061 3123 γάρ
3105 3066 3188 3103 τοι
3230 3048 3479 3121 πρώτους
3522 3047 3689 3111 εὐθὺς

2102 3145 2425 3216 γενομένους
2460 3142 2781 3217 ἀνθρώπους
2828 3142 2943 3214 ἅμα
2964 3146 3030 3214 τῇ
3062 3140 3252 3216 πρώτῃ
3283 3142 3541 3195 συστάσει
3589 3141 3687 3195 τοῦ

2105 3237 2222 3308 βίου
2250 3236 2460 3299 θυσίαις
2484 3238 2601 3299 ταῖς
2624 3235 2730 3288 ἀπὸ
2757 3233 2910 3299 ζώων
2940 3234 3163 3305 τιμῆσαι
3192 3233 3251 3285 τὸ
3275 3233 3429 3286 Θεῖον
3458 3234 3683 3307 ἱστορεῖ.

2103 3329 2266 3397 Λέγει
2309 3327 2353 3381 δ’
2400 3325 2515 3382 οὖν’
2567 3348 2585 3380 ι
2613 3329 2724 3382 Kal.
2775 3326 2991 3396 ἐγένετο
3027 3325 3144 3397 μεθ’
3183 3324 3434 3397 ἡμέρας,
3482 3326 3689 3397 ἧνεγκε

2103 3423 2244 3476 Κάῖν
2282 3422 2388 3475 ἀπὸ
2427 3419 2536 3474 τῶν
2577 3420 2805 3493 καρπῶν
2846 3420 2945 3489 τῆς
2981 3420 3085 3491 γῆς
3128 3418 3320 3473 θυσίαν
3354 3415 3434 3487 τῷ
3466 3415 3682 3489 Κυρίῳ·

2104 3511 2200 3564 καὶ
2231 3509 2400 3563 Ἀϐελ
2437 3510 2637 3581 ήνεγκε
2682 3510 2777 3563 καὶ
2824 3509 2987 3571 αὐτὸς
3035 3507 3142 3561 ἀπὸ
3181 3507 3289 3562 τῶν
3323 3506 3689 3579 πρωτοτόκων

2102 3603 2210 3658 τῶν
2241 3602 2530 3676 προϐάτων
2559 3601 2745 3656 αὐτοῦ.
2791 3601 2903 3654 Kal.
2933 3601 3141 3656 ἐπεῖδεν
3174 3602 3202 3653 ὁ
3231 3598 3365 3662 Θεὸς
3400 3599 3495 3651 ἐπὶ
3522 3597 3691 3651 ’Δϐελ

2104 3698 2197 3749 καὶ
2240 3696 2332 3749 ἐπὶ
2373 3698 2486 3758 τοῖς
2522 3692 2715 3764 δώροις
2759 3690 2925 3745 αὐτοῦ
2950 3709 2965 3723 ·
3006 3692 3099 3744 ἐπὶ
3142 3690 3200 3745 δὲ
3242 3690 3381 3744 Κάῖν
3424 3690 3522 3742 καὶ
3563 3690 3690 3751 ταῖς

2103 3789 2316 3852 θυσίαις
2341 3786 2506 3841 αὐτοῦ
2539 3786 2600 3839 οὐ
2626 3784 2949 3859 προσέσχεν.
2987 3804 3005 3839 ι
3047 3783 3216 3839 Ἔνθα
3242 3783 3306 3855 δὴ
3344 3783 3687 3854 ἐπιστήσεις,

2101 3882 2177 3946 ὼς
2219 3881 2418 3953 μᾶλλον
2469 3883 2496 3935 ὁ
2538 3879 2884 3950 ξωοθυτήσας
2934 3878 3228 3941 ἀπόδεκτος
3276 3875 3490 3948 εἴρηται
3534 3874 3691 3948 παρὰ

2100 3974 2193 4028 τὸν
2239 3974 2347 4027 ἀπὺ
2400 3973 2505 4045 γῆς
2555 3972 2977 4045 προσαγαγόντα
3027 3970 3104 4041 τῷ
3144 3969 3263 4041 Θεῷ
3310 3970 3410 4040 τὴν
3470 3966 3687 4022 θυσίαν.

2102 4066 2213 4120 Καὶ
2261 4065 2385 4118 Νῶε
2425 4065 2483 4117 δὲ
2522 4064 2683 4129 εὐθὺς
2726 4065 2836 4119 ἀπὸ
2884 4064 3103 4118 πάντων
3156 4062 3262 4116 τῶν
3308 4059 3528 4133 κτηνῶν
3575 4061 3689 4114 τῶν

2103 4159 2393 4230 καθαρῶν,
2438 4159 2533 4211 καὶ
2574 4161 2682 4213 ἀπὸ
2728 4159 2945 4212 πάντων
2990 4157 3096 4211 τῶν
3148 4154 3365 4226 πτηνῶν
3422 4153 3536 4207 τῶν
3580 4171 3681 4209 και

2103 4252 2283 4323 θαρῶν
2347 4253 2645 4323 ἀνήνεγκεν
2708 4248 3114 4321 ὁλοκαρπώσεις
3153 4249 3246 4301 ἐπὶ
3283 4247 3343 4300 τὺ
3387 4245 3691 4318 θυσιαστή-

2104 4361 2240 4416 ριον,
2287 4345 2381 4397 καὶ
2420 4342 2713 4414 ὠσφράνθη
2762 4340 2966 4413 Κύριος
3014 4338 3189 4411 ὀσμὴν
3232 4336 3477 4427 εὐωδίας.
3523 4335 3690 4389 Ἀλλά

2102 4435 2196 4488 καὶ
2232 4434 2483 4507 Ἀϐραὰμ
2519 4434 2686 4498 θύσας
2728 4433 3138 4505 ἀναγέγραπται
3162 4447 3176 4459 ·
3206 4428 3366 4495 ὥστε,
3401 4427 3550 4483 κατὰ
3587 4427 3689 4501 τὴν

2100 4530 2200 4600 τῆς
2227 4527 2377 4591 θείας
2394 4526 2617 4598 Γραφῆς
2666 4523 2990 4597 μαρτυρίαν,
3012 4521 3236 4593 πρώτην
3281 4519 3543 4573 ἁπάντων
3585 4522 3687 4591 τὴν

2101 4621 2191 4675 διὰ
2224 4619 2377 4684 ζώων
2416 4617 2605 4671 θυσίαν
2631 4615 3009 4686 ὲπινενοῆσθαι
3040 4615 3151 4676 τοῖς
3188 4611 3353 4665 πάλαι
3386 4609 3684 4680 θεοφιλὲσι.

2103 4713 2305 4767 Τούτου
2337 4710 2395 4765 δὲ
2415 4711 2505 4764 τὸν
2538 4708 2795 4780 λογισμὸν
2823 4706 3063 4780 ἡγοῦμαι
3088 4701 3227 4758 εἶναι
3247 4703 3307 4756 οὐ
3328 4703 3420 4756 τὸν
3446 4703 3689 4775 τυχόντα

411 4792 779 4862 excogitatum
804 4792 995 4859 fuisse,
1022 4811 1124 4850 nos
1157 4795 1343 4852 dicere
1369 4808 1637 4868 Oporteat.
1669 4799 1843 4867 Quam
1868 4819 2000 4859 sane

2106 4806 2212 4858 οὐδ’
2240 4802 2595 4875 ἀνθρωπίνως
2626 4799 2999 4870 κεκινημένον,
3023 4798 3165 4851 κατὰ
3195 4796 3345 4851 θείαν
3366 4795 3411 4848 δ’
3438 4796 3687 4851 ἐπίνοιαν

409 4884 866 4954 excogitationem
895 4895 1100 4945 temere
1130 4891 1432 4957 exstitisse,
1466 4900 1559 4946 aut
1581 4894 1817 4950 humano
1844 4912 1995 4953 more

409 4985 676 5044 exortam,
700 4980 1005 5048 putandum
1040 4997 1153 5038 non
1180 4992 1285 5050 est,
1317 4984 1410 5041 sed
1438 4985 1624 5041 divino
1648 4989 1828 5057 potius
1855 4999 1993 5048 nutu

411 5072 766 5131 insinuatam.
799 5074 1011 5131 Etenim
1046 5094 1170 5134 cum
1198 5096 1414 5136 morum
1439 5082 1731 5139 sanctitate
1764 5094 1993 5155 praesta-

410 5173 553 5231 rent,
586 5165 806 5238 Deoque
835 5168 1051 5239 penitus
1080 5172 1282 5228 addicti
1309 5182 1514 5237 essent,
1548 5183 1601 5229 et
1630 5175 1703 5230 ob
1730 5192 1849 5231 eam
1876 5194 1991 5235 rem

402 5257 570 5328 quasi
603 5258 790 5314 divino
814 5259 1022 5331 Spiritu
1063 5264 1320 5319 illustrati
1362 5266 1626 5332 viderent,
1661 5283 1859 5339 magno
1885 5270 1990 5325 sibi

401 5366 540 5419 opus
569 5363 694 5406 esse
720 5351 1007 5424 obsequio,
1033 5356 1080 5411 si
1111 5372 1211 5412 sua
1241 5357 1483 5427 ipsorum
1522 5360 1757 5415 humana
1791 5359 1991 5417 delicta

402 5443 618 5500 diluere
642 5447 881 5503 vellent:
916 5449 1151 5518 pretium
1202 5467 1302 5522 pro
1333 5453 1509 5509 salute
1547 5470 1646 5511 sua
1676 5457 1747 5519 ei,
1784 5458 1879 5527 qui
1908 5459 1989 5511 vi-

368 5632 377 5679 ,
475 5595 518 5627 '°
557 5597 723 5654 Hebr.
759 5618 878 5667 xm,
923 5603 976 5657 ὁ.
1057 5607 1099 5637 ¹⁷
1128 5606 1265 5661 Gen.
1313 5625 1387 5673 tv,
1424 5610 1544 5664 3-5.

2104 4897 2563 4970 ὑποϐεϐλημένον.
2612 4894 2828 4965 Ἐπειδὴ
2861 4892 2970 4965 γὰρ
2993 4891 3198 4962 ἑώρων,
3231 4890 3326 4944 ᾶτε
3358 4889 3450 4945 τὸν
3479 4891 3687 4963 τρόπον

2103 4990 2345 5055 εὐσεϐεῖς
2388 4991 2480 5045 καὶ
2523 4987 2642 5059 Θεῷ
2683 4986 3176 5059 προσῳκειωμένοι,
3225 4983 3354 5055 θείῳ
3392 5000 3455 5035 τε
3506 4982 3686 5037 Πνεύο

2106 5105 2235 5160 ματι
2263 5086 2361 5150 τάς
2382 5082 2559 5156 ψυχὰς
2591 5079 3011 5151 πεφωτισμένοι,
3047 5076 3287 5150 μεγάλης
3309 5076 3489 5139 αὐτοῖς
3521 5075 3689 5147 θεραο

2100 5184 2261 5247 πείας
2293 5181 2404 5235 δεῖν
2447 5183 2526 5245 είς
2556 5177 2928 5249 ἀποκάθαρσιν
2960 5174 3067 5229 τῶν
3106 5173 3314 5247 θνητῶν
3357 5171 3688 5244 πλημμελη-

2104 5277 2311 5348 μάτων,
2345 5274 2538 5345 λύτρον
2585 5272 2684 5343 τῆς
2719 5269 2899 5324 αὐτῶν
2946 5268 3239 5340 σωτηρίας,
3270 5264 3349 5337 τῷ
3390 5265 3486 5319 καὶ
3534 5261 3685 5335 ζωῆς

2098 5364 2191 5417 καὶ
2232 5362 2408 5433 ψυχῆς
2456 5359 2676 5434 χορηγῷ
2726 5356 3175 5432 προσοφείλεσθαι
3203 5355 3453 5428 ήγοῦντω
3488 5353 3685 5408 ἔπειτα

2103 5458 2269 5529 μηδὲν
2304 5461 2550 5532 κρεῖττον
2601 5457 2695 5513 καὶ
2738 5455 3060 5530 τιμιώτερον
3105 5454 3205 5526 τῆς
3242 5450 3449 5515 οἰκείας
3499 5448 3684 5524 ψυχῆς

479 5778 555 5848 (l)
601 5780 738 5841 Sunt
770 5787 883 5843 haec
908 5787 1193 5859 desumpta
1223 5806 1253 5847 e
1284 5790 1461 5861 primo
1489 5792 1629 5848 libro
1663 5791 1949 5864 Porphyrii
1986 5797 2000 5847 l

2108 5790 2125 5846 ὶ
2160 5790 2396 5862 ἀποχης
