3842 6218
261 275 336 333 85
1160 269 1821 332 DEMONSTRA’I‘IONIS
1851 270 2311 329 EVANGELiCxE
2342 271 2471 327 LIB.
2503 271 2546 329 1.
3464 273 3534 324 88

260 394 554 468 καθιεροῦν
600 396 836 469 ἔχοντες,
882 397 1003 453 ἀντὶ
1043 397 1253 468 ταύτης
1293 398 1435 463 τέως
1478 398 1576 471 τὴν
1621 398 1709 452 διὰ
1745 396 1835 450 τῶι

1957 404 2068 450 tam
2102 406 2262 467 atque
2282 398 2520 448 animam
2553 394 2898 465 praebuisset,
2919 409 2978 450 se
3004 393 3203 449 debere
3222 394 3488 464 putabant
3513 416 3531 452 ;

259 487 478 555 ἀλόγων
514 486 670 551 ζώων
712 488 987 560 προσῆγον
1014 488 1226 554 θυσίαν,
1258 487 1359 560 τῆς
1383 488 1533 558 σφῶν
1560 488 1737 560 ψυχῆς
1766 491 1859 543 ἀν-

259 577 464 647 τίψυχα
510 579 1008 651 προσκομίζοντες·
1036 579 1190 634 οὐδὲν
1220 580 1364 633 κατὰ
1408 579 1566 633 τοῦτο
1601 581 1859 652 πλημμε-

258 667 395 734 λεῖν,
420 671 533 724 οὐδ’
564 672 774 726 ἀδικεῖν
803 673 936 744 ἠγού
946 690 1117 745 μενοι,
1141 674 1223 727 ὅτι
1262 672 1401 745 μηδὲ
1428 675 1494 744 τῇ
1520 672 1629 727 τῶν
1651 672 1859 744 ἀνθρώ-

259 777 381 815 πων
425 762 621 835 λογικῇ
673 765 771 818 καὶ
811 767 974 837 νοερᾷ
1022 765 1252 836 δυνάμει
1298 765 1686 838 παραπλησίαν
1719 762 1855 820 εῖναι

256 853 356 932 τὴν
387 854 569 926 ψυχὴν
590 855 699 909 τῶν
722 856 931 925 ἀλόγων
953 857 1321 922 ἐπαιδεύοντο,
1340 858 1449 911 οὐδ’
1479 857 1607 912 ἄλλο
1633 876 1686 913 τι
1718 854 1856 913 εἶναι

256 947 432 1018 αὐτὴν
461 947 496 1019 ἢ
538 948 599 1001 τὸ
625 941 767 1019 αἷμα
794 949 973 1003 αὐτῶν
1004 949 1409 1020 μεμαθηκότες,
1434 950 1530 1004 καὶ
1562 949 1661 1025 τὴν
1689 953 1748 1007 ὲν
1778 949 1857 1022 τῷ

254 1039 454 1119 αἵματι
512 1039 755 1111 ζωτικὴν
809 1040 1059 1111 δύναμιν,
1114 1041 1151 1096 δ’
1201 1043 1297 1095 καὶ
1349 1041 1609 1113 παρέχειν
1658 1041 1857 1105 αὐτοὺς

198 1118 209 1128 ’
256 1118 453 1203 ρ
473 1130 656 1202 ψυχὴν
678 1133 798 1187 ἀντὶ
826 1133 1005 1209 ψυχῆς
1029 1133 1400 1205 ἀναφέροντας
1422 1133 1499 1206 τῷ
1519 1133 1657 1205 Θεῷ.
1684 1134 1857 1187 Τοῦτο

254 1222 315 1275 δὲ
356 1223 495 1277 αὐτὸ
545 1225 750 1296 Μωσῆς
798 1225 1098 1281 λευκότατά
1147 1244 1251 1280 που
1305 1227 1580 1297 διασαφεῖ,
1641 1225 1851 1295 λέγων·

261 1333 285 1366 ι
327 1315 495 1387 Ψυχὴ
540 1316 724 1388 πάσης
777 1317 976 1389 σαρκὸς
1026 1313 1167 1389 αἷμα
1208 1319 1375 1373 αύτοῦ
1422 1321 1559 1381 ἐστι,
1606 1319 1701 1389 ita}
1746 1316 1856 1386 ἐγὼ

254 1404 470 1460 δέδωκα
516 1408 646 1478 ύμῖν
693 1407 758 1461 τδ
788 1403 928 1479 αἷμα
964 1411 1057 1463 ἐπὶ
1088 1408 1181 1463 τοῦ
1229 1410 1639 1481 θυσιαστηρίου,
1673 1409 1856 1476 ἐξιλά-

257 1498 490 1557 σκεσθαι
523 1499 654 1571 περὶ
681 1499 790 1554 τῶν
817 1501 1103 1573 ἁμαρτιῶν
1153 1501 1330 1573 ὑμῶν.
1358 1502 1432 1555 Τὸ
1458 1501 1566 1573 γὰρ
1596 1496 1733 1573 αἷμα
1761 1504 1858 1555 αύ-

253 1587 370 1651 :va
417 1588 543 1641 ἀντὶ
583 1588 766 1659 ψυχῆς
804 1588 1129 1655 ὲξιλάσεται.
1167 1590 1266 1643 Διὰ
1315 1590 1473 1643 τοῦτο
1505 1591 1700 1662 εἴρηκα
1744 1593 1855 1654 τοῖς

252 1682 399 1742 υἱοῖς
454 1680 714 1752 Ἰσραήλ·
768 1682 925 1735 Πᾶσα
982 1682 1129 1755 ψυχὴ
1188 1682 1248 1748 ἐξ
1310 1683 1464 1754 ὑμῶν
1512 1683 1573 1735 οὐ
1620 1682 1854 1752 φάγεται

1963 487 2058 544 sed
2089 503 2213 543 cum
2228 487 2365 542 nihil
2391 487 2737 558 praestantius
2781 495 2875 541 aut
2900 486 3196 557 pretiosius
3222 486 3399 541 anima
3435 502 3535 543 sua

1959 580 2244 646 haberent,
2273 579 2418 651 quod
2440 579 2708 643 dicarent,
2738 594 2838 651 pro
2864 580 2968 634 hac
2995 579 3215 634 interim
3244 580 3533 635 brutorum

1959 671 2275 725 animalium
2302 671 2470 727 vitam
2494 669 2812 735 oﬂ‘erebant,
2838 671 2912 725 ita
2942 686 3055 725 suae
3074 671 3318 741 ipsorum
3342 672 3536 725 anima:

1958 761 2292 816 sacriﬁcium
2322 762 2458 817 illud
2487 768 2869 832 comparantes
2900 776 3123 832 :-neque
3143 777 3203 817 se
3227 762 3282 817 in
3308 762 3410 816 hoc
3441 771 3536 816 aut

1957 848 2295 921 delinquere,
2317 858 2410 905 aut
2433 851 2638 921 injuste
2662 851 2840 907 facere
2862 850 3274 907 arbitrabantur
3297 871 3310 907 :
3333 853 3555 923 quippe-

1957 941 2052 1011 qui
2081 940 2364 996 hominum
2410 941 2723 1009 rationalis,
2754 947 2917 1011 atque
2948 941 3303 1012 intelligentia
3333 943 3531 1012 praedi-

1957 1040 2026 1087 ta:
2068 1033 2285 1087 animae.
2317 1032 2631 1103 neutiquam
2678 1032 2912 1087 similem
2969 1031 3257 1088 brutorum
3296 1032 3532 1088 animam

1957 1141 2079 1181 esse
2102 1125 2444 1190 didicissent,
2467 1139 2645 1195 neque
2659 1123 2806 1179 aliud
2825 1123 3115 1195 quicquam
3138 1126 3530 1195 quamillorum

1959 1218 2299 1289 sanguinem,
2344 1218 2672 1289 vitalemque
2701 1219 2756 1273 in
2797 1233 2863 1274 eo
2894 1218 3000 1272 vim
3036 1233 3161 1274 esse
3177 1233 3326 1285 eam,
3356 1219 3533 1273 edocti

1956 1319 2161 1374 essent,
2189 1309 2404 1380 hocque
2431 1325 2598 1364 unum
2634 1310 2875 1381 praebere
2900 1325 2959 1365 se
2973 1311 3131 1380 quasi
3160 1310 3397 1365 animam
3422 1308 3534 1365 Deo

1958 1399 2269 1468 proanima
2300 1397 2611 1454 oﬁerentes.
2638 1397 2752 1454 Hoc
2780 1406 2962 1454 autem
2996 1400 3174 1470 ipsum
3198 1399 3376 1455 Moses
3396 1415 3535 1471 quo-

1957 1489 2082 1543 dam
2117 1490 2239 1543 loco
2268 1489 2588 1559 planissime
2609 1489 2834 1557 indicat,
2863 1490 2958 1545 ubi
2991 1490 3068 1545 ait
3101 1509 3114 1545 :
3149 1509 3168 1541 ι
3199 1491 3391 1545 Anima
3416 1505 3535 1545 om-

1956 1579 2045 1634 nis
2077 1578 2264 1635 carnis
2303 1579 2528 1650 sanguis
2565 1580 2822 1649 ejusest,
2863 1589 2916 1635 et
2948 1595 3050 1651 ego
3082 1581 3204 1637 dedi
3229 1582 3385 1637 vobis
3411 1598 3538 1637 san-

1959 1670 2178 1741 guinem
2226 1669 2282 1724 in
2324 1670 2584 1725 altariad
2632 1668 2962 1740 expiandum
2996 1685 3096 1740 pro
3149 1671 3388 1741 peccatis
3441 1687 3535 1727 ve-

254 1765 422 1841 αξμα.
471 1791 491 1823 ι
533 1772 781 1843 Πρόσχες
821 1773 954 1842 γοῦν
1001 1775 1277 1846 ἐπιμελῶς
1316 1775 1375 1828 ἐν
1421 1774 1654 1840 τούτοις,
1705 1776 1835 1838 ὅπως

1957 1764 2089 1820 stris
2120 1781 2137 1819 :
2171 1763 2395 1835 sanguis
2435 1764 2578 1819 enim
2607 1779 2796 1819 eorum
2825 1778 2924 1833 pro
2949 1765 3129 1818 anima
3159 1766 3419 1836 expiabit.
3449 1764 3537 1821 1d-

253 1860 480 1931 εἴρηται
509 1861 594 1926 τὸ,
633 1880 653 1913 ι
711 1861 852 1932 Ἐγὼ
891 1864 1102 1918 δέδωκα
1138 1866 1267 1936 ὑμῖν
1313 1867 1407 1919 ἐπὶ
1435 1864 1529 1919 τοῦ
1560 1865 1852 1937 θυσιαστη-

255 1952 379 2022 ρίου
429 1952 811 2017 ἐξιλάσκεσθαι
856 1956 986 2027 περὶ
1028 1955 1139 2009 τῶν
1179 1955 1367 2027 ψυχῶν
1405 1956 1588 2028 ὑμῶν·
1636 1957 1698 2010 τὸ
1741 1956 1852 2030 γὰρ

250 2038 399 2115 αἷμα
426 2046 548 2098 ἀντὶ
578 2047 679 2117 τῆς
705 2048 884 2119 ψυχῆς
925 2047 1250 2114 ἐξιλάσεται.
1293 2068 1311 2098 ι
1364 2048 1560 2118 Σαφῶς
1580 2049 1690 2122 γὰρ
1731 2050 1853 2104 ἀντὶ

248 2136 357 2208 τῆς
387 2138 742 2210 ἀνθρωπίνης
767 2140 946 2211 ψυχῆς
977 2141 1040 2194 τδ
1068 2139 1179 2193 τῶν
1214 2141 1663 2213 σφαγιαζομένων
1698 2140 1850 2207 ζώων

250 2223 401 2300 αἷμά
425 2247 592 2302 φησιν
638 2231 1040 2299 ἐξιλάσκεσθαι.
1073 2232 1246 2287 Τοῦτο
1281 2232 1338 2285 δὲ
1374 2234 1506 2287 αὐτὸ
1540 2234 1637 2289 καὶ
1664 2234 1694 2286 6
1724 2234 1852 2306 περὶ

246 2321 365 2375 τῶν
395 2322 599 2377 θυσιῶν
640 2325 804 2395 νόμος
832 2325 1123 2380 ὑποϐάλλει
1146 2328 1286 2379 νοεῖν
1314 2326 1402 2399 τῷ
1421 2327 1852 2399 τεθεωρημένως

251 2413 574 2469 σκοποῦντι.
610 2417 797 2471 Πάντα
836 2416 966 2486 γοῦν
1000 2418 1093 2472 τὸν
1139 2417 1336 2471 θύοντα
1364 2417 1463 2483 τὰς
1507 2422 1694 2492 χεῖρας
1733 2420 1853 2472 ἐπι-

246 2501 477 2559 ϐάλλειν
508 2505 838 2574 προστάττει
879 2509 945 2578 τῇ
982 2507 1194 2579 κεφαλῇ
1226 2508 1321 2562 τοῦ
1360 2510 1647 2580 θυομένου,
1684 2526 1851 2580 προσ-

248 2593 511 2665 κομίζειν
543 2596 601 2649 δὲ
634 2597 695 2651 τὸ
726 2596 867 2662 ζῶον
897 2597 976 2669 τῷ
1009 2599 1146 2671 ἱερεῖ
1167 2601 1266 2671 τῆς
1302 2600 1543 2670 κεφαλῆς
1571 2601 1849 2672 ἐχόμενον,

245 2687 462 2742 ὡσανεὶ
492 2689 635 2761 ὑπὲρ
673 2690 773 2761 τῆς
807 2689 1003 2744 ἑαυτοῦ
1032 2692 1276 2762 κεφαλῆς
1301 2694 1362 2746 τὸ
1395 2696 1591 2766 ἱερεῖον
1616 2692 1853 2764 προσφέ-

251 2795 443 2850 ροντα.
488 2781 656 2850 Λέγει
700 2781 747 2835 δ’
794 2778 887 2837 οὖν
932 2784 1019 2853 ἐφ’
1054 2785 1287 2857 ἑκάστῳ·
1328 2805 1347 2837 ι
1399 2783 1669 2858 Προσάξει
1720 2786 1853 2840 αὐτὸ

247 2870 439 2926 ε-δαντι
477 2873 707 2945 Κυρίου,
738 2875 834 2930 καὶ
876 2876 1135 2948 ἐπιθήσει
1177 2877 1278 2942 τὰς
1318 2880 1508 2949 χεῖρας
1554 2877 1719 2933 αὑτοῦ
1761 2879 1854 2932 ἐπὶ

244 2964 355 3037 τὴν
390 2965 637 3037 κεφαλὴν
680 2967 775 3021 τοῦ
827 2967 1026 3041 δώρου.
1069 2989 1088 3021 ι
1136 2972 1253 3023 Καὶ
1280 2952 1571 3040 οὓτως-ἐφ’
1621 2972 1851 3026 ἑκάστου

246 3058 558 3129 τετήρηται
584 3058 846 3130 θύματος,
875 3061 1131 3132 οὐδεμιᾶς
1163 3061 1355 3127 θυσίας
1384 3062 1558 3126 ἄλλως
1589 3064 1854 3136 ἀναφερο-

250 3118 465 3232 μένη-ς..
485 3150 564 3204 Δι’
597 3118 673 3204 ὧν
705 3154 735 3205 6
776 3118 957 3221 λόγος,
987 3118 1085 3208 ότι
1207 3118 1493 3227 ἀντίφυχα
1524 3118 1626 3226 τῆς
1671 3118 1851 3210 ai)“;th
1879 3118 1924 3179 Ο

246 3241 438 3312 ψυχῆς
464 3244 773 3314 προσήγετο
790 3244 860 3298 τὰ
881 3243 1299 3316 ζωοθυτούμενα
1318 3264 1333 3278 ο
1368 3249 1398 3300 6
1436 3246 1492 3300 δὲ
1512 3246 1619 3301 τῶν
1639 3247 1853 3317 ἀλόγων

248 3332 416 3398 ζώων
454 3333 517 3387 τὸ
542 3329 684 3405 αἷμα
711 3334 814 3408 τὴν
846 3335 1024 3408 ψυχὴν
1056 3334 1195 3392 εἶναι
1228 3326 1447 3403 διδάξας
1478 3337 1725 3409 οὐδαμῶς
1765 3339 1852 3391 λο-

246 3425 422 3497 γικῆς
450 3427 546 3480 καὶ
573 3430 766 3500 νοερᾶς
797 3429 984 3493 οὐσίας
1014 3429 1218 3500 ὁμοίως
1245 3433 1360 3494 τοῖς
1379 3428 1687 3501 ἀνθρώποις
1718 3446 1849 3501 μετ-

247 3517 402 3590 έχειν
430 3517 573 3572 αύτά
599 3520 956 3591 παρίστησιν-
1004 3515 1143 3575 εἶναι
1193 3519 1303 3593 γὰρ
1332 3520 1511 3574 αὐτῶν
1533 3521 1633 3592 τὴν
1661 3521 1852 3575 σύστα-

250 3625 342 3662 σιν
375 3609 438 3675 ἐξ
468 3609 602 3683 ὕλης
635 3613 732 3665 καὶ
764 3614 1054 3683 σωμάτων,
1080 3614 1194 3677 τοῖς
1219 3611 1328 3666 ἀπὸ
1368 3613 1470 3684 γῆς
1504 3612 1849 3685 βλαστήμασι

248 3700 351 3763 καὶ
395 3703 584 3767 φυτοῖς
634 3701 1041 3773 παραπλησίαν.
1090 3704 1205 3757 Ἑνὶ
1234 3704 1279 3757 δ’
1320 3698 1413 3757 οὖν
1450 3703 1600 3776 λόγῳ
1632 3704 1792 3758 πάλιν
1819 3705 1847 3757 6

247 3789 466 3860 Μωσῆς
507 3808 639 3862 φησι
681 3793 775 3846 τὸν
809 3793 942 3847 Θεὸν
990 3796 1196 3850 εἰπεῖν·
1246 3814 1265 3847 ι
1300 3796 1666 3866 Βλαστησάτω
1692 3801 1725 3869 ή
1774 3799 1849 3870 γῆ

255 3878 494 3961 βοτάνην
522 3884 737 3954 χόρτου,
774 3887 997 3955 σπεῖρον
1044 3887 1266 3959 σπέρμα
1305 3889 1400 3941 καὶ
1445 3887 1605 3955 ξύλον
1648 3890 1848 3961 κάρπι-

258 3987 384 4051 μον.
418 3991 437 4023 ι
472 3974 584 4026 Καὶ
614 3970 773 4038 αὖθις
802 3977 1222 4048 παραπλησίως·
1267 3997 1286 4031 ι
1340 3979 1687 4049 Ἐξαγαγέτω
1716 3983 1750 4052 ἡ
1774 3981 1844 4053 γῆ

247 4064 581 4134 τετράποδα,
624 4067 732 4120 καὶ,Δ
763 4067 999 4139 ἑρπετὰ,
1046 4070 1140 4123 καὶ
1190 4069 1355 4143 θηρία
1404 4072 1506 4143 τῆς
1552 4074 1655 4144 γῆς
1705 4073 1847 4129 κατὰ

250 4153 433 4223 γένος.
478 4174 498 4205 ι
538 4157 700 4209 Ὥστε
725 4160 1035 4230 ὁμοιογενῆ,
1067 4162 1162 4215 καὶ
1199 4163 1437 4235 ὁμοφυῆ,
1463 4165 1559 4217 καὶ
1586 4165 1846 4236 όμοούσια

248 4242 400 4300 εἶναι
428 4248 679 4318 ἡγεῖσθαι
710 4253 824 4315 τοῖς
852 4252 961 4307 ἀπὸ
991 4255 1097 4325 γῆς
1141 4254 1344 4327 βλαστή
1354 4273 1488 4326 μασι
1515 4258 1608 4311 καὶ
1658 4262 1845 4328 φυτοῖς

246 4338 323 4392 τὰ
339 4338 524 4408 ,ἄλογα
543 4358 555 4368 ·
589 4339 672 4393 διὸ
713 4344 810 4396 καὶ
859 4345 1125 4417 μηδαμῶς
1161 4346 1502 4418 πλημμελεῖν
1538 4349 1665 4414 τοὺς
1706 4348 1843 4413 ζωο-

1955 1857 2103 1911 circo
2136 1856 2248 1912 dixi
2273 1856 2405 1912 ﬁliis
2445 1854 2613 1912 Israel
2646 1874 2659 1909 :
2704 1853 2895 1912 Omnis
2926 1855 3108 1910 anima
3137 1873 3205 1912 ex
3232 1858 3388 1914 vobis
3424 1874 3535 1914 non

1955 1950 2209 2010 comedet
2234 1948 2557 2021 sanguinem
2593 1948 2657 2001 η.
2702 1969 2721 1999 ι
2757 1946 2988 2002 Attende
3021 1947 3187 2018 igitur
3221 1947 3532 2020 diligenter,

1956 2041 2231 2113 quomodo
2270 2041 2329 2095 in
2359 2041 2444 2097 his
2471 2040 2678 2095 dictum
2709 2038 2782 2092 sit
2808 2038 2944 2091 illud
2978 2057 2992 2092 :
3029 2056 3049 2089 ι
3083 2037 3197 2108 Ego
3226 2039 3348 2094 dedi
3379 2042 3535 2096 vobis

1955 2134 2012 2188 in
2042 2133 2202 2188 altari
2225 2134 2448 2204 expiare
2476 2133 2688 2189 animas
2707 2140 2928 2186 vestras
2955 2148 2969 2199 ;
3005 2133 3231 2204 sanguis
3253 2133 3397 2187 enim
3433 2148 3535 2203 pro

1955 2225 2136 2280 anima
2166 2218 2440 2295 piaculum
2469 2225 2592 2280 erit.
2624 2241 2643 2274 ι
2675 2221 2844 2277 Plane
2862 2222 3006 2277 enim
3031 2238 3129 2294 pro
3148 2223 3385 2279 humana
3414 2228 3535 2282 ani-

1954 2331 2064 2380 ma,
2116 2325 2475 2373 mactatorum
2520 2314 2838 2369 animalium
2889 2316 3213 2386 sanguinem
3256 2320 3534 2388 piaculum

1955 2405 2138 2463 oﬁ'erri
2184 2408 2337 2462 dicit.
2380 2406 2498 2461 Hoc
2527 2405 2669 2460 idem
2701 2402 2864 2458 etiam
2896 2404 2986 2458 lex
3025 2406 3094 2462 de
3129 2408 3415 2464 sacriﬁciis
3438 2410 3535 2465 ad-

1956 2509 2140 2558 monet
2183 2502 2617 2573 intelligendum,
2652 2503 2699 2558 si
2749 2504 2874 2573 quis
2925 2504 3086 2559 modo
3134 2502 3535 2559 consideratius

1955 2595 2264 2651 attenderit.
2307 2594 2442 2650 Nam
2474 2596 2639 2666 capiti
2662 2597 2897 2652 victimae
2927 2612 3370 2667 unumquemque
3401 2595 3533 2651 dum

1954 2687 2230 2743 sacrificat
2247 2703 2444 2743 manus
2472 2689 2676 2745 habere
2714 2691 2946 2761 injectas
2980 2692 3233 2760 imperat,
3268 2701 3321 2745 et
3353 2688 3421 2743 ad
3444 2702 3535 2743 sa-

1953 2775 2226 2831 cerdotem
2259 2777 2462 2831 animal
2486 2777 2665 2848 ipsum
2690 2778 2962 2836 adducere
2983 2780 3160 2850 capite
3179 2778 3535 2850 comprehen-

1955 2882 2100 2934 sum,
2133 2876 2295 2938 atque
2324 2868 2627 2934 detentum,
2655 2871 2814 2940 quasi
2839 2871 2932 2940 qui
2972 2885 3073 2942 pro
3103 2885 3205 2927 suo
3234 2870 3407 2941 ipsius
3435 2883 3527 2924 ca-

1954 2960 2066 3031 pite
2094 2958 2333 3016 hostiam
2360 2960 2649 3028 exhibeat;
2684 2961 2818 3017 dicit
2848 2964 3014 3035 igitur
3058 2965 3126 3020 de
3148 2978 3531 3034 unoquoque:

1960 3069 1980 3102 ι
2016 3050 2264 3107 Adducet
2303 3052 2435 3107 illud
2462 3058 2590 3106 ante
2636 3050 2951 3121 Dominum,
2982 3061 3037 3110 et
3066 3055 3309 3126 imponet
3335 3068 3532 3110 manus

1959 3159 2090 3200 suas
2113 3145 2168 3199 in
2200 3152 2365 3217 caput
2410 3149 2656 3205 muneris
2689 3151 2753 3203 ’³.
2792 3169 2811 3201 ι
2844 3148 3001 3216 Quod
3040 3164 3172 3203 sane
3202 3149 3257 3202 in
3278 3149 3424 3203 omni
3446 3147 3531 3201 vi-

1955 3239 2121 3293 ctima
2151 3239 2502 3294 observatum
2529 3249 2634 3308 est,
2684 3254 2810 3297 eum
2859 3242 3017 3296 aliter
3061 3242 3268 3295 nullum
3316 3240 3529 3297 sacriﬁ-

1954 3333 2099 3387 cium
2149 3328 2429 3386 oﬁ'eratur.
2457 3330 2536 3387 Ex
2568 3334 2770 3404 quibus
2806 3333 2991 3404 utique
3022 3332 3206 3388 verbis
3237 3347 3419 3387 sermo
3446 3331 3532 3386 di-

1952 3423 2115 3478 vinus
2168 3421 2301 3476 illud
2334 3421 2565 3494 intelligi
2614 3427 2775 3491 vult,.
2807 3426 3170 3480 humanarum
3223 3425 3529 3478 animarum

1953 3516 2209 3585 pretium,
2250 3532 2373 3587 quae
2401 3517 2849 3573 sacriﬁcarentur
2879 3515 3134 3571 animalia
3167 3515 3413 3570 exhiberi
3440 3529 3534 3569 so-

1953 3610 2048 3678 lita
2082 3626 2226 3667 esse.
2255 3610 2429 3667 Porro
2452 3619 2635 3666 autem
2665 3615 2759 3682 qui
2797 3611 2956 3665 docet
2995 3610 3280 3665 brutorum
3315 3608 3527 3664 anima-

1951 3703 2082 3758 lium
2114 3707 2461 3775 sanguinem,
2505 3708 2750 3777 ipsorum
2784 3721 2908 3762 esse
2950 3703 3210 3768 animam,
3247 3703 3295 3759 is
3321 3716 3530 3772 nequa-

1950 3811 2115 3866 quam
2140 3812 2361 3854 eacum
2394 3798 2651 3853 rationali
2698 3797 2815 3869 36
2842 3804 3006 3867 atque
3036 3795 3368 3865 intelligente
3398 3793 3530 3849 subo

1952 3888 2175 3952 stantia,
2216 3889 2361 3943 sicut
2405 3889 2654 3945 homines
2690 3888 3077 3944 commercium
3127 3887 3326 3942 habere
3359 3884 3534 3954 signi-

1950 3976 2097 4032 ﬁcat.
2138 3977 2406 4034 Constare
2438 3980 2584 4035 enim
2613 3996 2681 4035 ex
2712 3993 2774 4034 ea
2806 3978 3035 4034 materia
3080 3985 3133 4033 et
3177 3975 3526 4047 corporibus,

1949 4072 2094 4128 sicut
2148 4073 2493 4143 pullulantia-
2519 4073 2703 4128 omnia
2735 4073 3041 4143 plantasque
3087 4078 3363 4127 constant.
3407 4068 3530 4126 Uno

1948 4160 2135 4234 itaque
2172 4179 2427 4219 sermone
2457 4179 2652 4220 rursus
2681 4163 2860 4220 Moses
2896 4163 3067 4219 Deum
3101 4179 3260 4219 usum
3292 4162 3527 4230 inducit,

1948 4271 2073 4312 cum
2105 4258 2181 4311 ait
2214 4276 2226 4311 :
2272 4276 2290 4309 ι
2331 4257 2613 4313 Germinet
2635 4264 2781 4311 terra
2815 4256 3037 4312 herbam
3077 4254 3208 4311 fmni
3256 4256 3528 4311 seminan-

1947 4351 2019 4404 tis
2048 4366 2254 4414 semen,
2303 4357 2362 4406 ut
2412 4349 2618 4421 lignum
2648 4348 2991 4404 fructiferum
3037 4351 3106 4403 ²⁰.
3147 4368 3165 4400 ι
3220 4347 3288 4401 Ει
3335 4348 3523 4403 eadem

247 4427 571 4495 θυτοῧντας.
589 4432 820 4505 Εἴρηται
841 4434 971 4505 γοῦν
991 4436 1181 4509 καὶτῷ
1201 4438 1347 4504 Νῶε,
1362 4439 1577 4494 ἑδεσθαι
1592 4441 1750 4513 κρέα,
1768 4442 1835 4507 ὡς

1952 4455 2142 4495 rursus
2174 4440 2387 4495 ratione
2419 4459 2431 4495 :
2470 4458 2489 4491 ι
2524 4438 2798 4494 Producat
2837 4446 2980 4493 terra
3022 4437 3425 4508 quadrupedes,
3468 4447 3527 4494 et

246 4519 818 4602 Wand-(905313“
836 4528 934 4598 μὲν
952 4524 1046 4582 οὖν
1064 4529 1275 4583 οὐδέπω
1289 4530 1347 4584 τὸ
1366 4534 1633 4603 κρεῖττον,
1646 4534 1844 4588 οὐδὲττὸ

249 4613 401 4684 μέγα
443 4616 541 4669 καὶ
576 4617 777 4689 τίμιον,
808 4621 901 4674 καὶ
924 4620 1226 4693 θεοπρεπὲς
1261 4623 1487 4692 σφάγιον
1520 4626 1701 4698 παρῆν
1744 4627 1840 4680 ἀν-

246 4702 510 4776 θρώποις,
527 4710 645 4772 ταῖς
661 4709 747 4763 διὰ
761 4709 916 4774 ζώων
932 4711 1142 4777 θυσίαις
1157 4714 1328 4793 λύτρα
1338 4715 1437 4785 τῆς
1453 4716 1659 4771 ἑαυτῶν
1671 4716 1834 4790 ζωῆς,

246 4796 346 4849 καὶ
374 4797 645 4871 ἀντίψυχα
673 4803 772 4873 τῆς
799 4804 1005 4868 οίκείας
1043 4805 1257 4880 φύσεως
1290 4809 1672 4879 προσηκόντως
1700 4804 1838 4864 ἀπο-

242 4887 447 4944 διδόναι
479 4893 620 4963 χρῆν
650 4893 729 4965 τῷ
750 4894 870 4967 Θεῷ
886 4913 900 4927 ’
928 4897 1004 4962 ὡς
1031 4899 1125 4952 καὶ
1161 4897 1429 4972 ἔπραττον
1450 4903 1500 4954 οἱ
1528 4901 1696 4956 πάλαι
1722 4901 1840 4955 θεο-

244 4982 444 5053 φιλεῖς,
472 4984 668 5054 σεμνόν
697 5003 749 5039 τι
776 4988 871 5040 καὶ
905 4987 1147 5058 θεοφιλὲς
1171 4991 1265 5045 καὶ
1299 4991 1441 5062 μέγα
1471 4993 1665 5065 ἱερεῖον
1688 4994 1837 5065 ἥξειν

244 5074 382 5129 ποτὲ
407 5076 489 5139 είς
515 5075 838 5149 ἀνθρώπους
862 5079 940 5151 τῷ
963 5081 1093 5153 Θείῳ
1117 5083 1397 5154 Πνεύματι
1420 5068 1833 5156 προειληφότες,

242 5166 306 5219 τὸ
332 5165 429 5220 τοῦ
470 5169 676 5233 παντὸς
707 5171 1002 5246 καθάρσιον
1026 5175 1252 5246 κόσμου,
1279 5171 1464 5232 οὔκαὶ
1491 5177 1561 5231 τὰ
1588 5178 1832 5250 σύμϐολα

243 5256 386 5322 τέως
417 5259 688 5323 ἐπιτελεῖν
728 5263 924 5328 αὐτοὺς
955 5268 1239 5338 προφήτας
1272 5267 1453 5333 ὄντας,
1488 5269 1582 5323 καὶΙ
1609 5269 1670 5322 τὸ
1706 5269 1834 5341 μὲλ-

242 5346 338 5400 λον
385 5348 608 5405 ἔσεσθαι
650 5357 1148 5426 προτυπουμένους·
1205 5358 1391 5430 ἐπειδὴ
1438 5358 1495 5412 δὲ
1530 5358 1590 5412 τὸ
1628 5359 1831 5414 τέλειον

244 5438 457 5509 παρῆν,
485 5444 597 5505 τοῖς
638 5442 759 5497 τῶν
791 5447 1086 5518 προφητῶν
1120 5448 1430 5513 ἀκολούθως
1468 5448 1826 5522 θεσπίσμασι,

244 5528 495 5584 πέπαυτο
529 5532 598 5584 κά
634 5534 830 5605 πρῶτα
870 5537 965 5591 καὶ
1007 5537 1199 5592 λέλυτο
1235 5541 1581 5612 παραχρῆμα
1605 5540 1694 5595 διὰ
1732 5542 1831 5614 τῆς

1952 4531 2169 4601 reptilia
2195 4570 2210 4596 ,
2257 4538 2312 4587 et
2359 4531 2566 4586 bestias
2599 4538 2762 4586 terra:
2808 4532 3105 4601 generatim
3137 4531 3204 4583 “.
3241 4549 3259 4582 ι
3303 4529 3372 4585 Ut
3400 4546 3522 4584 om-

1950 4624 2082 4679 nino
2128 4624 2375 4694 ejusdem
2421 4631 2476 4679 et
2516 4624 2731 4694 generis
2774 4630 2829 4679 et
2858 4631 3066 4676 naturae
3096 4631 3150 4677 et
3200 4622 3524 4678 substantia

1946 4715 2106 4770 bruta
2132 4731 2255 4773 esse
2282 4716 2576 4772 dicendum
2605 4716 2699 4779 sit,
2729 4715 2888 4784 cujus
2917 4721 2970 4769 et
3008 4712 3371 4784 germinantia
3401 4731 3522 4768 om-

1943 4811 2034 4863 nia
2087 4816 2142 4863 et
2206 4809 2403 4877 planta:
2447 4816 2595 4864 sunt.
2661 4807 2898 4862 Proinde
2944 4808 3268 4869 neutiquam
3312 4822 3522 4876 errare,

1942 4900 2036 4970 qui
2088 4901 2344 4956 animalia
2386 4902 2717 4958 sacriﬁcant.
2760 4899 2971 4954 Dictum
3019 4899 3184 4970 igitur
3227 4906 3311 4954 est
3353 4899 3522 4955 etiam

1940 4992 2073 5061 Noe,
2105 5001 2165 5048 ut
2186 4995 2494 5050 comederet
2515 5009 2730 5061 carnes,
2754 4992 2913 5063 quasi
2938 4991 3087 5046 olera
3119 4992 3256 5061 agri.
3283 4990 3525 5048 Proinde

1939 5085 2068 5141 dum
2102 5086 2252 5141 nulla
2280 5086 2648 5156 precstantior,
2682 5099 2860 5154 neque
2884 5085 3080 5153 major,
3111 5100 3289 5155 neque
3314 5084 3522 5155 pretio-

1938 5179 2073 5243 sior,
2116 5193 2292 5249 neque
2322 5175 2436 5233 Deo
2485 5176 2900 5233 convenientior
2948 5176 3168 5231 victima
3203 5177 3517 5231 hominibus

1943 5270 2132 5325 aderat
2162 5288 2175 5325 :
2208 5268 2477 5324 sacriﬁcia
2518 5269 2740 5325 interim
2781 5283 2848 5324 ex
2883 5269 3235 5333 animalibus,
3268 5283 3368 5339 pro
3413 5281 3516 5322 sua

1940 5359 2186 5430 ipsorum
2220 5360 2332 5414 vita
2365 5359 2701 5426 redimenda,
2731 5357 3087 5430 et’quoddam
3116 5361 3272 5430 quasi
3306 5367 3518 5417 natura

1939 5452 2174 5520 propriae
2220 5451 2521 5505 animatum
2547 5453 2805 5521 pretium,
2841 5453 2945 5524 ipsi
2983 5452 3094 5508 Deo
3126 5453 3354 5507 reddere
3392 5452 3517 5506 illos

1939 5541 2325 5598 convenienter
2368 5543 2652 5612 oportebat
2701 5562 2714 5597 :
2764 5543 3114 5599 sicut-etiam
3165 5542 3260 5597 Dei
3304 5550 3516 5599 veteres

323 5708 368 5742 ⁸⁸
410 5708 586 5770 Levit.
622 5726 732 5768 nm
758 5753 775 5781 ,
834 5714 1020 5783 11,12.
1099 5716 1141 5753 "
1170 5714 1339 5774 Lavit.
1403 5733 1485 5784 ιιι,
1522 5716 1575 5784 5,
1605 5717 1658 5786 8,
1694 5717 1789 5787 13;
1826 5734 1835 5774 ι

1952 5717 2344 5789 nerea-.53.
2422 5718 2818 5788 ’°Gen.i,l-1.
2899 5722 2939 5753 ιι
2973 5720 3106 5776 Ibid.
3139 5720 3228 5777 eo.
