3842 6218
392 287 465 346 87

1027 295 1299 355 EUSEBII
1336 299 1817 357 CAESARIENSIS
1853 300 1949 360 ΟΡ]

2052 300 2231 359 PARS
2269 301 2339 359 ιι.
2377 333 2450 344 --
2487 279 2986 358 Αροιοςετιολέ

3575 295 3647 354 88

391 407 553 462 amici
582 418 636 465 et
673 411 914 469 cultores
944 413 1236 481 faciebant,
1260 419 1353 489 qui
1395 421 1753 478 venerabilem
1774 436 1949 492 quam

2067 420 2160 476 τοῦ
2202 422 2508 494 κρείττονος
2532 421 2626 477 καὶ
2659 419 2895 494 ἀληθοῦς
2924 417 3213 492 ίερουγίας.
3245 406 3411 480 Οὗτος
3439 416 3485 470 δ’
3514 410 3584 485 ἦν
3614 419 3648 470 6

392 495 539 561 dam,
587 496 805 569 Deoque
833 513 1133 574 acceptam,
1162 516 1215 563 et
1260 524 1510 579 magnam
1542 510 1797 575 hostiam,
1831 527 1965 568 ven-

392 594 570 642 turam
605 590 735 645 olim
784 592 852 647 ad
899 596 1171 663 homines,
1205 599 1392 656 divino
1432 602 1709 659 indicante
1743 604 1961 674 spiritu,

390 683 547 731 tanto
581 685 710 737 ante
748 682 1075 754 didicerant,
1113 707 1235 761 quae
1280 694 1445 749 totius
1487 694 1676 748 mundi
1726 694 1967 767 eXpiatio

389 769 681 826 exsisteret
716 791 730 826 :
757 775 914 845 cujus
945 779 1108 835 etiam
1136 785 1291 853 signa
1311 785 1555 855 quaedam
1584 792 1637 841 et
1678 794 1836 842 notas
1857 788 1965 859 ipsi

390 858 598 916 interea
642 864 857 923 obirent
902 880 1066 941 atque
1113 877 1434 944 perﬁcerent
1475 898 1491 933 :
1534 879 1735 949 quippe
1772 858 1964 950 quiet

391 950 669 1018 propheta:
706 966 913 1024 essent,
945 968 1000 1015 et
1020 962 1159 1031 ejus,
1191 966 1333 1034 quod
1360 966 1600 1021 futurum
1624 979 1966 1039 exspectare-

388 1052 499 1105 tur,
531 1043 758 1115 ﬁguram
787 1052 842 1105 in
877 1068 936 1108 se
961 1056 1232 1125 quandam
1267 1067 1392 1115 ante
1416 1068 1683 1130 gerentes.
1727 1062 1828 1118 Ubi
1864 1080 1963 1120 au-

389 1139 499 1187 tem
531 1138 677 1205 quod
720 1142 1022 1210 perfectum
1065 1157 1185 1203 erat
1221 1149 1459 1215 advenit,
1503 1155 1961 1224 quemadmodum

391 1226 650 1285 vaticinia
685 1235 1070 1304 prophetarum
1116 1241 1502 1310 praedixerant,
1536 1249 1721 1316 priora
1747 1249 1839 1303 illa
1866 1249 1961 1306 de-

389 1316 621 1386 sierunt,
657 1333 710 1378 et
736 1330 1115 1396 praestantiore
1155 1335 1475 1405 verioreque
1509 1338 1780 1394 sacriﬁcio
1813 1339 1961 1395 illico

387 1411 603 1468 sublata
626 1424 773 1471 sunt.
797 1417 897 1473 Hic
926 1430 1106 1477 autem
1137 1424 1238 1479 fuit
1261 1426 1515 1485 Christus
1538 1429 1654 1495 Dei,
1684 1431 1732 1486 is
1753 1430 1820 1487 de
1851 1447 1961 1503 quo

386 1504 709 1576 antiquitus,
746 1524 776 1563 a
806 1512 998 1581 primis
1038 1532 1211 1587 usque
1242 1521 1581 1591 temporibus
1609 1522 1814 1578 dictum
1849 1531 1956 1591 est,

384 1595 529 1663 quod
567 1597 635 1652 ad
664 1598 913 1657 homines
953 1616 1099 1661 esset
1144 1617 1430 1677 venturus,
1459 1620 1621 1682 atque
1659 1613 1835 1669 instar
1865 1631 1959 1686 pe-

383 1688 541 1743 cudis
584 1705 684 1760 pro
728 1699 846 1749 toto
893 1711 1093 1766 genere
1136 1697 1381 1757 humano
1422 1703 1863 1771 interﬁciendus,
1895 1714 1957 1761 ut

384 1777 525 1845 apud
556 1758 750 1834 Isaiam
786 1758 1108 1855 prophetam
1137 1788 1401 1859 scriptum
1431 1758 1682 1863 legimus,
1694 1758 1954 1851 ubi—ait:
1988 1758 2032 1816 Β

387 1889 406 1920 σ
437 1867 590 1925 Sicut
616 1873 735 1928 ovis
757 1874 821 1927 ad
843 1876 1172 1933 occisionem
1196 1879 1396 1938 ductus
1414 1889 1519 1950 est,
1545 1893 1601 1939 et
1621 1883 1766 1940 sicut
1782 1900 1957 1957 agnus

380 1975 567 2016 coram
590 1963 850 2020 tondente
881 1967 1154 2023 obmutuit
1180 1972 1245 2023 ’³.
1276 1970 1410 2027 ltem
1448 1972 1579 2028 dicit
1609 1993 1624 2030 :
1650 1992 1669 2025 ι
1698 1974 1798 2030 Hic
1830 1991 1957 2046 pec-

382 2061 502 2107 cata
530 2059 721 2108 nostra
754 2054 880 2117 fert,
916 2065 969 2112 et
1001 2072 1099 2127 pro
1128 2059 1289 2116 nobis
1316 2063 1370 2115 in
1400 2063 1589 2120 dolore
1608 2073 1693 2121 est
1721 2084 1733 2120 :
1768 2073 1822 2122 et
1852 2083 1955 2123 nos

382 2144 755 2213 reputavimus
791 2162 915 2201 eum
946 2164 1069 2205 esse
1106 2151 1162 2206 in
1200 2153 1404 2219 labore,
1433 2162 1488 2210 et
1529 2155 1583 2210 in
1613 2155 1790 2226 plaga,
1824 2159 1955 2213 etin

381 2232 707 2291 alﬁictione:
748 2238 865 2307 ipse
905 2247 1088 2296 autem
1131 2242 1446 2299 vulneratus
1465 2253 1549 2301 est
1579 2252 1801 2318 propter
1826 2263 1956 2318 pec-

379 2335 501 2381 cata
528 2336 742 2393 nostra,
783 2338 837 2387 et
880 2333 1002 2387 tulit
1041 2334 1355 2406 languorem
1384 2349 1604 2408 propter
1638 2338 1954 2408 iniquitates

379 2429 598 2476 nostras
634 2441 647 2474 :
679 2422 964 2492 disciplina
1000 2428 1154 2496 pacis
1183 2438 1384 2485 nostrae
1405 2445 1569 2500 super
1595 2448 1718 2486 eum
1746 2449 1759 2484 :
1783 2433 1955 2490 livore

375 2510 499 2580 ejus
542 2528 644 2569 nos
685 2516 861 2571 sanati
910 2533 1121 2583 sumus,
1166 2528 1221 2575 et
1256 2520 1519 2578 Dominus
1553 2524 1779 2579 tradidit
1825 2541 1952 2581 eum

374 2605 613 2673 peccatis
644 2610 847 2665 nostris
874 2628 889 2664 :
916 2611 1033 2682 ipse
1061 2613 1205 2668 enim
1236 2624 1516 2683 peccatum
1541 2630 1650 2671 non
1677 2616 1824 2685 fecit,
1854 2634 1952 2673 ne-

374 2710 483 2764 que
520 2697 777 2754 inventus
817 2707 902 2754 est
946 2701 1105 2757 dolus
1151 2704 1206 2756 in
1234 2718 1331 2759 ore
1367 2703 1508 2774 ejus.
1545 2724 1564 2757 ι
1602 2703 1813 2761 Similia
1840 2707 1948 2774 his,

374 2787 501 2843 item
529 2790 574 2822 "
595 2788 858 2847 Jeremias
875 2794 1012 2849 alter
1043 2794 1394 2851 Hebraeorum
1430 2798 1692 2867 propheta
1726 2800 1951 2855 inducta

372 2895 605 2949 persona
634 2881 841 2939 Christi
885 2886 1063 2954 palam
1097 2888 1345 2943 enuntiat
1385 2887 1575 2946 dicens
1614 2909 1632 2941 ι
1668 2890 1780 2962 Ego
1808 2892 1951 2947 sicut

371 2986 546 3043 agnus
575 2974 862 3040 innocens,
886 2978 981 3048 qui
1012 2979 1246 3035 ducatur
1275 2983 1344 3036 ad
1367 2983 1786 3040 sacriﬁcandum
1816 2986 1881 3040 “.
1923 3005 1942 3038 ι

2066 511 2299 583 Χριστὸς
2331 510 2423 565 τοῦ
2464 510 2622 576 Θεοῦ,
2658 510 2864 567 ἄνωθεν
2889 512 2953 563 ἐκ
2979 508 3220 564 παλαιῶν
3252 508 3459 580 χρόνων
3490 505 3645 577 ἥξειν

2065 603 2144 664 είς
2177 600 2515 671 ἀνθρώπους,
2540 602 2634 655 καὶ
2656 602 2926 672 προϐάτου
2952 600 3107 672 δίκην
3133 601 3273 672 ὑπὲρ
3300 601 3498 663 παντὸς
3538 598 3642 651 τοῦ

2064 689 2172 744 τῶν
2211 691 2511 763 ἀνθρώπων
2549 692 2739 762 γένους
2778 690 3151 762 σφαγήσεσθαι
3201 690 3643 763 προαγορευόμε-

2064 798 2180 846 νος·
2286 800 2418 854 φησι
2457 784 2584 856 περὶ
2622 781 2784 838 αὑτοῦ
2826 782 3050 846 Ἡσαΐας
3073 783 3103 835 6
3141 784 3445 855 προφήτηςο
3481 798 3509 840 ι.
3553 780 3641 842 Ὧς

2064 875 2334 947 πρόϐατον
2373 877 2465 929 ἐπὶ¹
2504 877 2716 947 σφαγὴν
2757 875 2919 947 ἤχθη,
2950 876 3045 928 καὶ
3092 875 3168 938 ὡς
3197 872 3367 945 ἀμνὸς
3395 872 3641 927 ἐναντίον

2062 967 2156 1021 τοῦ
2184 967 2457 1038 κείροντος
2496 967 2730 1038 ἄφωνος.
2783 986 2802 1020 r
2840 967 2948 1021 Kal.
2972 965 3231 1033 ἐπιλέγει·
3273 983 3291 1016 ι
3337 956 3506 1029 Οὗτος
3537 963 3641 1027 τάς

2065 1060 2337 1133 ἁμαρτίας
2368 1060 2524 1132 ἡμῶν
2554 1060 2731 1132 φέρει,
2761 1061 2854 1113 καὶ
2888 1058 3016 1130 περὶ
3046 1057 3203 1129 ἡμῶν
3233 1056 3515 1109 ὀδυνᾶται·
3543 1056 3640 1109 καὶ

2062 1155 2223 1223 ἡμεῖς
2248 1151 2611 1222 ἐλογισάμεθα
2639 1151 2800 1206 αὐτὸν
2820 1146 2957 1204 εἶναι
2977 1152 3035 1203 ἐν
3066 1149 3211 1219 πόνῳ
3231 1148 3324 1202 καὶ
3345 1151 3402 1203 ἐν
3427 1147 3639 1218 πληγῇ,

2062 1244 2156 1297 καὶ
2206 1245 2264 1297 ἐν
2317 1243 2593 1297 κακώσει·
2638 1243 2798 1306 αὐτὸς
2848 1242 2906 1296 δέ
2952 1239 3357 1314 ἐτραυματίσθη
3404 1238 3491 1292 διά
3537 1237 3642 1304 τὰς

2062 1336 2342 1408 ἁμαρτίας
2383 1333 2560 1406 ἡμῶν,
2603 1335 2697 1390 καλ⁵
2740 1333 3141 1406 μεμαλάκισται
3166 1331 3253 1384 διὰ
3284 1330 3383 1394 τὰς
3411 1329 3642 1402 ἀνομίας

2059 1428 2236 1500 ἡμῶν.
2274 1428 2498 1482 Παιδεία
2525 1429 2746 1501 εἰρήνης
2776 1425 2931 1497 ἡμῶν
2961 1426 3046 1478 ἐπ’
3075 1423 3267 1477 αὐτόν·
3302 1421 3379 1493 τῷ
3407 1422 3640 1494 μώλωπι

2059 1521 2224 1575 αὐτοῦ
2261 1522 2422 1591 ἡμεῖς
2459 1519 2710 1592 ἱάθημεν,
2747 1519 2839 1571 καὶ
2875 1516 3077 1589 Κύριος
3117 1514 3432 1586 παρέδωκεν
3476 1514 3641 1569 αὑτὸν

2059 1617 2177 1677 ταῖς
2235 1612 2534 1684 ἁμαρτίαις
2587 1611 2775 1682 ήμῶν·
2822 1610 2984 1674 αὐτὸς
3038 1608 3147 1680 γὰρ
3201 1607 3477 1677 ἁμαρτίαν
3532 1604 3643 1659 οὐκ

2060 1706 2336 1776 ἐποίησεν,
2363 1704 2472 1759 οὐδ’
2502 1702 2697 1775 εὑρέθη
2736 1702 2887 1766 δόλος
2910 1704 2967 1755 ἐν
3000 1700 3078 1773 τῷ
3122 1700 3347 1771 στόματι
3379 1697 3567 1752 αὑτοῦ.
3614 1715 3634 1748 ι

2058 1797 2141 1851 Τά
2187 1798 2347 1868 ὅμοια
2393 1795 2605 1860 τούτοις
2651 1797 2746 1850 καὶ
2803 1793 3069 1866 Ἱερεμίας
3119 1791 3305 1864 ἔτερος
3366 1786 3642 1863 Ἐϐραίων

2058 1892 2344 1964 προφήτης
2374 1890 2468 1944 ἐπὶ
2512 1886 2801 1961 προσώπου
2831 1887 2924 1942 τοῦ
2963 1885 3200 1959 Χριστοῦ
3234 1886 3517 1953 ἐπιφωνεϊ,
3549 1881 3642 1935 λέ-

2056 2000 2168 2051 γων
2183 2000 2196 2013 ο
2218 2002 2236 2033 ι
2271 1982 2413 2052 Ἐγὼ
2430 1981 2505 2045 ώς
2528 1982 2712 2052 ἀρνίον
2731 1981 2934 2036 ἄκακον
2950 1980 3216 2051 ἀγόμενον
3233 1977 3328 2032 τοῦ
3352 1977 3599 2031 θύεσθαι.
3612 1995 3634 2028 ι

2070 2073 2558 2145 Ἐπισφραγίζεται
2583 2073 2683 2136 τὰς
2710 2072 2914 2127 τούτων
2950 2073 3284 2145 προρρήσεις
3324 2071 3580 2141 Ἰωάννης
3607 2070 3641 2122 6

2056 2163 2365 2231 Βαπτιστὴς
2401 2163 2496 2216 καὶ
2537 2163 2630 2216 ἐπὶ
2675 2163 2774 2233 τῆς
2807 2162 2898 2216 τοῦ
2932 2162 3185 2234 Σωτῆρος
3233 2161 3390 2233 ἡμῶν
3428 2162 3638 2229 ἐπιφα-

2055 2254 2221 2319 νείας.
2264 2253 2408 2307 Ἰδὼν
2434 2254 2543 2325 γὰρ
2576 2255 2760 2320 αὐτὸν,
2802 2255 2895 2309 καὶ
2922 2257 3035 2319 τοῖς
3071 2254 3333 2327 παροῦσιν
3361 2253 3639 2318 ἐπιδείξας

2053 2344 2131 2410 ώς
2166 2344 2274 2415 ἄρα
2313 2346 2477 2410 αὐτὸς
2516 2345 2600 2418 εἴη
2652 2348 2681 2399 6
2718 2347 3212 2418 προφητευόμενος,
3242 2343 3634 2417 ἐπεφώνησεν

2059 2454 2079 2488 ι
2114 2436 2217 2490 Ἴδε
2245 2439 2273 2490 6
2296 2436 2468 2508 ἀμνὸς
2499 2435 2592 2490 τοῦ
2621 2435 2758 2489 Θεοῦ
2779 2476 2794 2499 ,
2823 2438 2851 2489 6
2885 2436 3055 2508 αἴρων
3093 2436 3191 2508 τὴν
3219 2435 3492 2507 ἁμαρτίαν
3535 2433 3636 2489 τοῦ

2052 2527 2281 2599 κόσμου.
2325 2546 2344 2580 ι
2378 2528 2506 2581 Ὅτε
2534 2528 2711 2581 τοίνυν
2737 2526 2877 2581 κατά
2901 2527 2999 2593 τάς
3023 2526 3131 2583 τῶν
3165 2526 3458 2600 προφητῶν
3487 2544 3639 2599 μαρ-

2051 2620 2244 2691 τυρίας
2274 2619 2503 2690 εὕρηται
2526 2619 2588 2671 τὸ
2623 2617 2765 2689 μέγα
2798 2620 2893 2672 καὶ
2920 2619 3098 2689 τίμιον
3130 2617 3325 2687 λύτρον
3366 2616 3638 2672 Ἰουδαίων

2051 2713 2185 2783 ὁμοῦ
2221 2713 2313 2766 καὶ
2353 2711 2640 2783 Ἑλλήνων,
2673 2712 2736 2765 τὸ
2775 2711 2868 2764 τοῦ
2910 2711 3111 2777 παντὸς
3164 2711 3369 2783 κόσμου
3426 2709 3639 2779 καθάρ-

2054 2821 2187 2869 σιον,
2215 2804 2431 2858 πάντων
2453 2804 2754 2875 ἀνθρώπων
2782 2804 3090 2876 ἀντίψυχον,
3124 2804 3184 2858 τὸ
3211 2805 3391 2876 πάσης
3415 2802 3638 2874 κηλίδος

2050 2898 2143 2950 καὶ
2180 2896 2455 2967 ἁμαρτίας
2487 2895 2726 2967 καθαρὸν
2754 2897 2968 2966 ἱερεῖον,
3001 2898 3031 2950 6
3059 2896 3229 2968 ἀμνὸς
3253 2896 3345 2950 τοῦ
3378 2894 3538 2961 Θεοῦ,
3573 2894 3639 2949 τὸ

2051 2985 2293 3056 θεοφιλὲς
2348 2986 2441 3039 καὶ
2505 2986 2665 3052 ἁγνὸν
2717 2984 3007 3057 πρόϐατον,
3048 2986 3111 3039 τὸ
3157 2985 3639 3058 προφητευόμενον

371 3065 479 3135 37
509 3065 728 3122 Claudit
776 3068 972 3123 horum
1018 3070 1403 3140 praedictiones
1448 3076 1608 3145 quasi
1641 3076 1856 3147 signum
1877 3078 1947 3136 iis

2052 3078 2254 3150 ἀρνίον,
2293 3072 2354 3133 οῦ
2387 3078 2476 3132 διὰ
2508 3080 2607 3150 τῆς
2638 3078 2821 3133 ἐνθέου
2856 3078 2950 3133 καὶ
2985 3079 3251 3150 μυστικῆς
3281 3077 3639 3142 διδασκαλίας

371 3159 692 3228 imprimens
720 3158 963 3217 Joannes
1023 3162 1290 3238 Baptista,
1338 3167 1396 3221 in
1444 3168 1617 3238 ipsius
1647 3168 1946 3227 Salvatoris

371 3251 545 3305 nostri
578 3252 835 3309 adventu.
868 3255 1006 3310 Cum
1037 3258 1182 3311 enim
1206 3259 1359 3313 illum
1404 3260 1653 3326 vidisset,
1683 3263 1823 3318 etiis
1849 3263 1946 3333 qui

372 3342 598 3398 aderant
653 3345 949 3402 indicasset
980 3367 993 3401 :
1024 3357 1084 3403 ut
1107 3350 1359 3406 videlicet
1396 3354 1513 3422 ipse
1541 3362 1710 3419 esset,
1740 3354 1808 3410 de
1834 3370 1946 3425 quo

370 3435 647 3505 propheta:
704 3438 1078 3508 loquerentur,
1127 3443 1489 3498 acclamavit:
1540 3463 1559 3496 ‹
1596 3444 1739 3501 Ecce
1771 3461 1947 3517 agnus

369 3523 493 3589 Dei,
524 3527 618 3596 qui
646 3528 787 3584 tollit
812 3540 1097 3600 peccatum
1148 3534 1337 3588 mundi
1368 3536 1435 3590 ”.
1465 3553 1484 3587 ι
1521 3535 1751 3601 Quando
1780 3536 1947 3607 igitur
1983 3526 1991 3537 ’

370 3616 674 3673 secundum
735 3620 1051 3676 testimonia
1094 3623 1482 3693 prophetarum
1532 3626 1813 3683 inventum
1861 3634 1947 3684 est

371 3722 651 3780 magnum,
684 3712 975 3783 magnique
1002 3714 1386 3771 aestimandum
1438 3733 1540 3789 pro
1587 3719 1943 3786 redimendis,

370 3806 427 3855 et
444 3798 649 3857 Iudaeis
679 3804 887 3872 pariter
913 3813 968 3862 et
998 3805 1203 3865 Graecis
1237 3810 1495 3878 pretium,
1533 3808 1667 3863 illud
1692 3810 1947 3868 videlicet

368 3905 473 3961 pro
492 3897 609 3947 toto
645 3895 851 3949 mundo
870 3896 1169 3965 piaculum,
1201 3897 1335 3953 illud
1369 3914 1468 3970 pro
1496 3899 1679 3953 anima
1712 3908 1943 3956 cuncto-
1977 3946 1983 3952 .

367 4001 491 4040 rum
532 3986 816 4042 hominum
842 3989 1173 4045 sacriﬁcium
1199 4031 1216 4057 ,
1253 3991 1347 4046 illa
1394 4008 1495 4063 pro
1531 3995 1676 4048 omni
1703 3995 1942 4061 macula,

366 4084 425 4132 et
450 4086 675 4148 peccato
688 4081 983 4151 purissima
1018 4081 1196 4138 hostia
1224 4098 1239 4135 :
1275 4084 1367 4139 ille
1396 4085 1587 4155 utique
1617 4101 1791 4157 agnus
1824 4085 1942 4154 Dei,

366 4167 463 4223 illa
490 4167 601 4225 Deo
631 4179 855 4241 accepta
882 4209 898 4236 ,
930 4179 985 4227 et
1016 4173 1382 4229 mundissima
1421 4175 1540 4230 ovis
1570 4191 1583 4227 :
1626 4176 1719 4231 ille
1744 4191 1941 4248 agnus,

365 4260 437 4317 de
474 4277 583 4332 quo
604 4263 882 4334 prophetae
900 4271 1010 4318 tam
1040 4266 1211 4320 multa
1239 4258 1517 4331 dixerunt,
1545 4283 1643 4338 per
1670 4269 1831 4337 cujus
1855 4271 1942 4324 di-

365 4352 548 4408 vinam
605 4370 671 4410 ac
698 4356 986 4426 mysticam
1025 4355 1330 4411 doctrinam
1374 4372 1564 4413 omnes
1599 4373 1721 4422 nos,
1755 4361 1849 4429 qui
1873 4359 1941 4416 de

2050 3170 2250 3235 πάντες
2282 3171 2442 3242 ἡμεῖς
2478 3171 2526 3223 οἱ
2559 3169 2618 3238 ἐξ
2653 3169 2821 3224 ἐθνῶν
2854 3170 2952 3244 τὴν
2992 3172 3183 3240 ἄφεσιν
3213 3169 3320 3223 τῶν
3350 3169 3639 3241 προτέρων

2049 3262 2460 3333 ἁμαρτημάτων
2488 3261 2790 3333 εὑράμεθα,
2815 3262 2896 3316 διὸ
2921 3262 3016 3316 καὶ
3056 3262 3323 3317 Ἰουδαίων
3348 3263 3396 3315 οί
3428 3261 3508 3325 είς
3535 3260 3642 3313 αύ-

2046 3356 2137 3410 τὸν
2167 3354 2458 3425 ἠλπικότες
2487 3353 2766 3427 ἐλεύθεροι
2786 3355 2888 3426 τῆς
2916 3355 3160 3418 Μωσέως
3181 3355 3429 3424 ἀφίενται
3455 3353 3636 3407 κατά-

2051 3467 2169 3523 ρας,
2205 3448 2428 3511 εἰκότως
2459 3448 2556 3520 τὴν
2586 3447 2682 3502 τοῦ
2726 3448 2976 3520 σώματος
3008 3448 3172 3503 αὑτοῦ
3210 3447 3307 3501 καὶ
3338 3446 3430 3500 τοῦ
3461 3446 3636 3517 αἷμα-

2044 3558 2138 3606 τος
2169 3543 2267 3612 τὴν
2299 3541 2605 3612 ὑπόμνησιν
2632 3542 2903 3614 ὁσημέραι
2949 3539 3345 3604 ἐπιτελοῦντες,
3385 3537 3482 3592 καὶ
3528 3537 3637 3608 τῆς

2046 3635 2355 3706 κρείττονος
2399 3631 2432 3704 ἢ
2474 3632 2616 3686 κατά
2654 3634 2781 3696 τοὺς
2822 3631 3082 3694 παλαιοὺς
3113 3628 3305 3693 θυσίας
3336 3645 3395 3680 τε
3426 3627 3522 3682 καὶ
3553 3630 3636 3681 ἱε-

2050 3729 2306 3800 ρουργίας
2344 3727 2661 3799 ἠξιωμένοι,
2699 3728 2799 3780 οὐκ
2835 3726 2911 3779 ἔθ’
2955 3726 3100 3779 ὅσιον
3137 3722 3420 3795 ἡγούμεθα
3456 3739 3635 3778 κατα-

2046 3820 2270 3873 πίπτειν
2297 3819 2390 3872 ἐπὶ
2421 3818 2491 3871 τά
2518 3819 2711 3890 πρῶτα
2743 3818 2836 3871 καὶ
2859 3816 3059 3886 ἀσθενῆ
3091 3816 3347 3886 στοιχεῖα,
3384 3811 3637 3883 σύμϐολα

2046 3913 2141 3966 καὶ
2173 3912 2405 3975 εἰκόνας,
2436 3910 2548 3963 ἀλλ’
2570 3911 2672 3965 οὐκ
2696 3909 2864 3980 αὐτὴν
2892 3906 3146 3978 ἀλήθειαν
3175 3904 3516 3976 περιέχοντα.
3536 3904 3637 3956 Ei-

2046 4005 2219 4068 κότως
2247 4004 2303 4057 δὲ
2327 4005 2422 4058 καὶ
2449 4005 2628 4058 αὐτῶν
2668 4003 2937 4058 Ἰουδαίων
2969 4003 3019 4055 οἱ
3052 4003 3133 4066 είς
3157 4000 3246 4055 τὸν
3273 3999 3504 4072 Χριστὸν
3530 3997 3635 4052 τοῦ

2045 4096 2182 4150 Θεοῦ
2219 4096 2721 4166 καταπεφευγότες,
2761 4097 2809 4150 εἰ
2856 4100 3050 4167 μηκέτι
3086 4094 3193 4148 τῶν
3224 4092 3470 4155 Μωσέως
3509 4093 3637 4144 ἐπι-

2047 4188 2363 4259 στρέφοιντο
2385 4187 2882 4259 παραγγελμάτων,
2910 4185 3053 4240 κατὰ
3080 4184 3179 4256 τὴν
3202 4182 3412 4253 Καινὴν
3430 4180 3636 4251 Διαθή-

2045 4298 2148 4352 κην
2179 4279 2439 4351 βιοῦντες,
2472 4279 2572 4347 τῆς
2604 4278 2710 4331 ὑπὸ
2741 4277 2984 4340 Μωσέως
3019 4274 3332 4347 ὡρισμένης
3375 4270 3531 4334 ἐκτὸς
3560 4270 3634 4324 ἂν

2045 4367 2153 4425 εἷεν
2193 4371 2438 4442 κατάρας
2459 4386 2472 4399 ·
2517 4368 2614 4422 ἆτε
2647 4369 2710 4440 δὴ
2745 4367 2919 4438 ἀμνοῦ
2948 4365 3041 4420 τοῦ
3078 4362 3213 4418 Θεοῦ
3242 4363 3302 4417 ού
3337 4362 3494 4433 μόνον
3525 4360 3634 4431 τὴν

366 4446 622 4515 gentibus
670 4448 936 4517 assumpti
984 4463 1214 4514 sumus,
1268 4449 1649 4505 remissionem
1695 4452 1942 4520 priorum

2052 4464 2320 4535 ἁμαρτίαν
2345 4460 2437 4515 τοῦ
2469 4461 2696 4532 κόσμου,
2727 4459 2863 4513 ἀλλά
2884 4461 2977 4514 καὶ⁴
3006 4458 3105 4529 τὴν
3134 4459 3192 4510 ἐν
3220 4457 3284 4526 τῇ
3315 4451 3633 4525 παραϐάσει

364 4545 713 4606 peccatorum
760 4539 1092 4604 invenimus,
1147 4555 1214 4595 ex
1262 4557 1371 4610 quo
1423 4542 1587 4597 etiam
1628 4541 1942 4600 Iudaeorum

364 4628 677 4697 quicunque
700 4629 754 4683 in
788 4630 883 4685 illo
912 4645 1063 4700 spem
1094 4630 1405 4697 habuerint,
1434 4648 1465 4686 a
1494 4632 1661 4689 Mosis
1685 4651 1942 4691 exsecra-

363 4721 515 4775 tione
534 4719 858 4785 liberantur,
892 4722 1089 4777 merito
1117 4737 1270 4788 sane,
1322 4725 1542 4794 quando
1565 4726 1711 4784 illius
1733 4745 1942 4785 memo-

364 4810 528 4875 riam,
561 4812 919 4883 corporisque
976 4813 1224 4883 ejusdem
1265 4821 1320 4870 et
1376 4818 1660 4886 sanguinis
1685 4820 1943 4875 recorda-

363 4902 570 4957 tionem
605 4902 853 4973 quotidie
875 4905 1174 4972 celebrant,
1193 4913 1247 4961 et
1278 4906 1345 4962 ad
1373 4907 1533 4979 longe
1562 4914 1937 4980 praestantius,

361 4998 417 5044 et
467 4989 819 5057 sacriﬁcium,
860 4999 915 5047 et
952 5008 1153 5050 munus
1185 4997 1452 5068 assumpti
1480 5007 1642 5068 sunt,
1681 5017 1844 5071 quam
1873 5003 1940 5057 il-

361 5080 455 5134 lud
487 5080 768 5150 antiquius
790 5081 971 5139 fuerit.
997 5083 1226 5152 Quando
1248 5088 1413 5159 igitur
1434 5091 1617 5147 omnia
1641 5091 1716 5146 ita
1748 5109 1807 5149 se
1840 5094 1941 5148 ba-

360 5173 512 5239 bent,
541 5190 647 5229 non
672 5176 904 5245 amplius
958 5177 1042 5234 fas
1087 5195 1209 5237 esse
1251 5190 1508 5253 putamus
1543 5184 1600 5239 in
1633 5186 1809 5255 prima
1847 5186 1938 5241 illa

358 5275 414 5321 et
442 5265 654 5322 inﬁma
681 5268 947 5324 elementa
968 5273 1232 5340 recidere,
1263 5291 1384 5346 quae
1409 5280 1591 5347 utique
1606 5278 1759 5349 signa
1789 5292 1937 5355 qua:-

359 5359 508 5425 dam,
554 5369 610 5415 et
658 5360 944 5432 imagines,
999 5379 1110 5418 non
1162 5367 1336 5436 ipsam
1387 5370 1671 5425 veritatem
1700 5372 1936 5441 comple-

361 5460 607 5509 ctuntur.
633 5453 828 5510 Merito
858 5463 1037 5512 autem
1077 5459 1321 5530 ipsorum
1367 5476 1583 5531 quoque
1617 5459 1934 5516 Iudaeorum

360 5546 675 5617 quicunque
728 5546 797 5603 ad
827 5548 1107 5605 Christum
1152 5550 1246 5607 Dei
1282 5552 1642 5625 confugiunt:
1692 5554 1741 5610 si
1773 5553 1934 5610 modo

2045 4556 2154 4609 τῶν
2189 4555 2432 4618 Μωσέως
2479 4554 2707 4608 ἐντολῶν
2736 4553 2979 4621 κατάραν
3012 4551 3091 4612 εἰς
3134 4547 3295 4600 αὑτὸν
3335 4543 3630 4616 ἀνειληφό-

2045 4660 2155 4705 τος.
2191 4641 2417 4709 Γέγονεν
2443 4636 2536 4694 οὖν
2571 4643 2600 4694 6
2633 4642 2802 4712 ἀμνὸς
2828 4638 2920 4693 τοῦ
2964 4638 3100 4692 Θεοῦ
3131 4637 3223 4691 καὶ
3250 4634 3497 4707 ἁμαρτία
3529 4635 3633 4688 καὶ

2045 4731 2289 4804 κατάρα·
2318 4730 2562 4803 ἁμαρτία
2595 4730 2695 4801 μὲν
2726 4730 2867 4801 ὑπὲρ
2893 4727 3002 4782 τῶν
3030 4723 3370 4799 ἁμαρτωλῶν
3404 4722 3500 4776 τοῦ
3534 4723 3634 4777 κό-

2045 4839 2208 4894 σμου,
2241 4822 2455 4893 κατάρα
2476 4819 2520 4873 δ’
2548 4822 2690 4893 ὑπὲρ
2715 4820 2821 4873 τῶν
2852 4819 3199 4891 ἐμμενόντων
3232 4818 3366 4870 πᾶσι
3388 4817 3504 4879 τοῖς
3528 4815 3629 4885 ἐγ-

2043 4915 2449 4986 γεγραμμένοις
2504 4916 2563 4969 ἐν
2619 4913 2699 4984 τῷ
2743 4912 2989 4974 Μωσέως
3042 4910 3211 4983 νόμῳ.
3257 4909 3348 4963 Διό
3390 4924 3557 4978 φησιν
3598 4909 3632 4962 6

2053 5007 2373 5070 ’Δπόστολος
2398 5025 2414 5040 ο
2443 5026 2462 5058 ι
2480 5006 2713 5080 Χριστὸς
2739 5007 2886 5077 ἡμᾶς
2912 5003 3243 5075 ἐξηγόρασεν
3269 5003 3334 5055 ἐκ
3364 5000 3467 5071 τῆς
3489 5016 3631 5055 κατ·-

2039 5097 2178 5168 ἁρας
2212 5095 2306 5150 τοῦ
2343 5097 2529 5169 νόμου,
2576 5096 2867 5166 γενόμενος
2913 5094 3054 5165 ὑπὲρ
3091 5092 3248 5164 ἡμῶν
3307 5091 3546 5164 κατάρα.
3602 5109 3623 5143 ι

2041 5189 2171 5254 Καὶ,
2208 5208 2227 5242 ι
2272 5189 2378 5243 Τὸν
2421 5189 2496 5262 μὴ
2525 5189 2720 5258 γνόντα
2762 5186 3056 5259 ἁμαρτίαν,
3090 5185 3229 5256 ὑπὲρ
3259 5183 3414 5255 ἡμῶν
3443 5185 3630 5256 ἀμαρ-

2042 5281 2162 5334 τίαν
2201 5279 2445 5352 ἐποίησε.
2496 5299 2515 5333 ι
2549 5280 2615 5334 Τί
2643 5279 2751 5350 γὰρ
2789 5281 2889 5332 οὐκ
2933 5277 3124 5349 ἔμελλε
3152 5276 3399 5345 γίνεσθαι
3440 5274 3503 5327 τὸ
3530 5274 3627 5329 τοῦ

2042 5372 2248 5442 κόσμου
2291 5372 2607 5444 καθάρσιον,
2646 5372 2707 5424 τὸ
2734 5369 2842 5423 τῶν
2869 5367 3205 5441 ἁμαρτωλῶν
3247 5367 3562 5437 ἁντίψυχον,
3596 5367 3628 5421 ὃ

2040 5462 2105 5534 δὴ
2127 5464 2222 5517 καὶ
2247 5463 2324 5527 ώς
2352 5464 2621 5536 πρόϐατον
2654 5463 2748 5515 ἐπὶ
2777 5462 2992 5533 σφαγὴν
3020 5459 3183 5531 ἢχθη,
3215 5459 3309 5513 καὶ
3334 5458 3409 5521 ὡς
3436 5458 3625 5529 ἀρνίον

2040 5553 2306 5625 ἀγόμενον
2350 5553 2442 5609 τοῦ
2486 5553 2729 5619 θύεσθαι,
2761 5553 2933 5608 ταῦτά
2977 5570 3037 5605 τε
3082 5552 3258 5607 πάντα
3289 5549 3429 5621 ὑπὲρ
3462 5549 3625 5621 ἡμῶν

434 5724 479 5758 ⁸·
511 5723 762 5791 lsa.i.ttt,
793 5728 842 5781 7.
926 5729 969 5760 ²⁸
1001 5728 1135 5784 ibid.
1175 5727 1287 5783 4-9.
1368 5730 1412 5762 "‘
1442 5729 1550 5786 Jer.
1591 5747 1680 5798 XI,
1719 5731 1805 5789 l9.
1884 5733 1928 5765 ’³

2054 5748 2174 5798 n.1,
2207 5730 2296 5787 29.
