3842 6218
121 337 192 394 89
1044 334 1708 392 DEMONSTRATIONIS
1756 332 2218 391 EVANGELICE
2267 333 2397 392 LIB.
2437 334 2482 392 l.
3329 335 3405 394 90

117 455 212 509 καὶ
234 454 307 510 δι’
336 455 518 526 ἡμᾶς
553 455 716 510 Ὅθεν
747 457 796 510 oi
825 457 922 527 μὲν
951 457 1170 510 παλαιοὶ
1196 459 1289 511 καὶ
1314 457 1580 526 θεοφιλεῖς
1614 458 1691 511 ἀνι

1809 473 1917 512 non
1952 457 2186 528 amplius
2236 454 2302 510 de
2336 453 2504 511 Mosis
2534 454 2822 526 praeceptis
2882 452 3101 509 solliciti
3140 452 3271 518 sint,
3306 453 3425 522 sed.

114 545 240 617 δρες
257 547 510 614 είκότως,
537 548 775 620 ἀπουσίᾳ
790 548 900 600 τῶν
925 549 1270 620 κρειττόνων,
1292 552 1405 613 τοῖς
1422 549 1709 620 συμϐόλοις

115 655 222 707 προ
234 641 495 710 τανεῖχον.
541 640 629 702 Ὧς
655 641 748 692 καὶ
771 641 929 692 τοῦτο
955 641 1088 694 αὐτὸ
1109 643 1138 693 ὀ
1161 641 1352 712 Σωτὴρ
1379 641 1536 713 ἡμῶν
1561 640 1708 696 διδά-

115 745 258 791 σκει,
291 729 502 798 λέγων·
549 750 567 782 ι
619 731 812 784 Πολλοὶ
842 732 1114 804 προφῆται
1149 733 1242 786 καὶ
1273 733 1470 786 δίκαιοι
1512 733 1710 786 ἐπεθύ-

115 839 300 890 μησαν
350 822 479 876 ίδεῖν
523 822 559 876 ἃ.
607 824 764 892 ὑμεῖς
812 823 1058 894 βλέπετε,
1107 825 1204 879 καὶ
1239 825 1339 878 οὐκ
1386 821 1558 877 εἶδον⁸
1615 824 1709 878 καὶ

110 913 348 966 ἀκοῦσαι
375 914 412 967 ἃ
441 915 598 984 ὑμεῖς
621 916 872 981 ἀκούετε,
917 918 1008 970 καὶ
1034 917 1133 970 οὐκ
1157 917 1417 987 ἥκουσαν.
1455 936 1473 968 ι
1517 916 1709 986 Ἡμεῖς

108 1006 188 1065 δὲ,
231 1005 300 1057 τὰ
343 1005 522 1075 ἀληθῆ
549 1009 642 1060 καὶ
672 1008 780 1062 τῶν
820 1010 1041 1062 εἰκόνων
1074 1009 1142 1062 τὰ
1178 1010 1460 1082 ἀρχέτυπα
1491 1009 1579 1062 διὰ
1607 1009 1710 1079 τῆς

107 1097 531 1167 μυστηριὼδους
557 1100 865 1170 οἰκονομίας
889 1100 982 1175 τοῦ
1022 1101 1258 1172 Χριστοῦ
1291 1101 1705 1173 παρειληφότες,

104 1189 210 1241 οὐκ
237 1189 320 1240 ἐτι
343 1188 452 1241 τῶν
481 1189 727 1243 παλαιῶν
747 1192 1071 1262 δεησόμεθα.
1119 1194 1296 1256 Μόνος
1322 1194 1366 1246 δ’
1403 1190 1496 1247 οὖν
1544 1194 1708 1257 αὐτὸς

102 1282 216 1332 τῶν
248 1280 471 1334 πώποτε
512 1283 682 1350 Λόγος
722 1283 796 1338 ὢν
821 1283 977 1348 Θεοῦ,
1015 1287 1366 1356 προκόσμιος,
1401 1291 1494 1341 καὶ
1524 1289 1709 1359 ἀρχιε-

104 1378 237 1446 ρεὺς
281 1375 467 1444 πάσης
510 1377 702 1446 νοερᾶς
749 1377 842 1429 καὶ
898 1377 1122 1446 λογικῆς
1178 1379 1426 1443 κτίσεως,
1457 1381 1546 1433 τὸν
1574 1382 1706 1450 ἡμῖν

99 1465 443 1536 ὁμοιοπαθῆ,
473 1460 560 1518 οἷα
601 1467 873 1537 πρόϐατον
907 1470 1002 1522 καὶ
1048 1471 1218 1540 ἀμνὸν
1259 1473 1322 1524 ἐκ
1365 1473 1463 1543 τῆς
1495 1471 1707 1544 ἀνθρὼ-

102 1575 225 1608 πων
257 1557 535 1626 ἀφορίσας
562 1558 785 1628 ἀγέλης,
810 1559 983 1631 τούτῳ
1013 1577 1071 1613 τε
1112 1561 1424 1633 ἐπιγράψας
1451 1563 1551 1626 τὰς
1579 1564 1708 1617 πάν·

99 1664 212 1698 των
241 1647 274 1715 ἡ
285 1645 409 1714 μῶν
440 1647 739 1717 ἁμαρτίας,
777 1649 872 1700 καὶ
909 1648 1008 1720 τὴν
1036 1650 1282 1722 κατάραν
1309 1668 1371 1720 γε
1401 1650 1571 1722 αὐτῷ,
1606 1653 1704 1723 τὴν

98 1740 157 1790 ἐν
202 1738 286 1808 τῷ
339 1739 587 1801 Μωσέως
651 1739 801 1809 νόμῳ
852 1743 1385 1814 προστετιμημένην,
1435 1745 1704 1817 περιάψας

99 1832 220 1900 (ὅτι
254 1829 322 1902 δὴ
355 1830 602 1893 Μωσέως
625 1832 939 1898 ἀνειπόντος
958 1851 972 1864 ·
1011 1853 1029 1886 ι
1078 1837 1510 1907 Ἐπικατάρατος
1539 1841 1647 1903 πᾶς
1676 1841 1705 1892 ό

99 1923 468 1994 κρεμάμενος
517 1925 613 2006 ἐπι
653 1923 811 1989 ξύλου
849 1947 867 1976 ι
893 1926 936 1996 ),
965 1927 1124 1981 τοῦτο
1148 1927 1414 1982 πέπονθεν
1446 1929 1608 1994 αὐτὸς
1636 1930 1705 1984 δι’

101 2014 254 2083 ἡμᾶς
310 2014 610 2085 γενόμενος
655 2016 798 2086 ὑπὲρ
848 2017 1006 2087 ἡμῶν
1059 2019 1304 2090 κατάρα·
1357 2021 1452 2074 καὶ
1495 2020 1558 2090 δὴ
1609 2021 1703 2076 καὶ

101 2107 387 2177 ἁμαρτίαν
432 2106 598 2159 αὑτὸν
636 2107 702 2159 δι’
740 2109 890 2178 ἡμᾶς
930 2110 1197 2180 ποιήσας·
1248 2128 1266 2160 ι
1311 2111 1438 2163 ἐπεὶ
1493 2112 1584 2164 τὸν
1627 2111 1706 2183 μὴ

98 2200 303 2266 γνόντα
346 2201 651 2271 ἁμαρτίαν,
685 2201 827 2273 ὑπὲρ
871 2201 1026 2272 ἡμῶν
1072 2205 1346 2276 ἁμαρτίαν
1397 2206 1640 2277 ἐποίησε,
1680 2225 1699 2259 ι

100 2293 285 2356 πάσας
335 2310 397 2345 τε
433 2293 582 2364 αὐτῷ
620 2295 689 2347 δι’
722 2297 872 2366 ἡμᾶς
905 2295 1007 2360 τὰς
1041 2299 1172 2369 ἡμῖν
1211 2299 1600 2371 ἐπηρτημένας
1631 2317 1706 2354 τι-

102 2386 325 2456 μωρίας
356 2386 590 2451 ὲπιθεὶς,
633 2388 810 2459 δεσμά
850 2391 944 2444 καὶ
975 2392 1198 2462 ἀτιμίας
1242 2395 1337 2446 καὶ
1365 2393 1571 2465 ὕϐρεις,
1610 2394 1706 2465 μά-

99 2477 299 2545 στιγάς
347 2495 410 2531 τε
458 2483 555 2534 καὶ
603 2480 870 2546 ὲκτόπους
901 2484 1136 2555 πληγὰς,
1188 2486 1281 2539 καὶ
1317 2487 1410 2539 ἐπὶ
1451 2487 1616 2540 πᾶσιν
1643 2487 1706 2540 τὸ

97 2569 202 2639 τῆς
232 2571 491 2642 κατάρας
525 2575 808 2644 τρόπαιον.
845 2575 1000 2630 Μετὰ
1028 2577 1093 2648 δὴ
1127 2577 1305 2632 πάντα
1339 2573 1450 2632 οἶόν
1478 2597 1532 2632 τι
1574 2577 1705 2632 θαυ-

103 2663 307 2733 μάσιον
341 2662 515 2734 θῦμα,
547 2666 643 2719 καὶ
683 2667 913 2735 σφάγιον
946 2667 1224 2739 ἐξαίρετον
1253 2669 1330 2740 τῷ
1361 2671 1534 2742 Πατρὶ
1572 2671 1704 2725 καλ-

99 2754 531 2825 λιερησάμενος,
590 2758 732 2830 ὑπὲρ
764 2759 866 2829 τῆς
916 2760 1175 2814 ἁπάντων
1224 2761 1382 2832 ήμῶν
1431 2765 1703 2834 ἀνήνεγκε

102 2846 410 2916 σωτηρίας,
460 2849 682 2920 μνήμην
721 2851 815 2904 καὶ
855 2853 986 2922 ἡμῖν
1015 2854 1311 2924 παραδοὺς,
1347 2855 1468 2909 ἀντὶ
1515 2856 1705 2921 θυσίας

97 2938 178 3008 τῷ
210 2937 335 3010 Θεῷ
381 2939 646 3010 διηνεκῶς
687 2944 1038 3015 προσφέρειν.
1073 2945 1245 2999 Τοῦτο
1284 2948 1378 3000 καὶ
1409 2949 1704 3020 προφητῶν

98 3034 128 3084 ό
161 3032 474 3104 θαυμάσιος
508 3035 673 3088 Δαϐὶδ
705 3035 835 3109 θείῳ
864 3035 1146 3108 Πνεύματι
1175 3038 1238 3090 τὸ
1277 3039 1468 3109 μέλλον
1512 3042 1706 3113 προλα-

97 3123 214 3178 ϐὼν
254 3126 572 3192 ἐθέσπισεν,
615 3127 821 3182 εἰπών’
871 3148 890 3181 ι
942 3129 1260 3200 Ὑπομένων
1305 3131 1573 3202 ὑπέμεινα
1613 3133 1704 3186 τὸν

100 3217 334 3287 Κύριον,
365 3219 465 3271 καὶ
506 3219 779 3290 προσέσχε
825 3237 942 3292 μοι·
991 3223 1086 3275 καὶ
1127 3223 1415 3293 είσήκουσε
1445 3224 1548 3294 τῆς
1588 3224 1702 3297 δεή-

99 3306 243 3371 σεώς
278 3325 407 3377 μου,
438 3311 532 3362 καὶ
566 3311 838 3382 ἀνήνεγκέ
873 3330 940 3383 με
971 3315 1036 3366 ὲκ
1063 3313 1282 3367 λάκκων
1303 3315 1700 3388 ταλαιπωρίας,

99 3402 195 3452 καὶ
239 3400 351 3453 ἀπὸ
389 3402 561 3472 πηλοῦ
600 3403 778 3468 ίλύοςο
815 3405 908 3458 καὶ
941 3403 1170 3476 ἔστησεν
1210 3407 1304 3459 ἐπὶ
1339 3408 1544 3478 πέτραν
1577 3409 1702 3474 τοὺς

97 3491 273 3553 πόδας
309 3509 435 3561 μου,
461 3494 759 3548 κατεύθυνε
787 3495 855 3548 τὰ
883 3495 1199 3566 διαϐήματά
1232 3515 1355 3567 μου,
1391 3498 1486 3551 καὶ
1517 3499 1702 3553 ἐνέϐα-

96 3578 189 3633 λεν
230 3585 316 3644 είς
353 3581 417 3634 τὸ
460 3585 636 3655 στόμα
689 3603 792 3655 μου
837 3580 989 3656 ᾆσμα
1035 3586 1240 3650 καινὸν,
1275 3586 1443 3658 ὕμνον
1475 3587 1552 3659 τῷ
1581 3589 1702 3662 Θεῷ

96 3672 281 3742 ἡμῶν.
323 3691 342 3723 ι
375 3674 488 3726 Καὶ
521 3675 573 3727 τί
606 3677 669 3728 τὸ
705 3675 892 3729 καινὸν
919 3672 1073 3747 ᾆσμα
1105 3679 1385 3749 τυγχάνει,
1423 3681 1698 3751 διασαφεῖ,

97 3763 278 3832 λέγων
311 3765 441 3835 ἑξῆς
463 3783 479 3800 ·
518 3785 536 3818 ι
576 3768 782 3822 Θυσίαν
805 3769 901 3821 καὶ
929 3771 1247 3841 προσφορὰν
1279 3771 1380 3826 οὐκ
1404 3771 1698 3845 ἠθέλησας,

99 3857 264 3928 σῶμα
307 3857 365 3911 δὲ
406 3860 722 3930 κατηρτίσω
778 3876 907 3930 μοι’
959 3861 1390 3934 ὁλοκαυτώματα
1435 3865 1532 3918 καὶ
1573 3866 1701 3938 περὶ

98 3950 385 4020 ἁμαρτίας
427 3953 528 4004 οὐκ
573 3953 900 4023 ηὑδόκησας.
958 3955 1090 4008 Τότε
1139 3953 1293 4009 εἶπον
1313 3973 1328 3986 ·
1380 3957 1512 4011 Ἰδοὺ
1556 3959 1696 4030 ἥκω.

113 4044 199 4094 Ἐν
254 4044 511 4113 κεφαλίδι
567 4044 774 4115 βιϐλίου
821 4047 1134 4118 γέγραπται
1199 4049 1328 4120 περὶ
1379 4049 1551 4121 ἐμοῦ,
1604 4053 1699 4106 τοῦ

101 4137 351 4207 ποιῆσαι,
407 4138 437 4189 ὁ
494 4137 647 4205 Θεὸς,
704 4138 768 4190 τὸ
819 4139 1033 4211 θέλημά
1073 4157 1188 4196 σου.
1263 4141 1610 4215 Ἐϐουλήθην.
1673 4163 1694 4198 ι

103 4225 214 4279 Καὶ
275 4225 558 4294 ἐπιλέγειο
626 4245 645 4278 ι
723 4227 1185 4299 Εὑηγγελισάμην
1238 4227 1588 4300 δικαιοσύνην
1641 4231 1699 4284 ὲν

113 4312 416 4384 Ἐκκλησία
455 4314 685 4386 μεγάλῃ.
719 4334 738 4366 ι
781 4315 1074 4387 Ἀντικρυς
1107 4317 1226 4370 ἀντὶ
1263 4318 1370 4372 τῶν
1401 4318 1569 4374 πάλαι
1601 4319 1698 4372 θυ-

103 4404 234 4457 σιῶν
291 4407 390 4458 καὶ
440 4407 911 4479 ὁλοκαυτωμάτων
961 4409 1060 4480 τὴν
1107 4409 1373 4482 ἐνσαρκον
1426 4411 1522 4465 τοῦ
1563 4413 1699 4484 Χρι-

1819 550 1894 601 ita
1914 548 2121 610 vivant,
2157 553 2216 600 ut
2270 544 2407 600 Novi
2441 545 2779 600 Testamenti
2825 547 2966 600 ratio
3020 545 3219 600 docet:
3255 551 3425 606 eam;

1813 654 1935 710 qua:
1974 655 2004 692 a
2041 637 2187 694 Mose
2216 637 2438 694 deﬁnita
2481 645 2586 700 est,
2621 637 3053 692 exsecrationem
3077 637 3355 692 evaserint
3383 651 3400 688 :

1813 732 2016 801 quippe
2046 745 2169 785 cum
2204 730 2392 802 Agnus
2414 728 2508 784 Dei
2533 745 2643 784 non
2674 731 2850 786 solum
2868 737 3150 800 peccatum
3185 726 3401 780 mundi.

1813 824 1907 880 sed
1931 825 2094 879 etiam
2141 839 2260 878 eam
2284 823 2744 887 exsecrationem,
2773 838 2895 893 quae
2930 821 2996 876 iis
3025 821 3274 885 debetur,
3306 819 3402 890 qui

1813 925 2005 971 contra
2025 914 2191 970 Mosis
2209 915 2380 986 legem
2409 915 2615 985 aliquid
2629 914 3032 978 commiserint,
3072 915 3128 967 in
3156 913 3398 983 seipsum

1812 1009 2099 1079 receperit.
2136 1005 2338 1062 Factus
2378 1007 2544 1078 igitur
2572 1017 2658 1064 est
2700 1009 2791 1062 Dei
2823 1008 3012 1077 Agnus
3039 1013 3093 1060 et
3113 1011 3399 1076 peccatum

1811 1111 1865 1157 et
1917 1103 2242 1158 exsecratio.
2278 1100 2574 1156 Peccatum
2616 1101 2836 1170 quidem
2890 1115 2989 1170 pro
3022 1097 3401 1170 peccatoribus

1810 1192 1977 1260 hujus
2012 1193 2201 1247 mundi
2233 1212 2246 1246 :
2284 1193 2594 1248 exsecratio
2623 1200 2804 1247 autem
2837 1207 2937 1262 pro
2976 1191 3043 1245 iis
3080 1190 3173 1260 qui
3208 1190 3402 1244 nolunt

1811 1300 1842 1339 a
1888 1287 2094 1356 scripto
2129 1285 2264 1356 legis
2319 1285 2572 1340 Mosaicae
2620 1283 2896 1339 recedere.
2943 1283 3212 1351 Quocirca
3265 1281 3402 1337 dicit

1808 1378 2142 1448 Apostolus:
2180 1397 2200 1431 ι
2233 1379 2492 1434 Christus
2523 1394 2626 1434 nos
2657 1376 2886 1431 redemit
2924 1377 2992 1431 ab
3023 1376 3402 1431 exsecratione

1811 1471 1967 1539 legis.
1995 1469 2172 1526 factus
2198 1486 2298 1542 pro
2325 1471 2485 1526 nobis
2511 1470 2824 1525 exsecratio
2853 1471 2921 1524 ".
2957 1489 2975 1522 ι
3007 1468 3138 1524 item
3167 1484 3180 1520 :
3211 1486 3230 1519 ι
3259 1465 3399 1522 Eum

1807 1561 1900 1630 qui
1935 1577 2044 1615 non
2077 1568 2307 1616 noverat
2337 1571 2646 1631 peceatum,
2704 1575 2804 1629 pro
2839 1559 3000 1615 nobis
3043 1559 3175 1615 fecit
3205 1573 3400 1628 pecca-

1807 1661 1921 1706 tum
1950 1653 2018 1707 ".
2060 1671 2080 1705 ι
2113 1653 2254 1720 Quid
2283 1653 2427 1709 enim
2454 1669 2566 1709 non
2593 1653 2814 1708 futurus
2843 1651 2946 1707 fuit
2972 1653 3043 1715 is,
3074 1652 3169 1723 qui
3205 1650 3397 1706 mundi

1807 1746 2082 1817 piaculum
2117 1745 2296 1802 factus
2325 1747 2450 1803 est?
2497 1749 2546 1802 is
2575 1746 2669 1817 qui
2694 1761 2794 1818 pro
2821 1755 3170 1816 Peccatorum
3214 1745 3399 1801 anima

1808 1837 2087 1908 pretium?
2122 1840 2216 1910 qui
2255 1848 2515 1910 tanquam
2555 1839 2676 1895 ovis
2724 1837 2793 1892 ad
2827 1839 3163 1894 occisionem
3193 1837 3394 1894 ductus

1805 1929 1930 1985 est?
1973 1930 2068 1999 qui
2103 1930 2450 1986 existimatus
2499 1937 2587 1988 est
2631 1932 2774 1986 sicut
2808 1946 3005 2002 agnus,
3036 1931 3127 2002 qui
3161 1931 3398 1986 ducatur
3477 1971 3482 1976 ς

1807 2021 1875 2076 ad
1909 2021 2376 2078 sacriﬁcandum?
2403 2031 2569 2092 atque
2596 2022 2783 2077 omnia
2813 2022 2962 2086 haec,
2997 2030 3052 2077 et
3093 2037 3192 2091 pro
3211 2021 3395 2089 nobis,

1805 2121 1861 2170 et
1899 2123 2124 2185 propter
2154 2129 2277 2168 nos.
2323 2113 2401 2168 Ex
2435 2129 2545 2184 quo
2589 2113 2810 2184 quidem
2844 2113 3012 2184 prisci
3037 2113 3137 2178 illi,
3177 2111 3398 2184 Deoque

1806 2206 1946 2275 grati
1976 2206 2115 2270 viri,
2153 2221 2279 2260 cum
2311 2207 2693 2277 praestantiora
2738 2221 2846 2260 non
2879 2205 3164 2269 haberent,
3197 2203 3396 2262 merito

1807 2295 1962 2365 signa
1987 2296 2104 2366 ipsa
2141 2296 2514 2353 atlendebant.
2557 2296 2668 2367 38
2697 2295 2832 2350 Nam
2877 2295 3041 2351 etiam
3073 2295 3176 2350 hoc
3209 2295 3392 2365 ipsum

1809 2385 2058 2442 Salvator
2083 2395 2269 2444 noster
2296 2389 2475 2454 docet,
2509 2406 2636 2446 eum
2686 2389 2763 2443 ait
2800 2405 2813 2443 :
2851 2405 2870 2438 ι
2904 2386 3058 2441 Multi
3113 2386 3396 2458 prophetae

1805 2489 1859 2534 et
1886 2479 2019 2548 justi
2049 2481 2338 2550 cupierunt
2369 2481 2576 2546 videre,
2631 2497 2753 2552 qua:
2797 2496 2896 2536 vos
2928 2479 3128 2535 videtis
3148 2518 3162 2542 ,
3199 2487 3256 2534 et
3282 2493 3396 2534 non

1805 2572 2098 2628 viderunt:
2155 2584 2208 2629 et
2257 2573 2468 2640 audire,
2502 2589 2624 2644 qua;
2681 2587 2780 2630 vos
2819 2573 3044 2637 auditis,
3073 2581 3130 2628 et
3153 2587 3262 2627 non
3293 2586 3397 2625 au-

1803 2667 2025 2721 dierunt
2051 2669 2115 2722 ³⁸.
2141 2688 2158 2718 ι
2203 2667 2271 2722 Αι
2297 2684 2418 2735 nos,
2463 2668 2554 2738 qui
2587 2681 2654 2722 ea
2713 2682 2835 2738 qua:
2882 2681 3009 2722 vera
3040 2672 3192 2733 sunt,
3225 2672 3390 2735 atque

1805 2759 1925 2828 ipsa
1981 2760 2280 2830 imaginum
2348 2760 2618 2831 principia
2693 2775 2792 2831 per
2857 2757 3115 2814 refertam
3179 2759 3396 2828 magnis

1807 2849 2083 2920 mysteriis
2115 2849 2579 2920 dispensationem
2636 2849 2840 2904 Christi
2875 2849 3216 2920 accepimus.
3271 2863 3386 2902 non

1806 2943 2043 3011 amplius
2084 2958 2169 3008 ea,
2229 2959 2350 3014 quae
2399 2952 2585 2998 vetera
2627 2943 2769 2997 facta
2791 2949 2942 3005 sunt,
2989 2940 3389 2996 desideramus.

1809 3031 1975 3090 Solus
2004 3035 2170 3106 igitur
2201 3036 2316 3106 ipse
2368 3051 2558 3091 eorum
2587 3035 2832 3090 oumium
2867 3034 2959 3104 qui
2995 3047 3236 3103 unquam
3273 3030 3396 3086 fue-

1731 3158 1774 3216 c
1805 3127 1938 3189 rint,
1973 3142 2097 3181 cum
2145 3128 2217 3181 sit
2274 3125 2364 3182 Dei
2400 3125 2664 3190 Verbum,
2709 3127 2827 3196 ipso
2856 3124 3136 3194 antiquius
3163 3120 3390 3187 mundo,

1804 3217 2162 3290 pontifexque
2194 3219 2374 3273 omnis
2400 3219 2618 3273 ratione
2673 3227 2838 3287 atque
2864 3215 3222 3285 intelligentia
3255 3229 3395 3284 prae-

1804 3308 1935 3362 ditae
1964 3316 2253 3373 creatum,
2291 3323 2415 3361 eum
2474 3309 2567 3378 qui
2612 3310 2821 3363 nostris
2865 3308 3088 3362 casibus
3119 3314 3267 3362 esset
3292 3306 3397 3363 ob-

1802 3400 2026 3466 noxius,
2073 3402 2231 3471 quasi
2281 3415 2437 3455 ovem
2500 3408 2596 3453 aut
2625 3415 2826 3470 agnum
2860 3400 2929 3453 ab
2962 3398 3277 3454 hominibus
3305 3413 3398 3453 se-

1801 3505 2057 3560 gregans,
2127 3498 2183 3546 et
2230 3491 2358 3546 huic
2412 3499 2602 3545 nostra
2631 3490 2875 3545 omnium
2927 3490 3212 3544 ascribens
3264 3503 3394 3559 pec-

1801 3587 1926 3634 cata
1955 3621 1970 3646 ,
2031 3581 2319 3652 eidemque
2371 3581 2829 3644 exsecrationem,
2863 3595 2985 3650 quae
3015 3579 3232 3633 mulctze
3267 3577 3390 3631 loco

1802 3676 1859 3729 in
1923 3675 2038 3745 lege
2085 3674 2253 3731 Mosis
2310 3673 2569 3745 adjuncta
2615 3681 2705 3746 est
2753 3675 3064 3744 imponens,
3121 3670 3394 3741 siquidem

1802 3769 1924 3839 ipso
1981 3767 2128 3821 Mose
2189 3767 2570 3836 proloqueute,
2603 3783 2624 3818 ι
2657 3764 3013 3820 exsecrabilis
3067 3764 3248 3817 omnis
3298 3776 3396 3831 qut

1803 3861 2002 3931 pendet
2059 3860 2114 3913 in
2159 3861 2305 3930 ligno
2329 3859 2449 3925 ⁸⁸,ι
2508 3859 2612 3913 hoc
2679 3859 2860 3928 ipsum
2914 3855 3158 3926 pertulit,
3216 3854 3394 3909 factus

1802 3961 2024 4024 propter
2045 3969 2146 4008 nos
2177 3955 2293 4025 ipse
2319 3969 2418 4024 pro
2457 3953 2616 4008 nobis
2643 3952 2952 4007 exsecratio
2977 3970 2990 4006 :
3023 3949 3116 4020 qui
3149 3949 3391 4020 seipsum

1801 4060 2020 4114 quoque
2055 4054 2276 4115 propter
2317 4062 2419 4101 uos
2469 4052 2754 4114 peccatum
2817 4042 3000 4097 facere
3031 4057 3141 4096 non
3182 4041 3393 4094 veritus

1799 4145 1917 4192 est:
1940 4136 2380 4207 quandoquidem
2405 4157 2422 4188 ι
2451 4152 2599 4204 eum,
2627 4143 2720 4206 qui
2753 4142 3038 4206 peccatum
3075 4147 3186 4187 non
3215 4131 3390 4190 novit.

1800 4244 1900 4300 pro
1929 4230 2087 4285 nobis
2111 4240 2393 4300 peccatum
2418 4229 2617 4294 eﬂ‘ecit,
2648 4249 2667 4280 ι
2695 4229 2980 4298 eidemque
3012 4234 3230 4298 propter
3263 4240 3387 4288 nos,

1757 4323 1984 4376 oomnia
2045 4336 2388 4391 quaecunque
2438 4319 2601 4375 nobis
2652 4317 3062 4390 impendebant,
3119 4314 3389 4386 supplicia

1800 4413 2096 4484 imposuit,
2130 4414 2371 4478 vincula,
2395 4413 2621 4483 probra,
2659 4411 3045 4474 contumelias,
3066 4409 3299 4480 ﬂagella,
3332 4419 3388 4462 et

102 4494 227 4547 στοῦ
285 4496 613 4566 παρουσίαν,
661 4497 758 4550 καὶ
813 4497 875 4550 τὸ
913 4499 1274 4569 καταρτισθὲν
1322 4499 1486 4553 αὐτοῦ
1539 4501 1691 4573 σῶμα

1804 4520 1926 4560 cum
1960 4507 2069 4570 his,
2127 4506 2354 4561 verbera
2414 4504 2723 4560 deformia:
2759 4512 3208 4574 postremumque
3268 4515 3389 4554 om-

100 4587 531 4658 προσενηνέχθαι
595 4587 672 4658 τῷ
731 4587 852 4660 Θεῷ
908 4589 1148 4656 διδάξας,
1213 4590 1371 4644 τοῦτό
1425 4609 1484 4645 τε
1559 4593 1691 4646 αὐτὸ

1804 4598 1970 4660 nium,
2025 4597 2203 4667 ipsum
2251 4596 2646 4652 exsecrationis
2681 4595 3003 4664 trophaeum.
3034 4593 3221 4664 Itaque
3261 4603 3389 4663 post

100 4679 166 4749 τῇ
242 4677 415 4730 αὑτοῦ
494 4679 790 4750 Ἐκκλησία
834 4680 1269 4749 εὐαγγελίζεται,
1311 4683 1388 4746 ὡς
1429 4683 1497 4737 ἂν
1552 4685 1694 4756 μέγα

103 4773 408 4843 μυστήριον
489 4775 549 4826 ὲν
619 4775 870 4844 κεφαλίδι
944 4776 1150 4846 βιϐλίου
1236 4779 1304 4849 τῇ
1376 4781 1690 4852 προφητικῇ

99 4868 251 4936 φωνῇ
280 4883 717 4942 προαναπεφωνη
727 4871 906 4940 μένον.
940 4871 1143 4926 Τούτου
1170 4873 1305 4943 δῆτα
1326 4872 1422 4926 τοῦ
1453 4872 1694 4944 θύματος

97 4956 192 5026 τὴν
227 4958 455 5028 μνήμην
497 4959 592 5012 ἐπὶ
643 4961 924 5032 τραπέζης
963 4963 1201 5016 ἐκτελεῖν
1246 4962 1334 5016 διὰ
1376 4964 1686 5036 συμϐόλων,

151 5015 162 5026 .
227 5013 242 5026 1
325 5013 359 5027 η
410 5013 422 5028 ι
679 5013 727 5032 ,⁷
833 5013 920 5032 νι·
970 5013 1192 5016 ηνννσνν
1255 5013 1331 5016 ί-’ν
1384 5013 1686 5036 "t"""""

61 5013 71 5111 ί
97 5048 188 5102 ni
207 5066 271 5103 τε
297 5049 551 5120 σώματος
574 5053 738 5105 αὐτοῦ
764 5055 858 5107 καὶ
880 5055 974 5108 τοῦ
1001 5056 1270 5127 σωτηρίου
1293 5058 1524 5128 αἵματος
1549 5059 1690 5112 κατὰ

52 5161 66 5228 ί
101 5139 340 5212 θεσμοὺς
369 5143 469 5213 τῆς
500 5145 709 5216 Καινῆς
747 5146 1022 5219 Διαθήκης
1052 5150 1475 5222 παρειληφότες,
1525 5151 1690 5207 πάλιν

101 5231 202 5286 ὑπὸ
223 5233 323 5286 τοῦ
347 5237 632 5306 προφήτου
659 5238 824 5292 Δαϐὶδ
839 5239 1204 5310 παιδευόμεθα
1227 5241 1426 5310 λέγειν’
1457 5261 1477 5293 ι
1513 5242 1690 5295 Ἤτοι-

111 5341 280 5392 μασας
328 5328 563 5383 ἐνώπιόν
599 5347 699 5399 μου
731 5331 1013 5402 τράπεζαν
1044 5333 1106 5399 ἐξ
1137 5335 1386 5399 ἐναντίας
1430 5335 1539 5390 τῶν
1577 5336 1691 5390 θλι-

107 5416 304 5472 ϐόντων
336 5438 426 5491 με.
488 5422 778 5486 Ἐλίπανας
827 5427 885 5477 ὲν
935 5425 1101 5498 ἐλαίῳ
1132 5427 1232 5498 τὴν
1281 5427 1528 5499 κεφαλήν
1561 5445 1684 5499 μου,

113 5512 194 5562 καὶ
224 5511 285 5564 τὸ
326 5515 586 5585 ποτήριόν
638 5533 733 5569 σου
788 5517 1057 5587 μεθύσκον
1093 5536 1162 5590 με
1199 5519 1276 5582 ὡς
1316 5519 1628 5593 κράτιστον.
1665 5540 1684 5572 ι

113 5603 412 5675 At.szqu
444 5605 575 5674 γοῦν
601 5609 659 5660 ὲν
687 5608 898 5673 τούτοις
926 5610 1021 5664 καὶ
1051 5610 1111 5663 τὸ
1135 5611 1395 5682 μυστικὸν
1421 5611 1686 5682 σημαίνε-

180 5782 220 5813 ³⁶
250 5781 368 5838 Gal.
403 5801 485 5850 ιιι,
519 5787 601 5841 15.
683 5789 724 5820 ³⁷
758 5788 799 5843 ιι
822 5790 948 5847 Cor.
979 5791 1134 5860 \',2l.

1796 4693 2003 4755 omnia,
2035 4691 2193 4760 quasi
2218 4689 2525 4745 mirabilem
2553 4689 2826 4760 quandam
2875 4689 3184 4752 victimam,
3211 4685 3388 4742 sacri-

1798 4782 2092 4853 liciumque
2121 4783 2383 4838 eximium
2415 4781 2557 4852 patri
2616 4795 2720 4836 suo
2771 4789 3033 4850 Operatus
3065 4794 3162 4848 pro
3195 4788 3388 4833 nostra

1797 4874 2040 4928 omnium
2083 4874 2262 4927 salute
2323 4872 2542 4939 obtulit,
2595 4855 2826 4941 ejusque
2856 4871 2933 4925 rei
2965 4870 3283 4923 memoriam
3327 4875 3387 4922 ut

1798 4982 1899 5022 nos
1956 4966 2060 5035 ipsi
2109 4965 2221 5021 Deo
2243 4981 2344 5036 pro
2399 4965 2672 5021 sacriﬁcio
2727 4965 3086 5026 oﬂ‘erremus,
3122 4961 3381 5017 instituit.

1798 5060 1913 5116 Hoc
1939 5061 2104 5116 etiam
2143 5061 2530 5131 prophetarum
2565 5057 2878 5129 prazcipuus
2899 5055 3088 5120 David,
3121 5056 3214 5125 qui
3235 5055 3382 5125 quod

1797 5153 2044 5208 futurum
2070 5160 2190 5208 erat
2227 5151 2436 5223 Spiritu
2489 5151 2677 5206 divino
2711 5149 3027 5220 providerat
3049 5149 3386 5203 vaticinatus

1797 5253 1902 5308 est,
1930 5244 2023 5299 ubi
2057 5243 2134 5297 ait
2163 5262 2177 5298 :
2203 5261 2222 5295 ι
2253 5242 2592 5313 Exspectans
2645 5240 2960 5311 exspectavi
2996 5239 3306 5304 Dominum,
3331 5251 3388 5293 et

1798 5334 2034 5390 intendit
2063 5336 2230 5390 mihi:
2263 5343 2318 5390 et
2343 5335 2622 5390 exaudivit
2646 5349 2862 5404 precem
2896 5348 3095 5398 meam,
3125 5343 3178 5387 et
3199 5339 3386 5387 sustu-

1797 5427 1862 5482 lit
1886 5443 1973 5483 me
2001 5429 2068 5484 de
2100 5428 2223 5484 lacu
2255 5428 2492 5483 miseria:
2520 5435 2576 5482 et
2603 5426 2671 5483 de
2729 5427 2846 5481 luto
2881 5426 3032 5481 faecis
3059 5444 3071 5479 :
3103 5433 3157 5480 et
3191 5433 3386 5478 statuit

1798 5533 1962 5589 supra
1991 5527 2201 5589 petram
2221 5518 2388 5590 pedes
2435 5533 2608 5582 meos,
2643 5525 2698 5574 et
2730 5517 2928 5573 direxit
2956 5530 3181 5588 gressus
3205 5531 3380 5570 meos.

1797 5619 1852 5667 et
1883 5611 2112 5668 immisit
2168 5611 2226 5667 in
2254 5627 2317 5668 os
2339 5627 2522 5668 meum
2569 5610 2859 5668 Canticum
2908 5624 3133 5674 novum,
3164 5623 3382 5664 carmen

1219 5789 1426 5846 "-Luc.
1461 5808 1512 5858 κ,
1543 5791 1632 5846 “li.
1715 5794 1757 5826 ²⁹
1794 5790 1950 5848 Deut.
1983 5809 2099 5862 xm,
2130 5794 2216 5849 23.
