3842 6218
456 350 524 407 9!
1114 344 1386 404 EUSEBII
1417 344 1902 404 C’IE‘SABIENSIS
1938 344 2091 402 OPP.
2130 344 2314 400 PARS
2350 343 2419 400 II.“
2455 373 2527 384 -
2562 339 3061 398 APOLOGETICA.
3653 338 3717 395 οε

461 465 576 523 Deo
600 472 791 522 nostro
813 464 881 519 κ.
916 484 935 518 ι
968 464 1133 532 Quod
1156 480 1322 536 porro
1368 466 1439 522 sit
1479 465 1585 520 hoc
1640 481 1839 521 novum
1863 465 2039 521 canti-

2140 480 2228 517 ται
2270 462 2500 535 χρίσμα,
2548 460 2644 515 καὶ
2683 460 2753 513 τὰ
2792 458 2968 530 σεμνὰ
3007 458 3109 531 τῆς
3155 456 3399 531 Χριστοῦ·
3441 458 3717 530 τραπέζης

457 572 589 615 cum
638 557 882 613 declarat
932 555 1193 626 deinceps
1252 557 1347 612 ubi
1397 558 1472 615 ait
1492 575 1555 610 :1
1588 555 1934 612 Sacriﬁcium
1985 563 2041 612 et

458 650 791 705 oblationem
821 649 1070 714 noluisti,
1105 664 1308 720 corpus
1350 659 1529 705 autem
1566 648 1842 720 perfecisti
1865 647 2038 703 mihi:

401 774 413 783 -
459 740 785 796 holocausta
811 749 866 795 et
905 755 1004 810 pro
1030 751 1256 810 peccato
1276 755 1387 795 non
1419 740 1665 811 probasti
1693 758 1708 805 ;
1742 747 1877 793 tunc
1902 738 2039 803 dixi,

458 845 591 886 ecce
611 832 791 888 venio.
815 832 875 884 In
893 831 1071 901 capite
1088 831 1212 886 libri
1242 833 1511 901 scriptum
1540 838 1631 887 est
1656 831 1724 886 de
1742 846 1849 895 me,
1882 839 1945 885 ut
1961 830 2043 884 fa-

458 937 659 989 cerem,
685 921 847 988 Deus,
874 923 1208 979 voluntatem
1240 930 1408 989 tuam,
1441 923 1587 980 volui
1623 923 1688 988 ³³,
1721 941 1740 974 ι
1772 930 1833 979 et
1848 923 2044 993 adjun-

457 1014 540 1086 git
572 1029 586 1067 :
627 1032 646 1066 ι
678 1014 1013 1068 Annuntiavi
1040 1014 1311 1084 justitiam
1346 1015 1407 1069 in.
1429 1014 1674 1071 Ecclesia
1704 1028 1901 1085 magna
1926 1015 1994 1068 “;
2017 1032 2035 1067 ι

460 1105 555 1162 Sic
583 1108 747 1177 plane
775 1106 978 1163 docens
994 1122 1092 1177 pro
1119 1108 1359 1177 antiquis
1392 1106 1679 1163 sacriﬁciis
1717 1107 2045 1163 etholocau-

460 1199 584 1260 stis,
614 1198 820 1254 Christi
872 1198 1160 1252 adventum
1196 1214 1293 1268 per
1338 1199 1769 1268 assumptionem
1817 1197 2042 1252 humani

459 1287 572 1358 39
599 1289 868 1360 corporis,
898 1289 1127 1359 ejusque
1152 1303 1355 1359 corpus
1384 1286 1708 1359 perfectum,
1745 1286 1858 1343 Deo
1888 1289 2044 1343 obla-

458 1387 579 1433 tum
608 1395 730 1436 esse
758 1398 771 1434 :
798 1381 1088 1450 ipsumque
1121 1380 1226 1434 hoc
1245 1378 1505 1435 Ecclesiae
1533 1394 1649 1435 suae
1673 1381 1889 1434 nuntiat
1914 1396 2041 1435 cum

458 1470 657 1541 gaudio
687 1476 946 1540 tanquam
991 1471 1184 1541 ingens
1228 1470 1569 1541 mysterium,
1613 1469 1760 1540 quod
1806 1471 2044 1541 prophe-

459 1559 571 1613 tica
595 1575 729 1616 voce
758 1560 814 1615 in
845 1562 1023 1631 capite
1070 1560 1191 1616 libri
1230 1562 1570 1632 propositum
1612 1576 2044 1631 expressumque

459 1652 550 1708 sit.
568 1651 707 1707 Cum
732 1668 863 1723 ergo
885 1655 1050 1723 hujus
1082 1653 1339 1709 sacriﬁcii
1365 1651 1684 1708 memoriam
1717 1653 1888 1724 signis
1917 1655 2041 1724 qui»

455 1743 689 1801 busdam
729 1746 786 1799 in
831 1760 1023 1800 mensa
1055 1745 1462 1809 celebrandam,
1508 1745 1866 1815 corporisque
1908 1745 2041 1800 item

2141 554 2378 625 θύματα,
2404 554 2473 607 δι’
2505 544 2580 606 ὧν
2610 550 3040 623 καλλιεροῦντες,
3071 550 3170 614 τὰς
3197 548 3462 622 ἀναίμους
3505 551 3605 604 καὶ
3635 551 3718 605 λο-

2140 647 2303 717 γικὰς
2358 645 2507 716 αὐτῷ
2534 661 2593 698 τε
2622 646 2912 716 προσηνεῖς
2938 642 3128 706 θυσίας
3146 643 3244 696 διὰ
3273 643 3473 707 παντὸς
3497 642 3615 713 βίου
3646 642 3718 714 τῷ

2140 735 2241 789 ἐπὶ
2266 735 2481 789 πάντων
2514 733 2840 805 προσφέρειν
2864 731 2983 802 Θεῷ
3019 731 3107 785 διὰ
3140 731 3234 784 τοῦ
3266 731 3485 787 πάντων
3512 732 3719 788 ἀνωτά-

2142 843 2236 879 του
2266 825 2568 897 ἀρχιερέως
2588 825 2754 879 αὐτοῦ
2780 824 3155 896 δεδιδάγμεθα.
3185 823 3355 877 Τοῦτο
3384 823 3440 876 δὲ
3472 823 3721 878 αὐτὸκαὶ

2157 917 2384 980 Ἡσαΐας
2433 919 2462 970 ὁ
2526 916 2698 987 μέγας
2747 918 3034 988 προφήτης
3093 913 3420 986 θαυμαστῶς
3459 913 3538 984 τῷ
3593 912 3718 984 θείῳ

2143 1007 2422 1078 Πνεύματι
2454 1007 2704 1079 προέγνω
2731 1023 2790 1060 τε
2831 1006 2935 1060 καὶ
2976 1004 3418 1077 προανεφώνησε.
3461 1004 3632 1073 Λέγει
3675 1003 3733 1058 δ”

2142 1095 2234 1154 οὖν
2264 1094 2366 1159 ὦδε
2394 1100 2488 1153 καὶ¹
2527 1100 2712 1163 αὐτός’
2753 1118 2772 1151 ι
2805 1098 2978 1172 Κύριε
3007 1100 3037 1152 ὁ
3060 1097 3191 1160 Θεός
3224 1113 3349 1168 μου,
3394 1092 3610 1160 δοξάσω
3638 1111 3721 1158 σε,

2144 1192 2456 1264 ὐμνήσωτὸ
2478 1191 2649 1262 ὄνομά
2683 1208 2798 1257 σου,
2825 1193 2911 1249 ὅτι,
2943 1190 3203 1261 ἐποίησας
3253 1187 3540 1259 θαυμαστά
3582 1188 3727 1259 πρά-

2142 1301 2352 1356 γματα.
2389 1303 2408 1335 ι
2436 1284 2547 1338 Καὶ
2572 1284 2694 1336 τίνα
2733 1283 2909 1338 ταῦτα
2930 1282 3005 1346 ὼς
3034 1280 3249 1352 ἀληθῶς
3277 1280 3579 1351 θαυμάσια,
3606 1278 3723 1357 διατ

2143 1378 2327 1445 σαφεῖ,
2372 1374 2546 1444 λέγων
2579 1374 2738 1446 ἑξῆς*
2779 1393 2797 1427 ι
2829 1375 3050 1445 Ποιήσει
3089 1372 3294 1444 Κύριος
3323 1371 3551 1426 Σαϐαὼθ
3589 1372 3724 1425 πᾶσι

2141 1470 2255 1532 τοῖς
2276 1467 2472 1522 ἔθνεσι·
2509 1468 2724 1521 πίονται
2753 1465 3114 1539 εὐφροσύνην,
3164 1466 3379 1519 πίονται
3407 1460 3572 1527 οἶνον,
3600 1463 3723 1536 χρί-

2146 1577 2327 1615 σονται
2356 1560 2524 1632 μύρον
2552 1561 2610 1613 ὲν
2636 1559 2716 1630 τῷ
2735 1560 2851 1631 ὄρει
2870 1559 3062 1629 τούτῳ.
3089 1557 3337 1629 Παράδος
3356 1556 3527 1611 ταῦτα
3540 1557 3727 1612 πάντα

2142 1655 2254 1716 τοῖς
2277 1651 2503 1705 ἔθνεσιν·
2534 1654 2566 1722 ή
2597 1651 2708 1722 γὰρ
2740 1650 2905 1723 βουλὴ
2926 1650 3064 1723 αὕτη
3098 1652 3191 1703 ἐπὶ
3216 1650 3392 1703 πάντα
3412 1649 3481 1702 τὰ
3513 1648 3671 1718 ἔθνη.
3701 1667 3720 1701 θ

2143 1744 2381 1798 Τοιαῦτά
2409 1762 2533 1798 τινα
2556 1740 2625 1816 ἦν
2665 1745 2760 1797 καί⁸
2790 1743 2862 1797 τὰ
2909 1744 3131 1797 Ἡσαΐου
3159 1743 3456 1814 θαυμάσια,
3497 1741 3728 1804 εὐωδίας

458 1838 627 1903 illius,
674 1838 1042 1908 salutarisque
1089 1837 1393 1907 sanguinis,
1435 1844 1494 1892 ut
1543 1839 1679 1892 novi
1704 1836 2039 1894 Testamenti

2140 1836 2351 1906 ἀγαθῆς
2373 1837 2468 1890 καὶ
2499 1836 2685 1907 μύρων
2712 1836 2911 1906 χρίσιν,
2938 1836 3000 1888 οὐ
3029 1835 3109 1905 τῷ
3153 1835 3389 1907 Ἰσραὴλ,
3415 1832 3551 1887 ἀλλά
3586 1834 3726 1887 πᾶσι

458 1928 776 1986 institutum
810 1930 995 1995 habet,
1022 1931 1395 1999 acceperimus
1428 1949 1443 1985 :
1468 1945 1689 1985 rursum
1717 1945 1747 1985 a
1777 1928 2041 2001 propheta

459 2017 632 2074 David
672 2021 1000 2076 instruimur
1052 2020 1121 2075 ad
1170 2020 1462 2076 dicendum
1500 2021 1797 2077 :cParasti
1825 2023 1882 2077 in
1907 2037 2044 2077 con~

459 2121 654 2181 spectu
704 2126 826 2167 meo
872 2127 1116 2168 mensam
1167 2120 1363 2168 contra
1401 2128 1502 2169 eos
1521 2114 1614 2184 qui
1646 2113 1889 2184 amigunt
1930 2130 2037 2170 me.

459 2203 665 2276 Pingue
689 2203 865 2260 fecisti
918 2205 975 2260 in
1022 2206 1143 2261 oleo
1189 2212 1355 2274 caput
1396 2220 1600 2271 meum,
1634 2211 1688 2261 et
1726 2207 1867 2260 calix
1912 2213 2040 2261 tuus

458 2295 744 2351 inebrians
778 2311 941 2365 quam
981 2296 1553 2367 praestantissimus“.
1590 2315 1611 2348 ›
1644 2295 1830 2351 Palam
1875 2298 2041 2367 igitur

460 2385 516 2439 in
547 2386 633 2442 his
664 2388 945 2458 mysticam
987 2388 1257 2460 signiﬁcat
1287 2388 1623 2452 unctionem,
1655 2397 1707 2443 et
1756 2388 2039 2444 horrorem

458 2473 740 2529 allen-entia
771 2492 975 2531 mensa:
996 2478 1201 2534 Christi
1233 2478 1526 2545 sacriﬁcia,
1560 2480 1760 2548 quibus
1808 2495 2040 2550 operan-

458 2573 566 2632 tes,
599 2565 914 2623 incruentas
941 2575 997 2623 et
1030 2570 1322 2626 rationales
1355 2569 1517 2640 eique
1546 2586 1743 2627 suaves
1767 2572 2035 2636 victimas,

457 2657 516 2711 in
565 2664 676 2712 tota
713 2659 822 2713 vita
859 2674 1116 2729 supremo
1160 2659 1270 2717 Deo
1314 2660 1534 2725 olI‘erre,
1575 2677 1674 2732 per
1718 2662 2043 2717 eminentis-

459 2746 657 2803 simum
713 2750 958 2806 omnium
1014 2751 1186 2820 ipsius
1241 2751 1575 2821 pontiﬁcem,
1602 2751 1783 2806 edocti
1823 2767 2035 2808 sumus.

460 2835 574 2891 Iloc
610 2837 785 2906 ipsum
821 2853 1052 2908 magnus
1074 2854 1295 2909 quoque
1322 2840 1585 2908 propheta
1615 2840 1784 2896 Isaias
1812 2842 2037 2896 mirabi-

458 2926 585 2981 liter
613 2927 798 2984 divino
837 2927 1041 3000 Spiritu
1069 2930 1345 2987 indicante
1364 2934 1626 3003 providit,
1657 2939 1711 2988 et
1744 2942 2037 3003 antequam

456 3018 611 3074 ﬁeret
661 3022 1015 3090 praedicavit;
1045 3023 1179 3077 dicit
1207 3023 1374 3093 igitur
1404 3025 1484 3079 sic
1516 3043 1531 3079 ι
1573 3042 1593 3076 ι
1636 3023 1861 3080 Domine
1892 3023 2037 3081 Deus

457 3122 635 3174 meus,
678 3109 996 3179 gloriﬁcabo
1045 3119 1119 3176 te,
1168 3112 1403 3167 laudabo
1445 3129 1644 3169 nomen
1688 3122 1865 3179 tuum,
1898 3130 2037 3184 quo-

455 3199 604 3253 niam
646 3199 822 3256 fecisti
846 3219 934 3258 res
961 3204 1241 3263 mirabiles
1259 3206 1326 3260 ³⁸.
1369 3226 1389 3260 ι
1425 3205 1492 3260 Ει
1522 3223 1769 3277 quamam
1801 3208 1884 3262 hae
1923 3209 2036 3263 sint

453 3306 545 3347 res
597 3293 907 3359 mirabiles,
966 3297 1127 3366 plane
1174 3298 1434 3369 deinceps
1491 3301 1732 3355 ostendit
1781 3300 1971 3356 dicens
2018 3320 2032 3355 :

459 3401 479 3433 σ
510 3379 697 3438 Faciet
719 3382 985 3442 Dominus
1016 3384 1255 3442 Sabaoth
1289 3390 1602 3446 convivium
1625 3390 1880 3447 omnibus
1905 3408 2037 3463 gen-

2140 1930 2251 1991 τοῖς
2283 1927 2490 1981 ἔθνεσιν
2523 1927 2986 1999 ἐπαγγελλόμεναι
3021 1927 3145 1981 ὅθεν
3190 1926 3414 1990 εἰκότως
3444 1924 3601 1996 παρὰ
3627 1925 3727 1996 τὴν

2139 2022 2233 2077 τοῦ
2288 2023 2459 2095 μύρου
2517 2022 2695 2095 χρίσιν
2741 2023 2835 2078 καὶ⁵
2883 2023 2983 2093 τῆς
3022 2021 3364 2094 Χριστιανῶν
3409 2021 3726 2092 ἠξιώθησαν

2140 2115 2534 2187 προσηγορίας.
2571 2113 2733 2168 Ἀλλά
2759 2115 2854 2170 καὶ
2885 2114 3028 2169 οίνου
3062 2116 3175 2177 τοῖς
3209 2113 3415 2167 ἔθνεσιν
3454 2112 3729 2186 εὐφροσύ-

2141 2224 2238 2279 νην
2280 2207 2547 2272 θεσπίζει,
2579 2207 2642 2259 τὸ
2684 2206 2784 2277 τῆς
2809 2205 3017 2276 Καινῆς
3042 2204 3137 2258 τοῦ
3170 2204 3407 2276 Χριστοῦ
3444 2205 3727 2275 Διαθήκης

2143 2300 2441 2370 μυστήριον
2480 2298 2869 2369 αἰνιττόμενος,
2913 2296 2942 2350 ὃ
2990 2295 3143 2368 παρὰ
3177 2297 3308 2349 πᾶσι
3349 2298 3461 2359 τοῖς
3509 2294 3745 2348 ἔθνεσιν.

2139 2391 2384 2461 ἐναργῶς
2411 2389 2553 2444 κατὰ
2585 2390 2675 2444 τὸν
2707 2389 2947 2461 παρόντα
2977 2388 3166 2460 καιρὸν
3200 2387 3523 2441 ὲκτελεῖται.
3569 2387 3722 2440 Ταύ-

2137 2502 2236 2547 τας
2259 2483 2317 2537 δὲ
2351 2482 2512 2537 πάλιν
2537 2481 2636 2545 τὰς
2672 2480 3016 2552 ἀσωμάτους,
3063 2480 3158 2533 καὶ
3195 2478 3387 2549 νοερὰς
3417 2477 3612 2540 θυσίας
3652 2476 3725 2530 τὰ

2139 2575 2452 2648 προφητικά
2518 2573 2777 2645 κηρύττει
2827 2573 3005 2641 λόγια,
3072 2564 3176 2624 ὧδέ
3225 2587 3301 2641 πη
3369 2568 3720 2639 περιέχοντα’

2145 2686 2164 2719 ι
2200 2667 2370 2720 Θῦσον
2403 2664 2481 2736 τῷ
2530 2664 2649 2734 Θεῴ
2695 2662 2885 2717 θυσίαν
2938 2659 3218 2723 αἰνέσεως,
3252 2660 3347 2713 καὶ
3398 2659 3597 2724 ἀπόδος
3641 2659 3724 2731 τῷ

2150 2757 2389 2827 Ὓψίστῳ
2416 2756 2516 2820 τὰς
2539 2755 2705 2826 εὐχάς
2727 2772 2843 2818 σου,
2884 2754 2981 2808 καὶ
3005 2752 3327 2807 ὲπικά-λεσαί
3362 2769 3430 2824 με
3454 2754 3514 2805 ὲν
3534 2754 3724 2825 ἡμέρᾳ

2139 2848 2389 2919 θλίψεως,
2427 2849 2523 2904 καὶ
2564 2846 2855 2919 ὲξελοῦμαί
2885 2865 2968 2912 σε,
2999 2848 3093 2900 καὶ
3132 2845 3377 2912 δοξάσεις
3412 2864 3501 2917 με.
3534 2865 3555 2899 ι
3610 2847 3724 2901 Καὶ

2138 2941 2298 2994 πάλιν
2316 2958 2330 2971 ·
2368 2960 2387 2992 ‹
2426 2943 2696 3012 Ἔπαρσις
2720 2938 2828 2992 τῶν
2863 2938 3060 3009 χειρῶν
3082 2955 3181 3009 μου
3199 2938 3356 2991 θυσία
3378 2939 3664 3009 ἐσπερινή.
3695 2955 3719 2989 ›

2136 3033 2250 3086 Καὶ
2276 3028 2451 3095 αὖθις·
2499 3051 2518 3082 ι
2564 3031 2735 3084 Θυσία
2775 3029 2854 3100 τῷ
2895 3030 3017 3101 Θεῷ
3059 3028 3277 3100 πνεῦμα
3318 3027 3725 3103 συντετριμμέ-

2137 3141 2250 3177 νον.
2285 3143 2304 3175 ›
2337 3120 2520 3177 Ταῦτα
2548 3122 2613 3193 δὴ
2637 3119 2730 3176 οὖν
2761 3122 2958 3187 πάντα,
3005 3120 3066 3186 ἐξ
3098 3121 3291 3184 αἰῶνος
3316 3120 3722 3189 τεθεσπισμὲνα

2137 3214 2225 3268 διὰ
2249 3215 2350 3285 τῆς
2373 3213 2736 3283 εὐαγγελικῆς
2768 3212 2861 3266 τοῦ
2885 3213 3138 3285 Σωτῆρος
3159 3212 3317 3282 ἡμῶν
3343 3210 3719 3275 διδασκαλίας,

2137 3304 2278 3359 κατὰ
2309 3306 2400 3358 τὸν
2432 3305 2676 3375 παρόντα
2721 3303 2911 3376 καιρὸν
2942 3304 3078 3377 πρὸς
3120 3304 3376 3358 ἁπάντων
3406 3303 3518 3356 τῶν
3546 3302 3722 3356 ἐθνῶν

2135 3397 2455 3458 ὲκτελεῖται,
2482 3396 2740 3467 ἀληθείας
2767 3395 3252 3468 ὲπιμαρτυρούσης
3282 3398 3350 3467 τῇ
3399 3397 3718 3468 προφητικῇ

453 3474 600 3530 tibus
638 3495 651 3530 :
684 3475 871 3532 bibent
899 3478 1158 3545 laetitiam,
1192 3480 1376 3539 bibent
1399 3482 1586 3538 vinum
1607 3502 1621 3539 :
1642 3493 1913 3553 ungentur
1935 3500 2057 3539 unm

450 3577 655 3637 guento
672 3566 727 3621 in
746 3576 931 3624 monte
950 3568 1043 3624 illo
1058 3588 1073 3637 ;
1091 3570 1244 3626 trade
1264 3571 1378 3626 haec
1395 3572 1578 3627 omnia
1599 3574 1871 3643 gentibus.
1898 3574 2038 3631 Con-

451 3660 635 3713 silium
675 3659 819 3715 enim
860 3660 965 3716 hoc
1007 3663 1063 3717 in
1106 3677 1297 3718 omnes
1327 3671 1515 3734 gentes
1539 3664 1606 3721 ³⁸.
1643 3685 1663 3717 ι
1698 3664 2026 3735 Hujusmodi

2140 3666 2346 3733 σπίξει,
2399 3668 2612 3737 λέγων’
2669 3687 2689 3720 ι
2736 3669 2882 3721 Διότι
2937 3667 3047 3723 ἀπὸ
3095 3667 3371 3722 ἀνατολῶν
3419 3666 3572 3737 ἡλίου
3621 3667 3722 3720 καὶ

448 3763 585 3804 sane
640 3758 797 3805 erant
848 3751 1003 3807 Isaiae
1050 3751 1347 3818 mirabilia,
1380 3769 1504 3825 quae
1544 3755 1703 3810 bona:
1742 3754 2033 3826 cujusdam

2140 3758 2300 3831 μέχρι
2353 3758 2572 3831 δυσμῶν
2626 3761 2689 3814 τὸ
2739 3759 2913 3831 ὄνομά
2969 3777 3071 3832 μου
3120 3758 3432 3824 δεδόξασται
3492 3761 3551 3812 ὲν
3602 3760 3723 3821 τοῖς

451 3838 784 3911 fragrantia,
816 3843 1188 3915 unguenlique
1215 3846 1548 3909 unctionem,
1579 3861 1688 3901 non
1716 3845 1904 3910 Israel,
1934 3845 2033 3903 sed

2140 3850 2332 3916 ἔθνεσι,
2368 3853 2464 3906 καὶ
2497 3854 2555 3905 ὲν
2589 3853 2753 3906 παντὶ
2796 3853 2948 3924 τόπῳ
2982 3851 3231 3923 θυμίαμα
3264 3851 3599 3921 προσάγεται
3636 3850 3721 3921 τῷ

449 3933 709 3990 omnibus
733 3934 990 4005 gentibus
1013 3936 1405 4005 promittebant
1433 3954 1446 3991 :
1476 3952 1542 3992 ex
1567 3952 1674 4008 quo
1699 3951 1811 3993 non
1839 3938 2033 3994 imme-

2140 3942 2353 4014 ὀνόματί
2384 3960 2506 4014 μου,
2540 3944 2635 3997 καὶ
2672 3943 2833 3998 θυσία
2860 3943 3094 4014 καθαρά.
3134 3962 3152 3994 ι
3186 3941 3396 4013 Θύομεν
3423 3942 3559 4011 δῆτα
3605 3958 3722 3994 τοι-

449 4030 558 4083 rito
617 4035 839 4098 propter
901 4032 1168 4100 unguenti
1221 4032 1536 4087 unctionem
1590 4031 2031 4087 Christianorum

2140 4033 2334 4105 γαροῦν
2357 4033 2437 4106 τῷ
2460 4035 2553 4087 ἐπὶ
2576 4035 2793 4088 πάντων
2824 4033 2943 4105 Θεῷ
2972 4032 3159 4087 θυσίαν
3185 4032 3476 4096 αἰνέσεωςο
3510 4031 3720 4103 θύομεν

452 4120 873 4190 appellationem
930 4130 1241 4177 consecuta:
1295 4131 1444 4187 sunt,
1506 4122 1603 4178 sed
1653 4123 1766 4178 vini
1812 4139 2031 4193 quoque

2140 4125 2191 4178 τὸ
2216 4124 2418 4189 ἔνθεον,
2444 4125 2540 4179 καὶ
2582 4124 2800 4196 σεμνὸν,
2831 4125 2926 4179 καὶ¹
2960 4125 3283 4197 ίεροπρεπὲς
3310 4123 3480 4196 θῦμα·
3510 4123 3719 4196 θύομεν

450 4210 693 4265 laetitiam
745 4211 998 4280 gentibus
1045 4212 1380 4266 vaticinatur
1416 4213 1474 4267 in
1506 4227 1594 4277 eo,
1639 4212 1775 4267 Novi
1837 4212 2031 4267 Testa-

2140 4217 2333 4282 καινῶς
2364 4217 2507 4271 κατὰ
2536 4217 2635 4289 τὴν
2666 4218 2875 4289 Καινὴν
2902 4216 3176 4289 Διαθήκην
3208 4217 3307 4288 τὴν
3337 4214 3586 4287 καθαρὰν
3625 4216 3721 4270 θυ-

450 4302 640 4365 menti,
670 4302 817 4371 quod
855 4316 887 4355 a
929 4301 1150 4357 Christo
1200 4301 1487 4356 conditum
1532 4307 1646 4367 est,
1680 4304 2025 4374 mysterium,

2140 4307 2271 4360 σίαν.
2324 4326 2343 4360 ι
2378 4307 2550 4361 Θυσία
2577 4308 2634 4361 δὲ
2663 4307 2739 4379 τῷ
2767 4307 2885 4379 Θεῷ
2931 4307 3149 4378 πνεῦμα
3183 4306 3653 4378 συντετριμμένον
3690 4324 3712 4360 ι

449 4392 787 4449 subobscure
845 4392 1205 4464 signiﬁcans:
1241 4393 1389 4464 quod
1447 4408 1580 4449 sane
1635 4394 1780 4464 apud
1834 4409 2027 4451 omnes

2140 4398 2377 4469 εἴρηται·
2424 4417 2442 4451 ι
2476 4400 2702 4469 καρδίαν
2744 4398 2877 4467 γοῦν
2916 4398 3383 4472 συντετριμμένην
3415 4398 3515 4451 καὶ
3544 4414 3715 4453 τετα-

447 4495 638 4556 gentes
678 4486 734 4540 in
770 4486 1027 4557 praesenti
1070 4493 1316 4557 tempore
1362 4488 1650 4557 perspicue
1695 4486 2023 4544 celebratur.

2140 4487 2470 4559 πεινωμένην
2514 4491 2543 4541 ὁ
2569 4488 2704 4552 Θεὸς
2734 4489 2835 4543 οὐκ
2879 4488 3247 4556 ὲξουδενώσει.
3293 4508 3312 4540 ι
3345 4490 3456 4543 Καὶ
3498 4488 3565 4560 δὴ
3616 4490 3717 4545 καὶ

447 4577 620 4633 Porro
647 4578 746 4634 has
772 4594 964 4635 rursus
1000 4580 1353 4649 incorporeas
1376 4579 1842 4649 intelligentiaque
1881 4594 2026 4651 prae-

2140 4579 2413 4652 θυμιῶμεν
2456 4579 2516 4634 τὸ
2559 4569 2892 4653 προφητικὸν
2935 4579 3207 4652 θυμίαμα,
3257 4581 3318 4634 ἐν
3350 4581 3515 4633 παντὶ
3557 4580 3719 4652 τόπῳ

445 4669 593 4726 ditas
622 4670 830 4726 hostias
865 4672 1183 4741 prOphetica
1211 4671 1471 4726 nuntiant
1494 4673 1741 4737 oracula,
1774 4671 1856 4727 sic
1886 4687 2024 4743 quo—

2140 4652 2588 4747 προσκομίζοντες
2608 4652 2767 4743 αὐτῷ
2797 4672 2887 4725 τὸν
2928 4670 3101 4743 εὐώδη
3144 4671 3357 4744 καρπὸν
3395 4672 3498 4742 τῆς
3528 4689 3715 4726 πανα-

446 4762 573 4817 dam
606 4763 724 4816 loco
752 4762 1048 4817 habentia:
1090 4783 1108 4815 ι
1144 4762 1369 4818 lmmola
1396 4761 1508 4818 Deo
1542 4763 1874 4819 sacriﬁcium
1906 4765 2025 4820 lau-

2140 4770 2287 4840 ρέτου
2326 4765 2624 4835 θεολογίας,
2662 4765 2751 4818 διὰ
2796 4763 2905 4818 τῶν
2941 4764 3078 4837 πρὸς
3099 4764 3262 4819 αὐτὸν
3293 4763 3470 4835 εὐχῶν
3498 4764 3713 4836 ἀναφέ-

446 4853 554 4911 dis.
578 4860 632 4908 et
672 4853 838 4908 redde
880 4854 1161 4910 Altissimo
1191 4862 1317 4909 vota
1361 4866 1473 4920 tua,
1505 4863 1559 4910 et
1599 4857 1792 4912 invoca
1837 4873 1923 4912 me
1965 4857 2023 4913 in

2140 4875 2335 4929 ροντες.
2371 4856 2541 4911 Τοῦτό
2577 4873 2660 4910 τοι
2702 4855 2794 4911 καὶ
2837 4855 2993 4921 ἄλλος
3040 4855 3282 4909 διδάσκει
3320 4856 3638 4927 προφήτης,
3681 4859 3715 4911 6

444 4944 536 5001 die
590 4945 981 5011 tribulationis,
1042 4953 1101 5001 et
1165 4962 1354 5002 eruam
1422 4955 1508 5014 te,
1582 4957 1640 5004 et
1688 4947 2023 5019 gloriﬁcabis

2140 4949 2331 5020 φήσας·
2361 4967 2380 5000 ‹
2405 4947 2695 5019 Γενηθήτω
2715 4945 3040 5018 ήπροσευχή
3071 4962 3177 5016 μου¹
3200 4945 3276 5008 ὡς
3302 4945 3556 5016 θυμίαμα
3579 4944 3714 5001 ἑνώ-

444 5052 535 5092 me
548 5038 615 5094 ³⁵.
657 5057 677 5091 ι
712 5038 779 5092 Ει
801 5054 1030 5095 rursus:
1059 5058 1079 5091 ι
1115 5039 1359 5096 Elevatio
1384 5056 1646 5097 manuum
1675 5057 1918 5096 mearum
1937 5057 2027 5098 sa-

2140 5040 2248 5095 τιόν
2279 5056 2394 5093 σου.
2435 5058 2454 5093 ι
2486 5036 2695 5093 Οὐκοῦν
2722 5038 2818 5091 καὶ
2845 5036 3066 5108 θύομεν,
3096 5037 3189 5091 καὶ
3221 5035 3509 5108 θυμιῶμεν
3529 5054 3542 5067 ·
3581 5038 3714 5093 τοτὲ

444 5127 711 5182 oriﬁcium
739 5131 1106 5198 vespertinum
1120 5130 1185 5183 ³⁷.
1221 5149 1242 5182 ›
1269 5130 1402 5185 Item
1429 5131 1594 5186 alibi:
1631 5150 1651 5184 ‹
1684 5129 2026 5185 Sacriﬁcium

2140 5133 2225 5199 μὲν
2252 5131 2351 5203 τὴν
2378 5133 2597 5204 μνήμην
2624 5129 2717 5185 τοῦ
2747 5129 2983 5202 μεγάλου
3008 5129 3266 5199 θύματος,
3301 5126 3445 5182 κατὰ
3463 5127 3539 5181 τὰ
3567 5127 3713 5201 πρδς

445 5216 578 5286 Deo,
609 5220 834 5289 spiritus
858 5221 1204 5276 contritus“.
1229 5242 1248 5274 ι
1275 5220 1402 5277 Hrec
1417 5222 1582 5294 igitur
1597 5223 1936 5294 omniaquae
1955 5222 2025 5278 ab

2140 5223 2285 5277 ιύτοῦ
2313 5222 2686 5295 παραδοθέντα
2720 5222 2996 5294 μυστήρια
3036 5218 3431 5284 ἐπιτελοῦντες,
3471 5220 3571 5273 καὶ
3609 5220 3713 5288 τὴν

445 5309 601 5364 initio
626 5311 887 5368 divinitus
918 5312 1178 5382 praedicta
1214 5320 1367 5382 sunt,
1395 5314 1452 5368 in
1491 5314 1747 5385 praesenti
1779 5322 2025 5383 tempore

2140 5314 2264 5386 ὅπερ
2293 5313 2567 5386 σωτηρίας
2590 5314 2746 5385 ήμῶν
2775 5313 3124 5384 εὐχαριστίαν
3151 5312 3218 5365 δι’
3242 5309 3482 5364 εὐσεϐῶν
3515 5309 3713 5382 ὓμνων

441 5417 540 5473 per
578 5403 944 5473 evangelicam
987 5403 1290 5461 Salvatoris
1336 5406 1512 5462 nostri
1564 5406 1872 5462 doctrinam
1903 5404 2016 5477 40

2140 5424 2178 5460 τε
2212 5407 2306 5461 καὶ
2343 5406 2519 5477 εὐχῶν
2545 5406 2623 5479 τῷ
2661 5405 2781 5477 Θεῷ
2815 5403 3294 5477 προσκομίζοντεςο
3329 5401 3451 5456 τοτὲ
3473 5401 3532 5455 δὲ
3561 5403 3711 5472 σφᾶς

441 5496 514 5551 ab
544 5496 798 5553 omnibus
829 5496 1084 5568 gentibus
1112 5498 1481 5564 celebrantur,
1528 5498 1857 5570 prophetica;
1889 5499 2012 5555 voci

2140 5500 2318 5563 ιύτοὺς
2348 5500 2546 5571 ὅλῳῌ)
2566 5498 2948 5570 καθιεροῦντες
2977 5496 3146 5568 αὐτῷ,
3176 5497 3269 5550 καὶ
3287 5493 3439 5566 τῷγε
3454 5495 3712 5566 ἀρχιερεῖ

513 5589 561 5665 ’ξ
582 5588 730 5665 Psal.
771 5607 972 5655 χχιιι,
1006 5593 1125 5650 2-4.
1203 5594 1271 5665 ³¹γ
1298 5591 1436 5649 Ibid.
1469 5593 1586 5649 7-9.
1665 5595 1709 5626 ³²
1741 5594 1879 5649 Ibid.
1917 5597 2003 5650 I0.

2157 5594 2302 5651 Psal.
2364 5611 2505 5665 xm,
2540 5595 2594 5652 5.
2724 5597 2769 5628 ³⁸
2808 5592 2910 5650 lsa.
2952 5611 3085 5663 xxv,
3116 5594 3167 5648 I.
3273 5593 3318 5625 ³⁸
3366 5589 3527 5647 Ibid-
3581 5590 3707 5649 6,7.

442 5659 487 5692 "‘
528 5660 673 5716 Psal.
715 5678 881 5728 χιιι,
919 5665 1102 5740 Μ,15.
1146 5666 1223 5698 ⁸³⁷
1254 5664 1400 5721 Psal.
1440 5679 1564 5728 cxn,
1605 5665 1660 5718 2.
1735 5666 1781 5698 ³⁸
1805 5665 1950 5719 Psal.
1979 5682 2032 5729 ι..
2065 5664 2119 5719 9.

515 5757 595 5827 (I)
617 5754 781 5814 Forte
815 5759 1097 5829 legendum
1135 5758 1289 5822 ὅλους
1311 5760 1393 5815 vel
1423 5758 1578 5824 ὅλως.
1611 5757 1767 5814 Enn.
1810 5758 2050 5814 ΡΑτιιοι..

2136 3491 2308 3559 φωνῇ,
2330 3483 2496 3559 δι’ἦς,
2531 3487 2631 3551 τὰς
2657 3487 2799 3542 κατὰ
2822 3487 3059 3542 Μωῦσέα
3089 3485 3277 3551 θυσίας
3297 3487 3326 3540 ὁ
3355 3486 3489 3550 Θεὸς
3517 3503 3723 3558 παραι-

2133 3579 2458 3651 τησάμενος,
2484 3579 2546 3633 τὸ
2586 3579 2778 3650 μέλλον
2816 3577 3036 3632 ἔσεσθαι
3060 3577 3183 3633 καθ’
3221 3579 3369 3649 ἡμᾶς
3395 3579 3597 3642 αὐτοὺς
3630 3577 3725 3631 θε-
