3842 6218
121 320 179 380 97
1036 307 1690 372 DEMONSTRATIONIS
1726 306 2187 366 EVANGELICE
2227 307 2355 367 LIB.
2381 308 2444 363 II.
3308 313 3384 370 98

125 441 360 510 μετεῖναι
385 435 604 507 ἔφασαν
631 433 741 493 τῶν
773 436 902 508 παρ’
931 435 1116 499 αὐτοῖς
1149 433 1514 506 ἀναγράπτων
1536 435 1680 501 ἐπαγ

1808 427 2011 485 fellam.
2047 427 2317 495 Quoniam
2366 426 2534 498 igitur
2567 425 2749 483 dicere
2777 426 2976 492 solent,
3012 442 3200 483 earum
3247 444 3378 498 pro-

118 531 349 600 γελιῶνο
401 529 582 584 αὐτῶν
612 529 722 601 γὰρ
764 529 860 583 κα).
898 529 1025 591 τοὺς
1067 529 1349 600 προφήτας
1393 525 1698 596 γεγονέναι,

117 621 298 686 αὐτοῖς
330 621 429 676 καὶ
471 620 727 694 Χριστὸν,
757 618 815 672 ὃν
845 618 910 689 δὴ
952 618 1104 688 φίλον
1146 617 1440 672 ἀποκαλεῖν
1469 616 1701 686 Σωτῆρα

115 715 204 768 καὶ
232 713 516 786 λυτρωτὴν
547 709 908 784 κηρύττεσθαι
929 727 942 740 ’
979 711 1160 774 αὐτοῖς
1189 710 1281 763 καὶ
1325 709 1425 772 τὰς
1456 708 1698 779 ἀναγρά-

115 819 278 867 πτους
321 802 642 872 ὑποσχέσεις
683 799 986 872 προσδοκᾷν
1035 798 1503 870 ἀποδοθήσεσθαι·
1548 797 1700 868 ἡμᾶς

103 893 165 948 ’δέ
191 893 483 965 περιττοὺς
508 891 713 946 τούτων
746 890 1038 962 ὑπάρχειν,
1072 884 1160 944 οἶα
1189 889 1248 942 τὸ
1279 889 1438 958 γένος
1467 885 1700 955 ἀλλοφύ-

112 983 232 1048 λους
252 985 440 1048 ὄντας,
477 978 559 1048 οἷς
589 983 658 1036 τά
687 983 932 1054 χείριστα
975 981 1062 1036 διὰ
1104 979 1297 1035 πασῶν
1324 980 1433 1033 τῶν
1482 995 1698 1050 προφηο

109 1076 268 1132 τειῶν
296 1074 668 1140 θεσπίξεσθαι.
698 1074 841 1146 Πρὸς
883 1074 949 1144 δὴ
981 1069 1073 1126 οὖν
1103 1071 1296 1136 ταῦτα,
1325 1071 1479 1143 φέρε,
1515 1069 1572 1136 ἐξ
1603 1069 1700 1122 αύ-

105 1168 213 1224 τῶν
253 1167 369 1221 τῶν
399 1170 530 1239 παρ’
560 1168 740 1230 αὐτοῖς
771 1163 1125 1236 προφητικῶν
1175 1163 1371 1234 βίϐλων
1419 1163 1518 1234 τὴν
1562 1161 1699 1232 πρὸς

104 1262 308 1325 αὐτοὺς
336 1262 639 1330 ἀπάντησιν
689 1257 1064 1330 ποιησώμεθα.
1102 1257 1174 1310 Τὸ
1237 1257 1334 1328 μὲν
1378 1253 1472 1310 οῦν
1515 1257 1698 1318 αὐτοῖς

110 1350 451 1421 ἐπηγγέλθαι
477 1349 568 1403 τὸν
592 1346 829 1418 Χριστὸν
856 1345 951 1400 τοῦ
971 1345 1130 1410 Θεοῦ,
1161 1346 1256 1398 καὶ
1282 1346 1380 1414 τὴν
1409 1343 1589 1412 ἄφιξιν
1610 1344 1698 1396 αύ-

109 1441 198 1496 τοῦ
240 1441 516 1514 λύτρωσιν
549 1441 629 1512 τῷ
671 1439 887 1510 Ἰσραὴλ
936 1437 1244 1510 κηρύττειν,
1285 1437 1391 1491 οὐδ’
1420 1435 1485 1490 ἂν
1536 1438 1698 1507 ἡμεῖς

106 1531 369 1604 ἀρνηθείη
377 1548 494 1602 μεν,
516 1529 959 1601 ὁμολογουμένως
978 1526 1064 1580 διὰ
1081 1528 1258 1598 πάσης
1283 1526 1460 1581 αὐτῶν
1474 1525 1697 1597 Γραφῆς

107 1623 390 1696 προδήλως
415 1623 604 1676 τούτου
623 1621 1026 1693 παρισταμένου
1042 1637 1054 1650 ’
1071 1619 1163 1672 τοῦ
1183 1635 1245 1688 γε
1265 1619 1368 1689 μὴν
1386 1617 1695 1672 ἀποκλείειν

106 1717 170 1769 τὰ
183 1715 316 1786 ἔθνη
356 1715 464 1767 τῶν
485 1714 578 1766 ἐπὶ
603 1713 682 1784 τῷ
713 1711 933 1784 Χριστῷ
965 1709 1424 1782 προσδοκωμένων
1453 1707 1692 1776 ἀγαθῶν,

1803 521 2153 586 missionum,
2190 535 2312 591 qua:
2343 521 2398 574 in
2429 521 2546 576 suis
2576 521 2822 591 ipsorum
2853 520 3010 576 libris
3057 527 3243 592 aperte
3276 522 3377 576 de-

1803 614 2019 685 scriptae
2050 613 2340 680 habemur,
2370 613 2524 666 nullo
2548 611 2709 667 modo
2739 628 2838 667 nos
2878 627 2999 668 esse
3025 613 3329 683 participes
3361 633 3374 668 :

1801 719 1934 760 suos
1989 705 2133 760 enim
2182 704 2354 760 fuisse
2401 705 2719 776 prophetas,
2773 704 2877 760 sibi
2931 703 3064 774 ipsis
3093 704 3376 760 Christum

1801 797 2066 862 nuntiari,
2103 812 2264 866 quem
2299 797 2532 851 libenter
2564 804 2618 851 et
2649 796 2990 850 Salvatorem
3035 804 3090 851 et
3139 794 3376 850 Redem-

1801 897 2012 961 ptorem
2039 895 2236 943 vocant
2265 908 2278 942 :
2313 888 2416 944 sibi
2446 887 2583 959 ipsis
2614 888 3012 958 promissiones
3058 887 3202 950 i-Ilas,
3233 902 3376 958 quas

1802 987 1988 1048 aperte
2046 977 2352 1047 descriptas
2405 978 2624 1044 habent,
2673 977 3007 1033 exhibendas
3057 985 3218 1048 atque
3253 976 3378 1032 red-

1803 1069 2012 1125 dendas
2027 1068 2330 1139 exspectari
2351 1086 2363 1123 :
2385 1084 2485 1124 nos
2505 1079 2684 1124 autem
2704 1069 2854 1138 justo
2877 1069 3121 1139 ipsorum
3144 1083 3377 1123 numero

1801 1175 2238 1230 supervacaneos
2268 1163 2548 1226 accedere,
2589 1169 2776 1232 utpote
2819 1162 2910 1230 qui
2954 1176 3151 1231 genere
3201 1161 3377 1215 simus

1799 1251 2040 1316 diverso,
2091 1262 2146 1307 et
2181 1253 2382 1321 quibus
2437 1254 2596 1324 quasi
2655 1263 2916 1316 externis,
2973 1254 3266 1308 deterrima
3317 1257 3375 1308 in

1799 1345 2055 1399 omnibus
2087 1344 2390 1413 prophetiis
2423 1359 2687 1414 responsa
2730 1347 2840 1399 sint
2899 1364 2913 1400 :
2955 1345 3067 1415 jam
3103 1362 3252 1401 nunc
3287 1347 3374 1402 bis

1798 1436 2014 1491 obviam
2049 1451 2112 1491 ex
2141 1436 2383 1506 ipsorum
2419 1437 2752 1508 propheticis
2782 1438 2938 1493 libris
2974 1455 3186 1495 eamus.
3215 1439 3374 1505 Quod

1799 1526 1964 1597 igitur
1999 1528 2142 1597 apud
2179 1528 2299 1584 illos
2343 1529 2674 1597 promissum
2710 1537 2910 1595 exstet,
2935 1528 3214 1584 Christum
3249 1530 3369 1596 Dei,

1796 1617 2026 1688 ejusque
2079 1619 2370 1674 adventum
2419 1619 2850 1691 redemptionem
2895 1619 3062 1676 Israel
3093 1623 3368 1687 nuntiare,

1796 1711 2090 1767 inﬁciaturi
2123 1729 2190 1768 ne
2226 1729 2327 1770 nos
2351 1714 2570 1784 quidem
2607 1731 2799 1771 sumus
2827 1735 2841 1770 :
2873 1717 3073 1786 quippe
3101 1732 3224 1771 cum
3244 1716 3371 1773 abs—

99 1807 249 1862 ὡσάν
277 1780 428 1879 μόνῳ
457 1805 533 1877 τῷ
563 1780 801 1877 Ἰσραὴλ,
823 1780 943 1873 οὐχὶ
957 1780 1020 1855 δέ
1045 1802 1139 1854 καὶ
1164 1803 1274 1864 τοῖς
1290 1801 1494 1853 ἔθνεσιν
1519 1801 1680 1870 ἐπηγ-

1796 1818 1905 1873 que
1938 1805 2314 1859 controversia
2376 1805 2432 1859 in
2477 1808 2733 1862 omnibus
2763 1808 2980 1863 illorum
3009 1809 3232 1878 scriptis
3266 1809 3372 1864 hoc

104 1897 405 1968 γελμένων,
427 1896 608 1949 οὐκέτι
634 1896 836 1949 δίκαιον
865 1894 1047 1954 αὐτοῖς
1083 1892 1402 1962 συγχωρεῖν,
1423 1889 1572 1961 παρὰ
1593 1888 1688 1960 τὴν

103 1990 209 2042 τῶν
234 1989 401 2042 θείων
430 1988 663 2060 Γραφῶν
690 1987 848 2040 τοῦτο
876 1986 1141 2054 φάσκουσι
1174 1983 1496 2054 μαρτυρίαν.

1798 1894 1973 1962 palam
2032 1895 2264 1948 inveniri
2306 1905 2521 1951 constet
2564 1915 2576 1951 :
2632 1905 2692 1950 ut
2733 1905 2914 1952 autem
2958 1906 3146 1968 gentes
3176 1899 3246 1954 ab
3277 1899 3366 1963 iis,

1797 2001 1920 2056 qua:
1968 1986 2024 2040 in
2076 1986 2298 2042 Christo
2343 1997 2736 2058 exspectantur
2793 1991 2974 2054 bonis,
3023 1991 3366 2046 excludant:

104 2082 263 2152 quasi
290 2080 362 2134 ab
401 2081 471 2135 iis
501 2094 625 2150 quae
664 2079 757 2133 uni
783 2077 972 2140 Israel,
1003 2091 1111 2130 non
1139 2083 1318 2129 autem
1349 2075 1513 2128 etiam
1548 2074 1802 2145 gentibus
1864 2079 2136 2149 promissa
2181 2081 2314 2143 sint,
2381 2095 2490 2134 non
2553 2082 2680 2135 item
2734 2096 2890 2152 aeque
2938 2081 3196 2152 justeque
3258 2083 3370 2140 illis

101 2182 187 2229 est
213 2171 627 2228 concedendum
679 2189 696 2226 τ

631 2260 1029 2316 ΚΕΦΑΛΑΙΟΝ
1067 2260 1144 2313 A’.

109 2356 304 2422 ὀπως
333 2355 406 2410 τὰ
437 2357 807 2425 χρηστότερα
847 2351 977 2418 ,περὶ
1001 2349 1166 2425 ἡμῶν
1191 2347 1694 2425 τῶν-ἀλλοφύίίων

185 2418 377 2480 ἐθγῖῶν
421 2418 826 2493 προλαϐόντες
875 2425 927 2475 ol
971 2418 1107 2488 παρ’
1149 2418 1353 2486 αὐτοῖς
1398 2418 1691 2489 προφῆται

182 2496 530 2564 ἐκήρυττον.

171 2588 396 2661 Πρῶτον
418 2583 533 2650 οὖν,
562 2585 856 2657 ἐπειδήπερ
885 2582 1038 2636 αὐτοὶ¹
1057 2582 1156 2644 τὰς
1185 2582 1326 2652 ὑπὲρ
1344 2581 1523 2635 αὐτῶν
1551 2599 1688 2653 χρη-

101 2680 366 2752 στοτέρας
393 2677 575 2748 φωνὰς
601 2675 956 2744 ἀναλέγεσθαι
981 2673 1222 2737 εἰώθασι,
1249 2675 1343 2726 καὶ⁵
1367 2673 1571 2737 ταύτας
1595 2674 1682 2728 διά

101 2770 376 2844 στόματος
425 2767 928 2840 ἀπομνημονεύειν,
988 2764 1447 2836 ἀντιπαραθῶμεν
1501 2766 1682 2829 αὐτοῖς

95 2863 200 2926 τὰς
224 2861 356 2934 περὶ
383 2860 493 2914 τῶν
531 2858 702 2912 ἐθνῶν
730 2857 790 2922 ἐξ
818 2856 996 2910 αὐτῶν
1023 2856 1134 2908 τῶν
1168 2854 1512 2930 προφητειῶν
1546 2856 1683 2908 ἀπο-

95 2952 315 3016 δείξεις,
346 2947 720 3022 παριστῶσας,
739 2947 814 3012 ὡς
844 2947 950 3020 ἀρα
981 2946 1172 3018 μυρίαι
1201 2948 1322 3000 ὅσαι
1349 2947 1682 3017 προρρήσεις

100 3041 281 3109 ἀγαθά
305 3035 418 3089 ’καὶ
439 3039 682 3111 σωτήρια
714 3039 844 3092 πᾶσι
874 3040 989 3101 τοῖς
1023 3035 1229 3090 ἔθνεσιν
1259 3035 1563 3101 ἐθέσπιζον,
1587 3036 1681 3088 καὶ

100 3133 178 3196 ὡς
202 3131 308 3185 οὐδ’
341 3132 520 3194 ἄλλως
569 3130 804 3198 ἔφασκον
848 3127 1368 3200 ἀποτελεσθήσεσθαι
1399 3129 1466 3181 τὰ
1512 3129 1685 3199 ἐπηγ-

99 3221 338 3290 γελμένα
366 3221 480 3283 τοῖς
523 3218 731 3272 ἔθνεσιν
764 3219 796 3291 ἢ
835 3217 922 3270 διὰ
965 3217 1130 3288 μόνης
1178 3217 1276 3288 τῆς
1320 3216 1414 3269 τοῦ
1449 3215 1682 3289 Χριστοῦ

101 3312 428 3384 παρουσίας.
464 3313 766 3383 Στήσαντες
794 3309 852 3364 δέ
889 3309 1120 3362 ἐνταῦθα
1151 3310 1242 3363 τὸν
1284 3309 1460 3378 λόγον,
1487 3309 1682 3362 ἀποδε-

100 3402 339 3472 δειχότες
363 3401 431 3454 ἂν
453 3400 664 3471 εἴημεν,
692 3401 768 3464 ὡς
786 3401 848 3453 οὒ
880 3401 1078 3473 μᾶλλον
1103 3403 1325 3464 ἐκείνοις
1351 3401 1514 3470 φάναι
1545 3401 1683 3472 χρῆν

96 3496 133 3566 ἣ
159 3497 292 3565 ἡμῖν
318 3494 422 3566 τὴν
451 3495 545 3546 ἐπὶ
571 3494 661 3547 τὸν
682 3492 915 3563 Χριστὸν
940 3492 1034 3546 τοῦ
1063 3489 1200 3546 Θεοῦ
1226 3492 1551 3564 προσδοκίαν
1583 3495 1685 3564 ἀρ-

107 3586 340 3656 μόττειν.
403 3583 712 3655 ’ἰσορρόπου
762 3582 821 3635 δέ
863 3581 1136 3645 Ἰουδαίοις
1175 3582 1272 3634 καὶ
1319 3581 1543 3653 Ἕλλησι
1582 3582 1682 3652 τῆς

102 3675 208 3728 τῶν
239 3675 666 3746 ἐπηγγελμένων
709 3673 920 3737 ἐλπίδος
962 3673 1389 3744 ἀποδειχθείσης,
1434 3673 1508 3737 ὡς
1540 3672 1683 3726 κατά

97 3769 257 3823 τοῦτο
291 3768 462 3840 μηδὲν
506 3767 614 3820 τῶν
652 3769 716 3820 ἐκ
748 3767 1048 3838 περιτομῆς
1088 3765 1367 3820 λείπεσθαι
1408 3767 1532 3830 τοὺς
1571 3767 1682 3820 ἀπὸ

101 3861 205 3915 τῶν
229 3860 404 3914 ἐθνῶν
425 3858 516 3912 διὰ
539 3857 772 3930 Χριστοῦ
809 3857 1242 3928 σωθησομένους,
1264 3858 1329 3910 ἐκ
1363 3856 1679 3927 περιουσίας

103 3952 228 4023 ἐξῆς
261 3951 577 4022 ἐλέγξομεν,
614 3951 689 4013 ὡς
724 3949 818 4003 ἐπὶ
844 3947 939 4002 τοῦ
982 3948 1220 4021 Χριστοῦ
1257 3949 1548 4021 παρουσίᾳ,
1582 3947 1678 4002 κοιλ⁵

101 4047 164 4114 τῇ
193 4043 301 4097 τῶν
330 4043 501 4095 ἐθνῶν
543 4041 754 4112 κλήσει,
780 4041 1095 4095 ἀπόπτωσιν
1133 4041 1369 4113 παντελῆ
1403 4042 1496 4094 καὶ
1543 4041 1678 4094 ἀπο-

103 4137 259 4208 εολὴν
287 4135 384 4190 τοῦ
421 4137 618 4198 παντὸς
659 4133 924 4189 Ἰουδαίων
961 4135 1146 4199 ἐθνους
1175 4135 1246 4188 τὰ
1272 4135 1390 4188 θεῖα
1436 4151 1677 4205 προανα-

101 4232 266 4298 φωνεῖ
305 4229 484 4297 λόγια,
517 4228 742 4298 βραχέσι
769 4228 948 4299 μόνοις
989 4226 1169 4281 αὐτῶν
1205 4229 1299 4280 καὶ
1342 4225 1559 4298 ἀριθμῷ
1585 4225 1679 4297 λη-

99 4323 250 4384 πτοϊς
282 4321 351 4373 τά
395 4320 735 4392 χρηστότερα
774 4320 1117 4384 θεσπίζοντα,
1161 4319 1256 4372 καὶ
1296 4318 1373 4381 ὡς
1411 4317 1677 4372 ἁλώσεται

749 2178 934 2240 utpote
963 2183 1086 2223 cum
1118 2167 1222 2222 hoc
1253 2168 1330 2221 illi
1361 2177 1558 2238 praeter
1591 2168 1902 2225 divinorum
1929 2171 2193 2226 librorum
2218 2173 2598 2227 auctoritatem
2628 2172 2858 2240 jartent.

2353 2264 2465 2337 (.4
2496 2262 2725 2318 CAPUT
2761 2261 2802 2320 1.

1794 2350 2250 2425 Quemadmodum
2296 2354 2519 2408 meliora
2567 2352 2630 2406 de
2674 2353 2822 2408 nobis
2857 2356 3086 2407 externis
3126 2354 3366 2425 gentibus

1891 2420 2170 2492 Propheta
2195 2425 2412 2478 illorum
2437 2433 2560 2478 ante
2585 2425 2841 2477 venientes
2871 2420 3266 2479 nuntiaverunt.

1860 2577 2107 2633 Primum
2158 2580 2344 2650 igitur,
2397 2581 2657 2652 quoniam
2704 2598 2803 2653 pro
2854 2581 3052 2653 seipsis
3109 2584 3366 2638 meliores

1787 2671 2256 2742 Optabilioresque
2284 2688 2444 2728 voces
2465 2675 2725 2742 colligere
2753 2675 2952 2738 solent,
2989 2682 3043 2730 et
3071 2690 3166 2730 eas
3220 2675 3365 2730 assi-

1788 2764 1897 2820 due
1925 2766 2230 2836 crebroque
2282 2766 2514 2835 jactare,
2549 2769 2701 2822 hisce
2724 2783 3070 2838 oppnnamus
3097 2785 3214 2832 eas,
3244 2787 3365 2842 quae

1787 2856 1845 2911 in
1879 2857 2096 2911 illorum
2129 2859 2431 2927 prophetiis
2464 2867 2681 2914 exstant
2727 2859 2795 2914 de
2834 2861 3086 2930 gentibus
3134 2862 3362 2918 demon-

1784 2952 2102 3012 strationes,
2163 2966 2284 3020 qua:
2342 2952 2518 3020 palam
2569 2960 2904 3022 proponunt,
2941 2954 3362 3010 innumerabilia

1785 3058 1906 3099 esse
1924 3043 2204 3106 vaticinia,
2229 3043 2429 3112 quibus
2456 3044 2597 3098 bona
2617 3056 2670 3099 et
2704 3045 2965 3099 salutaria
2995 3047 3210 3100 cunctis
3230 3063 3358 3117 gen-

1785 3135 1934 3191 tibus
1964 3134 2148 3189 Iutura
2193 3135 2570 3190 nuntientur:
2619 3151 2719 3190 nec
2766 3137 2924 3191 aliter
2969 3136 3224 3192 dicantur
3273 3153 3362 3205 ea,

1783 3243 1905 3298 quae
1935 3226 2188 3296 gentibus
2229 3227 2499 3295 promissa
2546 3236 2695 3292 sunt,
2745 3227 2953 3281 exitum
2997 3243 3141 3293 esse,
3193 3243 3361 3299 quam

1783 3335 1881 3389 per
1909 3335 2078 3373 unum
2124 3317 2326 3373 Christi
2357 3319 2650 3374 adventum
2688 3319 2962 3374 habitura.
3010 3319 3183 3387 Quem
3236 3321 3362 3392 qui-

1783 3410 1904 3465 dem
1963 3410 2142 3466 locum
2196 3410 2288 3465 ubi
2345 3410 2578 3465 dicendo
2617 3411 3040 3475 absolverimus,
3078 3422 3191 3466 tum
3223 3414 3359 3468 illud

1783 3500 1942 3555 nobis
1972 3498 2463 3554 demonstrandum
2503 3500 2628 3564 erit,
2663 3515 2771 3554 non
2801 3502 2912 3556 illis
2945 3503 3141 3572 magis,
3170 3504 3358 3558 dicen-

1783 3591 1910 3646 dum
1940 3607 2084 3656 esse,
2109 3591 2578 3662 exspectationem
2629 3591 2838 3648 Christi
2891 3593 2984 3648 Dei
3039 3595 3356 3659 convenire,

1781 3697 1946 3753 quam
1997 3683 2181 3738 nobis.
2230 3681 2332 3738 Ubi
2378 3699 2507 3738 vero
2558 3699 2683 3753 spes
2737 3685 3157 3754 promissorum,
3211 3689 3358 3757 paris

1781 3775 2042 3829 momenti
2071 3780 2126 3830 et
2153 3774 2358 3829 Iudaeis
2389 3782 2444 3829 et
2474 3773 2680 3830 Graecis
2710 3784 2934 3831 ostensa
2973 3777 3160 3842 fuerit,
3191 3780 3359 3850 quod-

1779 3881 1887 3936 que
1916 3867 1971 3920 in
2015 3867 2140 3930 hoc,
2175 3867 2242 3920 iis
2288 3871 2385 3936 qui
2434 3882 2502 3921 ex
2553 3866 2992 3924 Circumcisione
3037 3871 3355 3926 assumendi

1780 3957 1910 4020 sint,
1945 3957 2082 4011 nihil
2113 3958 2149 4011 ii
2181 3959 2276 4028 qui
2311 3973 2376 4013 ex
2418 3957 2673 4028 gentibus
2719 3960 2950 4013 salutem
3007 3971 3352 4032 aspectant,

1779 4047 1891 4102 sint
1928 4050 2248 4103 concessuri
2283 4068 2296 4104 :
2332 4056 2444 4103 tum
2491 4051 2547 4104 in
2598 4051 2686 4114 iis,
2733 4067 2854 4121 quae
2884 4063 3182 4122 sequentur
3223 4055 3356 4110 ube-

1777 4139 1916 4205 rius,
1949 4147 2004 4195 et
2032 4142 2190 4209 quasi
2219 4142 2375 4210 copia
2413 4143 2649 4213 quadam
2680 4144 2920 4214 provecti
2949 4146 3353 4201 demonstrabi-

1777 4248 1920 4297 mus,
1943 4233 2401 4304 quemadmodum
2433 4234 2488 4288 in
2527 4236 2760 4290 adventu
2813 4236 3040 4301 Christi,
3087 4240 3354 4308 gentium-

1777 4337 1884 4392 que
1931 4324 2240 4389 vocatione,
2293 4339 2549 4380 casuram
2620 4326 2837 4395 penitus
2876 4335 3158 4396 totamque
3212 4327 3353 4398 abji-

99 4413 280 4466 αὐτῶν
301 4415 336 4484 ή
364 4413 519 4475 πόλις
547 4411 695 4482 αὐτῷ
718 4411 877 4484 ἱερῷο
908 4413 1084 4466 πάντα
1109 4427 1168 4463 τε
1197 4411 1266 4464 τὰ
1296 4412 1470 4482 σεμνά
1492 4409 1678 4463 καθαι-

1786 4415 2024 4471 ciendam
2045 4431 2167 4471 esse
2182 4414 2495 4470 Iudaeorum
2520 4418 2818 4478 nationem,
2841 4416 3026 4470 divina
3046 4418 3352 4487 praedicunt

99 4505 428 4577 ρεθήσεσθαι
467 4504 745 4576 δηλοῦντα,
784 4503 820 4558 ἀ
853 4505 946 4558 καὶ
988 4503 1169 4574 ἔργοις
1211 4503 1418 4574 πέφηνε
1446 4500 1678 4573 δεδηλω-

97 4598 258 4667 μένα.
287 4597 414 4660 Πῶς
450 4597 494 4650 δ’
525 4597 613 4666 ὑφ’
645 4597 703 4650 ἓν
736 4597 828 4650 καὶ
870 4595 1015 4650 κατὰ
1045 4594 1107 4649 τὸ
1150 4595 1280 4648 αὐτὸ
1314 4595 1406 4648 ἐπὶ
1437 4595 1537 4666 τῆς
1581 4593 1674 4647 τοῦ

93 4689 335 4762 Χριστοῦ
365 4689 666 4760 παρουσίας
692 4689 959 4761 λύτρωσιν
993 4686 1177 4742 κακῶν
1201 4686 1279 4757 τῷ
1317 4686 1552 4758 Ἰσραὴλ,
1583 4685 1674 4739 καὶ

92 4785 318 4854 ἀγαθῶν
346 4783 664 4846 ἀπόλαυσιν,
692 4783 926 4853 ἔμπαλίν
950 4799 1009 4836 τε
1037 4781 1288 4853 στέρησιν
1316 4780 1555 4849 ἀγαθῶν,
1579 4781 1676 4835 καὶ

91 4876 417 4930 ἀπόπτωσιν
459 4875 559 4945 τῆς
605 4874 700 4928 τοῦ
733 4873 868 4928 Θεοῦ
918 4871 1198 4936 εὐσεϐείας
1233 4873 1578 4938 θεσπίζουσιν
1623 4874 1672 4926 οἱ

91 4969 232 5038 ἱεροὶ
257 4969 431 5036 λόγοι,
457 4968 597 5021 κατά
627 4967 718 5021 τὸν
761 4968 1104 5042 προσήκοντα
1137 4965 1328 5038 καιρὸν
1369 4965 1673 5038 διευκρινή-

93 5074 284 5129 σομεν.
323 5057 475 5122 Τέως
510 5057 566 5111 δέ
589 5059 832 5127 ἐπίωμεν
877 5058 971 5110 ἐπὶ
995 5057 1058 5109 τὸ
1102 5057 1336 5129 πρῶτον,
1362 5057 1514 5126 ὀλίγα
1547 5057 1670 5112 τινὰ

91 5153 171 5214 εἰς
207 5149 488 5213 ἀπόδειξιν
520 5149 628 5203 τῶν
663 5149 966 5221 εἰρημένων
993 5148 1102 5202 ἀπὸ
1139 5149 1346 5220 μυρίων
1369 5149 1508 5202 ὅσων
1538 5165 1672 5220 προ-

90 5242 334 5315 φητειῶν
367 5241 774 5312 ἀναλεξάμενοι.
813 5243 965 5295 Ἐπεὶ
998 5241 1176 5294 τοίνυν
1203 5241 1354 5293 αὐτοὶ
1383 5241 1510 5312 περὶ
1545 5242 1672 5295 ἐαυ-

89 5335 198 5389 τῶν
262 5334 635 5406 χρηστοτέρας
696 5334 1034 5406 προφητείας
1089 5333 1485 5405 προϐάλλεσθαι
1537 5335 1670 5405 ἡμῖν

89 5424 352 5478 εἰώθασιν
370 5463 387 5488 ,
435 5423 585 5476 ὼσάν
635 5423 819 5487 αὐτοῖς
882 5424 1063 5493 μόνοις
1115 5423 1506 5495 ὑπεσχημένων
1559 5424 1669 5478 τῶν

90 5513 596 5588 προϋπηργμένων,
622 5514 741 5586 ὥρα
763 5516 857 5568 καὶ
888 5517 1036 5587 ἡμᾶς
1065 5517 1548 5587 ἀντιπαραγαγεῐν,
1573 5516 1669 5569 καὶ

87 5611 392 5664 ἀντιθεῖναι
421 5610 604 5672 αὐτοῖς
642 5608 740 5672 τάς
771 5609 898 5682 περὶ
941 5609 1050 5664 τῶν
1103 5609 1272 5664 ἐθνῶν
1314 5609 1664 5678 ἐπαγγελίας,

88 5695 190 5758 at
221 5719 342 5765 πως
373 5701 527 5772 παρά
561 5702 673 5764 τοῖς
698 5699 875 5755 αὐτῶν
906 5702 1211 5773 προφήταις
1233 5701 1558 5772 φερομένας.

1779 4511 2000 4566 oracula
2033 4529 2046 4566 :
2078 4519 2132 4565 et
2179 4510 2322 4580 quod
2355 4512 2546 4582 paucis
2575 4513 2840 4568 duntaxat
2874 4513 3143 4583 ipsorum,
3194 4525 3249 4570 et
3279 4515 3353 4570 Ia-

1777 4601 1882 4656 cile
1931 4601 2387 4666 numerabilibus,
2447 4604 2675 4658 meliora
2724 4604 2816 4657 illa
2849 4607 3203 4674 promittunt,
3236 4607 3354 4662 illo-

1775 4707 2008 4762 rumque
2058 4694 2249 4749 urbem
2307 4693 2642 4765 signiﬁcant,
2677 4709 2786 4748 una
2819 4711 2944 4750 cum
2990 4699 3194 4767 templo
3226 4714 3350 4754 esse

1775 4783 2118 4853 capiendam,
2181 4793 2492 4855 cunctaque
2535 4786 2628 4840 illa
2681 4789 3007 4842 severiorem
3059 4790 3347 4858 quemdam

1773 4875 2108 4944 postulantia
2135 4876 2366 4941 cultum,
2395 4876 2711 4933 auferenda.
2741 4877 2896 4943 Quod
2921 4879 3142 4949 quidem
3168 4881 3346 4950 ipsum

1769 4964 1883 5034 jam
1918 4966 2099 5036 reipsa
2124 4983 2251 5022 vere
2265 4967 2584 5037 praedictum
2609 4969 2779 5024 fuisse
2793 4979 3036 5040 apparet.
3061 4969 3348 5037 Quomodo

1773 5069 1906 5110 vero
1937 5071 2046 5110 una
2091 5057 2393 5128 eademque
2436 5059 2658 5112 ratione
2706 5059 2760 5112 in
2819 5060 2940 5128 ipso
2997 5060 3204 5115 Christi
3258 5063 3352 5117 ad-

1770 5155 1960 5210 ventu,
2005 5147 2382 5203 liberationem
2416 5164 2447 5202 a
2477 5150 2638 5206 malis
2682 5149 2789 5219 ipsi
2819 5149 3008 5216 Israel,
3041 5152 3346 5207 bonorum-

1770 5253 1879 5308 que
1933 5239 2361 5309 perceptionem,
2392 5247 2447 5295 et
2492 5256 2687 5297 rursus
2714 5241 2987 5296 bonorum
3037 5245 3344 5314 ademptio-

1769 5345 1918 5394 nem,
1971 5332 2296 5402 ruinamque
2342 5333 2622 5403 religionis
2668 5333 2932 5399 futuram,
2981 5332 3132 5389 Libri
3167 5333 3342 5388 sancti

1771 5421 2100 5493 signiﬁcent,
2155 5439 2254 5479 suo
2298 5433 2542 5495 tempore
2575 5426 2798 5495 planum
2850 5425 3133 5481 faciemus.
3187 5423 3344 5480 Nunc

1771 5522 1951 5570 autem
1996 5516 2063 5570 ad
2105 5518 2341 5587 primum
2380 5527 2740 5586 revertemur,
2795 5518 2843 5574 si
2887 5533 3064 5589 pauca
3093 5518 3342 5588 quaedam

1768 5619 1837 5660 ex
1888 5607 2380 5664 innumerabilibus
2423 5609 2750 5679 prophetiis,
2793 5609 2863 5664 ad
2913 5606 3341 5665 demonstranda

1768 5715 1854 5766 ea,
1885 5715 2006 5771 quae
2047 5699 2194 5756 dicta
2243 5711 2391 5769 sunt,
2441 5702 2842 5773 collegerimus.
2881 5701 3148 5767 Quoniam
3177 5700 3342 5770 igitur

90 5812 207 5867 eas,
244 5813 370 5874 quae
401 5797 660 5856 meliores
689 5795 958 5853 habentur
977 5796 1044 5854 de
1080 5795 1279 5869 seipsis
1307 5796 1647 5887 prophetias,
1683 5794 1845 5855 nobis
1861 5795 2078 5887 “solent
2111 5795 2373 5869 objicere,
2411 5805 2671 5869 tanquam
2702 5796 2762 5864 ii,
2791 5797 2884 5869 qui
2912 5811 2996 5863 ea,
3039 5809 3159 5866 qum
3181 5803 3340 5848 ante-
