3842 6218
429 295 500 352 99
1075 289 1348 348 ΒΗΞΕΒΙΙ
1385 289 1870 347 ΩᾹΞΞΑΗΙΕΝΞΙΞ
1905 289 2014 347 0P]

2126 291 2280 350 ’ARS
2318 290 2384 350 ῐι.
2412 320 2480 334 —
2519 290 3020 348 APOLOGETICA.

431 408 699 466 cesserint
718 407 981 464 beneﬁcia
1004 407 1107 463 soli
1136 409 1501 479 susceperint,
1527 416 1744 478 tempus
1763 410 1877 478 jam
1900 418 2006 474 est,
2036 417 2231 464 contra
2249 410 2374 466 illos
2392 410 2686 475 adducere,
2708 410 2924 479 illisque
2978 423 3355 480 opponereea,
3401 426 3527 481 quae
3552 410 3695 481 ipsis

430 516 651 572 quoque
677 500 935 570 gentibus
959 500 1231 570 promissa
1259 510 1412 566 sunt,
1436 516 1559 573 quae
1581 501 1838 557 videlicet
1861 501 2004 571 apud
2039 501 2331 573 prOphetas
2368 505 2613 574 ipsorum
2651 502 2922 559 feruntur.
2977 499 3092 556 Ποο
3122 511 3305 557 autem
3350 503 3431 557 sic
3468 502 3589 558 ὕοι.

431 635 597 710 451.
634 636 676 689 Λ
695 633 1433 721 {Iussu—Quemadmodum
1452 633 1817 721 benedicentur
1834 644 2009 703 gentes

2126 640 2191 693 Ν.
2239 638 2375 721 ςΑίτρ
2409 637 2546 719 τῆς-
2564 637 2888 721 Per-eaea)?
2935 638 3137 721 Γ-.⁹.Ως;
3171 638 3695 721 εὐλογηθήςονταέ

504 704 681 773 terra,
698 705 982 760 inmodum
1002 705 1228 759 similem
1252 705 1621 773 appellationis
1646 704 1937 759 Abraham.

507 902 761 973 Dixitque
793 870 1053 958 Dominus
1089 921 1104 959 :
1150 921 1170 955 ι
1219 900 1340 957 Non
1375 902 1566 958 celabo
1601 917 1705 973 ego
1739 892 2016 957 Abraham

433 1008 665 1066 puerum
715 1008 893 1048 meum
917 1032 933 1056 ,
965 1008 1086 1063 quae
1126 992 1349 1049 faciam.
1384 991 1479 1047 Est
1517 1003 1697 1047 autem
1741 976 2014 1047 Abraham

437 1080 659 1136 futurus
691 1081 747 1134 in
773 1089 989 1150 gentem
1022 1095 1271 1150 magnam
1312 1089 1367 1135 et
1414 1081 1663 1138 multam.
1702 1080 1768 1135 Et
1795 1080 2018 1136 benedi-

436 1180 633 1226 centur
663 1170 716 1225 in
736 1186 801 1226 eo
819 1186 1006 1225 omnes
1024 1180 1213 1242 gentes
1247 1180 1409 1226 terrae
1425 1172 1489 1227 δ’.
1516 1192 1534 1225 ι
1557 1171 1844 1228 Occultum
1874 1175 2017 1227 mul-

436 1271 633 1333 tosque
655 1264 829 1319 latens
855 1265 1171 1335 mysterium
1199 1305 1215 1329 ,
1254 1279 1370 1318 non
1416 1279 1476 1320 se
1509 1267 1914 1320 occultaturum
1942 1266 2018 1320 ait

434 1356 754 1421 oraculum,
789 1356 885 1411 sed
939 1356 1115 1409 amico
1153 1354 1249 1410 Dei
1293 1355 1684 1413 indicaturum.
1724 1356 1787 1412 1d
1832 1366 2013 1412 autem

434 1455 554 1503 erat
582 1447 650 1503 de
686 1446 1065 1502 benedictione
1092 1447 1336 1501 omnium
1368 1448 1609 1518 gentium
1636 1488 1651 1512 ,
1692 1449 1838 1519 quod
1885 1450 2014 1503 olim

433 1537 655 1609 quidem
685 1537 907 1602 latebat,
929 1535 1157 1606 eoquod
1186 1537 1417 1591 Abrahae
1438 1539 1776 1608 temporibus
1825 1553 2017 1593 omnes

430 1637 624 1701 gentes
674 1627 898 1684 infando
951 1628 1361 1700 superstitionis
1409 1644 1599 1685 errore
1648 1637 2014 1685 tenerentur:

431 1737 582 1777 nunc
612 1729 793 1776 autem
841 1722 894 1777 id
947 1721 1002 1776 in
1046 1731 1297 1790 apertum
1338 1721 1541 1793 prodiit
1570 1762 1585 1785 ,
1618 1737 1743 1776 cum
1786 1722 1891 1776 illae
1925 1736 2021 1791 per

430 1814 804 1885 evangelicam
837 1811 1140 1869 Salvatoris
1183 1816 1355 1870 nostri
1394 1814 1701 1868 doctrinam
1734 1855 1749 1881 ,
1785 1815 2017 1868 eundem

428 1920 558 1960 cum
590 1905 905 1960 Abrahamo
930 1906 1100 1960 divini
1130 1907 1314 1961 cultus
1345 1907 1508 1960 ritum
1541 1914 1843 1971 servantes,
1866 1906 2016 1975 ejus-

2189 708 2261 763 τὰ
2291 710 2435 777 ἔθνη
2472 708 2584 776 τῆς
2618 708 2731 777 γῆς
2760 709 2856 761 ἐπὶ
2888 708 2967 774 τῷ
3001 710 3181 779 ὁμοίῳ
3207 711 3402 777 τρόπῳ
3434 709 3546 776 τῆς
3586 708 3696 765 τεοῦ

2201 780 2448 848 Ἀϐραὰμ
2475 781 2904 848 προσηγορίας.

2201 895 2259 947 Ὁ
2311 893 2368 947 δὲ
2419 891 2623 965 Κύριος
2656 888 2841 947 εἶπεν·
2879 910 2898 943 ι
2940 893 3015 947 Οὐ
3070 893 3145 963 μὴ
3172 892 3368 965 κρύψω
3416 892 3527 962 ἐγὼ
3584 890 3698 946 ἀπὺ

2128 984 2379 1057 Ἀϐραὰμ
2406 983 2503 1037 τοῦ
2537 983 2725 1046 παιδός
2760 999 2881 1054 μου,
2914 981 2951 1035 ἃ
2978 980 3087 1051 ἐγὼ
3120 983 3279 1037 ποιῶ.
3324 982 3575 1054 Ἀϐραὰμ
3610 999 3696 1053 γιο

2116 1078 2341 1148 νόμενος
2377 1075 2529 1129 ἔσται
2557 1077 2636 1138 είς
2669 1073 2819 1137 ἔθνος
2857 1073 2999 1144 μέγα
3031 1075 3126 1129 καὶ
3161 1074 3293 1129 πολύ
3313 1092 3327 1105 ’
3362 1077 3456 1129 καὶ
3482 1076 3697 1129 ὲνευλο-

2117 1169 2446 1242 γηθήσονται
2472 1170 2530 1223 ὲν
2563 1166 2712 1237 αὐτῷ
2741 1166 2919 1223 πάντα
2946 1168 3013 1222 τὰ
3046 1168 3173 1239 ἔθνη
3200 1169 3298 1240 τῆς
3325 1167 3448 1238 γῆς.
3489 1187 3509 1220 ι
3542 1167 3696 1240 [ipti-

2118 1281 2238 1333 φιον
2264 1262 2359 1315 καὶ
2390 1260 2611 1331 λεληθὸς
2633 1261 2760 1324 τοὺς
2783 1261 3011 1324 πολλοὺς
3035 1260 3331 1332 μυστήριον
3365 1260 3438 1331 μὴ
3466 1259 3701 1331 κρύψειν

2120 1356 2283 1425 φησὶν
2312 1352 2623 1425 ὀχρησμὺς,
2654 1352 3024 1421 ἀποκαλύψειν
3049 1352 3105 1405 δὲ
3136 1351 3213 1423 τῷ
3243 1350 3493 1421 θεοφιλεῖ.
3526 1350 3701 1406 Τοῦτο

2118 1446 2175 1500 δὲ
2202 1442 2269 1517 ἦν
2312 1446 2374 1499 τὸ
2422 1448 2549 1517 napi.
2580 1444 2681 1514 τῆς
2728 1444 2834 1499 τῶν
2879 1444 3050 1499 ὲθνῶν
3084 1446 3338 1499 ἁπάντων
3367 1446 3644 1514 εὐλογίας,
3664 1445 3700 1498 ὂ

2119 1538 2288 1591 πάλαι
2335 1538 2433 1609 μὲν
2478 1538 2780 1611 κέκρυπτο,
2823 1538 2910 1591 διὰ
2958 1536 3018 1591 τὸ
3062 1537 3240 1591 πάντα
3280 1537 3348 1590 τὰ
3389 1536 3514 1609 ἔθνη
3554 1540 3701 1593 κατὰ

2119 1633 2243 1693 τοὺς
2270 1628 2364 1681 τοῦ
2410 1629 2659 1701 Ἀϐραὰμ
2690 1629 2911 1702 χρόνους
2940 1629 3133 1699 ἀφάτῳ
3162 1628 3340 1701 πλάνῃ
3370 1628 3703 1699 δεισιδαιμο-

2120 1721 2237 1783 νίας
2265 1721 2655 1792 κεκρατῆσθαι·
2689 1721 2806 1776 νυνὶ
2847 1722 2906 1774 δὲ
2949 1720 3106 1774 τοῦτο
3152 1721 3273 1774 καθ’
3310 1723 3460 1792 ἡμᾶς
3490 1721 3701 1777 ἀναπέ-

2121 1829 2336 1881 φανται,
2372 1813 2459 1865 ὅτε
2484 1812 2571 1866 διὰ
2602 1813 2702 1884 τῆς
2727 1812 2821 1865 τοῦ
2858 1812 3111 1884 Σωτῆρος
3147 1812 3305 1884 ἡμῶν
3336 1812 3705 1884 εὐαγγελιπῆς

2120 1902 2464 1968 διδασκαλίας
2495 1904 2584 1957 τὸν
2620 1904 2781 1957 αὑτὸν
2802 1902 2880 1974 τῷ
2918 1904 3169 1975 Ἀϐραὰμ
3200 1903 3556 1958 θεοσεϐοῦντα
3573 1906 3705 1976 τρό-

430 1997 555 2053 dem
609 2012 737 2052 cum
786 1998 882 2050 ille
937 1997 1341 2053 benedictionis
1383 1998 1676 2068 participes
1718 1999 2011 2053 exsistunt.

2126 2013 2217 2048 πον
2240 1996 2336 2066 τῆς
2363 1994 2482 2065 ἴσης
2517 1995 2667 2066 αὐτῷ
2695 1995 2911 2066 μετέχει
2938 1995 3206 2064 εὐλογίας.
3237 1996 3358 2048 Ὅτι
3381 1995 3424 2048 δ’
3454 1995 3555 2067 οὐχ
3583 1990 3702 2051 οἷόν

431 2085 902 2153 Quemadmodum
926 2101 1058 2142 vero
1074 2086 1195 2142 fieri
1226 2088 1377 2141 nullo
1402 2088 1566 2142 modo
1596 2096 1781 2157 posset
1808 2128 1822 2151 ,
1858 2097 1919 2142 ιιι
1947 2104 2011 2143 ex

430 2178 648 2250 legibus
683 2194 713 2233 a
754 2178 904 2234 Mose
944 2180 1180 2250 positis,
1231 2186 1422 2248 gentes
1480 2180 1750 2233 universa:
1801 2179 2015 2234 vivendi

430 2283 679 2324 normam
709 2269 1041 2339 acciperent,
1075 2269 1394 2340 plenissime
1423 2270 1563 2324 libro
1594 2272 1878 2340 superiore
1901 2271 2016 2327 dis-

431 2358 709 2416 seruimus
738 2398 753 2424 ,
776 2375 852 2413 ne
880 2360 1005 2429 quis
1035 2358 1175 2413 forte
1205 2359 1516 2429 suspicetur
1550 2357 1617 2413 de
1649 2358 1895 2424 advenis,
1920 2362 2014 2431 qui

432 2450 577 2521 apud
615 2447 838 2506 Judmos
870 2451 1180 2521 degebant,
1210 2450 1345 2504 illud
1375 2449 1547 2506 fuisse
1583 2451 1856 2521 prolatum
1888 2468 2017 2506 ora-

426 2540 636 2595 culum.
670 2538 856 2611 ltaque
896 2554 1020 2594 cum
1062 2540 1117 2594 in
1165 2539 1357 2594 eodem
1381 2541 1841 2610 probaverimus,
1869 2542 2016 2612 quod

429 2633 502 2690 iis
530 2634 664 2689 solis
686 2673 704 2698 ,
725 2637 817 2705 qui
845 2648 944 2704 per
966 2632 1244 2686 Christum
1283 2630 1352 2686 de
1383 2632 1598 2688 cunctis
1632 2633 1888 2704 gentibus
1915 2648 2013 2689 as-

432 2733 725 2780 sumantur
748 2763 766 2789 ,
795 2724 1105 2780 benedictio
1127 2722 1374 2777 omnium
1405 2724 1647 2793 gentium
1678 2723 1909 2779 Abrahae
1932 2724 2013 2778 di-

431 2816 645 2872 vinitus
686 2816 896 2871 reddita
933 2857 949 2881 ,
989 2819 1285 2872 convenire
1324 2817 1500 2886 possit
1537 2833 1549 2868 :
1590 2815 1870 2871 studiosos
1918 2816 2010 2871 le-

428 2916 617 2962 ctores
646 2923 710 2963 ex
737 2908 841 2962 hoc
872 2908 994 2963 loco
1022 2948 1037 2974 ,
1074 2908 1143 2962 ad
1175 2909 1265 2963 illa
1296 2908 1648 2963 remittimus.

430 3018 500 3074 ll.
533 3019 612 3073 Ab
639 3019 870 3074 eadem.-
889 3019 1403 3085 -Quemadmodum
1436 3019 1803 3076 benedicentur
1835 3036 2014 3074 omnes

501 3102 677 3163 gentes
715 3102 868 3163 terra:
901 3091 956 3144 in
982 3108 1042 3145 eo
1075 3092 1269 3145 semine
1299 3132 1317 3160 ,
1350 3091 1486 3163 quod
1516 3106 1915 3162 progressurum
1937 3099 2016 3146 est

501 3159 567 3215 de
598 3161 776 3215 sobole
809 3159 990 3214 Isaac.

500 3273 769 3329 Dominus
798 3280 979 3329 autem
1014 3272 1081 3328 ad
1128 3271 1283 3331 Isaac
1327 3274 1669 3347 respondens
1691 3316 1708 3344 ,
1749 3285 1873 3348 post
1904 3277 2011 3333 alia

429 3365 597 3421 etiam
657 3365 772 3420 haec
824 3366 958 3420 dicit
996 3385 1009 3420 :
1051 3383 1070 3417 ι
1129 3368 1198 3422 Ει
1246 3344 1584 3424 conﬁrmabo
1625 3344 2014 3439 jusjurandum
2042 3344 2085 3402 (ἶ

431 3473 614 3513 meum
659 3456 889 3512 Abrahae
922 3458 1075 3528 patri
1129 3465 1263 3526 tuo,
1299 3466 1355 3515 et
1407 3460 1779 3531 multiplicabo
1830 3477 2016 3518 semen

434 3554 614 3612 tuum,
638 3545 780 3602 sicut
806 3546 995 3601 stellas
1022 3546 1169 3612 coeli,
1193 3555 1250 3602 et
1275 3547 1416 3602 dabo
1451 3549 1647 3603 semini
1681 3559 1776 3604 tuo
1798 3566 2017 3606 onmem

432 3644 641 3691 terram
675 3636 817 3690 hanc
840 3677 856 3701 ,
887 3644 943 3691 et
972 3637 1366 3693 benedicentur
1390 3639 1445 3693 in
1473 3640 1678 3694 semine
1706 3647 1801 3695 tuo
1824 3656 2016 3697 omnes

432 3736 625 3800 gentes
656 3736 813 3782 terra:
828 3726 895 3784 “.
923 3747 941 3780 ι
964 3726 1228 3785 Dominus
1256 3741 1310 3785 et
1346 3727 1600 3785 Salvator
1625 3742 1811 3786 noster
1826 3730 2012 3796 Jesus,

434 3822 530 3891 qui
552 3819 808 3876 Christus
831 3829 917 3878 est
943 3820 1039 3877 Dei
1066 3862 1082 3888 ,
1113 3838 1183 3879 ex
1224 3823 1431 3878 semine
1461 3820 1615 3877 Isaac
1648 3831 1815 3878 natus
1841 3830 1893 3876 et
1928 3838 2016 3875 ra-

434 3915 585 3970 tione
628 3914 855 3969 bumani
898 3915 1148 3986 corporis
1172 3955 1188 3979 ,
1226 3915 1282 3968 in
1323 3932 1434 3986 quo
1469 3915 1728 3972 omnibus
1759 3915 2015 3984 gentibus

433 4013 599 4062 terra:
630 4004 971 4063 benedicitur
992 4046 1008 4071 ,
1035 4022 1157 4076 quae
1176 4008 1246 4062 ab
1270 4007 1363 4062 illo
1391 4023 1737 4063 communem
1768 4007 2014 4062 universi

435 4095 605 4153 Dium
636 4098 844 4152 edoctae
878 4105 1029 4163 sunt,
1063 4097 1485 4170 didiceruntque
1514 4099 1667 4164 item,
1704 4097 1795 4152 Dei
1825 4098 2016 4153 amicis

434 4194 571 4249 viris
594 4194 937 4251 benedicere.
968 4195 1048 4250 Ex
1077 4212 1186 4267 quo
1222 4197 1469 4252 vicissim
1499 4196 1637 4267 ipsis
1672 4212 1888 4268 quoque
1922 4197 2016 4252 be-

435 4286 715 4359 nedicitur
744 4328 759 4353 ,
792 4297 913 4358 quae.
942 4288 997 4342 in
1038 4287 1143 4345 hoc
1181 4289 1435 4346 videlicet
1477 4289 1712 4344 eundem
1744 4304 1869 4342 cum
1901 4289 1970 4343 iis
1996 4331 2013 4351 .

432 4379 637 4450 quibus
682 4380 816 4451 ipsa:
866 4380 1286 4446 benedixerint,
1336 4379 1734 4447 benedictionis
1776 4379 2014 4435 fructum

434 4472 781 4545 percipiunt,
817 4473 1276 4543 quemadmodum
1327 4470 1426 4528 Dei
1479 4471 1547 4527 ad
1593 4471 1869 4526 Abraham
1931 4488 2017 4525 re-

438 4579 704 4638 sponsum
760 4566 955 4624 habet:
984 4589 1003 4619 ι
1041 4565 1146 4632 Qui
1175 4564 1272 4621 tibi
1294 4564 1650 4629 benedicunt,
1689 4564 1771 4619 eis
1796 4562 2017 4617 benedi-

433 4663 588 4712 ctum
623 4664 726 4713 εει.
770 4676 789 4711 ι

1971 4715 1981 4724 ’
2043 4710 2093 4768 D

435 4810 548 4882 46
586 4809 675 4865 lli.
712 4811 789 4864 Ab
825 4811 1027 4866 eadem.
1066 4836 1136 4852 -ν
1171 4809 1249 4865 De
1294 4810 1539 4882 plurimis
1564 4808 1808 4882 gentibus
1835 4849 1849 4871 ,
1882 4824 2011 4878 gen-

507 4877 744 4953 tiumque
760 4882 1176 4953 collectionibus,
1201 4877 1317 4950 quo:
1334 4896 1399 4953 ea;
1417 4877 1584 4932 Iacob
1607 4877 2011 4953 constituentur,

501 4950 743 5023 quamvis
773 4954 891 5006 sola
918 4950 1152 5008 Iudaica
1183 4968 1306 5022 gens
1333 4950 1401 5004 ab
1427 4966 1487 5004 eo
1515 4950 1751 5018 profecta
1775 4951 1867 5003 sit.

498 5143 658 5200 -Dixit
690 5151 873 5199 autem
928 5143 1006 5197 illi
1053 5143 1247 5200 Deus:
1290 5142 1533 5213 (constat
1586 5148 1767 5194 autem
1808 5138 2015 5192 dixisse

436 5238 627 5310 Jacbb)
646 5256 664 5289 ι
700 5237 813 5307 Ego
830 5236 1092 5291 Dominus
1122 5238 1296 5303 Deus;
1316 5250 1506 5290 cresce
1531 5241 1587 5289 et
1611 5231 2011 5300 multiplicare:

440 5336 628 5402 gentes
651 5338 705 5385 et
733 5330 1184 5400 congregationes
1204 5329 1445 5399 gentium
1461 5342 1529 5381 ex
1546 5334 1601 5379 te
1619 5331 1782 5380 erunt
1802 5321 1867 5374 “.
1894 5342 1914 5373 ι
1935 5320 2016 5375 Ex

438 5438 509 5480 eo
539 5423 758 5493 quidem
789 5424 937 5493 quod
967 5430 1192 5493 apparet
1220 5462 1235 5482 ,
1266 5436 1330 5475 ac
1360 5420 1709 5490 perspicuum
1737 5422 1823 5472 est
1854 5454 1871 5479 ,
1905 5428 2016 5468 una

441 5517 708 5571 duntaxat
750 5513 978 5569 Iudaica
1022 5529 1154 5584 gens
1198 5514 1267 5567 ab
1303 5510 1472 5566 Jacob
1502 5509 1734 5565 exstitit.
1766 5506 2015 5571 Quonam

441 5605 607 5664 modo
643 5605 808 5677 igitur
843 5620 1034 5662 verum
1076 5606 1148 5663 sit
1198 5603 1519 5667 oraculum,
1581 5599 1729 5671 quod
1785 5610 2017 5653 numero

2110 2105 2176 2141 ’τε
2220 2084 2287 2158 ἦν
2330 2087 2474 2141 κατὰ
2520 2087 2616 2159 τὴν
2660 2088 2902 2152 Μωσέως
2953 2087 3272 2158 νομοθεσίαν
3320 2088 3700 2143 πολιτεύεσθαι

2116 2180 2294 2233 πάντα
2334 2178 2403 2231 τὰ
2428 2178 2575 2250 ἔθνη,
2620 2178 2970 2250 πληρέστατα
3002 2182 3060 2232 ὲν
3097 2178 3173 2250 τῷ
3198 2179 3307 2248 πρὸ
3343 2180 3534 2233 τούτου
3564 2195 3702 2249 συγι

2116 2271 2403 2343 γράμματι
2431 2270 2806 2341 διειλήφαμεν,
2841 2271 2916 2334 ὼς
2951 2269 3015 2324 ἂν
3050 2271 3124 2341 μή
3168 2287 3250 2333 τις
3278 2268 3537 2323 ὑπολάϐοι
3570 2273 3703 2343 περὶ

2117 2361 2221 2415 τῶν
2249 2361 2398 2432 παρὰ
2434 2360 2709 2425 Ἰουδαίοις
2739 2360 3095 2431 προσηλύτων
3126 2360 3376 2433 εἰρῆσθαι
3404 2362 3465 2414 τὺ
3491 2360 3699 2430 λόγιον.

2129 2454 2216 2506 Ἐν
2254 2452 2434 2525 ταύτῷ
2463 2453 2518 2506 δὲ
2557 2457 2940 2525 συστήσαντες,
2970 2455 3051 2507 ὅτι
3082 2454 3261 2525 μόνοις
3298 2457 3407 2516 τοῖς
3434 2453 3523 2508 διὰ
3561 2455 3704 2528 Χρι-

2118 2546 2244 2600 στοῦ
2288 2546 2348 2612 ἐξ
2383 2547 2640 2602 ἁπάντων
2684 2548 2794 2601 τῶν
2838 2546 3008 2601 ἐθνῶν
3047 2547 3352 2618 ὲφαρμόζοι
3384 2547 3450 2601 ἂν
3481 2548 3516 2617 ἡ
3563 2547 3705 2619 πρὸς

2114 2640 2207 2694 τὸν
2246 2639 2493 2712 Ἀϐραὰμ
2536 2640 2888 2694 θεσπισθεῖσα
2934 2641 3061 2713 περὶ
3107 2641 3325 2693 πάντων
3371 2639 3478 2693 τῶν
3528 2639 3703 2694 ἐθνῶν

2116 2733 2354 2802 εὐλογία,
2382 2734 2509 2798 τοὺς
2533 2732 2850 2804 φιλομαθεῖς
2873 2733 2958 2785 ἐπ’
2990 2733 3175 2786 ὲκεῖνα
3200 2731 3294 2784 καὶ
3318 2729 3411 2785 νῦν
3442 2728 3701 2801 ἀναπέμ-

2115 2824 2311 2897 ψομενο

2115 3032 2191 3086 B'.
2227 3030 2360 3087 Ἀπὸ
2382 3028 2494 3099 τῆς
2513 3027 2722 3095 αὐτῆς.
2744 3055 2815 3099 -τ
2839 3026 2937 3099 Ὡς
2954 3019 3703 3099 εὐλογηθήσογταιλπάγτα

2189 3103 2259 3156 τὰ
2284 3102 2429 3168 ἔθνη
2442 3090 2563 3167 ’τῆς
2584 3090 2696 3167 γῆξ·
2721 3098 2821 3151 ἐπὶ
2844 3090 2924 3162 τῷ
2950 3090 3446 3164 προελευσομένω
3467 3091 3541 3144 ἐκ
3569 3090 3700 3145 δια-

2186 3172 2376 3244 δοχῆς
2403 3170 2511 3225 τοῦ
2561 3170 2757 3225 Ἰσαὰκ
2788 3169 3100 3236 σπέρματι.

2129 3284 2187 3337 Ὀ
2215 3283 2272 3336 δὲ
2299 3281 2502 3354 Κύριος
2528 3279 2607 3351 τῷ
2643 3277 2827 3333 Ἰσαὰκ
2857 3276 3216 3349 χρηματίζων
3245 3273 3360 3346 μεθ’
3386 3272 3574 3340 ἕτερα,
3603 3271 3701 3325 καὶ

2115 3375 2292 3431 ταῦτὰ
2317 3390 2510 3444 φησιν’
2554 3390 2572 3422 ι
2617 3372 2730 3425 Καὶ¹
2761 3371 2941 3440 στήσω
2987 3369 3077 3422 τὸν
3110 3369 3273 3442 ὅρκον
3306 3381 3409 3438 μου
3445 3362 3703 3435 ’Δϐραὰμ

2116 3469 2194 3540 τῷ
2226 3466 2391 3539 πατρί
2421 3482 2535 3530 σου,
2570 3464 2665 3518 καὶ¹
2693 3460 2946 3534 πληθυνῶ
2973 3461 3033 3515 τὸ
3075 3460 3299 3531 σπέρμα
3328 3474 3444 3519 σου,
3471 3453 3550 3520 ὼς
3573 3457 3703 3519 τοὺς

2115 3558 2350 3629 ἀστέρας
2399 3555 2493 3608 τοῦ
2535 3552 2784 3625 οὐρανοῦ,
2833 3553 2927 3606 καὶ
2962 3549 3118 3604 δώσω
3158 3549 3236 3619 τῷ
3287 3545 3563 3620 σπέρματί
3602 3562 3702 3598 σου

2116 3654 2294 3707 πᾶσαν
2323 3649 2422 3722 τὴν
2450 3649 2553 3720 γῆν
2586 3647 2790 3716 ταύτην
2811 3662 2826 3677 ·
2862 3646 2958 3699 καὶ
2982 3640 3504 3712 ὲνευλογηθήσονται
3536 3639 3598 3692 ἑν
3619 3637 3703 3707 τῷ

2117 3742 2391 3815 σπέρματί
2435 3758 2528 3794 σου
2563 3740 2739 3793 πάντα
2780 3736 2850 3790 τὰ
2897 3735 3024 3805 ἔθνη
3055 3735 3152 3805 τῆς
3192 3734 3313 3803 γῆς.
3345 3751 3367 3784 ι
3416 3732 3472 3784 Ὁ
3501 3729 3704 3801 Σωτὴρ

2116 3836 2212 3887 καὶ
2260 3831 2464 3904 Κύριος
2520 3829 2676 3901 ἡμῶν
2718 3826 2922 3897 Ἰησοῦς
2968 3827 2996 3880 ὁ
3047 3820 3278 3895 Χριστὸς
3321 3819 3412 3875 τοῦ
3459 3818 3597 3873 Θεοῦ
3633 3822 3703 3872 ἐκ

2118 3926 2428 3997 σπέρματος
2466 3921 2650 3976 Ἰσαὰκ
2671 3919 2862 3988 γέγονε
2885 3917 2945 3970 τὸ
2966 3915 3104 3970 κατὰ
3136 3915 3333 3983 σάρκα,
3365 3915 3422 3966 ὲν
3516 3911 3703 3965 πάντα

2115 4020 2183 4072 τὰ
2216 4017 2341 4087 ἔθνη
2374 4015 2473 4086 τῆς
2500 4012 2605 4082 γῆς
2642 4012 2963 4078 εὐλογεῖται,
3010 4006 3247 4079 μαθόντα
3286 4005 3353 4058 δι’
3393 4003 3561 4058 αὐτοῦ
3606 4005 3702 4058 τὸν

2115 4113 2223 4165 τῶν
2268 4111 2404 4165 ὅλων
2448 4107 2603 4171 Θεὸν,
2646 4104 2741 4158 καὶ
2789 4100 3149 4155 παιδευθέντα
3201 4097 3363 4151 πάλιν
3409 4095 3476 4147 δι’
3527 4094 3699 4150 αὑτοῦ

2114 4205 2240 4268 τοὺς
2272 4200 2537 4271 θεοφιλεῖς
2568 4198 2768 4269 ἄνδρας
2799 4195 3059 4262 εὐλογεῖν.
3104 4190 3195 4244 Διὸ
3225 4190 3319 4244 καὶ
3350 4186 3701 4256 ἅντευλογεῖο

2114 4313 2202 4350 ται
2254 4296 2354 4365 τῆς
2406 4293 2528 4364 ἴσης
2567 4292 2679 4354 τοῖς
2731 4289 2824 4341 ὑπ’
2877 4286 3053 4339 αὐτῶν
3095 4281 3510 4352 εὐλογουμένοις
3558 4281 3699 4333 ἀπο-

2114 4387 2346 4441 λαύοντα
2377 4382 2649 4452 εὐλογίας,
2686 4379 2827 4435 κατὰ
2860 4378 2952 4431 τὸν
2992 4376 3239 4447 φήσαντα
3267 4370 3360 4425 τοῦ
3394 4370 3530 4425 Θεοῦ
3561 4370 3700 4442 πρὸς

2114 4482 2205 4534 τὸν
2245 4476 2495 4551 Ἀϐραὰμ
2526 4475 2715 4544 λόγον·
2756 4490 2775 4524 ι
2828 4472 2893 4524 Οἱ
2935 4466 3284 4537 εὐλογοῦντες
3329 4481 3387 4517 σε
3434 4462 3699 4533 εὐλόγην-

2114 4589 2226 4626 ται.
2267 4591 2286 4622 ι

2115 4795 2190 4848 Γ’.
2251 4790 2384 4845 Ἀπὸ
2436 4787 2548 4856 τῆς
2583 4783 2793 4852 αὐτῆς.
2824 4815 2895 4856 τ·-
2935 4781 3078 4856 Περὶ
3122 4779 3436 4856 apicum:
3477 4774 3698 4842 ἐθνῶν,

2186 4863 2285 4917 καὶ
2322 4847 2687 4927 συναγωγῶν
2715 4847 2927 4918 ἐθνῶν,
2974 4847 3094 4927 τῶς
3234 4847 3436 4927 Ἰακὼϐ
3462 4863 3702 4927 συστη-

2186 4918 2503 5002 σομένωτς,’
2525 4918 2715 4982 κάἰτοι
2747 4928 2940 5002 μόνου
2976 4922 3084 4977 τοῦ
3138 4918 3432 4976 Ἰουδαίων
3476 4918 3699 4986 ἔθνους

2182 5004 2252 5069 ἐξ
2266 4996 2473 5056 ἀὑτοῦ
2505 4996 3005 5068 προεληλυθότος.

2186 5123 2352 5182 Εἶπεν
2381 5124 2438 5178 δὲ
2471 5121 2619 5192 αὐτῷ
2648 5121 2679 5172 ὁ
2702 5119 2834 5182 Θεὸς
2873 5116 3049 5188 (δῆλον
3086 5113 3161 5177 δὲ,
3196 5113 3276 5165 ὅτι
3322 5108 3400 5180 τῷ
3448 5102 3695 5173 Ἰακὼϐ)⁶

2118 5242 2137 5274 ι
2189 5218 2332 5289 Ἐγὼ
2364 5216 2568 5288 Κύριος
2611 5216 2640 5267 ὁ
2682 5211 2847 5274 Θεός·
2900 5207 3129 5274 αὑξάνου
3162 5204 3257 5258 καὶ
3299 5199 3571 5270 πληθύνου
3611 5198 3700 5289 εις

2114 5287 2272 5383 ἔθνη,
2306 5312 2399 5365 καὶ
2432 5287 2744 5374 συναγωγαὶ
2770 5302 2937 5356 ἐθνῶν
2982 5302 3047 5353 ὲκ
3078 5298 3171 5352 σοῦ
3204 5296 3438 5349 ἔσονται.
3480 5309 3498 5341 ι
3534 5287 3700 5383 κατα

2118 5409 2217 5478 μὲν
2231 5379 2305 5459 ῂτὸ
2344 5400 2639 5474 προφανὲς,
2673 5399 2731 5451 ἓν
2761 5396 2912 5458 ἔθνος
2959 5393 3117 5464 μόνον
3159 5389 3222 5443 τὸ
3268 5384 3537 5478 Ἰουδαίων
3573 5379 3699 5478 ’ἀπὸ

2112 5473 2207 5553 τοῦ
2244 5473 2436 5552 Ἰακὼϐ
2470 5493 2723 5562 συνέστη.
2759 5488 2884 5552 Πῶς
2921 5481 3014 5540 οὖν
3059 5481 3311 5555 ἀληθεύοι
3343 5477 3407 5532 ἂν
3454 5473 3699 5562 πληθυνῑ

2113 5585 2278 5650 τικῶς
2319 5583 2493 5652 λέγων
2537 5584 2567 5638 ὁ
2611 5555 2891 5653 χρησμ6ς;
2934 5575 3086 5631 Ἐπεὶ
3131 5573 3189 5626 δὲ
3230 5572 3260 5625 ὁ
3309 5565 3544 5640 Χριστὸς
3595 5555 3699 5619 τοῦ

501 5762 559 5824 ,⁸³
591 5761 728 5820 Gen.
769 5777 903 5818 xvtu
929 5800 944 5831 ,
1003 5759 1192 5818 l7-l8.
1273 5760 1314 5791 "
1347 5756 1483 5814 Gen.
1549 5770 1715 5825 xxvi,
1957 5750 2001 5783 "
2032 5745 2167 5803 Gen.
2199 5760 2363 5811 xxxv,
2399 5742 2486 5800 ll.
