3842 6218
447 296 555 354 105

1063 290 1333 349 EUSEBII
1369 288 1848 346 CASSARIENSIS
1874 287 2027 346 OPP.
2056 284 2240 344 PARS
2274 285 2341 343 ll.
2371 316 2443 329 --
2478 282 2981 343 APOLOGETICA.

3592 266 3696 339 to;

440 411 609 468 milia!
661 407 922 481 gentium,
986 406 1174 463 afferte
1233 405 1466 462 Domino
1534 405 1761 477 gloriam
1802 405 1992 493 nomin

2115 404 2306 476 Κυρίῳ
2339 404 2392 456 αἰ
2428 403 2653 474 πατριαὶ
2697 401 2806 455 τῶν
2847 400 3048 455 ἐθνῶν’
3086 400 3343 469 ἐνέγκατε
3374 399 3452 470 τῷ
3503 400 3698 472 Κυρίῳ

440 505 564 573 ejus
586 502 655 569 ⁹¹,
696 521 715 555 ι
749 516 813 555 ac
849 499 1110 570 deinceps
1141 513 1153 550 :
1191 518 1211 551 ι
1235 497 1408 554 Dicite
1469 499 1524 552 in
1565 492 1841 568 gentibus,
1869 511 1994 567 qum

2117 493 2274 561 δόξαν
2311 495 2534 567 ὀνόματι
2574 493 2759 548 αὐτοῦ.
2807 512 2826 545 ι
2864 493 2973 546 Καὶ
2994 492 3149 564 ἑξῆς·
3192 512 3212 544 ι
3248 494 3450 546 Εἴπατε
3490 494 3547 545 ἐν
3578 495 3695 550 τοῖς

445 593 704 649 Dominus
744 591 1008 662 regnavit.
1073 589 1281 645 Etenim
1314 588 1553 643 correxit
1604 587 1791 642 orbem
1832 594 2016 654 terrae,

442 687 534 758 qui
584 702 692 741 non
740 684 1171 741 commovebitur
1227 683 1296 737 “.
1334 701 1353 734 ι
1410 679 1586 735 Etiam
1651 679 1768 736 haec
1822 688 2014 751 aperta

441 784 590 835 sunt.

439 909 531 966 lX.
566 912 607 964 Α
639 908 921 965 Zacharia.
951 939 1021 950 —
1052 908 1376 964 Cunctorum
1417 909 1670 979 gentium,
1703 917 1753 962 et
1781 910 1871 979 qui
1899 926 2011 963 om—

512 982 659 1035 nium
687 980 1203 1050 superstitiosissimi
1237 988 1379 1044 sunt,
1419 976 1815 1050 Egyptiorum’,
1851 982 2011 1050 unius

506 1059 559 1107 et
591 1051 700 1105 veri
720 1047 839 1111 Dei,
874 1062 924 1105 et
970 1051 1023 1102 in
1074 1048 1285 1120 spiritu,
1325 1064 1390 1120 ea:
1422 1047 1601 1101 divina
1651 1050 1780 1120 lege,
1809 1049 2013 1104 adora-

511 1122 691 1187 tionis,
717 1132 766 1176 et
793 1119 1109 1175 celebritatis
1132 1117 1382 1173 solemnis
1410 1120 1629 1190 agnitio.

513 1316 534 1350 ι
566 1296 633 1352 Et
661 1297 785 1360 erit,
813 1296 1124 1366 quicunque
1155 1296 1353 1365 reliqui
1408 1296 1613 1351 fuerint
1643 1312 1708 1352 ex
1735 1297 2011 1356 universis

430 1388 710 1461 gentibus,
742 1402 863 1457 quae
888 1395 1157 1442 venerunt
1182 1398 1370 1441 contra
1418 1385 1781 1452 Hierusalem,
1818 1404 2012 1444 ascen-

436 1480 569 1535 dent
607 1477 898 1546 quetannis
934 1489 993 1530 ut
1011 1478 1240 1532 adorent
1258 1475 1459 1546 Regem
1496 1475 1786 1531 Dominum
1826 1480 2008 1532 omni—

2118 584 2325 639 ἔθνεσιν
2349 602 2362 616 ’
2406 585 2464 638 Ὀ
2489 582 2689 656 Κύριος
2711 583 3041 637 ἐϐασίλευσε.
3073 585 3183 638 Καὶ
3223 583 3333 655 γὰρ
3358 582 3694 654 κατώρθωσε

2116 677 2215 749 τὴν
2252 675 2595 747 οἰκουμένην,
2634 675 2757 746 ἥτις
2790 675 2852 728 οὐ
2894 674 3300 747 σαλευθήσεται.
3336 694 3356 727 ι
3384 673 3488 727 Καὶ
3517 673 3694 728 ταῦτα

2117 768 2284 840 σαφῆ.

2113 904 2192 958 εν-
2211 903 2350 983 ᾉπὸ
2375 904 2486 988 τοῦ.
2505 904 2819 988 Ζαχαρίου·
2841 932 2916 988 τ
2936 896 3557 988 Πίὲντφῗῖῗέλῖἐθῖξῖηζν
3572 898 3691 988 se?

2184 974 2304 1027 τῶν
2340 973 2499 1041 παρὰ
2550 966 2775 1037 πᾶν-τας
2831 966 3468 1041 δεισιδαιμονεστάζων
3511 969 3696 1041 Ain;-

2184 1035 2532 1123 xtlogr,_'to§r
2798 1041 2898 1095 καὶ
2938 1035 3204 1106 ἀληθοῦς
3228 1037 3415 1123 θεοῦ.
3448 1037 3545 1123 καὶ
3580 1035 3696 1101 τῆς

2183 1114 2334 1168 κατὰ
2361 1113 2465 1167 τὸν
2488 1109 2647 1167 θεῖον
2669 1113 2856 1181 νόμον·
2887 1109 3289 1179 πνευματικῆς
3317 1109 3600 1175 λατρείας
3628 1124 3693 1159 τε

2183 1184 2281 1238 καὶ
2320 1182 2533 1252 ἑορτῆς
2567 1182 2907 1251 ἐπίγνωσις.

2188 1316 2208 1349 ι
2264 1295 2374 1351 Καὶ
2419 1297 2594 1360 ἔσται,
2633 1296 2747 1348 ὅσοι
2775 1293 2842 1348 ἂν
2881 1291 3313 1361 καταλειφθῶσιν
3358 1292 3422 1343 ἐκ
3470 1291 3694 1343 πάντων

2111 1389 2219 1443 τῶν
2252 1389 2418 1442 ἐθνῶν
2450 1388 2708 1442 ἐλθόντων
2734 1388 2826 1440 ἐπὶ
2860 1384 3234 1458 Ἰερουσαλὴμ,
3265 1383 3358 1436 καὶ
3387 1382 3694 1453 ἀναϐήσον-

2110 1498 2199 1533 ται
2226 1482 2345 1533 κατ⁹
2376 1477 2619 1531 ἐνιαυτὸν
2646 1477 2740 1530 τοῦ
2764 1476 3138 1548 προσκυνῆσαι
3161 1474 3237 1545 τῷ
3259 1473 3470 1544 βασιλεῖ
3498 1474 3693 1543 Κυρίῳ

432 1577 733 1641 potentem,
767 1577 820 1624 et
842 1569 1121 1624 celebrent
1139 1569 1364 1623 solenne
1405 1569 1912 1624 tabernaculorum.
1947 1569 1994 1622 El

2111 1569 2510 1640 παντοκράτορι
2535 1607 2550 1632 ,
2598 1566 2692 1619 καὶ
2735 1566 2830 1619 τοῦ
2880 1564 3156 1638 ἑορτάζειν
3201 1565 3300 1635 τὴν
3350 1563 3540 1634 ἑορτὴν
3588 1563 3691 1632 τῆς

433 1663 583 1717 erit:
621 1662 944 1731 Quicunque
994 1677 1105 1716 non
1154 1659 1501 1716 ascenderint
1552 1677 1619 1716 ex
1660 1663 1810 1718 omni
1864 1663 2008 1718 tribu

2111 1660 2510 1733 Σκηνοπηγίας.
2547 1660 2655 1712 Καὶ
2691 1658 2863 1723 ἔσται,
2909 1660 3024 1710 ὅσοι
3067 1656 3131 1711 ἂν
3182 1656 3255 1726 μὴ
3305 1655 3581 1709 ἀναϐῶσιν
3626 1657 3692 1707 ἐκ

428 1763 592 1810 terra:
613 1756 669 1809 in
697 1754 1059 1817 Hierusalem,
1101 1764 1162 1808 ut
1212 1754 1439 1809 adorent
1474 1752 1670 1824 Regem
1718 1753 1994 1810 Dominum

2112 1754 2293 1822 πάσης
2322 1753 2420 1824 τῆς
2451 1751 2622 1822 φυλῆς
2649 1750 2749 1821 τῆς
2776 1751 2877 1822 γῆς
2915 1751 2996 1812 εἰς
3030 1747 3403 1820 Ἰερουσαλὴμ,
3439 1763 3691 1817 προσκυ-

428 1847 880 1917 omnipotentem,
899 1854 954 1901 et
984 1846 1087 1915 ipsi
1110 1846 1220 1901 illis
1249 1845 1599 1915 adjicientur,
1646 1861 1756 1901 non
1780 1847 1887 1901 erit
1913 1863 2010 1901 su-

430 1951 531 2009 per
556 1952 651 1992 eos
693 1937 885 1991 imber.
917 1935 1075 2003 Quod
1122 1937 1170 1990 si
1221 1937 1400 1991 tribus
1427 1935 1649 2006 Egypti
1682 1952 1789 1991 non
1815 1952 2008 1993 ascen-

431 2028 597 2094 derit,
626 2039 681 2083 et
724 2044 836 2082 non
864 2027 1096 2092 venerit,
1129 2035 1184 2082 et
1220 2043 1384 2097 super
1411 2027 1512 2083 bos
1546 2029 1652 2081 erit
1680 2029 1863 2092 ruina,
1898 2045 2006 2099 qua

428 2120 698 2188 percutiet
730 2116 992 2174 Dominus
1034 2132 1227 2173 omnes
1267 2127 1475 2188 gentes,
1523 2134 1861 2189 quaecunque
1894 2135 2006 2174 non

432 2210 776 2265 ascenderint
808 2210 875 2264 ad
916 2210 1305 2265 celebrandum
1347 2212 1592 2266 solemne
1627 2211 2006 2267 tabernaculo-

430 2313 573 2352 rum.
599 2296 714 2370 48
736 2297 849 2352 Hoc
877 2297 981 2353 erit
1028 2308 1316 2368 peccatum
1346 2298 1588 2370 Egypti,
1624 2307 1681 2355 et
1721 2308 2002 2369 peccatum

424 2389 672 2443 omnium
704 2389 967 2460 gentium,
1025 2405 1366 2460 quaecunque
1400 2407 1510 2444 non
1540 2391 1886 2446 ascenderint
1932 2391 2004 2446 ad

422 2478 816 2533 celebrandum
864 2479 1108 2535 solemne
1156 2481 1635 2535 tabernaculorum
1658 2480 1725 2534 ⁵³.
1761 2499 1779 2532 ι
1836 2479 2004 2536 Plane

430 2568 547 2625 hac
560 2573 904 2625 vocationem
934 2572 1177 2626 omnium
1206 2573 1452 2643 gentium
1482 2573 1786 2637 continent,
1817 2573 1862 2626 si
1877 2588 2004 2627 sen-

424 2675 553 2716 sum
601 2662 864 2716 duntaxat
899 2671 1209 2733 spectemus
1235 2678 1447 2728 eorum,
1499 2680 1621 2735 quae
1643 2663 1711 2719 de
1743 2662 2002 2719 Hierusa-

424 2751 554 2817 lem,
588 2758 644 2808 et
667 2754 982 2809 celebritate
1013 2755 1488 2810 tabernaculorum
1513 2756 1655 2809 c‘licta
1687 2763 1836 2819 sunt,
1880 2771 2002 2825 quae

420 2843 642 2915 quidem
692 2859 794 2900 suo
827 2854 1069 2917 tempore
1102 2851 1283 2916 aptam
1312 2845 1822 2916 interpretationem
1847 2845 2002 2901 babi-

422 2943 550 2991 turu
583 2945 734 2992 sunt.

2110 1843 2270 1914 νῆσαι
2312 1843 2389 1915 τῷ
2435 1844 2643 1915 βασιλεῖ
2681 1842 2871 1915 Κυρίῳ
2915 1841 3353 1913 παντοκράτορι,
3392 1840 3484 1893 καὶ
3528 1840 3690 1893 αὐτοὶ

2107 1935 2334 2000 ἐκείνοις
2377 1935 2853 2008 προστεθήσονται.
2896 1935 3021 1988 Ἐὰν
3055 1934 3110 1987 δὲ
3135 1934 3273 2005 φυλὴ
3305 1932 3583 2002 Αἰγύπτου
3612 1932 3687 2002 μὴ

2105 2028 2301 2099 ἀναϐῇ,
2351 2028 2485 2099 μηδέ
2512 2027 2661 2100 ἔλθῃ,
2689 2027 2782 2080 καὶ
2816 2029 2908 2081 ἐπὶ
2940 2026 3161 2090 τούτους
3192 2025 3344 2079 ἔσται
3372 2027 3406 2097 ἡ
3447 2024 3683 2086 πτῶσις,

2104 2113 2140 2193 ᾖ
2171 2119 2398 2184 πατάξει
2427 2118 2629 2190 Κύριος
2675 2121 2852 2173 πάντα
2878 2118 2946 2172 τὰ
2979 2118 3127 2190 ἔθνη,
3157 2119 3258 2171 ὅσα
3291 2116 3357 2170 ἂν
3391 2115 3464 2187 μὴ
3504 2114 3682 2187 ἁναῆ

2104 2211 2198 2265 τοῦ
2241 2212 2497 2284 ἑορτάσαι
2549 2213 2648 2283 τὴν
2692 2211 2883 2282 ἑορτὴν
2935 2212 3033 2282 τῆς
3077 2208 3478 2280 Σκηνοπηγίας.
3529 2205 3682 2276 Αὕτη

2103 2302 2255 2357 ἔσται
2297 2307 2330 2376 η
2364 2305 2607 2376 ἁμαρτία
2641 2304 2937 2373 Αἰγύπτου,
2971 2306 3064 2357 καὶ
3093 2305 3125 2375 ἡ
3170 2301 3414 2373 ἁμαρτία
3461 2299 3689 2352 πάντων

2101 2393 2210 2448 τῶν
2250 2394 2438 2457 ἐθνῶν,
2464 2396 2563 2448 ὅσα
2597 2395 2662 2449 ἂν
2698 2396 2771 2468 μὴ
2799 2394 2972 2465 ἀναϐῇ
3007 2393 3100 2448 τοῦ
3140 2394 3395 2465 ἑορτάσαι
3422 2394 3525 2464 τὴν
3561 2392 3688 2460 ἐορ-

2101 2487 2199 2559 τὴν
2248 2487 2351 2558 τῆς
2398 2489 2797 2558 Σκηνοπηγίας.
2841 2506 2861 2538 ι
2890 2486 3084 2556 Σαφῶς
3119 2487 3212 2540 καὶ
3265 2485 3437 2538 ταῦτα
3489 2483 3684 2555 κλῆσιν

2100 2580 2354 2633 ἁπάντων
2393 2579 2503 2633 τῶν
2534 2579 2706 2632 ἐθνῶν
2741 2578 3003 2651 περιέχει.
3035 2578 3175 2631 κατὰ
3218 2576 3458 2631 διάνοιαν
3510 2574 3683 2645 μόνην

2101 2671 2487 2743 θεωρουμένων
2518 2670 2625 2725 τῶν
2656 2672 2787 2742 περί
2813 2671 2911 2741 τῆς
2950 2670 3324 2741 Ἰερουσαλὴμ.
3355 2668 3449 2722 καὶ
3469 2668 3672 2739 Σκηνο-

2101 2760 2302 2831 πηγίας
2328 2760 2651 2833 εἰρημένων,
2679 2761 2714 2814 ἃ
2747 2761 2840 2815 καὶ
2866 2760 3003 2815 κατὰ
3028 2760 3216 2832 καιρὸν
3240 2761 3338 2830 τῆς
3370 2756 3683 2830 προσηκού-

2102 2868 2201 2922 οης
2224 2850 2468 2915 τεύξεται
2498 2851 2815 2923 ἑρμηνείας.

424 3046 494 3107 Χ.
530 3050 607 3105 Ab
636 3049 805 3107 Isaia.
839 3081 910 3092 —
932 3049 1236 3106 Declaratio
1264 3062 1321 3105 ut
1343 3052 1494 3106 electi
1537 3052 1643 3106 sint
1669 3052 1917 3123 apostoli,
1943 3060 1994 3107 et

2106 3062 2155 3114 l'.
2201 3058 2343 3114 Ἀπὸ
2383 3056 2489 3112 τοῦ
2545 3056 2805 3111 Ἡσαΐου.
2837 3086 2907 3096 -
2937 3052 3210 3123 Δήλωσις
3237 3050 3349 3119 τῆς
3380 3051 3502 3123 τῶν·
3527 3051 3678 3123 dxe-

988 3132 1185 3176 vocaue
1222 3134 1419 3193 gentes.

503 3312 524 3344 ι
558 3292 675 3350 Hoc
731 3295 967 3365 primum
1026 3297 1175 3364 bibe,
1214 3299 1328 3356 cito
1383 3298 1492 3366 fac,
1525 3300 1676 3372 regio
1725 3301 1993 3370 Zaliulon,

419 3393 570 3443 terra
600 3387 928 3458 Neptbalim,
957 3397 1010 3444 et
1046 3391 1241 3462 reliqui
1290 3393 1384 3463 qui
1423 3395 1753 3449 maritimam
1788 3395 1998 3451 habita-

421 3480 496 3535 tis
524 3488 677 3534 trans
702 3478 1017 3546 Jordanem,
1066 3481 1286 3538 Galilzea
1343 3486 1608 3557 gentium,
1637 3489 1870 3556 populus
1904 3503 1995 3542 se-

420 3572 560 3626 dens
588 3573 645 3626 in
671 3573 928 3627 tenebris.
966 3571 1160 3629 Videte
1216 3576 1396 3631 lucem
1441 3590 1691 3648 magnam
1716 3579 1809 3649 qui
1842 3578 1995 3633 habi-

421 3663 554 3716 tatis
577 3662 630 3715 in
688 3662 911 3732 regione
938 3670 994 3718 et
1022 3663 1217 3719 umbra
1265 3665 1479 3732 mortis,
1508 3666 1602 3721 lux
1650 3668 1994 3739 splendescet

416 3767 586 3823 Super
607 3769 702 3809 vos
730 3753 794 3807 “.
823 3771 843 3805 ι

453 3864 549 3920 XL
584 3865 664 3919 Ab
692 3865 890 3920 eodem.
923 3896 995 3907 ——
1022 3866 1332 3921 Declaratio
1381 3868 1671 3923 uocationis
1696 3871 1949 3940 gentium.

491 4060 513 4094 ι
546 4042 743 4097 Audite
787 4058 895 4108 me,
951 4043 1170 4110 insulas,
1222 4045 1508 4113 attendite,
1554 4056 1765 4118 gentes.
1820 4049 1989 4108 Multo

411 4142 660 4204 tempore
703 4134 902 4199 stabit,
940 4134 1076 4190 dicit
1137 4135 1398 4193 Dominus
1429 4138 1500 4193 ⁸³.
1542 4159 1562 4191 ι
1596 4139 1805 4206 Quibus
1835 4141 1989 4197 dein-

408 4240 544 4296 ceps
567 4233 622 4280 et
652 4225 721 4280 de
749 4227 1000 4295 gentibus
1028 4230 1256 4298 pariter,
1285 4236 1339 4284 et
1367 4230 1437 4286 de
1473 4230 1695 4288 Christo
1717 4235 1984 4304 adjungit:

416 4335 440 4370 ι
481 4317 624 4373 Ecce
647 4319 780 4389 ndedi
833 4326 886 4373 te
927 4321 984 4373 in
1034 4328 1424 4378 testamentum
1455 4325 1690 4395 generis,
1723 4327 1778 4380 in
1809 4328 1988 4382 lucem

2023 3104 2072 3167 ο
2105 3104 2443 3184 "cistlla?
2457 3104 2738 3197 ἓκνῖόἇεῆξ
2754 3104 2876 3182 chi
2932 3104 3057 3193 ἷῖίξ
3248 3104 3469 3177 eam
3527 3104 3677 3189 χλιι-

2167 3216 2340 3266 σεως.

2170 3332 2192 3366 ι
2230 3311 2400 3367 Τοῦτο
2422 3310 2638 3384 πρῶτον
2666 3309 2779 3374 πίε,
2806 3309 2944 3380 ταχὺ
2986 3306 3149 3369 ποίει,
3181 3302 3333 3376 χώρα
3363 3300 3675 3364 Ζαϐουλὼν,

2094 3404 2129 3476 ἠ
2176 3402 2246 3474 γῆ
2286 3403 2626 3474 Νεφθαλεὶμ,
2669 3400 2768 3455 καὶ
2818 3400 2870 3453 οἰ
2918 3398 3094 3453 λοιποὶ
3145 3398 3193 3450 οἰ
3247 3395 3346 3466 τὴν
3396 3393 3675 3465 παραλίαν

2094 3494 2268 3567 πέραν
2298 3494 2393 3550 τοῦ
2432 3493 2717 3566 Ἰορδάνου,
2747 3491 3004 3545 Γαλιλαία
3043 3488 3151 3543 τῶν
3193 3486 3382 3549 ἐθνῶν,
3414 3488 3444 3538 ό
3476 3483 3608 3546 λαὸς
3648 3485 3676 3537 6

2094 3586 2399 3658 καθήμενος
2427 3587 2485 3639 ἐν
2515 3585 2713 3640 σκότει.
2751 3583 2919 3638 Ἴδετε
2948 3581 3063 3652 φῶς
3101 3580 3242 3651 μέγα
3269 3581 3317 3632 οἰ
3352 3575 3673 3632 κατοικοῦν-

2091 3697 2183 3743 τες
2204 3682 2262 3733 ἐν
2282 3678 2435 3751 χώρᾳ
2450 3679 2543 3732 καὶ
2560 3680 2688 3749 σκιᾷ
2708 3677 2962 3740 θανάτου,
2982 3674 3097 3744 φῶς
3118 3671 3321 3745 λάμψει
3339 3672 3424 3741 ἐφ’
3449 3669 3621 3740 ὑμεῖς.
3648 3687 3669 3719 ι

2090 3882 2193 3935 ιΑν.
2241 3878 2382 3935 Ἀπὸ
2410 3876 2516 3932 τοῦ
2542 3874 2750 3931 αὐτοῦ.
2782 3904 2853 3915 —
2888 3873 3004 3941 Τῆς
3026 3871 3148 3926 τῶν
3174 3870 3366 3927 ἐθνῶν
3388 3869 3670 3938 κλήσεως

2729 3944 3020 4014 δήλωσις.

2167 4079 2186 4112 ι
2232 4058 2523 4113 Ἀκούσατέ
2547 4074 2671 4129 μου,
2704 4056 2879 4127 νῆσοι,
2910 4056 3005 4109 καὶ
3031 4055 3346 4128 προσέχετε,
3380 4052 3534 4123 ἔθνη.
3568 4054 3668 4105 Διά

2088 4152 2278 4223 χρόνου
2330 4148 2524 4203 πολλοῦ
2576 4150 2852 4219 στήσεται,
2887 4147 3034 4214 λέγει
3072 4146 3295 4217 Κύριος.
3339 4165 3359 4199 ι
3414 4140 3512 4209 Οἷς
3538 4146 3667 4217 ἑῇς

2082 4238 2222 4312 ὁμοῦ
2260 4237 2523 4311 περὶτῶν
2557 4236 2725 4291 ἐθνῶν
2772 4237 2867 4292 καὶ
2905 4238 3035 4308 περὶ
3071 4238 3164 4292 τοῦ
3208 4237 3443 4309 Χριστοῦ
3482 4238 3666 4292 ἐπιλέ-

2085 4348 2194 4400 γεισ
2232 4351 2250 4383 ι
2303 4330 2433 4384 Ἰδοὺ
2453 4328 2660 4382 δέδωκά
2689 4346 2749 4382 σε
2781 4331 2860 4393 εἰς
2885 4329 3150 4401 διαθήκην
3183 4330 3391 4398 γένους,
3433 4331 3515 4393 εἰς
3548 4330 3667 4399 φῶς

410 4411 675 4481 gentium,
716 4420 775 4465 ut
822 4411 900 4467 sis
945 4413 1001 4466 in
1058 4414 1287 4470 salutem
1335 4432 1512 4486 usque
1567 4418 1635 4471 ad
1676 4428 1981 4473 extremum

2106 4421 2277 4487 ιθνῶν,
2302 4421 2397 4475 τοῦ
2421 4418 2558 4474 εἶναι
2586 4437 2644 4473 σε
2680 4420 2953 4493 σωτηρίαν
2975 4420 3079 4485 ἕως
3104 4423 3332 4492 ἐσχάτου
3359 4422 3456 4493 τῆς
3483 4423 3608 4495 γῆς.
3637 4443 3659 4474 ι

411 4507 572 4557 terrae
595 4502 662 4558 ⁸⁸.
692 4521 712 4555 υ
733 4503 1000 4558 Caeterum
1039 4506 1458 4562 innumerabilia
1493 4507 1608 4578 ipse
1631 4524 1849 4579 quoque
1893 4509 1981 4563 in-

406 4594 616 4659 venies,
644 4595 844 4664 quibus
868 4610 955 4661 ea,
979 4612 1100 4666 quae
1125 4600 1378 4669 gentibus
1408 4601 1678 4670 promissa
1698 4610 1829 4656 sunt
1853 4617 1984 4657 con--

408 4686 674 4753 tinentur,
738 4704 833 4759 per
893 4704 1088 4747 omnes
1136 4694 1432 4764 prophetas
1483 4695 1751 4766 dispersa,
1781 4697 1983 4765 quibus

404 4792 543 4833 sane
570 4779 626 4834 in
681 4783 1007 4850 praesentia,
1047 4800 1227 4856 neque
1247 4786 1586 4857 colligendis,
1616 4802 1791 4857 neque
1812 4789 1984 4844 inter-

405 4872 690 4941 pretandis
723 4881 943 4945 tempus
972 4875 1149 4943 adest,
1179 4878 1400 4934 tametsi
1447 4879 1617 4933 multa
1650 4878 1719 4933 ad
1751 4879 1979 4936 demon-

408 4963 694 5019 strandum
723 4965 776 5019 id
806 4967 951 5036 quod
979 4968 1322 5038 propositum
1353 4976 1460 5032 est,
1506 4970 1564 5023 in
1603 4971 1978 5040 superioribus

404 5051 700 5108 habentur.
727 5053 842 5110 Hoc
893 5065 1075 5112 autem
1108 5057 1213 5113 fuit
1242 5058 1537 5114 ostendere
1569 5060 1673 5126 eis,
1720 5063 1812 5132 qui
1843 5077 1977 5132 quo-

405 5146 552 5201 niam
582 5162 650 5203 ex
670 5148 1093 5207 circumcisione
1135 5161 1298 5216 sunt,
1328 5153 1526 5223 seipsis
1556 5154 1712 5209 valde
1736 5155 1978 5225 glorian-

402 5248 496 5293 tur
528 5248 582 5294 et
615 5239 956 5308 superbiunt,
979 5244 1134 5313 quasi
1173 5259 1234 5300 se
1256 5261 1398 5301 unos
1422 5243 1563 5301 Deus
1592 5246 1817 5317 reliquis
1845 5262 1979 5317 gen-

400 5329 551 5384 tibus
579 5333 947 5400 proposuerit,
974 5351 1143 5404 seque
1172 5352 1313 5392 unos
1335 5337 1530 5408 dignos
1557 5338 1973 5403 existimaverit,

399 5421 604 5491 quibus
632 5436 754 5492 quae
787 5423 968 5479 futura
1006 5434 1183 5491 erant,
1203 5428 1468 5484 divinitus
1498 5433 1971 5499 promitterentur,

396 5513 539 5569 nihil
581 5514 715 5585 ipsis
759 5529 1006 5573 seorsum
1050 5521 1314 5577 acasteris
1362 5522 1639 5588 omnibus,
1685 5522 1741 5576 in
1770 5522 1971 5579 divinis

2084 4514 2271 4586 Μυρία
2310 4515 2354 4568 δ’
2400 4513 2467 4568 ἂν
2510 4513 2690 4585 εὕροις
2721 4513 2815 4568 καὶ
2843 4512 3001 4575 αὐτὸς
3034 4513 3102 4567 δι’
3126 4513 3262 4568 ὅλων
3300 4512 3405 4566 τῶν
3443 4530 3663 4585 προφη-

2082 4607 2191 4659 τῶν
2224 4605 2648 4676 κατεσπαρμένα
2672 4605 2731 4659 ἐν
2760 4603 3114 4672 ἐπαγγελίαις
3142 4604 3254 4657 τῶν
3295 4603 3484 4667 ἐθνῶν,
3517 4604 3661 4675 ἅπερ

2083 4699 2175 4752 ἐπὶ
2206 4698 2298 4751 τοῦ
2348 4698 2611 4770 παρόντος
2657 4695 2781 4749 οὔτε
2828 4694 3132 4765 ἀναλέγειν,
3165 4694 3291 4749 οὔτε
3337 4696 3660 4768 ἑρμηνεύειν

2082 4789 2292 4860 καιρὸς,
2317 4789 2458 4861 πλὴν
2487 4788 2648 4843 ἱκανὰ
2677 4788 2936 4859 τυγχάνει
2958 4789 3053 4842 καὶ
3085 4787 3154 4840 τὰ
3190 4786 3521 4859 προτεθέντα
3552 4806 3657 4842 πα-

2084 4883 2348 4955 ραστῆσαι
2376 4881 2437 4934 τὸ
2479 4880 2857 4954 προκείμενον.
2891 4880 3062 4934 Τοῦτο
3091 4882 3137 4935 δ’
3165 4877 3233 4953 ἦν
3262 4884 3374 4944 τοῖς
3399 4883 3465 4935 ἐκ
3496 4898 3657 4954 περιρ

2078 4972 2252 5044 τομῆς
2291 4973 2435 5043 μέγα
2466 4973 2548 5040 ἐφ’
2581 4974 2795 5035 ἑαυτοῖς
2829 4972 3056 5043 αὐχοῦσι
3089 4973 3186 5026 καὶ
3217 4972 3653 5044 σεμνυνομένοις.

2079 5065 2156 5129 ὡς
2178 5064 2272 5118 τοῦ
2296 5064 2431 5118 Θεοῦ
2466 5065 2658 5136 μόνους
2681 5066 2878 5130 αὐτοὺς
2903 5065 3012 5120 τῶν
3038 5065 3238 5138 λοιπῶν
3265 5066 3436 5120 ἐθνῶν
3468 5084 3653 5137 προτι-

2082 5159 2373 5230 μήσαντος,
2404 5157 2500 5211 καὶ
2534 5156 2725 5227 μόνους
2765 5157 2874 5210 τῶν
2906 5157 3064 5211 θείων
3101 5158 3444 5228 ἐπαγγελιῶν
3483 5177 3651 5226 κατη-

2079 5244 2353 5315 ξιωκότος,
2411 5246 2671 5313 ἐπιδεῖξαι
2720 5247 2797 5310 ὡς
2821 5247 2974 5301 οὐδὲν
3031 5251 3274 5320 κρεῖττον
3332 5247 3483 5319 παρὰ
3529 5249 3649 5309 τοὺς

2077 5338 2298 5403 λοιποὺς
2347 5339 2592 5402 ἅπαντας
2638 5337 2782 5401 ἰδίως
2819 5339 3004 5402 αὐτοῖς
3034 5341 3093 5392 ἐν
3121 5342 3241 5405 ταῖς
3273 5339 3444 5404 θείαις
3475 5340 3647 5410 ἐπήγ-

2081 5432 2263 5501 γελται
2285 5430 2658 5501 ὑποσχέσεσιν.
2687 5430 2813 5482 Ὅτε
2839 5431 3018 5483 τοίνυν
3042 5431 3339 5502 ἀπεδείχθη
3362 5431 3470 5485 τῶν
3493 5430 3647 5484 θείων

2079 5521 2416 5591 ἐπαγγελιῶν
2456 5520 2527 5575 τὰ
2566 5520 2692 5591 ἔθνη
2727 5522 3131 5594 κατηξιωμένα,
3159 5523 3293 5596 φέρε
3333 5523 3520 5579 λοιπδν
3549 5522 3651 5594 ἤδη

467 5702 517 5736 ⁸¹
547 5700 691 5757 Psal.
721 5713 843 5765 xcv,
867 5702 916 5759 7.
975 5704 1020 5736 "
1051 5701 1182 5759 ibid.
1225 5702 1312 5759 10.
1386 5703 1433 5737 ⁸³
1465 5703 1630 5761 Zacli.
1657 5720 1769 5761 xw.
1801 5703 1988 5763 16-19.

2138 5706 2241 5763 lsa.
2279 5721 2352 5772 ix,
2386 5704 2493 5775 ‘,‘2.
2573 5707 2617 5738 ³⁵
2644 5706 2749 5763 lsa.
2772 5721 2921 5772 χιιι,
2951 5707 3002 5761 1.
3069 5706 3115 5740 ⁸⁸
3144 5707 3279 5763 ibid.
3306 5705 3361 5765 6.
