3842 6218
132 384 238 442 105

1062 385 1721 447 DEUONSTRATIONIS
1758 380 2222 439 EVANGELiCIE
2261 382 2392 438 LIB.
2425 382 2491 439 ll.

3288 387 3390 446 £06

128 503 223 557 καὶ
250 501 316 555 τὸ
352 502 420 557 δι’
447 498 511 559 οὗ
540 505 611 559 τὰ
642 506 777 578 ,ἔθνη
803 506 903 577 τῆς
928 506 1024 561 τοῦ
1056 507 1192 562 Θεοῦ
1216 508 1463 579 κλήσεως
1492 506 1586 560 καὶ
1608 504 1699 558 τῶι

1819 498 2279 571 promissionibus
2309 513 2431 555 esse
2458 496 2816 569 promissum.
2841 495 3073 567 Quando
3100 499 3268 573 igitur
3292 501 3389 558 de+

126 594 291 647 θείων
342 596 686 664 ἐπαγγελιῶν
731 597 1014 662 τεύξεσθαι
1059 597 1315 667 λέγεται,
1370 594 1710 666 θεασώμεθα.

126 682 310 737 Καλὸν
343 685 453 758 γὰρ
491 687 587 742 καὶ
633 688 732 759 τὴν
776 689 954 742 αἰτίαν
994 690 1220 744 συνιδεῖν
1264 688 1362 760 τὴν
1393 690 1503 752 τοῖς
1534 686 1713 741 ἔθνεσι

126 776 198 829 τὰ
224 777 413 845 ἀγαθὰ
439 778 794 851 προξενήσειν
820 781 1134 852 λεγομένην.
1170 782 1266 844 Τίς
1296 781 1341 834 δ’
1370 780 1436 835 ἂν
1464 780 1549 849 εἴη
1574 778 1710 849 αῦτη

127 869 163 939 ἢ
199 869 296 922 τοῦ
327 868 566 941 Χριστοῦ
598 873 890 943 παρουσία,
921 872 990 925 δι’
1019 868 1079 928 οὗ
1113 873 1280 926 κοιὶοί
1315 874 1379 925 ἐκ
1412 869 1710 943 περιτομῆς

121 960 226 1031 τὴν
250 961 463 1016 ἑαυτῶν
490 961 808 1032 ὁμολογοῦσι
830 963 1150 1035 γενήσεσθαι
1170 961 1575 1035 ἀπολύτρωσιν;
1594 962 1712 1014 Δει-

121 1054 285 1107 κτέον
317 1054 518 1118 τοίνυν,
547 1056 623 1119 ὠς
652 1057 797 1127 καὶὴ
827 1056 926 1125 τῆς
950 1055 1057 1109 τῶν
1084 1055 1254 1109 ἐθνῶν
1270 1055 1519 1127 κλήσεως
1550 1071 1713 1127 προσ-

118 1143 283 1197 δοκία
309 1145 418 1197 οὐδ’
443 1146 518 1215 (1)
537 1145 699 1217 ἑτέρα
714 1164 796 1209 τις
813 1146 1078 1217 ὑπῆρχεν,
1096 1146 1129 1216 ἢ
1148 1145 1311 1209 αὐτὸς
1326 1146 1353 1197 ὁ
1369 1143 1601 1216 Χριστὸς
1613 1142 1708 1196 τοῦ

118 1233 281 1297 Θεοῦ,
314 1236 375 1287 οὐ
405 1237 564 1306 μόνον
604 1236 897 1301 Ἰουδαίοις,
925 1237 1059 1290 ἀλλὰ
1089 1238 1185 1290 καὶ
1208 1237 1342 1289 πᾶσι
1374 1238 1484 1299 τοῖς
1534 1234 1710 1288 ἔθνεσι

116 1324 322 1394 Σωτὴρ
353 1326 839 1397 ἐπιφανησόμενος.
870 1329 1158 1399 Χρήσομαι
1198 1326 1254 1380 δὲ
1291 1326 1358 1380 τὰ
1390 1325 1485 1379 νῦν
1526 1325 1710 1395 ψιλαῖς

115 1413 229 1467 τῶν
282 1416 580 1485 προφητῶν
627 1417 950 1489 μαρτυρίαις
993 1419 1117 1488 δίχα
1166 1419 1349 1489 πάσης
1387 1418 1702 1490 ἑρμηνείας,

112 1503 216 1555 ἐπὶ
244 1503 448 1574 σχολῆς
471 1504 677 1575 μέλλων
706 1506 942 1577 ἑκάστην
970 1509 1051 1571 εἰς
1070 1506 1272 1571 πλάτος
1291 1507 1668 1578 διερμηνεύειν
1687 1524 1701 1538 °

109 1593 265 1645 ἐπὰν
299 1596 399 1646 σῦν
424 1593 545 1664 Θεῷ
571 1594 672 1659 τὰς
705 1596 832 1667 περὶ
864 1596 969 1652 τῶν
998 1597 1167 1650 ἐθνῶν
1224 1599 1558 1669 προρρήσεις
1586 1614 1709 1652 συν-

107 1690 348 1759 αγαγὼν
371 1691 508 1761 ὁμοῦ
543 1692 722 1755 πάσας
744 1692 1116 1766 διερμηνεύειν
1152 1692 1420 1765 μέλλοιμι.

1811 597 2178 645 monstratum
2198 596 2305 654 est,
2332 596 2524 661 gentes
2561 603 2779 661 quoque
2818 590 3128 647 divinorum
3154 590 3386 662 promis-

1812 698 1996 738 sorum
2023 682 2349 738 beneﬁcium
2393 697 2517 738 esse
2562 690 2911 748 consecutas,
2966 699 3067 756 age
3089 684 3204 756 jam
3227 685 3386 742 dein-

1808 790 1937 844 ceps
1954 773 2212 844 quidnam
2244 772 2377 829 illud
2413 775 2513 839 sit,
2568 790 2635 829 ex
2664 790 2776 846 quo
2818 783 3009 848 gentes
3049 783 3103 833 et
3139 778 3381 835 vocatio-

1810 866 1899 921 nis
1926 864 2019 922 Dei
2078 873 2131 921 et
2164 865 2473 921 divinorum
2524 868 2918 937 promissorum
2978 880 3256 942 compotes
3301 870 3385 927 fu-

1806 968 1941 1015 tura:
1995 958 2294 1024 dicuntur,
2348 960 2799 1030 contemplemur.
2872 959 3171 1019 Pulchrum
3236 963 3383 1019 enim

1811 1058 1898 1106 est
1944 1065 2171 1111 pausam
2212 1066 2543 1122 cognoscere
2576 1092 2593 1117 ,
2636 1067 2759 1123 qua:
2802 1054 2932 1108 talia
2985 1055 3128 1111 bona
3167 1054 3383 1125 dicatur

1810 1158 1932 1198 esse
1962 1144 2217 1214 gentibus
2252 1145 2610 1198 conciliatura
2632 1184 2648 1209 ,
2679 1161 2928 1216 quaenam
2958 1162 3123 1218 porro
3162 1148 3270 1202 alia
3314 1150 3385 1204 sit

1812 1233 1947 1298 haec,
1983 1249 2143 1303 quam
2162 1233 2370 1290 Christi
2415 1234 2721 1292 adventus?
2770 1251 2869 1308 per
2910 1252 3073 1307 quem
3098 1236 3135 1290 ii
3166 1251 3385 1307 quoque

1796 1314 1904 1397 qui
1930 1342 1995 1382 ex
2024 1327 2442 1384 circumcisione
2471 1337 2621 1391 sunt,
2656 1342 2812 1395 suam
2852 1328 3090 1383 futuram
3133 1344 3257 1386 esse
3291 1344 3382 1384 re-

1811 1419 2172 1490 demptionem
2204 1418 2569 1475 conﬁtentur?
2584 1418 2680 1475 Est
2708 1420 2872 1491 igitur
2898 1419 3381 1476 demonstrandum

1813 1504 2277 1581 exspectationem
2351 1511 2655 1567 vocationis
2719 1511 2961 1581 gentium
3042 1527 3152 1567 non
3218 1511 3382 1565 aliam

1814 1603 2122 1673 quampiam
2145 1602 2340 1666 fuisse,
2385 1618 2543 1673 quam
2593 1601 2704 1674 49
2729 1601 2906 1671 ipsum
2945 1600 3229 1659 Christum
3263 1598 3380 1665 Dei,

1816 1695 1909 1765 qui
1947 1710 2057 1749 non
2088 1695 2263 1749 solum
2286 1692 2510 1756 Judaeis,
2536 1694 2630 1749 sed
2657 1694 2822 1748 etiam
2842 1692 3098 1748 omnibus
3125 1690 3382 1762 gentibus

108 1780 467 1837 Salvatorem
520 1798 580 1840 se
638 1782 803 1839 fuerit
839 1786 1207 1840 exhibiturus.
1263 1783 1400 1840 Utar
1422 1799 1552 1840 vero
1598 1798 1745 1839 nunc
1803 1785 1968 1843 nudis
2013 1785 2401 1857 prophetarum
2443 1782 2773 1843 testimoniis
2846 1782 3055 1854 absque
3117 1780 3228 1838 ulla
3296 1782 3384 1843 in-

107 1877 537 1944 terpretatione,
572 1880 687 1933 otio
707 1888 830 1948 post
860 1879 1114 1934 liberiore
1146 1879 1573 1949 unumquodque
1594 1893 1785 1935 eorum
1814 1879 1978 1935 latius
2003 1880 2460 1950 interpretaturus
2479 1894 2492 1931 :
2512 1876 2977 1950 quandoquidem,
3007 1876 3222 1935 favente
3245 1875 3379 1945 Deo,

106 1969 210 2023 ubi
237 1969 430 2023 omnia
460 1987 583 2041 qua:
606 1966 696 2027 'de
726 1973 978 2042 gentibus
1002 1973 1258 2043 praedicta
1287 1982 1416 2030 sunt
1444 1974 1497 2028 in
1532 1989 1700 2028 unum
1742 1988 1992 2046 coegere,
2025 1973 2143 2043 ipsa
2171 1973 2286 2028 haec
2316 1971 2667 2043 interpretari
2690 1968 2979 2028 constitui.

660 2086 1060 2142 ΚΕΦΑΛΑΙΟΝ
1107 2089 1183 2143 B'.

105 2197 317 2264 ὀπως
350 2202 403 2253 οἱ
443 2201 614 2255 αὐτοὶ
657 2200 755 2255 ἐπὶ
799 2200 874 2269 τῇ
921 2202 1029 2257 τοῦ
1077 2202 1334 2271 Χριστοῦ
1378 2204 1700 2272 παρουσίᾳ,

176 2290 308 2358 τὴν
337 2294 445 2347 τοῦ
481 2294 668 2348 πάλαι
700 2296 837 2362 παρ’
880 2295 1167 2362 Ἑϐραίοις
1194 2298 1387 2364 μόνου
1418 2311 1703 2367 γινωσκο-

167 2383 377 2453 μένου
402 2384 552 2438 Θεοῦ
577 2385 806 2454 γνῶσίν
830 2402 893 2438 τε
917 2386 1013 2438 καὶ
1042 2386 1375 2452 εὐσέϐειαν,
1410 2385 1608 2439 πάντα
1630 2383 1702 2438 τὰ

170 2475 336 2544 ἔθνη
365 2476 745 2546 μαθήσεσθαι
776 2476 1223 2547 προεθέσπιζον.

96 2587 209 2642 lB’.
258 2588 399 2660 Ἀπὸ
429 2589 537 2643 τοῦ
577 2589 823 2660 ψαλμοῦ
857 2589 922 2659 β’.
953 2622 1022 2631 —
1065 2589 1338 2659 Δήλωσις
1378 2590 1700 2660 ἐπιϐουλῆς

168 2658 293 2712 τοῦ
322 2659 605 2727 Χριστοῦ.
648 2659 748 2712 καὶ
789 2658 971 2725 αὑτὸς
1015 2658 1526 2729 ἀναγορευόμενος
1568 2658 1700 2728 Υἱὸς

173 2729 638 2801 Θεοῦκκλῆρόν
693 2746 756 2782 τε
808 2731 881 2783 τὰ
932 2731 1079 2799 ἔθνη
1123 2730 1282 2798 παρὰ
1318 2730 1423 2784 τοῦ
1468 2731 1700 2801 Πατρός

166 2798 530 2868 λαμϐάνων.

171 2931 199 2965 ε
231 2914 358 2967 Ἵνα
394 2913 451 2965 τί
512 2912 789 2983 ὲςρρῦαξαν
837 2911 989 2984 ἔθνη,
1044 2913 1137 2965 καὶ
1189 2911 1310 2966 λαοὶ
1364 2912 1698 2984 ἐμελέτησαν

93 3003 281 3067 κενάς
318 3004 682 3075 Παρὲστησαν
716 3006 764 3057 οἱ
804 3003 1044 3074 βασιλεῖς
1089 3003 1190 3073 τῆς
1221 3004 1344 3074 γῆς,
1389 3006 1482 3059 xal
1512 3006 1561 3058 οἱ
1595 3004 1697 3076 ἄρ-

92 3109 299 3163 χοντες
331 3091 678 3164 συνήχθησαν
711 3092 806 3145 ἐπὶ
836 3093 896 3145 τὸ
923 3092 1056 3145 αὐτὸ
1089 3092 1232 3145 κατὰ
1253 3092 1346 3146 τοῦ
1375 3092 1579 3164 Κυρίου
1606 3096 1699 3149 καὶ

93 3186 254 3240 κατὰ
284 3186 386 3238 τοῦ
417 3186 653 3255 Χριστοῦ
691 3186 877 3249 αὑτοῦ,
919 3205 938 3237 ι
978 3187 1069 3240 καὶ
1102 3186 1169 3239 τὰ
1198 3186 1326 3256 ἑξῆς
1357 3204 1369 3216 ·
1403 3180 1484 3250 οἷς
1516 3186 1699 3241 ἐπιλέ-

91 3294 224 3345 γει·
269 3297 290 3329 ι
330 3277 539 3349 Κύριος
582 3273 704 3330 εἷπε
748 3277 885 3349 πρὸς
920 3278 988 3349 μέ
1020 3295 1033 3307 ·
1083 3277 1211 3342 Υἱός
1240 3296 1340 3349 μου
1374 3274 1425 3332 εἷ
1468 3279 1552 3343 σὺ,
1587 3278 1698 3348 ἐγὼ

92 3371 353 3442 σήμερον
375 3369 679 3439 γεγέννηκά
707 3385 785 3422 σε.
821 3370 1051 3439 Δίτησαι
1078 3369 1206 3440 παρ’
1238 3370 1395 3441 ἐμοῦ,
1423 3370 1515 3423 καὶ
1539 3368 1696 3423 δώσω

2421 2084 2651 2145 CAPUT
2691 2087 2756 2143 ll.

1804 2203 2262 2273 Quemadmodum
2299 2204 2458 2259 iidem
2495 2203 2647 2273 fore,
2688 2212 2744 2284 ut
2782 2203 2839 2259 in
2877 2202 3103 2259 adventu
3142 2200 3376 2269 Christi,

1869 2298 1983 2369 ejus
2022 2297 2121 2352 Dei
2157 2298 2249 2369 qui
2285 2297 2413 2351 olim
2459 2314 2492 2350 α
2535 2295 2740 2351 Iudaeis
2777 2296 2908 2351 solis
2945 2295 3375 2366 cognoscebatur,

1871 2391 2223 2460 cognitionem
2260 2398 2311 2443 et
2347 2390 2546 2443 cultum
2596 2404 2774 2443 omnes
2821 2397 2997 2459 gentes
3048 2387 3374 2458 acciperent,

1870 2482 2146 2536 vaticinati
2179 2490 2322 2535 sunt.

1798 2593 1917 2649 ΧΠ.
1950 2593 1994 2647 A
2041 2593 2247 2663 psalmo
2272 2609 2421 2648 t|.—
2439 2585 2746 2663 Declaratio
2770 2590 3093 2663 insidiarum
3121 2589 3372 2647 adversus

1872 2659 2173 2727 Christum,
2208 2663 2297 2717 ubi
2325 2664 2439 2732 ipse
2478 2660 2650 2715 Filius
2684 2659 2783 2732 Dei
2811 2661 3130 2731 appellatur,
3169 2670 3220 2715 et
3249 2676 3375 2731 gen-

1869 2744 1943 2789 tes
1973 2734 2330 2788 hatreditatem
2354 2750 2387 2786 a
2414 2731 2574 2786 Patre
2604 2731 2810 2799 accipit.

1874 2929 1894 2962 ι
1926 2908 2108 2978 Quare
2152 2909 2495 2965 fremuerunt
2534 2916 2757 2979 gentes,
2799 2914 2855 2963 et
2899 2907 3085 2979 populi
3126 2905 3370 2963 meditati

1799 3013 1927 3061 sunt
1970 3002 2203 3059 inania?
2237 2999 2546 3057 Astiterunt
2578 3014 2735 3069 reges
2770 3005 2962 3064 terra,
3002 3005 3057 3055 et
3091 2998 3368 3071 principes

1797 3101 2173 3153 convenerunt
2206 3096 2259 3148 in
2294 3107 2497 3167 unum,
2528 3091 2794 3149 adversus
2822 3091 3113 3147 Dominum
3139 3130 3155 3157 ,
3188 3097 3244 3147 et
3271 3089 3370 3147 ad-

1798 3206 1994 3246 versus
2025 3189 2306 3244 Christum
2331 3189 2451 3259 ejus
2485 3188 2554 3254 ",
2587 3207 2606 3241 ι
2631 3194 2685 3243 et
2716 3200 2839 3258 quae
2867 3190 3211 3255 sequuntur;
3238 3181 3366 3254 qui-

1798 3282 1903 3337 bus
1933 3281 2175 3353 adjungit
2206 3299 2262 3336 ε(
2287 3280 2553 3336 Dominus
2580 3279 2722 3335 dixit
2745 3278 2813 3333 ad
2845 3292 2968 3334 me:
3002 3274 3175 3331 Filius
3209 3289 3367 3331 meus

1799 3389 1860 3429 es
1901 3381 1958 3428 tu
1984 3416 2000 3440 ,
2031 3387 2133 3443 ego
2170 3370 2332 3427 hodie
2360 3373 2523 3442 genui
2556 3378 2632 3428 te.
2664 3369 2887 3426 Postula
2920 3384 2952 3423 a
2984 3383 3105 3433 me,
3140 3374 3195 3424 et
3223 3366 3366 3423 dabo

92 3431 185 3516 σᾶ
228 3431 764 3533 ἔθνη-κληρονομίαν
807 3431 1052 3526 com-ml
1078 3431 1176 3533 τὴν
1215 3431 1545 3532 κατάσχεσίν
1593 3479 1688 3515 σου

1811 3465 1896 3520 ibi
1956 3431 2146 3535 genios
2200 3431 2570 3520 haereditatem
2628 3470 2812 3528 tuam,
2863 3467 2918 3518 et
2958 3458 3364 3532 possessionem

86 3555 160 3607 τὰ
194 3554 428 3625 πέρατα
466 3555 565 3625 τῆς
596 3554 721 3624 γῆς.
768 3573 789 3606 ι

87 3668 191 3724 ll".
241 3667 384 3721 Ἀπὸ
411 3668 517 3721 τοῦ
538 3668 781 3736 ψαλμοῦ
802 3674 897 3721 oa'.
917 3700 989 3710 —
1005 3667 1278 3736 Δήλωσις
1307 3669 1562 3736 Χριστοῦ
1577 3668 1693 3732 ,ϐα-

156 3740 418 3802 σιλείας
442 3739 539 3791 καὶ
571 3738 843 3804 κλήσεως
862 3737 1071 3802 ἐθνῶν,
1095 3738 1191 3792 καὶ
1214 3740 1429 3794 πασῶν
1447 3737 1563 3791 τῶν
1582 3756 1693 3806 φυ-

157 3806 304 3861 λῶν
332 3807 448 3874 τῆς
476 3806 587 3875 γῆς
614 3810 879 3877 εὐλογία.
1214 3826 1219 3833 ν

164 3918 188 3951 ι
251 3900 314 3952 ὐ
347 3899 501 3962 Θεὸς,
547 3900 610 3952 τὸ
640 3901 817 3971 κρίμά
855 3917 948 3955 σου
978 3900 1058 3972 τῷ
1093 3899 1303 3971 βασιλεῖ
1333 3900 1421 3965 δὸς
1462 3901 1559 3954 καὶ
1592 3898 1690 3972 τὴν

85 3989 459 4060 δικαιοσύνην
493 4007 586 4043 σου
626 3989 705 4061 τῷ
748 3989 847 4061 υίῷ
881 3991 974 4043 τοῦ
1019 3991 1303 4061 βασιλέως,
1355 3984 1561 4061 κρίνειν
1597 3991 1688 4044 τὸν

85 4082 227 4136 λαόν
264 4100 389 4145 σου,
426 4101 446 4132 ι
481 4083 574 4136 καὶ
603 4083 672 4136 τὰ
704 4083 850 4155 ἑξῆς,
892 4078 974 4147 οἷς
1003 4083 1279 4152 ὲπιλέγει’
1322 4102 1338 4134 ι
1382 4084 1494 4138 Kal
1521 4101 1689 4138 κατα-

85 4178 387 4250 κυριεύσει
420 4178 528 4231 ἀπὸ
559 4177 834 4249 θαλάσσης
872 4179 976 4243 ἕως
1005 4180 1297 4249 θαλάσσης,
1331 4180 1426 4234 καὶ
1451 4180 1558 4234 ἀπὸ
1601 4197 1691 4234 πο·

82 4269 276 4339 ςαμοῦ
309 4270 420 4332 ἕως
454 4270 705 4340 περάτων
739 4271 839 4341 τῆς
878 4270 1226 4342 οἰκουμένης.
1271 4289 1290 4321 ι
1339 4271 1450 4322 Καὶ
1495 4265 1684 4333 αὖθις·

86 4379 109 4411 σ
157 4360 362 4415 Πάντα
390 4360 459 4414 τὰ
500 4359 627 4431 ἔθνη
658 4360 1033 4414 δουλεύσουσιν
1064 4360 1233 4432 αὐτῷ.
1285 4380 1304 4412 ι
1342 4361 1454 4415 Kal
1490 4360 1682 4414 πάλιν·

86 4472 109 4504 ι
153 4452 639 4523 Εὐλοτηθήσονται
669 4455 725 4506 ὲν
762 4453 912 4524 αὐτῷ
949 4454 1121 4507 πᾶσαι
1149 4454 1205 4508 αἱ
1240 4453 1404 4521 φυλαὶ
1432 4453 1529 4523 τῆς
1558 4453 1680 4523 γῆς,

78 4545 279 4598 πάντα
319 4545 395 4598 τὰ
425 4545 554 4616 ἔθνη
586 4545 944 4617 μακαριοῦσιν
978 4546 1157 4598 αὐτόν.
1202 4564 1220 4594 ι
1259 4546 1370 4598 Kal
1409 4546 1503 4597 ἐπὶ
1542 4545 1682 4598 τέλει

74 4636 182 4691 τοῦ
214 4636 472 4709 ψαλμοῦθ
519 4656 538 4689 ι
584 4637 692 4691 Kal
740 4637 1157 4709 πληρωθήσεται
1197 4637 1296 4706 τῆς
1329 4635 1484 4707 δόξης
1516 4634 1681 4689 αὐτοῦ

72 4730 250 4783 πᾶσα
290 4729 326 4798 ἡ
490 4728 721 4797 γένοιτο,
748 4727 987 4797 γένοιτοέ
1020 4746 1039 4778 ι

71 4845 181 4899 ω’.
234 4843 374 4898 Ἀπὸ
402 4842 508 4896 τοῦ
532 4843 777 4911 ψαλμοῦ
801 4839 906 4909 ις’.
947 4841 1216 4910 Δήλωσις
1257 4840 1524 4911 ᾄσματος
1552 4857 1678 4893 και-

150 4915 302 4991 νοῦ,
328 4913 473 4991 Δκαὶ⁸
488 4910 820 4991 ,ϐραχίονρς
862 4912 1042 4975 Θεοῦ,
1093 4912 1190 4991 real
1232 4910 1339 4963 τοῦ
1380 4911 1676 4991 σωτηρίου

149 4983 361 5039 αὑτοῦ
388 4982 542 5036 πᾶσι
575 4981 700 5047 τοῖς
737 4982 938 5036 ἔθνεσι
980 4981 1343 5050 φανέρωσις·
1382 4981 1677 5050 σωτήριον

149 5055 231 5110 δὲ
258 5054 326 5107 τὸ
356 5053 464 5107 τοῦ
491 5051 627 5106 υἱοῦ
654 5052 839 5121 ὄνομα
875 5048 1148 5119 Ἐϐραίων
1169 5050 1453 5119 δηλοῦται
1481 5048 1670 5119 φωνῇ.

150 5162 176 5194 ι
233 5142 445 5212 ’ᾼσατε
483 5141 563 5211 τῷ
594 5141 784 5211 Κυρίῳ
828 5138 979 5211 ᾆσμα
1018 5139 1223 5203 καινὸν,
1261 5140 1342 5192 ὅτι
1387 5137 1675 5209 Θαυμαστὰ

64 5235 349 5304 ἐποίησεν
363 5234 393 5286 ὀ
408 5231 632 5304 Κύριος.
661 5234 903 5285 Ἔσωσεν
926 5232 1086 5284 αὑτὸν
1102 5233 1135 5301 ή
1151 5230 1300 5294 δεξιὰ
1327 5228 1512 5293 αὑτοῦ,
1534 5229 1628 5283 καὶ
1647 5229 1676 5281 ὁ

67 5325 337 5396 βραχίων
356 5327 386 5377 ὁ
405 5324 562 5392 ἅγιος
581 5323 766 5377 αὑτοῦ.
798 5322 1087 5395 Ἐγνώρισε
1107 5322 1309 5394 Κύριος
1330 5322 1391 5374 τὸ
1413 5322 1676 5393 σωτήριον

64 5412 284 5474 αὐτοῦ,
296 5413 540 5466 ἐναντίον
556 5411 664 5465 τῶν
680 5411 848 5464 ὲθνῶν
866 5410 1210 5480 ἀπεκάλυψεν
1220 5410 1318 5482 τὴν
1334 5409 1675 5481 δικαιοσύνην

66 5503 287 5567 αὑτοῦ,
308 5501 554 5574 ἐμνήσθη
583 5502 677 5555 τοῦ
708 5503 888 5566 ἐλέους
907 5502 1074 5556 αὑτοῦ
1099 5500 1177 5573 τῷ
1211 5500 1429 5565 Ἰακὼϐ,
1460 5501 1554 5554 καὶ
1577 5501 1676 5571 τῆς

64 5592 351 5661 ἀληθείας
381 5594 550 5647 αὐτοῦ
581 5593 662 5665 τῷ
693 5594 827 5665 οἴκῳ
866 5592 1114 5666 Ἰσραήλ·
1152 5595 1362 5648 εῐδοσαν
1399 5593 1575 5647 πάντα
1604 5591 1674 5645 τὰ

147 5716 202 5748 ⁸⁷
235 5712 387 5768 Psai.
419 5728 481 5773 ll,
520 5709 633 5787 ιβ.
724 5710 770 5743 ⁵³
799 5711 928 5765 ibid.
966 5710 1095 5765 7-8.
1164 5711 1214 5744 ⁸³
1238 5710 1384 5767 Psal.
1415 5725 1566 5775 ιλιι,
1596 5708 1718 5763 2-5ε

148 5829 241 5900 (ι)
467 5824 630 5879 Forte
656 5826 773 5897 οὐχ.
798 5824 962 5879 ίΕοιτ.
996 5822 1173 5878 Pun.
1278 5832 1297 5841 '

373 5917 649 5977 Parnm"
681 5915 796 5977 Gn.
850 5915 1003 5976 XXI
1018 5921 1063 5982 ι,

1793 3560 1941 3608 tuam
1971 3554 2234 3611 terminos
2264 3563 2419 3611 terra:
2434 3553 2501 3607 ⁸⁸.
2536 3572 2556 3607 ι

1790 3667 1937 3723 XIII.
1979 3667 2021 3722 Α
2064 3667 2276 3736 psalmo
2311 3682 2464 3724 uxr.
2490 3696 2559 3707 -ο
2586 3665 2891 3722 Declaratio
2929 3665 3077 3735 regni
3119 3663 3362 3728 Christi,

1865 3748 1913 3810 et
1944 3735 2228 3810 vocationis
2258 3740 2526 3810 gentium,
2569 3746 2619 3792 et
2659 3738 2894 3791 omnium
2937 3735 3168 3790 tribuum
3209 3743 3364 3790 terra:

1867 3807 2173 3864 benedictio.

1870 3917 1891 3951 ι
1923 3898 2096 3965 Deus,
2141 3898 2410 3970 judicium
2464 3907 2617 3953 tuum
2670 3896 2786 3968 regi
2836 3896 2940 3962 da,
2988 3902 3045 3951 et
3088 3892 3363 3967 justitiam

1792 3999 1944 4047 tuam
1991 3992 2103 4047 ﬁlio
2154 3992 2331 4062 regis,
2368 3990 2621 4062 judicare
2659 3989 2920 4061 populum
2952 3995 3105 4043 tuum
3152 3988 3220 4051 ⁵⁸,
3255 4005 3274 4039 ι
3308 3991 3365 4041 et

1792 4097 1915 4154 qua:
1965 4088 2273 4152 sequuntur
2309 4098 2325 4147 ;
2360 4080 2562 4152 quibus
2615 4077 2864 4148 adjungit
2894 4118 2908 4132 .
2944 4093 2966 4128 ι
2998 4074 3065 4129 Et
3111 4074 3362 4129 domina-

1791 4174 1938 4229 bitur
1970 4188 2002 4227 a
2041 4175 2183 4227 mari
2227 4187 2404 4243 usque
2441 4170 2507 4225 ad
2552 4184 2702 4225 mare
2724 4208 2740 4233 ,
2775 4177 2828 4224 et
2861 4181 2893 4222 a
2928 4164 3154 4221 ﬂumine
3183 4177 3360 4234 usque

1789 4266 1854 4321 ad
1889 4268 2024 4323 lines
2057 4266 2209 4321 orbis
2241 4275 2402 4319 terrae
2426 4265 2491 4318 ⁸ο.
2528 4282 2546 4315 ι
2574 4263 2642 4318 Ει
2669 4275 2905 4316 rursus:
2937 4278 2955 4311 ι
2988 4258 3189 4314 Omnes
3222 4271 3358 4328 gen-

1788 4369 1872 4415 tes
1917 4359 2154 4414 servient
2189 4357 2241 4413 ei
2269 4356 2313 4388 “
2348 4376 2367 4409 ι
2396 4355 2527 4410 Item
2555 4372 2571 4410 :
2603 4371 2624 4406 ι
2654 4352 2722 4408 Et
2761 4350 3152 4407 benedicentur
3191 4348 3248 4401 in
3289 4360 3357 4401 eo

1787 4466 1978 4507 omnes
2022 4451 2200 4505 tribus
2246 4456 2438 4510 terrae,
2488 4460 2679 4501 omnes
2727 4450 2918 4515 gentes
2963 4437 3354 4497 beatillcabunt

1785 4560 1908 4599 eum
1941 4543 2005 4600 ⁸³.
2038 4560 2057 4595 ι
2090 4541 2155 4597 Et
2206 4541 2263 4595 in
2319 4539 2425 4594 ﬁne
2473 4536 2668 4608 psalmi
2697 4554 2712 4590 :
2746 4553 2766 4586 ι
2803 4533 2870 4588 Et
2917 4530 3218 4603 replebitur
3246 4527 3356 4600 5o

1786 4635 2071 4705 majestate
2102 4633 2222 4704 ejus
2257 4631 2436 4687 omnis
2461 4636 2607 4684 terra
2632 4646 2645 4682 :
2675 4627 2786 4691 ﬁat,
2815 4626 2908 4680 ﬁat
2927 4624 3011 4677 “l
3044 4643 3064 4675 ι

1784 4834 1926 4889 XIV.
1963 4833 2005 4887 Α
2047 4832 2253 4902 psalmo
2283 4843 2452 4902 xcvtt.
2474 4860 2542 4902 -τ
2565 4825 2868 4902 Declaratio
2881 4820 3087 4902 cantici
3110 4819 3234 4902 ιςουί
3250 4856 3280 4899 ,.
3301 4825 3353 4870 et

1856 4889 2058 4958 brachii
2078 4904 2191 4959 Dei.
2225 4912 2275 4956 et
2300 4900 2556 4955 salutaris
2586 4898 2698 4964 ejus
2729 4894 2984 4964 omnibus
3001 4890 3239 4964 gentibus
3262 4889 3353 4940 in-

1853 4976 2091 5028 dicatio:
2120 4974 2357 5026 salutare
2385 4980 2558 5024 autem
2590 4960 2691 5037 filii
2718 4980 2903 5018 nomen
2936 4960 3201 5016 Hebraica
3233 4973 3354 5012 voce

1850 5045 2261 5099 demonstratur.

1861 5148 1880 5181 ι
1907 5130 2136 5185 Cantate
2194 5128 2425 5183 Domino
2466 5124 2741 5181 canticum
2786 5134 2987 5176 novum
3012 5158 3029 5185 ,
3077 5117 3207 5189 quia
3246 5114 3355 5170 mi-

1781 5220 1977 5275 rabilia
2023 5218 2151 5274 fecit
2194 5218 2478 5273 Dominus.
2523 5214 2744 5269 Salvum
2789 5210 2920 5267 fecit
2961 5224 3086 5266 eum
3127 5210 3351 5263 dextera

1783 5313 1993 5384 ipsius,
2046 5318 2101 5366 et
2150 5311 2735 5367 brachium‘sanctum
2784 5305 2918 5376 ejus.
2980 5302 3180 5359 Notum
3221 5299 3350 5354 fecit

1780 5405 2048 5460 Dominus
2104 5406 2345 5461 salutare
2399 5418 2598 5467 suum,
2656 5401 2711 5454 in
2763 5404 3057 5469 conopectu
3106 5393 3347 5465 gentium

1780 5497 2039 5554 revelavit
2072 5497 2345 5568 justitiam
2385 5510 2584 5563 suam;
2639 5491 2961 5547 recordatus
3009 5497 3095 5545 est
3128 5483 3339 5542 miseri-

1780 5591 1984 5647 cordias
2015 5607 2130 5649 suae
2160 5589 2329 5647 Jacob
2348 5630 2365 5656 ,
2396 5595 2453 5645 et
2482 5586 2733 5643 veritatis
2770 5580 3101 5641 sum'domui
3142 5575 3305 5634 Israel
3334 5593 3346 5627 :

1798 5708 1844 5743 ⁸⁸
1877 5709 2009 5767 ibid.
2044 5711 2098 5766 8.
2190 5711 2233 5744 “
2269 5709 2403 5767 ibid.
2443 5708 2534 5763 Η.
2614 5709 2658 5741 ⁶¹
2692 5705 2823 5765 ibid.
2854 5703 2973 5760 l7.‘
3017 5697 3221 5756 “ibid.
3265 5694 3352 5756 ις.

2992 5900 3031 5959 Β
