3842 6218
166 413 273 473 109

1091 409 1744 472 DEMONSTRA'I‘IONIS
1782 409 2245 467 EVANGELICIE
2281 408 2409 465 LIB.
2445 410 2543 466 II.-

3261 464 3265 467 _
3326 409 3427 463 IIl)

162 534 296 599 κτός
333 551 461 607 μου,
500 532 861 605 προσεδέξατο
891 532 1054 588 αὑτὸν
1098 535 1133 604 ή
1183 533 1328 604 ψυχή
1370 543 1493 603 μου.
1547 529 1762 583 Ἔδωκα
1791 541 1840 593 Α
1866 546 1905 585 at

1866 529 2088 585 admisit
2137 544 2262 586 eum
2299 528 2443 601 apud
2485 543 2546 584 se
2593 527 2773 582 anima
2812 540 2935 581 mea
2961 544 2973 581 :
2998 524 3123 581 dedi
3176 525 3428 596 spiritum

162 626 228 682 τὸ
256 625 479 698 πνεῦμά
524 642 625 696 μου
671 626 760 677 ἐπ’
805 624 990 690 αὑτὸν,
1040 626 1136 679 καὶ
1182 625 1365 696 κρίσιν
1409 626 1522 687 τοῖς
1554 622 1759 675 ἔθνεσιν

163 718 393 784 ἐξοίσει.
426 719 501 773 Οὒ
525 716 805 789 κεκράξει,
836 716 958 769 οὐδὲ
979 718 1190 788 ἀνήσει,
1222 716 1343 769 οὐδὲ
1360 713 1758 786 ἀκουσθήσεται

163 812 331 883 εξωή
351 811 503 881 φωνὴ
533 809 721 863 αὐτοῦ·
763 808 1006 880 κάλαμον
1038 808 1494 877 συντεθλασμένον
1539 806 1600 859 οὐ
1624 823 1756 859 κατ-

158 904 336 967 εάξει,
396 904 492 956 καὶ
519 902 667 956 λίνον
702 901 1003 971 τυφόμενον
1032 900 1094 952 οὐ
1128 899 1330 963 σϐέσει,
1372 896 1484 951 ἀλλ’
1515 899 1594 960 εἰς
1624 895 1756 968 ἀλή-

160 995 317 1049 θειαν
345 995 543 1060 ἐξοίσει
597 993 801 1065 κρίσιν·
826 990 1156 1063 ἀναλάμψει,
1185 992 1281 1044 καὶ
1327 990 1389 1043 οὐ
1419 988 1756 1061 θραυσθήσε-

154 1106 278 1152 ται,
307 1089 414 1151 ἕως
445 1088 513 1159 θῇ
542 1088 637 1139 ἐπὶ
665 1086 768 1156 τῆς
796 1085 900 1155 γῆς
931 1085 1133 1156 κρίσιν·
1171 1082 1265 1137 καὶ
1297 1083 1390 1135 ἐπὶ
1416 1080 1495 1152 τῷ
1531 1081 1757 1152 ὀνόματι

154 1178 333 1233 αὐτοῦ
372 1179 500 1250 ἐθνη
540 1177 837 1231 ἐλπιοῦσιν.
880 1195 899 1228 ι
929 1176 1040 1229 Καὶ⁸
1070 1175 1198 1245 ἐξῆς
1225 1173 1467 1241 ἐπιλέγει
1496 1187 1507 1198 ’
1546 1190 1565 1224 ι
1615 1170 1756 1240 Ἐγὼ

152 1271 372 1342 Κύριος
399 1273 431 1324 6
456 1270 588 1333 Θεὸς
623 1269 862 1324 ἐκάλεσά
894 1285 953 1321 σε
996 1268 1055 1320 ἐν
1106 1265 1442 1336 δικαιοσύνῃ,
1486 1264 1580 1318 καὶ
1620 1280 1757 1334 κρα-

148 1365 318 1435 τήσω
344 1364 442 1433 τῆς
470 1362 656 1434 χειρός
690 1379 807 1428 σου,
838 1362 932 1415 καὶ
960 1359 1229 1430 ἐνισχύσω
1266 1375 1344 1411 σε·
1370 1356 1464 1410 καὶ
1491 1351 1668 1408 ἔδωκά
1694 1371 1753 1408 σε

151 1458 241 1520 εἰς
267 1456 538 1527 διαθήκην
562 1455 777 1523 γένους,
807 1456 886 1516 εἰς
916 1452 1031 1523 φῶς
1076 1451 1265 1515 ἐθνῶν,
1306 1448 1512 1512 ἀνοῖξαι
1557 1445 1756 1517 ὀφθαλ-

152 1548 299 1616 μοὺς
327 1546 567 1615 τυφλῶν,
613 1545 902 1614 ἐξαγαγεῖν
948 1546 1013 1598 ἐκ
1052 1542 1267 1613 δεσμῶν
1313 1541 1626 1613 δεδεμένους
1658 1540 1753 1593 καὶ

147 1637 216 1703 ἐξ
240 1636 397 1691 οἴκου
435 1636 685 1707 φυλακῆς
718 1634 1062 1706 καθημένους
1105 1637 1162 1687 ἐν
1211 1633 1408 1694 σκότει,
1460 1630 1601 1700 Ἐγὼ
1636 1630 1751 1684 Κύ-

148 1744 277 1800 ριος
302 1731 335 1782 6
362 1729 516 1794 Θεὸς,
544 1727 705 1782 τοῦτο
742 1745 843 1799 μου
881 1728 1030 1781 ἐστὶν
1076 1726 1268 1798 ὄνομα,
1300 1724 1398 1797 τὴν
1439 1723 1596 1788 δόξαν
1649 1741 1748 1796 μου

143 1819 335 1892 ἑτέρῳ
362 1820 425 1873 οὺ
448 1819 624 1883 δώσω,
650 1820 772 1873 οὐδὲ
800 1819 901 1882 τὰς
929 1818 1131 1890 ἀρετάς
1168 1835 1269 1889 μου
1313 1819 1427 1879 τοῖς
1473 1815 1747 1885 γλυπτοῖςο

1861 637 2043 679 ιιιοιιω
2083 637 2248 694 super
2294 637 2442 689 eum,
2476 628 2531 676 et
2548 620 2813 691 judicium
2855 619 3110 691 gentibus
3142 616 3426 691 proferet:

1859 729 1971 768 non
2008 713 2288 776 clamabit,
2315 728 2493 783 neque
2510 712 2768 777 remittet,
2790 725 2969 782 neque
3002 709 3257 767 audietur
3291 708 3428 765 foris

1859 820 1964 860 vox
1990 805 2110 875 ejus
2143 822 2158 860 :
2208 804 2478 860 calamum
2526 803 3003 859 collabefactatum
3042 819 3155 859 non
3187 802 3425 873 franget,

1829 904 1913 969 get
1940 897 2145 967 lignum
2173 894 2445 966 fumigans
2479 910 2589 950 non
2614 895 2945 965 exstinguet,
2979 895 3075 950 sed
3110 896 3166 950 in
3193 895 3429 950 veritate

1858 987 2100 1059 proferet
2128 987 2396 1057 judicium
2431 1003 2446 1041 :
2478 986 2867 1056 resplendebit,
2895 994 2949 1041 et
2978 1001 3085 1040 non
3121 985 3421 1057 frangetur,

1858 1077 2033 1133 donec
2057 1083 2225 1149 ponat
2257 1077 2315 1132 in
2355 1084 2502 1132 terra
2534 1076 2802 1147 judicium
2830 1095 2843 1130 :
2874 1085 2930 1131 et
2962 1078 3016 1132 in
3061 1077 3284 1134 nomine
3305 1079 3426 1149 ejus

1856 1178 2047 1242 gentes
2088 1170 2386 1241 sperabunt
2403 1169 2485 1237 7';
2512 1187 2530 1219 ι
2565 1183 2630 1223 ac
2658 1167 2911 1238 deinceps
2942 1167 3187 1240 adjungit
3215 1188 3230 1224 :
3263 1188 3282 1221 ι
3310 1168 3425 1240 Ego

1857 1261 2121 1317 Dominus
2154 1261 2299 1317 Deus
2344 1259 2535 1315 vocavi
2573 1267 2627 1314 te
2657 1259 2713 1313 in
2751 1259 2987 1330 justitia,
3021 1267 3077 1316 et
3111 1261 3423 1332 apprehen-

1856 1349 1981 1404 dam
2016 1363 2238 1402 manum
2279 1358 2447 1412 tuam,
2480 1353 2534 1401 et
2564 1345 2900 1401 conﬁrmabo
2930 1354 3008 1417 te,
3031 1354 3086 1403 et
3107 1346 3231 1403 dedi
3280 1355 3334 1402 te
3364 1348 3422 1403 in

1856 1448 2245 1497 testamentum
2278 1440 2382 1511 52
2413 1439 2661 1511 generis,
2708 1439 2767 1493 in
2808 1438 2985 1493 lucem
3030 1440 3311 1505 gentium.
3362 1446 3425 1496 ut

1857 1533 2099 1603 aperires
2132 1531 2324 1587 oculos
2369 1545 2659 1595 caecorum,
2697 1537 2750 1584 et
2788 1529 2856 1585 de
2894 1529 3129 1585 vinculis
3158 1528 3423 1587 educeres

1853 1625 2085 1690 vinctos,
2117 1631 2172 1678 et
2198 1623 2264 1678 de
2286 1622 2450 1678 domo
2475 1621 2735 1686 carceris,
2772 1622 3022 1678 sedentes
3056 1623 3112 1678 in
3143 1622 3419 1684 tenebris.

1852 1715 1967 1788 Ego
2000 1715 2261 1771 Dominus
2284 1713 2449 1779 Deus,
2477 1716 2581 1769 hoc
2609 1729 2791 1769 meum
2822 1724 2907 1770 est
2931 1729 3147 1783 nomen,
3187 1715 3420 1787 gloriam

1853 1822 2028 1862 meam
2055 1806 2210 1861 alteri
2241 1820 2351 1860 non
2377 1804 2538 1870 dabo,
2558 1819 2736 1876 neque
2754 1806 2984 1861 virtutes
3009 1821 3161 1862 meas
3191 1806 3419 1877 sculpti~

141 1908 223 1963 τὰ
270 1910 369 1963 ἀπ’
410 1911 608 1982 ἀρχῆς,
651 1909 759 1963 ἰδοὺ
801 1909 989 1980 ήκασν
1034 1908 1197 1962 καινὰ
1240 1907 1276 1962 ἃ
1318 1905 1413 1962 νῦν
1443 1903 1745 1974 ὰναγγελῶ,
1779 1917 1823 1971 Β
1850 1901 1905 1956 lil

1853 1901 2016 1967 libus,
2041 1917 2162 1972 quae
2188 1901 2255 1955 ab
2282 1900 2438 1955 initio
2459 1910 2635 1970 erant,
2667 1915 2797 1958 ecce
2818 1908 3116 1957 venerunt:
3140 1915 3279 1955 nova
3302 1914 3424 1971 qua;

142 2002 252 2055 καὶ
278 2002 401 2074 ,πρὸ
426 2002 520 2056 τοῦ
550 2001 868 2071 ἀναγγεῖλαι
895 2000 1133 2073 ἐδηλώθη
1162 2001 1308 2072 ὑμῖν.
1357 2018 1376 2052 ι

140 2197 289 2249 KA'.
342 2196 485 2251 Ἀπὸ
514 2198 620 2251 τοῦ
664 2196 872 2252 αὐτοῦ.
912 2230 984 2238 -
1026 2195 1297 2263 Δήλωσις
1338 2195 1597 2264 Χριστοῦ
1639 2196 1740 2251 καὶ

471 2267 761 2338 γενέσεως
786 2268 886 2321 καὶ
913 2266 1187 2334 κλήσεως
1218 2264 1429 2322 ἐθνῶν.

228 2401 249 2433 ι
284 2381 588 2435 Ἀκούσατέ
612 2400 734 2453 μου,
767 2383 942 2452 νῆσοι,
992 2384 1086 2437 καὶ
1121 2381 1439 2454 προσέχετε,
1464 2382 1613 2454 ἔθνη·
1644 2383 1744 2437 Διά

134 2474 352 2547 χρόνου
393 2473 592 2527 πολλοῦ
641 2477 919 2547 στήσεται,
964 2476 1113 2545 λέγει
1152 2475 1375 2547 Κύριος·
1427 2478 1493 2530 ἐκ
1538 2477 1746 2541 κοιλίας

138 2566 369 2637 μητρός
422 2585 524 2637 μου
568 2568 795 2621 ἐκάλεσε
853 2569 914 2621 τὸ
962 2568 1133 2639 ὄνομά
1184 2586 1286 2639 μου
1335 2568 1412 2632 ὡς
1469 2569 1743 2641 μάχαιραν

133 2658 357 2725 ὀξεῖαν,
392 2661 487 2713 καὶ
518 2660 623 2713 ὑπὸ
652 2660 751 2731 τὴν
780 2661 987 2732 σκέπην
1009 2660 1110 2731 τῆς
1138 2660 1321 2733 χειρὸς
1345 2660 1511 2715 αὐτοῦ
1541 2661 1744 2734 ἔκρυψέ

140 2769 247 2824 με·
282 2752 457 2822 ἔθηκέ
489 2770 556 2823 με
585 2753 660 2815 ὼς
689 2751 838 2822 βέλος
873 2752 1146 2815 ἐκλεκτὸν,
1179 2754 1271 2805 καὶ
1302 2753 1361 2805 ἐν
1398 2754 1465 2823 τῇ
1498 2752 1745 2825 φαρέτρᾳ

143 2845 333 2900 αὐτοῦ
363 2845 640 2898 ἐσκέπασέ
659 2862 746 2917 με.
777 2845 887 2898 Καὶ
903 2844 1141 2912 ἐπιλέγει
1167 2844 1313 2914 ἐξῆς
1342 2864 1359 2896 ι
1381 2844 1509 2897 Ἰδοὺ
1538 2845 1745 2900 δέδωκά

135 2956 206 2994 σε
246 2940 332 3002 είς
361 2938 628 3008 διαθήκην
657 2938 864 3005 γένους,
899 2939 979 3000 είς
1012 2937 1129 3005 φῶς
1165 2935 1335 2991 ἐθνῶν
1375 2932 1513 2990 εἷναί
1561 2954 1620 2990 σε
1662 2939 1744 3001 είς

137 3029 437 3102 σωτηρίαν
466 3030 573 3093 ἕως
594 3028 821 3099 ἐσχάτου
850 3028 951 3098 τῆς
978 3028 1103 3098 γῆς.
1143 3047 1163 3080 ι

137 3231 283 3285 KB'.
338 3226 493 3286 Ἀπὸ
511 3229 617 3284 τοῦ
643 3226 847 3282 αὑτοῦ.
877 3258 948 3267 —
984 3225 1240 3295 Χριστοῦ
1271 3225 1606 3317 παρουσίας
1638 3223 1744 3294 δή·
1771 3260 1814 3317 C

515 3324 724 3386 λωσις,
753 3319 852 3373 καὶ
879 3317 1153 3387 κλήσεως
1176 3316 1386 3371 ἐθνῶν.

226 3454 249 3486 ι
283 3434 446 3488 Οὕτω
478 3433 627 3501 λέγει
654 3431 879 3503 Κύριος,
905 3431 933 3483 6
966 3429 1270 3502 ῥυσάμενος
1296 3446 1355 3482 σε
1396 3429 1425 3481 6
1466 3429 1598 3493 Θεὸς
1642 3429 1744 3482 Ἰσ-

139 3526 314 3598 ραήλ’
371 3525 663 3594 Ἀγιάσατε
709 3523 800 3576 τὸν
850 3522 1176 3592 φαυλίζοντα
1204 3520 1305 3592 τὴν
1335 3520 1512 3593 ψυχὴν
1553 3518 1741 3583 αὐτοῦ,

135 3618 243 3673 τὸν
279 3616 706 3689 βδελυσσόμενον
743 3615 847 3668 ὑπὸ
888 3614 997 3667 τῶν
1042 3612 1240 3665 δούλων
1292 3611 1400 3664 τῶν
1443 3611 1738 3682 ἀρχόντων·

138 3710 399 3781 βασιλεῖς
438 3708 664 3777 ὄψονται
692 3706 875 3770 αὐτὸν,
907 3706 1000 3759 καὶ
1029 3705 1422 3776 ἀναστήσονται
1454 3703 1739 3774 ἄρχοντες,

136 3805 247 3858 καί
269 3802 740 3873 προσκυνήσουσιν
767 3797 936 3868 αὐτῷ,
965 3816 983 3848 ι
1006 3797 1099 3850 καὶ
1121 3796 1190 3849 τὰ
1204 3796 1349 3867 ἐξῆςο
1371 3790 1453 3858 οἷς
1476 3793 1737 3863 ἐπιλέγει·

146 3913 168 3945 ι
206 3890 416 3962 Καιρῷ
429 3889 605 3960 δεκτῷ
625 3889 905 3959 ἐπήκουσά
934 3904 1048 3951 σου,
1066 3889 1162 3941 καὶ
1178 3888 1235 3939 ἐν
1257 3886 1440 3958 ἡμέρᾳ
1470 3884 1744 3956 σωτηρίας

140 3982 436 4054 ἐϐοήθησά
460 3997 560 4034 σοι·
590 3980 685 4033 καὶ
718 3979 894 4033 ἔδωκά
924 3995 983 4032 σε
1026 3980 1107 4041 εἰς
1138 3976 1402 4049 διαθήκην
1429 3975 1619 4039 ἐθνῶν,
1648 3973 1743 4028 τοῦ

139 4073 501 4142 καταστῆσαι
530 4073 629 4142 τὴν
656 4072 782 4142 γῆν,
811 4072 908 4124 καὶ
935 4070 1340 4142 κληρονομῆσαι
1383 4068 1745 4139 κληρονομίας

144 4169 427 4239 ἐρήμους,
482 4165 708 4233 λέγοντα
743 4166 858 4226 τοῖς
903 4165 961 4216 ἐν
1016 4162 1251 4233 δεσμοῖς,
1312 4159 1606 4227 Ἐξέλθετε·
1649 4158 1745 4212 καὶ

140 4261 267 4320 τοῖς
284 4259 346 4310 ἐν
376 4256 455 4327 τῷ
489 4254 665 4308 σκότει
697 4251 1163 4323 ἁνακαλυφθῆναι·
1189 4250 1280 4303 καὶ
1309 4250 1366 4302 ἐν
1396 4250 1597 4312 πάσαις
1624 4250 1746 4311 ταῖς

142 4352 294 4414 ὁδοῖς
329 4348 782 4420 βοσκηθήσονται,
836 4348 932 4399 καὶ
977 4347 1033 4398 ἐν
1083 4344 1286 4407 πάσαις
1332 4345 1450 4406 ταῖς
1476 4340 1742 4413 τρίϐοιςή

142 4443 298 4515 νομὴ
338 4440 541 4495 αὐτῶν.
577 4440 650 4493 Οὑ
694 4437 1073 4500 πεινάσουσιν,
1111 4435 1231 4489 οὐδὲ
1255 4434 1592 4504 διψήσουσιν,
1622 4432 1744 4485 οὐδὲ

145 4533 393 4597 πατάξει
418 4532 617 4594 αὐτοὺς
641 4530 880 4594 καύσων,
904 4528 1025 4582 οὐδὲ
1045 4527 1216 4598 ἥλιος,
1240 4526 1354 4580 ἀλλ’
1384 4526 1412 4577 6
1441 4523 1606 4578 ἐλεῶν
1638 4540 1744 4576 πα-

1844 2009 1993 2049 nunc
2012 1994 2297 2060 annuntio,
2319 2000 2606 2065 antequam
2631 1993 3016 2058 nuntiaverim,
3039 1991 3278 2047 indicata
3294 1999 3424 2048 sunt

1843 2087 2001 2142 vobis
2018 2086 2084 2140 ⁷³.
2120 2105 2139 2139 ι
2368 2154 2374 2159 ⁸

1845 2201 1988 2257 XXI.
2035 2202 2112 2257 Ab
2162 2200 2472 2255 eodem.—
2509 2197 2817 2252 Declaratio
2865 2194 3065 2252 Christi
3107 2205 3219 2250 tum
3270 2201 3421 2250 ortus

2270 2280 2382 2325 tum
2416 2269 2702 2324 vocationis
2742 2268 2995 2340 gentium.

1924 2406 1943 2439 ι
1972 2386 2172 2442 Audite
2220 2400 2328 2449 me,
2370 2383 2587 2463 insulae,
2636 2388 2693 2438 et
2730 2380 3012 2443 attendite,
3060 2387 3291 2451 gentes:
3324 2392 3423 2450 per

1848 2487 2061 2551 tempus
2088 2478 2318 2533 multum
2345 2475 2633 2539 consistet,
2664 2472 2797 2528 dicit
2829 2472 3093 2527 Dominus
3120 2490 3134 2527 :
3164 2472 3233 2527 ab
3262 2480 3423 2527 utero

1847 2573 2043 2629 matris
2089 2585 2225 2626 meae
2271 2568 2487 2624 vocavit
2527 2581 2729 2622 nomen
2780 2579 2982 2627 meum,
3025 2571 3079 2619 et
3122 2563 3306 2634 posuit
3356 2575 3423 2618 os

1848 2681 2030 2722 meum
2075 2663 2234 2735 quasi
2271 2660 2511 2733 gladium
2563 2664 2808 2721 acutum,
2852 2662 2907 2711 et
2954 2656 3058 2711 sub
3105 2661 3423 2727 tegumento

1848 2771 2046 2812 manus
2068 2770 2183 2810 suae
2215 2750 2512 2809 occultavit
2551 2764 2639 2803 me
2669 2767 2681 2801 :
2712 2748 2895 2818 posuit
2937 2762 3025 2802 me
3065 2746 3222 2818 quasi
3252 2745 3424 2816 sagit-

1846 2855 1957 2902 tam
1998 2847 2251 2909 electam,
2299 2851 2353 2898 et
2388 2843 2443 2896 in
2478 2841 2736 2912 pharetra
2783 2853 2881 2894 sua
2912 2837 3152 2908 protexit
3185 2850 3273 2890 me
3293 2834 3361 2890 τι.
3392 2850 3416 2888 ι

1847 2936 1915 2992 Ει
1946 2935 2191 3006 adjungit
2225 2933 2519 3002 deinceps:
2547 2949 2566 2981 ι
2598 2928 2739 2982 Ecce
2779 2924 2901 2981 dedi
2936 2931 2989 2979 te
3026 2923 3084 2977 in
3122 2928 3421 2978 testamen-

1845 3038 1959 3084 tum
1994 3026 2231 3099 generis,
2276 3024 2332 3077 in
2363 3023 2537 3077 lucem
2564 3019 2829 3091 gentium,
2856 3022 2916 3071 ut
2963 3015 3042 3070 sis
3072 3013 3128 3069 in
3163 3012 3414 3077 salutem,

1848 3134 2022 3189 usque
2050 3118 2116 3172 ad
2144 3127 2445 3172 extremum
2470 3111 2713 3167 terrae".
2749 3128 2769 3161 ›

1845 3233 2015 3289 XXII.
2068 3231 2147 3285 Ab
2198 3228 2395 3284 eodem.
2432 3254 2507 3267 --
2541 3223 2740 3279 Christi
2797 3221 3047 3276 adventus
3101 3215 3421 3290 signiﬁcatio

2210 3310 2259 3355 ct
2283 3297 2570 3354 vocationis
2591 3296 2846 3365 gentium.
3068 3342 3071 3343 ,

1923 3436 1942 3469 ι
1977 3414 2068 3470 Sic
2098 3413 2226 3469 dicit
2248 3411 2534 3477 Dominus,
2563 3408 2657 3480 qui
2682 3404 2934 3463 liberavit
2966 3411 3019 3458 te
3043 3401 3191 3457 Deus
3213 3399 3418 3456 Israel:

1847 3508 2184 3567 sanctiﬁcate
2220 3520 2345 3560 eum
2392 3503 2486 3574 qui
2540 3501 2764 3572 negligit
2806 3497 3045 3553 animam
3090 3507 3271 3559 suam,
3323 3489 3419 3562 qui

1847 3599 2230 3658 abominabilis
2258 3608 2344 3653 est
2368 3595 2644 3669 gentibus,
2677 3592 2855 3649 servis
2882 3589 3194 3662 principum
3221 3606 3237 3642 :
3262 3598 3426 3656 reges

1845 3693 2111 3749 videbunt
2136 3706 2285 3755 eum,
2337 3695 2390 3744 et
2426 3693 2654 3757 surgent
2693 3683 2994 3755 principes,
3027 3686 3082 3735 et
3111 3676 3423 3733 adorabunt

1845 3798 1969 3840 eum
1993 3781 2041 3814 ⁷⁸
2084 3801 2103 3834 ι
2170 3788 2224 3835 et
2281 3792 2403 3848 qua:
2451 3785 2792 3845 sequuntur;
2863 3772 3066 3842 quibus
3127 3768 3417 3838 adjungit:

1852 3893 1872 3925 ι
1904 3873 2170 3943 Tempore
2208 3877 2435 3940 accepto
2482 3866 2666 3922 audivi
2698 3873 2772 3931 te,
2804 3872 2858 3920 et
2895 3863 2952 3917 in
2974 3863 3061 3918 die
3099 3860 3293 3916 salutis
3318 3858 3419 3913 ad-

1842 3968 1960 4037 juvi
1992 3974 2089 4021 te:
2122 3972 2176 4019 et
2222 3962 2350 4018 dedi
2392 3968 2448 4016 te
2500 3961 2558 4014 in
2602 3963 2988 4013 testamentum
3043 3951 3309 4023 gentium,
3360 3954 3422 4003 ut

1846 4060 2210 4115 constitueres
2228 4065 2454 4118 terram,
2473 4062 2525 4108 et
2538 4048 2959 4120 consequereris
2973 4043 3318 4101 baereditates
3334 4041 3423 4097 de-

1849 4161 2047 4215 sertas,
2091 4156 2146 4204 et
2186 4148 2401 4203 diceres
2427 4146 2496 4200 iis
2533 4144 2628 4214 qui
2677 4143 2734 4196 in
2766 4138 3004 4195 vinculis
3035 4142 3186 4198 sunt,
3227 4134 3412 4188 exite:

1847 4254 1901 4300 et
1928 4243 1996 4299 iis
2026 4241 2121 4312 qui
2151 4240 2209 4294 in
2241 4238 2505 4301 tenebris,
2536 4244 2597 4288 ut
2631 4233 2688 4288 in
2726 4234 2901 4286 lucem
2943 4227 3209 4298 prodeant
3237 4241 3252 4278 :
3279 4232 3334 4277 et
3362 4223 3421 4277 in

1847 4333 2103 4390 omnibus
2126 4318 2232 4386 viis
2262 4334 2580 4400 pascentur,
2619 4330 2674 4379 et.
2703 4323 2762 4376 in
2794 4320 3051 4375 omnibus
3075 4314 3285 4371 semitis
3317 4326 3417 4383 pa-

1848 4429 1955 4484 stio
2005 4440 2227 4493 eorum;
2286 4438 2397 4478 non
2449 4418 2691 4476 esuriem
2746 4431 2924 4486 neque
2983 4413 3193 4475 sitient,
3240 4421 3423 4478 neque

1845 4518 2115 4589 percutiet
2142 4530 2238 4571 eos
2267 4521 2455 4576 aestus,
2498 4523 2675 4579 neque
2706 4506 2809 4571 sol,
2852 4503 2946 4561 sed
2978 4503 3070 4574 qui
3103 4500 3421 4563 miseretur,

150 4593 475 4698 ρακαλέσει,
505 4593 720 4677 καὶῗδιὰ
762 4621 954 4692 πηγῶν
1000 4593 1207 4673 ὑδάτων
1246 4617 1363 4682 ἄξει
1398 4615 1612 4679 αὐτούς·
1647 4616 1742 4668 καὶ
1774 4621 1818 4675 ι)
1847 4626 1905 4666 cc

1853 4610 2224 4666 consolabitur
2250 4626 2263 4662 :
2291 4614 2346 4661 et
2366 4618 2464 4676 per
2495 4601 2675 4657 fontes
2711 4610 2979 4668 aquarum
3015 4593 3177 4648 ducet
3216 4605 3334 4654 eos,
3364 4597 3419 4644 et

149 4717 314 4790 θήσω
356 4718 468 4769 πᾶν
511 4715 637 4786 ὅρος
681 4715 763 4778 εἰς
818 4712 933 4766 ὁδὸν
982 4712 1077 4765 καὶ
1107 4712 1287 4764 πᾶσαν
1316 4708 1506 4781 τρίϐον
1542 4709 1623 4770 εἰς
1655 4706 1744 4777 βό-

150 4827 355 4882 σκημα
394 4809 593 4871 αὐτοῖς.
654 4807 783 4860 Ἰδοὺ
820 4800 964 4859 οὗτοι
1009 4803 1290 4877 πόρρωθεν
1333 4802 1576 4873 ἥξουσιν,
1603 4794 1747 4854 οὗτοι

152 4901 273 4956 ἀπὸ
317 4900 494 4971 βοῤῥᾶ
530 4899 624 4952 καὶ
667 4896 960 4968 θαλάσσης,
998 4896 1147 4950 ἄλλοι
1190 4894 1248 4947 δὲ
1281 4895 1345 4947 ἐκ
1369 4892 1474 4962 γῆς
1497 4889 1742 4963 Περσῶν.

150 4992 541 5066 Εὐφράνθητε,
580 4992 818 5062 οὐρανοὶ,
844 4991 936 5043 καὶ
968 4986 1313 5058 ἀγαλλιάσθω
1340 4986 1374 5056 ἡ
1411 4984 1504 5054 γῆ.
1552 4982 1748 5054 Ῥηξά-

150 5103 344 5140 τωσαν
377 5083 448 5137 τὰ
474 5084 577 5154 ὅρη
607 5080 965 5153 εὐφροσύνην,
997 5081 1079 5133 ὅτι
1113 5078 1344 5149 ἠλέησεν
1390 5074 1595 5147 Κύριος
1654 5073 1746 5127 τὸν

155 5178 291 5232 λαὸν
316 5173 507 5238 αὐτοῦ,
536 5174 631 5227 καὶ
676 5173 802 5235 τοὺς
826 5170 1117 5234 ταπεινοὺς
1137 5168 1232 5222 τοῦ
1255 5166 1386 5221 λαοῦ
1417 5164 1580 5220 αὐτοῦ
1609 5181 1749 5237 παρ-

158 5266 447 5321 εκάλεσεν.
486 5282 506 5315 ι

1848 4716 2046 4774 ponam
2089 4712 2306 4754 omnem
2350 4703 2588 4749 montem
2617 4692 2672 4745 in
2704 4690 2868 4755 viam,
2899 4693 2954 4742 et
2981 4697 3197 4740 omnem
3250 4680 3422 4737 semi-

1848 4772 1957 4847 tam
1989 4792 2044 4846 in
2080 4789 2339 4861 pabulum
2365 4787 2446 4842 eis
2472 4804 2486 4839 :
2511 4784 2653 4838 Ecce
2685 4782 2739 4836 hi
2766 4775 3172 4848 delonginquis
3201 4772 3420 4829 venient

1850 4884 1929 4938 illi
1956 4883 2025 4937 ab
2065 4881 2320 4952 aquilone
2350 4883 2405 4932 et
2449 4876 2619 4938 mari,‘
2638 4873 2729 4927 alii
2767 4884 2898 4927 vero
2941 4883 3008 4923 ex
3047 4873 3197 4921 terra
3224 4864 3422 4918 Persa-

1848 4988 1996 5027 rum.
2054 4968 2365 5030 Laetamini,
2408 4965 2557 5028 cceli,
2604 4970 2659 5018 et
2703 4959 2940 5016 exsultet
3002 4962 3171 5010 terra.
3222 4952 3423 5007 Erum-

1848 5071 1980 5137 pant
2037 5069 2252 5118 montes
2300 5061 2357 5114 in
2405 5057 2672 5116 laetitiam,
2717 5051 2979 5123 quoniam
3025 5047 3288 5102 misertus
3338 5053 3423 5098 est

1847 5156 2114 5212 Dominus
2138 5152 2326 5225 populi
2354 5150 2462 5215 sui,
2503 5155 2558 5203 et
2588 5145 2823 5201 humiles
2866 5140 3055 5213 populi
3093 5139 3179 5195 sui
3219 5152 3423 5192 conso-

1849 5252 1995 5306 latus
2025 5254 2110 5304 est
2130 5247 2197 5302 '".
2229 5265 2250 5299 ι

157 5381 292 5434 KI".
333 5378 448 5435 Τοῦ
480 5378 689 5432 αὑτοῦ.
721 5407 791 5419 -
816 5377 1089 5501 agimur;-
1111 5374 1367 5444 Χριστοῦ
1394 5371 1492 5425 καί
1521 5369 1745 5438 κλῆσις
1851 5364 1901 5435 5

917 5463 1059 5501 νων.

1853 5364 1956 5435 53
1981 5358 2169 5417 XXIII.
2202 5359 2282 5412 Ab
2305 5350 2913 5413 eodem.—Declaratio
2942 5347 3165 5412 Christi,
3195 5354 3246 5401 et
3276 5360 3428 5399 voca-

2461 5426 2531 5479 tio
2561 5424 2810 5495 gentium.

237 5586 258 5618 ι
297 5565 607 5639 Προσέχετε
637 5566 746 5627 τοῖς
772 5563 904 5616 ὠσὶν
933 5561 1109 5633 ὑμῶν,
1143 5560 1238 5613 καὶ
1270 5555 1743 5626 ἐπακολουθήσατε

1927 5568 1946 5600 ι
1984 5544 2259 5600 Attendite
2312 5540 2535 5595 auribus
2584 5536 2805 5599 vestris,
2869 5542 2925 5589 et
2976 5530 3256 5588 sectamini
3305 5528 3430 5582 vias

160 5660 283 5725 ταῖς
328 5626 517 5720 έδοίςη
532 5672 654 5726 μου·
713 5626 1054 5707 ἐπακούσατέ
1104 5666 1226 5722 μου,
1278 5649 1373 5701 καὶ
1419 5647 1642 5718 ζήσεται
1688 5646 1746 5697 ἐν
1854 5657 1905 5696 m

1854 5655 2024 5707 meas,
2056 5646 2110 5694 et
2143 5636 2327 5693 audiet
2351 5648 2456 5699 me,
2480 5639 2535 5687 et
2568 5631 2713 5686 vivet
2738 5629 2793 5682 in
2817 5627 2979 5683 bonis
3006 5626 3189 5680 anima
3219 5626 3427 5686 vestra,

231 5837 280 5869 τ’
317 5834 426 5891 Isa.
465 5847 603 5899 ml,
631 5832 747 5887 I4.
826 5831 874 5863 ⁷³
896 5828 1035 5886 ibid.
1063 5826 1182 5884 6-9.
1224 5826 1269 5858 "
1293 5822 1401 5881 Isa.
1428 5838 1577 5890 xm,
1614 5821 1734 5877 I-2.
1811 5820 1856 5852 ⁷⁸
1891 5819 1905 5876 i

1853 5822 1856 5848 ‘
1891 5818 2023 5876 ibid.
2054 5816 2109 5872 6.
2187 5817 2232 5849 τ’
2266 5815 2399 5877 ibi],
2434 5813 2487 5870 7.
2573 5813 2617 5845 ⁷⁷
2647 5808 2779 5866 ibid.
2809 5807 2959 5864 8-13.
