3842 6218
1134 408 1400 466 EUSEBII
1438 407 1918 466 CESARIENSIS
1953 406 2102 463 OPP.
2146 403 2327 460 PARS
2359 401 2427 461 ῐί.
2460 433 2528 446 —-
2567 402 3066 461 APOLOGETICA.

3609 405 3712 462 ΗΞ

467 543 522 588 ct
553 531 780 586 condam
823 531 979 585 vobis
1011 526 1418 584 Testamentum
1455 530 1868 600 sempiternum,
1908 543 2033 584 san-

2148 527 2360 596 Ξιγαθοίς
2393 529 2425 599 ή
2458 525 2604 597 ψυχὴ
2625 525 2800 597 ὑμῶν,
2832 527 2925 580 καὶ
2948 527 3272 597 διαθήσομαι
3295 525 3422 597 ὑμῖν
3442 526 3712 600 διαθήκην

468 633 556 680 cta
581 623 750 680 David
784 625 978 680 ﬁdelia.
1018 625 1156 680 Ecce
1185 625 1554 680 testimonium
1613 623 1867 694 gentibus
1911 621 2036 677 dedi

467 731 614 783 eum,
655 717 956 787 principem
1003 724 1058 770 et
1107 717 1461 788 imperantem
1520 714 1788 785 gentibus.
1837 713 2036 769 Gentes

469 821 592 877 quat
619 821 730 861 non
761 815 1028 862 noverunt
1057 814 1131 871 te,
1163 807 1497 861 invocabunt
1521 813 1574 859 te
1607 825 1618 858 :
1654 813 1707 859 et
1738 806 1919 874 p0pu|i
1945 805 2035 874 qui

469 897 722 954 nesciunt
771 906 844 962 te,
893 899 959 953 ad
1015 907 1066 954 te
1114 897 1428 968 confugient
1470 906 1692 969 propter
1749 896 2036 952 Dominum

467 989 635 1044 Deum
672 997 847 1053 tuum,
875 999 1124 1044 sanctum
1161 999 1316 1044 tuum
1351 987 1538 1055 lsrael,
1570 990 1826 1058 quoniam
1871 988 2037 1058 glori-

469 1079 649 1134 ﬁcavit
674 1080 796 1134 te.“
822 1099 839 1132 ι
859 1079 1087 1144 Quando
1115 1095 1245 1151 ergo
1275 1081 1344 1135 ab
1375 1080 1462 1135 his
1494 1096 1711 1150 quoque
1743 1080 2036 1134 didicimus

467 1171 671 1227 Christi
719 1173 1009 1226 adventrum
1052 1171 1368 1242 prteparari,
1404 1181 1463 1226 ut
1497 1189 1603 1226 non
1647 1173 1778 1228 solis
1811 1171 2034 1236 Iudaeis,

470 1265 565 1320 sed
602 1265 857 1318 omnibus
895 1264 1148 1335 gentibus
1179 1265 1436 1321 salutaris
1470 1265 1609 1319 foret
1641 1284 1653 1319 :
1687 1281 1784 1336 age
1814 1265 2035 1322 tertium

468 1370 684 1426 quoque
712 1356 841 1410 illud
863 1354 1706 1425 ostendamus,quemadmodum
1729 1356 1780 1410 in
1803 1357 2035 1412 adventu

467 1447 608 1516 ejus,
640 1461 746 1500 non
798 1448 974 1500 solum
1023 1447 1249 1501 meliora
1287 1447 1539 1518 gentibus
1596 1463 1691 1517 per
1738 1446 2036 1518 Prophetas

466 1539 882 1601 nuntiabantur,
932 1538 1025 1594 sed
1068 1540 1228 1592 etiam
1273 1540 1339 1593 iis
1369 1540 1460 1610 qui
1511 1555 1576 1594 ex
1621 1542 2038 1596 circumcisione

467 1638 596 1686 sunt
642 1630 936 1685 contraria.
995 1626 1275 1698 Siquidem
1331 1631 1488 1699 plane
1547 1634 1782 1695 ruinam,
1813 1639 1866 1686 et
1901 1631 2038 1701 reje-

466 1723 700 1777 ctionem
755 1720 992 1775 Judaica:
1042 1721 1218 1790 gentis
1277 1721 1794 1792 futuram,propter
1849 1737 2036 1777 eorum

466 1825 594 1882 erga
621 1808 901 1864 Christum
962 1809 1423 1875 incredulitatem,
1456 1812 1678 1866 oracula
1729 1827 1849 1882 quae
1892 1813 2035 1882 apud

466 1901 618 1971 ipsos
650 1901 937 1966 habentur,
968 1901 1324 1968 pronuntiant
1359 1922 1372 1956 :
1407 1910 1466 1956 ut
1489 1903 1602 1972 jam
1646 1918 1756 1957 non
1797 1904 2034 1974 aequales
2071 1883 2108 1936 Β

467 2007 568 2047 nos
602 1993 702 2053 eis,
736 1994 829 2048 sed
859 1994 1018 2047 etiam
1053 1993 1208 2063 longe
1249 1994 1560 2063 superiores
1596 1993 1896 2049 videamur.
1920 1994 2035 2050 Cte-

466 2092 644 2140 terum
683 2100 828 2138 nunc
867 2099 1085 2154 quoque
1111 2091 1233 2137 utar
1264 2083 1426 2139 nudis
1455 2083 1846 2155 Pr0phetarum
1878 2086 2033 2152 locis,

466 2190 568 2232 nec
595 2191 659 2232 ea
693 2179 803 2232 ullo
847 2176 1013 2230 modo
1041 2175 1469 2244 contemplabor,
1504 2191 1627 2230 cum
1684 2187 1904 2246 propter
1943 2194 2038 2234 eo-

464 2269 713 2324 rumdem
758 2267 1223 2338 perspicuitatem,
1262 2273 1378 2320 tum
1428 2267 1573 2336 quod
1611 2268 1865 2323 liberiore
1902 2272 2034 2336 otio,

465 2361 836 2433 plenissimam
887 2373 1075 2414 eorum
1121 2360 1518 2439 expositionem
1576 2359 1776 2414 edituri
1823 2375 2032 2418 sumus.

1070 2469 1299 2525 CAPUT
1345 2469 1433 2524 lli.

467 2581 920 2650 Quemadmodum
952 2583 1002 2636 in
1036 2585 1302 2637 vocatione
1329 2584 1582 2654 gentium,
1617 2599 1733 2652 qua:
1761 2599 1852 2651 per
1881 2582 2037 2638 Chri-

536 2689 675 2734 stum
703 2677 944 2748 facienda
972 2689 1108 2741 erat,
1138 2677 1450 2733 Iudaeorum
1493 2689 1693 2749 gentem
1723 2696 1754 2732 a
1783 2680 1891 2732 ritu
1923 2695 2036 2746 pro-

533 2768 669 2834 prio,
706 2767 947 2836 cultuque
982 2766 1078 2820 Dei
1101 2767 1286 2822 cadere
1316 2769 1609 2836 oportebat.

465 2876 651 2950 XXIV.
688 2878 767 2931 Ab
791 2878 1041 2933 Ieremia.
1073 2911 1140 2920 —
1167 2879 1470 2934 Dectaratio
1523 2881 1819 2948 rejectionis
1867 2881 2034 2950 gentis

533 2948 867 3014 Iudaeorum,
892 2959 940 3004 et
963 2951 1259 3019 adoptionis
1293 2952 1523 3021 gentium
1552 2953 1663 3005 loco
1689 2948 1891 3005 eorum.

541 3119 560 3153 ι
602 3102 729 3157 llaec
772 3103 905 3157 dicit
941 3101 1203 3158 Dominus
1237 3122 1250 3157 :
1289 3101 1440 3159 State
1487 3106 1542 3158 in
1585 3105 1707 3167 viis,
1744 3112 1799 3159 et
1833 3104 2030 3167 videte,

2139 619 2374 681 αίώνιον,
2421 617 2490 671 τὰ
2533 619 2653 670 ὅσια
2685 617 2846 670 Δαῦὶδ
2872 618 2939 671 τὰ
2988 617 3174 670 πιστά.
3225 617 3354 671 Ἰδοὺ
3407 618 3712 689 μαρτύριον

2139 709 2312 764 ἔθνεσι
2334 709 2542 762 δέδωκα
2568 708 2747 767 αὑτὸν.
2772 709 3006 779 ἄρχοντα
3029 709 3120 762 καὶ
3139 709 3542 781 προστάσσοντα
3565 708 3714 762 ἔθνε-

2141 821 2241 856 σιν.
2268 801 2434 872 Ἔθνη
2473 801 2508 854 ἃ
2535 801 2634 853 οὐκ
2676 801 2876 854 οἴδασίν
2917 817 2997 865 σε,
3046 799 3458 853 ὲπικαλέσονταί
3496 816 3577 863 σε,
3614 800 3714 852 καὶ⁵

2138 893 2255 947 λαοὶ
2308 894 2356 947 οἳ
2403 893 2501 946 οὐκ
2543 893 2859 945 ἐπίστανταί
2907 908 2986 957 σε,
3022 893 3112 944 ἐπὶ
3153 892 3210 943 σέ
3257 891 3710 960 καταφεύξονται,

2137 983 2301 1036 ἓνεκα
2343 983 2548 1054 Κυρίου
2573 983 2670 1035 τοῦ
2701 982 2836 1041 Θεοῦ
2879 981 2968 1036 τοῦ
3001 982 3159 1050 ἁγίου
3195 998 3288 1035 σου
3335 981 3572 1053 Ἰσραὴλ,
3627 984 3712 1036 ὃτι

2139 1075 2388 1140 ὲδόξασέν
2421 1092 2502 1128 σε.
2544 1094 2560 1125 ι
2599 1077 2708 1128 Καὶ
2736 1073 2824 1127 διὰ
2855 1074 3056 1127 τούτων
3081 1069 3174 1126 οὖν
3206 1073 3606 1144 μεμαθηκότες,
3634 1074 3713 1136 ὡς

2139 1167 2293 1237 ήτοῦ
2325 1166 2560 1238 Χριστοῦ
2596 1166 2866 1236 παρουσία
2916 1167 2976 1218 ού
3016 1166 3194 1236 μόνοις
3241 1164 3535 1228 Ἰουδαίοις,
3571 1164 3714 1218 ἀλλὰ

2139 1256 2232 1308 καὶ
2262 1259 2395 1310 πᾶσι
2425 1257 2538 1319 τοῖς
2565 1256 2738 1310 ἔθνεσι
2773 1258 3040 1329 σωτήριος
3081 1257 3296 1310 ἔσεσθαι
3339 1255 3711 1328 προηυτρεπί-

2138 1347 2280 1410 ζετο,
2323 1347 2455 1418 φέρε
2500 1348 2686 1400 καὶτὸ
2731 1349 2911 1418 τρίτον
2943 1347 3333 1418 ἀποδείξωμεν,
3377 1349 3524 1410 ὅπως
3567 1348 3714 1401 κατὰ

2136 1440 2261 1502 τοὺς
2293 1439 2390 1508 τῆς
2413 1439 2728 1506 ἐπιφανείας
2755 1439 2918 1493 αὐτοῦ
2951 1439 3172 1510 χρόνους
3194 1440 3255 1491 οὐ
3285 1439 3444 1509 μόνον
3473 1439 3542 1492 τὰ
3572 1455 3714 1510 χρη-ρ

2140 1532 2366 1601 στότερα
2397 1534 2508 1593 τοῖς
2555 1529 2730 1583 ἔθνεσι
2764 1529 3188 1602 προεφήτεύετο,
3215 1529 3353 1583 ἀλλά
3379 1529 3472 1584 κα.)⁹
3505 1533 3618 1593 τοῖς
3647 1532 3714 1584 ἐκ

2141 1625 2437 1696 περιτομῆς
2470 1623 2537 1678 τὰ
2575 1624 2813 1679 ἐναντία.
2866 1624 3169 1696 Διαρῤήδην
3213 1623 3345 1692 γοῦν
3388 1624 3714 1677 ἀπόπτωσιν

2141 1717 2232 1770 καὶ
2253 1715 2519 1787 ἀποὸολὴν
2550 1715 2642 1768 τοῦ
2681 1715 2944 1768 Ἰουδαίων
2974 1715 3177 1778 ἔθνους,
3203 1715 3288 1768 διὰ
3329 1714 3429 1786 τὴν
3462 1717 3542 1780 είς
3575 1717 3715 1787 Χρι-

2143 1807 2265 1860 στὸν
2291 1807 2547 1860 ἀπιστίαν
2587 1806 2786 1870 αὐτῶν,
2817 1805 3052 1872 ἔσεσθαι,
3075 1807 3143 1860 τὰ
3175 1807 3304 1877 παρ’
3341 1807 3524 1870 αὐτοῖς
3551 1806 3715 1874 λόγια

2138 1898 2518 1970 προαγορεύει,
2549 1898 2624 1962 ὼς
2651 1899 2844 1968 μηκέτι
2875 1897 3021 1961 ἴσους
3047 1899 3194 1968 ἡμᾶς
3223 1900 3426 1961 αὐτοῖς,
3452 1896 3588 1950 ἀλλὰ
3617 1899 3715 1952 καὶ

2138 1989 2416 2060 κρείττους
2460 1988 2638 2042 αὐτῶν
2680 1991 2744 2042 ἐκ
2791 1989 3105 2060 περιουσίας
3152 1989 3556 2058 ἀναφαίνεσθαι.
3601 1989 3716 2043 Καὶ

2137 2079 2229 2134 νῦν
2249 2080 2309 2133 δὲ
2338 2080 2610 2150 χρήσομαι
2639 2079 2821 2149 ψιλαῖς
2852 2082 2973 2142 ταῖς
3001 2078 3110 2131 τῶν
3137 2078 3430 2151 προφητῶν
3468 2080 3715 2151 παραθέ-

2137 2191 2275 2237 σεσι,
2317 2173 2436 2244 δίχα
2465 2174 2644 2243 πάσης
2683 2173 2782 2240 τῆς
2813 2173 2892 2234 εἰς
2934 2171 3104 2234 αὐτὰς
3148 2170 3398 2242 θεωρίας,
3439 2171 3528 2224 διά
3551 2187 3614 2223 τε
3652 2172 3715 2225 τὸ

2138 2263 2304 2332 σαφὲς
2333 2262 2531 2327 αὐτῶν,
2573 2263 2668 2316 καὶ
2695 2263 2782 2315 διὰ
2828 2262 2888 2314 τὸ
2937 2261 3150 2331 μέλλειν
3197 2263 3290 2314 ἐπὶ
3333 2260 3529 2332 σχολῆς
3571 2260 3716 2333 πλη-

2141 2355 2401 2428 ρεστάτην
2435 2353 2614 2408 αὐτῶν
2647 2353 2976 2425 ποιήσασθαι
3005 2353 3101 2424 τὴν
3134 2351 3398 2417 ἐξέτασιν.

2665 2467 3060 2519 ΚΕΦΑΛΑΙΟΝ
3110 2466 3182 2518 Γ’.

2140 2581 2330 2646 Ὅπως
2360 2581 2455 2634 ἐπὶ
2487 2580 2561 2648 τῇ
2585 2580 2702 2632 τῶν
2733 2578 2922 2632 ἐθνῶν
2950 2579 3189 2648 κλήσει,
3215 2578 3290 2649 τῇ
3313 2580 3409 2634 διὰ
3441 2578 3545 2632 τοῦ
3577 2581 3718 2648 Xy-

2205 2673 2356 2728 στοῦ
2409 2674 2718 2744 γενομένῃ,
2759 2674 3108 2738 ἀπόπτωσις
3149 2672 3407 2742 ἔμελλεν
3437 2672 3713 2737 ἔσεσθαι,

2205 2766 2316 2836 τῆς
2346 2767 2494 2821 κατὰ
2518 2766 2666 2820 Θεὸν
2698 2766 3002 2831 εὐσεϐείας
3034 2763 3115 2831 τῷ
3150 2765 3442 2820 Ἰουδαίων
3467 2766 3652 2820 ἔθνει.

2135 2876 2267 2952 ΚίγΖ
2296 2875 2872 2952 Ἀξτὸτοῦςζερεμίου.
2892 2907 2967 2952 ⁸-
2980 2872 3252 2952 Arhia)th
3268 2872 3577 2952 ᾀρξςήσεως
3604 2873 3714 2952 τοῖν

2219 2945 2521 2998 Ἰουδαίων
2549 2941 2780 3010 Elii-ioue,
2810 2945 2907 2999 καὶ
2933 2943 3043 3012 τῆς
3075 2944 3200 2998 ἀντ’
3223 2941 3420 2998 αὐτῶν
3443 2941 3715 3009 εἰσποιή-

2207 3033 2362 3082 σεως
2399 3016 2516 3067 τῶν
2547 3015 2756 3068 ἐθνῶν.

2212 3127 2230 3159 ι
2261 3106 2395 3159 Τάδε
2425 3105 2569 3172 λέγει
2595 3104 2815 3174 Κύριοςο
2849 3103 3015 3173 Στῆτε
3049 3105 3105 3156 ἐν
3125 3106 3244 3168 ταῖς
3266 3104 3519 3168 ὁδοῖς,καὶ
3546 3103 3710 3166 ἴδετε,

463 3203 518 3248 et
567 3202 756 3264 rogate
801 3193 1024 3250 semitas
1060 3193 1275 3249 Domini
1329 3197 1723 3264 sempiternas,
1774 3203 1827 3250 et
1857 3194 2033 3249 videte

2148 3201 2231 3254 καὶ
2269 3198 2582 3268 ἐρωτήσατε
2625 3195 2842 3267 τρίϐους
2885 3196 3088 3268 Κυρίου
3131 3196 3400 3258 αἰωνίους·
3439 3195 3533 3248 καὶ
3567 3195 3711 3248 ἴδετε

463 3300 712 3355 quaenam
763 3288 834 3341 sit
871 3289 958 3342 via
1008 3289 1170 3352 bona,
1206 3296 1260 3342 et
1299 3287 1572 3343 ambulate
1605 3288 1658 3340 in
1687 3303 1770 3352 ea,
1803 3298 1855 3342 et
1885 3287 2033 3340 invc-

2148 3291 2265 3344 ποία
2298 3290 2444 3342 ἐστὶν
2489 3290 2521 3359 ἡ
2561 3289 2678 3350 ὁδὸς
2712 3290 2744 3360 ή
2791 3287 2991 3359 ἀγαθὴ,
3021 3287 3114 3340 καὶ
3157 3287 3401 3357 βαδίζετε
3445 3289 3504 3340 ἐν
3544 3288 3708 3358 αὐτῇ,

461 3374 628 3430 nietis
683 3376 1059 3446 purgationem
1113 3376 1312 3432 animis
1358 3375 1574 3430 vestris.
1619 3373 1683 3427 Et
1739 3373 2033 3427 dixerunt:

464 3480 576 3520 non
632 3467 1052 3522 ambulabimus.
1101 3467 1371 3524 Constitui
1419 3482 1587 3537 super
1639 3482 1736 3522 vos
1791 3465 2039 3535 specula-

464 3565 632 3621 tores,
667 3559 852 3615 audite
883 3575 1070 3616 vocem
1096 3562 1266 3627 tubae;
1298 3569 1352 3615 et
1379 3562 1637 3616 dixerunt
1667 3578 1680 3614 :
1714 3573 1822 3612 non
1848 3557 2036 3612 audie-

464 3665 609 3705 mus.
646 3650 754 3722 54
792 3651 1000 3706 Idcirco
1038 3652 1332 3708 audierunt
1359 3659 1569 3723 gentes,
1595 3658 1648 3705 et
1677 3650 1770 3721 qui
1802 3654 2035 3718 pascunt

462 3754 656 3810 greges
686 3741 741 3794 in
767 3741 867 3796 eis.
895 3742 997 3797 ".D

462 3851 630 3910 XXV.
671 3853 1068 3926 Ab_eodem.—
1094 3854 1315 3909 Pietatis
1358 3857 1588 3926 gentium
1636 3854 1949 3926 declaratio,
1983 3862 2033 3926 et

532 3926 701 3992 gentis
734 3923 978 3978 Iudaica:
1017 3926 1302 3994 impietatis
1349 3923 1637 3995 accusatio,
1669 3935 1716 3978 et
1760 3925 2034 3995 prwdictio

537 3996 819 4058 malorum,
862 4011 978 4065 qua:
1025 4004 1140 4064 post
1185 3995 1386 4052 Christi
1447 3994 1728 4048 adventum
1761 3994 2033 4049 'invasura

525 4074 682 4117 erant
711 4082 818 4118 eos.

533 4197 556 4228 ε
589 4176 838 4242 Domine,
871 4175 1130 4232 fortitudo
1165 4192 1304 4239 mea,
1338 4185 1391 4231 et
1433 4176 1700 4231 auxilium
1745 4191 1946 4243 meum,
1979 4183 2034 4230 et

462 4269 732 4340 refugium
773 4286 951 4325 meum
983 4273 1037 4324 in
1071 4271 1159 4324 die
1190 4269 1480 4322 malorum.
1509 4268 1587 4322 Ad
1631 4275 1682 4322 te
1724 4275 1914 4339 gentes
1941 4285 2033 4325 ve-

461 4361 633 4424 nient,
660 4361 728 4414 ab
756 4370 997 4414 extremo
1033 4367 1211 4420 terrae,
1238 4367 1290 4411 et
1321 4358 1504 4412 dicent
1531 4373 1544 4408 :
1583 4356 1717 4412 Vere
1746 4358 1881 4413 falsa
1903 4375 2033 4430 pos-

461 4455 722 4510 sederunt
753 4461 935 4523 patres
969 4452 1140 4508 nostri
1173 4452 1488 4518 simulacra,
1521 4461 1574 4505 et
1611 4467 1719 4506 non
1751 4461 1832 4508 est
1858 4454 1914 4508 in
1951 4456 2031 4512 eis

2137 3383 2231 3437 καὶ
2260 3382 2522 3452 εὑρήσετε
2550 3381 2811 3450 ἁγνισμὸν
2832 3382 2952 3442 ταῖς
2972 3379 3170 3450 ψυχαῖς
3192 3379 3364 3450 ὑμῶν.
3393 3381 3504 3434 Καὶ
3523 3375 3707 3433 εἶπαν·

2135 3474 2210 3528 Οὐ
2273 3471 2668 3544 πορευσόμεθα.
2726 3469 3054 3524 Καθέστακα
3107 3471 3191 3540 ἐφ’
3246 3471 3390 3541 ὑμᾶς
3447 3472 3707 3532 σκοποὺς,

2135 3566 2403 3620 ἀκούσατε
2432 3565 2530 3636 τῆς
2553 3563 2734 3634 φωνῆς
2762 3564 2864 3634 τῆς
2892 3563 3211 3632 σάλπιγγος,
3243 3563 3338 3616 καὶ
3366 3559 3525 3616 εἶπαν
3546 3579 3560 3591 ·
3595 3563 3711 3615 Οὐκ

2133 3655 2496 3726 ἀκουσόμεθα.
2526 3654 2625 3706 Διά
2657 3654 2814 3706 τοῦτο
2837 3654 3074 3724 ήκουσαν
3101 3654 3170 3708 τά
3201 3654 3348 3726 ἔθνη,
3381 3654 3475 3706 καὶ
3505 3654 3556 3705 oi
3586 3669 3710 3705 ποι-

2138 3749 2418 3819 μαίνοντες
2441 3747 2509 3801 τὰ
2535 3748 2760 3818 ποίμνια
2786 3747 2841 3800 ἐν
2869 3747 3072 3808 αὐτοῖς.
3106 3765 3124 3796 ι

2133 3862 2262 3914 KE'.
2303 3859 2432 3912 Ἀπὸ
2457 3859 2563 3914 τοῦ
2587 3859 2876 3912 αὐτοῦ.--
2894 3860 3008 3926 Τῆς
3041 3858 3160 3912 τῶν
3180 3858 3368 3911 ἐθνῶν
3393 3859 3706 3926 εὐσεϐείας

2201 3930 2489 3997 δήλωσις,
2517 3929 2615 3982 καὶ
2643 3929 2753 3997 τῆς
2777 3930 2880 3981 τοῦ
2916 3929 3207 3982 Ἰουδαίων
3228 3931 3442 3994 ἔθνους
3479 3928 3708 3982 δυσσε-

2203 4003 2362 4063 ϐείας
2377 4001 2714 4068 κατηγορία.
2739 4000 3070 4067 Πρόρῤησις
3092 3998 3158 4050 δὲ
3173 3998 3289 4050 τῶν⁴
3303 3999 3453 4066 μετὰ
3467 3998 3582 4065 τὴν
3603 3998 3709 4068 τοῦ

2203 4070 2457 4137 Χριστοῦ
2473 4067 2811 4137 παρουσίαν
2819 4071 3228 4137 μετελθόντων
3245 4068 3466 4133 αὐτοὺς
3479 4067 3704 4122 κακῶν.

2209 4203 2226 4234 ι
2261 4183 2454 4255 Κύριε,
2501 4183 2653 4253 ἰσχύς
2697 4199 2799 4253 μου
2843 4181 2938 4235 καὶ
2983 4179 3201 4252 βοήθειά
3242 4198 3363 4252 μου,
3408 4182 3504 4234 καὶ
3537 4199 3707 4236 κατα-

2133 4277 2276 4347 φυγή
2311 4293 2410 4346 μου
2443 4276 2499 4326 ἐν
2521 4275 2704 4345 ήμέρᾳ
2733 4273 2940 4336 κακῶν,
2967 4273 3102 4343 πρὸς
3137 4273 3195 4326 σὲ
3218 4272 3341 4343 ἔθνη
3369 4274 3592 4343 ἥξουσιν
3613 4275 3705 4326 ἀπ’

2131 4369 2356 4438 ἐσχάτου
2398 4367 2496 4436 τῆς
2526 4367 2650 4436 γῆς,
2680 4367 2773 4419 καὶ
2797 4367 3030 4437 ἐροῦσιν·
3081 4367 3168 4430 Ὠς
3201 4365 3368 4436 ψευδῆ
3410 4367 3708 4437 ἐκτήσαντο

2131 4461 2180 4511 οἱ
2220 4457 2456 4529 πατέρες
2699 4457 2914 4520 εἴδωλα,
2955 4458 3047 4509 καὶ
3091 4457 3190 4510 οὐκ
3233 4457 3380 4510 ἐστιν
3429 4457 3488 4509 ἐν
3527 4456 3706 4519 αὐτοῖς

462 4543 670 4598 utilitas
701 4562 715 4596 :
755 4543 802 4598 si
845 4541 1007 4596 faciet
1037 4543 1142 4598 sibi
1170 4542 1333 4596 homo
1366 4542 1519 4604 deos,
1556 4549 1609 4597 et
1651 4543 1705 4596 hi
1752 4561 1861 4599 non
1901 4554 2030 4600 sunt

2148 4548 2386 4618 ὒφέλειω
2422 4550 2471 4600 εί
2507 4549 2721 4619 ποιήσει
2747 4547 2921 4618 ἐαυτῷ
2944 4547 3226 4619 ἅνθρωπος
3247 4547 3422 4612 θεοὺς,
3447 4547 3544 4600 καὶ
3566 4543 3708 4602 οὗτοι

460 4634 558 4690 dii.
586 4631 792 4688 Idcirco
833 4649 934 4704 ego
959 4634 1242 4688 ostendam
1272 4635 1352 4689 eis
1387 4635 1441 4688 in
1475 4642 1718 4703 tempore
1752 4636 1854 4690 hoc
1887 4657 1899 4690 :
1928 4653 2030 4691 no-

461 4738 574 4782 tam
617 4726 813 4782 faciam
855 4727 935 4782 eis
981 4742 1201 4782 manum
1232 4743 1429 4789 meam,
1462 4738 1516 4781 et
1549 4727 1800 4783 virtutem
1831 4744 2029 4796 meam,

459 4829 516 4876 et
538 4827 888 4892 cognoscent,
918 4818 1064 4890 quod
1107 4832 1306 4872 nomen
1352 4818 1482 4870 mihi
1514 4816 1795 4874 Dominus.
1829 4817 2029 4875 Pecca-

460 4920 576 4966 tum
616 4910 755 4967 Juda
787 4912 1051 4983 scriptum
1087 4918 1171 4967 est
1207 4913 1347 4983 stylo
1384 4911 1560 4967 ferreo
1592 4912 1644 4966 in
1677 4928 1856 4984 ungue
1895 4913 2029 4968 ada-

461 5002 727 5066 mantino,
762 5010 1043 5056 exaratum
1083 5017 1248 5071 super
1281 5003 1566 5058 latitudine
1599 5003 1782 5058 cordis
1811 5019 2022 5059 eorum.

459 5091 596 5146 Cum
626 5095 906 5148 recordata
939 5095 1138 5149 fuerint
1166 5109 1388 5149 nemora
1421 5110 1606 5149 eorum
1644 5095 1696 5150 in
1731 5095 1875 5166 ligno
1897 5112 2030 5150 con-

461 5185 652 5249 denso,
683 5192 735 5240 et
767 5185 823 5239 in
857 5187 1089 5241 collibus
1111 5187 1362 5249 excelsis,
1383 5197 1436 5241 et
1466 5188 1762 5252 montibus,
1787 5189 1840 5241 in
1876 5204 2026 5259 agro.

459 5274 853 5333 Fortitudinem
895 5287 1064 5341 tuam,
1093 5286 1145 5333 et
1179 5279 1466 5333 thesauros
1507 5287 1632 5335 tuos
1671 5281 1724 5334 in
1768 5281 2028 5350 direptio-

460 5385 584 5424 nem
631 5369 793 5435 dabo,
825 5380 878 5424 et
908 5374 1122 5426 excelsa
1170 5379 1283 5436 tua,
1317 5381 1536 5442 propter
1567 5381 1787 5443 peccata
1820 5382 1935 5435 tua,
1971 5373 2026 5427 in

457 5463 714 5518 omnibus
771 5463 969 5519 ﬁnibus
1020 5466 1128 5520 tuis
1159 5485 1172 5520 :
1204 5475 1258 5518 et
1295 5466 1620 5536 relinqueris
1671 5466 1806 5528 sola,
1833 5472 1886 5519 et
1921 5465 2027 5518 hu-

426 5553 757 5609 -miliaberis
807 5555 877 5609 ab
927 5556 1238 5610 haereditate
1292 5564 1404 5619 tua,
1448 5571 1610 5624 quam
1649 5557 1772 5611 dedi
1805 5555 1925 5620 tibi,
1977 5566 2028 5612 et

459 5644 664 5698 servire
696 5651 748 5698 te
780 5644 973 5698 faciam
1008 5644 1242 5699 inimicis
1275 5645 1382 5700 tuis
1423 5645 1475 5699 in
1516 5654 1681 5711 terra,
1717 5660 1878 5716 quam
1919 5661 2027 5700 non

528 5819 574 5852 τι
598 5817 703 5874 lsa.
733 5835 820 5886 ιν,
855 5820 968 5875 ενδ.
1047 5820 1092 5852 τ’
1112 5816 1224 5874 Jer.
1247 5835 1322 5885 νι,
1351 5819 1536 5875 16-18.

2137 4642 2236 4695 ούκ
2265 4641 2369 4694 εἰσὶ¹
2398 4641 2528 4696 θεοί.
2567 4640 2664 4693 Διὰ
2689 4640 2848 4694 τοῦτο
2877 4641 2985 4694 ίδοὺ
3019 4640 3130 4709 ἐγὼ
3155 4640 3310 4707 δείξω
3332 4641 3516 4704 αὐτοῖς
3552 4642 3613 4694 ἐν
3635 4640 3707 4710 τῷ

2138 4728 2312 4801 καιρῷ
2339 4729 2534 4800 τούτῳ,
2575 4729 2792 4800 γνωριῶ
2824 4731 3006 4794 αὐτοῖς
3031 4729 3127 4801 τὴν
3156 4729 3312 4800 χεῖρά
3353 4746 3454 4800 μου
3491 4730 3588 4783 καὶ
3613 4728 3708 4799 τὴν

2135 4819 2361 4890 δύναμίν
2388 4836 2519 4890 μου·
2551 4821 2643 4873 καὶ
2677 4819 2996 4888 γνώσονται,
3033 4821 3117 4873 ὅτι
3147 4819 3315 4890 ὄνομά
3346 4837 3438 4890 μοι
3479 4819 3703 4891 Κύριος.

2147 4913 2418 4983 Ἀμαρτία
2481 4912 2650 4967 Ἰούδα
2705 4913 3076 4985 ἐγγέγραπται
3121 4916 3180 4967 ἐν
3222 4915 3408 4983 γραφῇ
3453 4914 3512 4965 ἐν
3558 4913 3704 4982 ὄνυχι

2133 5002 2498 5074 ἀδαμαντίνῳ,
2551 5003 3000 5075 ἐγκεκολαμμένη
3055 5004 3148 5056 ἐπὶ
3192 5002 3288 5056 τοῦ
3336 5002 3567 5074 στήθους
3610 5003 3704 5072 τῆς

2139 5095 2364 5166 καρδίας
2391 5095 2589 5159 αὐτῶν,
2615 5097 2778 5166 ἡνίκα
2814 5095 2879 5148 ἂν
2916 5094 3224 5166 μνησθῶσιν
3255 5095 3323 5148 τά
3350 5095 3486 5166 ἄλση
3528 5094 3705 5147 αὐτῶν

2136 5186 2228 5238 ἐπὶ
2272 5186 2426 5251 ξύλου
2477 5186 2681 5249 δασέως
2730 5187 2823 5239 καὶ
2873 5187 2963 5239 ἐπὶ
3009 5186 3208 5256 βουνῶν
3257 5185 3568 5257 μετεώρων,
3616 5185 3706 5238 καὶ

2133 5281 2302 5352 ὀρέων
2347 5283 2402 5333 ἐν
2441 5279 2615 5350 ἀγρῷ.
2675 5280 2847 5349 ’ἰσχύν
2886 5296 2978 5332 σου
3021 5280 3112 5333 καὶ
3153 5278 3462 5350 θησαυρούς
3497 5295 3590 5331 σου
3630 5279 3706 5339 είς

2135 5373 2410 5444 προνομὴν
2433 5373 2605 5432 δώσω,
2630 5375 2723 5425 καὶ
2748 5373 2815 5428 τὰ
2855 5371 3036 5442 ὑψηλά
3075 5387 3169 5424 σου
3193 5371 3280 5424 διὰ
3308 5370 3405 5434 τὰς
3435 5371 3706 5442 ἁμαρτίας

2137 5481 2228 5517 σου
2261 5465 2358 5528 τὰς
2385 5466 2442 5516 ἐν
2477 5467 2608 5517 πᾶσι
2637 5468 2747 5527 τοῖς
2775 5465 2940 5534 ὁρίοις
2971 5481 3064 5516 σου
3085 5480 3098 5492 ·
3129 5465 3223 5516 καὶ
3261 5463 3515 5535 ἀφεθήσῃ
3548 5463 3708 5533 μόνη,

2134 5557 2225 5608 καὶ
2249 5555 2552 5626 ταπεινωθή
2562 5571 2628 5627 σῃ
2649 5555 2754 5608 ἀπὸ
2776 5555 2875 5624 τῆς
2903 5554 3264 5625 κληρονομίας
3286 5571 3401 5618 σου,
3435 5549 3504 5625 ἦς
3534 5553 3709 5606 ἔδωκα

2136 5663 2246 5701 σοι·
2285 5648 2377 5701 καὶ
2413 5646 2802 5703 καταδουλώσω
2839 5665 2895 5701 σε
2933 5651 3046 5711 τοῖς
3073 5648 3285 5719 ἐχθροῖς
3319 5664 3414 5702 σου
3451 5649 3510 5700 ἐν
3538 5649 3605 5717 τῇ
3641 5647 3704 5715 γῇ
