3842 6218
419 295 525 352 “5

1085 292 1357 350 EUSEBII
1392 290 1871 349 CESARIENSIS
1907 291 1990 347 ΟΡ

2111 286 2282 343 PARS
2317 286 2383 342 ιι.
2421 314 2491 329 -
2526 261 3061 341 ΑΡοιοοΕτιοΑ.“

3559 274 3667 332 116

419 406 607 465 XXIX.
647 408 687 462 Α
721 406 1091 463 Malachia.—
1116 406 1395 463 Recusatio
1423 410 1589 478 gentis
1614 408 1890 470 Judairaz,
1937 417 1985 461 et

2111 404 2216 478 ίεδίο
2247 399 2536 478 ΓΑπᾲτοῦ
2568 391 3361 478 Manantes—(Iacuere,
3383 388 3512 478 to?
3531 391 3664 478 Ἰον-

486 480 777 549 corporalis
822 481 1051 548 ipsorum
1086 494 1149 531 ex
1195 479 1300 548 lege
1342 480 1507 533 Mosi:
1548 479 1875 533 adorationis
1906 494 1987 549 re-

485 547 664 618 iectio,
692 547 960 620 spirituali
1006 547 1306 603 introducta
1350 551 1404 603 in
1436 565 1610 603 omnes
1641 559 1812 620 gentes
1854 547 1985 602 ado-

488 622 691 674 ratione
723 635 813 689 per
838 618 1128 676 Christum.

490 774 599 846 56
625 793 644 826 ι
671 772 790 828 Non
814 781 1033 828 estmea
1057 773 1372 827 voluntasin
1390 771 1987 839 vobis,dicitDominus

421 868 787 937 omnipotens,
812 872 867 920 et
895 863 1224 919 sacriﬁcium
1252 880 1360 918 non
1390 864 1685 933 suscipiam
1711 863 1779 919 de
1807 864 1985 918 mani-

324 976 333 983 ‘
420 961 525 1015 bus
547 957 742 1014 vestris
768 976 783 1025 ;
818 960 1074 1028 quoniam
1104 956 1172 1010 ab
1195 962 1317 1009 ortu
1342 956 1495 1021 solis,
1519 965 1573 1012 et
1603 971 1776 1027 usque
1799 955 1867 1010 ad
1895 971 1989 1010 oc-

420 1067 631 1117 casum,
660 1066 860 1107 nomen
895 1065 1073 1105 meum
1107 1048 1464 1120 gloriﬁcatum
1498 1057 1582 1105 est
1607 1050 1662 1104 in
1688 1049 1940 1120 gentibus
1970 1070 1984 1103 :

420 1145 552 1199 etin
583 1143 732 1198 omni
753 1144 873 1198 loco
912 1142 1196 1197 incensum
1225 1140 1448 1196 oﬁ‘ertur
1481 1142 1691 1196 nomini
1738 1157 1892 1205 meo,
1932 1148 1988 1197 et

423 1237 603 1291 hostia
638 1235 839 1289 munda
869 1254 883 1289 :
914 1235 1167 1304 quoniam
1197 1249 1450 1303 magnum
1480 1249 1679 1289 nomen
1723 1249 1900 1287 meum
1930 1234 1984 1288 in

421 1327 693 1399 gentibus,
712 1327 845 1381 dicit
876 1324 1138 1381 Dominus
1160 1325 1522 1396 omnipotens,
1548 1339 1645 1379 vos
1661 1333 1840 1379 autem
1864 1338 1988 1394 pro-

421 1418 618 1473 fanatis
646 1419 777 1472 illud
803 1416 869 1470 ⁸⁸.
912 1436 931 1469 ι

421 1529 585 1585 ΧΧΧ.
628 1529 706 1582 Ab
739 1529 911 1585 Isaia.
953 1560 1021 1569 —
1048 1529 1290 1585 Judaicw
1319 1530 1483 1599 gentis
1516 1530 1673 1582 ruina
1696 1569 1712 1591 ,
1750 1529 1986 1598 verbique

491 1600 606 1663 Dei,
627 1609 675 1653 et
709 1602 834 1670 legis
880 1616 1024 1654 nova:
1067 1600 1286 1670 ejusque!
1328 1600 1515 1653 domus
1562 1602 1882 1669 divulgatio.
1936 1608 1989 1652 et

489 1671 700 1741 pietatis
732 1668 963 1723 omnium
995 1668 1226 1739 gentium
1253 1668 1563 1724 dectaratio.

495 1865 514 1896 σ
557 1846 913 1917 Relinquetur
940 1846 1049 1901 ﬁlia
1080 1845 1212 1901 Sion
1236 1856 1295 1901 ut
1312 1846 1772 1916 umbraculumjn
1803 1845 1980 1909 vinea,

420 1946 475 1993 et
500 1939 643 1992 sicut
673 1938 947 1993 fructuum
978 1938 1228 1994 custodia
1274 1938 1331 1992 in
1376 1937 1755 1992 cucumerarin
1780 1976 1794 1999 ,
1842 1936 1985 1991 sicut

422 2031 617 2086 civitas
676 2031 730 2085 in
779 2030 1062 2087 obsidione
1107 2031 1192 2098 ⁸⁸;
1235 2050 1254 2083 ι
1294 2046 1358 2085 ac
1389 2030 1645 2100 deinceps
1698 2028 1979 2099 adiungit:

421 2122 705 2189 Quomodo
735 2124 875 2179 facta
907 2131 993 2179 est
1026 2122 1284 2179 meretrix
1312 2123 1505 2177 civitas
1527 2122 1699 2177 ﬁdelis
1730 2120 1895 2176 Sion?
1928 2120 1981 2174 in

420 2231 529 2284 qua
553 2216 766 2284 justitia
816 2230 1066 2270 somnum
1110 2216 1253 2284 cepit
1296 2215 1353 2269 in
1376 2229 1462 2280 ea,
1498 2230 1644 2269 nunc
1692 2221 1870 2268 autem
1901 2212 1986 2265 in-

424 2306 741 2363 terfectores
771 2307 836 2360 ⁸⁸.
886 2326 905 2358 ι
961 2306 1027 2361 Ει
1078 2306 1145 2362 ad
1195 2308 1354 2363 haec:
1395 2325 1414 2359 ‹
1461 2306 1634 2360 Erunt
1664 2305 1809 2359 enim
1845 2304 1987 2358 sicut

423 2396 762 2451 terebinthus
792 2397 1019 2465 ahjectis
1066 2396 1232 2460 foliis,
1265 2405 1320 2453 et
1357 2397 1501 2451 sicut
1553 2396 1745 2450 hortus
1787 2408 1984 2462 aquam

424 2499 533 2540 non
573 2485 799 2541 habens.
832 2483 900 2538 Et
935 2486 1039 2540 erit
1086 2485 1347 2540 fortitudo
1386 2499 1576 2540 eorum
1600 2525 1615 2551 ,
1671 2491 1732 2537 ut
1787 2481 1985 2552 stipula

423 2584 650 2647 stuppae,
694 2585 748 2631 et
776 2586 1017 2646 quaestus
1060 2591 1248 2631 eorum
1271 2616 1287 2641 ,
1332 2583 1392 2630 ut
1434 2576 1683 2632 scintillae
1721 2575 1902 2646 ignis;
1933 2580 1987 2629 et

424 2669 808 2725 comburentur
838 2667 1044 2736 iniqui,
1093 2674 1148 2722 et
1199 2674 1510 2736 peccatores
1543 2666 1740 2729 simul,
1789 2672 1845 2721 et
1875 2680 1985 2719 non

424 2759 526 2814 erit
552 2759 645 2830 qui
666 2757 975 2829 exstinguat
1003 2758 1068 2811 ⁸⁷.
1109 2777 1127 2809 ι
1155 2756 1251 2813 llis
1268 2758 1520 2813 omnibus
1549 2757 1793 2828 adjungit
1817 2775 1830 2811 :
1868 2775 1885 2809 ι
1922 2756 1987 2811 Et

423 2850 525 2906 erit
551 2852 605 2904 in
637 2849 950 2905 novissimis
979 2848 1171 2904 diebus
1201 2849 1522 2904 manifestus
1546 2864 1703 2903 mons
1734 2847 1984 2912 Domini,

422 2950 475 2996 et
503 2941 698 2997 domus
730 2940 822 2996 Dei
857 2941 913 2994 in
942 2941 1168 2995 summis
1191 2941 1475 3005 montium,
1500 2947 1553 2995 et
1578 2940 1869 2995 extolletur
1895 2955 1989 2995 su-

422 3045 518 3099 per
555 3031 742 3084 colles.
794 3027 860 3080 Et
904 3028 1122 3083 venient
1173 3028 1239 3081 ad
1268 3044 1391 3083 eum
1433 3044 1623 3085 omnes
1668 3036 1892 3099 gentes:
1932 3036 1987 3083 et

2157 473 2341 527 δαίων
2361 471 2593 535 ἔθνους,
2625 469 2722 539 καὶ
2742 457 2851 534 ἶέῆς
2874 466 3021 539 mea
3042 457 3153 539 ibi:
3188 457 3442 525 Μωσέως
3468 462 3655 539 forte».

2158 530 2725 612 o‘wyarmﬁgdbtég
2758 530 3080 612 θρᾐσκείας
3117 531 3390 612 (ipf-1105c,
3423 530 3533 596 τῆς
3565 530 3662 582 διὸ

2153 599 2411 681 Χρῖστοῦ
2440 599 2587 663 iam
2615 607 2739 681 τοῖς
2778 599 2981 661 Eoi-sat
3012 599 3448 670 παραδοθείσης
3478 615 3652 653 strav-

2155 680 2415 752 ματικῆς
2445 680 2743 746 λατρείας.

2162 794 2182 826 ι
2228 775 2341 826 Οὐκ
2393 772 2507 824 ἔστι
2557 787 2658 841 μου
2708 767 2920 838 θέλημα
2977 766 3034 818 ἐν
3082 765 3231 834 ἡμῖν,
3278 760 3425 829 λέγει
3458 759 3663 831 Κύριος

2088 864 2508 935 παντοκράτωρ,
2560 861 2653 914 καὶ
2697 858 2887 913 θυσίαν
2936 857 2996 909 οὐ
3042 852 3407 927 προσδέξομαι
3451 852 3515 904 ἐκ
3553 850 3663 903 τῶν

2086 956 2283 1027 χειρῶν
2314 952 2502 1024 ὑμῶν·
2541 952 2675 1005 διότι
2720 952 2815 1004 ἀπ’
2850 945 3119 1002 ἀνατολῶν
3164 943 3316 1015 ἡλίου
3357 943 3451 996 καὶ
3496 942 3665 1013 μέχρι

2085 1046 2305 1119 δυσμῶν
2342 1045 2401 1097 τὸ
2433 1043 2601 1115 ὄνομά
2634 1058 2733 1112 μου
2762 1038 3070 1105 δεδόξασται
3108 1039 3164 1089 ἐν
3195 1037 3305 1098 τοῖς
3342 1032 3537 1095 ἔθνεσι,
3564 1034 3665 1086 καί⁵

2087 1142 2145 1194 ἐν
2198 1138 2361 1193 παντὶ
2408 1137 2558 1205 τόπῳ
2616 1132 2865 1204 θυμίαμα
2924 1130 3255 1203 προσάγεται
3313 1126 3391 1197 τῷ
3438 1125 3665 1196 ὀνόματί

2090 1249 2213 1303 μου,
2241 1230 2335 1282 καὶ
2368 1228 2528 1281 θυσία
2560 1225 2778 1297 καθαρά
2800 1241 2813 1253 ·
2850 1222 2984 1275 διότι
3016 1220 3155 1293 μέγα
3186 1218 3247 1274 τὸ
3273 1217 3445 1290 ὄνομά
3472 1235 3573 1288 μου
3604 1219 3666 1270 ἐν

2086 1324 2194 1383 τοῖς
2238 1320 2432 1383 ἔθνεσι,
2480 1317 2631 1386 λέγει
2670 1314 2866 1387 Κύριος
2913 1312 3347 1384 παντοκράτωρ·
3402 1311 3562 1382 ὑμεῖς
3607 1311 3667 1365 ἃ

2086 1409 2379 1480 βεϐηλοῦτε
2417 1409 2563 1462 αύτό.
2610 1428 2629 1459 ι

2085 1526 2183 1595 Λν,
2219 1522 2349 1576 Ἀπὸ
2397 1523 2503 1576 τοῦ
2547 1523 2805 1595 Ἡσαΐου.
2834 1550 2901 1595 τ
2938 1519 3050 1595 Τρῦ
3109 1516 3401 1595 Ἰρυδᾳίων
3448 1516 3669 1595 561-015-

2154 1594 2490 1657 ἀπόπτωσις
2521 1592 2706 1660 λόγου
2749 1608 2814 1644 τε
2854 1590 3024 1653 Θεοῦ,
3071 1588 3170 1641 καὶ
3200 1588 3386 1660 νόμου
3429 1588 3666 1660 καινορ,

2155 1664 2323 1715 οἴκου
2378 1680 2441 1715 τε
2466 1654 2669 1715 ἀὐτοῦ
2717 1660 3082 1729 φανέρωσις,
3143 1656 3244 1711 καὶ
3272 1654 3423 1711 ’τῶν
3471 1654 3670 1710 ἐθνῶν

2016 1756 2058 1810 Β
2157 1732 2436 1786 ἁπάντων
2463 1731 2771 1796 εὐσεϐείας
2801 1730 3084 1796 δήλωσις.

2159 1843 2179 1876 ι
2215 1822 2801 1893 Ἐγκαταλειφθήσεται
2846 1823 2879 1891 ἡ
2913 1819 3164 1890 θυγάτηρ
3189 1816 3328 1871 Σιὼν
3365 1816 3442 1880 ὡς
3487 1815 3673 1887 σκηνὴ

2084 1917 2140 1969 ἐν
2172 1911 2472 1984 ἀμπελῶνι,
2520 1912 2614 1965 καὶ
2653 1912 2730 1974 ὠς
2758 1909 3201 1982 ὀπωροφυλάκιον
3233 1909 3291 1961 ὲν
3326 1906 3674 1977 σικυηράτῳ,

2038 2027 2045 2031 θ
2082 2007 2157 2069 ὡς
2189 2005 2341 2066 πόλις
2368 2002 2821 2075 πολιορκουμένη.
2860 2021 2879 2053 ι
2909 2003 3020 2053 Καὶ
3060 1998 3190 2070 ἑξῆς
3222 1998 3492 2067 ἐπιλέγει’
3540 1998 3675 2063 Πῶς

2085 2096 2299 2164 ἐγένετο
2338 2095 2509 2164 πόρνη
2552 2093 2702 2155 πόλις
2751 2090 2916 2162 πιστὴ
2960 2089 3134 2155 Σιών;
3176 2092 3234 2142 ἐν
3351 2087 3672 2159 δικαιοσύνη

2086 2187 2347 2258 ἐκοιμήθη
2380 2189 2436 2239 ἐν
2461 2186 2622 2255 αὐτῇ,
2655 2184 2747 2237 νῦν
2765 2184 2820 2237 δὲ
2838 2180 3103 2253 φονευταί.
3137 2202 3156 2233 ι
3175 2181 3287 2236 Καὶ
3316 2182 3406 2234 ἐπὶ
3434 2181 3670 2244 τούτοιςο

2092 2295 2109 2327 ι
2136 2277 2385 2328 Ἔσονται
2410 2274 2517 2344 γὰρ
2540 2274 2614 2337 ὡς
2636 2291 2695 2327 τε
2705 2272 2944 2345 ρέϐινθος
2968 2270 3367 2341 ἀποϐεϐληκυῖα
3379 2271 3447 2323 τὰ
3470 2270 3669 2339 φύλλα,

2086 2367 2180 2419 καὶ
2210 2365 2285 2428 ὡς
2314 2364 2638 2435 παράδεισος
2662 2363 2806 2434 ὕδωρ
2833 2363 2906 2434 μὴ
2934 2362 3092 2431 ἔχων.
3126 2362 3237 2414 Ka‘.
3265 2359 3417 2413 ἔσται
3450 2363 3482 2432 ὴ
3513 2362 3672 2431 ἰσχὺς

2086 2456 2265 2509 αὐτῶν
2302 2454 2377 2517 ὡς
2412 2454 2631 2525 καλάμη
2666 2455 2956 2517 στυππίου,
2998 2453 3089 2506 καὶ
3126 2453 3181 2505 αἱ
3211 2451 3461 2523 ἐργασίαι
3487 2452 3672 2505 αὐτῶν

2086 2547 2162 2610 ὼς
2200 2546 2493 2617 σπινθῆρες
2540 2546 2730 2618 πυρὸς,
2765 2546 2858 2599 καὶ
2908 2544 3414 2616 κατακαυθήσονται
3457 2546 3507 2597 οἱ
3544 2547 3672 2599 ἄνο-

2091 2657 2199 2710 μοι,
2226 2639 2321 2692 καὶ
2348 2640 2397 2691 οἱ
2432 2637 2738 2709 ἁμαρτωλοὶ
2772 2637 2904 2707 ἅμα,
2926 2637 3018 2690 καὶ
3033 2637 3132 2689 οὐκ
3158 2636 3308 2689 ἔσται
3332 2637 3360 2688 ὁ
3389 2635 3621 2689 σὸἐσων.
3645 2655 3665 2687 ο

2088 2733 2307 2794 Τούτοις
2344 2730 2545 2784 ἅπασιν
2591 2728 2860 2797 ἐπιλέγειο
2885 2746 2903 2777 ι
2932 2728 3041 2780 Καὶ
3072 2727 3223 2779 ἔσται
3253 2728 3309 2779 ἐν
3338 2730 3458 2790 ταῖς
3497 2727 3668 2795 ἐσχά-

2089 2839 2209 2885 ταις
2247 2820 2485 2891 ἡμέραις
2525 2817 2765 2889 ἐμφανές
2809 2817 2870 2869 τὸ
2917 2816 3040 2887 ὅρος
3071 2815 3297 2887 Κυρίου,
3328 2816 3422 2869 καὶ
3461 2817 3490 2868 ὁ
3518 2810 3674 2878 οἶκος

2088 2912 2180 2966 τοῦ
2232 2912 2365 2964 Θεοῦ
2409 2911 2496 2964 ἐπ’
2545 2911 2728 2981 ἄκρων
2779 2907 2885 2961 τῶν
2932 2908 3123 2979 ὀρέων,
3180 2907 3273 2960 καὶ
3320 2906 3672 2976 ὑψωθήσεται

2094 3005 2346 3076 ὑπεράνω
2391 3003 2498 3057 τῶν
2543 3001 2765 3072 βουνῶν.
2810 3002 2921 3054 Καὶ
2947 3000 3166 3071 ἥξουσιν
3203 3001 3286 3053 ἐπ’
3325 2999 3456 3063 αὐτὸ
3489 2999 3676 3055 πάντα

422 3090 580 3176 ibunt
606 3128 793 3190 gentes
824 3120 1005 3173 multae
1030 3127 1085 3173 et
1108 3119 1292 3174 dicent
1318 3139 1330 3173 :
1362 3118 1584 3185 Venite,
1629 3090 1990 3177 ascendamus

2111 3095 2161 3148 ιὰ
2188 3095 2313 3165 ἔθνη
2333 3111 2347 3124 ·
2393 3095 2489 3148 καὶ
2518 3093 2875 3165 πορεύσονται
2917 3091 3043 3163 ἔθνη
3077 3090 3266 3153 πολλὰ,
3298 3091 3392 3144 καὶ
3413 3090 3636 3162 ἐροῦσιν
3654 3109 3669 3120 ·

423 3213 478 3265 in
523 3219 765 3264 montem
822 3208 1037 3264 Domini
1087 3219 1140 3264 et
1182 3211 1237 3264 in
1279 3211 1500 3266 domum
1534 3211 1631 3268 Dei
1679 3212 1886 3268 Jacob:
1938 3221 1993 3267 et

423 3302 768 3358 annuntiabit
796 3301 957 3358 nobis
988 3305 1131 3356 viam
1178 3317 1365 3369 suam,
1409 3313 1464 3359 et
1511 3306 1910 3362 ambulahimus
1937 3307 1992 3360 in

423 3410 507 3449 ea.
538 3394 674 3450 Nam
723 3396 791 3451 de
825 3395 955 3450 Sion
988 3398 1155 3451 exibit
1183 3398 1289 3462 lex,
1320 3404 1374 3451 et
1406 3396 1634 3451 verbum
1686 3396 1899 3453 Domini
1927 3399 1993 3452 de

423 3485 721 3543 Jerusalem
751 3505 765 3541 :
796 3495 849 3542 et
875 3488 1143 3558 judicabit
1173 3489 1315 3543 inter
1344 3497 1533 3558 gentes
1558 3488 1622 3542 ⁸⁸.
1669 3507 1686 3539 ι

424 3683 614 3740 XXXI.
655 3687 734 3739 Ab
769 3686 965 3742 eodem.
995 3717 1066 3726 ——
1094 3685 1335 3741 Sublatio
1363 3686 1546 3755 gloriae
1565 3686 1746 3755 populi
1775 3684 1993 3739 Judteo-

496 3773 635 3820 rum,
667 3769 717 3811 et
751 3761 979 3826 gentium
1032 3758 1297 3810 conversio
1349 3774 1381 3809 a
1410 3757 1818 3826 simulacrorum
1849 3756 1994 3808 cultu

496 3828 550 3878 in
568 3827 732 3880 Deum
752 3824 1013 3888 universi.
1033 3838 1081 3880 et
1110 3826 1174 3881 de
1190 3826 1511 3881 desolatione
1528 3824 1878 3879 Iudaicarum
1902 3842 1984 3878 ur-

495 3896 660 3957 bium,
685 3907 734 3951 et
764 3897 828 3952 de
856 3897 1223 3951 incredulitate
1248 3913 1428 3951 eorum
1453 3912 1578 3968 erga
1613 3896 1799 3950 Deum.

501 4112 520 4144 ι
556 4091 682 4149 Hau:
733 4093 867 4149 dicit
894 4092 1155 4149 Dominus
1189 4093 1427 4149 Sabaoth
1456 4113 1469 4147 :
1508 4092 1574 4147 Et
1597 4094 1702 4148 erit
1726 4092 1995 4163 quemad-

2094 3188 2279 3253 Δεῦτε,
2311 3188 2404 3240 καὶ
2428 3186 2720 3257 ἀναδῶμεν
2750 3187 2829 3248 εἰς
2851 3184 2910 3237 τὸ
2936 3184 3059 3255 ὅρος
3083 3183 3173 3237 τοῦ
3207 3184 3432 3256 Κυρίου,
3469 3185 3563 3236 καὶ
3589 3186 3676 3248 είς

2094 3281 2184 3334 τὸν
2220 3277 2364 3335 οἷκον
2391 3279 2484 3333 τοῦ
2506 3279 2641 3332 Θεοῦ
2675 3277 2868 3331 Ἰακώὸ
2892 3295 2905 3308 ⁸
2947 3278 3041 3331 καὶ
3082 3279 3370 3346 ἀναγγελεῖ
3407 3278 3539 3348 ἡμῖν
3569 3278 3675 3348 τὴν

2093 3372 2210 3425 ὁδὸν
2262 3371 2461 3451 αὐτοῦ,
2516 3371 2611 3423 καὶ
2669 3369 3048 3441 πορευσόμεθα
3094 3370 3152 3421 ἐν
3194 3369 3352 3449 αὐτῇ.
3407 3369 3505 3421 Ἐκ
3562 3369 3677 3441 γὰρ

2095 3463 2231 3517 Σιὼν
2254 3461 2591 3526 ἐξελεύσεται
2626 3461 2809 3531 νόμος,
2842 3461 2937 3512 καὶ
2962 3460 3117 3527 λόγος
3138 3460 3341 3530 Κυρίου
3370 3458 3428 3525 ἐξ
3469 3460 3672 3531 Ἰερουο

2096 3554 2297 3625 σαλὴμ,
2327 3556 2420 3607 καὶ
2448 3555 2623 3625 κρινεῖ
2648 3551 2751 3606 ἀνὰ
2785 3552 2950 3622 μέσον
2971 3552 3078 3606 τῶν
3098 3551 3290 3604 ἐθνῶν.
3318 3570 3336 3602 ι

2094 3665 2218 3718 AA'.
2274 3666 2402 3717 Ἀπὸ
2455 3664 2561 3717 τοῦ
2600 3665 2806 3717 αὑτοῦ.
2838 3695 2908 3704 -
2931 3663 3283 3729 Καθαίρεσις
3330 3660 3443 3729 τῆς
3483 3660 3678 3728 δόξης

2166 3736 2272 3788 τοῦ
2314 3733 2617 3787 Ἰουδαίων
2642 3733 2817 3796 λαοῦ,
2854 3733 2950 3786 καὶ
2983 3734 3019 3800 ἡ
3049 3731 3168 3784 τῶν
3193 3730 3383 3786 ἐθνῶν
3406 3729 3526 3785 ἀπὸ
3560 3729 3678 3798 τῆς

2164 3804 2650 3869 εὶδωλολατρείας
2682 3801 3014 3871 ἐπιστροφὴ
3047 3801 3191 3869 πρὸς
3224 3801 3335 3871 τὸν
3360 3800 3478 3871 τῶις
3512 3800 3681 3871 ὅλων

2168 3873 2336 3934 Θεὸν,
2379 3872 2451 3926 τά
2480 3868 2544 3925 τε
2576 3868 2705 3940 περὶ
2748 3868 2865 3939 τῆςί
2895 3868 3139 3940 ἐρημίας
3172 3870 3290 3923 τῶν
3325 3868 3680 3923 Ἰουδαϊκῶν

2166 3945 2419 4030 πολεων,
2464 3944 2562 3996 καὶ
2604 3938 2736 4011 περὶ
2769 3938 2881 4011 τῆς
2917 3938 3010 4007 εἰς(
3046 3941 3153 3994 τὸν
3195 3940 3346 3994 Θεὸν
3385 3938 3715 4006 ἀπιστίαςπ

2170 4030 2207 4066 α
2214 4032 2247 4065 υ
2254 4030 2387 4065 των.

2173 4122 2192 4154 ‹
2221 4103 2358 4156 Τάδε
2403 4103 2549 4172 λέγει
2595 4102 2797 4173 Κύριος
2822 4099 3081 4154 Σαόαώθ’
3129 4099 3225 4152 καὶ
3261 4097 3414 4150 ἐσται
3453 4097 3513 4150 ὃν
3551 4097 3682 4168 τρό-

426 4184 646 4240 ιιιοᾱιιω
677 4186 724 4241 si
753 4186 877 4256 quis
903 4187 1123 4257 colligat
1152 4186 1355 4257 spicam
1381 4187 1433 4240 in
1453 4185 1698 4240 convalle
1724 4182 1921 4248 solida,
1942 4191 1990 4238 et

2111 4210 2197 4247 τιον
2240 4196 2331 4248 ἐάν
2374 4212 2457 4258 τις
2498 4193 2777 4263 συναγάγῃ
2822 4192 3021 4260 στάχυν
3061 4191 3119 4243 ἐν
3164 4190 3407 4262 φάραγγι
3453 4188 3677 4259 στερεᾷ..

421 4276 609 4331 relicta
637 4275 694 4329 in
716 4290 780 4331 ea
810 4275 883 4331 sit
908 4277 1132 4346 stipula,
1162 4284 1256 4329 aut
1281 4283 1540 4345 tanquam
1569 4275 1616 4330 si
1644 4275 1825 4329 baccae
1844 4275 1990 4329 oliva!

2111 4287 2194 4341 καὶ
2221 4285 2553 4357 καταλειφθῇ
2589 4287 2646 4338 ἐν
2676 4286 2812 4355 αὐτῇ
2840 4284 3084 4353 καλάμη,
3116 4281 3149 4353 ἦ
3182 4282 3257 4344 ὡς
3285 4280 3459 4353 ρῶγες
3487 4279 3682 4342 ἐλαίας

423 4364 545 4421 dua:
570 4367 655 4422 vel
692 4374 804 4422 tres
830 4368 889 4421 in
922 4382 1137 4423 summo
1167 4368 1505 4432 sublimium,
1536 4368 1623 4423 vel
1655 4377 1890 4438 quatuor
1911 4368 1990 4422 vel

2111 4379 2192 4432 δύο
2238 4379 2271 4447 ἢ
2314 4382 2463 4449 τρεῖς
2516 4379 2601 4429 ἐπ’
2648 4378 2820 4448 ἄκρου
2880 4373 3207 4445 μετεώρων,
3256 4372 3290 4439 ἣ
3336 4372 3600 4441 τέσσαρες
3641 4370 3678 4440 ἢ

425 4458 668 4527 quinque
701 4458 756 4513 in
789 4459 956 4515 ramis
995 4474 1183 4514 eorum
1215 4460 1419 4514 relictae
1447 4459 1670 4515 fuerint.
1704 4458 1830 4515 Haec
1863 4461 1990 4515 dicit

2111 4470 2263 4523 πέντε
2300 4468 2393 4519 ἐπί
2424 4468 2531 4520 τῶν
2570 4468 2777 4522 κλάδων
2828 4465 3007 4520 αὐτῶν
3062 4462 3486 4531 καταλειφθῶσι.
3536 4462 3679 4515 Τάδε

427 4555 693 4611 Dominus
730 4554 870 4610 Deus
899 4553 1065 4610 Israel
1095 4575 1106 4608 :
1140 4553 1236 4609 Die
1276 4555 1367 4609 illa
1397 4554 1677 4611 conﬁdens
1707 4555 1813 4610 erit
1833 4556 1990 4609 homo

2111 4561 2246 4629 λέγει
2291 4559 2497 4631 Κύριος
2541 4562 2568 4612 ὁ
2591 4559 2719 4623 Θεὸς
2746 4557 2840 4611 τοῦ
2885 4556 3117 4628 Ἰσραήλ·
3150 4557 3227 4626 Τῇ
3265 4555 3450 4626 ἡμέρᾳ
3489 4554 3681 4626 ἐκείνῃ

428 4650 484 4701 in
512 4662 599 4709 eo,
623 4647 715 4715 qui
746 4645 850 4715 57
874 4644 1003 4699 fecit
1031 4645 1243 4714 ipsum;
1272 4645 1417 4700 oculi
1437 4655 1616 4700 autem
1636 4646 1756 4714 ejus
1782 4646 1848 4700 ad
1871 4661 1998 4701 san-

427 4744 576 4788 ctum
600 4732 763 4788 Israel
787 4733 1098 4803 respicient,
1127 4741 1181 4786 et
1203 4748 1312 4788 non
1336 4733 1611 4788 conﬁdent
1632 4736 1687 4788 in
1713 4735 1997 4799 altaribus,

428 4841 608 4896 neque
656 4827 712 4881 in
738 4827 992 4895 operibus
1022 4840 1278 4881 manuum
1318 4841 1561 4891 suarum,
1582 4842 1704 4896 qua:
1754 4827 2002 4883 fecerunt

430 4920 582 4989 digiti
606 4921 848 4991 ipsorum
881 4940 894 4975 :
924 4936 1101 4991 neque
1134 4921 1401 4990 aspicient
1436 4921 1607 4991 ligna,
1638 4931 1692 4976 et
1721 4923 1994 4977 abomina—

434 5012 611 5065 tiones
632 5027 762 5065 suas
810 5012 897 5067 die
940 5012 1053 5066 illa.
1117 5010 1290 5066 Erunt
1341 5012 1590 5067 civitates
1620 5021 1726 5067 tuae
1754 5014 1959 5068 relictae
1984 5055 1998 5077 ,

430 5101 887 5171 quemadmodum
936 5102 1253 5157 defecerunt
1280 5104 1582 5157 Amorrhaei
1610 5113 1662 5158 et
1694 5103 1833 5159 Evaei
1863 5120 1893 5157 a
1923 5103 2003 5158 fa-

432 5193 515 5247 cie
544 5191 777 5246 ﬁliorum
808 5194 993 5258 Israel,
1025 5204 1079 5250 et
1126 5205 1288 5251 erunt
1318 5196 1531 5251 deserta
1563 5215 1575 5249 :
1620 5197 1877 5265 quoniam
1909 5197 2004 5250 de-

433 5283 656 5339 seruisti
688 5282 855 5338 Deum
886 5285 1219 5345 Salvatorem
1250 5298 1427 5353 tuum,
1454 5297 1507 5344 et
1551 5288 1764 5342 Domini
1798 5288 1891 5342 Dei
1922 5288 2003 5342 tui

433 5390 540 5428 non
572 5375 889 5431 recordatus
918 5393 999 5432 es.
1044 5378 1335 5450 Propterea
1390 5380 1662 5450 plantabis
1712 5379 2011 5450 plantatio-

433 5481 556 5519 nem
596 5465 867 5522 inﬁdelem
896 5488 908 5522 :
945 5485 1268 5542 quacunque
1301 5482 1480 5528 autem
1516 5474 1603 5528 die
1632 5472 1961 5543 plantaveris
1985 5510 2001 5535 ,

431 5557 721 5626 decipieris
756 5560 821 5611 ⁸⁸.
864 5580 884 5613 ι

432 5667 607 5721 τευμα
636 5652 862 5708 ἄπιστον
908 5672 921 5684 ο

2102 4650 2376 4714 πεποιθὼς
2402 4651 2552 4704 ἔσται
2579 4653 2607 4703 ὁ
2637 4650 2921 4721 ἄνθρωπος
2946 4649 3038 4701 ἐπὶ
3065 4646 3143 4718 τῷ
3174 4649 3456 4717 ποιήσαντι
3490 4645 3676 4698 αὐτόν·

2102 4747 2153 4798 οἱ
2191 4744 2247 4797 δέ
2283 4743 2552 4814 ὀφθαλμοὶ
2581 4743 2745 4794 αὑτοῦ
2786 4743 2866 4805 εἰς
2907 4742 2997 4796 τὸν
3037 4741 3190 4809 ἅγιον
3225 4738 3441 4811 Ἰσραὴλ
3474 4737 3676 4808 ἐμϐλέ-

2102 4837 2323 4906 ψονται·
2359 4836 2453 4889 καὶ
2485 4836 2544 4889 οὐ
2567 4834 2640 4905 μὴ
2672 4833 2987 4897 πεποιθότες
3020 4828 3152 4886 ὦσιν
3184 4832 3277 4884 ἐπὶ
3305 4833 3418 4894 τοῖς
3451 4830 3682 4900 βωμοῖς,

2104 4926 2225 4981 οὔτε
2261 4928 2352 4979 ἐπὶ
2378 4929 2492 4989 τοῖς
2529 4925 2710 4997 ἔργοις
2743 4926 2851 4978 τῶν
2882 4924 3081 4996 χειρῶν
3114 4923 3315 4989 αὐτῶν,
3350 4921 3387 4975 ἃ
3415 4920 3684 4992 ἐποίησαν

2104 5020 2152 5070 οἱ
2172 5017 2425 5072 δάκτυλοι·
2450 5016 2628 5070 αὐτῶν
2647 5034 2660 5046 ·
2693 5017 2788 5069 καὶ
2830 5017 2929 5070 οὐκ
2961 5017 3180 5085 ὄψονται
3208 5016 3276 5068 τὰ
3301 5016 3518 5084 δένδρα,
3551 5012 3685 5068 οὔτε

2104 5110 2171 5163 τὰ
2216 5110 2559 5180 βδελύγματα
2603 5109 2779 5163 αὐτῶν
2827 5110 2892 5180 τῇ
2943 5109 3126 5180 ἡμέρᾳ.
3174 5109 3377 5179 ἐκείνῃ.
3425 5109 3685 5161 Ἔσονται

2106 5202 2163 5254 αἱ
2184 5201 2368 5265 πόλεις
2405 5219 2496 5253 σου
2526 5200 3103 5269 ἐγκαταλελειμμέναι,
3133 5199 3190 5252 ὃν
3219 5200 3415 5271 τρόπον
3448 5198 3686 5266 ἐγκατὲ-

2107 5293 2261 5345 λιπον
2305 5294 2355 5345 οἱ
2404 5294 2718 5364 Ἀμορραῖοι
2773 5292 2868 5344 καὶ
2906 5291 2956 5342 οἱ
3007 5291 3185 5344 Εύαῖοι
3230 5290 3337 5343 ἀπὸ
3384 5287 3686 5360 προσώπου

2108 5384 2216 5437 τῶν
2250 5383 2381 5437 υἱῶν
2416 5382 2632 5454 Ἰσραήλ
2651 5401 2671 5417 ἰ
2700 5383 2792 5435 καὶ
2846 5382 3055 5436 ἔσονται
3084 5381 3279 5452 ἔρημοι
3308 5380 3439 5434 διότι
3484 5381 3692 5447 ἐγκατ-

2111 5474 2294 5538 έλιπες
2326 5474 2417 5527 τὸν
2449 5473 2579 5527 Θεὸν
2632 5473 2723 5528 τὸν
2763 5473 2985 5545 σωτῆρά
3025 5489 3148 5527 σου.
3203 5472 3298 5524 καὶ
3334 5469 3539 5541 Κυρίου
3582 5469 3689 5524 τοῦ

2111 5566 2245 5618 Θεοῦ
2298 5582 2392 5618 σου
2432 5565 2532 5617 οὐκ
2570 5564 2869 5635 ἐμνήσθης.
2916 5563 3016 5617 Διὰ
3052 5560 3209 5615 τοῦτο
3248 5562 3533 5630 φυτεύσεις
3577 5556 3691 5628 φύ-

980 5658 1044 5728 τῇ
1072 5657 1128 5709 δὲ
1161 5657 1342 5729 ἡμέρᾳ
1462 5655 1527 5711 ἂν
1560 5656 1830 5729 φυτεύσῃς
1881 5656 2222 5732 πλανηθήσῃ.
2260 5677 2278 5709 ι

507 5768 557 5803 ⁸⁸
586 5769 815 5828 Malach.
844 5796 883 5839 ι,
922 5772 1106 5839 10,1Ι.
1186 5775 1229 5806 ⁸⁵
1257 5774 1358 5830 Isa.
1394 5792 1428 5841 ι,
1461 5776 1494 5829 8
1593 5775 1638 5807 ⁸⁸
1669 5777 1799 5832 ibid.
1838 5777 1927 5829 ‘21.

2111 5778 2205 5832 JH.
2239 5779 2329 5834 '51.
2405 5778 2449 5811 ⁸⁸
2472 5777 2577 5833 Isa.
2612 5792 2670 5843 ιι,
2699 5775 2815 5830 2-4.

2912 5776 2958 5809 ι’
2993 5773 3094 5831 Isa.
3123 5786 3255 5837 rm,
3292 5767 3439 5825 εοια.
