3842 6218
122 251 219 305 H7
1029 235 1679 298 DEMONSTRATIONIS
1715 231 2172 290 EVANGELICAS
2210 230 2336 286 LIB.
2378 228 2443 283 ll.
3254 217 3360 274 “8

121 371 245 427 AB'.
317 368 428 422 Τοῦ
476 364 686 422 αὑτοῦ.
720 396 789 407 --
813 364 1084 430 Δήλωσις
1126 361 1524 429 καθαιρέσεως
1570 360 1692 413 τῶν

1833 352 2007 409 .XXll.
2140 354 2339 405 eodem.
2370 344 2727 430 -έ-Εωηοεξςο
2768 334 3358 430 eversionismlxdaica-

199 405 793 495 Ξουὲὲἷκόἔὲτῖςὲὶων
808 405 1530 503 Ξῶ”ἔᾶτὶ’ς’Ξῶῐῖὸῖρὲτῖῐι’ὰῗῖι
1546 405 1694 483 ὁεῐὲ·

1833 405 2217 489 iit—ythmum,
2249 430 2298 474 et
2318 405 2773 490 gentium-latitia:
2802 408 3085 465 secundum
3113 405 3302 460 Deum.

186 510 590 578 εὐφροσύνης.

1873 623 1891 655 ‹
1932 600 2156 656 Domine
2182 597 2325 653 Deus
2359 609 2533 657 meus,
2558 588 2870 663 gloriﬁcabo
2901 594 2973 648 te.
3004 581 3238 639 laudabo
3268 595 3363 635 no-

194 640 213 672 ι
225 620 401 691 Κύριε
416 622 443 672 6
459 620 589 680 Θεὸς
606 635 732 689 μου,
749 615 956 680 δοξάσω
976 631 1055 677 σε,
1075 614 1301 683 ὑμνήσω
1321 612 1382 664 τὸ
1396 610 1564 681 ὄνομά
1580 622 1694 671 σου,

1798 711 1922 750 men
1952 704 2123 759 tuum,
2157 690 2411 761 quoniam
2442 685 2616 741 fecisti
2630 698 2721 738 res
2749 680 3044 741 mirabiles,
3072 674 3361 731 consilium

116 714 199 766 ὅτι
243 713 508 782 ἐποίησας
546 708 835 780 θαυμαστά
858 707 1178 778 πράγματα,
1231 703 1423 774 βουλὴν
1445 700 1697 774 ἀρχαίαν,

121 763 408 873 ἀληθινήνῖ
429 763 670 862 ένοιτοί
688 799 882 870 Κύριε,
901 763 996 850 ’δτζ
1006 763 1207 866 ἔθηκας
1221 763 1401 855 πόλεις
1427 763 1505 856 είς
1517 763 1699 860 Ξῶμα,

1835 788 2105 856 ntiquum,
2127 797 2338 838 verum.
2368 778 2511 845 Fiat,
2551 776 2798 841 Domine,
2833 770 3092 843 quoniam
3131 763 3364 838 posuisti

119 857 306 955 πόλεις
331 857 429 961 dxi)
438 891 555 963 ράς,
590 890 683 943 τοῦ
705 857 888 942 πεσεῖν
906 857 1167 943 αὐτῶν-τὰ
1185 857 1423 956 θεμέλια.
1574 857 1701 934 ἀ-σε-

1837 880 2053 933 ivitates
2094 876 2150 929 in
2182 873 2476 935 tumulum,
2502 870 2751 925 civitates
2791 864 3054 925 munitas,
3081 867 3140 915 ut
3172 857 3367 913 cadent

119 983 233 1036 ϐῶν
262 953 417 1045 πόλις
439 953 526 1046 ὲεςί
544 953 644 1034 τὸν
676 980 849 1034 αίῶνα
871 981 930 1032 οὐ
962 978 1037 1049 μὴ
1061 953 1385 1047 οἰκοδομηθῇ
1403 991 1418 1005 ο
1437 972 1523 1026 διὰ
1547 970 1705 1025 τοῦτο

1837 983 1989 1023 arum
2020 965 2388 1021 fundamenta.
2437 961 2730 1030 impiorum
2785 956 2977 1010 civitas
3019 953 3073 1006 in
3104 957 3366 1005 aeternum

120 1040 611 1146 ebloﬁcoualvca.
683 1073 897 1140 Ἐγὲνου
934 1040 1041 1143 ἦιρ
1104 1040 1254 1140 πάσῇ
1293 1040 1444 1121 πόλει
1478 1067 1704 1136 ταπεινῇ

1833 1077 1915 1116 ιοιι
1944 1056 2301 1115 aediﬁcabitur
2334 1073 2347 1108 :
2383 1060 2669 1124 propterea
2703 1047 2988 1104 benedicet
3012 1043 3107 1098 tibi
3132 1040 3366 1112 populus

122 1133 338 1237 βοηθδς,
368 1167 462 1219 καὶ
517 1169 628 1228 τοῖς
685 1133 1096 1235 ἀθυμήσασιΙδϋ
1130 1133 1333 1215 ἔνδειαν
1365 1158 1553 1227 σκέπη.
1596 1133 1707 1209 καί

1833 1170 1985 1225 ιιορε,
2014 1160 2068 1208 et
2095 1152 2343 1206 civitates
2373 1145 2657 1201 hominum
2692 1140 2925 1210 injurias
2951 1136 3240 1192 ferentium
3270 1133 3370 1186 be-

120 1222 340 1324 ίιτοίήσει
370 1254 572 1326 Κύριος
601 1222 828 1306 έαϐαὼθ
855 1222 989 1307 επᾶσι
1019 1255 1131 1316 τοῖς
1163 1251 1369 1304 ἔθνεσιν
1389 1248 1482 1301 ἐπὶ
1502 1222 1564 1300 τὸ
1587 1245 1709 1316 ὅρος

1833 1222 2062 1301 redicent
2083 1242 2201 1297 tibi.
2229 1237 2434 1292 Factus
2462 1235 2605 1290 enim
2643 1248 2704 1288 es
2745 1230 2895 1285 omni
2928 1227 3133 1283 civitati
3176 1222 3370 1279 humili

116 1343 299 1409 τοῦτο,
332 1345 545 1399 πίονται
581 1344 940 1417 εὐφροσύνην,
988 1344 1201 1398 πίονται
1242 1339 1404 1406 οἶνον,
1432 1340 1710 1412 χρίσονται

1833 1333 2045 1402 idjutor,
2079 1337 2133 1386 et
2171 1341 2406 1382 maerore
2458 1322 2667 1377 aii'ectis
2717 1327 2938 1391 propter
2993 1314 3369 1386 indigentiam,

124 1439 300 1509 μύρον
328 1439 388 1489 ὲν
413 1436 494 1506 τῷ
517 1436 636 1509 ὄρει
664 1437 854 1507 τούτῳ.
908 1437 1155 1508 Παράδος
1181 1433 1355 1490 ταῦτα
1386 1432 1563 1486 πάντα
1599 1429 1710 1490 τοῖς

1833 1420 2076 1478 ποῑθοῑίο
2107 1425 2196 1474 :et
2224 1417 2384 1471 faciet
2411 1413 2672 1468 Dominus
2695 1409 2932 1465 Sabaoth
2952 1406 3218 1462 omnibus
3238 1420 3372 1476 gen-

116 1498 333 1583 ἐθνεσιν
351 1547 366 1561 ·
388 1532 422 1598 ἡ
594 1528 759 1599 βουλὴ
787 1498 922 1599 αὕτη
955 1498 1047 1580 ἐπὶ
1078 1498 1254 1582 πάντα
1292 1526 1360 1581 τὰ
1387 1525 1513 1595 ἔθνη
1533 1540 1548 1554 ο
1577 1540 1713 1578 κατ·

1838 1515 1960 1569 ibus
1989 1512 2044 1567 in
2071 1519 2252 1566 monte
2280 1510 2404 1571 hoc,
2436 1506 2621 1561 bibent
2654 1503 2915 1565 laetitiam,
2945 1500 3133 1556 bibent
3160 1498 3369 1560 vinum,

117 1622 275 1675 ἐπιεν
297 1624 329 1674 6
355 1590 605 1684 θέὶνὲιτὸξ
630 1590 874 1692 ἰσχύσας.
911 1590 938 1671 ἰ
959 1620 1069 1673 Καὶ
1096 1618 1288 1672 πάλιν·
1333 1636 1352 1669 ι
1399 1590 1639 1685 ’Λφεῖλεν
1682 1614 1712 1666 ὁ

1833 1611 2088 1676 ingeritur
2113 1607 2391 1672 unguento
2419 1598 2475 1651 in
2514 1605 2697 1651 monte
2720 1595 2844 1649 hoc.
2900 1590 3079 1647 Trade
3114 1591 3228 1645 haec
3255 1603 3373 1643 om-

116 1712 255 1776 Θεδς
296 1713 408 1765 πᾶν
431 1710 664 1781 δάκρυον
686 1683 799 1763 ἀπὸ
834 1683 1035 1771 παντὸς
1066 1705 1380 1777 προσώπου,
1409 1683 1483 1758 τὺῖ
1499 1701 1699 1763 ὄνειδος

1833 1696 1891 1751 ιῘᾶ
1915 1692 2188 1764 gentibus,
2226 1687 2517 1744 consilium
2549 1684 2695 1740 enim
2718 1683 2824 1737 hoc
2851 1683 2906 1736 in
2935 1695 3127 1735 omnes
3148 1687 3368 1749 gentes:

115 1804 217 1857 τοῦ
234 1765 386 1857 ’λαοῦ
416 1765 635 1872 ἀφείλεν
661 1804 691 1855 6
723 1801 855 1865 Θεὸς
887 1801 996 1854 ἀπὸ
1014 1765 1202 1870 ⁷πάσης
1224 1798 1323 1869 τῆς
1345 1765 1467 1867 ἧς.
1492 1795 1564 1847 Τὸ
1592 1794 1701 1866 γὰρ

1833 1784 2084 1842 levoravit
2138 1796 2285 1836 mors
2313 1777 2651 1833 invalescens
2680 1773 2783 1827 ⁸ο».
2827 1771 2895 1825 Et
2937 1785 3130 1825 rursus
3161 1788 3175 1824 :
3206 1765 3375 1823 «Abs-

121 1895 305 1966 στόμα
331 1858 539 1965 Κυρίου
556 1893 785 1963 ὲλάλησε
810 1858 1035 1945 ταῦτα.»
1157 1858 1196 1870 ’ν
1279 1858 1316 1869 Γ
1358 1858 1370 1866 υ
1405 1858 1439 1867 Γ
1604 1858 1616 1863 ⁷
1672 1858 1684 1866 ’

1833 1877 1928 1933 ulit
1987 1874 2132 1930 Deus
2180 1885 2398 1927 omnem
2450 1868 2749 1938 lacrymam
2780 1863 2848 1917 ab
2879 1861 3031 1916 omni
3062 1858 3222 1923 facie,
3250 1871 3376 1928 pro-

1076 1974 1085 1983 “
1805 1972 1965 2026 brum
2019 1964 2205 2036 populi
2233 1959 2457 2016 abstulit
2487 1957 2631 2012 Deus
2655 1956 2725 2011 ab
2747 1953 2896 2011 omni
2926 1959 3095 2007 terra.
3135 1947 3209 2006 0s
3230 1949 3375 2004 enim

1807 2055 2018 2112 Domini
2040 2055 2282 2108 locutum
2308 2058 2392 2105 est
2423 2049 2537 2102 haec
2568 2046 2668 2101 “.3
2736 2098 2741 2109 ,

1807 2163 2044 2222 XXXIII.
2081 2162 2158 2215 Ab
2196 2160 2393 2217 eodem.
2425 2188 2496 2198 —
2520 2156 2789 2210 Bonorum
2849 2151 3126 2222 promissio
3154 2147 3222 2201 ad
3251 2146 3379 2222 olim

1879 2218 2140 2291 desertam
2168 2249 2201 2286 a
2219 2230 2458 2302 gentibus
2494 2227 2809 2302 Ecclesium,
2850 2218 2911 2276 ἐι
2939 2219 3180 2274 Iudaica:
3212 2218 3376 2302 gentis

1880 2304 2195 2374 desperatio,
2216 2296 2264 2355 et
2287 2298 2586 2374 redargutio
2602 2302 2935 2366 peccatorum
2960 2305 3161 2354 eorum,
3191 2296 3241 2342 et
3273 2303 3381 2341 om-

1881 2370 2025 2431 m'ttm
2051 2373 2284 2444 gentium
2310 2370 2532 2424 vacatio.

1891 2506 1910 2540 ι
1950 2489 2031 2543 Ne
2060 2482 2428 2541 recordamini
2486 2479 2685 2550 prima,
2713 2485 2768 2532 et
2802 2475 3026 2543 antiqua
3057 2464 3125 2528 ne
3165 2484 3382 2539 compu-

1816 2585 1928 2632 tate
1955 2595 1969 2632 :
2007 2575 2261 2646 quoniam
2288 2587 2414 2627 ecce
2439 2585 2539 2639 ego
2557 2568 2694 2622 facio
2724 2580 2884 2632 nova,
2906 2579 3027 2634 quae
3052 2576 3195 2617 nunc
3208 2561 3385 2616 orien'

1820 2675 1932 2730 tur,
1967 2675 2021 2721 et
2059 2662 2404 2735 cognoscetis
2431 2674 2494 2715 ea
2544 2673 2557 2710 :
2594 2667 2648 2713 et
2681 2655 2876 2710 faciam
2911 2654 2966 2707 in
2995 2654 3211 2709 deserto
3239 2650 3383 2706 viam

1819 2769 1874 2814 et
1901 2759 1994 2813 ubi
2027 2772 2136 2811 non
2166 2764 2249 2810 est
2299 2766 2461 2822 aqua,
2520 2749 2749 2803 ﬂuvios:
2783 2754 2837 2801 et
2866 2745 3187 2801 hencdicent
3239 2740 3374 2796 miti

1816 2850 2006 2905 bestiae
2045 2847 2193 2917 agri,
2241 2844 2450 2899 sircnes
2489 2849 2543 2897 et
2574 2840 2699 2894 ﬁliae
2735 2851 3018 2908 passerum
3051 2854 3067 2889 :
3121 2833 3383 2905 quoniam

1818 2941 1941 2997 dedi
1970 2942 2024 2995 in
2058 2942 2273 2994 deserto
2296 2949 2515 3006 aquam,
2548 2940 2608 2986 ut
2636 2939 2822 3002 potum
2844 2930 3031 2984 darem
3064 2926 3247 2997 generi
3263 2938 3387 2979 meo

117 2180 248 2234 Al".
294 2177 408 2232 Τοῦ
429 2177 638 2233 αὐτοῦ.
670 2206 740 2217 —-
783 2174 1031 2244 Ἀγαθῶν
1055 2172 1383 2244 ἐπαγγελία
1412 2167 1486 2244 τῇ
1524 2167 1707 2244 (τάλαι

189 2249 399 2317 ἐρήμῳ
440 2248 508 2311 ἐξ
556 2245 749 2301 ἐθνῶν
793 2238 1134 2317 Ἐκκλησία,
1172 2238 1279 2297 τοῦ
1300 2258 1368 2317 ξε
1417 2238 1710 2317 Ἰουδαίων

192 2306 420 2395 ἔίξιὲξιξς
454 2306 795 2395 ἀπόγνωσις
832 2314 933 2394 καὶ
971 2306 1221 2395 ᾅξεῄος
1246 2312 1372 2395 τῲν
1413 2306 1710 2379 ἁμαρτιῶν

191 2380 423 2450 (tuabi,
448 2387 543 2440 καί
566 2380 805 2439 πάντων
827 2384 947 2437 τῶν
973 2380 1164 2438 ἐθνῶν
1189 2380 1428 2450 κλῆσις.

198 2516 220 2548 ι
250 2496 349 2567 Μὴ
371 2496 737 2567 μνημονεύετε
756 2495 824 2549 τά
845 2494 1057 2567 πρῶτα,
1086 2494 1180 2547 καὶ
1200 2495 1267 2548 τά
1285 2497 1481 2567 ἀρχαῖα
1502 2496 1575 2568 μὴ
1600 2497 1712 2550 συλ-

117 2585 413 2655 λογίζεσθε
432 2603 446 2614 ’
476 2587 558 2638 ὅτι
581 2586 689 2639 ἰδοὺ
716 2584 826 2653 ἐγὼ
840 2585 980 2638 ποιῶ
1003 2583 1164 2639 καινά
1178 2583 1213 2638 ἆ
1228 2584 1322 2637 νῦν
1338 2585 1600 2651 ἀνα-τελεῖ,
1617 2586 1712 2638 καὶ

117 2674 408 2744 γνώσεσθε
427 2674 569 2728 αὐτά
586 2691 601 2704 ο
620 2675 715 2728 καὶ
746 2675 957 2744 ποιήσω
981 2674 1039 2726 ὲν
1066 2675 1132 2744 τῇ
1164 2673 1354 2744 ἐρήμῳ
1378 2673 1514 2739 ὁδὸν,
1545 2675 1637 2727 καὶ
1654 2676 1711 2726 ὲν

120 2770 187 2838 τῇ
220 2767 446 2838 ἀνύδρῳ
465 2766 757 2837 ποταμούς.
786 2767 895 2819 Καὶ
923 2765 1205 2835 εὐλογήσει
1235 2783 1300 2835 με
1330 2764 1396 2818 τὰ
1420 2764 1584 2837 θηρία
1615 2766 1708 2819 τοῦ

117 2859 325 2930 ἀγροῦ,
362 2858 613 2929 σειρῆνες
644 2857 738 2910 καὶ
762 2856 1059 2926 θυγατέρες
1086 2854 1386 2923 στρουθῶν·
1426 2856 1507 2908 ὅτι
1540 2854 1714 2908 ἔδωκα

118 2951 270 3017 ὲντῇ
304 2949 502 3017 ἐρήμῳ
535 2945 679 3016 ὕδωρ
705 2945 918 2999 ποτίσαι
946 2945 1007 2997 τὸ
1026 2944 1181 3012 γένος
1218 2961 1317 3013 μου
1348 2942 1409 2996 τὸ
1438 2942 1711 3007 ἐκλεκτὸν,

116 3041 256 3094 λαόν
294 3057 401 3110 μου
454 3038 513 3091 ὃν
571 3036 1074 3108 περιεποιησάμηνο
1116 3035 1217 3098 τάς
1262 3035 1462 3106 ἀρετάς
1501 3051 1603 3105 μου
1644 3033 1716 3087 δι-

1833 3034 2014 3096 alecto,
2048 3029 2248 3100 populo
2268 3042 2410 3092 meo,
2446 3039 2605 3094 quem
2631 3020 2934 3091 acquisivi:
2966 3019 3194 3073 virtutes
3232 3029 3384 3071 meas

121 3131 384 3201 ηγεῖσθε.
421 3130 497 3183 Οὐ
522 3129 615 3182 νῦν
644 3127 876 3181 ὲκὰλεσά
895 3144 952 3180 σε
979 3126 1192 3187 Ἰακὼϐ,
1223 3127 1343 3179 οὐδὲ
1375 3128 1629 3180 κοπιάσαι
1658 3142 1716 3179 σε

122 3223 373 3292 ἐποίησα
414 3220 653 3291 Ἰσραήλ.
687 3221 803 3273 Οὐκ
829 3219 1065 3289 ἦνεγκάς
1094 3236 1183 3289 μοι
1208 3217 1459 3289 πρόϐατα
1484 3217 1583 3286 τῆς
1603 3217 1719 3270 ὁλο-

123 3314 483 3388 καρπὼσεὼς
521 3330 638 3375 σου,
688 3312 810 3365 οὐδὲ
855 3315 913 3365 ὲν
944 3313 1062 3375 ταῖς
1108 3311 1320 3374 θυσίαις
1348 3328 1439 3363 σου
1466 3309 1719 3374 ὲδόξασάς

126 3424 200 3476 με
220 3423 236 3435 ο
265 3406 370 3458 οὐκ
422 3402 742 3465 ὲδούλευσάς
775 3418 862 3472 μοι
918 3403 975 3453 ὲν
999 3399 1209 3471 δώροις,
1240 3400 1363 3453 οὐδὲ
1401 3400 1638 3477 ἕγκοτιόν⁸
1658 3416 1731 3453 σε

123 3495 374 3565 ἐποίησα
430 3494 489 3544 ὲν
542 3490 762 3560 λιϐάνῳ,
796 3490 917 3543 οὐδὲ
948 3491 1165 3560 ἐκτήσω
1210 3507 1300 3560 μοι
1334 3490 1595 3561 ἀργυρίου
1628 3489 1721 3542 θυ-

128 3586 343 3655 μίαμα,
370 3581 492 3634 οὐδὲ
538 3580 702 3649 στέαρ
736 3578 843 3632 τῶν
875 3577 1074 3631 θυσιῶν
1104 3595 1197 3631 σου
1228 3577 1569 3648 ἐπεθύμησα,
1602 3576 1719 3629 ἀλλ’

126 3681 189 3731 ὲν
220 3679 347 3738 ταῖς
374 3672 668 3745 ἁμαρτίαις
702 3688 796 3724 σου
834 3671 929 3724 καὶ
958 3673 1015 3723 ἐν
1036 3672 1156 3734 ταῖς
1193 3668 1428 3732 ἀδικίαις
1462 3686 1555 3721 σου
1589 3685 1721 3739 προ-

130 3772 302 3840 έστην
340 3785 457 3821 σου.
486 3785 503 3817 ι
539 3766 648 3818 Καὶ
676 3765 860 3826 ἐντοῖς
900 3761 1028 3831 ἑξῆς
1053 3778 1217 3832 φησιν
1237 3779 1249 3790 ·
1274 3779 1292 3810 ι
1315 3759 1717 3831 Ἐπιστράφητε

129 3861 276 3932 πρὸς
324 3860 417 3929 μὲ,
466 3857 562 3911 καὶ
616 3854 923 3926 σωθήσεσθε
956 3855 1004 3907 οἱ
1046 3854 1139 3906 ἀπ’
1187 3851 1414 3922 ἐσχάτου
1455 3850 1557 3921 τῆς
1596 3851 1717 3920 γῆς.

141 3951 291 4021 Ἐ’ίὼ
315 3952 460 4020 είμι,
490 3950 583 4002 καὶ
598 3948 697 4001 οὐκ
720 3947 866 4000 ἔστιν
890 3945 1048 4008 ἄλλος
1069 3960 1083 3973 ·
1109 3944 1227 3996 κατ’
1262 3941 1497 4013 ἐμαυτοῦ
1514 3941 1719 4012 ὀμνύω,

129 4040 168 4114 ἦ
200 4045 314 4114 μὴν
342 4040 685 4107 ἐξελεύσεται
715 4041 779 4091 ὲκ
809 4036 904 4090 τοῦ
942 4035 1208 4106 στόματός
1253 4052 1353 4105 μου
1384 4032 1717 4103 δικαιοσύνη.

131 4137 196 4189 Οἱ
225 4135 395 4201 Λόγοι
439 4150 540 4204 μου
587 4131 688 4184 οὐκ
742 4131 1252 4201 ἀποστραφήσονται
1272 4146 1285 4159 ο
1323 4129 1403 4181 ὅτι
1456 4128 1579 4196 ἐμοὶ
1616 4127 1722 4180 πᾶν

132 4226 267 4293 γόνυ
306 4223 539 4294 κάμψει,
564 4222 659 4276 καὶ
683 4223 898 4293 ὀμεῖται
925 4223 1073 4274 πᾶσα
1101 4222 1320 4290 γλῶσσα
1342 4220 1435 4273 τὸν
1460 4218 1594 4272 Θεὸν
1630 4217 1721 4272 τὸν

132 4313 431 4384 ἀληθινὸν,
475 4311 649 4380 λέγων
671 4328 684 4341 ·
726 4310 1047 4382 Δικαιοσύνη
1079 4312 1173 4364 καὶ
1220 4311 1348 4375 δόξα
1384 4310 1521 4381 πρὸς
1560 4308 1721 4362 αὑτὸν

1818 3139 2066 3180 narrare.
2098 3121 2209 3192 58
2239 3118 2355 3174 Non
2384 3132 2532 3172 nunc
2563 3114 2753 3169 vocavi
2784 3121 2856 3177 te,
2885 3111 3072 3176 Jacob,
3095 3125 3270 3179 neque
3298 3109 3382 3162 la-

1818 3217 2014 3272 borare
2067 3224 2119 3268 te
2156 3212 2284 3277 feci,
2333 3209 2519 3266 Israel.
2552 3206 2671 3261 Non
2703 3204 2947 3260 obtulisti
2979 3202 3110 3257 mihi
3149 3200 3385 3271 pecudes

1820 3307 2124 3364 holocausti
2160 3306 2261 3369 tui,
2317 3317 2493 3371 neque
2527 3301 2582 3354 in
2613 3297 2897 3354 sacrificiis
2929 3296 3040 3350 tuis
3069 3292 3390 3365 gloriﬁcasti

1820 3416 1942 3466 me;
1975 3413 2084 3453 non
2114 3394 2332 3452 servisti
2372 3393 2503 3448 mihi
2525 3392 2580 3445 in
2605 3389 2786 3452 donis,
2817 3403 2919 3443 nec
2951 3387 3136 3441 labore
3159 3392 3211 3439 te
3224 3382 3382 3438 aﬂeci

1821 3496 1877 3550 in
1908 3495 2085 3555 thure,
2106 3504 2281 3559 neque
2307 3483 2637 3555 comparasti
2668 3481 2802 3536 mihi
2826 3487 3048 3550 argento
3078 3477 3387 3536 incensum,

1821 3600 1996 3656 neque
2028 3583 2245 3652 adipem
2278 3579 2622 3632 victimarum
2680 3582 2898 3626 tuarum
2932 3567 3223 3638 concupivi
3244 3607 3259 3631 ,
3294 3565 3389 3621 sed

1822 3681 1876 3734 in
1906 3675 2145 3748 peccatis
2175 3671 2305 3734 tuis,
2336 3677 2391 3724 et
2424 3670 2478 3723 in
2508 3666 2792 3737 injustitiis
2819 3665 2928 3719 tuis
2953 3661 3144 3733 praefui
3165 3660 3389 3714 tibi“r.

1821 3770 1887 3824 Et
1939 3770 1993 3823 in
2025 3763 2381 3835 sequentibus
2442 3760 2558 3815 ait:
2609 3777 2628 3810 ι
2666 3754 3062 3812 Convertimini
3094 3752 3162 3808 ad
3202 3767 3310 3814 me,
3338 3758 3393 3805 et

1821 3862 1957 3918 salvi
1982 3858 2159 3920 eritis,
2191 3854 2283 3924 qui
2314 3852 2511 3907 venitis
2541 3849 2609 3904 ab
2633 3848 2879 3903 extremo
2902 3855 3082 3902 terrae.
3110 3843 3224 3914 Ego
3245 3858 3390 3906 sum,

1820 3964 1873 4010 et
1906 3968 2014 4007 non
2041 3957 2124 4005 est
2153 3949 2314 4009 alius,
2344 3959 2438 4013 per
2469 3956 2557 3996 me
2591 3941 2767 4010 ipsum
2786 3938 2914 4009 juro
2943 3956 2959 3992 :
2988 3950 3115 3992 vere
3132 3934 3302 3989 exibit
3327 3933 3394 3986 de

1821 4060 1915 4100 ore
1940 4057 2059 4097 meo
2083 4039 2315 4110 justitia.
2339 4034 2519 4091 Verba
2546 4047 2666 4087 mea
2691 4046 2801 4085 non
2843 4033 3225 4085 revertentur:
3256 4037 3395 4095 quo-

1824 4136 1966 4189 niam
1990 4131 2123 4185 mihi
2172 4142 2333 4183 omne
2357 4141 2498 4196 genu
2531 4122 2869 4184 curvabitur,
2902 4127 2957 4175 et
2978 4117 3186 4189 iurabit
3213 4114 3395 4170 omnis

1823 4227 2008 4295 lingua
2057 4221 2223 4276 Deum
2247 4234 2457 4280 verum,
2516 4215 2706 4271 dicens
2738 4234 2759 4269 ι
2784 4210 3007 4267 Justitia
3043 4217 3098 4265 et
3124 4208 3295 4280 gloria
3324 4205 3397 4261 ad

1822 4332 1946 4372 eum
1977 4309 2175 4375 veniet,
2208 4316 2261 4364 et
2289 4309 2613 4365 erubescent
2664 4321 2877 4370 omnes,
2926 4304 3018 4375 qui
3074 4302 3396 4373 disjungunt

132 4404 277 4474 ἣξει,
305 4405 404 4458 καὶ
444 4403 894 4473 αἱσχυνθήσονται
927 4404 1123 4467 πάντες
1149 4406 1196 4456 οἱ
1240 4402 1564 4474 διορίζοντες
1592 4403 1716 4454 ἐαυ-

1833 4407 2035 4475 seipsos
2066 4418 2095 4456 a
2125 4400 2352 4456 Domino
2384 4399 2433 4433 ⁸³
2473 4418 2517 4453 ν.

134 4494 264 4555 τοὺς
295 4492 408 4546 ἀπὸ
432 4491 527 4545 τοῦ
554 4491 780 4561 Κυρίου.
823 4511 841 4543 ι

134 4606 259 4657 AA'.
292 4603 406 4657 Τοῦ
426 4602 632 4655 αὑτοῦ.
658 4632 727 4641 -
751 4600 1018 4667 Δήλωσις
1056 4599 1166 4669 τῆς
1195 4599 1300 4654 τοῦ
1345 4598 1603 4669 Χριστοῦ
1631 4600 1719 4662 εὶς

209 4672 568 4741 ἀνθρώπους
614 4667 1125 4741 παρουσίας-,ί-Καῐ
1164 4671 1415 4741 ἐλεγχος
1436 4667 1542 4741 τοῦ
1580 4669 1719 4741 ’loy-

204 4735 396 4796 δαίιῖη·
416 4735 655 4806 ἔθνους,
678 4735 776 4793 καὶ
809 4735 934 4805 τοῖς
964 4739 1206 4795 ἔθνεσιν
1238 4735 1469 4794 ἄπεισιν
1486 4735 1722 4806 ἀγαθῶν

209 4811 563 4881 ἐπαγγελία.

215 4948 234 4979 ι
268 4926 429 4982 Οὕτω
464 4926 614 4993 λέγει
646 4924 881 4996 Κύριος·
918 4926 1076 4978 Ποῖον
1118 4923 1181 4977 τὸ
1217 4922 1419 4993 βιϐλίον
1443 4920 1601 4973 τοῦτο
1625 4918 1719 4973 τοῦ

135 5018 478 5073 ἀποστασίου
504 5017 605 5085 τῆς
636 5018 841 5087 μητρὸς
875 5018 1047 5087 ὑμῶν,
1072 5017 1131 5069 ὲν
1155 5010 1199 5083 ᾧ
1231 5014 1588 5082 ἐξαπέστειλα
1626 5014 1721 5066 αὒ-

134 5110 277 5179 τήνς
338 5108 375 5180 ἢ
426 5109 534 5162 τίνι
581 5108 832 5179 ὑπόχρεῳ
872 5108 1131 5180 πέπρακα
1178 5109 1356 5177 ὑμᾶς;
1431 5105 1560 5159 Ἰδοὺ
1602 5106 1723 5169 ταῖς

140 5201 441 5272 ἁμαρτίαις
469 5200 624 5271 ὑμῶν
662 5200 956 5271 ἐπράθητε,
994 5200 1088 5254 καὶ
1125 5201 1244 5263 ταῖς
1288 5198 1538 5268 ἀνομίαις
1571 5195 1724 5267 ὑμῶν

140 5293 501 5358 ἐξαπέστειλα
534 5294 636 5364 τὴν
659 5292 871 5364 μητέρα
900 5293 1080 5362 ὑμῶν’
1119 5291 1253 5345 διότι
1292 5286 1475 5361 ἦλθον,
1508 5290 1604 5342 καὶ
1627 5291 1728 5342 οὐκ

140 5379 213 5454 ἦν
234 5384 517 5457 ἅνθρωπος
532 5400 551 5416 ο
579 5384 834 5446 ἐκάλεσα,
852 5384 944 5437 καὶ
959 5384 1060 5437 οὐκ
1086 5378 1153 5455 ἦν
1168 5385 1196 5436 6
1211 5382 1670 5451 ὑπακουσόμενος,
1704 5399 1725 5432 ι

142 5478 241 5530 καὶ
258 5477 324 5530 τὰ
338 5476 488 5548 ὲξῆςο
518 5473 600 5541 οἷς
631 5476 895 5545 ὲπιλέγει’
932 5495 951 5527 ι
990 5478 1053 5530 Οἱ
1082 5475 1433 5547 πορευόμενοι
1450 5475 1505 5528 ἐν
1529 5472 1728 5537 σκότει,

222 5656 266 5705 ιθ
289 5655 389 5710 lsa.
416 5671 544 5717 xxv,
586 5655 687 5711 i8.
766 5655 805 5686 "
831 5651 964 5713 Ibid.
996 5654 1049 5709 8.
1126 5656 1171 5687 "
1204 5653 1311 5720 lsa,
1342 5667 1499 5718 mn,
1534 5650 1718 5710 18-24.

1795 5650 1841 5684 ”
1869 5648 1974 5707 lsa.
2009 5664 2131 5714 XLV,
2156 5646 2344 5704 22-25,

1826 4603 2061 4661 XXXIV.
2100 4604 2178 4672 Ab
2206 4604 2402 4660 eodem.
2432 4633 2503 4645 --
2532 4602 2835 4656 Declaratio
2889 4598 3088 4672 Christi
3120 4599 3189 4652 ad
3225 4599 3399 4653 Itami-

1896 4693 1985 4731 nes
2016 4669 2286 4737 adventus,
2318 4685 2366 4730 et
2404 4673 2714 4743 redargutio
2760 4672 2926 4741 gentis
2968 4669 3304 4735 Judworum,
3346 4678 3397 4724 et

1898 4746 2096 4800 cunctis
2122 4745 2361 4815 gentibus
2385 4741 2667 4814 promiSsio
2699 4741 2975 4796 bonorum.

1904 4937 1923 4970 ι
1965 4917 2056 4972 Sic
2106 4917 2239 4972 dicit
2280 4916 2567 4979 Dominus,
2610 4915 2735 4985 quis
2787 4923 2872 4970 est
2904 4913 3149 4969 hicliber
3183 4911 3400 4984 repudii

1830 5012 2020 5065 matris
2045 5018 2262 5072 vestrae,
2295 5010 2349 5062 in
2379 5022 2489 5078 quo
2525 5006 2685 5062 emisi
2716 5007 2885 5062 eam?
2919 5013 3014 5061 aut
3046 5006 3134 5061 cui
3166 5003 3398 5061 debitori

1827 5101 2049 5158 vendidi
2096 5116 2194 5155 vos
2226 5100 2249 5154 ?
2278 5115 2406 5155 ecce
2440 5099 2680 5170 peccatis
2705 5098 2906 5155 vestris
2925 5096 3133 5153 venditi
3158 5096 3315 5162 estis,
3347 5103 3401 5151 et

1831 5193 2213 5265 iniquitatibus
2240 5192 2440 5248 vestris
2498 5190 2659 5246 emisi
2689 5198 2919 5246 matrem
2949 5197 3185 5245 vestram
3214 5208 3227 5244 :
3264 5205 3403 5260 quo-

1832 5288 1979 5342 niam
2003 5284 2151 5349 veni,
2179 5294 2232 5340 et
2259 5299 2368 5339 non
2396 5290 2514 5340 erat
2535 5282 2701 5338 homo
2734 5281 2964 5336 :vocavi
3014 5293 3071 5337 et
3113 5296 3227 5337 non
3283 5288 3402 5335 erat

1834 5377 1929 5449 qui
1954 5376 2167 5433 audiret
2182 5377 2253 5444 9‘;
2288 5396 2306 5428 ι
2340 5382 2395 5430 et
2419 5375 2647 5445 reliqua.
2679 5372 2891 5441 Quibus
2914 5372 3161 5443 adiungit
3193 5391 3207 5426 :
3242 5372 3401 5425 «Am-

1836 5470 2089 5527 bulantes
2110 5469 2164 5523 in
2191 5468 2448 5531 tenebris.
2467 5473 2523 5523 et
2545 5481 2657 5522 non
2679 5472 2765 5522 est
2786 5467 2866 5522 eis
2894 5466 2984 5521 lux
3010 5483 3023 5519 :
3060 5462 3315 5519 confidite
3347 5462 3400 5516 in

2420 5647 2467 5679 ”
2496 5645 2603 5701 lsa.
2641 5663 2694 5710 ι..
2730 5644 2836 5715 1,2.
