3842 6218
441 279 546 338 H9

1110 275 1383 335 EUSEBII
1417 268 1894 334 CESARtENSlS
1930 270 2081 329 OPP.
2119 262 2312 323 PARS
2346 263 2499 320 IL—
2535 258 3035 317 APOLOGETICA.

3607 250 3703 305 1Ξο

440 401 664 457 nomine
719 399 971 466 Domini,
1005 409 1060 458 et
1090 386 1387 457 innitimini
1436 400 1545 456 Deo
1597 407 1830 454 vestro:
1885 410 2007 452 ecce

2122 392 2215 443 καὶ
2242 387 2342 441 οὑκ
2375 385 2519 439 ἐστιν
2551 384 2733 446 αὐτοῖς
2759 380 2873 450 φῶς
2893 397 2907 412 ο
2933 376 3228 432 πεποίθατε
3257 373 3351 428 ἐπὶ
3376 370 3456 444 τῷ
3480 369 3702 441 ὀνόματι

397 516 415 549 ι
440 512 634 552 omnes
649 514 744 552 vos
767 498 943 568 ignem
968 497 1279 560 incenditis,
1306 495 1678 551 corroboratis
1708 492 2010 547 ﬂammam:

440 590 719 645 ambulate
758 590 963 646 lumine
996 591 1140 661 ignis
1182 591 1372 653 vestri,
1408 596 1461 644 et
1477 587 1702 643 ﬂamma
1731 605 1893 660 quam
1923 604 2015 643 ac-

442 681 727 739 cendistis.
756 681 986 754 Pmpter
1009 699 1095 738 me
1143 682 1285 737 facta
1312 691 1442 737 sunt
1473 681 1588 737 hate
1621 681 1796 748 vobis,
1832 681 1889 734 in
1912 682 2016 735 tri-

444 775 595 829 stitia
625 774 909 831 dormietis
937 776 1009 840 ”,
1038 796 1056 828 ›
1078 785 1132 832 et
1161 791 1282 847 qua:
1305 785 1639 847 sequuntur;
1669 775 1870 846 quibus
1920 774 2016 828 ad-

435 866 621 937 jungit
649 886 663 921 :
694 885 713 917 ‹
747 867 946 922 Audite
974 881 1078 931 me,
1113 869 1297 922 audite
1335 882 1460 922 me:
1510 866 1746 937 populus
1778 879 1932 920 meus
1960 870 2016 918 et

438 971 617 1029 reges,
664 959 730 1013 ad
758 975 842 1014 me
868 975 1028 1015 aures
1078 959 1385 1014 intendite:
1422 960 1684 1030 quoniam
1730 958 1817 1013 lex
1861 972 1893 1011 a
1927 971 2017 1011 me

439 1048 773 1120 egredietur,
824 1059 878 1104 et
901 1049 1167 1119 judicium
1215 1064 1395 1106 meum
1426 1051 1481 1104 in
1517 1050 1698 1103 lumen
1728 1047 2012 1119 gentium:

443 1143 845 1214 appropinquat
881 1143 991 1198 cito
1016 1144 1231 1214 justitia
1264 1159 1405 1206 mea,
1435 1151 1491 1195 et
1518 1142 1829 1214 egredietur
1852 1140 2012 1212 quasi

443 1236 534 1290 lux
587 1236 827 1289 salutare
855 1243 1131 1298 meum,et
1172 1237 1226 1289 in
1267 1233 1550 1289 brachium
1592 1246 1773 1289 meum
1825 1240 2014 1304 gentes

439 1327 739 1398 Sperabam
758 1327 823 1382 ".
871 1346 891 1378 ι

441 1456 660 1513 XXXV.
686 1458 998 1542 Aboedeni:
1019 1487 1089 1541 ατ-
1128 1457 1450 1542 Βεάωηιμιξο
1472 1461 1757 1542 impiarum
1786 1459 2013 1542 injuria-

509 1546 627 1583 rum
668 1529 835 1612 gentis
888 1528 1154 1591 Judaicw,
1179 1541 1229 1612 et
1262 1528 1757 1612 religionis'eora‘m
1804 1528 1962 1612 ruina
1994 1547 2013 1585 :

509 1600 799 1654 rocationis
840 1608 1018 1654 autem
1046 1602 1279 1653 omnium
1308 1603 1539 1672 gentium
1563 1602 1877 1671 patefactio.

2128 481 2356 552 Κυρίου,
2394 478 2488 530 καὶ
2511 471 2966 546 ἀντιστηρίσασθε
3002 472 3093 523 ἐπὶ
3121 468 3199 539 τῷ
3219 466 3335 537 Θεῷ
3363 464 3538 536 ὑμῶν.
3574 463 3703 515 ’1δοὺ

2128 573 2327 634 πάντες
2386 571 2545 641 ὑμεῖς
2596 566 2707 638 πῦρ
2748 564 2931 618 καίετε
2962 564 3056 616 καὶ
3099 558 3459 630 κατισχύσατε
3496 554 3700 625 φλόγα·

2122 662 2422 736 πορεύεσθε
2467 659 2544 731 τῷ
2596 659 2735 729 φωτὶ
2765 657 2859 711 τοῦ
2907 655 3079 727 πυρὸς
3109 652 3283 723 ὑμῶν,
3324 650 3419 703 καὶ
3447 651 3514 719 τῇ
3544 646 3702 716 φλογὶ

2120 750 2158 831 ᾗ
2188 755 2536 822 ἐξεκαύσατε.
2569 754 2645 805 Δι’
2685 750 2786 820 ἐμὲ
2830 748 3044 818 ἐγένετο
3065 745 3236 798 ταῦτα
3268 744 3430 807 ὑμῖν·
3466 742 3523 792 ἐν
3557 737 3703 810 λύπη

2118 823 2544 921 κοιμηθήσεσθε,
2560 865 2578 898 ι
2599 845 2694 899 καὶ
2718 843 2786 896 τά
2820 841 2963 911 ἐξῆς·
2986 823 3067 889 οἷς
3091 830 3383 900 ἐπιλέγει.‹
3407 829 3701 921 Ἀκούσατέ

2121 918 2249 1016 μου,
2267 918 2538 998 ἀκούσατέ
2561 956 2662 1010 μου
2684 954 2698 969 ⁸
2727 935 2854 999 λαός
2878 951 2998 1004 μου,
3027 930 3119 983 καὶ
3141 929 3190 980 οἱ
3218 918 3625 1016 βασιλεῖς,πρὺς

2118 1014 2473 1097 ἐνωτίσασθε,
2501 1035 2581 1087 ὅτι
2610 1030 2772 1102 νόμος
2800 1028 2929 1098 παρ’
2964 1022 3098 1094 ἐμοῦ
3130 1019 3486 1086 ἐξελεύσεται,
3530 1014 3631 1067 καὶ
3672 1014 3702 1084 ἠ

2118 1129 2306 1200 κρίσις
2353 1145 2452 1199 μου
2484 1126 2565 1188 εἰς
2587 1122 2702 1193 φῶς
2736 1119 2925 1175 ἐθνῶν.
2973 1114 3212 1184 Ἐγγίζει
3251 1111 3386 1181 ταχὺ
3415 1112 3466 1179 ἡ.
3494 1106 3703 1161 δικαιο-

2121 1199 2259 1292 σὺνη
2294 1238 2425 1292 μου,
2451 1218 2547 1272 καὶ
2563 1213 2900 1281 ἐξελεύσεται
2933 1209 3007 1273 ὡς
3033 1207 3149 1277 φῶς
3183 1205 3244 1257 τὸ
3272 1199 3536 1273 σωτήριόν
3580 1214 3702 1270 μου,

2117 1316 2214 1369 καὶ
2250 1314 2344 1368 ἐπὶ
2376 1313 2466 1367 τὸν
2502 1307 2761 1383 βραχίονά
2790 1323 2889 1377 μου
2924 1303 3050 1374 ἔθνη
3072 1297 3364 1353 ἐλπιοῦσιν.
3390 1314 3410 1347 ι

2115 1469 2241 1537 AE'.
2283 1469 2389 1537 Ἐκ
2418 1465 2523 1537 τοῦ
2561 1455 3294 1537 αὑτοῦμτξΕλεγχοςξῶν
3311 1450 3709 1537 ἀσεϐημάτων

2190 1537 2298 1591 τοῦ
2328 1535 2446 1590 τῶν
2487 1533 2784 1607 Ἰουδαίων
2813 1524 3075 1607 ἕθῖουᾍςξ,
3106 1526 3201 1605 καὶ
3219 1526 3572 1607 diminuam;
3600 1524 3708 1574 αὑ-

2190 1608 2309 1661 τῶν
2335 1605 2446 1673 τῆς
2468 1604 2800 1668 εὐσεϐείας.
2831 1599 2949 1669 Τῆς
2975 1599 3043 1653 δὲ
3063 1597 3181 1652 τῶν
3213 1597 3406 1650 ἐθνῶν
3424 1597 3710 1647 ἁπάντων

2193 1676 2471 1743 κλήσεως
2496 1674 2785 1742 δήλωσις.

514 1800 533 1834 ι
562 1782 820 1854 Nunquid
851 1797 958 1838 non
994 1784 1219 1839 robusta
1250 1791 1332 1838 est
1362 1798 1556 1839 manus
1575 1782 1787 1839 Domini
1817 1784 1885 1839 ad
1908 1785 2007 1840 sal-

2191 1818 2218 1864 ‘r
2258 1812 2348 1884 Μὴ
2371 1813 2491 1882 οὐχὶ
2517 1782 2697 1882 ίσχὺει
2716 1811 2749 1882 ἡ
2770 1809 2890 1880 χεὶρ
2918 1807 3128 1878 Κυρίου
3156 1804 3250 1859 τοῦ
3286 1804 3478 1868 σῶσαι,
3513 1803 3547 1873 ἢ
3584 1801 3712 1855 ἐϐά-

438 1874 676 1929 vandum
699 1876 724 1929 ?
756 1882 851 1929 aut
871 1884 1092 1946 gravata
1124 1886 1206 1930 est
1225 1875 1372 1931 auris
1400 1874 1543 1944 ejus,
1570 1883 1628 1929 ut
1651 1891 1762 1930 non
1791 1876 2019 1931 audiat?

436 1966 533 2021 sed
562 1976 784 2037 peccata
810 1973 993 2022 vestra
1026 1967 1279 2021 dividunt
1324 1967 1465 2022 inter
1495 1983 1594 2023 vos
1628 1976 1683 2023 et
1714 1967 1885 2022 Deum
1911 2010 1926 2034 ,
1962 1978 2019 2023 et

436 2057 547 2129 59
578 2066 801 2129 propter
823 2067 1042 2129 peccata
1072 2068 1273 2125 vestra,
1321 2061 1519 2116 avertit
1567 2060 1759 2117 faciem
1804 2075 1959 2116 suam
1985 2075 2017 2114 a

433 2148 595 2203 vobis
648 2163 718 2203 ne
762 2149 1109 2205 misereatur.
1134 2148 1327 2205 Manus
1374 2150 1520 2206 enim
1554 2158 1752 2206 vestrae
1802 2149 2017 2206 foedatae

436 2252 568 2302 sunt
619 2245 904 2316 sanguine,
937 2252 991 2300 ct
1023 2245 1177 2316 digiti
1212 2245 1378 2301 vestri
1436 2245 1491 2300 in
1548 2246 1832 2316 peccatis:
1870 2246 2014 2301 labia

433 2320 618 2392 autem
648 2347 828 2392 vestra
855 2336 1034 2391 lncma
1072 2345 1201 2393 sunt
1262 2338 1603 2409 iniquitatem
1648 2380 1663 2405 ,
1729 2344 1784 2393 et
1829 2338 2013 2408 lingua

434 2434 616 2482 vestra
649 2426 969 2496 injustitiam
1001 2428 1298 2482 meditatur
1329 2444 1340 2478 :
1376 2429 1557 2483 nullus
1578 2428 1820 2499 loquitur
1840 2427 2010 2497 justa,

435 2534 614 2590 neque
638 2526 723 2575 cst
748 2519 1016 2589 judicium
1052 2535 1239 2574 verum
1273 2537 1285 2571 :
1328 2519 1612 2575 confidunt
1656 2520 1712 2574 in
1750 2520 1927 2585 vanis,
1958 2528 2013 2576 et

433 2608 736 2680 loquuntur
763 2610 945 2663 inania
972 2627 986 2663 :
1019 2610 1277 2681 quoniam
1316 2610 1636 2680 concipiunt
1665 2609 1929 2675 laborem,
1957 2618 2013 2666 et

436 2702 656 2773 pariunt
685 2700 1032 2772 iniquitatem
1060 2721 1073 2757 :
1106 2716 1208 2756 ova
1233 2700 1483 2773 aspidum
1514 2702 1815 2774 fregerunt,
1846 2710 1900 2757 et
1931 2711 2013 2758 te-

433 2796 540 2850 lam
564 2809 778 2850 aranea:
809 2803 1020 2862 texunt,
1042 2802 1097 2850 et
1120 2794 1212 2865 qni
1239 2795 1356 2849 vult
1377 2810 1443 2849 ex
1464 2794 1583 2849 ovis
1611 2810 1802 2849 eorum
1829 2809 2014 2849 come-

431 2887 584 2952 dere,
612 2888 704 2943 ubi
738 2887 1018 2954 contrivit,
1052 2886 1240 2941 lotium
1274 2887 1505 2949 invenit,
1553 2894 1608 2942 et
1649 2886 1705 2941 in
1735 2899 1801 2940 eo
1852 2900 2011 2955 regu-

433 2982 577 3047 lum;
604 2980 711 3035 tela
736 2996 926 3036 eorum
957 2995 1065 3035 non
1097 2980 1203 3035 erit
1254 2980 1312 3035 in
1354 2982 1774 3045 vestimentum,
1834 2995 2012 3049 neque

430 3073 747 3144 operientur
766 3088 832 3128 ex
860 3072 1119 3143 operibus
1166 3073 1307 3128 suis.
1360 3071 1539 3142 Opera
1586 3071 1733 3126 enim
1775 3087 1963 3127 eorum
1991 3112 2006 3136 ,

428 3179 595 3235 opera
624 3165 953 3235 iniquitatis,
989 3163 1154 3235 pedes
1178 3173 1360 3219 autem
1394 3180 1606 3230 eorum,
1644 3163 1712 3219 ad
1739 3163 2007 3235 improbi-

428 3266 593 3312 tatem
616 3266 872 3321 currunt,
898 3257 1112 3312 veloces
1139 3258 1207 3312 ad
1232 3256 1619 3313 ell'undendum
1647 3258 2004 3329 sanguinem;

425 3356 482 3401 et
510 3348 870 3417 cogitationes
917 3362 1146 3413 eorum,
1192 3348 1553 3419 cogitationes
1606 3347 2004 3419 insipientium.

425 3442 695 3500 Contritio
725 3452 779 3498 et
804 3443 1029 3498 miseria
1080 3442 1137 3497 in
1169 3441 1276 3498 viis
1308 3458 1499 3499 eorum
1522 3460 1539 3509 ;
1559 3444 1767 3498 semita:
1815 3456 2004 3497 eorum

425 3535 692 3599 distortae,
727 3550 824 3605 per
873 3549 1011 3606 quas
1048 3544 1357 3602 transeunt,
1391 3544 1447 3592 ct
1502 3536 1757 3591 nesciunt
1788 3551 2002 3603 pacem.

424 3625 637 3681 ideirco
666 3634 908 3682 amotum
939 3636 1025 3681 est
1063 3627 1334 3697 judicium
1366 3627 1435 3680 ab
1460 3628 1562 3691 eis,
1606 3633 1661 3681 et
1693 3641 1802 3680 non
1854 3641 2006 3679 com-

426 3719 716 3790 prehcndit
748 3735 844 3777 eos
891 3720 1128 3791 justitia.
1180 3721 1318 3776 Cum
1369 3731 1751 3793 exspectarent
1800 3722 2002 3787 lucem,

423 3814 584 3868 factae
614 3823 743 3869 sunt
765 3815 847 3871 eis
872 3816 1111 3872 tenebra:
1146 3836 1158 3872 :
1213 3824 1598 3887 exspectantes
1629 3817 2002 3887 splendorem,

422 3905 482 3960 in
506 3906 843 3962 obscuritate
869 3909 1047 3964 noctis
1072 3909 1488 3963 ambulaverunt
1511 3926 1525 3976 ;
1556 3924 1725 3963 manu
1750 3911 2003 3979 explora-

420 3997 558 4053 bunt
595 4007 657 4053 ut
696 3999 826 4054 caeci
876 4001 1180 4070 parietem,
1226 4011 1282 4057 et
1311 4002 1468 4073 quasi
1518 4002 1654 4073 ipsis
1700 4004 1843 4058 oculi
1891 4020 2002 4058 non

419 4091 556 4157 sint,
608 4094 1028 4149 contreetabunt
1058 4114 1071 4149 :
1124 4094 1322 4151 cadent
1359 4097 1413 4151 in
1441 4096 1696 4162 meridie,
1732 4097 1891 4167 quasi
1945 4097 2002 4151 in

419 4182 599 4239 media
627 4192 825 4239 nocte:
861 4192 1120 4256 tanquam
1169 4188 1488 4254 morientes,
1517 4190 1919 4261 .ingemiscent,
1950 4199 2005 4245 et

420 4276 581 4346 quasi
623 4289 790 4331 ursus
822 4287 877 4333 et
910 4278 1164 4332 columba
1194 4279 1358 4334 simul
1384 4279 1709 4345 incedent,”
1764 4290 1850 4336 iet
1882 4296 2003 4352 quae

418 4378 726 4440 sequuntur
805 4387 820 4435 ;
863 4371 1066 4442 quibus
1120 4372 1407 4443 adjungit:
1448 4391 1468 4424 ί
1517 4381 1573 4429 et
1606 4373 1876 4429 timebunt
1904 4375 1999 4445 qui

2122 1924 2248 1983 ρυνε
2266 1906 2327 1958 τὸ
2340 1902 2432 1969 οὖς
2455 1904 2620 1959 αὑτοῦ
2642 1902 2737 1957 τοῦ
2763 1900 2837 1973 μὴ
2864 1899 3092 1954 ἀκοῦσαι
3113 1897 3358 1965 ;ἀλλάτά
3374 1898 3711 1969 ἁμαρτήμα-

2115 2015 2185 2051 τα
2211 1997 2363 2069 ὑμῶν
2394 1996 2653 2066 διίστησιν
2682 1993 2785 2049 ἀνά
2808 1993 2969 2065 μέσον
2990 1992 3142 2062 ὑμῶν
3179 1992 3271 2044 καὶ
3297 1990 3391 2044 τοῦ
3417 1988 3579 2053 Θεοῦ,
3615 1988 3711 2044 καὶ

2119 2090 2207 2144 διὰ
2231 2089 2331 2153 τὰς
2357 2088 2630 2159 ἁμαρτίας
2655 2086 2807 2158 ὑμῶν
2837 2083 3111 2156 ἀπέτρεψε
3135 2083 3196 2136 τὸ
3222 2083 3513 2156 πρόσωπον
3541 2080 3707 2135 αὑτοῦ

2117 2183 2209 2253 ἀφ’
2234 2181 2409 2253 ὑμῶν,
2442 2179 2534 2233 τοῦ
2560 2179 2633 2251 μὴ
2650 2179 2889 2250 ἐλεῆσαι.
2925 2179 2989 2231 Δί
3015 2177 3124 2249 γὰρ
3154 2180 3337 2250 χεῖρες
3359 2176 3515 2248 ὑμῶν
3545 2190 3710 2247 μεμο-

2115 2274 2383 2346 λυσμέναι
2413 2273 2628 2342 αἵματι,
2659 2271 2753 2324 καὶ¹
2772 2271 2821 2323 οἱ
2843 2268 3096 2322 δάκτυλοι
3120 2267 3278 2340 ὑμῶν
3299 2271 3357 2321 ἐν
3380 2269 3704 2339 ἁμαρτίαις.

2117 2369 2199 2422 Τά
2230 2369 2287 2421 δὲ
2323 2366 2473 2438 χείλη
2508 2365 2661 2436 ὑμῶν
2696 2364 2956 2433 ἐλάλησεν
2987 2364 3247 2435 ἀνομίαν,
3288 2361 3382 2416 καὶ
3418 2364 3451 2433 ἡ
3483 2362 3707 2431 γλῶσσα

2118 2461 2272 2534 ὑμῶν
2307 2460 2521 2514 ἀδικίαν
2553 2458 2771 2530 μελετῷ
2807 2458 2981 2519 οὐδεὶς
3006 2456 3157 2510 λαλεῖ
3187 2456 3392 2519 δίκαια,
3421 2455 3533 2509 οὐδ’
3559 2455 3709 2510 ἐστιν

2117 2556 2152 2626 ἡ
2186 2554 2365 2626 κρίσις
2393 2552 2640 2623 ἀληθινή·
2681 2550 3004 2605 πεποίθασιν
3043 2551 3135 2603 ἐπὶ
3173 2549 3443 2620 ματαίοις,
3482 2550 3578 2603 καὶ
3609 2549 3706 2602 λα-

2114 2646 2266 2701 λοῦσι
2305 2644 2455 2699 κενά·
2494 2645 2576 2698 ὅτι
2603 2644 2793 2697 κύουσι
2820 2644 3001 2706 πόνον,
3031 2644 3125 2697 καὶ
3157 2644 3430 2697 τίκτουσιν
3451 2645 3706 2714 ἀνομίαν·

2115 2739 2200 2792 ὠά
2233 2737 2475 2791 ἀσπίδων
2505 2734 2742 2807 ἕρρηξαν
2765 2776 2780 2801 ,
2816 2736 2909 2788 καὶ
2942 2736 3086 2789 ἱστὸν
3120 2736 3362 2808 ἀράχνης
3394 2736 3707 2804 ὑφαίνουσι,

2114 2829 2210 2884 καὶ
2234 2832 2263 2883 ό
2282 2828 2450 2883 θέλων
2468 2829 2576 2883 τῶν
2591 2828 2714 2882 ὠῶν
2734 2828 2910 2883 αὑτῶν
2931 2831 3147 2899 φαγεῖν,
3177 2829 3494 2900 συντρίψας,
3524 2828 3709 2899 οὔριον

2113 2917 2259 2994 εὗρε,
2276 2922 2369 2976 καὶ
2394 2925 2450 2976 ἐν
2473 2922 2620 2993 αὑτῷ
2641 2922 2971 2993 βασιλίσκων
3000 2922 3027 2973 ὁ
3055 2922 3200 2985 ἱστὸς
3225 2922 3404 2975 αὑτῶν
3426 2922 3531 2974 οὑκ
3553 2921 3707 2974 ἔσται

2114 3015 2195 3079 εἰς
2233 3015 2465 3086 ἱμάτιον,
2503 3014 2624 3067 οὑδὲ
2675 3015 2748 3085 μὴ
2793 3012 3194 3085 περιϐάλωνται
3229 3013 3336 3067 ἀπὸ
3366 3012 3478 3066 τῶν
3526 3013 3707 3085 ἔργων

2037 3137 2079 3193 C
2115 3106 2316 3162 αὐτῶν.
2347 3106 2428 3159 Τά
2452 3105 2561 3178 γὰρ
2588 3105 2724 3177 ἔργα
2753 3106 2932 3159 αὐτῶν
2955 3105 3091 3178 ἔργα
3115 3106 3366 3176 ἀνομίας·
3390 3106 3441 3158 οἱ
3466 3105 3525 3158 δὲ
3544 3106 3705 3193 πόδες

2113 3196 2292 3251 αὐτῶν
2335 3198 2428 3250 ἐπὶ
2469 3197 2734 3268 πονηρίαν
2764 3197 3036 3269 τρέχουσι.
3074 3197 3295 3267 Ταχινοὶ
3319 3196 3510 3266 ἐκχέαι
3536 3190 3702 3266 αἷμα,

2111 3290 2204 3342 καὶ
2233 3291 2280 3342 οἱ
2312 3288 2652 3358 διαλογισμοὶ
2680 3287 2857 3342 αὑτῶν
2885 3287 3223 3358 διαλογισμοὶ
3260 3287 3531 3357 ἀφρόνων.
3565 3286 3706 3342 Σύν-

2107 3399 2325 3453 τριμμα
2352 3381 2447 3434 καὶ
2470 3381 2816 3452 ταλαιπωρία
2848 3383 2905 3434 ἐν
2939 3383 3058 3444 ταῖς
3086 3380 3223 3443 ὁδοῖς
3255 3378 3454 3433 αὑτῶν·
3491 3381 3547 3433 αἱ
3584 3380 3706 3452 τρί-

2110 3475 2193 3528 ϐοι
2248 3474 2426 3527 αὑτῶν
2469 3474 2920 3545 διεστραμμέναι,
2974 3473 3038 3537 ἃς
3094 3473 3406 3536 διοδεύουσι,
3470 3474 3564 3526 καὶ
3602 3475 3706 3527 οὐκ

2107 3568 2311 3620 οἴδασιν
2373 3568 2625 3638 εἰρήνην·
2680 3567 2770 3620 διά
2828 3565 2985 3620 τοῦτο
3038 3566 3249 3636 ἀπέστη
3299 3568 3331 3637 ἡ
3387 3566 3572 3638 κρίσις
3608 3567 3706 3619 ἀπ’

2107 3658 2306 3724 αὐτῶν,
2365 3658 2459 3712 καὶ
2517 3659 2577 3712 οὑ
2639 3658 2714 3729 μὴ
2771 3657 3056 3729 καταλάϐῃ
3113 3657 3308 3720 αὐτοὺς
3358 3655 3702 3727 δικαιοσύνη.

2119 3750 2560 3821 Ὑπομεινάντων
2607 3750 2753 3819 φῶς,
2801 3750 3018 3817 ἐγένετο
3066 3750 3250 3812 αὑτοῖς
3298 3748 3523 3812 σκότος’
3579 3749 3706 3819 μεί-

2105 3860 2297 3906 ναντες
2328 3843 2525 3915 αὐτὴν,
2559 3845 2616 3895 ἐν
2648 3843 2828 3914 ἁωρίᾳ
2863 3842 3297 3915 περιεπάτησαν·
3344 3840 3705 3912 ψηλαφὴσουο

2109 3951 2192 3989 σιν
2220 3936 2296 3998 ὡς
2322 3934 2513 4004 τυφλοὶ
2543 3937 2740 4005 τοῖχον,
2772 3934 2867 3989 καὶ
2891 3934 2965 3998 ὡς
2990 3935 3088 4004 οὑχ
3115 3933 3471 4005 ὑπαρχόντων
3497 3932 3705 4002 ὀφθαλ-

2108 4024 2245 4096 μῶν,
2282 4024 2685 4095 ψηλαφήσουσι·
2733 4022 3025 4076 πεσοῦνται
3059 4025 3116 4075 ἐν
3149 4023 3491 4094 μεσημϐρίᾳ,
3530 4023 3608 4087 ὡς
3642 4025 3702 4077 ἐν

2109 4113 2464 4185 μεσονυκτίῳο
2496 4114 2573 4177 ὼς
2612 4113 3051 4186 ἀποθνήσκοντες
3094 4112 3461 4177 στενάξουσινο
3489 4113 3566 4177 ὡς
3594 4115 3702 4187 ἄρ-

2104 4222 2230 4269 κτος
2250 4207 2346 4259 καὶ
2387 4205 2704 4277 περιστερά,
2734 4206 2849 4277 ἅμα
2882 4205 3261 4277 πορεύσονται,
3292 4225 3311 4257 ι
3334 4206 3428 4259 καὶ
3452 4207 3522 4259 τὰ
3547 4206 3702 4278 έξῆςο

2102 4292 2184 4361 οἷς
2224 4298 2499 4366 ἐπιλέγειν
2554 4318 2572 4349 ι
2605 4299 2716 4352 Καὶ
2767 4297 3166 4369 φοϐηθήσονται
3220 4300 3268 4351 οἱ
3314 4297 3425 4352 ἀπὸ
3473 4298 3703 4368 δυσμῶν

2102 4388 2164 4441 τὸ
2193 4388 2365 4459 ὄνομα
2391 4389 2620 4460 Κυρίου,
2647 4391 2741 4443 καὶ
2760 4392 2811 4443 oi
2834 4390 2941 4443 ἀπὸ
2965 4388 3238 4445 ἀνατολῶν
3266 4389 3418 4460 ἡλίου
3437 4390 3498 4443 τὸ
3522 4390 3701 4461 ὄνομα

418 4461 489 4516 ab
521 4475 724 4518 occasu
747 4463 1042 4528 exsistunt,
1066 4478 1268 4518 nomen
1297 4461 1538 4527 Domini,
1565 4472 1620 4519 et
1646 4464 1738 4535 qui
1772 4464 1843 4520 ab
1871 4478 1995 4519 ortu

2119 4479 2162 4532 τὸ
2206 4478 2435 4544 ἔνδοξον.
2472 4500 2491 4531 ι
2554 4479 2714 4533 Ἀλλά
2746 4481 2855 4553 γὰρ
2890 4481 3156 4533 πλείστων
3181 4481 3320 4533 ὅσων
3353 4479 3530 4533 οὐσῶν
3563 4481 3701 4551 περὶ

417 4552 576 4622 solis,
602 4571 801 4610 nomen
818 4555 1231 4627 gloriosum93-t
1279 4556 1571 4623 Cancrum,
1595 4573 1720 4612 cum
1751 4559 2000 4629 plurima:

415 4644 663 4714 ejusdem
695 4648 1001 4719 argumenti
1038 4649 1150 4704 sint
1175 4649 1494 4720 prophetiae,
1526 4651 1856 4708 testimoniis
1889 4653 2005 4708 his-

417 4753 501 4803 ce,
528 4753 650 4809 qum
697 4739 787 4796 hic
844 4741 1224 4812 apposuimus,
1265 4744 1507 4798 contenti
1538 4745 1747 4801 erimus
1786 4764 1798 4800 :
1836 4754 2002 4816 atque

2099 4572 2200 4641 τῆς
2216 4572 2385 4641 αὑτῆς
2409 4571 2715 4637 ὑποθέσεως
2735 4571 3104 4643 προφητειῶν,
3126 4575 3247 4635 ταῖς
3271 4571 3700 4643 παρατεθείσαις

2108 4663 2436 4735 μαρτυρίαις
2475 4662 2950 4734 ἀρκεσθησόμεθα,
3001 4665 3097 4717 καὶ
3134 4661 3277 4716 κατά
3315 4663 3510 4734 καιρὸν
3538 4659 3701 4727 αὖθις

2104 4752 2465 4816 ἀναλαϐόντες
2495 4751 2909 4823 ἐξομαλίσομεν·
2958 4752 3249 4824 ἡγούμενοι
3279 4753 3417 4817 τέως
3445 4753 3698 4824 δαψιλέσι

414 4847 480 4887 ea
501 4847 602 4886 suo
628 4841 874 4904 tempore
900 4848 1095 4889 rursus
1115 4843 1442 4905 repetentes,
1460 4837 1890 4907 explanabimus.
1917 4837 2005 4893 In-

2119 4846 2226 4906 ταῖς
2249 4842 2447 4908 λέξεσι,
2487 4844 2582 4896 καὶ
2605 4844 2723 4905 ταῖς
2751 4841 2860 4896 ἀπὸ
2885 4843 3088 4894 τούτων
3123 4841 3453 4913 μαρτυρίαις
3484 4857 3696 4912 κεχρη-

414 4931 565 4979 terea
591 4938 743 4988 vero,
775 4925 997 4994 quando
1027 4926 1094 4980 ad
1127 4926 1353 4980 verbum
1385 4926 1600 4982 abunde
1622 4929 1825 4984 talibus
1846 4930 2002 4985 testi-

414 5015 620 5072 moniis
649 5016 735 5070 usi
759 5031 972 5082 sumus,
1002 5018 1139 5074 satis
1165 5034 1265 5075 nos
1300 5020 1610 5077 ostendisse
1642 5023 1997 5090 arbitramur,

412 5107 550 5162 nihil
580 5109 814 5178 amplius
836 5124 1000 5179 quam
1020 5111 1260 5181 reliquas
1284 5121 1494 5183 gentes,
1525 5114 1734 5171 habere
1752 5114 1991 5172 Iudaeos.

414 5197 543 5255 Sive
573 5201 721 5256 enim
752 5201 899 5257 illius
925 5202 1087 5258 amici
1121 5203 1216 5259 Dei
1237 5203 1471 5262 Abrahae
1500 5209 1899 5266 benedictionis
1936 5226 1994 5266 se

412 5294 563 5349 solos
611 5293 798 5348 dicunt
827 5311 952 5351 esse
975 5298 1288 5368 participes,
1322 5308 1608 5370 propterea
1633 5300 1782 5372 quod
1813 5304 1881 5357 ab
1903 5302 1995 5357 illo

412 5385 526 5438 sint
548 5383 770 5437 oriundi
806 5403 819 5439 :
847 5384 961 5454 jam
988 5384 1134 5443 Deus
1163 5388 1342 5458 palam
1367 5392 1645 5459 pollicitus
1675 5401 1778 5459 est,
1815 5397 1993 5462 genti-

408 5472 514 5529 bus
535 5487 753 5543 quoque
791 5489 977 5543 parem
1021 5491 1130 5531 non
1156 5480 1320 5534 modo
1372 5481 1476 5551 ipsi
1505 5482 1758 5547 Abrahae,
1801 5483 1897 5538 sed
1941 5491 1995 5537 et

410 5570 585 5632 lsaae,
630 5574 685 5621 et
734 5564 906 5623 Jacob
960 5568 1395 5627 benedictionem
1450 5590 1510 5629 se
1545 5574 1989 5645 impcrtiturum:

481 5722 526 5753 "
561 5720 662 5777 lsa.
701 5738 751 5792 ι,
788 5724 974 5784 18.19.
1049 5726 1093 5757 σε
1126 5727 1233 5784 lsa.
1258 5744 1333 5787 ιι.
1374 5727 1488 5783 4-5,
1564 5731 1607 5763 ⁹⁷
1634 5729 1740 5787 isa.
1775 5747 1860 5785 ιιι(
1900 5731 2031 5784 l-ll.

2106 4934 2278 5005 μένοι,
2325 4934 2523 4997 ἱκανῶς
2566 4933 2965 5004 ἀποδεδειχέναι
2999 4933 3163 5005 μηδὲν
3191 4933 3348 4986 πλέον
3380 4932 3526 5003 ἔχειν
3561 4933 3699 4985 ’1ου-

2084 5024 2283 5089 δαίους
2306 5025 2411 5079 τῶν
2435 5024 2635 5079 λοιπῶν
2659 5024 2847 5079 ἐθνῶν.
2872 5024 2995 5076 Εἴτε
3026 5023 3134 5095 γάρ
3156 5023 3257 5093 τῆς
3283 5022 3379 5076 τοῦ
3409 5023 3697 5093 θεοφιλοῦς

2112 5118 2363 5192 Ἀϐραάμ
2394 5119 2646 5189 εὐλογίας
2676 5119 2871 5191 μόνους
2901 5121 3100 5182 αὐτούς
3127 5136 3288 5188 φασιν
3318 5114 3462 5172 εἶναι
3494 5137 3697 5174 κοινω-

2101 5215 2243 5278 νοὺς,
2266 5212 2352 5266 διὰ
2372 5211 2432 5264 τὸ
2453 5211 2511 5277 ἐξ
2533 5209 2696 5263 αὑτοῦ
2716 5208 2980 5275 κατάγειν
3000 5206 3059 5258 τὸ
3081 5205 3257 5274 ιιένος·
3286 5205 3422 5258 ἀλλὰ
3445 5205 3543 5257 καὶ
3562 5209 3685 5268 τοῖς

2103 5305 2278 5359 ἔθνεσι
2307 5305 2406 5374 τῆς
2439 5305 2559 5372 ἴσης
2587 5300 2664 5371 τῷ
2699 5299 2949 5369 Ἀϐραὰμ
2987 5299 3047 5351 οὑ
3096 5298 3275 5369 μόνον,
3306 5296 3443 5350 ἀλλά
3472 5297 3569 5349 καὶ
3601 5296 3684 5368 τῷ

2100 5397 2310 5463 Ἶσαάκ,
2356 5397 2451 5448 καὶ
2494 5395 2572 5463 τῷ
2598 5392 2795 5447 Ἰακὼϐ
2832 5391 3087 5459 εὐλογίας
3130 5388 3461 5459 μεταδώσειν
3501 5390 3684 5457 ἐπήγ-

2068 5548 2083 5563 _
2104 5489 2286 5558 γελται
2306 5505 2319 5518 ·
2349 5487 2642 5559 διαρρήδην
2685 5485 3141 5556 εὑλογηθήσεσθαι
3170 5483 3375 5553 ὁμοίως
3402 5482 3582 5536 παντά
3611 5483 3688 5535 τὰ

2104 5581 2231 5652 ἔθνη
2265 5577 2559 5651 προειπὼν,
2589 5579 2681 5633 καὶ
2719 5578 2823 5631 ὑπὸ
2859 5577 2986 5648 μίαν
3014 5577 3107 5629 καὶ
3135 5574 3233 5646 τὴν
3265 5573 3437 5643 αὑτῆν
3469 5574 3685 5644 εὐφραι-

2114 5733 2157 5764 ⁹⁸
2184 5729 2313 5785 ibid.
2342 5728 2437 5783 19.
