3842 6218
268 214 372 270 121

1177 215 1826 279 DEMONSTRATIONIS
1875 222 2336 281 EVANGELICE
2390 225 2519 282 LIB.
2558 227 2624 282 11.

3420 232 3524 285 122

265 334 441 405 σύνην
471 334 583 397 τοῖς
612 331 901 405 μακαρίοις
926 332 1020 385 καὶ
1040 332 1307 402 θεοφιλέσι
1328 332 1422 388 καὶ
1447 334 1516 388 τὰ
1541 335 1702 390 λοιπὰ
1723 335 1847 407 ἔθνη

1950 338 2151 409 quippe
2175 339 2270 410 qui
2300 338 2700 396 benedicendas
2727 355 2852 397 esse
2879 340 3069 398 itidem
3087 383 3103 408 ,
3143 352 3201 399 ut
3230 342 3356 401 illos
3403 361 3525 400 om-

261 424 732 496 ἀνακαλούμενος,
782 422 922 478 κατά
963 424 1044 476 τόδ
1088 443 1107 475 ι
1144 425 1498 497 Εὐφράνθητε
1535 426 1661 498 ἐθνη
1707 427 1845 499 μετά

262 517 362 570 τοῦ
389 518 520 572 λαοῦ
543 516 729 571 αὑτοῦ·
759 536 778 568 ι
816 517 930 569 καί·
966 535 984 567 ι
1014 517 1303 588 ’Ἄρχοντες
1331 517 1474 571 λαῶν
1506 518 1847 591 συνήχθησαν

266 605 411 673 μετά
434 603 527 658 τοῦ
549 604 685 658 Θεοῦ
723 603 989 676 Ἀϐραάμ·
1023 624 1041 654 ι
1066 605 1175 658 εἴτε
1198 607 1289 658 ἐπὶ
1314 606 1558 680 βασιλείᾳ
1573 607 1666 661 τοῦ
1689 609 1844 672 Θεοῦ,

260 696 417 750 ὡσὰν
445 695 610 750 αὐτοῦ
634 697 917 765 γεγονότες
937 695 1156 767 κλῆρος,
1183 699 1568 769 φρυάττονται,
1596 700 1731 753 ἁλλά
1754 700 1846 754 καὶ

264 789 363 841 ἐπὶ
398 789 578 842 πάντα
603 789 673 842 τὰ
705 787 869 842 λοιπά
901 788 1029 860 ἔθνη
1071 789 1407 860 βασιλεύσειν
1440 794 1467 845 6
1498 793 1630 856 Θεὸς
1660 794 1848 847 θεσπί-

267 882 453 945 ζεται’
494 900 512 933 ι
550 880 752 934 Εἴπατε
794 900 812 931 ι
844 880 973 951 γάρ,
1001 881 1183 952 φησὶν,
1220 901 1241 934 ι
1268 885 1324 935 ἐν
1356 887 1467 948 τοῖς
1496 885 1724 949 ἔθνεσιν,
1764 888 1844 940 ὃτι

261 971 482 1045 Κύριος
523 971 860 1027 ἐϐασίλευσε.
891 993 911 1024 ι
966 974 1077 1026 Καὶ
1116 974 1294 1027 πάλιν·
1344 994 1364 1026 ι
1408 975 1785 1031 Ἐϐασίλευσεν
1818 980 1846 1032 6

263 1065 405 1129 Θεὸς
434 1067 527 1119 ἐπὶ
561 1066 737 1119 πάντα
768 1064 838 1118 τὰ
866 1064 1012 1136 ἔθνη·
1044 1066 1161 1121 εἴτε
1196 1068 1288 1121 ἐπὶ
1320 1067 1379 1120 τὸ
1415 1069 1714 1140 ἱερουργεῖν
1752 1070 1845 1123 καὶ

262 1163 351 1233 τῷ
534 1162 817 1235 λατρεύειν
847 1161 1142 1232 ἐξειλέχθαι
1183 1162 1377 1225 αὐτοὺς
1410 1165 1586 1231 φαῖεν,
1610 1162 1845 1215 δεικτέον

264 1255 349 1319 ὡς
368 1256 463 1309 καὶ
486 1257 596 1319 τοῖς
615 1254 794 1308 ἔθνεσι
815 1254 914 1325 τῆς
939 1254 1060 1325 ἴσης
1079 1256 1107 1307 6
1134 1253 1288 1322 λόγος
1317 1252 1644 1324 μεταδώσειν
1675 1255 1845 1326 ἐπήγ-

262 1346 459 1416 γελται
499 1346 811 1417 θεραπείας,
850 1348 1043 1417 λέγων·
1085 1367 1104 1400 ι
1146 1349 1429 1417 Ἐνέγκατε
1467 1348 1542 1419 τῷ
1571 1350 1759 1421 Κυρίῳ
1789 1352 1844 1404 αἰ

263 1439 500 1510 πατριαὶ
525 1438 632 1492 τῶν
656 1439 845 1504 ἐθνῶν,
870 1440 1130 1507 ἐνέγκατε
1154 1440 1232 1510 τῷ
1257 1440 1445 1511 Κυρίῳ
1471 1440 1628 1508 δόξαν
1652 1442 1746 1495 καὶ
1764 1458 1845 1494 τι-

266 1533 403 1601 μήν·
435 1531 604 1602 ἄρατε
639 1530 851 1595 θυσίας,
894 1532 990 1585 καὶ
1028 1531 1411 1603 εἰσπορεύεσθε
1437 1534 1518 1596 εἰς
1549 1532 1646 1596 τάς
1674 1531 1845 1596 αὐλὰς

262 1623 457 1677 αὐτοῦ·
491 1644 509 1676 ι
530 1618 610 1688 οἷς
632 1625 726 1677 καὶ
743 1625 805 1677 τὸ
828 1623 978 1697 παρὰ
1008 1623 1084 1695 τῷ
1099 1623 1292 1695 Ἡσαΐᾳ
1313 1622 1564 1694 συνάψεις
1592 1622 1788 1691 λόγιον,
1819 1641 1837 1673 ι

260 1715 328 1770 τὸ
355 1716 556 1787 φῆσαν⁶
591 1735 608 1768 ι
647 1717 840 1769 Ἔσται
874 1715 1251 1787 θυσιαστήριον
1280 1715 1361 1786 τῷ
1392 1714 1580 1787 Κυρίῳ
1604 1715 1660 1767 ἐν
1692 1713 1845 1787 χώρᾳ

259 1809 568 1877 Αἰγύπτου,
597 1808 693 1862 καὶ
733 1807 1034 1877 γνώσονται
1065 1809 1113 1861 οἱ
1159 1806 1451 1875 Αἰγύπτιοι
1489 1806 1579 1859 τὸν
1613 1805 1840 1878 Κύριον,

259 1899 364 1953 καὶ
394 1900 682 1970 ποιήσουσι
710 1897 919 1963 θυσίας,
943 1898 1038 1952 καὶ
1067 1896 1309 1962 εῧξονται
1340 1896 1502 1967 εὐχὰς
1529 1896 1607 1967 τῷ
1632 1897 1841 1970 Κυρίῳ,

256 1991 358 2044 καὶ
391 1989 782 2044 ἀποδώσουσιν.
821 2010 841 2042 ι
898 1989 1065 2042 Ἔνθα
1108 1990 1199 2042 καὶ
1241 1990 1555 2059 ἐπιστήσεις
1585 1989 1660 2051 ὡς
1689 1988 1844 2051 ἐκτὸς

256 2082 365 2155 τῆς
407 2083 764 2156 Ἰερουσαλὴμ
796 2084 888 2137 ἐπὶ
916 2083 1015 2153 τῆς
1053 2080 1326 2149 Αἰγύπτου
1361 2080 1740 2151 θυσιαστήριον
1767 2079 1843 2150 τῷ

258 2158 465 2246 Κυρίῳ
496 2174 879 2244 συστήσεσθαι,
932 2174 1028 2227 καὶ
1075 2172 1256 2226 θύσειν
1298 2171 1483 2231 αὐτόθι
1521 2172 1648 2233 τοὺς
1675 2171 1841 2238 Δίγυ-

256 2263 477 2327 πτίους,
502 2265 594 2317 καὶ
620 2262 870 2331 εὔξεσθαι
896 2263 1078 2335 εὐχὰς,
1101 2264 1195 2316 καὶ
1220 2261 1517 2315 ἀποδώσειν
1531 2260 1609 2331 τῷ
1634 2261 1839 2332 Κυρίῳ,

255 2357 687 2428 προφητεύεται.
724 2358 798 2410 Οὐ
836 2357 993 2428 μόνον
1039 2355 1094 2408 δὲ
1135 2355 1244 2427 ἄρα
1282 2355 1373 2408 ἐπὶ
1403 2353 1502 2423 τῆς
1542 2352 1838 2419 Αἰγύπτου,

253 2446 400 2500 ἀλλά
429 2449 525 2501 καὶ
565 2450 651 2502 ἐπ’
697 2448 868 2518 αὐτῆς
907 2448 1006 2519 τῆς
1044 2445 1277 2517 ἀληθοῦς
1318 2445 1687 2517 Ἰερουσαλὴμ,
1719 2444 1841 2516 ἣτις

254 2541 396 2593 ποτε
426 2540 565 2611 αὕτη
595 2543 816 2603 νοεῖται,
858 2541 1036 2594 πάντα
1076 2540 1142 2594 τὰ
1187 2539 1335 2611 ἔθνη,
1391 2538 1484 2592 καὶ
1519 2537 1670 2591 αὐτοί
1698 2555 1760 2606 γε
1791 2539 1840 2590 οἱ

252 2631 482 2686 πάντων
513 2632 1057 2703 δεισιδαιμονέστατοι
1102 2632 1387 2700 Αἰγύπτιοι
1431 2630 1527 2700 τὴν
1560 2630 1700 2684 κατά
1728 2630 1842 2684 διά-

251 2738 408 2777 νοιαν
453 2724 834 2797 θεωρουμένην
875 2725 1247 2795 σκηνοπηγίαν
1292 2722 1569 2795 ἑορτάσειν
1609 2722 1712 2775 ὑπὸ
1742 2721 1840 2792 τῆς

252 2818 602 2888 προφητείας
628 2817 1045 2871 ἀνακαλοῦνται.
1083 2818 1145 2870 Εἰ
1175 2816 1230 2870 δὲ
1258 2817 1353 2870 καὶ
1380 2816 1546 2870 πάλαι
1579 2815 1841 2887 πρότερον

253 2908 307 2976 ἐγ
321 2908 495 2980 ενήθη
525 2911 682 2981 μερὶς
707 2910 912 2981 Κυρίου
942 2909 1069 2972 λαὸς
1096 2907 1257 2961 αὐτοῦ
1311 2907 1521 2970 Ἰακὼϐ,
1555 2906 1842 2978 σχοίνισμα

1948 446 2047 486 nes
2058 438 2244 501 gentes
2264 431 2574 502 praedixerit
2596 475 2612 498 ,
2631 439 2685 487 et
2702 433 2803 487 sub
2827 449 2990 489 unam
3029 437 3365 508 eandemque
3393 453 3518 492 cum

1948 521 2120 577 beatis
2143 521 2272 585 illis,
2307 521 2510 593 Deique
2566 524 2758 579 amicis
2791 525 2920 581 viris
2963 527 3225 591 laetitiam,
3276 529 3521 599 reliquas

1947 629 2163 685 quoque
2213 624 2402 686 gentes
2454 616 2694 681 invitet,
2724 617 2880 686 juxta
2924 620 3095 676 illud:
3139 639 3159 673 ‹
3216 620 3520 689 Laetamini,

1946 715 2153 777 gentes,
2178 723 2300 761 cum
2319 709 2518 778 populo
2550 713 2670 776 ejus
2698 710 2743 740 ⁹⁹
2774 729 2787 764 :
2836 731 2852 762 ι
2881 709 2945 764 Εἰ
2967 713 3098 767 illud
3139 733 3152 769 :
3183 734 3201 766 ι
3234 713 3521 785 Principes

1947 797 2268 867 populorum
2301 800 2613 868 congregati
2651 809 2778 855 sunt
2828 816 2950 855 cum
2983 802 3092 857 Deo
3132 803 3447 861 Abraham:
3489 826 3510 858 ι

1947 891 2060 945 sive
2088 887 2154 944 de
2182 890 2291 960 60
2323 905 2491 962 regno
2522 890 2636 955 Dei,
2681 895 2839 962 quasi
2882 895 3028 950 illius
3067 894 3196 953 facti
3250 897 3515 964 haeredes,

1945 980 2284 1050 gloriantur:
2311 981 2423 1051 jam
2457 984 2511 1036 in
2543 983 2769 1053 reliquis
2793 1000 3011 1057 quoque
3042 988 3294 1056 gentibus
3323 1005 3519 1059 regna-

1948 1078 2128 1124 turum
2172 1070 2361 1136 Deum,
2410 1074 2595 1128 divina
2639 1076 2859 1130 oracula
2918 1078 3217 1132 ostendunt
3248 1098 3261 1133 :
3297 1072 3520 1137 «Dicite

1944 1163 2113 1226 enim,
2141 1163 2336 1233 inquit.
2384 1163 2439 1217 in
2468 1166 2759 1234 gentibus,
2811 1169 2955 1237 quod
3003 1168 3267 1224 Dominus
3317 1186 3514 1241 regna-

1944 1250 2022 1304 vit
2055 1250 2071 1280 ¹
2109 1270 2155 1305 ,ι
2200 1251 2265 1305 Et
2295 1267 2489 1308 rursus
2522 1271 2535 1307 :
2584 1272 2604 1305 ι
2660 1254 2928 1325 Regnavit
2959 1256 3103 1313 Deus
3133 1274 3298 1330 super
3327 1276 3517 1316 omnes

1946 1350 2135 1412 gentes
2157 1347 2214 1400 ἐ
2250 1363 2269 1396 ι
2298 1346 2413 1401 sive
2443 1347 2509 1399 ad
2543 1349 2834 1403 sacerdotii
2864 1366 3086 1416 munus,
3119 1361 3175 1407 et
3208 1354 3274 1408 ad
3310 1355 3517 1409 cultum

1948 1433 2057 1489 Deo
2084 1436 2447 1492 exhibendum
2478 1454 2537 1495 se
2557 1440 2760 1496 electos
2784 1443 3059 1507 dictitant,
3084 1443 3518 1500 demonstratum

1945 1528 2081 1595 erit;
2118 1530 2575 1599 quemadmodum
2626 1534 2880 1602 gentibus
2907 1550 3146 1605 quoque,
3178 1538 3385 1608 aqulale
3414 1537 3519 1591 mi.

1946 1620 2232 1675 nisterium
2266 1638 2446 1677 sermo
2480 1625 2698 1679 divinus
2729 1641 2789 1681 sc
2811 1628 3220 1698 impertiturum
3254 1630 3518 1700 prornisc-

1946 1712 2038 1774 rit,
2072 1712 2163 1766 ubi
2194 1713 2269 1765 ait
2304 1731 2319 1769 :
2357 1732 2375 1765 ι
2408 1714 2609 1771 Aﬁ‘erte
2656 1715 2887 1771 Domino
2910 1757 2924 1782 ,
2976 1719 3196 1774 familiae
3249 1721 3513 1790 gentium.

1944 1801 2132 1858 afferte
2162 1802 2391 1860 Domino
2426 1807 2654 1876 gloriam
2682 1818 2737 1862 et
2759 1809 3017 1865 honorem
3045 1829 3058 1864 :
3088 1813 3257 1866 tollite
3282 1812 3512 1879 hostias,

1942 1902 1995 1949 et
2020 1895 2371 1965 ingredimini
2400 1897 2456 1951 in
2487 1900 2627 1953 atria
2653 1899 2773 1969 ejus
2806 1900 2826 1932 ³
2862 1919 2874 1955 :
2910 1921 2929 1954 ι
2962 1903 3163 1972 quibus
3187 1903 3352 1957 etiam
3382 1904 3516 1959 illud

1942 1988 2085 2057 apud
2109 1988 2301 2044 Isaiam
2347 1991 2630 2044 oraculun
2665 1992 2968 2063 adjungere
2989 1995 3213 2063 poteris,
3246 1993 3390 2064 quod
3439 1993 3516 2049 ita

1941 2079 2143 2135 habet:
2181 2099 2199 2132 ‹
2238 2080 2302 2134 Et
2324 2083 2496 2137 altare
2529 2083 2763 2138 Domino
2804 2085 2859 2139 in
2885 2094 3029 2141 terra
3069 2087 3309 2159 Egypti,
3344 2096 3395 2143 et
3422 2104 3517 2143 co-

1940 2178 2202 2242 gnoscent
2232 2172 2473 2245 JEgyptii
2519 2174 2828 2241 Dominum,
2879 2185 2933 2233 et
2969 2178 3167 2232 facient
3224 2180 3514 2248 sacriﬁcia,

1939 2275 1993 2317 et
2023 2266 2296 2318 vovebunt
2331 2277 2452 2319 vota
2485 2266 2736 2331 Domino,
2771 2276 2826 2323 et
2848 2269 3078 2324 reddent
3108 2270 3151 2325 ⁴.
3193 2290 3212 2322 ι
3248 2268 3352 2325 Ubi
3386 2271 3513 2324 item

1941 2355 2072 2409 illud
2106 2356 2203 2410 tibi
2227 2356 2331 2410 erit
2360 2358 2820 2413 considerandum
2849 2361 3130 2423 attentius,
3171 2362 3317 2430 quod
3362 2369 3516 2416 extra

1938 2443 2235 2500 Jerusalem
2262 2448 2315 2500 in
2345 2446 2579 2517 Ailgypto
2601 2448 2769 2502 altare
2791 2447 3021 2503 Domino
3046 2451 3512 2516 constituendum,

1938 2544 1993 2593 et
2023 2538 2135 2592 illic
2172 2540 2581 2593 sacriﬁcaturus
2608 2537 2919 2609 Egyptios,
2946 2549 3180 2610 votaque
3208 2540 3441 2595 Domino
3464 2550 3517 2595 et

1939 2626 2201 2692 facturos,
2227 2640 2279 2682 et
2304 2628 2616 2684 reddituros
2645 2629 2927 2697 prophetia
2959 2631 3246 2700 signiﬁcet.
3280 2630 3396 2684 Non
3424 2646 3513 2685 er-

1939 2735 2008 2785 go
2029 2720 2083 2773 in
2108 2719 2344 2792 Egypto
2368 2723 2544 2776 solum
2574 2762 2589 2785 ,
2626 2724 2720 2777 sed
2756 2724 2810 2776 in
2839 2723 2952 2792 ipsa
2997 2739 3214 2792 quoque
3252 2738 3380 2777 vera
3427 2720 3517 2779 Je-

1939 2812 2602 2882 rusalemhquwcunque
2648 2829 2712 2868 ea
2760 2815 3111 2883 intelligatur,
3146 2829 3334 2868 omnes
3385 2829 3517 2882 gen-

1942 2909 2048 2968 tes,
2101 2920 2316 2958 nccnon
2350 2904 2452 2974 ipsi
2484 2906 2726 2958 omnium
2776 2906 3302 2974 superstitiosissimi
3346 2905 3514 2976 Egy-

251 3002 628 3073 κληρονομίας
667 3001 832 3055 αὑτοῦ
887 3002 1120 3074 Ἰσραὴλ,
1165 3000 1300 3055 ἀλλά
1331 3000 1554 3069 ὕστερόν
1593 3015 1723 3052 ποτε
1750 2999 1843 3052 καὶ

1948 2996 2064 3065 ptii,
2099 2995 2165 3049 ad
2196 2995 2248 3049 id
2270 2997 2411 3065 quod
2446 3012 2509 3051 ex
2540 2999 2832 3061 sententia,
2865 3015 2973 3052 non
3015 3012 3080 3052 ex
3112 3000 3317 3068 scripto
3344 2998 3514 3053 inter-

249 3093 323 3147 τὰ
352 3093 481 3164 εθνη
512 3094 689 3147 πάντα
716 3093 791 3164 τῷ
817 3094 1007 3164 Κυρίῳ
1027 3091 1344 3164 δοθήσεσθαι
1374 3091 1573 3162 κλῆρος
1599 3090 1834 3162 εἴρηται,

254 3188 532 3256 φήσαντος
559 3183 706 3256 αὐτῷ
730 3184 823 3237 τοῦ
852 3185 1082 3256 Πατρός·
1116 3204 1133 3235 ι
1157 3185 1385 3254 Αἴτησαι
1414 3186 1539 3253 παρ’
1563 3182 1717 3253 ἐμοῦ,
1744 3184 1837 3236 καὶ

251 3277 416 3331 δώσω
454 3295 537 3330 σοι
573 3276 698 3349 ἔθνη
732 3277 827 3348 τὴν
861 3277 1223 3349 κληρονομίαν
1262 3293 1373 3328 σου.
1408 3294 1426 3326 ι
1460 3276 1571 3327 Καὶ
1599 3273 1706 3343 γάρ
1739 3290 1837 3327 κα-

251 3367 642 3439 τακυριεύσειν
689 3369 749 3420 οὗ
784 3369 882 3438 τῆς
927 3366 1205 3430 Ἰουδαίας,
1252 3365 1365 3418 ἀλλ’
1412 3365 1519 3418 ἀπὸ
1561 3363 1834 3435 θαλάσσης

252 3460 366 3522 ἕως
403 3458 702 3528 θαλάσσης,
737 3459 830 3511 καὶ
859 3457 1111 3530 περάτων
1137 3457 1239 3527 τῆς
1273 3456 1596 3528 οἰκουμένης
1634 3472 1838 3527 προφη-

251 3549 495 3605 τεύεταιο
529 3568 548 3599 ι
577 3548 763 3602 Πάντα
790 3565 848 3601 τε
874 3547 944 3600 τὰ
976 3547 1099 3619 ἔθνη
1132 3546 1502 3600 δουλεύσουσιν
1540 3546 1707 3616 αὐτῷ,
1743 3549 1835 3600 καὶ

254 3640 771 3711 ἐνευλογηθήσονται
808 3643 864 3693 ἐν
892 3638 1039 3709 αὐτῷ
1070 3640 1239 3691 πᾶσαι
1268 3640 1323 3692 αἱ
1349 3639 1510 3707 φυλαὶ
1531 3638 1631 3708 τῆς
1656 3639 1776 3709 γῆς.
1810 3658 1829 3691 ι

252 3733 463 3787 Τούτου
490 3732 545 3785 δὲ
572 3727 640 3801 ἦν
673 3732 868 3794 αἴτιον,
901 3731 963 3784 τὸ
992 3729 1258 3801 γνωρίσαι
1289 3728 1363 3800 (I)
1395 3729 1501 3784 τῶν
1536 3729 1670 3782 ὅλων
1702 3730 1834 3782 Θεὸν

253 3824 349 3876 τὸν
374 3824 639 3895 σωτήριον
662 3820 824 3875 αὐτοῦ
843 3818 1070 3875 ἐνώπιον
1089 3819 1305 3872 πάντων
1319 3819 1425 3873 τῶν
1442 3818 1631 3873 ἐθνῶν.
1664 3819 1833 3890 Σεση-

256 3915 490 3985 μείωται
515 3913 571 3966 δέ
601 3916 730 3984 ήμῖν
759 3913 861 3983 ἤδη
886 3913 1147 3984 πρότερον
1178 3912 1238 3964 τὸ
1265 3911 1505 3980 Ἰησοῦς
1531 3911 1721 3983 ὄνομα,
1755 3913 1835 3975 εἰς

251 4009 354 4079 τὴν
405 4004 675 4076 Ἐλλήνων
726 4005 835 4059 ἀπὸ
880 3994 985 4076 ’τῆς
1052 4003 1315 4077 Ἐϐραίων
1369 4004 1833 4076 μεταϐαλλόμενον

251 4096 468 4166 φωνῆς,
498 4095 796 4164 Σωτήρων
834 4095 1250 4167 ἑρμηνεύεσθαι,
1297 4095 1372 4159 ὡς
1428 4095 1592 4166 μηδὲν
1650 4095 1834 4165 ἕτερον

251 4184 394 4242 εἶναι
445 4187 507 4240 τὺ
558 4188 860 4257 Σωτήριον
885 4187 990 4241 τοῦ
1015 4187 1165 4241 Θεοῦ
1200 4186 1233 4257 ἢ
1266 4185 1363 4259 τὴν
1417 4185 1513 4239 τοῦ
1582 4186 1833 4257 Σωτῆρος

248 4280 412 4352 ήμῶν
504 4279 679 4351 Ἰησοῦ
757 4279 992 4350 Χριστοῦ
1079 4277 1471 4350 προσηγορίαν.
1551 4278 1835 4349 Μαρτυρεῖ

1938 3086 2263 3158 pretandum
2294 3088 2385 3151 sit,
2427 3089 2899 3144 tabernaculorum
2955 3091 3199 3154 solenne,
3230 3092 3514 3145 celebran-

1942 3180 2093 3242 dum,
2123 3180 2441 3234 invitantur.
2465 3181 2619 3247 Quod
2648 3182 2693 3237 si
2719 3182 2846 3235 olim
2873 3182 3046 3236 factus
3071 3190 3155 3237 est
3188 3200 3208 3229 ε
3248 3199 3372 3252 pars
3406 3184 3516 3237 Do-

1942 3269 2074 3323 mini
2100 3271 2333 3339 populus
2353 3271 2471 3339 ejus
2508 3270 2698 3336 Jacob,
2732 3271 3010 3327 funiculus
3041 3272 3369 3328 haereditatis
3392 3274 3513 3344 cju‘!

1941 3358 2108 3415 lsrael
2139 3362 2183 3426 ⁸,
2226 3379 2244 3412 ι
2293 3369 2348 3414 at
2379 3362 2746 3432 inposterum
2768 3403 2783 3425 .
2832 3371 3020 3433 gentes
3048 3379 3264 3433 quoque
3296 3380 3508 3423 omnes.

1941 3450 2172 3506 Domino
2204 3453 2259 3506 in
2299 3461 2500 3508 sortem
2525 3469 2647 3508 esse
2673 3454 3012 3519 tribuendas,
3040 3455 3243 3512 dictum
3270 3465 3380 3511 est:
3418 3457 3512 3512 ubi

1938 3542 2190 3597 videlicet
2240 3544 2313 3596 illi
2344 3545 2423 3598 sic
2451 3545 2527 3598 ait
2560 3543 2755 3599 Pater:
2796 3566 2814 3595 ι
2851 3545 3071 3601 Postula
3101 3563 3129 3600 a
3162 3556 3334 3610 me,et
3368 3547 3517 3603 dabo

1938 3632 2038 3687 tibi
2093 3640 2282 3702 gentes
2314 3634 2681 3689 hereditatem
2716 3644 2864 3688 tuam
2890 3636 2931 3691 °.
2965 3656 2983 3688 ι
3021 3636 3231 3691 Etenim
3265 3637 3515 3691 domina-

1939 3730 2123 3775 turum
2152 3738 2274 3779 esse
2302 3739 2411 3778 non
2451 3729 2505 3778 in
2535 3723 2721 3778 Judaea
2751 3727 2951 3789 solum,
2995 3726 3088 3780 sed
3117 3740 3147 3779 a
3171 3728 3305 3780 mari
3340 3739 3516 3795 usque

1940 3815 2008 3870 ad
2034 3830 2204 3878 mare,
2261 3826 2315 3872 et
2346 3816 2479 3872 ﬁnes
2527 3818 2677 3871 orbis
2720 3827 2899 3879 terrae.
2930 3819 3209 3897 prophetia
3240 3819 3437 3872 clamat
3465 3816 3512 3881 ⁷,

1939 3923 2239 3978 omnesque
2270 3908 2349 3962 illi
2381 3917 2569 3979 gentes
2590 3925 2713 3965 esse
2736 3911 3054 3972 servitur-as,
3094 3909 3517 3964 benedicendas-

1938 4013 2045 4069 que
2069 4014 2190 4053 esse
2218 4000 2272 4053 in
2293 4015 2358 4053 eo
2383 4015 2574 4055 omnes
2596 4001 2773 4055 tribus
2797 4009 2972 4055 terrae.
2999 4000 3111 4055 Hac
3139 4009 3317 4055 autem
3344 4015 3511 4055 causa

1939 4089 2043 4144 hoc
2078 4090 2279 4145 factum
2313 4100 2418 4155 est,
2445 4101 2503 4145 ut
2529 4091 2670 4148 Deus
2699 4094 2941 4148 universi
2971 4093 3027 4147 in
3062 4104 3358 4162 conspectu
3390 4107 3512 4145 om-

1938 4182 2089 4235 nium
2124 4181 2389 4251 gentium,
2453 4184 2694 4239 salutare
2748 4201 2909 4239 suum
2971 4194 3162 4238 notum
3199 4183 3404 4238 laceret
3432 4183 3454 4215 ⁸
3490 4203 3505 4238 :

1938 4288 2040 4329 nos
2067 4273 2327 4343 verojam
2352 4281 2479 4329 ante
2532 4275 2843 4331 notavimus
2874 4290 3071 4330 nomen
3112 4275 3292 4341 Jesns,
3345 4274 3392 4328 si
3439 4288 3512 4329 ex

247 4372 430 4442 τούτῳ
469 4371 562 4425 καὶ
597 4373 626 4424 6
663 4371 887 4442 Συμεὼν
925 4373 982 4424 ἐν
1018 4369 1097 4441 τῷ
1134 4369 1472 4440 Εύαγγελίῳ,
1525 4369 1603 4433 ὃς,
1654 4368 1833 4423 λαϐὼν

1939 4364 2202 4420 Hebraica
2236 4365 2419 4437 lingua
2472 4366 2527 4421 in
2580 4366 2823 4422 Graecam
2883 4375 3273 4430 convertatur,
3320 4366 3511 4437 Σωτή-

244 4465 311 4519 τὸ
371 4463 607 4528 παιδίον,
657 4463 816 4517 αὐτὸν
872 4461 934 4532 δὴ
989 4462 1079 4515 τὸν
1146 4461 1374 4532 Ἰησοῦν,
1430 4460 1565 4530 μετά
1616 4463 1826 4532 χεῖρας,

243 4554 547 4626 ἐπηύξατο·
593 4572 614 4604 ‹
652 4552 765 4606 Νῦν
802 4551 1055 4616 ἀπολύεις
1084 4553 1173 4605 τὸν
1207 4551 1389 4606 δοῦλόν
1420 4569 1535 4618 σου,
1560 4552 1825 4615 Δέσποτα,

243 4646 393 4702 κατά
430 4645 494 4699 τὸ
529 4645 682 4717 ῥῆμά
718 4662 829 4706 σου,
861 4645 918 4697 ἐν
971 4644 1159 4715 εἰρήνῃ
1181 4660 1194 4674 ⁸
1245 4645 1326 4697 ὅτι
1360 4639 1498 4696 εἶδον
1535 4645 1584 4696 oi
1622 4643 1827 4711 ὀφθαλ-

247 4738 345 4809 μοί
382 4756 485 4809 μου
516 4737 577 4790 τὺ
612 4736 876 4809 σωτήριόν
903 4752 1017 4800 σου,
1052 4735 1080 4788 6
1105 4735 1406 4807 ἡτοίμασας
1435 4735 1575 4790 κατά
1609 4736 1827 4809 πρόσω-

243 4847 351 4883 πον
384 4830 603 4883 πάντων
627 4827 734 4881 τῶν
766 4827 931 4892 λαῶν,
955 4826 1071 4897 φῶς
1109 4829 1188 4891 είς
1212 4826 1555 4897 ἀποκάλυψιν
1586 4826 1773 4882 ἐθνῶν.
1802 4848 1820 4879 ι

241 4922 391 4976 Αὐτὸ
427 4920 559 4991 γοῦν
585 4921 647 4974 τὸ
689 4921 953 4992 σωτήριον
983 4921 1077 4974 καὶ
1105 4923 1134 4974 ό
1158 4919 1460 4992 Ψαλμῳδδς
1497 4920 1704 4993 ἐδήλου,
1739 4920 1827 4973 λέ-

243 5029 381 5081 γων·
412 5032 431 5063 ι
468 5012 763 5084 Ἔγνὼρισε
800 5013 1001 5083 Κύριος
1030 5012 1089 5066 τὺ
1132 5015 1395 5085 σωτήριον
1427 5011 1589 5065 αὑτοῦ
1614 5053 1629 5077 ,
1670 5013 1825 5065 ἐναν-

242 5103 363 5157 τίον
388 5103 499 5156 τῶν
546 5102 717 5157 ἐθνῶν
742 5104 1058 5174 ἀπεκάλυψε
1096 5104 1193 5175 τὴν
1214 5104 1557 5173 δικαιοσύνην
1590 5103 1776 5157 αὐτοῦ.
1805 5123 1823 5154 ι

244 5191 360 5243 Καὶ
383 5189 529 5245 κατά
552 5190 645 5244 τὸν
679 5192 902 5245 Ἠσαίαν
923 5193 1064 5246 τοῦτ’
1091 5193 1221 5247 αὐτὸ
1244 5193 1306 5245 τὺ
1336 5194 1598 5265 σωτήριον
1631 5194 1829 5257 ἰδόντες

246 5281 452 5344 πάντες
500 5280 813 5351 ἂνθρωποι,
866 5285 1261 5356 προσκυνήσειν
1305 5283 1549 5353 λέγονται
1596 5284 1674 5355 τῷ
1721 5285 1827 5338 τῶν

244 5371 383 5425 ὅλων
417 5370 538 5443 θεῷ
568 5372 629 5425 τὸ
678 5373 945 5445 σωτήριον
997 5374 1160 5427 αὐτοῦ
1200 5375 1314 5438 τοῖς
1369 5375 1533 5428 πᾶσιν
1581 5374 1826 5445 ἀφθόνως

315 5490 363 5520 ”
395 5486 543 5543 Psal.
568 5503 717 5547 nvi.
750 5490 833 5543 10.
932 5494 949 5519 ³
980 5488 1123 5546 Psal.
1160 5504 1284 5551 xcv,
1318 5490 1404 5545 10.

247 5573 421 5618 In".
454 5558 508 5613 9.
590 5558 773 5613 ‘Psal.
801 5575 860 5623 ιι,
921 5569 984 5622 8.

323 5650 399 5718 (l)
430 5649 788 5705 Dcsidcratur
809 5651 901 5705 τόν
953 5650 1109 5706 Ευιτ.
1146 5651 1319 5708 Pun.

1508 5491 1528 5521 ¹
1552 5490 1695 5545 Psal.
1732 5507 1879 5551 XLVI,
1908 5491 1961 5545 9.

1060 5561 1078 5591 ⁷
1102 5559 1246 5615 Psal.
1281 5576 1429 5633 uxr,
1466 5561 1520 5619 8.
1563 5564 1648 5628 Η,
1684 5562 1766 5617 l7.
1848 5564 1869 5595 ⁸
1895 5560 2041 5618 Psal.
2076 5578 2239 5629 xcvn,
2269 5562 2324 5617 2.
2392 5562 2414 5594 ’
2440 5561 2571 5630 Luc,
2599 5579 2659 5625 ιι.
2691 5563 2883 5622 29-32.

1936 4473 2052 4528 ριον
2069 4456 2396 4526 signiﬁcare,
2416 4458 2560 4527 quod
2583 4458 2774 4513 Latine
2794 4458 2996 4512 dicitur
3016 4458 3274 4520 salutare,
3296 4457 3508 4511 ntnihil

1933 4548 2080 4603 aliud
2094 4551 2163 4603 sit
2175 4548 2422 4603 Salutare
2436 4549 2531 4604 Dei
2539 4565 2700 4620 quam
2719 4550 3014 4605 Salvatoris
3025 4550 3198 4604 nostri
3214 4547 3340 4603 Jesu
3354 4548 3511 4603 Chri-

1930 4641 2002 4696 sti
2019 4642 2311 4711 appellatio
2336 4662 2349 4697 :
2369 4642 2495 4697 huic
2520 4643 2596 4698 rei
2623 4643 2781 4699 ﬁdem
2801 4645 2929 4699 facit
2946 4642 3166 4699 Simeon
3187 4642 3508 4712 ianvange—

1928 4734 2021 4797 lio,
2046 4735 2136 4804 qui
2152 4743 2378 4805 accepto
2391 4750 2583 4805 puero,
2611 4735 2729 4806 ipso
2746 4736 2930 4806 utique
2949 4735 3100 4799 Jesu,
3123 4736 3265 4789 intra
3282 4748 3504 4799 manus,

1929 4826 2008 4881 sic
2036 4827 2211 4880 oravit
2247 4844 2261 4880 :
2298 4844 2317 4877 ι
2356 4824 2514 4881 Nunc
2545 4826 2780 4883 dimittis
2808 4842 3023 4882 servum
3049 4835 3223 4889 tuum,
3253 4825 3502 4889 Domine,

1930 4918 2226 4973 secundum
2244 4918 2467 4973 verbum
2500 4924 2654 4972 tuum
2696 4918 2749 4972 in
2774 4934 2935 4988 pace:
2956 4918 3081 4988 quia
3100 4918 3505 4972 vidcruntoeuli

1926 4992 2029 5079 61
2068 5010 2174 5062 mei
2223 5006 2473 5063 Salutare
2505 5016 2682 5072 tuum,
2708 5010 2850 5079 quod
2902 5010 3106 5080 parasti
3140 5017 3266 5064 ante
3309 5008 3502 5064 faciem

1926 5102 2166 5155 omnium
2205 5102 2560 5172 populorum,
2600 5101 2784 5155 lumen
2831 5101 2899 5155 ad
2942 5102 3326 5160 revelationcm
3372 5115 3506 5170 gen-

1926 5192 2129 5245 tium’.
2172 5211 2190 5245 ι
2243 5191 2358 5248 Hoc
2407 5193 2584 5263 ipsum
2632 5193 2798 5263 igitur
2851 5193 3124 5259 Salutarc,
3159 5193 3503 5251 Psalmorum

1925 5300 2143 5355 quoque
2195 5294 2391 5340 auctor
2454 5287 2804 5359 signiﬁcavit,
2848 5302 2973 5342 cum
3017 5287 3199 5342 dixit:
3246 5305 3266 5338 ι
3301 5285 3498 5340 Νοιιιιη

1927 5378 2051 5433 fecit
2084 5375 2372 5431 Dominum
2406 5376 2658 5434 Salutare
2689 5395 2871 5446 suum,
2923 5380 2976 5433 in
3028 5389 3325 5450 conspectu
3367 5395 3500 5449 gen-

2067 5490 2087 5522 ³
2119 5489 2260 5545 Psal.
2282 5507 2415 5563 ixcv,
2443 5492 2582 5563 ⁸7,Β.
2657 5493 2678 5525 ⁸
2700 5492 2803 5549 lsa.
2836 5511 2949 5561 xu,
2993 5495 3080 5563 i9,
3107 5493 3198 5551 21.
3297 5493 3492 5550 'Deat.
