3828 6216
332 223 437 279 I25

994 221 1263 279 EUSEBII
1298 225 1774 283 CIESARIENSIS
1810 225 1959 282 OPP.
2000 226 2180 284 PARS
2216 227 2279 285 Il.
2309 260 2382 272 —
2416 230 2915 295 APOLOGETICA.

3475 242 3581 296 124

328 334 464 389 tium
499 334 756 390 revelavit
804 335 1078 406 justitiam
1116 352 1272 392 suam
1298 338 1363 393 ¹⁰.
1403 359 1423 393 ›
1464 338 1726 395 Similiter
1755 340 1880 409 aput

2002 346 2422 418 κεχαρισμένῳ·
2473 350 2563 403 καὶ
2594 353 2989 425 προσκυνήσειν
3040 370 3104 424 γε
3154 353 3304 428 αύτῷ
3339 356 3439 411 οὐκ
3482 358 3579 412 ἐπὶ

327 423 520 481 Isaiam
540 441 731 482 omnes
776 426 1046 493 homines,
1067 428 1171 483 hoc
1203 430 1381 499 ipsum
1417 432 1652 488 salutare
1679 432 1897 487 intuen-

326 526 430 583 tes,
464 517 634 574 Deum
674 521 918 577 universi
968 522 1233 577 dicuntur
1265 524 1566 589 adoraturi,
1612 525 1706 595 qui
1743 524 1902 579 Salu-

324 618 444 663 tare
476 625 637 665 suum
661 612 917 667 omnibus
942 611 1159 667 abunde
1199 615 1273 669 sit
1311 615 1609 685 largiturus
1638 636 1649 669 :
1677 623 1731 671 et
1764 616 1899 670 ado-

325 699 520 764 raturi,
558 715 667 754 non
697 701 754 755 in
794 702 897 756 hac
927 702 1177 758 inferiori
1226 703 1552 769 Jerusalem,
1586 721 1707 775 quae
1733 715 1815 761 est
1838 706 1896 761 in

324 790 633 858 Palaestina,
657 792 753 849 sed
778 810 1223 865 unumquemque
1252 812 1316 851 ex
1339 797 1459 851 loco
1484 812 1604 860 suo,
1624 805 1677 853 et
1706 812 1898 854 omnes

322 885 639 955 quicunque
692 886 803 942 sint
854 888 912 941 in
968 887 1167 943 insulis
1207 888 1451 958 gentium
1481 908 1494 943 :
1526 905 1635 959 quo
1657 898 1897 959 tempore

321 976 606 1029 oraculum
639 976 772 1030 illud
801 976 962 1033 linem
987 978 1238 1048 accipiet,
1265 979 1411 1049 quod
1445 978 1673 1033 allirmat
1704 995 1895 1035 omnes

324 1063 576 1121 homines
606 1067 863 1123 invocare
896 1083 1005 1122 non
1031 1069 1267 1139 amplius
1298 1069 1438 1125 Deos
1460 1071 1688 1141 patrios,
1717 1086 1895 1142 neque

323 1158 639 1223 simulacra,
671 1168 767 1214 aut
808 1161 1109 1227 daemonas,
1167 1162 1261 1216 sed
1322 1178 1523 1217 nomen
1582 1162 1895 1230 Domini,et

321 1251 529 1304 servire
571 1251 649 1304 illi
701 1253 805 1307 sub
828 1252 961 1322 jugo
998 1267 1127 1318 uno,
1160 1260 1213 1308 et
1245 1253 1322 1307 illi
1352 1269 1381 1307 a
1424 1255 1676 1310 terminis
1708 1254 1893 1309 ﬂumi-

320 1358 452 1397 num
503 1343 794 1413 IEthiOpiae
846 1344 1140 1400 rationales
1199 1352 1253 1399 et
1314 1345 1630 1401 incruentas
1684 1346 1893 1402 hostias

316 1448 416 1502 per
447 1432 655 1488 Novum
683 1433 886 1489 Christi
926 1432 1358 1500 Testamentum,
1383 1451 1493 1489 non
1536 1437 1592 1489 in
1643 1434 1892 1489 inferiori

311 1525 639 1591 Jerusalem,
703 1541 881 1594 neque
935 1526 991 1580 in
1023 1542 1089 1580 eo
1119 1527 1263 1596 quod
1321 1526 1378 1580 in
1428 1527 1519 1580 illa
1576 1534 1661 1581 est
1709 1526 1887 1592 altari,

315 1616 410 1670 sed
442 1616 497 1668 in
548 1616 669 1684 ejus
719 1614 1014 1685 .IEthiOpiaa
1046 1616 1264 1682 ﬁnibus,
1302 1617 1369 1671 de
1412 1633 1517 1687 qua
1543 1617 1655 1686 jam
1682 1617 1888 1672 dictum

310 1717 418 1769 est,
455 1706 755 1762 oblaturos.
795 1706 950 1773 Quod
981 1707 1027 1763 si
1064 1723 1318 1778 magnum
1351 1708 1609 1778 quiddam
1655 1715 1760 1772 est,
1792 1707 1886 1763 Dei

311 1799 572 1868 populum
602 1805 656 1852 et
684 1814 828 1862 esse,
859 1806 914 1854 et
948 1800 1184 1865 censeri,
1221 1809 1275 1854 et
1323 1815 1495 1854 unum
1536 1799 1641 1854 hoc
1674 1799 1885 1853 divino-

310 1905 433 1943 rum
466 1893 862 1959 promissorum
914 1892 1211 1961 maximum
1259 1899 1362 1954 est,
1390 1891 1482 1945 ubi
1519 1891 1589 1945 ab
1620 1892 1740 1961 ipso
1772 1888 1884 1945 Deo

307 1980 377 2036 de
417 1981 484 2036 iis
505 1982 599 2052 qui
622 1981 805 2051 seipso
826 1982 975 2052 digni
1010 1983 1142 2046 sint,
1171 1980 1379 2036 dicitur
1416 2002 1430 2036 :
1467 2002 1485 2033 ι
1524 1981 1631 2036 Ero
1662 1982 1880 2035 illorum

308 2073 476 2138 Deus,
510 2082 565 2129 et
605 2074 709 2144 ipsi
759 2083 921 2129 erunt
972 2076 1207 2145 populus
1238 2076 1477 2139 meus“,
1521 2094 1539 2126 ι
1581 2074 1883 2144 meritoque

307 2174 469 2221 antea
498 2166 835 2235 gloriabatur
862 2165 1062 2229 Israel,
1086 2167 1244 2237 quasi
1277 2167 1368 2237 qui
1411 2166 1562 2221 solus
1586 2165 1678 2220 Dei
1703 2181 1880 2235 popu-

310 2258 396 2314 Ius
435 2266 600 2322 esset,
632 2259 736 2313 hoc
781 2276 998 2330 quoque
1050 2260 1277 2324 bonum,
1311 2266 1426 2312 tum
1455 2274 1579 2313 cum
1612 2258 1679 2311 ad
1708 2272 1881 2327 p0pu-

307 2351 422 2405 lum
453 2350 605 2404 illum
640 2351 926 2406 advenerit
949 2350 1234 2415 Dominus,
1271 2352 1526 2421 gentibus
1562 2366 1622 2405 se
1653 2350 1881 2420 largitu-

306 2457 428 2498 rum
458 2443 767 2513 pollicetur,
794 2443 988 2498 dicens
1014 2463 1027 2498 :
1070 2462 1087 2494 ι
1132 2443 1270 2498 Ecce
1299 2459 1397 2514 ego
1423 2443 1602 2507 venio,
1637 2452 1689 2496 et
1719 2441 1878 2495 habi-

302 2536 434 2590 tabo
467 2535 524 2588 in
559 2535 738 2589 medio
788 2534 889 2599 tui,
924 2543 979 2590 et
1008 2534 1322 2606 confugient
1371 2545 1562 2605 gentes
1595 2534 1780 2588 multae
1809 2532 1875 2588 ad

304 2623 619 2691 Dominum,
646 2635 699 2681 et
733 2636 895 2683 erunt
938 2628 990 2684 ei
1034 2630 1089 2682 in
1135 2628 1392 2698 p0pulum
1416 2630 1479 2683 ".
1519 2647 1538 2680 ι
1571 2626 1647 2681 De
1678 2626 1877 2696 quibus

305 2719 439 2774 illud
468 2720 597 2774 item
631 2720 766 2776 satis
805 2732 926 2790 apte
968 2724 1186 2778 dicetur
1217 2740 1230 2774 :
1265 2738 1284 2771 ι
1329 2720 1391 2773 Ει
1417 2720 1592 2774 dicam
1636 2736 1743 2773 non
1779 2733 1878 2789 po-

303 2813 432 2883 pulo
464 2827 607 2875 meo,
641 2812 876 2882 populus
921 2828 1076 2867 meus
1106 2827 1167 2867 es
1208 2819 1269 2865 tu
1306 2829 1319 2866 :
1350 2819 1404 2866 et
1436 2812 1550 2881 ipse
1580 2810 1744 2873 dicet,
1768 2809 1876 2865 Do-

302 2904 486 2958 minus
514 2902 658 2958 Deus
688 2919 842 2958 meus
863 2919 922 2958 es
946 2904 1088 2957 tu”.
1129 2923 1149 2955 ›
1179 2902 1238 2957 Si
1285 2919 1415 2958 vero
1447 2919 1555 2957 non
1584 2904 1747 2969 alius,
1777 2902 1873 2957 sed

300 2992 419 3063 ipse
460 3001 544 3047 est
602 2991 877 3059 Christus,
902 2993 993 3063 qui
1026 2992 1093 3047 de
1148 2993 1333 3047 radice
1377 2992 1532 3048 Jcsse
1562 2995 1811 3047 oriturus
1840 3009 1871 3047 a

2004 430 2104 499 τῆς
2135 432 2284 487 κάτω
2322 436 2676 511 Ἰερουσαλὴμ
2714 442 2813 513 τῆς
2857 443 3000 497 κατά
3045 444 3145 517 τὴν
3190 447 3574 519 Παλαιστίνην,

2004 521 2118 576 ἀλλ’
2150 523 2376 582 ἕκαστον
2412 531 2476 582 ἐκ
2509 531 2602 584 τοῦ
2631 532 2794 587 τόπου
2833 534 2999 588 αὐτοῦ
3020 575 3037 601 ,
3076 537 3170 591 καὶ
3199 540 3405 603 πάντας
3448 542 3577 605 τοὺς

2002 611 2060 664 ἐν
2083 616 2206 678 ταῖς
2231 619 2412 688 νήσοις
2435 620 2545 675 τῶν
2574 622 2771 677 ἐθνῶν·
2807 626 2894 679 ὅτε
2931 628 3024 681 καὶ
3065 629 3477 703 πληρωθήσεται
3512 633 3576 686 τὸ

2003 705 2212 773 φάσκον
2254 709 2432 779 λόγιον
2479 714 2850 771 ἐπικαλεῖσθαι
2881 718 3090 785 πάντας
3129 722 3447 795 ἀνθρώπους
3473 726 3575 779 οὐκ

2000 798 2080 851 ἐτι
2118 803 2245 866 τοὺς
2279 805 2559 876 πατρῴους
2598 807 2770 873 θεοὺς,
2803 810 2925 864 οὐδὲ
2967 811 3034 865 τά
3072 813 3284 879 εἴδωλα,
3317 816 3412 869 καὶ
3447 817 3575 880 τοὺς

1998 892 2278 962 δαίμονας,
2309 896 2445 950 ἀλλά
2464 898 2524 950 τὸ
2549 899 2719 970 ὄνομα
2748 901 2979 971 Κυρίου,
3006 904 3101 957 καὶ
3132 904 3402 959 δουλεύειν
3425 908 3574 978 αὐτῷ

1999 985 2103 1037 ύπδ
2138 985 2299 1057 ζυγὸν
2329 988 2456 1055 ἕνα,
2507 994 2570 1046 ἐκ
2608 995 2860 1068 περάτων
2888 1014 2945 1049 τε
2979 997 3241 1068 ποταμῶν
3288 999 3574 1065 Αἰθιοπίας

1997 1081 2375 1151 προσοίσουσιν
2410 1084 2558 1156 αὐτῷ
2587 1086 2685 1151 τάς
2715 1087 2938 1157 λογικὰς
2962 1091 3056 1144 καὶ
3090 1091 3351 1162 ἀναίμους
3381 1090 3579 1157 θυσίας

1994 1168 2082 1222 διὰ
2121 1170 2221 1241 τῆς
2254 1172 2346 1224 τοῦ
2386 1174 2620 1245 Χριστοῦ
2654 1178 2862 1250 Καινῆς
2893 1180 3165 1252 Διαθήκης
3199 1182 3301 1235 οὐκ
3343 1183 3437 1235 ἐπὶ⁵
3474 1183 3575 1255 τῆς

1994 1260 2145 1314 κάτω
2181 1259 2551 1336 Ἰερουσαλὴμ,
2576 1267 2683 1320 οὐδ’
2714 1270 2770 1322 ἐν
2803 1269 2881 1341 τῷ
2918 1271 3056 1341 πρὸς
3078 1272 3249 1345 ταύτῃ
3275 1272 3573 1347 θυσιαστη-

1998 1351 2114 1423 ρίῳ,
2138 1352 2252 1405 ἀλλ’
2295 1356 2353 1407 ἐν
2379 1359 2491 1420 τοῖς
2524 1357 2871 1430 δηλουμένοις
2906 1362 3104 1434 πέρασι
3141 1365 3242 1435 τῆς
3282 1366 3573 1433 Αἰθιοπίας

1993 1444 2509 1518 ὰνενεχθησομένας.
2529 1450 2591 1502 Ei
2612 1450 2668 1503 δέ
2691 1452 2785 1505 καὶ
2812 1453 2952 1525 μέγα
2976 1455 3029 1508 τί
3045 1456 3180 1521 ἐστι,
3198 1455 3325 1510 λαὸν
3348 1454 3488 1512 εἶναί
3509 1476 3571 1515 τε

1990 1537 2085 1589 καὶ
2106 1539 2468 1609 χρηματίζειν
2497 1542 2652 1605 Θεοῦ,
2679 1546 2770 1598 καὶ
2800 1546 2858 1599 ἐν
2892 1563 2957 1616 γε
2979 1546 3135 1601 τοῦτο
3159 1548 3267 1602 τῶν
3296 1551 3574 1620 μεγίστων

1991 1626 2149 1681 θείων
2185 1632 2559 1699 ἐπαγγελλιῶν
2596 1636 2871 1707 τυγχάνει,
2899 1638 2959 1690 τὸ
2992 1640 3082 1693 ὑπ’
3116 1640 3279 1695 αὑτοῦ
3313 1641 3575 1711 λέγεσθαι

1990 1718 2119 1787 περὶ
2161 1718 2270 1774 τῶν
2314 1720 2477 1784 ἀξίων
2511 1723 2703 1777 αὐτοῦ·
2743 1744 2761 1776 ι
2799 1727 3031 1798 Ἐσομαι
3074 1730 3252 1783 αὐτῶν
3294 1731 3446 1797 Θεὸς,
3473 1733 3573 1787 καὶ⁸

1990 1807 2142 1860 αὐτοὶ
2168 1808 2379 1864 ἔσονται
2406 1812 2533 1877 λαός
2550 1832 2649 1885 μου
2671 1832 2685 1848 ·
2711 1836 2729 1868 ι
2760 1817 3081 1889 ἐσεμνύνετό
3108 1838 3168 1874 τε
3192 1822 3318 1893 πρὶν
3340 1822 3573 1887 εἰκότως

1990 1901 2018 1952 6
2057 1900 2272 1973 Ἰσραὴλ
2302 1904 2397 1957 ἐπὶ
2424 1905 2502 1976 τῷ
2538 1906 2613 1970 ὡς
2641 1908 2799 1979 μόνος
2824 1910 2950 1975 λαὸς
2988 1912 3063 1967 ὢν
3097 1914 3191 1968 τοῦ
3223 1914 3358 1967 Θεοῦ
3378 1932 3391 1945 ·
3428 1914 3571 1970 ἀλλὰ

1989 1993 2084 2046 καὶ
2115 1994 2272 2049 τοῦτο
2305 1996 2366 2050 τὺ
2414 1999 2648 2067 ἀγαθὸν,
2695 2004 3038 2077 ἐπιδημήσας
3093 2009 3122 2061 6
3177 2008 3380 2081 Κύριος
3402 2050 3417 2074 ,
3452 2014 3573 2075 τοίς

1989 2084 2165 2141 ἔθνεσι
2209 2091 2515 2161 χαριεῖσθαι
2556 2093 2925 2166 ὑπισχνεῖται,
2977 2098 3180 2168 λέγων·
3227 2120 3247 2151 ι
3287 2100 3414 2155 Ἰδοὺ
3453 2100 3570 2171 ἐγὼ

1988 2178 2239 2250 ἔρχομαι,
2267 2182 2360 2236 καὶ
2389 2185 2798 2255 κατασκηνώσω
2825 2191 2884 2243 ἐν
2930 2191 3079 2262 μέσῳ
3114 2209 3206 2245 σου
3227 2209 3241 2223 ·
3271 2194 3366 2247 καὶ
3395 2212 3570 2248 κατα-

1990 2272 2273 2342 φεύξονται
2314 2274 2440 2346 ἔθνη
2481 2277 2652 2331 πολλὰ
2681 2279 2775 2332 ἐπὶ
2817 2282 2905 2334 τὸν
2938 2282 3162 2354 Κύριον,
3209 2285 3301 2338 καὶ
3351 2285 3567 2342 ἔσονται

1987 2361 2136 2431 αὐτῷ
2183 2366 2262 2427 εἰς
2302 2364 2449 2420 λαόν.
2481 2386 2500 2418 ι
2555 2370 2689 2439 Περὶ
2736 2363 2811 2425 ὧν
2844 2373 2940 2426 καὶ
2986 2375 3217 2445 ἁρμόσει
3264 2374 3564 2444 λέγεσθαι·

1992 2471 2011 2503 ι
2038 2455 2150 2508 Καὶ
2186 2456 2296 2527 ἐρῶ
2352 2458 2430 2530 τῷ
2474 2460 2535 2512 ού
2568 2460 2683 2533 λαῷ
2727 2480 2826 2534 μου
2851 2481 2864 2494 ·
2919 2466 3061 2530 Λαός
3114 2484 3215 2539 μου
3243 2465 3294 2520 εἷ
3329 2469 3392 2522 σύ
3414 2486 3428 2499 ·
3464 2471 3568 2525 καὶ

1985 2548 2146 2611 αὐτὸς
2181 2551 2325 2621 ἐρεῖ·
2360 2551 2562 2624 Κύριος
2592 2557 2621 2608 ό
2651 2556 2783 2621 Θεός
2819 2574 2919 2627 μου
2945 2555 2997 2611 εἴ
3037 2558 3121 2613 σύ.
3164 2580 3182 2612 ι
3221 2562 3283 2615 Εἰ
3307 2562 3363 2615 δὲ
3397 2562 3567 2628 αύτός

1985 2641 2100 2693 ἐστι
2134 2642 2226 2694 καὶ
2254 2642 2361 2695 οὐδ’
2387 2643 2460 2716 (1)
2488 2644 2645 2710 ἄλλος
2680 2648 2708 2699 6
2734 2648 2988 2718 Χριστὸς,
3016 2652 3044 2704 ὁ
3074 2652 3136 2704 ἐκ
3164 2651 3318 2723 ῥίζης
3362 2653 3565 2707 Ἰεσσαὶ

1985 2730 2303 2804 βλαστήσειν
2336 2738 2831 2809 προφητευόμενος,
2858 2741 2953 2794 καὶ
2987 2742 3143 2795 τοῦτό
3172 2760 3235 2812 γε
3265 2744 3359 2796 καὶ
3378 2746 3565 2808 αὐτοῖς

1995 2823 2264 2895 Ἑϐραίοις
2302 2828 2746 2901 ἀνωμολόγηται,
2781 2834 2857 2897 ὡς
2897 2835 3100 2905 μηδένα
3136 2836 3397 2908 μηδαμῶς
3429 2838 3563 2910 περὶ

1980 2914 2168 2968 τούτου
2190 2933 2253 2985 γε
2285 2919 2679 2993 ἀμφισϐητεῖν·
2712 2926 2813 2995 ὅρα
2851 2926 3000 2990 ὅπως
3023 2928 3114 2980 καὶ
3142 2923 3295 2992 οὗτος
3326 2915 3564 3001 ἀναστή-

1981 3006 2166 3061 σεσθαι
2191 3012 2282 3063 ἐπὶ
2307 3013 2367 3065 τὸ
2400 3015 2587 3087 ἄρχειν
2616 3017 2678 3069 οὐ
2701 3016 2794 3070 τοῦ
2830 3018 3066 3090 Ἰσραὴλ,
3093 3019 3227 3072 ἀλλὰ
3255 3020 3363 3074 τῶν
3386 3020 3561 3075 ἐθνῶν

300 3085 583 3155 prophetis
608 3085 944 3154 praedicilur,
977 3093 1030 3139 et
1076 3085 1178 3139 hoc
1217 3085 1353 3154 ipsis
1382 3100 1601 3155 quoque
1631 3083 1873 3139 Hebraeis

1985 3083 2519 3175 ἀναπεφώνηταιίτά
2545 3125 2605 3160 τε
2632 3108 2758 3179 ἔθνη
2791 3083 3031 3163 ἐλπίσειν
3075 3112 3161 3164 ἐπ’
3204 3111 3386 3183 αὐτῷ,
3420 3114 3562 3168 ἀλλὰ

300 3176 533 3231 habetur
587 3177 974 3239 indubitatum,
1011 3177 1166 3241 adeo,
1204 3185 1263 3230 ut
1319 3177 1472 3231 nullo
1504 3185 1663 3246 pacto
1722 3177 1875 3246 quis-

299 3268 447 3339 piam
471 3269 538 3323 de
580 3268 683 3323 hoc
719 3269 1000 3338 ambigat:
1037 3268 1327 3323 considera
1355 3269 1469 3338 jam
1510 3269 1870 3339 quemadmo-

299 3362 431 3416 dum
480 3361 570 3415 hic
618 3367 967 3416 surrecturus
1019 3359 1086 3413 ad
1146 3360 1523 3429 imperandum
1583 3376 1693 3415 non
1768 3361 1873 3431 ipsi

298 3451 489 3514 Israel,
543 3452 639 3507 sed
698 3452 950 3522 gentibus
1001 3452 1177 3520 palam
1220 3451 1292 3506 sit
1354 3451 1555 3517 dictus,
1606 3466 1706 3505 nec
1757 3452 1874 3521 ipse

297 3544 484 3613 Israel,
515 3545 611 3601 sed
640 3552 827 3616 gentes
858 3546 911 3599 in
956 3560 1021 3600 eo
1052 3560 1202 3615 spem
1238 3544 1503 3600 habiturae
1541 3545 1700 3600 dicta:
1738 3546 1869 3613 sint,

298 3640 500 3711 quippe
528 3639 623 3709 qui
652 3646 798 3694 esset
835 3639 1171 3708 exspectatio
1216 3638 1459 3708 gentium
1489 3657 1502 3693 :
1535 3647 1873 3710 quapropter

296 3740 351 3788 et
369 3733 621 3802 gentibus
662 3733 974 3802 prolaturus
999 3731 1288 3799 judicium,
1331 3738 1384 3785 et
1418 3730 1634 3785 futurus
1688 3733 1870 3786 lumen

296 3824 539 3894 gentium
572 3823 829 3878 vaticinio
848 3823 1173 3877 declaretur.
1198 3821 1265 3877 Et
1294 3838 1508 3886 rursus,
1540 3824 1747 3878 dictum
1774 3826 1867 3890 sit,

297 3917 354 3971 in
397 3918 617 3972 nomine
652 3917 774 3985 ejus
801 3923 991 3986 gentes
1032 3924 1373 3986 speraturas,
1423 3918 1782 3988 eumdemque
1814 3919 1868 3973 in

298 4008 529 4063 salutem
562 4008 748 4061 datum
781 4007 848 4061 iri
895 4022 1001 4061 non
1051 4007 1183 4063 solis
1214 4006 1440 4071 Judaeis,
1478 4009 1573 4064 sed
1614 4010 1870 4066 omnibus

296 4102 634 4163 hominibus.
670 4117 843 4169 usque
893 4100 961 4154 ad
1012 4108 1314 4156 extremum
1368 4111 1546 4158 terrae.
1596 4104 1869 4170 Quocirca

296 4199 352 4247 et
382 4192 450 4246 ab
478 4191 591 4255 illo,
624 4192 717 4261 qui
747 4191 923 4261 ipsum
969 4192 1139 4258 misit,
1182 4191 1363 4257 Patre,
1397 4196 1603 4251 dictum
1650 4207 1735 4254 est
1766 4200 1816 4256 ei
1849 4219 1866 4258 :

303 4300 323 4333 ι
364 4281 496 4338 Dedi
524 4292 577 4338 te
629 4283 685 4337 in
731 4282 1139 4339 Testamentum
1184 4285 1420 4355 generis,
1455 4288 1563 4358 62
1607 4289 1663 4344 in
1690 4292 1868 4350 lucem

298 4377 563 4448 gentium,
598 4384 657 4431 ut
690 4377 996 4431 constituas
1026 4385 1252 4441 terram,
1279 4388 1334 4433 et
1365 4385 1725 4452 consequaris
1758 4388 1868 4441 hae-

1975 3194 2073 3265 οὐχ
2099 3195 2127 3247 ὅ
2171 3213 2235 3265 γε
2286 3197 2503 3269 Ἰσραὴλ
2540 3198 2822 3265 λέλεκται,
2858 3201 3153 3273 ἐπειδήπερ
3204 3203 3367 3266 αὐτὸς
3407 3199 3477 3274 ἦν
3521 3207 3559 3276 ὴ

1975 3284 2265 3355 προσδοκία
2310 3287 2416 3340 τῶν
2458 3287 2658 3341 ἐθνῶν·
2698 3289 2780 3343 διὸ
2818 3291 2911 3343 καὶ
2956 3291 3136 3362 κρίσιν
3178 3294 3289 3355 τοῖς
3347 3291 3560 3349 ἔθνεσιν

1973 3376 2201 3441 ἐξοίσειν
2228 3378 2464 3447 λέγεται,
2494 3381 2587 3435 καὶ
2622 3383 2700 3446 εἰς
2738 3381 2853 3452 φῶς
2876 3381 3044 3436 ἐθνῶν
3070 3383 3421 3455 γενήσεσθαι·
3460 3386 3560 3441 καὶ

1974 3470 2166 3524 πάλιν·
2210 3492 2227 3523 ι
2264 3474 2387 3527 Ἐπὶ
2442 3474 2519 3546 τῷ
2566 3476 2786 3546 ὀνόματι
2835 3476 2997 3530 αὐτοῦ
3046 3477 3169 3550 ἔθνη
3219 3478 3498 3547 ἐλπιοῦσι,
3529 3500 3553 3535 ι
3615 3490 3625 3499 '

1973 3564 2068 3617 καὶ
2110 3566 2191 3627 είς
2244 3568 2516 3638 σωτηρίαν
2559 3568 2878 3640 δοθήσεσθαι
2927 3571 2988 3623 οὐ
3041 3570 3219 3641 μόνοις
3253 3572 3558 3639 Ἰουδαίοις,

1972 3654 2110 3707 ἀλλά
2161 3656 2255 3709 καὶ
2296 3658 2460 3710 πᾶσιν
2514 3657 2818 3728 ἀνθρώποις
2864 3661 2976 3722 τοῖς
3023 3659 3127 3723 ἕως
3177 3659 3407 3731 ἐσχάτου
3452 3660 3557 3731 τῆς

1972 3745 2107 3814 γῆς·
2140 3745 2219 3799 διὸ
2256 3747 2352 3800 καὶ
2384 3748 2595 3819 εἴρηται
2640 3748 2787 3819 αὐτῷ
2822 3749 2928 3801 ὑπὸ
2958 3748 3058 3802 τοῦ
3094 3750 3557 3821 καταπέμψαντος

1971 3838 2132 3913 αύτδν
2161 3839 2408 3910 Πατρός·
2463 3859 2481 3890 ι
2515 3840 2733 3893 Ἔδωκὰ
2790 3857 2850 3892 σε
2905 3842 2986 3903 εἰς
3030 3840 3292 3913 διαθήκην
3338 3843 3552 3910 γένους,

1972 3932 2051 3993 εἰς
2083 3910 2199 3998 έρῶς
2240 3930 2431 3995 ἐθνῶν,
2471 3930 2563 3984 τοῦ
2599 3933 2938 4002 καταστῆσαι
2971 3933 3068 4004 τὴν
3115 3933 3240 4002 γῆν,
3277 3934 3370 3987 καὶ
3418 3934 3555 4006 κλη-

1973 4019 2269 4089 ρονομῆσαι
2303 4019 2664 4091 κληρονομίας
2690 4023 2788 4093 ἐρή
2799 4040 2950 4093 μους.
2972 4042 2990 4073 ι
3015 4023 3326 4095 Μαρτύριον
3358 4023 3417 4076 δὲ
3440 4026 3557 4089 τοῖς

1970 4109 2147 4163 ἔθνεσί
2186 4128 2369 4182 φησιν,
2406 4112 2545 4164 ὥστε
2581 4113 2758 4167 πάντα
2805 4114 2875 4168 τὰ
2916 4113 3043 4186 ἔθνη
3074 4117 3143 4168 τά
3176 4116 3448 4187 μηδέποτέ
3496 4133 3555 4173 τι

1969 4202 2100 4275 περὶ
2129 4202 2363 4274 Χριστοῦ
2398 4205 2754 4276 μεμαθηκότα
2774 4246 2789 4270 ,
2854 4206 3048 4276 γνόντα
3081 4208 3179 4278 τὴν
3225 4209 3353 4280 περὶ
3382 4207 3551 4263 αὑτοῦ

1968 4295 2298 4367 οἰκονομίαν,
2325 4297 2418 4349 καὶ
2451 4297 2535 4360 τίς
2570 4293 2636 4368 ἦν
2666 4298 2724 4352 ἐν
2758 4298 2905 4368 αὐτῷ
2936 4298 3184 4369 δύναμις,
3217 4300 3553 4355 ἐπικαλέσα-

1974 4384 2096 4438 σθαι
2136 4385 2328 4449 αύτὸν,
2375 4385 2470 4438 καὶ
2512 4385 2639 4449 τοὺς
2674 4386 2747 4457 μὴ
2805 4386 2971 4440 πάλαι
3024 4386 3287 4459 πρότερον
3342 4386 3554 4450 εἰδότας

298 4469 558 4523 reditates
587 4467 910 4523 desertas”.
946 4466 1372 4524 i'l‘estimonium
1397 4480 1577 4528 autem
1611 4477 1866 4545 gentibus

1985 4476 2136 4530 αὐτὸν
2161 4477 2321 4541 λαοὺς
2354 4480 2442 4530 ἐπ’
2475 4478 2635 4531 αὐτὸν
2663 4456 3123 4547 καταφεύξασθαι.
3149 4456 3259 4532 Καὶ
3290 4478 3343 4532 τί
3376 4496 3444 4550 με
3470 4479 3558 4533 δεῖ

298 4556 450 4621 dicit,
489 4573 551 4613 ea
587 4556 653 4612 de
689 4573 876 4624 causa,
925 4565 985 4612 ut
1031 4574 1222 4615 omnes
1274 4568 1463 4630 gentes
1509 4581 1867 4637 quaecumque

297 4647 365 4702 de
385 4647 605 4704 Christo
630 4648 769 4702 nihil
801 4664 1039 4718 unquam
1079 4648 1391 4714 didicerint,
1420 4653 1510 4707 ubi
1535 4655 1744 4712 ordinis
1778 4673 1867 4712 ra-

295 4736 520 4800 tionem,
557 4752 677 4806 quae
702 4737 770 4790 ad
800 4737 951 4791 illum
988 4739 1223 4808 pertinet
1250 4744 1569 4810 agnoverint
1596 4763 1608 4799 :
1640 4754 1693 4801 et
1721 4762 1864 4817 quae-

1976 4569 2235 4640 μηκύνειν
2273 4570 2361 4623 τὸν
2404 4570 2560 4640 λόγον
2581 4612 2596 4636 ,
2629 4571 2802 4644 παρὸν
2842 4571 2900 4635 ἐξ
2932 4571 3110 4624 αὐτῶν
3140 4570 3248 4625 τῶν
3283 4588 3558 4643 προφητι-

1971 4659 2083 4716 κῶν
2106 4660 2322 4726 λέξεων,
2358 4655 2433 4715 ὧν
2466 4679 2524 4714 τε
2555 4662 2973 4734 παρατέθειμαι,
2999 4662 3095 4716 καὶ
3121 4655 3195 4715 ὧν
3228 4662 3322 4715 ἐπὶ
3353 4661 3556 4735 σχολῆς

1973 4752 2364 4823 μνημονεύσω,
2414 4755 2471 4805 ἐν
2520 4756 2642 4816 ταῖς
2686 4752 2859 4816 θείαις
2916 4753 3228 4824 φερομένων
3272 4752 3552 4822 Γραφαῖς,

297 4841 420 4880 nam
453 4826 508 4880 in
541 4842 606 4881 eo
633 4827 704 4881 sit
733 4827 927 4891 virtus,
962 4828 1296 4883 invocatum
1351 4832 1461 4886 sint
1493 4849 1618 4889 eum
1646 4856 1658 4889 :
1690 4845 1745 4892 et
1773 4840 1865 4908 qui

1985 4846 2075 4915 Ξτῳ
2109 4845 2259 4916 φίλον
2292 4844 2651 4911 ἀναλέξασθαι
2682 4846 2779 4910 τὰς
2823 4845 3169 4918 προφητικάς
3205 4844 3412 4914 φωνὰς,
3443 4842 3553 4900 αὐ-

297 4922 454 4970 antea
478 4916 626 4970 illum
660 4917 843 4985 populi
873 4932 1151 4986 nunquam
1178 4919 1431 4985 viderint,
1458 4922 1527 4977 ad
1552 4924 1704 4980 illum
1734 4944 1868 4982 con-

1985 4932 2120 4985 :60sv
2153 4934 2537 5001 κατασιγάζειν
2572 4936 2697 4998 τοὺς
2748 4936 2812 4987 ἐκ
2856 4916 3190 5007 περιτομῆς,
3238 4934 3550 5003 φάσκοντας

297 5006 543 5075 fugituri.
575 5009 870 5071 Caeterum,
910 5009 1039 5078 quid
1071 5011 1323 5082 pluribus
1362 5027 1503 5083 opus
1524 5024 1611 5071 est
1635 5018 1867 5075 verbis?

1985 5024 2150 5087 ιόνοις
2181 5026 2362 5088 αὐτοῖς
2403 5025 2502 5089 τὰς
2535 5025 2866 5095 ἐπαγγελίας
2904 5006 2997 5080 τοῦ
3026 5026 3160 5079 θεοῦ
3185 5026 3544 5098 δεδωρῆσθαι,

295 5112 420 5151 cum
464 5112 530 5151 ex
559 5097 692 5166 ipsis
725 5099 1060 5168 propheticis
1102 5104 1329 5159 vocibus
1380 5106 1558 5173 liceat,
1586 5115 1700 5164 tum
1725 5128 1863 5182 quas

1985 5115 1998 5183 ᾗ
2007 5115 2112 5183 μᾶς
2132 5113 2207 5178 δὲ,
2235 5115 2359 5179 τοὺς
2381 5115 2487 5168 ἀπὸ
2506 5116 2613 5169 τῶν
2634 5116 2822 5180 ἐθνῶν,
2850 5117 3134 5188 περιττοὺς
3152 5112 3311 5181 εἶναι,
3327 5118 3424 5172 καὶ
3435 5118 3551 5172 τῶν

299 5188 481 5258 posui,
514 5194 629 5241 tum
653 5204 792 5257 quas
823 5190 946 5259 plus
988 5193 1086 5247 otii
1111 5203 1307 5251 nactus
1328 5212 1620 5275 exponam,
1656 5217 1777 5272 quae
1806 5205 1863 5260 in

1985 5205 2125 5257 θείων
2161 5206 2503 5274 ὑποσχέσεων
2551 5205 2863 5276 ἀλλοτρίους
2886 5224 2900 5271 ;
2923 5206 3197 5260 Δέδεικται
3235 5207 3342 5277 γάρ
3368 5206 3552 5279 ἐμπα-

299 5275 500 5333 divinis
529 5277 682 5332 libris
700 5277 971 5347 feruntur,
1003 5282 1050 5337 si
1083 5285 1171 5337 cui
1202 5286 1362 5341 modo
1389 5288 1599 5357 placeat
1642 5294 1862 5365 collige-

1985 5313 2067 5359 .tv,
2098 5296 2172 5359 ὡς
2202 5296 2524 5349 τεθέσπιστο
2552 5295 2622 5349 τὰ
2653 5297 2749 5367 μὲν
2792 5296 2920 5369 ἔθνη
2964 5297 3140 5350 πάντα
3169 5298 3268 5368 τῆς
3306 5297 3545 5370 Χριστοῦ

294 5384 354 5423 re
392 5368 536 5423 dicta
574 5370 986 5440 prophetarum,
1018 5373 1177 5430 facile
1222 5377 1313 5443 iis,
1341 5380 1434 5448 qui
1474 5396 1537 5435 ex
1569 5383 1862 5441 circumci-

1985 5387 2265 5459 παρουσίας
2296 5388 2645 5454 ἀπολαύσειν,
2677 5389 2743 5443 τὰ
2768 5388 2810 5440 δ’
2845 5388 3111 5441 Ἰουδαίων
3128 5387 3305 5459 πλήθη
3338 5389 3548 5442 ἀποπε-

294 5462 449 5516 sione
479 5469 608 5515 sunt
661 5461 939 5517 silentium
993 5464 1292 5535 imponere,
1330 5470 1600 5541 siquando
1647 5474 1859 5545 jactent

1985 5482 2172 5535 rsi’crOat
2198 5481 2296 5552 τῆς
2330 5481 2465 5552 πρὸς
2490 5481 2616 5544 τοὺς
2651 5480 2828 5535 αὐτῶν
2861 5481 3160 5552 προγόνους
3192 5480 3544 5550 ἐπαγγελίας,

379 5577 422 5608 ³⁸
438 5575 583 5633 Psal.
617 5591 784 5642 xcvn,
818 5577 874 5631 2.
920 5580 958 5610 ¹¹
986 5579 1157 5638 Levit.
1201 5600 1352 5649 XXVI,
1380 5587 1480 5655 I2;
1524 5589 1565 5644 II
1595 5591 1721 5649 Cor.
1749 5610 1825 5660 νε,
1856 5595 1880 5652 θ

1985 5598 1999 5629 ¹
2038 5597 2265 5654 Zachar.
2301 5614 2360 5667 ιι,
2389 5599 2576 5663 10,11.
2622 5598 2878 5665 ¹³Οεε.ιι,
2899 5600 2986 5655 24.
3028 5600 3069 5632 “
3100 5597 3205 5656 Isa.
3228 5613 3374 5664 χιιι,
3398 5596 3456 5662 6,
3482 5596 3544 5656 8.

367 5690 446 5763 (l)
484 5688 643 5750 οὔδ’.
672 5694 835 5754 Forte
863 5697 981 5752 οὐκ.
1014 5694 1174 5756 Enn.
1213 5698 1384 5755 Pun.

2681 5703 2683 5711 ι
