3852 6216
404 261 502 321 l'ﬂ

1041 269 1329 342 [EUSEBH
1361 273 1836 335 CESARIENSIS
1873 278 2023 335 OPP.
2065 280 2246 338 PARS
2282 283 2350 342 ll.
2388 316 2459 328 —-
2494 286 2997 346 APOLOGETICA.

398 383 694 440 fuissemus
722 385 786 441 ³⁸.
827 404 849 439 ι
882 384 1183 445 Exordiens
1207 406 1437 461 magnus
1476 395 1801 470 divinusque
1844 416 1938 470 pro

398 475 553 496 -ιὼ
608 491 762 496 μμ,
825 493 948 496 ___,,
1022 495 1041 496 η
1087 481 1097 492 .
1326 484 1338 496 .
1449 493 1457 496 .
1725 490 1734 496 .
1853 491 1864 496 -

2076 421 2228 474 μεν.»
2262 406 2587 476 Ἀρχόμενος
2632 409 2662 459 6
2693 409 2869 478 μέγας
2896 411 2991 463 καὶ
3023 410 3321 483 θαυμάσιος
3358 423 3648 496 προφήτης

397 475 558 545 pheta
604 491 768 532 suum
817 493 977 548 opus,
1019 481 1250 549 primum
1306 484 1465 540 docet
1507 490 1962 557 quemadmodum

397 568 712 622 universum
755 585 868 624 suae
911 572 1211 641 prophetiae
1254 580 1624 648 propositum,
1649 581 1783 637 nihil
1817 584 1965 638 aliud

394 658 657 723 continet,
693 676 854 731 quam
911 664 1176 719 visionem
1207 674 1261 721 et
1293 672 1806 741 contemplationem
1839 690 1960 744 quae

393 746 601 802 feratur
661 762 850 806 contra
914 752 1154 809 Iudaeam
1186 798 1201 823 ,
1254 767 1308 814 et
1365 769 1555 815 contra
1601 761 1902 820 Jerusalem
1945 784 1959 821 :

391 836 585 892 deinde
613 850 866 895 cunctam
889 841 1200 901 Judaeorum
1226 849 1499 907 nationem
1528 856 1823 926 redarguit,
1851 858 1963 927 pri—

390 944 538 982 mum
587 930 701 987 haec
741 933 971 990 dicens:
1007 954 1026 987 ι
1064 938 1299 1009 Agnovit
1336 942 1436 997 bos
1480 960 1877 1015 possessorem,
1908 958 1962 1005 et

390 1020 579 1077 asinus
627 1040 865 1095 praesepe
900 1027 1111 1083 Domini
1154 1032 1274 1097 sui;
1305 1032 1473 1090 Israel
1524 1049 1704 1093 autem
1737 1057 1823 1097 me
1850 1058 1958 1098 non

390 1114 631 1182 agnovit,
667 1124 720 1169 et
749 1120 982 1187 populus
1008 1136 1116 1175 non
1148 1122 1416 1181 intellexit
1450 1130 1514 1181 ι’.
1556 1148 1575 1181 ›
1611 1130 1813 1188 Deinde
1844 1137 1962 1190 uni-

387 1218 601 1258 versam
659 1218 872 1277 gentem
926 1209 1239 1281 deplorans,
1283 1216 1528 1290 adjungit
1564 1240 1577 1275 :
1627 1240 1648 1274 ι
1687 1222 1778 1279 Vae
1811 1228 1957 1296 genti

384 1298 700 1364 peccatrici,
761 1301 958 1369 populo
1016 1304 1174 1373 pleno
1222 1310 1721 1377 peccatis,semini
1768 1333 1955 1386 pravo,

386 1384 513 1442 filiis
544 1388 745 1459 iniquis
770 1392 835 1446 ²⁶.
874 1413 892 1444 ι
928 1392 1091 1450 Hisce
1112 1398 1267 1453 initio
1296 1402 1477 1469 operis
1500 1405 1588 1459 ubi
1620 1415 1811 1462 contra
1837 1410 1958 1467 illos

383 1492 519 1533 usus
548 1488 632 1534 est
674 1482 1169 1554 objurgationihus,
1197 1499 1252 1544 et
1281 1496 1566 1562 proposuit
1598 1511 1797 1556 causas
1836 1502 1956 1570 ejus

379 1571 644 1638 vaticinii,
666 1576 809 1644 quod
829 1587 1018 1633 contra
1036 1580 1157 1637 illos
1182 1582 1404 1649 feratur,
1425 1593 1538 1641 tum
1565 1589 1777 1646 initium
1806 1594 1953 1660 facit,

381 1659 568 1717 dicens
601 1705 613 1717 .
642 1684 661 1716 ι
696 1664 861 1723 Terra
886 1679 1067 1726 vestra
1088 1672 1322 1742 deserta,
1350 1696 1369 1729 ›
1388 1695 1507 1749 quae
1535 1687 1715 1737 tamen
1739 1684 1955 1742 deserta

2065 496 2164 566 τῆς
2191 497 2396 560 οἰκείας
2426 497 2630 567 βίϐλου,
2664 499 2763 571 τὴν
2790 502 2969 556 πᾶσαν
3000 505 3099 575 τῆς
3130 512 3464 580 προφητείας
3504 515 3648 569 ὑπό-

2066 586 2231 650 θεσιν,
2267 587 2406 641 κατά
2432 590 2530 659 τῆς
2565 591 2825 656 Ἰουδαίας
2853 594 2946 647 καὶ
2974 595 3113 650 κατά
3144 599 3245 669 τῆς
3288 602 3646 678 Ἰερουσαλὴμ

2063 677 2252 748 ὅρασιν
2297 680 2390 731 καὶ
2433 679 2665 750 θεωρίαν
2712 683 2984 754 περιέχειν
3027 685 3294 741 διδάσκει·
3350 691 3537 746 ἔπειτα

2064 769 2170 821 πᾶν
2218 767 2483 823 Ἰουδαίων
2527 771 2678 835 ἔθνος
2718 773 3029 845 ἀπελέγχει,
3075 778 3266 849 πρῶτα
3314 782 3412 851 μὲν
3442 784 3639 854 λέγων

2069 876 2087 909 ι
2116 859 2297 927 Ἔγνω
2327 859 2453 930 βοῦς
2495 862 2586 915 τὸν
2617 864 2976 934 κτησάμενον,
3024 871 3118 922 καὶ
3145 870 3264 935 ὄνος
3300 873 3399 945 τὴν
3430 878 3641 948 φάτνην

2060 950 2153 1003 τοῦ
2200 953 2389 1023 κυρίου
2436 954 2620 1007 αὑτοῦ·
2659 957 2873 1029 Ἰσραὴλ
2903 959 2958 1012 δέ
3008 977 3077 1029 με
3125 964 3225 1016 οὐκ
3274 964 3432 1033 ἔγνω,
3472 971 3564 1021 καὶ
3606 973 3640 1025 ὀ

2060 1039 2187 1106 λαός
2218 1061 2286 1114 με
2325 1044 2385 1097 οὐ
2414 1045 2695 1114 συνῆκεν.»
2727 1045 2859 1101 Εἶτα
2884 1050 2944 1102 τὸ
2983 1054 3089 1104 πᾶν
3130 1052 3279 1118 ἔθνος
3308 1057 3638 1125 ταλανίζων,

2061 1132 2361 1203 ἐπιφέρει·ι
2383 1136 2518 1189 Οὐαὶ
2535 1136 2686 1202 ἔθνος
2708 1139 3045 1210 ἁμαρτωλὸν,
3068 1143 3194 1207 λαὸς
3218 1145 3427 1218 πλήρης
3454 1151 3641 1223 ἁμαρ-

2060 1218 2212 1283 τιῶν,
2264 1221 2481 1291 σπέρμα
2533 1224 2786 1295 πονηρὸν,
2836 1227 2942 1279 υἱοὶ
2987 1228 3197 1299 ἄνομοι.
3234 1250 3253 1282 ι
3304 1218 3525 1297 Τούτοις
3571 1218 3637 1289 ἐν

2057 1309 2199 1382 ἀρχῇ
2232 1311 2331 1380 τῆς
2377 1312 2557 1382 βίϐλου
2594 1316 2712 1367 κατ’
2742 1316 2918 1370 αὐτῶν
2961 1320 3303 1391 χρησάμενος
3342 1327 3454 1388 τοῖς
3484 1326 3639 1396 ἐλέγ-

2057 1419 2193 1472 χοις,
2241 1407 2334 1457 καὶ
2372 1405 2690 1477 προδιδάξας
2732 1408 2831 1473 τὰς
2858 1412 3035 1476 αἰτίας
3058 1414 3157 1484 τῆς
3180 1415 3475 1490 μελλούσης
3504 1423 3634 1475 ἐπι-

2058 1492 2319 1564 φέρεσθαι
2357 1497 2477 1550 κατ’
2524 1500 2700 1554 αὐτῶν
2743 1506 3119 1575 προρρήσεως,
3164 1509 3289 1578 ἑξῆς
3320 1513 3633 1584 ἀπάρχεται

2057 1583 2300 1652 φάσκων·
2333 1606 2351 1638 ι
2394 1588 2459 1641 Ἡ
2496 1590 2568 1660 γῆ
2600 1591 2750 1661 ὑμῶν
2792 1593 3016 1666 ἔρημος,
3048 1615 3069 1647 ι
3108 1599 3182 1669 μὴ
3221 1599 3384 1673 οὔσης
3415 1583 3633 1676 ὲρήμου

2057 1675 2178 1729 καθ’
2201 1677 2294 1743 οὓς
2322 1682 2656 1752 προεφήτευε
2690 1684 2935 1755 χρόνους·
2974 1708 2991 1739 ι
3015 1690 3070 1741 αἰ
3102 1691 3283 1756 πόλεις
3305 1694 3456 1764 ὑμῶν
3472 1675 3636 1768 πυρίο

376 1768 487 1808 non
518 1764 656 1821 erat,
686 1772 751 1812 eo
782 1760 899 1829 ipso
951 1779 1057 1833 quo
1084 1767 1421 1836 pr0phetiam
1462 1772 1657 1829 edebat
1688 1783 1938 1848 tempore.

2055 1785 2298 1823 καυστοι·
2332 1790 2351 1822 ›
2394 1773 2527 1842 μηδέ
2552 1774 2739 1828 τούτου
2771 1793 2859 1830 πω
2903 1782 3290 1852 γεγενημένου.
3340 1760 3475 1839 ξΑλλ¹
3505 1760 3631 1842 οῦδὲ

383 1861 403 1894 ι
442 1844 705 1903 Civitates
745 1862 939 1908 vestrae
981 1870 1261 1914 succensa;
1286 1859 1433 1929 igni:
1466 1881 1485 1915 ι
1515 1875 1847 1924 cumtamen
1880 1886 1951 1927 ne

379 1935 483 1990 hoc
515 1938 731 2007 quidem
765 1943 946 1999 adhuc
981 1945 1184 2003 factum
1215 1960 1383 2009 esset.
1422 1954 1528 2009 Sed
1559 1974 1735 2027 neque
1771 1963 1950 2033 regio-

375 2041 502 2081 nem
552 2031 793 2098 ipsorum
825 2040 954 2090 tunc
992 2039 1152 2094 alieni
1188 2042 1540 2114 devorabam,
1575 2050 1689 2129 64
1713 2069 1835 2108 eum
1866 2064 1949 2110 ta-

379 2129 505 2170 men
548 2118 640 2174 ille
672 2122 751 2177 sic
796 2124 962 2190 dicat,
1003 2147 1022 2179 ι
1075 2132 1351 2202 regionem
1398 2118 1680 2206 vestram:
1711 2144 1766 2199 in
1815 2162 1949 2202 con-

376 2219 565 2279 spectu
597 2222 776 2270 vestro
807 2218 967 2273 alieni
999 2220 1289 2289 devorant,
1324 2246 1343 2279 ι
1380 2236 1434 2283 et
1466 2246 1587 2301 quae
1614 2246 1942 2305 sequuntur.

377 2301 447 2358 At
474 2306 617 2360 enim
647 2309 691 2363 si
723 2309 790 2364 ad
819 2310 1116 2370 Salvatoris
1144 2319 1317 2371 nostri
1344 2317 1472 2375 Jesu
1502 2301 1707 2381 Christi
1741 2328 1946 2385 adven-

375 2402 490 2449 tum
532 2402 838 2466 transieris,
876 2412 930 2459 et
965 2407 1031 2460 ad
1059 2422 1120 2461 ea
1145 2426 1264 2478 qua:
1286 2412 1576 2469 subsecuta
1608 2428 1736 2473 sunt
1771 2438 1945 2492 usque

373 2485 427 2539 in
461 2488 604 2543 hunc
625 2490 764 2545 diem
789 2501 1053 2565 tempora,
1081 2495 1239 2553 facile
1266 2500 1538 2559 inveneris
1567 2522 1630 2560 ea
1655 2523 1775 2578 qua:
1800 2512 1945 2567 dicta

372 2587 501 2632 sunt
544 2584 810 2653 completa
841 2601 985 2640 esse.
1019 2586 1154 2643 Nam
1196 2599 1250 2645 et
1279 2592 1387 2646 lilia
1421 2593 1552 2650 Sion
1596 2599 1732 2669 (haec
1761 2611 1941 2657 autem

368 2680 487 2725 erat
516 2671 763 2728 adoralio
791 2693 912 2746 qua;
937 2679 990 2733 in
1026 2688 1209 2735 monte
1237 2684 1638 2754 celebrabatur,
1665 2693 1759 2761 qui
1781 2708 1943 2748 voca-

368 2768 461 2814 tur
516 2760 668 2835 Sion)
712 2782 775 2822 ex
818 2785 926 2839 quo
958 2768 1196 2827 advenit
1249 2772 1408 2832 Jesus
1447 2760 1697 2835 Salvator
1734 2793 1940 2852 noster,

368 2853 557 2907 relicta
586 2863 670 2909 est
710 2866 768 2911 ut
801 2862 1174 2917 umbraculum
1209 2865 1264 2920 in
1314 2869 1490 2933 vinea,
1522 2880 1576 2926 et
1600 2876 1755 2943 quasi
1792 2876 1939 2933 fruc-

366 2952 519 3000 tuum
546 2951 791 3005 custodia
823 2953 875 3007 in
905 2960 1298 3024 cucumerario,
1333 2970 1426 3016 aut
1459 2964 1503 3018 si
1532 2964 1616 3021 his
1643 2968 1937 3041 quidquam

366 3036 597 3104 cogitari
655 3048 835 3108 potest
885 3043 1177 3112 desertius,
1225 3052 1612 3123 regionemque
1662 3036 1934 3127 ipsorum,

2053 1859 2150 1931 τὴν
2181 1860 2361 1933 χώραν
2400 1864 2578 1917 αὐτῶν
2615 1866 2738 1920 τότε
2766 1868 2950 1939 ἢσθιον
3001 1873 3267 1945 ἀλλότριοι
3288 1892 3301 1906 ·
3350 1877 3442 1930 καὶ
3473 1879 3631 1949 ὅμως

2052 1951 2203 2022 φησί·
2258 1972 2275 2004 ι
2302 1953 2411 2025 Τὴν
2457 1953 2638 2027 χώραν
2672 1959 2843 2028 ὑμῶν,
2893 1961 3121 2018 ἐνώπιον
3165 1967 3317 2036 ὑμῶν
3355 1970 3630 2043 ἀλλότριοι

2049 2045 2418 2099 κατεσθίουσιν
2448 2049 2636 2121 αὐτὴν,
2670 2070 2688 2103 ι
2709 2054 2802 2105 καὶ
2822 2053 2891 2106 τὰ
2919 2054 3065 2126 ἑξῆς.
3090 2058 3149 2109 Εἰ
3176 2055 3267 2113 οῦν
3295 2063 3385 2115 ἐπὶ
3410 2062 3509 2134 τὴν
3527 2063 3628 2119 τοῦ

2047 2134 2295 2205 Σωτῆρος
2324 2137 2478 2207 ἡμῶν
2522 2139 2693 2211 Ἰησοῦ
2726 2143 2960 2214 Χριστοῦ
2996 2148 3270 2217 μετέλθοις
3296 2155 3625 2224 παρουσίαν,

2048 2228 2140 2279 καὶ
2178 2229 2303 2291 τοὺς
2329 2230 2387 2295 ἐξ
2416 2231 2623 2286 ἐκείνου
2649 2235 2741 2288 καὶ
2782 2238 2863 2300 είς
2884 2237 3043 2312 δεῦρο
3072 2243 3313 2313 χρόνους,
3349 2248 3526 2302 πάντα
3554 2250 3625 2306 ἂν

2046 2316 2228 2390 εὕροις
2254 2320 2321 2373 τά
2353 2323 2618 2393 εἰρημένα
2646 2327 3012 2400 πληρούμενα.
3046 2334 3120 2387 ’Ἠ
3154 2353 3213 2389 τε
3242 2338 3347 2409 γὰρ
3372 2339 3627 2413 θυγάτηρ

2045 2409 2182 2463 Σιὼν
2228 2410 2386 2484 (αὕτη
2409 2415 2466 2468 δὲ
2500 2413 2623 2489 ἦνή
2658 2420 2750 2472 ἐπὶ
2780 2420 2941 2491 ὅρους
2974 2424 3067 2477 τοῦ
3114 2427 3445 2500 καλουμένου

2043 2504 2431 2580 ἐπιτελουμένη
2474 2509 2759 2585 θρησκεία)
2812 2516 2922 2568 ἀπὸ
2962 2518 3061 2587 τῆς
3102 2519 3273 2589 Ἰησοῦ
3303 2521 3396 2575 τοῦ
3429 2525 3623 2598 Σωτῆ-

2046 2612 2136 2666 ρος
2180 2597 2336 2668 ἡμῶν
2376 2604 2677 2672 παρουσίας
2724 2607 3206 2674 ἐγκαταλέλειπται
3240 2612 3316 2675 ὡς
3350 2614 3522 2687 σκηνὴ
3558 2619 3622 2671 ἐν

2043 2688 2346 2757 ἀμπελῶνι,
2379 2694 2474 2745 καὶ
2501 2693 2576 2757 ὼς
2601 2695 3045 2767 ὁπωροφυλάκιον
3067 2703 3125 2754 ὲν
3156 2718 3313 2775 σικυη
3324 2704 3487 2776 ράτῳ,
3522 2709 3623 2763 καὶ

2039 2778 2094 2831 εἰ
2122 2797 2172 2834 τι
2206 2781 2407 2836 τούτων
2443 2786 2791 2858 ἐρημότερον·
2823 2792 2924 2861 τήν
2957 2808 3016 2845 τε
3044 2792 3225 2864 χώραν
3249 2797 3427 2851 αὐτῶν
3455 2798 3619 2852 ἀλλό-

2037 2885 2178 2941 τριοι
2207 2873 2433 2929 ἐνώπιον
2475 2879 2653 2932 αὐτῶν
2688 2882 3052 2947 κατεσθίουσι,
3091 2888 3212 2940 τοτὲ
3250 2889 3347 2959 μὲν
3375 2890 3620 2962 δασμοὺς

2038 2965 2132 3017 καὶ
2160 2966 2355 3037 φόρους
2375 2971 2569 3034 αὐτοὺς
2586 2975 3058 3044 εἰσπραττόμενοι,
3094 2980 3214 3032 τοτὲ
3240 2981 3295 3033 δὲ
3316 2980 3444 3035 ἴδιον
3481 2985 3617 3038 ἐαυ-

2037 3056 2143 3110 τῶν
2160 3059 2343 3129 κτῆμα
2369 3061 2466 3131 τὴν
2490 3062 2657 3117 πάλαι
2686 3065 2794 3118 τῶν
2822 3067 3084 3122 Ἰουδαῖων
3104 3071 3204 3146 γῆν
3233 3074 3612 3144 πεποιημένοι.

365 3126 526 3181 alieni
574 3144 755 3184 coram
802 3133 934 3202 ipsis
967 3136 1248 3205 devorant,
1282 3157 1429 3197 nunc
1454 3145 1668 3215 quidem
1701 3153 1937 3222 vectiga-

2051 3148 2209 3205 Ἀλλά
2245 3126 2339 3205 καὶ
2386 3126 2446 3205 “ch
2489 3156 2632 3225 ἱερὸν
2673 3157 2735 3210 τὸ
2780 3159 3051 3230 εὐπρεπὲς
3227 3126 3616 3235 μητροπόλεως

367 3215 461 3278 lia,
494 3233 557 3271 ac
604 3222 807 3275 tributa
868 3224 936 3279 ab
985 3227 1092 3282 illis
1121 3230 1422 3301 exigentes,
1458 3252 1603 3292 nunc
1648 3256 1778 3295 vero
1809 3259 1937 3313 pro-

365 3309 544 3379 prium
581 3310 820 3379 ipsormu
852 3318 1136 3383 praedium,
1166 3335 1283 3374 eam
1321 3340 1440 3392 qua:
1468 3329 1595 3381 olim
1622 3327 1934 3389 Iudaeorum

363 3404 500 3460 erat,
526 3405 724 3453 terram
760 3400 1040 3461 facientes.
1079 3408 1183 3462 Sed
1216 3419 1268 3464 et
1306 3416 1562 3484 templum
1596 3419 1727 3476 illud
1760 3424 1934 3478 admi-

364 3488 554 3551 rabile,
584 3494 726 3559 quod
752 3508 868 3549 erat
893 3497 945 3549 in
974 3514 1160 3552 eorum
1192 3508 1498 3575 metropoli,
1526 3509 1580 3563 in
1613 3518 1811 3567 terram
1844 3518 1935 3571 ce-

364 3580 517 3644 cidit,
544 3597 573 3635 a
604 3586 817 3653 populis
850 3590 1040 3644 alienis
1065 3606 1350 3649 eversum:
1382 3606 1436 3652 et
1467 3602 1712 3659 civitates
1743 3622 1931 3664 eorum

365 3670 473 3742 igni
515 3688 793 3732 succensae
835 3687 1003 3735 sunt:
1051 3691 1106 3737 et
1139 3683 1278 3738 facta
1320 3695 1405 3743 est
1462 3689 1762 3749 Jerusalem
1808 3715 1933 3755 vere

362 3763 556 3820 civitas
612 3767 664 3821 in
706 3770 1009 3830 obsidione.
1039 3775 1108 3828 At
1158 3791 1285 3832 vero
1312 3782 1439 3849 quia
1493 3794 1781 3856 postquam
1825 3790 1931 3846 illis

360 3853 477 3910 haec
518 3868 816 3914 evenerunt
867 3872 920 3917 et
964 3867 1167 3925 chorus
1213 3875 1605 3941 apostolorum,
1636 3887 1690 3932 et
1727 3883 1821 3950 qui
1863 3898 1927 3937 ex

361 3945 605 4006 Hebraeis
649 3952 703 4006 in
760 3954 1041 4012 Christum
1089 3965 1459 4033 crediderunt,
1493 3969 1710 4025 fecundi
1755 3976 1930 4029 instar

359 4042 588 4098 seminis
619 4059 684 4098 ex
716 4047 821 4102 illis
854 4049 986 4119 ipsis
1012 4056 1209 4108 servati
1239 4068 1386 4122 sunt,
1424 4069 1476 4114 et
1498 4077 1594 4130 per
1618 4064 1928 4122 universam

357 4138 581 4200 terram,
609 4147 770 4207 atque
796 4140 851 4195 in
873 4159 1032 4200 omne
1052 4163 1223 4216 genus
1257 4151 1531 4206 hominum
1555 4164 1926 4225 penetrantes,

356 4239 572 4281 omnem
604 4231 898 4297 civitatem,
935 4253 998 4292 ac
1046 4240 1244 4304 locum,
1290 4251 1343 4298 et
1396 4249 1668 4316 regionem
1708 4253 1928 4321 proprio

356 4327 519 4388 atque
547 4321 846 4396 Israelitico
872 4333 1079 4388 semine
1102 4334 1480 4403 impleverunt,
1512 4342 1647 4397 adeo
1681 4345 1923 4414 quidem,

356 4416 416 4462 ut
452 4427 518 4465 ex
555 4414 663 4470 illis
703 4422 859 4486 quasi
900 4424 1082 4491 spicae,
1124 4441 1246 4495 quae
1282 4430 1337 4482 in
1368 4434 1589 4488 nomine
1619 4432 1923 4493 Salvatoris

354 4506 527 4558 nostri
560 4507 799 4565 fundatae
832 4524 960 4569 sunt
996 4515 1273 4583 Ecclesia},
1308 4523 1418 4576 sint
1453 4536 1625 4580 enata
1661 4546 1673 4581 :
1725 4530 1920 4584 merito

352 4594 571 4650 divinus
598 4603 883 4672 prOpheta,
920 4607 987 4662 iis
1017 4613 1201 4675 minis,
1235 4615 1434 4681 quibus
1466 4629 1653 4672 contra
1685 4620 1806 4675 illos
1837 4630 1923 4677 est

351 4701 508 4751 usus,
538 4691 781 4764 adjungit
812 4715 825 4750 :
860 4715 877 4747 ι
906 4696 1021 4753 Nisi
1048 4699 1307 4760 Dominus
1339 4704 1578 4763 Sabaoth
1612 4711 1923 4781 reliquisset

350 4781 510 4836 nobis
537 4798 741 4850 semen,
773 4790 928 4857 quasi
962 4790 1195 4848 Sodoma
1238 4795 1369 4852 facti
1402 4815 1673 4869 essemus,
1698 4812 1751 4858 et
1779 4806 1921 4860 sicut

349 4868 651 4928 Gomorrha
700 4878 905 4936 similes
960 4882 1272 4943 fuissemus.
1338 4909 1356 4942 ›
1391 4890 1546 4956 Quod
1598 4896 1815 4964 quidem
1862 4897 1919 4951 in

349 4964 680 5032 apertiorem
739 4985 958 5026 sensum
1005 4978 1334 5035 conti-aliens
1367 4994 1588 5039 sanctus
1617 4984 1914 5055 Apostolus

348 5049 403 5104 in
443 5051 685 5123 Epistola
722 5061 787 5115 ad
815 5059 1091 5122 Romanos
1120 5069 1507 5140 interpretatus
1527 5085 1610 5129 est
1640 5095 1651 5129 :
1692 5094 1710 5127 t
1753 5076 1918 5134 Isaias

346 5151 527 5199 autem
564 5149 763 5203 clamat
788 5152 884 5221 p‘ro
906 5152 1090 5223 Israel,
1121 5160 1165 5214 si
1208 5160 1370 5215 fuerit
1393 5180 1652 5223 numerus
1685 5168 1917 5225 filiorum

348 5232 507 5291 Israel
541 5240 684 5295 sicut
715 5260 879 5299 arena
916 5251 1103 5312 maris,
1141 5253 1362 5323 reliquae
1397 5257 1559 5313 salva:
1596 5260 1742 5314 fient.
1780 5261 1916 5316 Ver-

344 5324 474 5380 bum
502 5328 647 5382 enim
689 5332 975 5401 perficiens
1006 5345 1059 5391 et
1088 5345 1417 5401 contrahens
1458 5346 1621 5403 faciet
1656 5349 1916 5408 Dominus

344 5415 401 5471 in
453 5427 622 5476 terra.
663 5420 730 5475 Et
760 5425 902 5479 sicut
943 5430 1194 5498 praedixit
1243 5431 1412 5493 Isaias
1448 5457 1460 5492 :
1492 5438 1609 5494 Nisi
1651 5440 1914 5499 Dominus

344 5506 582 5565 Sabaoth
635 5514 943 5585 reliquisset
987 5521 1146 5577 nobis
1195 5541 1402 5594 semen,
1460 5532 1615 5601 quasi
1670 5531 1906 5590 Sodoma

405 5664 462 5732 ,³⁸
489 5665 595 5722 lsa.
633 5685 671 5734 ι,
701 5670 753 5724 5.
831 5673 874 5705 ⁸ο
898 5674 1031 5729 ibid.
1059 5676 1095 5731 ι

2036 3241 2214 3295 αὐτῶν
2245 3244 2587 3314 ἠρειπίωται,
2616 3250 3096 3321 κατεστραμμένον
3136 3252 3241 3305 ὑπὸ
3276 3252 3417 3307 λαῶν
3450 3255 3613 3310 ἀλλο-

2036 3333 2218 3403 τρίων·
2272 3335 2332 3388 αἵ
2378 3352 2438 3388 τε
2489 3336 2670 3400 πόλεις
2715 3339 2894 3392 αὐτῶν
2930 3340 3288 3411 πυρίκαυστοι
3331 3346 3613 3415 γεγόνασι,

2036 3423 2128 3475 καὶ
2180 3424 2372 3492 γέγονε
2430 3425 2781 3497 Ἰερουσαλὴμ
2839 3428 3053 3498 ἀληθῶς
3090 3431 3240 3494 πόλις
3288 3433 3613 3505 πολιορκου-

2037 3514 2190 3585 μένη.
2220 3514 2355 3568 Ἀλλ’
2387 3516 2530 3582 ἐπεὶ,
2563 3517 2766 3570 τούτων
2782 3520 2907 3589 περὶ
2936 3520 3131 3585 αὐτοὺς
3162 3523 3609 3595 συμϐεϐηκότων,

2033 3605 2062 3656 6
2099 3606 2203 3658 τῶν
2235 3607 2542 3661 ἀποστόλων
2596 3609 2773 3680 χορὸς,
2813 3610 2866 3663 οἴ
2902 3627 2961 3662 τε
2995 3610 3052 3676 ἐξ
3097 3613 3360 3683 Ἐϐραίων
3396 3617 3477 3678 εἰς
3514 3617 3612 3672 τὸν

2032 3695 2265 3766 Χριστὸν
2311 3699 2732 3760 πεπιστευκότες
2765 3698 2986 3769 γονίμου
3016 3699 3169 3769 δίκην
3201 3701 3514 3773 σπέρματος
3546 3704 3607 3771 ἐξ

2032 3786 2212 3840 αὐτῶν
2266 3787 2488 3841 ἐκείνων
2542 3789 2997 3860 διεφυλάχθησαν,
3060 3792 3183 3845 καθ’
3226 3794 3356 3865 ὅλης
3396 3811 3456 3849 τε
3503 3797 3610 3867 τῆς

2030 3878 2354 3949 οἰκουμένης
2386 3880 2480 3932 καὶ
2511 3881 2591 3943 εἰς
2624 3883 2730 3934 πᾶν
2773 3880 2928 3951 γένος
2961 3881 3263 3954 ἀνθρώπων
3286 3884 3606 3952 διελθόντες,

2031 3969 2209 4021 πᾶσαν
2255 3968 2408 4021 πόλιν
2454 3969 2548 4021 καὶ
2581 3971 2743 4024 τόπον
2782 3971 2875 4023 καὶ
2914 3970 3097 4041 χώραν
3127 3970 3221 4025 τοῦ
3266 3974 3464 4026 οἰκείου
3510 3973 3607 4027 καὶ

2043 4059 2429 4129 Ἰσραηλιτικοῦ
2481 4061 2683 4132 σπόρου
2738 4061 3105 4132 κατέπλησαν,
3140 4062 3279 4115 ὥστε
3321 4063 3380 4129 ἐξ
3423 4064 3608 4119 αὐτῶν

2032 4149 2229 4217 στάχυς
2255 4148 2353 4211 τὰς
2382 4150 2468 4201 ἐπ’
2496 4149 2756 4220 ὀνόματος
2784 4149 2874 4202 τοῦ
2906 4151 3156 4222 Σωτῆρος
3185 4151 3339 4221 ἡμῶν
3366 4152 3606 4206 ὑποστά-

2030 4252 2126 4300 σας
2184 4237 2508 4308 Ἑκκλησίας
2555 4239 2734 4307 φῦναι·
2784 4239 3006 4303 εἰκότως
3050 4242 3078 4292 6
3130 4239 3268 4305 θεῖος
3315 4243 3606 4313 προφήτης

2027 4327 2265 4396 ἐπιλέγει
2289 4332 2406 4393 ταῖς
2433 4330 2964 4402 προαποφανθεὶσαις
2988 4332 3104 4384 κατ’
3127 4330 3305 4385 αὐτῶν
3329 4332 3601 4397 ἀπειλαῖς·

2033 4440 2050 4470 ι
2080 4421 2142 4472 Εἰ
2173 4420 2245 4490 μὴ
2280 4421 2481 4492 Κύριος
2515 4421 2742 4475 Σαϐαὼθ
2788 4423 3147 4491 ἐγκατέλιπεν
3187 4426 3320 4495 ἡμῖν
3354 4425 3603 4497 σπέρμα,

2026 4511 2102 4574 ὡς
2169 4512 2376 4582 Σόδομα
2432 4512 2498 4567 ἂν
2542 4514 2912 4586 ἐγενήθημεν,
2959 4517 3051 4569 καὶ
3096 4516 3172 4579 ὼς
3237 4517 3276 4569 Γ
3278 4517 3488 4588 όμορῤα
3535 4516 3606 4572 ἂν

2027 4601 2407 4674 ὡμοιώθημεν.
2458 4624 2477 4656 ι
2520 4605 2693 4678 Ὅπερ
2730 4606 3045 4676 συναγαγὼν
3079 4609 3170 4661 ἐπὶ
3201 4608 3260 4662 τὸ
3306 4609 3474 4677 σαφὲς
3507 4611 3605 4681 ἐρ-

2031 4694 2253 4765 μηνεύει
2272 4697 2329 4747 ἐν
2359 4699 2423 4767 τῇ
2455 4697 2589 4769 πρὸς
2615 4699 2917 4768 Ῥωμαίους
2942 4699 3222 4771 Ἐπιστολῇ
3248 4701 3276 4752 6
3306 4699 3447 4770 ἰερὸς
3466 4700 3608 4753 ἁπό-

2030 4780 2229 4845 στολος·
2271 4800 2289 4833 ι
2325 4783 2549 4846 Ἡσαΐας
2578 4784 2637 4837 δὲ
2668 4785 2967 4857 κραυγάζει
3024 4787 3163 4858 ὑπὲρ
3218 4787 3311 4841 τοῦ
3357 4788 3600 4858 Ἰσραήλ·

2040 4872 2165 4926 Ἐὰν
2290 4876 2318 4926 ὁ
2365 4875 2596 4947 ἀριθμὸς
2652 4876 2760 4930 τῶν
2786 4878 2916 4932 υἰών
2973 4878 3188 4951 Ἰσραὴλ
3235 4881 3311 4943 ὼς
3345 4882 3377 4950 ἠ
3414 4881 3605 4951 ἄμμος

2021 4964 2120 5034 τῆς
2153 4965 2450 5035 θαλάσσης,
2483 4966 2885 5039 τὸιὺπόλειμμα
2930 4969 3250 5040 σωθήσεται.
3284 4971 3452 5037 Λόγον
3486 4971 3602 5044 γὰρ

2024 5056 2289 5110 συντελῶν
2340 5059 2434 5110 καὶ
2487 5062 2794 5129 συντέμνων
2820 5061 3057 5129 ’ποιήσει
3095 5060 3297 5132 Κύριος
3350 5063 3441 5114 ἐπὶ
3495 5063 3601 5133 τῆς

2022 5149 2143 5219 γῆς.
2182 5152 2290 5203 Καὶ
2333 5149 2516 5214 καθὼς
2564 5152 2890 5223 προείρηκεν
2937 5153 3201 5216 Ἡσαΐας·
3245 5154 3308 5206 Εἰ
3362 5153 3436 5223 μὴ
3478 5155 3600 5207 Ra;

2026 5258 2139 5310 ριος
2176 5241 2398 5294 Σαϐαὼθ
2441 5242 2793 5312 ἐγκατέλιπεν
2832 5247 2964 5315 ἡμῖν
3012 5244 3252 5315 σπέρμα,
3285 5245 3360 5309 ὼς
3384 5244 3600 5317 Σόδομα

2022 5331 2086 5384 ἂν
2113 5332 2464 5403 ἐγενήθημεν,
2491 5336 2583 5387 καὶ
2602 5334 2677 5398 ὡς
2693 5336 2732 5386 Γ
2732 5336 2944 5407 όμορῤα
2962 5335 3027 5388 ἂν
3049 5336 3302 5408 ὡμοιώθη
3311 5355 3428 5407 μεν.
3456 5358 3475 5390 ι
3498 5335 3600 5404 Οἷς

2020 5418 2176 5488 αὖθις
2210 5426 2548 5497 προστίθησι,
2572 5426 2763 5493 λέγων·
2801 5446 2819 5477 ι
2847 5426 2936 5497 Μὴ
2960 5426 3217 5480 ἀπώσατο
3257 5429 3285 5481 ὁ
3328 5428 3460 5492 Θεὸς
3502 5430 3601 5483 τὸν

2012 5515 2140 5571 λαὸν
2198 5516 2396 5583 etiam};
2459 5516 2535 5588 μὴ
2577 5518 2816 5587 γένοιτοί
2878 5519 2989 5574 Καὶ
3038 5519 3147 5593 γὰρ
3206 5518 3320 5589 ἐγὼ
3381 5520 3600 5593 Ἰσραη-
