3828 6216
1099 428 1753 487 DEMONSTBATIONIS
1788 420 2271 489 EVANGEUCIE.
2310 433 2420 488 LIB
2456 433 2523 489 ιι.

3362 441 3463 498 150

184 547 342 618 λξτης
379 548 496 620 εἰμὶ
534 547 600 601 ὲκ
630 537 945 620 σπέρματος
986 546 1238 619 Ἀδραάμ
1289 548 1462 618 φυλῆς
1505 548 1772 619 Βενιαμίν.

1887 548 2016 604 facti
2056 565 2327 614 essemus,
2376 561 2430 605 et
2460 552 2604 608 sicut
2657 551 2958 608 Gomorrba
3011 554 3220 610 similes
3265 555 3465 613 fuisse-

184 643 303 696 οὐκ
349 640 609 695 ἀπώσατο
649 643 679 694 ὀ
716 640 847 704 Θεὸς
882 640 972 694 τὸν
1001 639 1129 693 λαὸν
1164 640 1352 703 αὑτοῦ,
1399 641 1458 694 ὃν
1501 641 1771 713 προέγνωο

186 735 223 805 ἢ
280 736 385 789 οὐκ
455 732 636 787 οἴδατε
683 735 743 785 ὲν
796 730 951 803 Ἠλίᾳ
1021 731 1073 784 τί
1127 731 1278 801 λέγει
1411 732 1638 804 Γραφὴ,
1699 732 1775 797 ὡς

190 825 508 897 ἐντυγχάνει
582 823 660 895 τῷ
724 821 844 893 Θεῴ
901 821 1043 876 κατὰ
1103 820 1196 875 τοῦ
1269 822 1515 894 Ἰσραήλ;
1580 825 1773 897 Κύριε,

189 920 318 982 τοὺς
374 919 653 989 προφήτας
718 932 810 969 σου
868 914 1228 976 ἀπέκτειναν,
1284 913 1352 967 τὰ
1416 914 1779 989 θυσιαστήριά

193 1027 288 1063 σου
355 1007 734 1077 κατέσταεαιιιαν⁸
808 1004 962 1075 κάγὼ
1030 1005 1364 1076 ὑπελείφθην
1437 1006 1614 1076 μόνος,
1685 1008 1779 1060 καὶ

191 1102 418 1174 ζητοῦσί
455 1119 553 1173 μου
583 1102 682 1172 τὴν
723 1098 920 1169 ψυχὴν,
952 1097 1045 1151 τοῦ
1074 1098 1256 1150 λαϐεῖν
1289 1098 1476 1169 αὑτήν.
1517 1093 1675 1151 Ἀλλά
1724 1100 1778 1153 τί

189 1195 342 1264 λέγει
372 1179 520 1265 αὐτῷ
538 1196 567 1247 ό
595 1189 1008 1263 χρηματισμός;
1034 1190 1346 1243 Κατέλιπον
1366 1190 1593 1261 ἐμαυτῷ
1615 1191 1780 1243 ἐπτα-

191 1286 492 1358 κισχιλίους
545 1284 765 1356 ἄνδρας,
816 1283 1012 1345 οἵτινες
1067 1283 1169 1335 οὑκ
1219 1282 1472 1355 ἔκαμψαν
1526 1283 1655 1352 γόνυ
1712 1285 1777 1353 τῇ

192 1379 361 1434 Βάαλ.
397 1378 584 1441 οὕτως
635 1374 728 1431 οὑν
776 1376 871 1431 καὶ
906 1376 965 1430 ὲν
989 1375 1067 1446 τῷ
1102 1375 1197 1429 νῦν
1218 1376 1394 1450 καιρῷ
1426 1376 1631 1448 λεῖμμα
1660 1376 1779 1430 κατ’

190 1472 425 1542 ἐκλογὴν
446 1470 667 1542 χάριτος
691 1469 934 1539 γέγονεν.
973 1486 992 1519 ι
1029 1469 1151 1521 Ὀτι
1179 1467 1222 1521 δ’
1253 1470 1353 1523 οὑκ
1378 1471 1458 1533 εῑς
1486 1469 1642 1523 ἄλλον
1666 1486 1782 1522 και-

193 1565 310 1637 ρὺν,
350 1564 465 1618 ἀλλ’
487 1565 568 1626 εἰς
599 1563 691 1616 τὸν
722 1562 822 1632 τῆς
861 1559 1181 1629 ἐπιφανείας
1208 1560 1302 1614 τοῦ
1334 1561 1586 1633 Σωτῆρος
1622 1559 1781 1630 ήμῶν

201 1655 380 1727 Ἰησοῦ
403 1654 641 1729 Χριστοῦ
672 1652 932 1708 συντείνει
952 1655 987 1724 ή
1017 1653 1344 1723 προφητεία,
1387 1653 1513 1723 ἑξῆς
1548 1655 1577 1707 ό
1604 1652 1779 1721 λόγος,

191 1748 335 1820 μετά
359 1748 424 1801 τὸ
456 1747 621 1816 φάναι
640 1780 656 1812 ,
698 1765 717 1798 ι
750 1749 816 1802 Ei
845 1750 919 1821 μὴ
948 1749 1154 1821 Κύριος
1178 1743 1404 1799 Σαϐαὼθ
1428 1744 1783 1815 ἐγκατέλιπεν

187 1841 324 1911 ἡμῖν
347 1839 593 1911 σπέρμα,
630 1839 705 1904 ὡς
733 1841 943 1913 Σόδομα
976 1840 1042 1895 ἂν
1066 1837 1428 1910 ἐγενήθημεν,
1454 1836 1547 1890 καὶ
1574 1836 1649 1899 ὡς
1684 1835 1781 1888 Γό-

1876 658 2001 697 mus
2034 645 2100 697 “.
2148 663 2166 695 ι
2213 642 2425 710 Quibus
2478 660 2672 699 rursus
2729 645 2845 701 haec
2883 647 3180 719 adjungit:
3225 666 3244 700 ι
3286 647 3459 703 Num-

1884 733 2036 802 quid,
2091 735 2288 805 inquit,
2337 738 2538 807 repulit
2590 735 2735 793 Deus
2762 739 3021 809 populum
3062 741 3457 797 suumiAbsit.

1880 824 2012 879 Nam
2053 833 2106 880 et
2159 843 2259 896 ego
2313 827 2557 882 Israelita
2608 845 2729 883 sum
2789 846 2855 883 ex
2899 831 3107 885 semine
3159 830 3456 897 Abraham,

1878 919 2021 973 tribu
2036 918 2459 989 Benjamin.Non
2484 922 2679 992 repulit
2695 920 2835 978 Deus
2848 925 3102 994 populum
3122 941 3279 980 suum
3298 941 3459 995 quem

1879 1011 2153 1081 priescivit
2173 1029 2185 1064 :
2205 1026 2272 1064 an
2289 1026 2394 1066 non
2427 1015 2600 1069 nostis
2624 1013 2678 1067 in
2702 1013 2813 1067 Elia
2833 1016 2960 1085 quid
2982 1015 3127 1070 dicat
3146 1016 3461 1087 Scriptura?

1878 1103 2340 1171 quemadmodum
2366 1104 2654 1160 intercedit
2684 1107 2825 1176 apud
2857 1106 3025 1161 Deum
3047 1118 3236 1162 contra
3257 1108 3463 1165 Israel?

1878 1191 1987 1263 65
2023 1191 2271 1258 Domine,
2326 1197 2622 1265 prophetas
2691 1205 2815 1253 tuos
2863 1200 3204 1265 occiderunt,
3265 1202 3460 1257 altaria

1881 1290 1974 1336 tua
2010 1282 2373 1350 suifoderunt,
2407 1295 2461 1340 et
2489 1302 2590 1357 ego
2611 1288 2834 1345 relictus
2866 1306 2986 1344 sum
3016 1292 3188 1354 solus,
3227 1300 3282 1346 et
3310 1307 3461 1362 qna:-

1880 1385 2010 1432 runt
2049 1381 2284 1433 animam
2304 1397 2480 1437 meam
2515 1390 2572 1436 ut
2601 1383 3301 1440 auferanteamﬁzeterum
3326 1384 3458 1456 quid

1881 1469 2016 1524 dicit
2046 1471 2095 1527 ei
2120 1487 2448 1544 responsum
2484 1475 2776 1531 divinum?
2812 1474 3009 1547 reliqui
3067 1476 3200 1530 mihi
3250 1485 3455 1546 septem

1884 1565 2054 1618 millia
2091 1566 2360 1633 virorum,
2390 1569 2483 1637 qui
2546 1585 2654 1624 non
2714 1575 3080 1623 curvaverunt
3141 1584 3282 1639 genu
3332 1579 3461 1625 ante

1883 1654 2033 1712 Baal.
2087 1657 2180 1713 Sic
2206 1674 2338 1729 ergo
2371 1668 2425 1715 et
2454 1661 2507 1716 in
2557 1662 2660 1716 hoc
2707 1669 2952 1732 tempore
2982 1702 2999 1729 ,
3062 1662 3307 1731 reliquiae
3366 1678 3457 1717 se-

1884 1748 2125 1803 cundum
2155 1748 2477 1805 electionem
2513 1752 2703 1821 gratiae
2733 1750 2889 1806 facta:
2910 1758 3038 1807 sunt
3066 1753 3134 1805 ".
3174 1773 3193 1804 ι
3229 1749 3305 1805 Ne
3328 1764 3461 1805 vero

1884 1839 1939 1893 in
1971 1838 2121 1894 aliud
2161 1846 2376 1911 tempus
2414 1841 2755 1912 prophetiam
2784 1849 3035 1898 eventum
3070 1856 3228 1897 suum
3255 1842 3460 1913 dirige-

189 1908 371 2005 ιὲρρρα
394 1908 730 2005 ἃννῶμοιὼθη
740 1908 906 2004 μεν.-)
926 1932 1017 1986 τὸν
1038 1908 1225 1987 πάντα-
1236 1929 1345 1983 τῶν
1359 1927 1626 1983 Ἰουδαίων
1651 1926 1772 1981 λαὸν

1882 1944 1941 1983 re
1970 1930 2293 1999 suspiceris,
2325 1946 2489 2001 quam
2516 1932 2571 1986 in
2599 1931 2890 1986 adventum
2924 1930 3227 1987 Salvatoris
3283 1931 3457 1988 nostri

186 2023 475 2096 Γομόρρας
507 2025 800 2095 ὀνομάσας,
833 2027 958 2089 τοὺς
996 2026 1053 2079 δὲ
1100 2025 1432 2098 ἡγουμένους
1467 2020 1645 2075 αὑτῶν
1674 2020 1775 2092 ἀρ-

184 2133 383 2187 χοντας
445 2116 725 2187 Σοδόμων,
792 2117 1038 2189 ἐπιφέρει
1108 2116 1436 2188 παραίτησιν
1489 2114 1587 2184 τῆς
1636 2113 1778 2167 κατά

184 2207 392 2261 lanata
436 2207 755 2279 θρησκείας,
789 2211 883 2263 καὶ
926 2211 1025 2281 τῆς
1063 2209 1149 2263 διὰ
1198 2208 1291 2262 τοῦ
1331 2207 1584 2278 Σωτῆρος
1621 2205 1777 2277 ἡμῶν

182 2298 354 2357 πᾶσιν
382 2298 691 2371 ἀνθρώποις
730 2300 1179 2373 κατηγγελμένης
1208 2299 1483 2371 Διαθήκης
1520 2297 1611 2352 τὺν
1647 2298 1777 2370 τρό-

184 2407 310 2453 πον,
335 2392 483 2459 λέγω
520 2392 576 2445 δὲ
617 2391 709 2445 τδν
738 2392 825 2446 διὰ
860 2392 1086 2464 λουτροῦ
1139 2391 1575 2460 παλιγγενεσίας,
1618 2390 1775 2458 λόγον

180 2498 243 2535 τε
269 2482 535 2556 ἄντικρυς
561 2483 680 2536 νέον
711 2484 805 2537 κα)⁸
829 2484 994 2555 νόμον
1026 2484 1277 2554 εἰσῆκται
1307 2484 1364 2537 ὲν
1399 2486 1465 2551 τῆ
1501 2483 1631 2554 περὶ
1666 2481 1773 2535 τῶν

180 2573 444 2627 τοιούτων
464 2578 789 2648 προρρήσει.
816 2576 978 2644 Λέγει
996 2575 1053 2629 δὲ
1072 2573 1165 2631 οὖν
1191 2593 1203 2606 ο
1237 2595 1254 2627 ι
1294 2575 1591 2629 Ἀκούσατε
1616 2574 1773 2642 λόγον

181 2667 421 2739 Κυρίου,
465 2669 723 2739 ἄρχοντες
763 2669 1032 2739 Σοδόμων,
1083 2669 1378 2742 προσέχετε
1410 2669 1573 2739 νόμον
1610 2666 1771 2732 Θεοῦ,

184 2758 316 2824 λαὸς
339 2760 647 2833 Γομόρρας,
704 2761 757 2815 τί
798 2780 887 2833 μοι
923 2761 1124 2832 πλῆθος
1157 2761 1264 2815 τῶν
1297 2761 1498 2815 θυσιῶν
1525 2758 1711 2831 ὑμῶν;
1749 2778 1768 2810 ι

182 2852 281 2905 καὶ
328 2852 400 2904 τὰ
444 2851 603 2923 ἑξῆς·
661 2853 803 2926 ἅπερ
852 2855 1025 2909 οἰκεῖα
1073 2855 1202 2909 ὄντα
1244 2855 1344 2926 τῆς
1385 2853 1526 2908 κατά
1572 2853 1775 2906 Μωσέα

182 2943 512 3015 νομοθεσίας
543 2943 768 3009 ἀνελὼν,
801 2945 1108 3016 ἀντεισάγει
1153 2945 1400 3015 ἀφέσεως
1445 2943 1775 3015 ἁμαρτημά-

181 3048 292 3087 των
325 3032 515 3104 ἕτερον
561 3034 783 3105 τρόπον,
813 3035 904 3089 τὸν
937 3035 1025 3090 διὰ
1070 3035 1164 3089 τοῦ
1217 3033 1485 3105 σωτηρίου
1527 3033 1771 3106 λουτροῦ,

183 3124 283 3178 καὶ
315 3124 413 3178 τοῦ
439 3127 537 3177 σὺν
564 3126 739 3198 τούτῳ
768 3129 1171 3199 κηρυττομένου
1204 3127 1340 3199 βίου,
1374 3127 1579 3196 λέγων·
1607 3125 1774 3180 «Λού-

183 3216 377 3281 σασθε,
418 3216 649 3290 καθαροὶ
680 3219 923 3287 γένεσθε,
970 3220 1197 3289 ἀφέλετε
1238 3218 1336 3282 τὰς
1370 3218 1633 3290 πονηρίας
1665 3218 1773 3270 ἀπὸ
1804 3245 1844 3301 C

180 3308 295 3363 τῶν
325 3309 515 3381 ψυχῶν
542 3311 695 3382 ὑμῶν
716 3354 730 3375 ,
764 3332 781 3363 ι
806 3312 901 3366 καὶ
928 3312 997 3365 τὰ
1031 3312 1176 3383 ἑξῆς.
1210 3312 1509 3383 Ἀρχοντας
1532 3309 1588 3362 δὲ
1621 3307 1777 3361 Σοδό-

183 3417 305 3471 μων
341 3404 438 3455 καὶ
464 3402 591 3456 λαὸν
611 3404 906 3475 Γομόρρων
935 3403 1002 3457 δι’
1027 3405 1094 3476 ἢν
1120 3404 1297 3457 αἰτίαν
1336 3404 1532 3466 αὐτοὺς
1561 3401 1775 3471 ὠνόμα-

180 3508 299 3557 σεν,
346 3493 510 3556 αὑτὸς
537 3493 853 3564 παρέστησε
899 3496 1240 3566 παραχρῆμα
1270 3494 1475 3548 εἰπών·
1513 3513 1531 3544 ι
1565 3494 1629 3545 Αἱ
1664 3492 1772 3563 γὰρ

178 3587 366 3656 χεῖρες
397 3584 555 3655 ὑμῶν
585 3585 813 3657 πλήρεις
830 3586 1078 3654 αἵματος,
1106 3606 1125 3637 ι
1161 3586 1270 3639 Καὶ
1300 3582 1457 3649 αὖθις
1488 3585 1544 3638 δὲ
1564 3583 1772 3646 ὑποϐὰς

176 3675 332 3744 λέγει
351 3693 365 3706 ·
394 3695 414 3728 ι
449 3675 558 3747 Τὴν
580 3678 812 3747 ἀνομίαν
841 3677 1017 3730 αὑτῶν
1040 3677 1117 3741 ὡς
1140 3677 1384 3748 Σοδόμων
1414 3675 1765 3747 ἀνήγγειλαν,

179 3765 276 3818 καὶ
300 3764 645 3833 ἐνεφάνισαν.
670 3766 808 3819 Οὐαὶ
836 3769 903 3837 τῇ
932 3766 1075 3837 ψυχῇ
1112 3766 1288 3821 αὑτῶν
1312 3783 1325 3796 '
1356 3767 1488 3820 διότι
1521 3765 1768 3820 ἐϐουλεύ-

179 3871 348 3909 σαντο
397 3856 591 3927 βουλὴν
634 3857 879 3929 πονηρὰν
925 3859 1046 3912 καθ’
1089 3860 1317 3923 ἑαυτῶν,
1369 3860 1634 3924 εἰπόντες,
1685 3860 1767 3914 ὅτι

178 3949 430 4019 Δήσομεν
468 3949 563 4002 τὸν
589 3950 820 4016 δίκαιον,
865 3951 947 4004 ὅτι
978 3951 1312 4023 δύσχρηστος
1356 3955 1486 4023 ήμῖν
1522 3954 1668 4005 ἐστιν
1690 3991 1708 4018 ,
1744 3972 1761 4004 ι

178 4044 496 4113 σαφέστατα
538 4045 769 4114 αἵματός
798 4062 940 4108 τινος
979 4047 1074 4099 καὶ
1108 4046 1224 4110 ἐνὸς
1249 4046 1453 4099 δικαίου
1491 4047 1774 4117 μεανημέ-

177 4148 268 4195 νος
311 4132 628 4203 ἐπιϐουλῆς.
682 4135 839 4197 Τίνος
869 4133 925 4187 δὲ
983 4134 1090 4207 ἄρα
1129 4136 1163 4205 ἢ
1202 4136 1295 4188 τοῦ
1343 4136 1592 4207 Σωτῆρος
1618 4135 1774 4207 ήμῶν

191 4223 368 4295 Ἰησοῦ
420 4224 690 4296 Χριστοῦ;
722 4226 789 4279 δι’
814 4227 881 4297 ἢν
907 4227 1000 4280 καὶ
1027 4227 1145 4298 μεθ’
1176 4230 1241 4299 ἣν
1264 4228 1478 4281 ἅπαντα
1509 4228 1773 4300 μετῆλθον

178 4314 364 4379 αὑτοῖς
392 4315 464 4370 τά
491 4334 799 4390 προηγορευ
808 4319 962 4390 μένα.

1878 2017 2010 2074 Jesu
2032 2017 2261 2084 ChriSti,
2294 2023 2462 2075 verba
2491 2036 2612 2083 quia:
2641 2029 2948 2091 sequuntur
3006 2026 3132 2091 post
3189 2021 3323 2075 illud
3373 2021 3459 2077 di-

1883 2118 2055 2176 ctum,
2121 2129 2141 2162 ι
2174 2109 2292 2167 Νἰεὶ
2329 2112 2591 2167 Dominus
2645 2112 2886 2168 Sabaoth
2951 2113 3265 2183 reliquisset
3297 2112 3460 2169 nobis

1881 2219 2088 2270 semen,
2113 2205 2269 2273 quasi
2317 2202 2555 2259 Sodoma
2591 2204 2718 2259 facti
2744 2220 3014 2268 essemus,
3056 2212 3111 2259 et
3166 2205 3308 2258 sicut
3347 2201 3453 2258 Geo

1877 2299 2100 2352 morrha
2147 2298 2354 2354 similes
2387 2298 2701 2359 fuissemus,
2740 2318 2756 2350 ι
2794 2299 3111 2353 universum
3165 2295 3454 2352 Judaicum

1877 2391 2159 2461 populum,
2198 2389 2540 2454 Gomorrlue,
2589 2391 2848 2461 populum
2884 2392 3235 2460 appellantia,
3261 2400 3313 2445 et
3357 2406 3456 2445 eo-

1877 2500 1998 2539 rum
2031 2486 2222 2549 duces,
2264 2504 2281 2535 ι
2324 2486 2600 2556 principes
2667 2484 3051 2546 Sodomorum,
3083 2504 3101 2536 ι
3149 2484 3456 2554 adjungunt

1878 2577 2230 2646 rejectionem
2261 2577 2482 2631 Mosaici
2516 2578 2677 2638 IilllS,
2715 2583 2768 2631 et
2799 2575 2921 2644 ejus
2953 2574 3286 2630 Testamenti
3337 2589 3457 2630 mo-

1876 2671 2026 2736 dum,
2057 2671 2199 2740 quod
2227 2686 2320 2739 per
2350 2668 2684 2723 Salvatorem
2721 2679 2970 2723 nostrum
2997 2668 3255 2723 omnibus
3287 2667 3459 2721 hom-i-

1879 2760 2042 2814 nilius
2065 2760 2443 2814 denuntiatum
2466 2768 2550 2813 est
2577 2756 2724 2829 (cum
2757 2756 3093 2813 Testamenti
3136 2756 3281 2820 dico,
3334 2755 3460 2824 ejus

1876 2851 2328 2922 regenerationis,
2360 2866 2483 2920 qua:
2514 2850 2572 2903 ﬁt
2603 2865 2700 2921 per
2730 2850 3007 2903 lavacrum
3032 2848 3295 2917 intelligo)
3327 2863 3454 2902 ver-

1876 2943 2115 3013 bumque
2144 2942 2304 3012 plane
2333 2957 2533 2997 novum
2563 2956 2625 2995 ac
2652 2943 2821 3011 legem
2849 2940 3226 3004 introducunt,
3268 2939 3362 2994 ubi
3386 2938 3455 2993 de

1880 3032 2082 3087 talibus
2149 3031 2471 3101 praedicunt.
2532 3030 2621 3085 Sic
2674 3031 2839 3101 igitur
2885 3030 3131 3084 habent:
3180 3047 3199 3079 ι
3258 3029 3457 3083 Audite

1876 3123 2102 3177 verbum
2152 3121 2689 3192 Domini,principes
2751 3120 3139 3186 Sodomorum,
3189 3120 3456 3175 attendite

1877 3213 2051 3283 legem
2077 3211 2312 3280 Domini,
2346 3215 2581 3284 pepulus
2610 3212 2948 3267 Gomorrhaz.
2981 3212 3122 3279 Quid
3153 3212 3285 3266 mihi
3318 3212 3452 3265 mul-

1882 3304 2059 3359 titudo
2084 3305 2427 3360 victimarum
2458 3313 2764 3359 vestrarum
2797 3306 2842 3337 ’³
2871 3305 2894 3358 ?
2923 3324 2941 3356 ›
2975 3313 3029 3360 et
3060 3313 3252 3358 caetera
3286 3319 3299 3355 :
3333 3317 3457 3374 quae

1881 3402 1940 3447 ut
1970 3395 2190 3464 propria
2224 3396 2399 3466 legum
2430 3411 2460 3449 a
2490 3394 2673 3467 Moyse
2700 3396 3002 3465 positarum
3028 3393 3283 3449 auferens
3315 3433 3329 3457 ,
3360 3408 3457 3447 eo-

1878 3504 1997 3543 rum
2036 3489 2154 3543 loco
2179 3489 2344 3543 alium
2376 3488 2683 3545 remittendi
2711 3495 2933 3558 peccata
2956 3488 3176 3541 modum
3202 3485 3456 3540 introdu-

1876 3583 1976 3646 cit,
2006 3596 2129 3636 eum
2153 3580 2407 3634 videlicet
2431 3579 2522 3650 qui
2553 3594 2650 3650 per
2684 3580 2961 3632 lavacrum
3015 3578 3212 3633 salutis
3260 3587 3315 3632 et
3358 3593 3457 3649 per

1874 3689 1994 3729 eam
2042 3688 2163 3743 quae
2184 3687 2309 3726 cum
2343 3671 2447 3727 hoc
2472 3670 2800 3742 praedicatur
2831 3670 2999 3726 vitam
3040 3669 3348 3725 celebratur
3374 3670 3456 3725 sic

1875 3766 2094 3822 dicens:
2126 3783 2144 3815 ι
2168 3764 2471 3826 Lavamini,
2494 3765 2680 3819 mundi
2709 3771 2905 3828 estote,
2928 3762 3135 3817 auferte
3154 3762 3454 3832 pravitates

1876 3862 1945 3916 ab
1975 3860 2174 3931 animis
2206 3859 2402 3915 vestris
2433 3858 2501 3921 ",
2533 3876 2551 3909 ι
2579 3866 2632 3912 et
2654 3872 2775 3926 qua
2790 3853 3241 3926 sequuntur.Cur
3271 3861 3453 3908 autem

1875 3950 2155 4023 principes
2190 3948 2549 4004 Sodomorum
2581 3955 2634 4001 et
2681 3942 2940 4017 populum
2986 3944 3306 3999 Gomorrha:
3355 3958 3457 3999 eos

1877 4042 2261 4105 nominaverit,
2294 4042 2436 4096 idem
2472 4040 2618 4094 illico
2635 4036 3002 4108 exposuit,sic
3030 4038 3215 4092 dicens
3245 4057 3257 4090 :
3283 4055 3302 4088 ι
3333 4035 3452 4091 Ma-

1878 4151 1984 4191 nus
2009 4135 2153 4190 enim
2177 4140 2374 4188 vestrae
2401 4133 2574 4202 plena:
2602 4131 2868 4200 sanguine
2896 4130 2964 4183 ³⁸.
2999 4148 3018 4181 ι
3046 4128 3113 4183 Ει
3138 4145 3331 4185 rursus
3360 4129 3454 4187 ubi

1876 4228 2096 4299 paulum
2130 4241 2452 4296 progressus
2496 4230 2604 4286 est,
2636 4224 2713 4277 ait
2750 4241 2763 4277 :
2812 4240 2831 4273 ι
2874 4220 3217 4292 Iniquitatem
3269 4237 3452 4288 suam,

1879 4328 1938 4373 ut
1965 4318 2328 4372 Sodomorum
2370 4316 2759 4369 nuntiaverunt
2818 4321 2983 4383 atque
3048 4314 3450 4370 indicaverunt.

179 4405 274 4463 Va
341 4410 540 4464 animae
593 4411 807 4467 illorum
849 4415 1149 4485 :quoniam
1204 4417 1580 4486 cogitaverunt
1635 4417 1928 4472 consilium
2002 4429 2225 4484 pravum
2270 4419 2461 4467 contra
2528 4414 2740 4479 seipsos
2795 4410 3091 4464 dicentes:
3130 4408 3451 4480 Ligabimus

170 4500 412 4570 justum,
442 4506 702 4575 quoniam
732 4507 944 4564 inutilis
991 4509 1150 4564 nobis
1175 4521 1259 4565 est
1282 4511 1372 4566 ἐς
1415 4531 1434 4563 ›
1475 4512 1566 4566 ubi
1608 4527 1733 4567 cum
1790 4511 1858 4566 de
1891 4509 2126 4580 quodam
2176 4507 2440 4577 sanguine
2468 4512 2521 4560 et
2561 4505 2628 4561 de
2675 4504 2893 4560 insidiis
2937 4504 3201 4559 adversus
3235 4504 3449 4574 justum

172 4596 476 4666 quemdam
504 4599 839 4658 mentionem
883 4602 1093 4668 fecerit,
1143 4620 1303 4675 quem
1347 4605 1494 4661 hunc
1541 4607 1759 4662 tandem
1796 4607 2025 4676 intelligi
2055 4604 2190 4667 vult,
2246 4603 2353 4658 nisi
2390 4601 2728 4655 Salvatorem
2769 4608 3020 4654 nostrum
3060 4597 3245 4653 Jesum
3288 4599 3451 4654 Chri-

174 4693 371 4746 stum?
394 4702 620 4763 propter
650 4710 810 4766 quem
840 4707 894 4751 et
946 4706 1070 4768 post
1132 4714 1295 4769 quem
1347 4702 1530 4756 omnia
1565 4703 1620 4757 in
1642 4703 1766 4758 illos
1799 4716 2139 4773 quaecunque
2168 4698 2315 4754 dicta
2341 4705 2489 4763 sunt,
2519 4696 2918 4752 redundarunt.

171 4814 297 4886 AZ'.
336 4812 662 4886 Z‘oﬁgﬁwﬁ
696 4813 957 4886 Ἡσαΐου.
990 4845 1059 4857 -—
1089 4818 1217 4871 Ὅτι
1249 4816 1346 4870 διὰ
1382 4818 1489 4872 τὸν
1525 4818 1772 4886 Σωτῆρα

1882 4812 2135 4873 XXXVI].
2161 4817 2242 4871 Ab
2273 4817 2453 4886 eodem
2485 4815 2748 4886 Isaiat-
2781 4812 2935 4878 Quod
2979 4821 3192 4882 propter
3246 4813 3452 4886 Salua-

464 4882 702 4957 Ἷησοῦν
729 4885 987 4957 Χριστὸν
1006 4888 1105 4941 καὶ
1125 4889 1278 4956 μετὰ
1292 4888 1408 4957 τὴν
1421 4888 1607 4942 αὐτοῦ
1628 4882 1769 4957 πᾶρ-

242 4955 471 5007 ουσίαν
489 4954 757 5029 ’ἅπανταῌ
777 4954 849 5009 τὰ
891 4956 1012 5012 ὑπὸ
1069 4954 1177 5029 τοῦ
1223 4954 1533 5029 προφήτου
1582 4954 1764 5028 προή-

242 5023 581 5093 τυρευμένα
604 5023 908 5094 μετῆλθον
944 5027 1168 5095 αὐτοῖς.

248 5157 267 5189 ι
310 5137 394 5208 Τῇ
420 5136 479 5189 δὲ
501 5137 685 5208 ήμέρᾳ
717 5138 901 5211 ἐκείνῃ
953 5139 1248 5210 ὲπιλάμψει
1285 5143 1314 5194 ό
1347 5140 1478 5205 Θεὸς
1507 5143 1565 5194 ὲν
1601 5141 1762 5214 βουλῇ

175 5230 312 5299 μετά
332 5229 494 5299 δόξης
509 5230 604 5282 ἐπὶ
619 5229 720 5298 τῆς
743 5230 865 5301 γῆς,
879 5230 973 5284 τοῦ
996 5230 1208 5300 ὑψῶσαι
1225 5234 1320 5286 καὶ
1341 5233 1437 5286 τοῦ
1462 5234 1679 5301 δοξάσαι
1699 5236 1765 5289 τὸ

1947 4898 2113 4943 torem
2152 4899 2389 4942 nostrum
2419 4884 2605 4941 Iesum
2641 4884 2931 4947 Christum,
2961 4894 3010 4937 et
3038 4892 3183 4953 ipost
3216 4883 3452 4953 ejusdem

1944 4959 2246 5081 advertunt,
2278 4959 2455 5012 omnia
2475 4973 2589 5029 quae
2626 4956 2775 5009 dicta
2810 4964 2932 5009 sunt
2963 4971 2995 5007 a
3022 4952 3304 5024 Prop/tcta,
3340 4954 3450 5008 illis

1944 5031 2055 5081 arci
2093 5032 2249 5081 crint.

1943 5044 2249 5083 acciderim.

1949 5162 1967 5194 ι
2008 5141 2064 5196 1η
2091 5142 2177 5197 die
2195 5140 2310 5204 illa,
2342 5139 2624 5194 illucescet
2658 5137 2802 5192 Deus
2825 5136 2880 5190 in
2913 5135 3145 5190 consilio
3177 5149 3300 5189 cum
3331 5134 3450 5205 glo-

1870 5237 1951 5291 ria
1983 5238 2038 5290 in
2077 5243 2245 5301 terra,
2285 5239 2346 5287 ut
2378 5232 2607 5287 extollat
2643 5238 2698 5284 et
2741 5229 3006 5300 glorificet
3044 5227 3119 5291 id,
3149 5226 3291 5296 quod
3321 5225 3451 5280 reli-

171 5319 538 5389 καταλειφθὲν
568 5319 664 5373 τοῦ
704 5320 918 5392 Ἰσραὴλ
936 5324 994 5376 ὲν
1016 5322 1176 5389 Σιὼν,
1199 5325 1375 5378 καὶτὸ
1404 5326 1764 5394 καταλειφθὲν

1882 5344 2031 5399 ιυιηη
2063 5327 2227 5381 fuerit
2261 5342 2327 5380 ex
2352 5324 2541 5387 Israel,
2574 5329 2630 5377 et
2665 5322 2795 5398 erit_
2818 5319 2949 5375 illttd
2986 5319 3254 5388 reliquum
3282 5332 3346 5370 ex
3372 5314 3452 5372 ls-

170 5415 229 5465 ὲν
264 5412 661 5483 Ἰερουσαλήμ·
701 5413 844 5482 ἆγιοι
895 5415 1257 5487 κληθήσονται
1302 5419 1501 5483 πάντες
1549 5419 1598 5472 οἱ
1630 5435 1768 5492 γρα-

1866 5421 1981 5474 rael
2014 5421 2068 5473 in
2104 5418 2260 5479 Sion,
2294 5414 2515 5487 etquod
2543 5416 2793 5468 relictum
2834 5411 2997 5466 fuerit
3036 5412 3088 5464 in
3120 5409 3450 5471 Jerusalem;

170 5505 367 5573 φέντες
389 5506 470 5567 εἰς
499 5503 644 5576 ζωὴν
670 5506 748 5567 εἰς
764 5506 1136 5579 Ἰερουσαλήμ.
1165 5529 1184 5561 ι
1205 5511 1316 5563 Καὶ
1338 5510 1388 5564 τί
1408 5511 1450 5564 δ’
1475 5510 1541 5565 ἂν
1557 5511 1768 5580 γένοιτο

1882 5511 1976 5582 56
2004 5511 2179 5565 sancti
2232 5507 2597 5570 vocabuntur,
2634 5517 2827 5557 omnes
2868 5502 2959 5572 qui
2996 5500 3185 5569 scripti
3223 5504 3356 5553 sunt
3383 5492 3450 5549 ad

167 5596 229 5648 τὸ
260 5597 627 5666 καταλειφθὲν
672 5598 771 5651 τοῦ
814 5599 1031 5671 Ἰσραὴλ
1052 5640 1066 5665 ,
1109 5601 1271 5665 αὑτὸς
1309 5602 1338 5654 ὁ
1373 5608 1658 5673 προφήτης
1693 5602 1772 5656 δι-

170 5689 447 5760 εσάφησεν
476 5688 670 5741 εἰπών·
705 5708 724 5739 ι
760 5690 964 5754 Πάντες
982 5693 1030 5744 οἱ
1050 5694 1348 5765 γραφέντες
1385 5697 1465 5759 εἰς
1506 5695 1774 5768 Ἰερουσα-

253 5805 296 5835 ²¹
328 5803 491 5878 Βοη]Ζ
532 5818 615 5878 ix,
641 5804 831 5878 27-29.
925 5804 1178 5878 _”_Rom.
1215 5825 1295 5878 ιι,
1328 5809 1447 5868 1-5.

176 5867 304 5941 Sap.
336 5889 397 5940 ιι,
429 5874 520 5928 12.
600 5867 645 5908 ³⁷
678 5875 781 5931 lsa.
812 5890 889 5940 tv,
918 5875 1036 5940 2,3.

1869 5604 2035 5657 vitam
2090 5602 2144 5655 in
2190 5599 2492 5656 Jerusalem
2513 5597 2580 5652 ’⁷.
2622 5616 2641 5649 ι
2687 5595 2970 5662 Quodnam
3017 5609 3148 5648 vero
3191 5592 3263 5647 sit
3315 5589 3450 5646 illud

1867 5694 2137 5764 reliquum
2163 5706 2230 5747 ex
2275 5690 2464 5754 Israel,
2496 5689 2613 5759 ipse
2662 5686 2924 5758 pr0pheta
2950 5681 3285 5753 explanavit,
3318 5693 3444 5732 cum

1552 5811 1600 5844 ³⁸
1630 5808 1736 5866 lsa.
1771 5859 1772 5863 η

1882 5808 2038 5864 0-11.
2113 5807 2160 5842 ’δ
2188 5806 2320 5863 ibid.
2352 5804 2438 5862 16.
2517 5807 2563 5838 ⁸⁸
2590 5802 2729 5861 ibid.
2759 5802 2846 5857 15.
2923 5801 2969 5834 ⁵⁸
2999 5797 3102 5856 lsa.
3147 5812 3232 5863 tu,
3266 5792 3448 5868 9,10;
