3828 6216
369 384 461 437 liii
1003 374 1275 433 EUSEBII
1312 370 1796 429 CESABIENSIS
1836 370 1986 427 OPP.
2022 370 2202 426 PARS
2242 371 2308 427 II.
2352 402 2420 413 -—
2454 369 2937 428 APOLOGETICA

3531 374 3637 430 152

361 500 501 555 dixit
530 515 544 551 :
582 517 603 551 ‹
636 513 829 555 omnes
855 495 949 568 qui
994 496 1182 566 scripti
1217 502 1346 550 sunt
1383 494 1438 548 in
1479 491 1803 556 Jerusalem,
1839 510 1859 542 ι
1893 498 1947 545 et

2074 491 2177 563 Δὴμ,
2209 492 2303 546 καὶ
2339 494 2387 545 οἱ
2415 491 2705 563 κληθέντες
2732 492 2894 561 ἆγιοι.
2933 491 3031 555 Τίς
3070 485 3163 545 οὖν
3201 490 3339 564 αὕτη
3369 493 3403 563 ἠ
3433 492 3639 563 ἡμέρα,

362 592 456 661 qui
508 590 691 646 vocati
742 589 942 645 sancti.
982 606 999 639 ι
1038 585 1172 655 Qua
1212 594 1393 641 autem
1443 585 1515 640 sit
1563 584 1684 639 dies
1739 583 1853 647 illa,
1890 583 1947 637 in

361 697 470 752 qua
500 680 650 738 Deus
691 680 1119 752 gloriﬁcaturus,
1144 686 1199 733 et
1225 678 1280 732 in
1325 676 1547 732 sublimi
1580 675 1947 729 collocaturus

361 775 589 839 dicitur,
623 793 643 826 ι
678 775 735 829 id
778 773 925 845 quod
972 773 1245 842 reliquum
1292 769 1458 824 fuerit
1496 784 1562 823 ex
1614 767 1801 832 Israel,
1840 785 1860 818 ι
1895 772 1949 822 et

334 860 340 869 ’
363 881 480 929 eos,
521 867 613 937 qui
634 865 864 920 vocandi
900 871 1025 919 sunt
1050 862 1247 927 sancti,
1275 868 1329 916 et
1355 858 1633 915 scribendi
1662 859 1730 914 ad
1758 858 1946 925 vitam,

363 954 409 1006 Si
449 966 620 1014 totam
661 959 828 1028 hujus
867 955 1219 1027 sectiuncula
1262 953 1630 1008 narrationem
1660 965 1947 1021 percurre-

367 1052 469 1115 ris,
507 1050 665 1104 facile
696 1049 897 1106 disces.
925 1046 1088 1101 Initio
1120 1047 1288 1117 igitur
1319 1045 1487 1100 totius
1523 1044 1669 1109 libri,
1703 1058 1827 1098 cum
1856 1040 1951 1095 ad-

369 1158 564 1197 versus
607 1139 891 1202 Judaam,
958 1154 1023 1191 ac
1064 1135 1366 1191 Jerusalem
1414 1135 1679 1190 visionem
1724 1132 1952 1188 vidisset

371 1234 656 1305 propheta,
690 1239 745 1286 et
770 1216 1025 1301 'pluribus
1059 1229 1243 1284 verbis
1290 1227 1461 1283 totius
1494 1225 1737 1282 Judaica
1774 1224 1951 1295 gentis

373 1326 540 1396 impia
582 1324 825 1379 facinora
868 1328 1251 1386 numerasset,
1299 1335 1535 1390 cumque
1580 1319 1951 1374 minabundus

372 1416 601 1471 dixisset
629 1415 695 1469 de
731 1415 949 1468 illorum
992 1412 1301 1476 eversione,
1350 1412 1527 1482 deque
1561 1417 1806 1466 extrema
1863 1408 1955 1465 Je-

371 1509 610 1563 rusalem
653 1507 929 1569 vastitate,
978 1512 1097 1558 tum
1133 1504 1292 1559 ﬁnem
1340 1504 1413 1571 ei,
1441 1519 1564 1574 qua
1610 1511 1804 1558 contra
1828 1503 1953 1558 illos

370 1599 694 1654 versabatur
738 1595 1185 1665 contemplationi
1247 1594 1527 1663 imponit,
1577 1593 1664 1649 bis
1718 1594 1893 1648 verbis
1935 1611 1949 1646 :

378 1709 397 1741 ι
442 1690 614 1745 Erunt
643 1689 787 1743 enim
820 1697 880 1741 ut
909 1688 1272 1749 terebinthus,
1305 1687 1532 1756 abiectis
1559 1684 1723 1748 foliis,
1755 1694 1808 1739 et
1827 1692 1952 1738 tan-

372 1798 536 1853 quam
592 1781 785 1834 hortus
835 1793 1033 1849 aquam
1078 1793 1188 1832 non
1238 1777 1469 1842 habens,
1516 1786 1571 1831 et
1617 1784 1779 1831 erunt
1810 1777 1954 1831 vires

2055 576 2176 656 ἐνῇ
2219 582 2460 646 δοξάσειν
2492 584 2520 636 ὁ
2561 582 2714 646 Θεὸς,
2764 583 2858 635 καὶ
2895 580 3130 651 ὑψώσειν
3175 580 3237 635 τὸ
3280 580 3643 650 καταλειφθὲν

2054 672 2148 726 τοῦ
2202 672 2441 746 Ἰσραὴλ,
2495 676 2591 727 καὶ
2638 674 2765 737 τοὺς
2817 672 3258 744 κληθησομένους
3302 673 3514 741 ἁγίους,
3548 674 3647 729 καὶ

2056 764 2506 836 γραφησομένους
2537 767 2617 828 είς
2654 764 2822 837 ζωὴν,
2854 763 3092 832 λέγεται,
3133 763 3504 835 ἀναδραμόντι
3560 781 3645 816 σοι

2055 854 2155 926 τὴν
2192 854 2320 924 ὃλην
2363 855 2464 925 τῆς
2496 855 2800 927 περικοπῆς
2844 854 3093 927 διήγησιν
3135 853 3292 925 δῆλον
3339 853 3509 908 ἔσται.
3553 855 3646 909 Ἕν

2057 947 2195 1017 ἀρχῇ
2222 944 2510 1017 τοιγαροῦν
2554 947 2652 1017 τῆς
2681 945 2809 1016 ὅλης
2839 944 3020 1014 βίϐλου
3061 945 3162 1015 τὴν
3194 942 3335 997 κατὰ
3379 943 3479 1013 τῆς
3515 944 3648 998 Ἰου-

2056 1038 2211 1101 δαίας
2234 1039 2328 1092 καὶ
2356 1038 2500 1093 κατὰ
2536 1039 2888 1111 Ἰερουσαλὴμ
2917 1038 3040 1092 ίδὼν
3058 1039 3248 1110 ὅρασιν
3278 1041 3307 1092 ὁ
3334 1041 3645 1111 προφήτης,

2057 1130 2152 1182 καὶ
2180 1128 2266 1182 διὰ
2309 1129 2576 1183 πλείστων
2622 1129 3150 1202 ἀπαριθμησάμενος
3180 1130 3249 1184 τὰ
3289 1131 3384 1185 τοῦ
3442 1133 3647 1195 παντὸς

2071 1221 2336 1274 Ἰουδαίων
2363 1220 2545 1285 ἔθνους
2569 1222 2915 1293 ἀσεϐήματα,
2944 1223 3244 1295 ἀπειλήσας
3271 1242 3331 1277 τε
3353 1224 3450 1279 καὶ
3472 1223 3648 1278 είπὼν

2057 1314 2124 1366 τὰ
2172 1315 2299 1384 περὶ
2340 1314 2438 1385 τῆς
2458 1315 2845 1385 καταστροφῆς
2870 1314 3069 1381 αὐτῶν,
3100 1318 3195 1369 καὶ
3225 1317 3325 1387 τῆς
3343 1316 3649 1381 παντελοῦς

2059 1406 2292 1476 ἐρημίας
2326 1403 2699 1477 Ἰερουσαλὴμ,
2730 1405 2883 1470 τέλος
2913 1407 3014 1477 τῆς
3047 1408 3166 1460 κατ’
3190 1406 3370 1460 αὐτῶν
3406 1407 3649 1479 θεωρίας

2059 1498 2278 1565 ἐπάγει,
2330 1496 2523 1566 λέγων·
2557 1516 2577 1549 ι
2613 1499 2865 1551 Ἔσονται
2902 1498 3010 1569 γὰρ
3056 1498 3132 1562 ὡς
3164 1498 3471 1568 τερέϐινθος
3510 1501 3653 1553 ἀπο-

2061 1589 2356 1660 ϐεϐληκυῖα
2402 1591 2471 1644 τὰ
2509 1589 2701 1659 φύλλα,
2754 1591 2849 1644 καὶ
2888 1590 2966 1655 ὡς
3014 1592 3341 1663 παράδεισος
3385 1591 3534 1663 ὕδωρ
3572 1592 3650 1662 μὴ

2059 1680 2234 1753 ἔχων·
2286 1683 2381 1737 καὶ
2423 1682 2638 1754 ἔσταιὴ
2688 1685 2840 1754 ἰσχὺς
2887 1682 3065 1737 αὐτῶν
3120 1683 3195 1747 ὡς
3216 1683 3432 1756 καλάμη
3472 1701 3651 1737 στυπ-

2062 1775 2207 1840 πίου,
2227 1775 2320 1828 καὶ
2352 1778 2408 1829 σί
2432 1774 2677 1847 ἐργασίαι
2707 1774 2884 1829 αὑτῶν
2900 1775 2975 1839 ὡς
2998 1775 3294 1847 σπινθῆρες
3310 1776 3481 1848 πυρός
3502 1793 3520 1806 ο
3555 1780 3651 1830 καὶ

372 1889 562 1928 eorum
617 1880 876 1941 tanquam
930 1871 1188 1925 surculus
1225 1880 1454 1938 stuppa,
1489 1875 1543 1922 et
1578 1874 1821 1938 quastus
1862 1883 1957 1923 eo-

2074 1867 2565 1939 ιατακαυθήσονται
2592 1869 2641 1920 οἱ
2677 1867 2888 1939 ἄνομοι,
2933 1870 3024 1921 καὶ
3068 1870 3117 1922 οί
3156 1868 3472 1940 ἁμαρτωλοὶ
3500 1868 3648 1939 ἅμα,

373 1980 519 2028 rum,
554 1971 612 2018 ut
655 1964 905 2019 scintilla
938 1964 1082 2034 ignis
1113 1980 1126 2015 :
1162 1972 1218 2017 et
1260 1964 1656 2018 comburentur
1694 1963 1866 2034 iniqui
1900 1969 1956 2018 et

373 2065 693 2127 peccatores
717 2055 902 2119 simul,
933 2062 985 2108 et
1008 2071 1115 2110 nou
1143 2057 1250 2110 erit
1274 2056 1367 2125 qui
1394 2056 1708 2125 exstinguat
1728 2055 1793 2109 ³⁸.
1810 2074 1828 2107 ι
1857 2053 1959 2109 Ubi

375 2161 500 2200 cum
551 2146 815 2201 adversus
872 2146 995 2200 illos
1044 2147 1363 2201 vaticinium
1421 2145 1955 2217 circumscripserit,

373 2245 493 2292 tum
535 2238 788 2309 reprimit
817 2255 896 2301 se,
938 2249 992 2293 et
1018 2254 1160 2292 novo
1191 2239 1349 2293 initio
1380 2238 1543 2303 facto,
1573 2239 1805 2293 alteram
1846 2253 1961 2292 ma-

374 2332 568 2385 teriam
603 2330 941 2401 aggreditur,
989 2329 1324 2400 exordioque
1368 2331 1534 2384 etiam
1574 2329 1657 2401 (ut
1688 2329 1958 2399 dicebam)

374 2424 469 2478 tali
518 2423 730 2477 utitur:
765 2420 1007 2477 Verbum
1055 2423 1202 2492 quod
1251 2422 1454 2476 factum
1514 2428 1599 2476 est
1644 2420 1713 2475 ad
1760 2418 1959 2475 Isaiam

376 2515 545 2569 lilium
585 2514 755 2569 Amos
787 2516 1105 2584 prophetam
1130 2555 1144 2577 ,
1187 2512 1255 2568 de
1293 2512 1479 2567 Judaa
1520 2520 1575 2567 et
1622 2513 1689 2568 de
1733 2510 1959 2568 Jerusa-

375 2606 482 2660 lem
502 2608 569 2667 ²⁹.
606 2626 625 2658 ι
660 2607 763 2669 vel,
793 2617 849 2659 ut
876 2606 1237 2678 Symmachus
1269 2605 1661 2675 interpretatus
1683 2611 1787 2667 est,
1823 2622 1841 2654 ‹
1873 2618 1961 2657 su-

376 2714 475 2769 per
512 2697 699 2752 Judaa
743 2706 797 2753 et
847 2715 1014 2768 super
1068 2696 1395 2754 Jerusalem.
1431 2714 1451 2748 ι
1509 2695 1588 2750 Ex
1632 2711 1741 2765 quo
1772 2693 1959 2750 forsan

377 2788 529 2841 illum
557 2790 872 2859 suspicetur
905 2789 1123 2858 aliquis,
1158 2790 1226 2842 de
1255 2787 1457 2858 quibus
1491 2787 1667 2841 tristia
1696 2787 1848 2856 prius
1887 2785 1961 2839 sit

375 2879 741 2943 vaticinatus,
778 2879 846 2934 de
894 2879 1086 2934 iisdem
1140 2893 1287 2932 nunc
1343 2885 1678 2932 commutata
1724 2875 1957 2942 ratione,

377 2972 603 3026 meliora
636 2971 884 3041 quadam
911 2972 1221 3042 pradiccre.
1248 2970 1317 3024 At
1339 2983 1469 3024 vero
1498 2983 1708 3032 eorum,
1731 2983 1851 3038 qua
1880 2982 1961 3022 se-

377 3071 626 3134 quuntur
678 3072 992 3125 contextus,
1037 3077 1382 3134 nequaquam
1430 3062 1573 3117 istuc
1619 3061 1726 3114 dici
1758 3059 1959 3130 permi-

2058 1961 2149 2013 καὶ
2181 1961 2280 2013 οὑκ
2325 1960 2478 2014 ἔσται
2527 1963 2555 2014 ὁ
2590 1961 2818 2017 σϐέσων.
2851 1979 2871 2012 ι
2906 1962 3260 2035 Περιγράψας
3301 1962 3357 2014 δέ
3408 1960 3650 2031 ἐνταῦθα

2056 2052 2155 2123 τὴν
2202 2051 2322 2105 κατ’
2374 2051 2553 2105 αὑτῶν
2590 2044 2922 2125 πρόρρησιν,
2981 2054 3246 2123 ὑποστολῇ
3310 2054 3508 2126 χρῆται
3533 2070 3549 2085 °
3585 2054 3648 2121 ἐξ

2059 2145 2249 2216 ἐτέρας
2285 2145 2341 2198 δὲ
2375 2146 2568 2217 ἀρχῆς,
2603 2145 2862 2216 δευτέρας
2907 2145 3216 2208 ὑποθέσεως
3264 2144 3515 2211 ἅπτεται,
3552 2149 3651 2199 καὶ

2059 2239 2327 2311 προοιμίῳ
2344 2255 2409 2307 γε
2435 2237 2511 2307 τῷ
2540 2237 2834 2308 λεγομένῳ,
2860 2236 3046 2307 τοιῷδε
3070 2237 3267 2308 χρῆται
3284 2251 3297 2265 ⁸
3331 2256 3351 2288 ι
3386 2237 3445 2290 Ὁ
3469 2237 3650 2306 Λόγος

2058 2331 2087 2383 ὁ
2119 2331 2408 2401 γενόμενος
2458 2330 2595 2402 πρὸς
2634 2328 2857 2382 Ἡσαΐαν
2897 2330 3010 2384 υἱὸν
3055 2329 3256 2399 Ἀμὼς,
3286 2328 3377 2381 τὸν
3429 2331 3651 2400 προφή-

2058 2439 2180 2490 την,
2206 2422 2445 2495 περὶτῆς
2473 2421 2730 2484 Ἰουδαίας
2752 2421 2845 2474 καὶ
2871 2422 2999 2493 περὶ
3027 2420 3401 2491 Ἰερουσαλὴμ,
3425 2439 3444 2472 ι
3473 2421 3535 2491 ἢ,
3572 2420 3651 2483 ὡς

2058 2510 2399 2583 ὁΣύμμαχος
2451 2513 2833 2585 ἡρμήνευσεν,
2878 2530 2896 2563 ι
2937 2512 3078 2584 ὑπὲρ
3106 2512 3205 2583 τῆς
3251 2512 3510 2575 Ἰουδαίας
3554 2512 3653 2563 καὶ

2060 2605 2200 2675 ὑπὲρ
2233 2606 2605 2676 Ἰερουσαλήμ.
2655 2624 2674 2657 ι
2714 2607 2873 2669 Ἴσως
2910 2622 2994 2667 τις
3026 2603 3364 2675 ὑπολήψεται
3402 2604 3533 2674 περὶ
3572 2597 3653 2657 ὧν

2059 2694 2129 2749 τὰ
2149 2695 2449 2767 σκυθρωπὰ
2476 2695 2761 2769 προλαϐὼν
2783 2695 3060 2761 ἐθέσπισε,
3087 2695 3290 2749 τούτων
3314 2695 3493 2748 αὐτῶν
3516 2696 3654 2767 περὶ

2058 2785 2127 2838 τὰ
2173 2786 2509 2858 χρηστότερα
2565 2787 2937 2859 μεταϐαλόντα
2986 2787 3184 2856 λέγειν.
3231 2786 3370 2840 Ἀλλ’
3423 2787 3527 2839 οὑκ
3582 2785 3652 2839 ἂν

2059 2876 2233 2930 ταῦτα
2281 2878 2589 2951 ἐπιτρέψειε
2620 2881 2782 2948 φάναι
2826 2882 2859 2951 ἡ
2898 2878 3006 2933 τῶν
3054 2879 3464 2950 ἐπιφερομένων
3515 2879 3655 2932 ἀκο-

2060 2966 2265 3033 λουθία,
2298 2970 2440 3041 ὑπὲρ
2486 2972 2584 3041 μὲν
2629 2971 2721 3025 τοῦ
2765 2970 3030 3025 Ἰουδαίων
3067 2969 3338 3039 ἐθνους,ἢ
3389 2969 3531 3039 ὑπὲρ
3551 2968 3653 3023 τοῦ

2063 3060 2391 3132 καλουμένου
2438 3063 2672 3134 Ἰσραὴλ,
2705 3063 2853 3116 οὐδὲν
2883 3063 3002 3116 οὑδὲ
3034 3063 3169 3127 ὅλως
3201 3062 3433 3133 χρηστὸν
3463 3061 3657 3132 περιέ-

380 3156 515 3209 serit
544 3174 557 3209 :
591 3155 793 3225 quippe
826 3155 921 3224 qui
948 3170 1113 3225 super
1138 3153 1368 3208 Judaica
1395 3161 1576 3222 gente,
1614 3161 1669 3206 et
1700 3165 1865 3219 super
1893 3164 1957 3204 eo

2074 3170 2254 3223 κουσα,
2291 3154 2412 3207 οὐδέ
2441 3172 2503 3223 γε
2533 3155 2673 3227 ὑπὲρ
2694 3156 2793 3225 τῆς
2834 3156 3112 3220 Ἰουδαίας,
3135 3156 3257 3209 οὑδέ
3285 3156 3425 3226 ὑπὲρ
3458 3155 3658 3225 Ἰερου-

380 3245 477 3315 qui
514 3253 746 3299 vocatur
787 3243 978 3311 Israel,
1022 3245 1160 3299 nihil
1201 3243 1426 3298 omnino
1468 3242 1597 3297 boni
1650 3242 1957 3303 contineat,

2074 3244 2200 3317 σαλὴ
2208 3264 2265 3316 μ,
2281 3247 2590 3300 τούναντίον
2606 3223 2661 3300 δέ
2680 3223 2874 3317 μυρίας
2889 3248 3030 3300 κατὰ
3046 3246 3139 3299 τοῦ
3173 3223 3657 3317 Ἰσραὴλνμέμῷεις

379 3353 559 3407 neque
591 3337 719 3392 item
752 3352 916 3408 super
936 3334 1145 3399 Judaa,
1193 3351 1373 3405 neque
1414 3349 1578 3405 super
1608 3332 1910 3388 Jerusalem
1943 3350 1956 3385 :

381 3438 577 3485 contra
611 3440 791 3485 autem
842 3429 1274 3484 innumerabiles
1325 3429 1589 3484 adversus
1622 3426 1790 3482 Israel
1828 3440 1961 3495 que«

380 3524 549 3587 relas,
591 3530 756 3593 atque
802 3523 1201 3589 accusationes,
1234 3522 1522 3591 minasque
1567 3520 1833 3573 adversus
1870 3516 1965 3571 Je-

380 3616 621 3669 rusalem
653 3615 842 3669 tristes
885 3623 1168 3669 recenseat
1195 3628 1208 3666 :
1238 3613 1498 3683 quodque
1528 3610 1801 3666 universis
1833 3625 1961 3680 gen-

381 3706 531 3760 tibus
562 3706 804 3761 salutare
844 3704 1094 3773 contigit,
1130 3704 1500 3769 vocationem,
1537 3712 1701 3772 atque
1738 3701 1968 3770 agnitio-

381 3810 508 3850 nem
551 3795 750 3850 summi
792 3793 889 3848 Dei
927 3794 1163 3848 futuram
1213 3794 1458 3849 divinet:
1490 3803 1543 3851 et
1569 3794 1636 3849 ad
1676 3795 1813 3856 hac,
1839 3792 1967 3846 novi

382 3888 670 3958 cujusdam
699 3889 903 3943 montis
933 3888 1299 3959 proditionem
1325 3890 1380 3943 in
1423 3889 1623 3953 lucem,
1653 3896 1709 3943 et
1738 3889 1966 3943 alterius

383 3981 579 4036 domus
594 3979 711 4044 Dei,
730 3987 928 4049 praeter
956 3994 1096 4044 eam,
1120 3995 1241 4051 qua
1265 3985 1349 4035 est
1380 3979 1435 4033 in
1479 3978 1808 4041 Jerusalem,
1841 3992 1969 4032 con-

384 4072 748 4128 structionem
789 4069 1138 4125 manifestam
1183 4077 1487 4141 proponat,
1534 4069 1718 4138 itaque
1759 4067 1850 4122 ubi
1901 4065 1969 4121 de

381 4161 571 4218 Judaa
602 4170 658 4218 et
708 4162 775 4217 de
819 4160 1123 4217 Jerusalem
1154 4162 1373 4216 locutus
1398 4168 1505 4225 est,
1534 4168 1666 4214 tunc
1693 4160 1770 4215 sic
1794 4157 1926 4213 dicit
1951 4176 1964 4212 :

390 4271 410 4305 ι
449 4253 597 4324 quod
630 4252 736 4308 erit
777 4253 833 4308 in
856 4252 1180 4307 novissimis
1219 4252 1414 4306 diebus
1454 4248 1783 4305 manifestus
1810 4264 1969 4303 mons

383 4340 646 4406 Domini,
687 4350 742 4397 et
794 4342 992 4398 domus
1037 4341 1134 4396 Dei
1182 4343 1236 4396 in
1298 4342 1599 4398 verticibus
1655 4342 1920 4396 montium
1951 4381 1966 4405 ,

383 4432 493 4504 67
521 4439 574 4486 et
607 4432 900 4486 extolletur
938 4447 1105 4501 super
1150 4432 1320 4487 colles
1347 4471 1362 4496 ,
1398 4443 1450 4487 et
1487 4433 1708 4486 venient
1740 4432 1808 4486 ad
1844 4447 1969 4487 eum

386 4538 579 4579 omnes
598 4532 809 4593 gentes,
829 4533 883 4578 et
913 4524 1071 4577 ibunt
1095 4530 1284 4593 gentes
1309 4524 1491 4577 multa
1518 4530 1572 4578 et
1601 4522 1785 4577 dicent
1818 4541 1831 4576 :
1861 4521 1968 4577 Ve-

386 4612 522 4678 nite,
556 4613 917 4667 ascendamus
954 4614 1008 4667 in
1046 4624 1287 4668 montem
1322 4613 1557 4677 Domini,
1593 4615 1721 4668 etin
1746 4614 1972 4668 domum

386 4705 482 4761 Dei
504 4705 672 4761 Jacob
698 4707 741 4737 ³⁰
771 4726 784 4761 :
818 4725 838 4758 ›
876 4721 941 4760 ac
969 4707 1037 4761 de
1069 4707 1322 4777 gentibus
1348 4708 1568 4777 quidem
1593 4708 1810 4763 cunctis
1840 4708 1968 4762 talia

386 4798 597 4855 divinat
634 4816 647 4853 :
691 4797 759 4851 de
789 4797 992 4853 Judais
1034 4814 1166 4853 vero
1204 4798 1464 4869 deinceps
1510 4798 1817 4868 cujusmodi
1859 4801 1969 4855 sint

388 4903 453 4945 ea
479 4930 493 4953 ,
525 4906 645 4962 qua
678 4892 926 4961 adjungit
952 4932 967 4955 ,
999 4907 1147 4945 nunc
1175 4892 1300 4945 audi
1336 4911 1349 4945 :
1389 4910 1409 4940 ε
1451 4892 1661 4947 dimisit
1697 4894 1841 4947 enim
1871 4908 1969 4964 po-

388 4983 581 5054 pulum
603 4999 760 5038 suum
786 5023 801 5046 ,
831 4984 1052 5038 domum
1079 4981 1251 5037 Jacob
1276 5003 1289 5038 :
1317 4985 1576 5053 quoniam
1606 4985 1813 5054 repleta
1843 4991 1928 5039 est
1952 5024 1967 5048 ,

391 5082 453 5129 ut
480 5076 551 5130 ab
578 5075 732 5130 initio
764 5115 779 5138 ,
812 5075 963 5146 regio
1005 5090 1194 5130 eorum
1235 5075 1550 5131 hominibus
1574 5115 1591 5141 ,
1628 5076 1773 5131 sicut
1822 5077 1971 5147 regio

392 5167 819 5238 alienigenarum
853 5186 866 5221 :
905 5174 960 5221 et
1004 5168 1098 5221 lilii
1138 5167 1295 5221 multi
1333 5167 1496 5222 alieni
1538 5167 1650 5221 nati
1683 5175 1812 5223 sunt
1838 5169 1970 5224 illis.

391 5258 615 5330 Repleta
646 5266 731 5313 est
758 5258 904 5313 enim
932 5260 1085 5328 regio
1118 5259 1333 5314 illorum
1366 5267 1592 5329 argento
1623 5267 1678 5315 et
1702 5274 1838 5313 auro
1865 5298 1881 5323 ,
1915 5267 1970 5314 et

393 5368 502 5407 non
543 5351 641 5406 fuit
680 5365 943 5405 numerus
985 5351 1260 5406 thesauris
1292 5367 1478 5406 eorum
1505 5353 1547 5384 ³ί
1576 5394 1591 5418 ,
1631 5371 1649 5404 ι
1696 5361 1750 5407 et
1777 5362 1973 5407 caetera

394 5458 516 5514 qua
548 5450 853 5512 sequuntur
877 5482 891 5507 ,
924 5458 1045 5512 qua
1074 5445 1242 5497 multo
1272 5444 1428 5513 plura
1453 5450 1614 5503 sunt;
1646 5443 1845 5512 quibus
1873 5441 1970 5495 ad-

391 5535 574 5604 jungit
607 5552 621 5588 :
656 5552 675 5585 c
714 5547 767 5588 et
798 5534 1165 5589 adoraverunt
1198 5549 1262 5590 ea
1297 5575 1313 5599 ,
1358 5549 1479 5604 qua
1524 5533 1771 5589 fecerunt
1818 5534 1975 5603 digiti

395 5622 661 5693 ipsorum.
692 5620 756 5676 Et
782 5622 1073 5678 declinavit
1103 5639 1160 5680 se
1182 5622 1369 5690 homo,
1403 5632 1457 5679 et
1484 5624 1634 5678 humi
1665 5640 1725 5680 se
1748 5623 1971 5694 abiecit,

2063 3339 2157 3390 καὶ
2192 3338 2545 3410 κατηγορίας,
2588 3339 2816 3401 ἀπειλάς
2865 3355 2923 3392 τε
2965 3337 3108 3392 κατὰ
3142 3336 3244 3409 τῆς
3287 3332 3654 3406 Ἰερουσαλὴμ

2065 3429 2413 3500 σκυθρωπὰς,
2448 3430 2541 3483 καὶ
2573 3430 2671 3501 τὴν
2701 3431 2832 3484 πᾶσι
2852 3432 2962 3493 τοῖς
2995 3429 3173 3482 ἔθνεσι
3218 3428 3483 3499 σωτήριον
3515 3426 3658 3499 κλῆ-

2067 3536 2171 3584 σιν,
2197 3520 2289 3573 καὶ
2318 3520 2516 3587 γνῶσιν
2536 3519 2632 3574 τοῦ
2660 3521 2752 3573 ἐπὶ⁵
2773 3521 2989 3574 πάντων
3011 3519 3147 3573 Θεοῦ
3171 3518 3522 3583 θεσπίζουσα,
3556 3517 3657 3569 καὶ

2066 3609 2144 3663 ἔτι
2179 3610 2313 3680 πρὸς
2347 3611 2574 3675 τούτοις,
2608 3611 2769 3682 ὄρους
2797 3612 3120 3681 ἐπιφάνειαν
3138 3610 3349 3675 καινοῦ,
3377 3610 3473 3663 καὶ
3495 3608 3656 3662 οἴκου

2066 3700 2202 3753 Θεοῦ
2254 3701 2442 3772 ἐτέρου
2500 3702 2649 3771 παρὰ
2694 3702 2786 3755 τὸν
2836 3705 2894 3756 ἐν
2960 3701 3318 3775 Ἰερουσαλὴμ
3379 3700 3657 3766 ἀνάδειξιν

2066 3792 2396 3859 παριστᾶσα.
2463 3791 2623 3859 Λέγει
2689 3793 2733 3845 δ’
2793 3789 2907 3857 οὖν,
2957 3793 3095 3864 μετὰ
3156 3793 3217 3846 τὸ
3279 3792 3443 3863 φάναι
3520 3793 3658 3862 περὶ

2065 3880 2163 3951 τῆς
2208 3881 2494 3944 Ἰουδαίας,
2545 3882 2639 3934 καὶ
2688 3883 2816 3954 περὶ
2857 3883 3229 3955 Ἰερουσαλὴμ,
3275 3885 3356 3937 ὅτι
3394 3903 3413 3935 (
3453 3884 3659 3936 Ἔσται

2067 3974 2125 4024 ἐν
2148 3975 2264 4037 ταῖς
2315 3975 2571 4043 ἐσχάταις
2610 3975 2846 4047 ἡμέραις
2885 3976 3127 4047 ἐμφανὲς
3153 3977 3214 4029 τὸ
3254 3976 3379 4048 ὅρος
3416 3977 3656 4047 Κυρίου,

2067 4064 2161 4116 καὶ
2223 4060 2371 4129 οἶκος
2422 4065 2517 4119 τοῦ
2560 4066 2695 4119 Θεοῦ
2754 4068 2842 4120 ἐπ’
2888 4067 3074 4138 ἄκρων
3133 4066 3244 4121 τῶν
3294 4069 3497 4139 ὀρέων,
3560 4068 3660 4120 καὶ

2068 4157 2414 4230 ὑψωθήσεται
2479 4159 2730 4230 ὑπεράνω
2766 4159 2874 4213 τῶν
2918 4158 3141 4228 βουνῶν,
3176 4161 3269 4213 καὶ
3310 4158 3529 4230 ἥξουσιν
3566 4161 3659 4213 ἐπ’

2069 4250 2201 4303 αὑτὸ
2256 4253 2433 4306 πάντα
2473 4253 2540 4306 τὰ
2591 4252 2740 4325 ἔθνη,
2764 4253 2858 4307 καὶ
2890 4252 3247 4322 πορεύσονται
3282 4251 3412 4323 ἔθνη
3459 4252 3657 4317 πολλὰ,

2070 4344 2164 4396 καὶ
2196 4345 2450 4415 ἐροῦσιν·
2499 4346 2662 4399 Δεῦτε
2699 4347 2793 4401 καὶ
2831 4346 3120 4417 ἀναϐὧμεν
3160 4348 3240 4410 είς
3280 4346 3341 4400 τὸ
3383 4346 3508 4418 ὅρος
3542 4347 3661 4399 Κυ-

2075 4438 2214 4509 ρίου,
2247 4440 2341 4491 καὶ
2371 4441 2449 4503 εἰς
2474 4440 2565 4493 τὸν
2593 4436 2739 4494 οἷκον
2764 4440 2857 4493 τοῦ
2899 4438 3035 4492 Θεοῦ
3078 4438 3293 4493 Ἰακώϐ.
3319 4459 3337 4490 ›
3370 4439 3482 4493 Καὶ
3523 4440 3661 4510 περὶ

2076 4527 2174 4597 μὲν
2215 4527 2322 4580 τῶν
2362 4527 2531 4582 ἐθνῶν
2567 4529 2820 4583 ἁπάντων
2852 4528 3077 4583 τοιαῦτα
3117 4529 3394 4594 θεσπίζει·
3430 4528 3565 4600 περὶ
3600 4529 3659 4583 δὲ

2075 4617 2182 4670 τῶν
2209 4617 2476 4671 Ἰουδαίων
2506 4620 2631 4691 ἐξῆς
2653 4617 2741 4673 οἷα
2770 4620 3033 4689 ἐπιλέγει,
3065 4619 3231 4674 ἄκουε
3249 4636 3262 4650 ο
3288 4639 3307 4671 ι
3331 4619 3524 4690 Ἀνῆκε
3548 4618 3663 4690 γὰρ

2074 4709 2165 4763 τὸν
2195 4709 2322 4763 λαὸν
2343 4710 2501 4764 αὑτοῦ
2524 4713 2615 4765 τὸν
2647 4710 2793 4766 οἷκον
2819 4712 2910 4766 τοῦ
2927 4710 3062 4766 Θεοῦ
3099 4711 3311 4777 Ἰακὼϐ,
3330 4713 3410 4765 ὃτι
3429 4710 3663 4782 ἐνεπλή-

2077 4801 2174 4871 σθη
2211 4803 2287 4865 ὡς
2311 4802 2372 4856 τὸ
2404 4804 2656 4874 ἀπαρχῆς
2678 4806 2710 4875 ἡ
2748 4802 2898 4875 χώρα
2920 4804 3099 4857 αὐτῶν
3115 4802 3598 4876 κληδονισμῶν,ὡς
3627 4803 3663 4873 ἠ

2074 4892 2182 4946 τῶν
2208 4893 2538 4963 ἀλλοφύλων,
2573 4896 2667 4948 καὶ
2695 4896 2857 4948 τέκνα
2890 4896 3059 4949 πολλὰ
3090 4894 3362 4965 ἀλλόφυλα
3394 4894 3662 4965 ἐγεννήθη

2078 4984 2279 5048 αὐτοῖς.
2321 4986 2653 5057 Ἐνεπλήσθη
2685 4986 2793 5057 γὰρ
2813 4989 2846 5056 ἡ
2871 4986 3024 5059 χώρα
3051 4986 3231 5040 αὐτῶν
3257 4986 3545 5058 ἀργυρίου,
3569 4985 3664 5038 καὶ

2078 5078 2324 5148 χρυσίου,
2365 5077 2460 5131 καὶ
2488 5078 2589 5133 οὐκ
2621 5074 2689 5149 ἦν
2719 5078 2949 5149 ἀριθμὸς
2972 5078 3079 5131 τῶν
3103 5076 3393 5149 θησαυρῶν
3421 5077 3657 5140 αὐτῶνθ

2078 5168 2173 5221 καὶ
2204 5168 2271 5221 τὰ
2304 5168 2431 5240 ἑξῆς
2460 5171 2686 5233 τούτων,
2719 5169 3063 5223 ὅντα-πλείω·
3091 5163 3172 5232 οἷς
3199 5169 3478 5240 ἐπιφέρει·
3508 5187 3526 5219 ι
3550 5169 3664 5222 Καὶ

2079 5260 2490 5331 προσεκύνησαν
2525 5256 2605 5325 οἷς
2634 5262 2893 5332 ἐποίησαν
2932 5264 2980 5314 οί
3018 5260 3268 5314 δάκτυλοι
3305 5259 3521 5323 αὐτῶν,
3569 5260 3665 5313 καὶ

2076 5350 2276 5421 ἔκυψεν
2301 5352 2606 5422 ἄνθρωπος,
2633 5353 2727 5406 καὶ
2754 5349 3112 5421 ἐταπεινώθη,
3146 5351 3240 5404 καὶ
3266 5351 3327 5403 οὐ
3364 5351 3441 5422 μὴ
3476 5351 3664 5421 ἀνήσω

2076 5443 2293 5507 αὑτοὺς,
2330 5444 2424 5497 καὶ
2451 5444 2545 5499 νῦν
2581 5443 2851 5498 εἰσέλθετε
2894 5446 2972 5506 είς
3001 5443 3100 5508 τὰς
3141 5443 3367 5515 πέτρας,
3401 5442 3497 5497 καὶ
3528 5440 3663 5513 κρύ-

2078 5533 2277 5586 πτεσθε
2307 5536 2384 5598 είς
2409 5535 2507 5604 τὴν
2540 5535 2644 5605 γῆν
2669 5536 2776 5589 ἀπὸ
2799 5535 3091 5607 προσώπου
3117 5533 3211 5586 τοῦ
3236 5532 3404 5603 φόϐου
3430 5532 3660 5602 Κυρίου.

2079 5626 2172 5679 καὶ
2204 5625 2313 5679 ἀπὸ
2347 5625 2640 5698 προσώπου
2683 5628 2782 5699 τῆς
2825 5626 2984 5699 δόξης
3029 5622 3197 5680 αὑτοῦ
3219 5663 3236 5692 ,
3282 5624 3413 5681 ὅταν
3451 5625 3661 5695 ἀναστῇ

471 5805 518 5837 ’⁸
546 5801 652 5860 Isa.
684 5819 724 5871 ι,
746 5804 926 5866 30,51.
1009 5807 1054 5839 "
1089 5803 1195 5862 lsa.
1230 5821 1291 5874 tt,
1326 5806 1379 5863 1.
1453 5806 1506 5839 ⁴⁰
1541 5803 1674 5863 ibid.
1699 5805 1822 5861 2-3.
1900 5806 1941 5838 ³¹

2074 5804 2101 5877 ι.
2129 5802 2248 5862 es.
