3828 6216
268 416 378 473 155

1191 412 1849 471 DEMONSTRATIONIS
1888 412 2348 472 EVANGELICIE
2382 415 2515 473 LIB.
2544 415 2609 471 11.

3421 424 3524 479 154

265 529 505 603 θραῦσαι
532 530 633 600 τὴν
670 528 795 598 γῆν.
828 547 848 579 ι
874 529 959 580 Δι’
981 519 1056 581 ὧν
1076 527 1264 595 σαφῶς
1294 527 1587 581 ἀνάστασιν
1617 546 1736 582 τινα
1757 545 1819 581 το

1923 576 1929 589 ,
1957 536 2009 583 et
2037 544 2144 582 non
2176 528 2440 583 dimittam
2465 545 2560 586 eos
2591 549 2604 584 :
2634 539 2687 585 et
2710 546 2854 586 nunc
2878 532 3222 602 ingredimini
3241 537 3294 592 in
3313 548 3521 608 petras,

263 622 471 693 Κυρίω
503 622 744 676 διδάσκει
776 620 995 674 ἔσεσθαι
1015 659 1029 678 .
1057 620 1114 672 ἐν
1140 614 1175 694 ᾖ
1204 619 1639 691 θραυσθήσεσθαι
1671 623 1868 685 πᾶσαν,

263 714 364 785 τὴν
408 713 515 783 γῆν
561 713 655 766 τοῦ
695 711 963 766 Ἰουδαίων
1005 703 1226 769 ἔθνουςο
1272 710 1400 781 περὶ
1443 709 1622 764 αὐτῶν
1668 711 1776 781 γάρ
1822 713 1850 764 ὁ

265 807 376 869 πᾶς
394 802 463 876 ἦν
482 804 659 873 λόγος,
685 804 874 874 ῶσπερ
898 804 990 858 καὶ
1021 808 1168 874 ὲςης,
1198 803 1265 857 δι’
1289 798 1349 857 οὗ
1376 820 1539 873 φησιν
1556 820 1569 830 ο
1596 823 1614 853 ι
1639 803 1849 874 Ἡμέρα

262 898 374 968 γὰρ
405 898 611 968 Κυρίου
635 895 862 949 Σαϐαὼθ
895 897 987 949 ἐπὶ
1015 896 1193 949 πάντα
1221 894 1480 967 ὑϐριστὴν
1512 894 1607 948 καὶ
1639 895 1849 965 ὑπερή-

260 1005 463 1056 φανον,
498 988 593 1041 καί⁸
622 989 717 1041 ἐπί
769 988 945 1040 πάντα
979 987 1179 1058 ὑψηλὸν
1234 988 1326 1042 καί
1362 986 1654 1057 μετέωρον,
1698 1006 1716 1037 ι
1755 985 1848 1038 καὶ

259 1081 330 1134 τά
360 1079 574 1142 τούτοις
599 1078 885 1132 ἀκόλουθα.
919 1080 1007 1131 Ἑν
1036 1078 1209 1150 ταύτῃ
1245 1077 1531 1147 τοιγαροῦν
1568 1079 1634 1146 τῇ
1667 1076 1847 1147 ἡμέρα

259 1170 360 1240 τῆς
395 1168 744 1232 ἀναστάσεως
778 1168 871 1221 τοῦ
914 1167 1143 1240 Κυρίου,
1178 1169 1244 1220 τά
1288 1167 1430 1221 κατὰ
1474 1168 1583 1220 τῶν
1621 1168 1844 1238 ἐπαιρο-

261 1262 448 1331 μένων
480 1261 622 1315 κατά
652 1262 753 1331 τῆς
791 1260 1046 1323 γνώσεως
1087 1260 1179 1312 τοῦ
1224 1258 1360 1312 Θεοῦ
1400 1259 1841 1330 προαγορεύσας,

264 1372 284 1403 σ
321 1353 413 1405 Ἐν
448 1353 585 1422 αὐτῇ
610 1350 810 1423 ταύτῃ,
843 1351 998 1420 φησί,
1034 1352 1098 1420 τῇ
1130 1350 1312 1421 ἡμέρᾳ
1348 1348 1692 1421 ὑψωθήσεται
1731 1349 1843 1401 Κύ-

257 1462 396 1516 ριος,
428 1445 523 1498 καί⁸
555 1444 624 1497 τά
656 1443 1005 1515 χειροποίητα
1038 1442 1219 1495 πάντα
1248 1441 1688 1513 κατακρύψουσιν
1731 1444 1841 1494 εἰσ-

254 1535 581 1602 ενὲγκαντες
620 1536 701 1598 εἰς
731 1534 800 1587 τά
845 1534 1113 1604 σπήλαια,
1154 1552 1173 1584 ι
1220 1533 1503 1605 μονονουχὶ
1541 1532 1713 1603 δηλῶν
1744 1531 1838 1604 τὴν

253 1627 608 1698 ἀποστροφὴν
638 1627 749 1679 τῶν
792 1626 1024 1679 εἰδώλων
1048 1667 1062 1689 ,
1102 1627 1168 1696 ἢν
1213 1626 1643 1697 ἀπεστράφησαν
1687 1626 1838 1679 αὐτοί

249 1736 315 1772 τε
351 1720 615 1783 Ἰουδαῖοι,
654 1719 749 1772 καὶ
784 1719 832 1771 οἱ
880 1718 1056 1771 λοιποὶ
1112 1719 1310 1782 πάντες
1370 1718 1647 1789 ἀνθρωττοι
1702 1718 1838 1789 μετά

250 1810 352 1882 τὴν
382 1810 477 1864 τοῦ
512 1812 761 1881 Σωτῆρος
803 1809 961 1880 ἡμῶν
998 1810 1341 1877 ἐπιφάνειαν,
1388 1812 1837 1873 καταπτύσαντες

1954 626 2009 672 et
2037 619 2435 675 abscondimini
2465 622 2520 676 in
2550 630 2752 677 terram
2787 639 2815 678 a
2853 626 2990 681 facie
3020 626 3236 684 timoris
3269 628 3521 697 Domini,

1952 713 2006 761 et
2046 723 2075 761 a
2121 707 2260 762 facie
2311 710 2498 772 gloriae
2539 711 2696 781 ejus,
2747 728 2869 767 cum
2916 717 3214 771 surrexerit
3259 732 3524 787 quassare

1950 806 2152 851 terram
2185 800 2252 852 ⁸¹.
2293 820 2312 852 ι
2349 801 2559 866 Quibus
2590 804 2769 859 verbis
2801 806 2959 875 plane
2989 817 3364 864 surrecturum
3397 826 3524 867 esse

1949 888 2237 945 Dominum
2269 890 2475 946 indicat
2501 933 2515 957 ,
2552 902 2605 948 et
2636 896 2948 951 universam
2973 907 3175 953 terram
3208 903 3386 971 gentis
3414 902 3520 958 Ju-

1947 982 2116 1037 daicae
2144 990 2529 1053 quassaturum
2564 985 2665 1040 :de
2708 986 2910 1044 Judmis
2942 991 3085 1045 enim
3127 994 3303 1048 omnis
3339 1010 3521 1052 sermo

1946 1082 2030 1128 est
2058 1114 2073 1135 ,
2106 1076 2564 1145 quemadmodum
2599 1079 2760 1133 etiam
2791 1081 2845 1134 in
2877 1084 3250 1151 sequentibus,
3284 1086 3374 1140 ubi
3399 1087 3516 1144 ait:

1954 1182 1973 1215 ›
2009 1163 2135 1219 Dies
2156 1166 2300 1220 enim
2326 1166 2539 1222 Domini
2566 1168 2800 1225 Sabaoth
2831 1188 2995 1242 super
3022 1190 3236 1229 omnem
3268 1178 3520 1247 petulan-

1944 1262 2051 1311 tem
2078 1265 2132 1311 et
2163 1258 2477 1327 superbum,
2509 1269 2564 1313 et
2599 1277 2765 1331 super
2793 1277 3007 1319 omnem
3031 1268 3305 1324 excelsum
3335 1280 3389 1326 et
3416 1287 3517 1326 su—

1943 1347 2161 1403 blimem
2194 1350 2260 1413 ³³,
2301 1368 2320 1400 ι
2355 1365 2585 1420 quaeque
2615 1353 2701 1407 his
2730 1353 2988 1425 deinceps
3022 1368 3392 1415 consentanea
3424 1362 3514 1417 di-

1940 1447 2157 1494 cuntur.
2206 1440 2264 1493 In
2301 1441 2401 1494 hac
2445 1443 2610 1512 igitur
2644 1444 2766 1505 die,
2821 1446 2875 1499 in
2906 1462 3011 1516 qua
3049 1460 3399 1508 surrecturus
3426 1461 3514 1508 est

1937 1523 2220 1591 Dominus,
2256 1539 2541 1599 postquam
2578 1534 2904 1589 vaticinatus
2928 1544 3012 1590 est
3046 1548 3235 1593 contra
3267 1556 3383 1604 eos,
3418 1543 3512 1612 qui

1936 1618 2272 1673 extolluntur
2303 1620 2566 1678 adversus
2601 1625 2965 1694 cognitionem
3006 1626 3136 1693 Dei,
3177 1638 3290 1684 tum
3322 1632 3373 1685 in
3408 1633 3513 1687 hac

1933 1707 2073 1777 ipsa,
2107 1709 2351 1780 inquam,
2374 1712 2462 1767 die
2485 1752 2501 1777 ,
2537 1712 2825 1768 Dominum
2850 1717 2902 1770 id
2932 1716 3204 1773 facturum
3244 1723 3511 1792 propheta

1938 1802 2208 1872 significat
2250 1824 2261 1858 :
2299 1823 2319 1856 ι
2360 1805 2666 1862 Extolletur
2697 1828 2715 1861 ›
2757 1809 2979 1879 inquit,
3017 1811 3278 1868 Dominus
3320 1816 3374 1869 in
3420 1817 3509 1871 die

249 1903 439 1972 πάσης
494 1901 934 1973 δεισιδαιμονίας·
986 1920 1003 1952 ι
1057 1902 1134 1971 Τῇ
1180 1900 1308 1969 γοῦν
1363 1900 1541 1974 ἡμέρα
1606 1901 1821 1971 ἐκείνῃκ

1929 1893 2021 1947 illa
2047 1912 2060 1948 :
2088 1902 2142 1950 et
2168 1896 2479 1953 manufacta
2511 1901 2691 1954 omnia
2718 1902 3093 1968 occultabunt,
3120 1904 3507 1964 introferentes

250 1995 442 2065 φησὶν,
476 1993 702 2047 ἐκϐαλεῖ
771 1992 1057 2064 ἄνθρωπος
1097 1992 1166 2045 τὰ
1197 1991 1539 2063 βδελύγματα
1572 1990 1732 2045 αὑτοῦ
1764 1990 1833 2044 τὰ

249 2086 451 2157 χρυσᾶ,
481 2085 575 2137 καὶ
597 2084 667 2138 τά
706 2086 926 2155 ἀργυρᾶ
952 2083 988 2137 ἃ
1039 2084 1300 2155 ἐποίησαν
1319 2125 1334 2148 ,
1368 2087 1691 2157 προσκυνεῖν
1719 2086 1832 2147 τοῖς

251 2177 537 2246 ματαίοις,
571 2195 589 2227 ι
617 2175 870 2238 καθόλου,
897 2176 972 2239 ὡς
1004 2175 1170 2239 εἰκὸς,
1203 2175 1297 2229 καὶ
1332 2176 1461 2247 περί
1500 2174 1701 2238 παντὸς
1734 2176 1829 2228 άν-

246 2266 474 2340 θρὼπου
500 2266 670 2322 ταῦτα
699 2266 999 2335 ἀναφωνῶν
1028 2266 1115 2319 διὰ
1152 2267 1250 2338 τὴν
1284 2266 1579 2337 μέλλουσαν
1613 2266 1829 2320 ἔσεσθαι

244 2361 362 2414 τῶν
395 2361 562 2414 ἐθνῶν
591 2360 802 2433 κλῆσιν.
838 2360 1007 2423 Ἱδίως
1032 2359 1089 2412 δὲ
1111 2356 1268 2423 αὖθις
1290 2358 1530 2431 περὶτοῦ
1567 2360 1829 2415 Ἰουδαίων

245 2450 442 2516 ἔθνους
484 2451 590 2505 ὑπὸ
631 2452 759 2522 μίαν
798 2451 1036 2505 διάνοιαν
1080 2451 1207 2522 ἐξῆς
1247 2451 1519 2521 ἐπιλέγει’
1571 2471 1590 2502 ι
1632 2453 1760 2505 Ἰδοὺ
1800 2455 1828 2506 ὁ

243 2545 529 2614 Δεσπότης
565 2545 769 2616 Κύριος
795 2541 1019 2597 Σαϐαὼθ
1055 2544 1245 2612 ἀφελεῖ
1279 2544 1385 2597 ἀπὸ
1416 2544 1517 2614 τῆς
1549 2545 1826 2612 Ἰουδαίας,

246 2637 346 2689 καὶ
377 2636 490 2689 ἀπὸ
528 2636 883 2707 Ἰερουσαλὴμ
917 2634 1189 2706 ἰσχύοντα,
1219 2636 1314 2688 καὶ
1337 2635 1644 2705 ἰσχύουσαν,
1677 2636 1827 2706 ἰσχὺν

244 2726 443 2799 ἄρτου,
480 2728 574 2780 καὶ
600 2727 753 2798 ἰσχὺν
786 2726 997 2790 ὓδατος,
1032 2726 1285 2795 γίγαντα,
1316 2725 1409 2779 καὶ
1444 2726 1713 2796 ἰσχύοντα,
1734 2728 1827 2780 καὶ

242 2818 534 2890 ἄνθρωπον
561 2818 911 2888 πολεμιστὴν,
937 2818 1032 2871 καὶ
1064 2817 1323 2887 δικαστὴν
1344 2857 1359 2880 ,
1388 2817 1484 2870 καὶ
1520 2819 1822 2889 προφήτην,

242 2909 345 2963 καὶ
375 2908 696 2980 στοχαστὴν,
729 2910 824 2962 καὶ
863 2909 1254 2980 πρεσϐύτερον,
1296 2909 1391 2961 καί⁵
1430 2909 1827 2981 τιςεντηκόνιτῖαρ⁹

240 3014 374 3067 χον,
432 2998 526 3050 καί
563 2996 873 3067 θαυμαστὸν
937 2996 1270 3067 σύμϐουλον,
1319 2996 1413 3048 καὶ
1463 2994 1623 3064 σοφὸν
1669 2998 1826 3070 ἀρχι-

239 3086 471 3139 τέκτονα
495 3125 512 3149 ,
556 3086 652 3139 καὶ
704 3087 920 3140 συνετὸν
975 3088 1250 3157 ἀκροατὴν
1270 3128 1284 3152 ,
1320 3105 1339 3139 ι
1384 3087 1477 3139 καί
1508 3086 1577 3141 τά
1618 3086 1823 3152 τούτοις

239 3177 394 3247 ἑξῆς.
431 3177 600 3230 Ἔνθα
626 3178 946 3248 ἐπιστήσας,
972 3177 1215 3250 παράθες
1233 3179 1302 3232 τὰ
1326 3178 1701 3249 προλεγόμενα
1724 3181 1823 3250 τῆς

238 3270 585 3340 προφητείας
617 3270 683 3323 δι’
708 3263 785 3323 ὧν
822 3269 1065 3340 εἴρηται,
1098 3290 1117 3321 ι
1154 3271 1211 3323 '0
1250 3271 1423 3339 Λόγος
1468 3273 1497 3324 ὁ
1532 3272 1820 3341 γενόμενος

238 3364 393 3434 παρὰ
425 3364 632 3434 Κυρίου
675 3364 811 3435 πρὸς
860 3364 1104 3427 Ἡσαΐαν,
1132 3365 1245 3417 υἱὸν
1291 3363 1491 3435 Ἀμὼς,
1539 3364 1679 3435 ὑπὲρ
1723 3364 1820 3435 τῆς

248 3453 513 3517 Ἰουδαίας
555 3455 651 3508 καὶ
683 3455 821 3526 ὑπὲρ
873 3453 1244 3525 Ἰερουσαλὴμ,
1273 3474 1290 3506 ι
1330 3456 1404 3519 ὡς
1454 3455 1652 3525 μᾶλλον
1696 3459 1819 3509 κατ’

235 3546 420 3600 αὐτῶν
462 3545 496 3615 ἢ
544 3546 684 3616 ὑπὲρ
730 3544 911 3598 αὐτῶν
960 3544 1030 3598 τά
1074 3545 1481 3615 ὲπενηνεγμένα
1524 3545 1815 3616 τυγχάνει’

239 3640 290 3691 εἰ
325 3640 399 3708 μή
435 3654 520 3700 τις
558 3637 669 3708 ἄρα
700 3639 756 3689 ἐν
788 3636 997 3699 τούτοις
1021 3636 1295 3690 λανθάνων
1328 3637 1638 3709 περιέχεται
1671 3637 1814 3700 νοῦς.

233 3726 366 3788 Πῶς
398 3725 545 3797 γὰρ,
604 3725 811 3797 μέλλων
857 3727 1112 3796 ἀφαιρεῖν
1157 3725 1264 3779 ἀπὸ
1290 3727 1388 3797 τῆς
1426 3727 1681 3791 Ἰουδαίας
1723 3728 1816 3781 καὶ

235 3816 348 3869 ἀπὸ
406 3816 763 3888 Ἰερουσαλὴμ
811 3817 1060 3887 ἰσχύοντα
1122 3817 1218 3871 καὶ
1280 3817 1604 3888 ἰσχύουσαν,
1664 3819 1816 3889 ίσχὺν

238 3907 411 3977 ἄρτου
450 3908 544 3961 καὶ
569 3909 722 3979 ἰσχὺν
752 3907 962 3971 ὓδατος,
988 3908 1083 3962 καὶ
1110 3907 1285 3960 πάντα
1311 3908 1378 3963 τά
1416 3910 1472 3961 ἐν
1503 3909 1686 3972 αὐτοῖς
1714 3910 1816 3963 πά-

231 4000 328 4055 λαι
358 4000 747 4071 διαπρέποντα,
762 4002 904 4072 ὑπὲρ
922 4001 1023 4070 τῆς
1055 4001 1314 4065 Ἰουδαίας
1339 4002 1433 4055 καὶ
1455 4002 1595 4074 ὑπὲρ
1622 4005 1686 4055 Ἰε
1697 4020 1815 4074 ρου-

235 4092 425 4164 σαλὴμ
477 4093 694 4147 ἔσεσθαι
747 4094 817 4148 τὰ
856 4093 1222 4163 θεσπιζὸμενα
1268 4092 1562 4165 προῦλεγες
1602 4094 1719 4158 πῶς
1756 4095 1813 4148 δέ

228 4183 378 4254 ὑπὲρ
437 4182 615 4236 αὐτῶν
674 4183 790 4237 ἐστι
839 4184 933 4238 καὶ
992 4184 1061 4238 τά
1124 4184 1252 4254 ἑξῆς
1305 4180 1461 4247 αὖθις
1526 4185 1809 4254 λέγεσθαις

238 4294 258 4325 σ
301 4275 539 4328 ’Δνεῖται
571 4275 947 4347 Ἰερουσαλὴμ,
981 4277 1074 4329 καὶ
1099 4278 1132 4346 ὴ
1170 4274 1397 4329 Ἰουδαία
1420 4276 1807 4347 συμπέπτωκε,

227 4367 329 4421 καὶ
386 4368 445 4419 αἰ
504 4366 745 4434 γλῶσσαι
793 4367 973 4421 αὐτῶν
1032 4366 1170 4437 μετὰ
1229 4367 1490 4437 ἀνομίας,
1544 4366 1611 4420 τὰ
1674 4368 1810 4439 πρὸς

226 4455 439 4526 Κύριον
484 4456 896 4520 ἀπειθοῦντες.»
941 4456 1100 4509 Ἀλλὰ
1126 4456 1235 4525 γάρ
1282 4457 1339 4509 ὲν
1381 4455 1567 4525 τοιῷδε
1609 4458 1803 4529 καιρῷ,

1932 1999 1998 2039 ea
2030 1986 2085 2039 in
2119 1987 2405 2055 speluncas
2442 1989 2528 2043 ’δε
2570 1984 2587 2040 ι
2626 1991 2716 2046 ubi
2760 1993 3149 2063 propemodum
3196 1996 3401 2050 indicat
3447 2013 3508 2052 a-

1931 2076 2234 2133 versionem
2268 2093 2298 2131 a
2327 2072 2656 2146 simulacris,
2691 2098 2798 2152 qua
2830 2086 3009 2140 aversi
3039 2094 3164 2141 sunt
3192 2096 3246 2141 et
3279 2088 3382 2157 ipsi
3408 2084 3505 2145 Ju-

1930 2166 2030 2222 ἀεὶ
2062 2208 2077 2232 ,
2124 2178 2178 2224 et
2210 2185 2399 2226 omnes
2452 2174 2649 2243 reliqui
2692 2175 2939 2231 homines
2974 2220 2989 2244 ,
3040 2188 3162 2249 post
3206 2179 3504 2246 Salvatoris

1931 2259 2106 2313 nostri
2142 2259 2432 2315 adventum
2460 2304 2474 2326 ,
2529 2264 2748 2333 quando
2804 2281 3019 2322 omnem
3061 2270 3499 2338 superstitionem

1930 2352 2204 2419 aspernati
2238 2361 2385 2406 sunt.
2423 2372 2441 2403 ι
2476 2353 2619 2426 Ergo
2651 2356 2704 2410 in
2736 2357 2824 2413 die
2852 2358 2943 2413 illa
2970 2401 2986 2424 ,
3023 2361 3240 2433 inquit,
3282 2364 3500 2433 abjiciet

1930 2440 2093 2495 homo
2121 2442 2555 2499 abominationes
2586 2461 2715 2501 suas
2745 2462 2941 2504 aureas
2965 2459 3129 2520 atque
3163 2463 3449 2522 argenteas
3478 2493 3496 2519 ,

1928 2549 2067 2603 quas
2097 2534 2379 2598 fecerunt,
2411 2547 2468 2592 ut
2502 2539 2793 2595 adorarent
2820 2544 3003 2597 inania
3032 2545 3098 2599 ³⁸.
3137 2566 3156 2598 ι
3197 2545 3295 2600 Ubi
3328 2548 3443 2604 hac
3479 2588 3499 2617 ,

1926 2632 1988 2679 ut
2016 2640 2110 2695 par
2138 2637 2219 2681 est
2243 2666 2257 2690 ,
2288 2627 2355 2701 de
2375 2631 2524 2683 omni
2557 2631 2775 2689 homine
2804 2637 3098 2690 enuntians
3124 2675 3137 2699 ,
3162 2648 3386 2707 pr0pter
3406 2638 3498 2694 fu-

1925 2723 2102 2770 turam
2125 2719 2363 2788 gentium
2404 2723 2737 2779 vocationem
2761 2765 2777 2788 ,
2813 2734 2928 2780 tum
2959 2731 3249 2797 separatim
3296 2746 3495 2788 rursus

1928 2808 2030 2863 sub
2061 2824 2222 2863 unam
2255 2813 2577 2866 sententiam
2613 2816 2679 2869 de
2706 2814 2932 2872 Judaica
2963 2829 3122 2889 gente
3148 2823 3417 2892 adjungit,
3443 2832 3497 2878 et

1925 2898 2083 2955 dicit:
2110 2919 2128 2951 ι
2154 2900 2292 2956 Ecce
2307 2901 2617 2958 dominator
2637 2907 2899 2963 Dominus
2919 2908 3182 2978 Sabaoth,
3199 2913 3408 2969 auferet
3428 2914 3499 2971 de

1923 2982 2109 3039 Judara
2148 2995 2203 3042 et
2243 2987 2310 3042 de
2349 2988 2650 3047 Jerusalem
2681 2995 2857 3050 virum
2899 2999 3183 3054 robustum
3211 3043 3224 3067 ,
3254 3010 3308 3057 et
3338 3002 3495 3058 femi-

1925 3090 2051 3129 nam
2082 3078 2351 3134 valentem
2372 3121 2389 3147 ,
2430 3082 2600 3137 robur
2633 3087 2792 3155 panis
2819 3126 2834 3150 ,
2867 3098 2920 3143 et
2970 3091 3136 3145 robur
3174 3108 3327 3163 aquae
3350 3136 3364 3160 ,
3406 3095 3492 3165 gi-

1925 3176 2139 3237 gantem
2163 3208 2178 3234 ,
2210 3180 2263 3225 et
2295 3172 2582 3229 robustum
2611 3215 2626 3240 ,
2656 3183 2711 3231 et
2750 3178 3023 3235 hominem
3054 3183 3404 3248 bellatorem,
3438 3194 3496 3241 et

1918 3260 2178 3329 judicem,
2201 3270 2254 3318 et
2282 3265 2622 3335 prophetam,
2641 3276 2695 3323 et
2727 3271 3116 3341 coniectorem,
3138 3283 3187 3329 et
3214 3276 3328 3347 68
3343 3277 3491 3332 seni-

1921 3366 2069 3407 orem
2097 3393 2113 3418 ,
2145 3362 2199 3409 et
2234 3359 2533 3429 principem
2569 3375 2734 3430 super
2765 3364 3160 3435 quinquaginta
3196 3409 3210 3433 ,
3245 3381 3299 3422 et
3325 3370 3492 3424 mira-

1922 3443 2081 3498 bilem
2111 3449 2512 3516 consiliarium,
2550 3458 2604 3506 et
2627 3452 2843 3507 doctum
2876 3456 3262 3522 architectum,
3287 3467 3340 3513 et
3362 3476 3494 3530 pru-

1919 3531 2133 3588 dentem
2156 3535 2459 3593 auditorem
2488 3540 2555 3605 “,
2591 3559 2611 3591 ι
2637 3548 2691 3595 et
2720 3556 2841 3611 qua:
2861 3553 3185 3613 sequuntur.
3209 3546 3341 3612 Qua:
3364 3564 3488 3603 cum

1917 3623 2229 3695 diligentius
2258 3629 2552 3686 attenderis
2573 3671 2588 3695 ,
2627 3633 2886 3701 apponito
2916 3634 2983 3689 iis
3014 3651 3137 3705 quae
3167 3636 3323 3692 initio
3353 3653 3483 3707 pro-

1916 3715 2112 3784 phetite
2137 3718 2282 3772 dicta
2312 3730 2461 3785 sunt,
2487 3736 2607 3791 quae
2635 3724 2715 3777 sic
2737 3723 2938 3779 habent
2963 3745 2975 3781 :
3010 3745 3029 3777 ι
3065 3726 3303 3782 Verbum
3335 3728 3485 3798 quod

1918 3806 2119 3862 factum
2152 3820 2234 3865 est
2277 3825 2306 3864 a
2339 3811 2569 3866 Domino
2603 3814 2670 3867 ad
2701 3815 2895 3869 Isaiam
2934 3817 3101 3871 tilium
3134 3818 3301 3875 Amos
3320 3835 3486 3889 super

1913 3897 2099 3953 Judaea
2124 3941 2138 3965 ,
2173 3909 2228 3955 et
2278 3916 2443 3971 super
2488 3900 2786 3960 Jerusalem
2811 3906 2854 3939 ³⁷
2880 3945 2895 3972 ,
2931 3917 2989 3961 ut
3019 3924 3138 3977 qua:
3163 3909 3243 3964 sic
3272 3910 3483 3979 prolata

1916 3998 2064 4054 sunt,
2089 3993 2260 4062 magis
2289 4002 2479 4048 contra
2499 3995 2669 4065 ipsus,
2699 4011 2863 4065 quam
2897 4012 2997 4066 pro
3027 3998 3163 4068 ipsis
3187 4000 3479 4066 exsistant,

1914 4082 2018 4137 nisi
2046 4082 2183 4137 forte
2218 4083 2272 4137 in
2305 4084 2391 4139 his
2418 4086 2614 4156 aliquis
2648 4089 2821 4143 latens
2850 4089 3329 4159 comprehenditur
3356 4107 3484 4147 sen-

1913 4189 2028 4229 sus.
2062 4172 2166 4239 Qui
2194 4175 2336 4229 enim
2372 4174 2485 4231 ﬁeri
2517 4185 2697 4247 potest
2728 4217 2743 4243 ,
2795 4187 2851 4233 ut
2885 4181 2932 4234 is
2968 4181 3062 4247 qui
3094 4181 3376 4236 ablaturus
3409 4183 3484 4237 sit

1912 4266 1979 4320 ab
2005 4264 2189 4321 Judaza
2222 4305 2237 4330 ,
2264 4274 2317 4322 et
2372 4268 2443 4321 ah
2478 4267 2781 4325 Jerusalem
2809 4310 2824 4331 ,
2869 4270 3044 4324 virutn
3075 4271 3357 4326 robustum
3383 4312 3399 4337 ,
3426 4280 3482 4328 et

1909 4358 2166 4413 feminam
2199 4360 2464 4416 valentem
2491 4399 2507 4423 ,
2553 4361 2721 4415 robur
2760 4361 2916 4429 panis
2945 4400 2960 4424 ,
2994 4368 3048 4412 et
3078 4362 3245 4416 robur
3275 4377 3432 4431 aqua;
3461 4403 3477 4424 ,

1908 4459 1963 4505 et
1991 4453 2174 4505 omnia
2216 4468 2557 4523 quaecunque
2598 4454 2726 4507 olim
2768 4453 2822 4506 in
2854 4452 2934 4508 eis
2963 4453 3281 4523 dignitatem
3310 4454 3479 4511 habe-

224 4551 286 4601 ἐν
312 4542 362 4616 ᾧ
384 4548 447 4602 τὸ
470 4549 594 4619 ὅρος
635 4549 839 4621 Κυρίου
880 4551 1015 4602 πᾶσι
1061 4551 1173 4612 τοῖς
1215 4547 1420 4601 ἔθνεσιν
1455 4548 1668 4617 ἀνάγκη
1706 4566 1805 4619 κη-

1923 4550 2038 4596 ]θηι
2061 4582 2076 4605 ,
2132 4559 2230 4612 pro
2257 4543 2442 4599 Judzea
2467 4584 2481 4608 ,
2529 4554 2584 4599 et
2627 4558 2724 4613 pro
2760 4542 3057 4599 Jerusalem
3098 4544 3275 4599 futura
3300 4562 3426 4602 esse
3457 4586 3474 4612 ,

225 4641 547 4713 ρύττεσθαι,
576 4642 605 4695 ὃ
635 4657 694 4694 τε
721 4642 813 4694 ἐπὶ
834 4640 928 4694 τοῦ
961 4640 1122 4711 όρους
1157 4635 1305 4704 οἶκος
1328 4640 1423 4694 τοῦ
1457 4639 1611 4701 Θεοῦ,
1636 4641 1721 4709 ἐφ’
1744 4632 1805 4694 οὗ

224 4732 410 4786 πάντα
435 4731 506 4784 τά
533 4732 659 4803 ἔθνη
688 4734 935 4787 συνιόντα
957 4732 1114 4801 φασίο
1140 4749 1158 4782 ι
1181 4731 1366 4794 Δεῦτε,
1397 4731 1491 4783 καὶ
1516 4730 1805 4801 ἀναδῶμεν

222 4824 310 4886 εἰς
340 4822 403 4875 τὸ
431 4823 558 4893 ὅρος
596 4824 822 4894 Κυρίου,
858 4824 953 4877 καὶ
979 4825 1058 4886 εἰς
1086 4823 1178 4876 τὸν
1202 4817 1347 4875 οἷκον
1392 4820 1487 4875 τοῦ
1527 4822 1661 4875 Θεοῦ
1704 4823 1805 4874 Ἰα-

221 4913 381 4965 κώϐ·
422 4932 442 4964 ι
479 4914 752 4977 τοιαύταις
794 4916 823 4967 ὁ
864 4913 1019 4982 λόγος
1066 4914 1409 4985 χρησάμενος
1450 4913 1802 4984 κατηγορίαις

218 5004 320 5058 τοῦ
349 5004 617 5059 Ἰουδαίων
639 5005 844 5071 ἔθνους,
876 5005 1176 5076 ἀπειλήσας
1195 5024 1254 5058 τε
1278 5007 1458 5069 αὐτοῖς
1480 5005 1551 5057 τὰ
1574 5005 1795 5076 ἔσχατα,

218 5094 584 5147 ὲπισυνάπτει
633 5094 842 5158 τούτοις
887 5097 1017 5147 πᾶσι
1065 5094 1165 5158 τάς
1213 5093 1628 5165 προεκτεθείσας
1665 5097 1797 5165 ἡμῖν

217 5183 417 5248 λέξεις,
455 5184 742 5251 διδάσκων,
769 5185 871 5246 ὅτι,
910 5184 1005 5238 τοῦ
1053 5185 1251 5249 παντὸς
1302 5184 1563 5238 Ἰουδαίων
1611 5184 1796 5248 ἔθνους

221 5275 511 5345 μέλλοντος
544 5276 934 5329 ἀποπεσεῖσθαι
994 5277 1091 5347 τῆς
1141 5275 1281 5329 κατὰ
1322 5276 1412 5328 τὸν
1464 5275 1595 5328 Θεὸν
1637 5276 1791 5328 εὐσε-

217 5366 396 5430 ϐείας,
434 5367 945 5438 περιλειφθήσονταί
976 5385 1120 5429 τινες
1157 5369 1214 5419 ἐν
1248 5368 1430 5429 αὐτοῖς
1472 5367 1532 5419 οὐ
1568 5384 1801 5420 συναπο-

214 5454 520 5520 λαύσαντες
548 5460 660 5519 τοῖς
684 5459 819 5510 πᾶσι
861 5456 969 5510 τῶν
1014 5456 1228 5510 κακῶν·
1287 5456 1521 5527 ἔμπαλιν
1553 5455 1609 5508 δὲ
1651 5456 1800 5510 ὠσάν

213 5548 280 5599 ἐκ
316 5546 608 5618 μοχθηρῶν
647 5548 744 5601 καὶ
776 5548 1103 5619 παρανόμων
1139 5547 1581 5617 διασεσωσμένοι,
1616 5548 1710 5600 καὶ
1739 5548 1799 5600 τὸ

214 5638 506 5709 εἰλικρινὲς
537 5639 636 5709 τῆς
660 5638 939 5702 εὐσεϐείας
965 5638 1387 5707 ἐπιδεδεγμένοι,
1422 5639 1518 5709 τῆς
1553 5637 1700 5708 παρά
1722 5637 1798 5707 τῷ

1909 4632 2022 4687 haec
2067 4633 2182 4703 ipsa
2223 4649 2343 4703 quae
2383 4634 2769 4689 divinabantur
2817 4634 3171 4702 praedixerit?
3202 4638 3477 4706 quomodo

1907 4729 2091 4776 autem
2127 4731 2255 4777 sunt
2278 4736 2378 4793 pro
2410 4723 2629 4785 iisdem,
2659 4737 2723 4776 ea
2747 4736 2869 4791 qua:
2898 4721 3157 4791 deinceps
3182 4722 3479 4777 dicuntur?

1909 4830 1929 4863 ι
1972 4812 2159 4867 Soluta
2204 4821 2291 4868 est
2312 4811 2634 4876 Jerusalem,
2668 4817 2721 4864 et
2748 4809 2934 4864 Judaea
2962 4809 3240 4875 concidit,
3287 4818 3342 4865 et
3370 4811 3475 4864 lin-

1899 4918 2021 4972 gua:
2065 4919 2252 4958 eorum
2304 4918 2427 4956 cum
2472 4901 2761 4971 iniquitate
2788 4940 2803 4965 ,
2839 4915 2902 4954 ea
2937 4916 3057 4970 qua:
3087 4901 3154 4955 ad
3184 4900 3473 4955 Dominum

1904 5003 2153 5065 spectant
2193 5010 2302 5049 non
2349 4993 2636 5049 credentes
2678 4993 2743 5047 ³⁸.
2783 5013 2802 5045 ι
2853 4993 3014 5063 Atqui
3070 5009 3178 5063 quo
3226 5002 3470 5065 tempore

1904 5093 2143 5140 montem
2170 5084 2385 5138 Domini
2413 5084 2668 5139 omnibus
2694 5084 2947 5154 gentibus
2978 5086 3216 5139 nuntiari
3245 5100 3473 5140 necesse

1901 5185 2057 5242 erat,
2095 5177 2296 5244 Deique
2329 5177 2385 5232 in
2435 5178 2528 5230 illo
2561 5189 2747 5231 monte
2791 5177 3011 5231 domum
3044 5216 3060 5239 ,
3092 5178 3147 5231 in
3173 5193 3335 5247 quam
3376 5178 3470 5232 ubi

1900 5284 2090 5324 omnes
2137 5276 2326 5339 gentes
2368 5268 2797 5332 convenissent,
2830 5276 2942 5322 tum
2989 5270 3191 5324 dicturi
3238 5279 3422 5326 essent
3456 5291 3469 5326 :

1906 5378 1925 5410 ι
1966 5358 2198 5424 Venite,
2253 5360 2615 5414 ascendamus
2662 5360 2718 5413 in
2759 5369 2998 5414 montem
3032 5361 3287 5428 Domini,
3330 5372 3384 5417 ct
3414 5364 3470 5417 in

1896 5454 2120 5509 domum
2157 5452 2251 5506 Dei
2281 5450 2451 5506 Jacob
2475 5452 2517 5483 ³⁸
2552 5471 2565 5507 :
2600 5469 2619 5503 ›
2652 5452 2707 5505 in
2741 5466 2806 5505 eo
2833 5491 2847 5516 ,
2878 5452 3098 5521 inquam
3129 5493 3143 5517 ,
3178 5455 3297 5524 ipso
3331 5462 3469 5509 temo

1896 5559 2048 5615 pore,
2087 5544 2176 5598 ubi
2204 5558 2385 5598 sermo
2416 5542 2634 5598 divinus
2664 5545 2868 5601 talibus
2889 5544 3131 5600 Judaicee
3164 5545 3342 5614 gentis
3371 5560 3465 5599 ac-

1895 5635 2275 5691 cusationibus
2322 5642 2405 5689 est
2452 5649 2587 5689 usus
2616 5675 2631 5702 ,
2686 5635 2863 5707 iisque
2904 5637 3141 5691 minatus
3173 5645 3413 5691 extrema
3450 5655 3462 5693 :

322 5756 493 5812 "lsa.
522 5758 758 5818 11,840.
833 5759 1136 5814 “ibidJ‘l.
1214 5758 1259 5791 “
1293 5757 1423 5812 ibid.
1458 5756 1651 5820 17,18.
1733 5757 1821 5812 "i‘

1923 5797 1935 5811 .
1975 5756 2065 5813 20.
2142 5756 2189 5790 “
2228 5754 2336 5811 lsa.
2373 5769 2458 5823 HI,
2482 5754 2604 5812 1-5.
2633 5753 2766 5812 "lsa
2795 5798 2809 5814 .
2844 5771 2905 5824 ιι,
2944 5758 2996 5815 1.
3073 5757 3119 5790 ³³
3152 5756 3257 5813 lsa.
3292 5771 3374 5819 ιιι,
3408 5757 3462 5811 8.

217 5824 260 5857 ³⁸
300 5825 403 5882 lsa.
440 5844 505 5893 tt,
545 5828 601 5884 5.
