3828 6216
410 362 437 377 p

410 362 437 377 ν

380 360 397 416 |
408 360 478 415 115

1007 364 1273 421 EUSEBII
1310 366 1791 424 CIESARIENSIS
1830 366 1979 424 OPP.
2021 368 2201 424 PARS
2234 368 2299 425 υ.
2342 401 2411 412 —-
2451 368 2950 427 APOLOGETICA.

3528 368 3629 423 136

370 491 485 538 tum
515 483 603 537 his
630 483 885 539 omnibus
917 523 932 548 ,
963 500 1027 541 ea
1059 503 1182 557 quae
1209 495 1335 543 ante
1376 490 1733 558 exposuimus
1774 493 1933 545 verba

2041 490 2160 561 Θεῷ
2185 492 2410 566 Γραφῆς
2438 492 2955 563 καταξιωθήσονται,
2990 489 3082 546 τοῦ
3111 490 3246 544 Θεοῦ
3270 508 3329 545 τε
3363 492 3457 544 καὶ
3484 491 3629 559 ἆγιοι

371 574 620 646 adjungit
648 614 665 639 ,
692 575 957 649 docetque
981 596 1045 636 ex
1081 580 1228 635 omni
1269 578 1496 636 Judaica
1523 589 1683 650 gente
1711 621 1726 644 ,
1757 596 1879 651 qua:
1915 595 1944 634 a

370 683 502 723 vero
532 668 627 723 Dei
658 670 805 724 cultu
844 686 1041 728 casura
1072 674 1179 734 sit,
1212 671 1596 742 superfuturos
1628 674 1894 743 quosdam
1927 712 1943 739 ,

368 762 460 831 qui
493 776 601 817 non
634 763 821 817 eadem
853 779 977 818 cum
1020 765 1275 819 omnibus
1324 768 1465 819 mala
1510 765 1622 819 sint
1666 765 1943 831 subituri,

369 853 502 922 quin
547 860 738 908 contra
785 850 966 922 potius
997 894 1010 915 ,
1060 863 1315 924 tanquam
1347 871 1413 910 ex
1446 855 1629 926 pravis
1658 862 1821 926 atque
1856 855 1944 908 in-

364 942 531 1009 justis
576 943 744 995 relicti
790 944 1117 1012 superstites
1144 983 1157 1007 ,
1192 945 1711 1014 comprobatamque
1738 960 1801 998 ac
1825 944 1941 999 sin-

369 1047 548 1088 ceram
583 1035 833 1104 pietatem
870 1035 1101 1104 amplexi
1131 1074 1144 1094 ,
1197 1049 1259 1087 ea
1312 1036 1584 1104 scriptura
1616 1051 1737 1105 quae
1768 1051 1799 1089 a
1832 1035 1943 1090 Deo

364 1125 612 1203 profecta
641 1127 732 1183 sit.
768 1125 914 1194 digni
948 1126 1057 1178 sint
1086 1124 1342 1186 habendi,
1375 1140 1438 1179 ac
1467 1127 1608 1180 servi
1641 1126 1732 1180 Dei
1767 1125 1942 1182 sancti

367 1216 619 1274 \ocandi.
652 1216 850 1284 quibus
883 1229 1014 1268 sane
1044 1214 1225 1268 verbis
1257 1214 1416 1282 plane
1446 1216 1718 1285 significat
1752 1216 1942 1269 Salva-

367 1324 454 1363 tor
484 1317 672 1362 noster
700 1348 713 1369 ,
750 1307 1025 1375 apostolus
1054 1321 1117 1360 ac
1147 1307 1449 1377 discipulos
1472 1347 1487 1371 ,
1528 1317 1691 1376 atque
1714 1323 1942 1379 evange-

366 1401 523 1455 listas
554 1442 571 1465 ,
604 1400 954 1468 reliquosque
985 1412 1173 1452 omnes
1212 1440 1226 1460 ,
1273 1400 1365 1469 qui
1411 1400 1478 1453 de
1520 1399 1941 1455 circumcisione

365 1491 629 1560 assumpti
664 1492 716 1543 in
747 1491 923 1559 ipsum
968 1488 1342 1554 crediderint,
1382 1505 1492 1558 quo
1515 1497 1760 1560 tempore
1804 1506 1938 1561 gens

363 1599 552 1639 eorum
585 1584 838 1637 universa
863 1584 1078 1638 cecidit.
1110 1583 1281 1636 l‘orro
1302 1583 1521 1637 haacille
1535 1583 1933 1648 sermoinnuit,

358 1677 456 1745 qui
504 1677 584 1730 sic
616 1676 777 1730 habet
812 1695 824 1730 :
864 1693 882 1726 ι
925 1675 981 1728 In
1023 1676 1112 1729 die
1140 1675 1232 1730 illa
1277 1673 1355 1745 (in
1398 1689 1504 1743 qua
1559 1674 1812 1728 videlicet
1871 1689 1936 1730 ea

363 1783 485 1845 quae
513 1770 768 1838 pmdicta
802 1778 930 1823 sunt
956 1768 1137 1821 omnia
1171 1768 1238 1822 de
1267 1767 1551 1822 vocatione
1581 1769 1846 1838 gentium,
1879 1776 1934 1823 et

360 1857 432 1914 de
458 1857 770 1914 Judn-orinn
813 1859 970 1912 ruina
1027 1856 1211 1912 futura
1247 1857 1397 1929 sunt)
1448 1857 1730 1914 illucescet
1791 1858 1935 1915 Deus
1966 1850 2009 1905 Β

362 1951 419 2005 in
473 1950 703 2004 consilio
743 1964 867 2003 cum
923 1949 1097 2018 gloria
1154 1949 1207 2003 in
1251 1957 1400 2003 terra
1434 1988 1449 2014 ,
1492 1956 1551 2003 ut
1600 1951 1822 2005 extollat
1881 1959 1939 2007 et

360 2041 625 2115 glorificet
665 2041 809 2109 quod
856 2042 1107 2094 relictum
1153 2040 1317 2094 fuerit
1362 2056 1426 2094 ex
1480 2040 1689 2105 Israel,
1725 2049 1779 2097 et
1835 2043 1940 2097 erit

358 2133 506 2203 (ιιι-θα
536 2134 784 2186 relictum
833 2131 994 2186 fuerit
1043 2132 1097 2185 in
1141 2130 1271 2185 Sion
1300 2171 1314 2194 ,
1368 2139 1423 2186 et
1474 2133 1620 2202 quod
1684 2134 1935 2187 relictum

361 2222 523 2282 fuerit
620 2228 673 2280 in
773 2224 1142 2289 Jerusalem,
1226 2226 1402 2280 sancti
1500 2226 1839 2280 vocabuntur
1916 2241 1933 2278 :

370 2317 472 2388 B9
528 2332 719 2372 onmes
768 2318 859 2387 qui
896 2318 1085 2387 scripti
1125 2325 1253 2372 sunt
1296 2318 1363 2371 ad
1398 2317 1563 2371 vitam
1613 2318 1667 2371 iu
1711 2315 1937 2373 Jerusa-

362 2413 467 2465 lem
493 2408 561 2471 ‘°,
600 2429 620 2461 ι
659 2418 879 2480 propter
903 2425 1042 2480 quos
1072 2410 1385 2479 prodituros
1427 2411 1493 2464 de
1529 2408 1832 2465 Jerusalem
1863 2409 1939 2463 vi-

358 2501 557 2556 delicet
580 2518 644 2556 ac
673 2503 740 2557 de
765 2501 974 2566 Judaea,
1009 2503 1205 2557 merito
1236 2519 1399 2573 super
1442 2502 1650 2568 Judaea,
1682 2513 1737 2559 et
1769 2520 1937 2574 super

358 2592 681 2653 Jerusalem,
733 2593 1068 2662 prophetiam
1091 2591 1240 2646 illam
1260 2592 1727 2661 dici,prommium
1755 2594 1934 2662 ipsum

361 2683 621 2744 ostendit,
671 2693 766 2737 aut
805 2686 965 2739 etiam
1003 2691 1228 2754 propter
1278 2698 1462 2737 veram
1507 2682 1830 2751 Jerusalem,
1881 2691 1935 2739 et

364 2783 584 2845 propter
611 2774 854 2830 Judzeam
890 2776 1061 2839 illam,
1095 2792 1217 2847 quae
1241 2777 1285 2832 si
1309 2792 1372 2831 ex
1404 2776 1700 2839 sententia,
1734 2791 1842 2830 non
1865 2792 1933 2831 ex

362 2868 568 2936 scripto
596 2868 996 2933 consideretur,
1035 2870 1165 2924 huic
1217 2870 1377 2925 alteri
1433 2869 1784 2939 proportione
1840 2884 1932 2923 re-

361 2960 643 3029 spondeat.
676 2960 795 3027 Qua
838 2961 907 3017 de
936 2978 996 3017 re
1025 2978 1149 3017 cum
1176 2963 1279 3017 erit
1327 2969 1567 3031 tempus,
1601 2960 1926 3024 videbimus,

360 3060 413 3108 rt
458 3053 582 3122 quis
627 3054 847 3108 tandem
899 3055 1139 3110 divinam
1199 3056 1574 3126 apostolorum
1627 3053 1930 3109 Salvatoris

359 3146 555 3209 nostri,
607 3154 662 3202 et
715 3148 1179 3217 evangelistarum
1227 3164 1463 3204 cernens
1509 3148 1787 3212 virtutem,
1841 3162 1930 3202 se-
1958 3186 1999 3241 ϐ

358 3237 596 3292 cundum
627 3253 790 3307 quam
848 3239 903 3292 in
951 3253 1168 3293 omnem
1208 3248 1409 3293 terram
1437 3239 1603 3294 exivit
1631 3255 1801 3294 sonus
1833 3254 1929 3294 eo-

357 3344 499 3394 rum,
522 3336 575 3384 et
601 3330 655 3382 in
684 3329 817 3385 ﬁnes
838 3331 985 3386 orbis
1007 3338 1166 3386 teme
1193 3333 1356 3385 verba
1381 3347 1595 3393 eorum,
1627 3346 1928 3402 omnesque

355 3435 423 3475 ex
456 3420 552 3475 illo
580 3421 646 3474 ad
671 3421 778 3476 hoc
807 3437 982 3489 usque
1004 3430 1219 3492 tempus
1249 3422 1453 3478 Christi
1485 3422 1779 3487 Ecclesias,
1805 3440 1928 3493 qua:

355 3512 521 3566 verba
555 3527 746 3567 eorum
794 3514 849 3568 in
895 3528 990 3568 ore
1039 3523 1416 3583 praceptaque
1444 3514 1672 3578 habent,
1706 3523 1760 3569 et
1789 3515 1927 3571 Novi

354 3601 689 3659 Testamenti
727 3620 822 3673 per
868 3620 964 3660 eos
994 3606 1302 3675 publicatas
1352 3607 1560 3663 Christi
1611 3609 1760 3679 leges
1812 3626 1923 3665 non

353 3694 483 3749 huic
539 3695 839 3766 prophetiae
904 3698 1278 3752 testimonium
1331 3700 1580 3755 veritatis
1634 3701 1928 3757 exhibeat?

353 3792 544 3854 utpote
589 3786 637 3840 ei
686 3800 807 3855 qua:
838 3784 1125 3841 manifeste
1155 3786 1324 3851 dicat,
1374 3804 1394 3838 ι
1433 3787 1491 3842 in
1518 3788 1775 3852 consilio,
1818 3807 1838 3840 ι
1873 3795 1929 3844 et

2050 582 2408 655 κληθήσονται
2441 584 2636 639 δοῦλοι.
2684 586 2846 656 Δηλοῖ
2885 584 2941 638 δὲ
2982 583 3069 639 διὰ
3107 584 3311 638 τούτων
3357 584 3486 648 τοὺς
3531 582 3628 636 τοῦ

2048 672 2300 744 Σωτῆρος
2338 673 2492 743 ἡμῶν
2525 672 2855 736 ἀποστόλους
2899 672 2993 726 καὶ
3027 671 3296 743 μαθητὰς,
3336 671 3432 725 καὶ
3465 673 3631 740 εὐαγ-

2044 762 2329 831 γελιστάς,
2366 763 2461 817 καὶ
2491 763 2617 827 τοὺς
2654 762 2873 827 λοιποὺς
2903 762 3145 827 ἅπαντας
3192 764 3316 826 τοὺς
3358 766 3416 815 ὲν
3471 780 3629 835 περι-

2043 857 2182 925 τομῇ
2215 854 2484 917 είςηαύτὸν
2516 854 2977 918 πεπιστευκότας,
3013 853 3153 907 κατὰ
3189 854 3279 906 τὸν
3308 854 3498 925 χρόνον
3526 854 3627 923 τῆς

2042 946 2411 1009 ἀποπτῶσεως
2446 945 2536 999 τοῦ
2562 946 2761 1009 παντὸς
2784 945 2960 999 αὐτῶν
2976 945 3178 1009 ἔθνους.
3202 944 3386 998 Ταῦτα
3425 945 3484 998 δὲ
3541 948 3628 998 ai-

2041 1039 2271 1093 νίττεται
2304 1039 2526 1109 φάσκων
2554 1039 2582 1091 6
2608 1038 2794 1107 λόγος·
2826 1057 2846 1090 ι
2888 1040 2976 1091 Ἐν
3026 1041 3093 1110 τῇ
3121 1039 3302 1110 ἡμέρα
3331 1037 3516 1110 ἐκείνῃ
3540 1040 3628 1109 (ἐν

2041 1126 2340 1205 ᾖδηλονότι
2383 1130 2452 1185 τά
2484 1130 2935 1203 προηγορευμένα
2976 1131 3151 1184 πάντα
3194 1130 3320 1201 περὶ
3359 1130 3460 1200 τῆς
3489 1131 3629 1203 κλή-

2042 1238 2179 1284 σεως
2209 1220 2318 1273 τῶν
2353 1220 2543 1284 ἐθνῶν,
2587 1220 2682 1272 καὶ
2728 1220 2855 1290 περὶ
2887 1220 2983 1289 τῆς
3017 1218 3124 1271 τῶν
3176 1218 3448 1273 Ἰουδαίων
3489 1220 3630 1274 ἀπο-

2038 1311 2299 1376 πτὼσεως
2316 1310 2632 1384 γενήσεται)
2679 1310 2973 1382 ἐπιλάμψει
3006 1312 3034 1364 6
3056 1310 3189 1374 Θεὸς
3214 1312 3272 1363 ὲν
3296 1310 3458 1383 βουλῇ
3485 1313 3629 1382 μετά

2036 1402 2191 1473 δόξης
2219 1405 2309 1456 ἐπὶ
2339 1404 2439 1475 τῆς
2467 1404 2591 1474 γῆς,
2622 1401 2716 1457 τοῦ
2752 1402 2965 1471 ὑψῶσαι
2991 1402 3085 1455 καὶ
3111 1401 3331 1467 δοξάσαι
3363 1402 3426 1455 τὸ
3454 1419 3629 1457 κατα-

2035 1494 2250 1565 λειφθὲν
2278 1495 2370 1549 τοῦ
2397 1495 2634 1567 Ἰσραὴλ,
2653 1495 2748 1549 καὶ
2771 1495 2942 1558 ἔσται,
2967 1494 3024 1547 τὸ
3052 1494 3372 1564 ὑπολειφθὲν
3402 1497 3461 1548 ὲν
3484 1493 3628 1548 Σιὼν

2035 1586 2128 1639 καὶ
2153 1586 2211 1639 τὸ
2231 1585 2588 1656 καταλειφθὲν
2605 1588 2660 1639 ἐν
2676 1585 3051 1658 Ἰερουσαλὴμ,
3079 1586 3220 1655 ἅγιοι
3238 1586 3623 1657 κληθήσονται·

2034 1677 2233 1740 πάντες
2275 1680 2322 1731 οἱ
2361 1678 2662 1750 γραφέντες
2694 1679 2778 1741 εἰς
2803 1676 2947 1747 ζωὴν
2992 1680 3050 1731 ὲν
3091 1676 3465 1748 Ἰερουσαλὴμ,
3505 1696 3525 1728 ι
3553 1676 3621 1728 δι’

2034 1768 2127 1833 οὓς
2156 1770 2250 1824 καὶ
2280 1771 2505 1834 εἰκότως
2533 1772 2642 1824 ἀπὸ
2674 1772 2775 1841 τῆς
2820 1770 3080 1834 ἰουδαίας
3113 1770 3207 1822 καὶ
3233 1769 3373 1841 ὑπὲρ
3415 1769 3623 1838 Ἰερου-

2039 1862 2218 1933 σαλὴμ
2233 1864 2307 1929 (1)
2323 1863 2417 1933 τὴν
2431 1862 2762 1934 προφητείαν
2775 1861 2961 1933 ἐδήλου
2975 1859 3227 1931 λέγεσθαι
3240 1861 3301 1913 τὸ
3317 1860 3623 1931 προοίμιον,

2037 1955 2071 2027 ἢ
2101 1956 2191 2008 καὶ
2216 1954 2303 2008 διὰ
2330 1956 2427 2026 τὴν
2458 1953 2633 2025 ἀληθῆ
2676 1952 3046 2027 Ἰερουσαλὴμ,
3093 1952 3183 2006 καὶ
3214 1952 3311 2022 τὴν
3341 1951 3625 2019 ἀναλόγως

2037 2049 2174 2119 αὐτῇ
2202 2048 2341 2101 κατά
2377 2048 2617 2102 διάνοιαν
2654 2045 3029 2117 θεωρουμένην
3075 2044 3362 2097 Ἰουδαίαν·
3402 2044 3530 2115 περὶ
3560 2036 3623 2097 οὗ

2038 2137 2178 2190 κατὰ
2199 2137 2387 2208 καιρὸν
2416 2136 2692 2207 εἰσόμεθα.
2719 2136 2826 2190 Καὶ
2852 2135 2933 2197 τίς
2962 2151 3024 2203 γε
3051 2134 3159 2187 τῶν
3180 2132 3494 2186 ἀποστόλων
3524 2130 3618 2184 τοῦ

2037 2228 2283 2301 Σωτῆρος
2313 2229 2468 2300 ἡμῶν
2492 2231 2584 2283 καὶ
2611 2230 2715 2283 τῶν
2742 2227 3141 2298 εὐαγγελιστῶν
3170 2226 3265 2297 τὴν
3292 2224 3469 2278 ἔνθεον
3492 2242 3621 2277 συν.

2036 2320 2177 2390 ορῶν
2226 2319 2473 2391 δύναμιν,
2524 2319 2647 2374 καθ’
2674 2322 2739 2391 ἣν
2766 2322 2844 2383 είς
2875 2321 3051 2372 πᾶσαν
3080 2319 3179 2388 τὴν
3206 2318 3309 2387 γῆν
3335 2313 3559 2379 ἐξῆλθεν
3589 2318 3619 2367 ο

2038 2410 2270 2481 φθόγγος
2302 2412 2502 2475 αὐτῶν,
2540 2415 2634 2466 καὶ
2681 2415 2760 2475 εἰς
2796 2411 2864 2464 τὰ
2898 2410 3108 2481 πέρατα
3152 2410 3254 2480 τῆς
3288 2405 3617 2477 οἰκουμένης

2033 2503 2102 2557 τὰ
2133 2506 2348 2574 ῥήματα
2374 2504 2574 2567 αὐτῶν,
2603 2503 2773 2557 πᾶσαί
2806 2520 2863 2555 τε
2889 2503 2945 2568 ἐξ
2982 2502 3193 2555 ἐκείνου
3223 2500 3317 2554 καὶ
3350 2501 3428 2562 εἰς
3456 2496 3619 2569 δεῦρο

2035 2597 2091 2648 ai
2131 2595 2224 2648 τοῦ
2256 2596 2491 2667 Χριστοῦ
2534 2596 2853 2666 Ἐκκλησίαι
2893 2595 3016 2659 τοὺς
3056 2594 3249 2662 λόγους
3294 2591 3474 2646 αὐτῶν
3510 2589 3618 2643 ἀνά

2037 2687 2208 2757 στόμα
2258 2691 2350 2741 καὶ
2402 2687 2699 2758 μαθήματα
2743 2687 2944 2758 έχουσι,
3000 2686 3092 2740 καὶ
3136 2684 3232 2749 τὰς
3281 2684 3381 2754 τῆς
3410 2682 3617 2752 Καινῆς

2033 2778 2308 2849 Διαθήκης
2343 2778 2407 2831 δι’
2436 2777 2613 2831 αὐτῶν
2646 2777 3009 2849 κηρυχθείσας
3048 2775 3141 2829 τοῦ
3182 2773 3418 2845 Χριστοῦ
3454 2790 3618 2844 νομο-

2035 2870 2340 2935 θεσίας,οὺκ
2366 2871 2431 2924 ἂν
2460 2870 2719 2940 ἀλήθειαν
2740 2873 2803 2940 τῇ
2824 2869 3127 2941 προφητείᾳ
3148 2867 3616 2937 ἐπιμαρτυρῆσαι,

2035 2964 2250 3035 φησάσῃ
2275 2962 2550 3034 ἐμφανῶς,
2588 2982 2605 3014 ι
2636 2965 2692 3017 ὲν
2722 2961 2881 3033 βουλῇ
2914 2982 2931 3010 ι
2966 2961 3059 3014 καὶ
3083 2980 3101 3010 ι
3128 2959 3264 3030 μετὰ
3286 2958 3441 3028 δόξης
3471 2977 3488 3007 ι
3519 2956 3618 3009 ἐπὶ

2035 3058 2213 3110 πᾶσαν
2241 3055 2340 3127 τὴν
2366 3056 2467 3125 γῆν
2488 3053 2722 3124 ὑψώσειν
2738 3053 2827 3107 τὸν
2850 3052 2980 3106 Θεὸν
3004 3053 3099 3106 καὶ
3126 3051 3367 3118 δοξάσειν
3394 3070 3411 3100 ι
3435 3050 3494 3102 τὸ
3513 3066 3616 3103 κα-

2033 3145 2317 3216 ταλειφθὲν
2351 3145 2599 3217 Ἱσραήλς
2629 3166 2646 3196 ›
2676 3145 2770 3198 καί⁵
2793 3145 2868 3208 ὡς
2891 3144 2997 3216 ἄρα
3034 3164 3051 3194 ι
3078 3143 3138 3196 τὸ
3165 3140 3525 3209 καταλειφθὲν
3556 3141 3617 3194 ὲν

2034 3234 2171 3288 Σιὼν
2212 3236 2305 3289 καὶ
2336 3236 2395 3288 τὸ
2422 3234 2778 3303 καταλειφθὲν
2810 3236 2867 3286 ἐν
2911 3231 3266 3304 Ἰερουσαλὴμ
3301 3232 3445 3299 ᾰγιοι
3475 3228 3612 3300 κλη-

2034 3326 2286 3397 θήσονται
2332 3327 2530 3390 πόιντες
2578 3328 2627 3379 οἱ
2658 3327 2961 3397 γραφέντες
2989 3327 3068 3387 εἰς
3103 3324 3279 3395 ζωήνς
3316 3343 3334 3375 ι
3377 3323 3524 3376 Ἀντί.
3555 3323 3613 3377 δὲ

2030 3418 2124 3471 τοῦ
2159 3417 2449 3488 λεγομένου
2487 3418 2637 3489 παρά
2662 3422 2772 3482 τοῖς
2809 3417 3226 3489 Ἑὸδομήκοντα,
3258 3435 3277 3468 ι
3319 3417 3408 3469 Ἑν
3447 3416 3612 3487 βουλῇ

2034 3509 2171 3580 μετά
2194 3509 2372 3581 δόξης,
2387 3529 2405 3562 ι
2420 3512 2448 3562 6
2478 3510 2705 3574 Ἀκύλας
2726 3510 2820 3563 καὶ
2835 3509 3124 3562 Θεοδοτίων
3148 3507 3449 3580 συμφώνως
3470 3528 3488 3559 ι
3531 3510 3615 3573 είς

2030 3601 2255 3672 δύναμιν
2286 3604 2378 3656 καὶ
2404 3602 2560 3667 δόξαν
2581 3623 2599 3655 ι
2628 3604 2995 3675 ἡρμήνευσαν,
3017 3603 3115 3674 τὴν
3137 3602 3343 3655 ὑπὸτοῦ
3374 3601 3507 3654 Θεοῦ
3534 3602 3617 3653 δο-

2033 3692 2218 3747 θεῖσαν
2256 3697 2368 3758 τοῖς
2398 3695 2713 3759 ἀποστόλοις
2747 3694 3005 3767 δύναμιν,
3042 3695 3135 3748 καὶ
3179 3694 3275 3766 τὴν
3309 3694 3401 3748 ἐπὶ
3436 3692 3613 3765 ταύτῃ

2032 3787 2183 3858 παρά
2214 3785 2289 3856 τῷ
2323 3788 2441 3858 Θεῴ
2472 3788 2625 3854 δόξαν
2654 3788 3048 3859 παριστῶντες,
3083 3787 3222 3842 κατά
3243 3786 3325 3839 τό·
3349 3805 3368 3837 ι
3398 3785 3606 3855 Κύριος

356 3893 378 3926 ι
418 3890 542 3930 eum
572 3875 768 3945 gloria,
800 3896 820 3927 ι
858 3876 913 3930 in
944 3890 1161 3930 onmem
1186 3884 1389 3931 terram
1419 3875 1587 3931 Deum
1620 3878 1676 3931 in
1704 3877 1927 3932 sublimi

2034 3876 2193 3931 δώσει
2215 3878 2368 3950 ῥῆμα
2405 3882 2519 3943 τοῖς
2561 3879 3066 3951 εὐαγγελιζομένοις
3109 3877 3552 3949 δυνάμειπολλῇ.
3585 3896 3605 3928 ι

352 3971 746 4026 collocaturum
790 3978 846 4026 et
888 3970 1318 4042 gloriﬁcaturum
1346 3991 1367 4023 ι
1403 3973 1458 4028 id
1491 3974 1636 4043 quod
1680 3975 1933 4029 relictum
1970 3972 2133 4029 fuerit
2178 3989 2244 4028 ex
2294 3974 2497 4030 Israel?
2540 3997 2557 4028 ι
2594 3977 2722 4032 item
2790 3976 3249 4047 quemadmodum
3275 3993 3296 4026 ι
3340 3973 3395 4028 id
3459 3974 3609 4043 quod

352 4067 604 4149 relictum
636 4066 801 4121 fuerit
839 4066 896 4120 in
923 4065 1077 4131 Sion,
1111 4068 1341 4138 etquod
1405 4069 1654 4123 relictum
1697 4068 1861 4123 fuerit
1915 4069 1971 4123 in
2018 4068 2343 4135 Jerusalem,
2390 4071 2566 4126 sancti
2632 4071 2996 4135 vocabuntur,
3047 4085 3239 4125 omnes
3273 4071 3367 4138 qui
3417 4067 3614 4137 scripti

348 4162 420 4217 ad
449 4163 657 4217 vitam?
691 4182 709 4213 ι
745 4178 845 4232 pro
873 4178 939 4218 eo
967 4171 1149 4218 autem
1179 4165 1325 4235 quod
1395 4165 1599 4220 dicitur
1626 4165 1769 4236 apud
1793 4164 1959 4230 LXX,
2007 4185 2026 4217 ι
2069 4167 2121 4220 in
2159 4167 2391 4222 consilio
2412 4182 2537 4222 cum
2596 4168 2771 4237 gloria
2799 4185 2813 4222 :
2855 4185 2874 4218 ι
2931 4164 3128 4234 Aquila
3154 4173 3209 4218 et
3239 4162 3611 4223 Theodotiou,

348 4257 494 4313 inter
527 4273 587 4313 se
614 4259 1035 4323 concordantes,
1073 4278 1093 4311 ι
1138 4260 1194 4314 in
1236 4262 1489 4316 virtutem
1524 4268 1578 4317 et
1608 4263 1858 4333 gloriam,
1895 4282 1914 4314 ι
1955 4263 2295 4334 interpretati
2363 4274 2493 4319 sunt
2541 4283 2554 4318 :
2591 4265 2672 4319 sic
2710 4265 2900 4333 utique
2942 4277 3064 4317 eam
3132 4261 3386 4318 virtutem
3416 4274 3540 4329 qua:
3576 4275 3609 4313 a

351 4355 463 4412 Deo
509 4356 773 4427 apostolis
807 4356 935 4411 data
977 4363 1083 4422 est,
1115 4366 1169 4413 et
1198 4373 1362 4428 quam
1394 4366 1518 4428 post
1564 4361 1731 4415 talem
1789 4360 2045 4415 virtutem
2109 4362 2252 4431 apud
2317 4361 2486 4416 Deum
2554 4361 2795 4416 habituri
2843 4366 3023 4426 erant,
3080 4359 3310 4431 gloriam
3356 4356 3615 4413 indican-

349 4455 454 4512 tes,
476 4450 631 4518 juxta
662 4449 795 4505 illud
825 4469 838 4503 :
877 4468 896 4501 ι
936 4449 1202 4506 Dominus
1249 4452 1400 4510 dabit
1429 4455 1657 4507 verbum
1700 4455 2203 4525 evangelizantibus
2232 4456 2433 4510 virtute
2461 4456 2633 4509 multa
2662 4454 2727 4508 δι.
2776 4472 2795 4505 ι

422 4540 707 4595 XXXVIII.
748 4540 876 4596 Item
917 4542 1061 4612 quod
1107 4558 1166 4597 re
1205 4543 1322 4613 ipsa
1354 4542 1557 4597 factum
1589 4552 1673 4600 est
1710 4564 1723 4599 :
1764 4563 1784 4597 ι
1821 4561 1923 4599 au-

2095 4547 2224 4602 AH’.
2256 4548 2367 4601 Kal.
2419 4547 2550 4600 αὐτὸ
2592 4545 2986 4615 γεγενημένον·
3040 4561 3059 4594 ι
3110 4543 3272 4614 Ἀκοῇ
3316 4541 3610 4601 ἀκούσετε,

347 4631 467 4686 ditu
492 4634 748 4696 audietis,
772 4642 825 4688 et
847 4649 954 4687 non
984 4634 1318 4703 intelligetis,
1342 4642 1397 4689 et
1425 4636 1752 4705 aspicientes
1776 4636 1922 4705 aspi-

348 4725 528 4788 cietis,
557 4734 612 4779 et
645 4740 756 4778 non
787 4725 1062 4780 videbitis.
1096 4725 1360 4780 Crassum
1400 4727 1547 4781 enim
1598 4729 1802 4781 factum
1839 4734 1924 4783 est

349 4832 446 4871 cor
470 4817 654 4887 populi
689 4817 876 4886 hujus,
922 4823 977 4871 et
1003 4818 1232 4872 auribus
1264 4818 1502 4888 graviter
1529 4817 1841 4881 audierunt,
1868 4825 1922 4872 et

347 4908 540 4962 oculos
565 4923 695 4963 suos
717 4908 1056 4973 clauserunt,
1083 4924 1153 4963 ne
1178 4909 1396 4979 quando
1430 4908 1649 4963 videant
1673 4909 1848 4964 oculis
1869 4916 1923 4963 et

361 5000 589 5055 auribus
618 5001 863 5064 audiant,
886 5007 939 5055 et
969 5008 1378 5063 convertantur,
1414 5009 1468 5054 et
1497 5015 1684 5055 sanem
1713 5015 1827 5055 eos.
1860 4999 1924 5053 Et

351 5091 467 5150 dixi
497 5111 512 5147 :
548 5107 856 5163 quousque,
886 5091 1157 5147 Domine?
1179 5105 1232 5147 et
1261 5093 1401 5146 dixit
1440 5107 1458 5147 :
1490 5092 1669 5147 Donec
1701 5100 1923 5148 vasten-

347 5192 438 5239 tur
470 5182 741 5245 civitates,
792 5182 948 5247 adeo,
982 5191 1042 5237 ut
1074 5199 1181 5237 non
1228 5183 1564 5246 habitentur,
1601 5189 1655 5237 et
1699 5181 1918 5247 domus,

349 5277 505 5338 adeo,
544 5283 603 5330 ut
631 5291 739 5329 non
782 5275 854 5330 sit
903 5276 1068 5331 homo
1120 5296 1132 5330 :
1169 5286 1223 5331 et
1253 5284 1400 5332 terra
1433 5277 1776 5346 relinquetur
1826 5277 1927 5332 de-

349 5377 515 5423 serta.
555 5367 620 5420 Et
651 5374 774 5438 post
809 5367 923 5422 haec
952 5369 1225 5422 amovebit
1248 5370 1435 5439 procul
1465 5368 1611 5425 Deus
1644 5370 1919 5428 homines.

347 5468 402 5513 et
423 5460 953 5530 multiplicabuntur,
984 5461 1076 5530 qui
1111 5462 1287 5516 relicti
1318 5460 1517 5515 fuerint
1543 5462 1598 5515 in
1628 5471 1773 5515 terra
1793 5462 1860 5514 δ’.
1892 5486 1911 5512 ι

345 5553 647 5608 Considera
682 5554 847 5624 igitur
881 5554 970 5608 hic
1016 5570 1255 5624 quoque,
1290 5568 1527 5623 quonam
1589 5554 1773 5617 modo,
1822 5554 1915 5623 qui

344 5644 518 5699 relicti
566 5645 676 5700 sint
710 5659 904 5700 rursus
940 5646 992 5699 in
1025 5652 1193 5708 terra,
1229 5660 1355 5700 cum
1400 5646 1610 5714 reliqua
1656 5645 1914 5698 universa

2028 4639 2122 4692 καὶ
2158 4640 2219 4691 οὐ
2258 4639 2331 4710 μὴ
2375 4640 2601 4710 συνῆτε·
2639 4640 2732 4692 καὶ
2780 4638 3068 4708 βλέποντες
3116 4636 3362 4707 βλέψετε,
3407 4633 3504 4687 καὶ
3540 4632 3608 4687 οὗ

2030 4732 2103 4802 μὴ
2135 4731 2301 4801 ἴδητε.
2342 4730 2648 4802 Ἐπαχύνθη
2674 4731 2782 4800 γάρ
2815 4731 2848 4800 ὴ
2885 4729 3080 4800 καρδία
3110 4728 3204 4781 τοῦ
3230 4727 3359 4781 λαοῦ
3386 4725 3609 4790 τούτου,
3666 4734 3673 4741 “

2027 4823 2122 4875 καὶ
2149 4824 2262 4885 τοῖς
2302 4822 2405 4874 ὠσὶ
2446 4822 2654 4893 βαρέως
2685 4821 2953 4892 ἥκουσαν,
2995 4820 3091 4873 καὶ
3125 4820 3253 4882 τοὺς
3289 4818 3609 4888 ὀφθαλμοὺς

2028 4909 2207 4963 αὐτῶν
2250 4910 2609 4980 ἐκάμμυσαν,
2683 4911 2891 4980 μήποτε
2936 4909 3088 4962 ἴδωσι
3121 4911 3235 4971 τοῖς
3274 4907 3605 4978 ὀφθαλμοῖς,

2029 5003 2124 5055 καὶ
2149 5003 2261 5065 τοῖς
2288 5001 2420 5054 ὠσὶν
2444 5001 2738 5062 ἀκούσωσι,
2773 4990 2868 5054 καὶ
2898 5000 3289 5072 ὲπιστρέψωσι,
3315 4999 3410 5052 καὶ
3435 4999 3610 5052 ἰάσω·

2033 5110 2129 5163 μαι
2152 5092 2370 5155 αὐτούς.
2392 5094 2502 5145 Καὶ
2527 5089 2685 5146 εἶπα·
2716 5093 2859 5156 Ἕως
2886 5093 3037 5155 πότε,
3070 5091 3273 5161 Κύριε;
3296 5091 3390 5145 καὶ
3424 5088 3606 5142 εἶπεν·

2030 5185 2174 5248 Ἕως
2206 5184 2272 5238 ἂν
2316 5184 2644 5256 ἐρημωθῶσι
2678 5186 2859 5250 πόλεις
2903 5185 3054 5257 παρά
3098 5184 3160 5237 τὸ
3207 5183 3281 5255 μὴ
3326 5185 3607 5236 κατοικεῖ-

2029 5276 2173 5338 σθαι,
2218 5282 2309 5330 καὶ
2336 5273 2502 5339 οῗκοι,
2539 5277 2688 5348 παρὰ
2725 5278 2785 5330 τὺ
2824 5278 2897 5348 μὴ
2931 5273 3071 5330 εἶναι
3103 5275 3425 5347 ἀνθρώπους
3447 5291 3460 5304 ·
3507 5276 3606 5328 καὶ

2018 5366 2059 5439 ἡ
2087 5370 2158 5438 γῆ
2196 5369 2684 5440 καταλειφθήσεται
2712 5370 2938 5441 ἕρημος.
2966 5371 3074 5423 Καὶ
3101 5371 3237 5440 μετὰ
3271 5366 3448 5422 ταῦτα
3492 5384 3606 5438 μα.

2025 5463 2213 5530 κρυνεῖ
2249 5462 2277 5513 6
2306 5460 2438 5523 Θεὸς
2465 5462 2592 5524 τοὺς
2627 5460 2968 5531 ἀνθρώπους,
3001 5461 3094 5513 καὶ
3131 5458 3612 5530 πληθυνθήσονται

2025 5549 2473 5618 καταλειφθέντες
2503 5550 2596 5603 ἐπὶ
2627 5551 2729 5622 τῆς
2754 5551 2878 5620 γῆς.
2915 5569 2933 5601 ι
2967 5551 3106 5621 Ὅρα
3143 5549 3206 5619 δὴ
3233 5548 3328 5603 καὶ
3366 5546 3610 5601 ἐνταῦθα

2020 5642 2142 5697 τίνα
2183 5644 2382 5715 τρόπον
2431 5644 2481 5697 οἱ
2527 5641 2977 5713 καταλειφθέντες
3012 5642 3175 5696 πάλιν
3207 5642 3301 5695 ἐπὶ
3341 5641 3443 5710 τῆς
3474 5640 3604 5711 γῆς.

448 5737 495 5768 ⁸ο
525 5734 628 5792 Isa.
662 5753 735 5803 IV,
757 5736 869 5792 2-3.
945 5736 989 5769 δ’
1018 5736 1161 5793 Psal.
1199 5752 1365 5799 van,
1394 5736 1483 5791 12.
1558 5735 1603 5770 δ’
1636 5734 1743 5791 Isa.
1767 5751 1843 5798 vi,
1869 5733 2022 5788 9-12.

416 5824 493 5894 (I)
512 5826 709 5885 Deesse
724 5828 926 5897 aliquid
948 5837 1114 5898 patet,
1132 5836 1247 5884 tum
1260 5845 1325 5885 ex
1347 5828 1702 5897 ἀνακολουθίᾳ
1718 5827 2001 5897 phraseos,
2022 5835 2131 5881 tum
2150 5839 2214 5880 ex
2229 5824 2513 5881 collatione
2526 5821 2734 5879 Latinae
2749 5820 3237 5892 interpretationis.
3253 5817 3409 5875 Ευιτ.
3426 5818 3584 5873 i'xrn
