3828 6216
223 288 337 344 137

1152 279 1815 343 DEMONSTRATIONIS
1842 277 2304 351 ΕῩΑΝΟΕΜΟΕ
2335 280 2465 336 LIB.
2507 278 2575 337 Π.

3391 278 3495 343 138

220 407 326 477 τῆς
352 405 550 477 λοιπῆς
583 394 800 478 ἀπάσης
827 404 1037 479 ἐρήμου
1072 402 1463 475 γενησομένης,
1498 401 1648 473 μόνοι
1678 400 1781 473 πλη

1918 398 2281 453 vastationem
2314 412 2545 469 passura
2572 398 2665 462 sit,
2696 397 2797 453 soli
2826 397 3087 454 dicantur
3116 398 3493 469 multiplican-

221 498 590 570 θυνθήσεσθαι
620 498 892 569 λέγονται.
937 493 1063 553 Εἶεν
1095 497 1140 550 δ’
1184 496 1250 550 ἂν
1296 496 1390 549 καὶ
1432 489 1577 549 οὗτοι
1622 494 1671 548 oi
1713 492 1808 547 τοῦ
1839 540 1854 555 κ

217 587 477 661 Σωτῆρος
526 587 686 659 ἡμῶν
753 588 991 659 μαθηταὶ
1050 586 1111 651 ἐξ
1168 585 1435 658 Ἑϐραίων
1476 584 1557 647 είς
1602 583 1809 646 πάντας

217 679 545 750 ἀνθρώπους
574 680 949 753 προελθόντες,
977 679 1025 733 οἳ
1054 680 1148 733 καὶ
1174 677 1329 749 δίκην
1352 666 1671 750 σπέρματος
1704 692 1807 728 κα-

217 772 636 841 ταλειφθέντες,
687 772 953 843 πολύχουν
998 772 1383 844 προσήνεγκαν
1430 770 1523 823 τὸν
1571 767 1806 840 καρπὸν,

216 862 322 928 τὰς
343 863 465 917 καθ’
489 863 620 936 ὅλης
639 865 739 934 τῆς
764 863 1090 935 οἰκουμένης
1110 861 1219 916 τῶν
1245 860 1417 916 ἐθνῶν
1453 860 1803 932 Ἐκκλησίας·

216 957 313 1010 καὶ
338 956 440 1010 θέα
471 974 555 1025 γε,
586 956 662 1021 ὡς
695 956 837 1011 κατὰ
860 956 922 1009 τὸ
948 956 1080 1009 αὐτό
1114 971 1247 1027 φησι
1277 953 1501 1017 τούτους
1538 954 1638 1025 μὲν
1672 953 1809 1023 πλη-

213 1047 583 1120 θυνθήσεσθαι
647 1048 845 1119 μόνους
900 1045 1361 1115 καταλειφθέντας
1427 1044 1493 1099 ἐκ
1546 1044 1648 1114 τῆς
1696 1042 1806 1099 τῶν

224 1138 500 1194 Ἰουδαίων
555 1137 948 1201 ἀποπτώσεως,
996 1138 1240 1200 ἐκείνους
1294 1153 1361 1205 γε
1411 1135 1520 1207 μὴν
1571 1134 1806 1205 πάμπαν

212 1231 460 1303 ἐρήμους
484 1230 722 1284 ἔσεσθαι·
761 1249 781 1282 ‹
825 1229 892 1282 Ἡ
925 1230 995 1301 γῆ
1024 1229 1134 1301 γὰρ
1151 1228 1352 1293 αὐτῶν,
1372 1227 1527 1298 φησί,
1558 1226 1809 1281 καταλει-

212 1323 488 1395 φθήσεται
523 1323 751 1396 ἕρημος.
799 1341 819 1376 ι
860 1322 1030 1376 Τοῦτο
1071 1322 1131 1376 δέ
1162 1322 1257 1375 καὶ
1307 1321 1567 1393 ἀνωτέρω
1620 1320 1806 1385 αὐτοῖς

210 1417 434 1486 ἐλέγετο
466 1416 574 1470 ὑπὸ
597 1415 692 1469 τοῦ
727 1414 892 1472 αὐτοῦ
921 1416 1225 1489 προφήτου,
1263 1414 1405 1469 κατὰ
1430 1414 1511 1480 τὸ,
1561 1432 1578 1465 ι
1624 1414 1689 1467 Ἠ
1732 1414 1805 1486 γῆ

210 1509 373 1580 ὑμῶν
404 1508 631 1581 ἔρημος,
665 1511 722 1564 αἱ
754 1508 939 1573 πόλεις
968 1507 1123 1579 ὑμῶν
1149 1508 1512 1579 πυρίκαυστοι
1531 1522 1545 1536 '
1573 1506 1672 1579 τὴν
1694 1503 1805 1577 χώ-

212 1615 318 1667 ραν
365 1598 543 1670 ὑμῶν,
597 1597 830 1652 ἐνώπιον
878 1597 1034 1670 ὑμῶν
1092 1596 1365 1668 ἀλλότριοι
1426 1594 1804 1650 κατεσθίουσιν

209 1691 409 1762 αὐτήν.
462 1709 482 1741 ι
522 1691 660 1743 Πότε
692 1689 750 1742 δέ
794 1690 890 1743 καὶ
932 1689 1106 1744 ταῦτα
1143 1686 1448 1759 ἐπληροῦτο
1484 1688 1519 1759 ἢ
1555 1687 1662 1741 ἀπὸ
1694 1686 1803 1739 τῶν

1912 490 1994 548 di.
2020 488 2194 545 Erunt
2218 499 2400 546 autem
2424 491 2503 556 hi,
2533 490 2638 562 ipsi
2672 488 2974 547 Salvatoris
3007 491 3185 547 nostri
3207 490 3491 564 discipuli,

1911 586 2008 657 qui
2035 586 2104 641 ab
2134 584 2398 651 Hebraeis,
2431 585 2502 641 ad
2537 601 2730 643 omnes
2762 585 3011 642 homines
3044 585 3299 656 profecti,
3329 593 3497 659 atque

1910 678 2089 733 instar
2113 678 2341 734 seminis
2365 678 2565 743 relicti,
2595 679 2821 734 uberem
2855 670 2964 749 ⁸10
2980 677 3219 733 fructum
3249 681 3494 748 protuleo

1909 778 2061 835 runt,
2081 768 2232 841 ipsas
2257 770 2500 840 gentium
2517 770 2574 825 in
2598 777 2715 825 toto
2733 769 2865 825 orbe
2881 778 3150 825 terrarum
3172 768 3450 827 Ecclesias
3474 789 3490 827 :

1908 870 1964 918 et
1991 862 2203 929 inSpice
2227 876 2381 926 sane,
2410 861 2875 932 quemadmodum
2901 862 3093 917 eodem
3123 868 3371 933 tempore
3390 862 3493 918 bos

1910 953 2058 1010 solos
2080 951 2394 1009 Iudaeorum
2417 954 2593 1009 ruina:
2618 955 2946 1025 superstites
2971 953 3392 1024 multiplicatum
3424 953 3493 1008 iri

1909 1043 2161 1109 allirmat,
2212 1044 2337 1099 illos
2375 1054 2558 1100 autem
2612 1045 2967 1100 solitudinem
3012 1045 3256 1115 penitus,
3309 1051 3493 1099 vasta-

1908 1139 2224 1208 tionemque
2261 1153 2542 1209 passuros.
2582 1156 2602 1189 ι
2654 1138 2824 1193 Terra
2854 1138 3023 1202 enim,
3071 1138 3270 1209 inquit,
3297 1153 3491 1195 eorum

1908 1232 2251 1302 relinquetur
2286 1232 2525 1287 deserta.
2567 1251 2586 1284 ι
2624 1230 2796 1286 Porro
2847 1232 2954 1287 hoc
3004 1233 3187 1302 ipsum
3233 1230 3491 1301 superius

1905 1338 2125 1394 quoque
2157 1324 2367 1379 dictum
2402 1333 2508 1389 est,
2534 1325 2603 1379 ab
2634 1323 2825 1379 eodem
2861 1324 3130 1395 propheta
3153 1322 3221 1378 ad
3244 1323 3489 1386 eosdem,

1908 1415 2003 1469 illo
2038 1414 2162 1469 loco
2215 1433 2227 1469 :
2269 1431 2290 1463 ι
2330 1423 2479 1470 terra
2526 1418 2712 1472 vestra
2744 1414 2985 1483 deserta,
3014 1414 3270 1470 civitates
3294 1422 3493 1469 vestra:

1907 1521 2187 1563 succensae
2242 1508 2355 1579 igni
2408 1527 2422 1562 :
2481 1508 2760 1580 regionem
2802 1516 3066 1573 vestram,
3102 1507 3160 1562 in
3187 1515 3490 1577 conspectu

1904 1607 2091 1655 vestro
2145 1600 2306 1654 alieni
2361 1600 2626 1655 devorant
2672 1601 2737 1652 ”.
2795 1620 2813 1653 ι
2865 1599 3097 1666 Quando
3147 1604 3330 1654 autem
3372 1598 3490 1653 haec

1904 1693 2128 1749 tandem
2163 1694 2434 1763 completa
2466 1700 2616 1757 sunt,
2649 1694 2695 1749 si
2722 1708 2832 1748 non
2882 1704 3007 1764 post
3041 1690 3346 1747 Salvatoris
3379 1706 3485 1747 no-

209 1784 425 1855 χρόνων
449 1783 546 1835 τοῦ
574 1783 823 1854 Σωτῆρος
852 1783 1042 1855 ἡμῶνς
1072 1783 1178 1847 ἕως
1209 1782 1308 1854 μὲν
1330 1781 1441 1852 γὰρ
1462 1780 1675 1834 οὐδέπω
1701 1778 1781 1833 τὰς

1907 1784 2009 1838 stri
2036 1784 2325 1854 tempora?
2377 1785 2684 1855 Antequam
2728 1785 2876 1839 enim
2921 1795 3115 1840 contra
3168 1785 3320 1839 illum
3373 1792 3485 1839 tam

208 1874 337 1929 κατ’
384 1873 551 1928 αὐτοῦ
597 1874 1001 1945 τετολμήκεσαν
1046 1874 1387 1939 δυσσεϐείας,
1423 1875 1523 1928 οὐκ
1556 1870 1686 1945 ἦνή
1730 1873 1803 1945 γῆ

206 1966 394 2021 αὐτῶν
428 1967 652 2039 ἔρημος,
686 1967 807 2020 οὐδέ
841 1969 898 2021 αἱ
936 1967 1119 2031 πόλεις
1150 1968 1532 2041 πυρίκαυστοι,
1556 1967 1677 2020 οὐδέ
1704 1966 1803 2038 τὴν

208 2056 399 2129 χώραν
438 2057 617 2111 αὐτῶν
649 2057 918 2128 ἀλλότριοι
951 2057 1275 2128 κατήσθιον·
1319 2056 1428 2111 ἀπὸ
1469 2057 1526 2109 δὲ
1568 2056 1671 2127 τῆς
1718 2058 1804 2110 ἐν-

209 2152 340 2205 θέου
379 2153 562 2223 φωνῆς
595 2151 833 2223 ἐκείνης,
866 2151 933 2204 δι’
958 2147 1026 2223 ἧς
1053 2151 1114 2204 τὸ
1148 2151 1340 2222 μέλλον
1366 2152 1551 2215 αὐτοῖς
1585 2149 1801 2204 ἔσεσθαι

206 2243 613 2315 προῦθέσπισεν
653 2243 814 2307 αὐτὸς
850 2244 881 2296 ό
916 2243 1108 2315 Σωτὴρ
1139 2243 1233 2296 καὶ
1266 2228 1472 2314 Κύριος
1512 2241 1691 2314 ἡμῶν,
1726 2243 1803 2295 εί-

202 2336 353 2401 πὼν,
384 2354 404 2386 ι
450 2334 694 2406 ’Δφίεται
721 2337 749 2389 ό
774 2331 921 2398 οἶκος
953 2333 1181 2406 ἔρημος,
1219 2353 1236 2384 ι
1275 2332 1336 2399 ἐξ
1364 2334 1575 2387 ἐκείνου
1616 2331 1711 2387 καὶ
1736 2334 1801 2387 οὐ

208 2428 334 2498 μετ’
368 2429 431 2482 οὐ
472 2427 609 2481 πολὺ
651 2427 754 2497 τῆς
790 2427 1171 2498 προρρήσεως,
1205 2424 1656 2496 πολιορκηθέντες
1693 2423 1802 2479 ὑπὸ

215 2510 533 2592 Ῥωμαίων,
582 2522 663 2585 εἰς
708 2519 914 2591 ἔρημον
955 2518 1322 2590 κατέστησανι
1368 2516 1479 2571 Καὶ
1517 2518 1577 2571 τό
1610 2535 1673 2587 γε
1710 2517 1800 2572 αἷ-

201 2630 327 2668 τιον
382 2614 487 2685 τῆς
526 2611 860 2685 ἐρημώσεως
898 2612 1077 2665 αὐτῶν
1121 2611 1460 2683 προφητικὸς
1500 2612 1655 2681 λόγος
1695 2613 1802 2666 ἀπ-

203 2705 448 2777 ελέγχει,
489 2705 775 2777 μονονουχὶ
812 2703 1000 2774 σαφῶς
1027 2703 1420 2775 διερμηνεύων,
1456 2706 1549 2757 καὶ
1588 2705 1686 2776 τὴν
1714 2704 1798 2759 αί-

201 2798 330 2851 τίαν
360 2800 462 2867 τῆς
489 2796 862 2861 ἀποπτώσεως
892 2794 1071 2849 αὐτῶν
1105 2796 1395 2868 παριστὰς.
1440 2796 1658 2868 Ἐπειδὴ
1690 2797 1796 2869 γὰρ

200 2886 301 2940 τοῦ
325 2886 579 2959 Σωτῆρος
600 2886 759 2958 ἡμῶν
783 2886 1125 2951 διδάσκοντος
1144 2889 1203 2940 ἐν
1228 2887 1411 2951 αὐτοῖς
1439 2887 1792 2954 ἀκούσαντες,

199 2977 310 3031 ὠσὶ
335 2978 578 3042 διανοίας
610 2978 712 3032 οὑκ
751 2978 1011 3050 ἥκουσαν,
1055 2978 1175 3031 οὐδὲ
1227 2978 1470 3048 συνῆκαν
1508 2979 1656 3043 ὅστις
1690 2974 1790 3050 ἦν·

207 3068 417 3133 ἰδόντες
444 3068 502 3121 δὲ
525 3068 687 3123 αὐτὸν
706 3069 909 3140 σαρκδς
939 3068 1260 3140 ὀφθαλμοῖς,
1295 3073 1407 3134 τοῖς
1431 3070 1508 3142 (1)
1533 3070 1793 3142 ψυχῆς-οὐ

1907 1877 2074 1947 impia
2111 1877 2352 1933 facinora
2389 1878 2511 1933 ausi
2541 1885 2751 1941 essent,
2780 1893 3060 1948 nunquam
3090 1862 3268 1932 fuerat
3293 1891 3485 1932 eorum

1904 1976 2051 2025 terra
2074 1971 2292 2026 deserta
2319 1989 2334 2027 :
2367 1985 2546 2041 neque
2577 1970 2829 2025 civitates
2857 1985 3048 2024 eorum
3072 1969 3314 2025 incensae
3347 1969 3482 2040 igni,

1904 2072 2081 2134 neque
2112 2064 2387 2134 regionem
2410 2078 2600 2118 eorum
2628 2062 2792 2118 alieni
2818 2061 3237 2117 devoraverant.
3265 2060 3346 2116 Ex
3373 2076 3484 2132 quo

1903 2160 2084 2209 autem
2116 2153 2357 2208 divinam
2384 2154 2534 2207 illam
2562 2166 2751 2207 vocem
2779 2152 2897 2223 ipse
2917 2150 3171 2207 Salvator
3202 2157 3258 2207 et
3300 2151 3485 2206 Domi-

1900 2254 2010 2301 nus
2055 2253 2244 2301 noster
2286 2245 2493 2310 emisit,
2547 2258 2657 2316 qua
2699 2244 2831 2307 illis,
2879 2245 3027 2315 quod
3060 2242 3307 2300 futurum
3338 2252 3483 2307 erat,

1902 2337 2185 2401 indicavit,
2220 2339 2302 2395 sic
2356 2338 2571 2401 dicens,
2603 2355 2622 2389 ι
2659 2336 3037 2407 Relinquetur.
3065 2338 3264 2393 domus
3300 2343 3486 2392 vestra

1900 2428 2118 2484 deserta
2143 2429 2213 2495 “,
2248 2447 2268 2481 ι
2301 2444 2368 2484 ex
2394 2430 2512 2494 illo,
2549 2429 2799 2500 inquam,
2832 2445 3013 2500 neque
3050 2429 3126 2484 ita
3159 2430 3333 2485 multo
3362 2438 3487 2499 post

1900 2522 2064 2578 talem
2099 2523 2533 2593 praedictionem,
2570 2523 2650 2577 illi
2679 2522 2967 2579 obsidione
3009 2523 3188 2594 pressi
3226 2537 3255 2577 a
3289 2523 3490 2578 Roma-

1899 2613 2009 2678 nis,
2061 2614 2117 2669 in
2177 2614 2532 2670 solitudinem
2585 2628 2649 2668 ac
2704 2615 3016 2670 vastitatem
3066 2614 3278 2669 redacti
3328 2622 3483 2671 sunt.

1898 2702 2137 2759 Causam
2161 2707 2327 2760 etiam
2358 2704 2688 2761 vastationis
2732 2720 2922 2760 eorum
2969 2720 3153 2761 sermo
3197 2706 3483 2777 propheti-

1897 2810 1998 2851 cus
2026 2796 2346 2865 exprobrat,
2385 2794 2478 2849 ubi
2509 2801 2697 2864 aperte
2723 2788 3119 2865 prOpemodum
3154 2794 3484 2864 interpreta-

1897 2895 2012 2950 tur,
2040 2895 2097 2941 et
2135 2885 2488 2941 manifestum
2518 2885 2793 2955 proponit,
2818 2885 3082 2955 quidnam
3121 2883 3288 2940 fuerit
3323 2883 3483 2954 illud,

1896 2976 2041 3047 quod
2067 2975 2176 3029 illis
2204 2974 2420 3028 ruinam
2459 2976 2726 3029 attulerit.
2756 2972 3059 3045 Postquam
3102 2974 3254 3031 enim
3295 2973 3484 3029 Salva-

1895 3077 2071 3123 torem
2128 3074 2378 3137 nostrum
2411 3071 2552 3137 apud
2596 3068 2747 3138 ipsos
2782 3068 3076 3123 docentem
3112 3067 3221 3139 ipsi
3252 3067 3485 3124 audien-

204 3158 519 3226 τεθέανται,
552 3160 829 3231 ἐπάχυνάν
851 3178 911 3215 τε
943 3162 1150 3215 ἑαυτῶν
1181 3161 1278 3233 τήν
1302 3162 1553 3235 καρδίαν,
1574 3163 1668 3216 καὶ
1698 3180 1781 3233 μο·

1899 3168 2002 3223 tes,
2032 3160 2257 3215 auribus
2293 3159 2495 3213 mentis
2539 3174 2649 3215 non
2691 3160 3008 3224 audierunt,
3058 3175 3238 3231 neque
3265 3160 3485 3216 intelle-

201 3253 422 3323 νονουχὶ
464 3254 591 3316 τοὺς
634 3252 948 3324 ὀφθαλμοὺς
989 3255 1090 3326 τῆς
1140 3254 1380 3318 διανοίας
1429 3255 1658 3326 ἕμυσαν,
1698 3256 1794 3309 καὶ

196 3345 271 3400 τὰ
312 3340 429 3399 ὦτα
468 3345 760 3417 ἐϐάρυναν,
797 3347 873 3411 ὥς
915 3364 1079 3418 φησιν
1129 3340 1161 3418 ή
1208 3348 1515 3418 προφητεία
1539 3389 1553 3413 ,
1599 3350 1791 3402 τούτου

197 3438 367 3511 χάριν
394 3437 853 3510 ἐρημωθήσεσθαι
885 3438 1066 3493 αὐτῶν
1098 3456 1231 3510 φησι
1268 3439 1367 3503 τὰς
1406 3439 1609 3505 πόλεις,
1642 3441 1793 3512 παρὰ

194 3527 260 3581 τὸ
292 3526 372 3598 μὴ
399 3526 795 3590 κατοικεῖσθαι,
828 3528 925 3582 καὶ
950 3528 1049 3600 τὴν
1075 3529 1179 3598 ’γῆν
1206 3529 1531 3599 γενήσεσθαι
1562 3530 1788 3602 ἔρημον,

197 3618 429 3692 βραχεῖς
459 3619 518 3672 δέ
565 3637 714 3683 τινας
748 3619 809 3685 ἐξ
853 3619 1033 3674 αὐτῶν
1068 3620 1583 3692 ὑπολειφθήσεσθαι,
1635 3609 1791 3693 δίκην

193 3711 428 3782 γονίμου
459 3712 554 3765 καὶ
583 3710 839 3782 ζωπύρου
870 3711 1187 3782 σπέρματος
1220 3714 1699 3785 πεφυλαγμένους
1739 3714 1790 3767 οἳ

193 3803 294 3856 καὶ
337 3804 418 3867 είς
454 3804 663 3866 πάντας
704 3802 1059 3873 προελθόντες
1098 3803 1442 3876 ἀνθρώπους,
1476 3805 1789 3879 πληθυνθῆ-

194 3892 390 3947 σεσθαι
431 3892 525 3945 ἐπὶ
556 3893 656 3964 τῆς
696 3894 800 3964 γῆς
850 3892 1119 3961 λέγονται.
1167 3893 1313 3967 Πλὴν
1343 3895 1480 3950 ἀλλὰ
1518 3896 1616 3949 καὶ
1651 3896 1791 3967 μετὰ

192 3986 293 4057 τὴν
335 3984 563 4057 πρόοδον
606 3985 812 4039 τούτων
854 3985 1051 4052 αὐτῶν,
1094 3986 1296 4058 δηλαδὴ
1337 3988 1446 4042 τῶν
1473 3988 1788 4043 ἀποστόλων

192 4078 289 4134 τοῦ
334 4079 592 4151 Σωτῆρος
621 4078 801 4149 ἡμῶν,
837 4079 920 4134 ἔτι
952 4080 1118 4153 φησὶν
1165 4082 1251 4134 ἐπ’
1294 4082 1464 4154 αὐτῆς
1509 4084 1608 4155 τῆς
1659 4083 1789 4137 Ἰου-

188 4166 350 4235 δαίας
374 4169 560 4242 χώρας
591 4168 864 4240 διαμεῖναι
890 4170 950 4223 τὸ
972 4170 1311 4235 ἐπιδέκατον,
1334 4173 1430 4225 καὶ
1455 4172 1592 4243 μετὰ
1613 4172 1787 4227 ταῦτα

190 4258 350 4326 αὖθις
397 4261 620 4316 ἔσεσθαι
649 4263 846 4327 αὐτοὺς
891 4265 971 4326 είς
1017 4264 1295 4335 προνομὴν
1340 4265 1416 4329 ὼς
1453 4267 1785 4341 τερέϐινθος,

188 4354 287 4408 καὶ
314 4353 393 4418 ὡς
432 4352 662 4422 βάλανος
699 4354 829 4407 ὅταν
863 4354 1073 4425 ἐκπέσῃ
1102 4354 1203 4426 τῆς
1232 4354 1409 4425 θήκης
1440 4357 1630 4427 αὐτῆς.
1677 4360 1787 4413 Πα-

187 4448 414 4519 ρίστησι
454 4447 534 4510 δὲ,
573 4446 650 4510 ὡς
686 4442 860 4517 οἶμαι,
896 4445 986 4500 διὰ
1020 4446 1227 4500 τούτων
1257 4448 1287 4499 ὁ
1312 4447 1489 4518 λόγος,
1530 4451 1611 4503 ὅτι
1648 4452 1788 4522 μετὰ

1897 3260 2097 3307 xerunt
2128 3253 2383 3322 quisnam
2417 3258 2587 3320 esset,
2618 3263 2675 3307 et
2699 3253 2853 3307 illum
2875 3253 3054 3309 oculis
3081 3254 3333 3324 corporis
3359 3266 3483 3309 cen-

1895 3355 2115 3409 sentes,
2141 3347 2309 3401 animi
2330 3346 2510 3402 oculis
2539 3361 2648 3400 non
2669 3353 3092 3417 perspexerunt,
3120 3360 3486 3416 crassumque

1897 3454 2059 3493 suum
2120 3439 2367 3508 ipsorum
2424 3452 2522 3494 cor
2572 3437 2955 3503 reddiderunt,
3005 3444 3061 3494 et
3108 3452 3250 3510 pene
3289 3439 3483 3493 oculos

1896 3532 2099 3586 mentis
2122 3533 2465 3595 clauserunt,
2494 3539 2660 3602 atque
2707 3545 2869 3587 aures
2898 3535 3292 3602 gravaverunt,
3316 3536 3378 3585 ut
3406 3530 3484 3584 ait

1906 3623 2212 3694 prophetia.
2252 3621 2393 3677 Tum
2424 3630 2650 3694 pr0pter
2668 3623 2810 3676 hanc
2832 3635 3085 3687 causam,
3116 3620 3372 3676 civitates
3393 3635 3485 3674 eo-

1894 3729 2016 3767 rum
2057 3715 2192 3769 dicit
2214 3731 2338 3771 esse
2377 3714 2695 3779 vastandas,
2730 3714 2869 3769 adeo
2902 3720 2964 3768 ut
3001 3727 3114 3767 non
3141 3711 3481 3775 habitantur,

1894 3822 1959 3863 ac
1986 3816 2190 3864 terram
2220 3822 2413 3862 eorum
2438 3807 2556 3863 fore
2578 3807 2873 3871 desertam,
2914 3818 3126 3875 paucos
3151 3818 3282 3859 vero
3311 3818 3483 3874 quos-

1894 3900 2021 3954 dam
2075 3916 2144 3955 ex
2179 3900 2289 3955 illis
2348 3898 2754 3968 superfuturus,
2790 3898 2884 3971 qui
2922 3897 3017 3953 ubi
3055 3896 3233 3952 instar
3260 3894 3482 3950 fecundi

1897 4008 1961 4048 ac
1992 3993 2102 4047 vivi
2131 3993 2360 4048 seminis
2406 3993 2718 4048 conservati
2761 3990 2987 4056 fuerint,
3025 3988 3095 4045 ad
3139 4003 3334 4045 omnes
3382 3988 3481 4041 ho-

1892 4087 2070 4142 mines
2097 4092 2478 4158 penetrantes,
2503 4082 2909 4155 multiplicandi
2951 4070 3079 4139 esse
3125 4082 3182 4136 in
3214 4088 3360 4137 terra
3395 4081 3479 4135 di-

1892 4186 2115 4233 cuntur.
2163 4176 2554 4235 Verumtamen
2599 4185 2725 4248 post
2767 4177 2965 4231 horum
3016 4174 3264 4245 ipsorum
3298 4172 3480 4244 profe-

1891 4271 2157 4334 ctionem,
2200 4271 2575 4340 apostolorum
2628 4268 2883 4325 videlicet
2915 4266 3222 4322 Salvatoris
3277 4268 3475 4328 nostri,

1892 4359 2074 4414 adhuc
2105 4360 2180 4415 ait
2215 4362 2272 4415 in
2302 4360 2424 4430 ipsa
2453 4361 2676 4430 regione
2705 4358 3018 4414 Iudaeorum
3046 4356 3315 4413 decimam
3355 4371 3477 4426 par-

1891 4457 2001 4506 tem
2032 4466 2373 4518 mansuram,
2400 4466 2465 4506 ac
2505 4452 2763 4520 deinceps
2796 4465 2993 4507 rursus
3023 4449 3242 4504 futuros
3278 4462 3375 4505 eos
3418 4449 3475 4503 in

184 4540 287 4609 τὴν
324 4537 551 4611 πρώτην
594 4537 935 4610 πολιορκίαν,
962 4539 1033 4610 ἢν
1069 4538 1210 4592 κατὰ
1252 4540 1379 4603 τοὺς
1408 4541 1518 4593 τῶν
1557 4543 1781 4597 ἀποστό-

1898 4541 2279 4611 direptionem,
2313 4544 2474 4613 quasi
2507 4543 2901 4608 terebinthum,
2934 4548 2991 4598 et
3020 4540 3183 4612 quasi
3217 4540 3473 4612 glandem

184 4626 295 4680 λων
328 4626 577 4698 χρόνους,
602 4627 861 4680 καὶκατὰ
905 4627 1197 4698 Ῥωμαίων
1230 4630 1609 4705 αὐτοκράτορα
1640 4634 1777 4687 Οὐε-

187 4717 495 4771 σπασιανὸν
523 4718 859 4789 ἱστοροῦνται
888 4719 1239 4784 πεπονθέναι,
1271 4717 1427 4786 αὖθις
1448 4724 1540 4777 ἐπὶ
1575 4724 1781 4798 Ἀδρια-

182 4808 281 4863 νοῦ
305 4810 560 4881 δεύτερον
586 4809 1040 4882 πολιορκηθέντες
1068 4813 1348 4878 παντελῶς
1372 4808 1666 4888 ἐίρχθησαν
1681 4818 1775 4873 τοῦ

179 4901 373 4965 τόπου,
396 4900 474 4964 ὡς
503 4900 635 4974 μηδὲ
661 4901 756 4954 τοῦ
782 4901 1010 4971 ἐδάφους
1038 4904 1136 4975 τῆς
1178 4907 1537 4979 Ἰερουσαλὴμ
1562 4910 1771 4963 ἐπιϐαί-

181 5006 299 5044 νειν
327 4990 741 5061 ἐπιτρέπεσθαι.
786 4990 956 5047 Τοῦτο
983 4992 1028 5045 δ’
1067 4989 1159 5047 οὖν
1198 4996 1570 5068 αἱνιττόμενός
1613 5016 1768 5069 φησιο

187 5100 206 5131 ι
243 5081 363 5134 Καὶ
388 5081 553 5135 πάλιν
575 5081 728 5136 ἔσται
773 5087 851 5148 εἰς
876 5086 1176 5158 προνομὴν,
1201 5087 1275 5150 ὡς
1310 5089 1643 5159 τερέϐὶνθος,
1680 5091 1772 5145 καὶ

180 5172 436 5244 βάλανος,
470 5175 600 5229 ὅταν
636 5175 848 5250 ἐκπέσῃ
881 5180 944 5231 ἐκ
969 5179 1070 5248 τῆς
1100 5178 1274 5250 θήκης
1320 5178 1491 5251 αὖτῆς

1889 4648 1993 4687 suo
2018 4633 2197 4711 spolip
2223 4644 2465 4690 exutam.
2500 4632 2851 4690 Demonstrat
2892 4641 3097 4699 autem,
3122 4640 3184 4687 ut
3208 4631 3472 4698 arbitror,

1886 4723 1974 4780 his
2003 4725 2187 4782 verbis
2233 4728 2542 4794 oraculum,
2598 4735 2726 4800 post
2768 4728 3000 4800 primam
3042 4727 3192 4781 illam
3222 4723 3471 4780 obsidio-

1885 4835 2033 4884 nem,
2081 4835 2246 4890 quam
2295 4821 2670 4892 apostolorum
2715 4819 3080 4891 temporibus,
3114 4818 3221 4875 sub
3261 4815 3463 4887 Vespa-

1883 4913 2040 4968 siano
2078 4912 2451 4968 Romanorum
2496 4914 2829 4984 imperatore
2867 4911 3113 4983 perpessi
3150 4919 3470 4973 narrantur,

1884 5018 2082 5060 rursus
2126 5005 2229 5061 sub
2272 5005 2516 5061 Adriano
2551 5006 2725 5060 altera
2752 5005 2856 5075 71
2892 5002 3181 5059 obsidione
3213 5000 3468 5065 alliictos,

1882 5094 1949 5151 dc
1984 5096 2104 5151 loco
2136 5097 2231 5153 illo
2260 5097 2478 5168 penitus
2515 5101 2785 5153 arcendos
2819 5096 2957 5159 fore,
2994 5094 3139 5164 adeo.
3163 5104 3224 5150 ut
3252 5109 3322 5151 ne
3349 5095 3469 5154 solo

1882 5189 2105 5261 quidem
2129 5191 2285 5249 urbis
2309 5191 2652 5248 Hierusalem
2688 5192 2947 5247 insistere
2981 5189 3093 5248 illis
3131 5191 3202 5247 sit
3240 5189 3469 5260 permit-

180 5268 431 5323 Iendum.
467 5267 583 5324 Hoc
606 5270 777 5341 igitur
802 5274 1058 5335 innuens,
1095 5274 1177 5329 sic
1209 5275 1285 5328 ait
1321 5295 1333 5328 :
1395 5294 1413 5326 ι
1464 5277 1527 5330 Ει
1565 5280 1767 5335 iterum
1801 5285 1906 5338 erit
1961 5287 2015 5340 in
2054 5288 2438 5357 direptionem,
2497 5296 2560 5342 ut
2592 5286 2960 5353 terebinthus,
2993 5291 3049 5342 et
3074 5286 3220 5341 sicut
3282 5282 3463 5356 glans.

179 5378 306 5418 cum
338 5363 544 5418 excidit
573 5364 643 5420 de
668 5368 846 5436 spolio
871 5367 1056 5424 suo”.
1104 5388 1123 5421 ι

249 5453 377 5507 ΛΘ.
426 5473 445 5506 ι
487 5456 602 5510 Καὶ
632 5457 786 5512 ἐσται
813 5461 871 5512 ἐν
999 5462 1185 5536 ἡμέρᾳ
1212 5464 1413 5538 ἐκείνῃ
1449 5465 1647 5538 Θρέιξιει
1676 5468 1775 5522 ἄν·

1954 5469 2198 5526 ΧΧΧΙΧ.
2234 5490 2252 5520 ι
2285 5468 2352 5525 Ει
2381 5471 2489 5527 erit
2518 5471 2573 5526 in
2618 5470 2706 5527 die
2734 5472 2828 5526 illa
2860 5486 2879 5545 τι
2905 5469 3124 5526 Nutriet
3173 5469 3339 5524 homo
3367 5468 3463 5537 ju-
3548 5518 3557 5545 τ

175 5542 398 5614 θρωπος
422 5545 654 5617 δάμαλιν
689 5548 848 5619 βοῶν,
889 5554 982 5607 καὶ
1018 5553 1113 5608 δύο
1155 5550 1433 5627 πρόδατα*
1481 5559 1575 5613 καὶ
1608 5559 1767 5615 ἔσται

1898 5577 2102 5619 ιειιοιιιιι
2137 5566 2321 5634 boum,
2343 5574 2400 5641 et
2427 5565 2566 5622 duas
2598 5552 2748 5637 oves,
2766 5573 2820 5621 et
2839 5542 2944 5622 erit
2970 5579 3040 5621 ex
3066 5578 3135 5620 eo
3161 5560 3310 5634 quod
3338 5561 3464 5634 pluo

238 5655 297 5687 ⁸³
323 5654 430 5713 lsa.
464 5671 505 5722 ι,
539 5657 591 5713 7.
670 5659 717 5691 “
744 5660 935 5716 Matth.
966 5681 1124 5730 χχιιι,
1149 5668 1238 5723 ‘58.
1317 5667 1362 5700 ’⁵⁵
1399 5665 1503 5727 lsa.
1534 5685 1611 5738 γι,
1646 5671 1762 5738 l3.f

248 5740 326 5813 (t)
370 5742 728 5802 Desideratur
746 5751 866 5821 τῆς.
899 5751 1056 5808 Enn.
1091 5753 1269 5812 ΡΑτιι.
1596 5732 1607 5738 ⁷
1747 5732 1753 5745 ¹

375 5843 655 5905 Parnm.
688 5844 806 5905 Gn.
846 5847 1050 5912 XXII.

3094 5851 3134 5911 ὅ
