3828 6216
388 306 489 363 I39

1020 305 1289 363 EUSEBI]
1326 304 1810 361 CESARIENSIS
1849 303 2002 359 OPP.
2040 303 2226 360 PARS
2254 304 2320 360 11.
2359 335 2428 345 -
2462 304 2971 363 ΑῐδοιοϐΕΤιΟΑ.

3543 306 3643 361 140

385 424 585 475 rimum
613 419 777 476 faciet
807 420 891 476 lac
925 438 937 475 :
972 421 1222 475 comedet
1260 421 1537 491 butyrum,
1577 425 1633 473 et
1676 423 1781 472 mel
1807 431 1929 470 com

2063 416 2172 469 ἀπὸ
2211 418 2306 469 τού
2354 417 2605 469 πλεῖστον
2647 419 2821 470 ποιεῖν
2867 416 3028 485 γάλα,
3082 416 3313 486 φάγεται
3361 414 3644 486 βούτυρον.

383 510 509 567 edet
538 514 851 583 quicunque
898 510 1123 567 relictus
1153 509 1314 565 fuerit
1354 512 1410 565 in
1452 516 1596 563 terra
1618 508 1685 563 ⁸⁸.
1720 527 1737 559 ι
1782 506 1882 560 Hic
1913 506 1961 560 si

385 603 533 657 illam
559 602 702 657 diem
722 616 884 671 quam
914 600 1177 670 propheta
1207 600 1475 671 significat
1494 598 1797 670 quaesieris,
1823 607 1963 653 tem-

386 711 489 765 pus
515 695 786 749 adventus
828 692 1128 749 Salvatoris
1176 694 1353 749 nostri
1384 693 1649 748 invenies.
1678 692 1780 749 Ubi
1813 692 1960 747 enim

384 788 522 842 dixit
540 786 810 857 propheta
837 804 850 840 :
881 805 901 837 ι
933 784 1075 842 Ecce
1108 787 1261 856 virgo
1298 786 1353 840 in
1381 793 1537 841 utero
1583 784 1875 856 concipiet,
1906 792 1961 841 et

384 879 559 948 pariet
590 878 758 932 lilium
784 896 796 930 :
834 896 852 929 ι
885 876 1120 948 plurima
1150 877 1521 946 interponens,
1535 876 1743 932 divinat
1774 877 1842 933 de
1868 877 1957 942 iis,

382 986 503 1042 quae
522 986 618 1040 per
638 970 884 1025 eamdem
904 969 1067 1037 diem,
1085 969 1188 1024 hoc
1207 976 1310 1035 est,
1340 968 1638 1025 Salvatoris
1664 970 1840 1025 nostri
1864 968 1961 1023 ad-

380 1071 579 1119 ventus
608 1069 876 1131 tempore,
912 1059 1095 1114 futura
1123 1067 1272 1117 sunt.
1314 1060 1559 1116 Virtutes
1587 1062 1733 1117 enim
1768 1061 1960 1117 invisi-

382 1153 540 1217 biles,
567 1162 621 1208 et
645 1151 911 1223 quosdam
962 1151 1233 1215 inimicos,
1284 1161 1449 1223 atque
1498 1154 1704 1219 hostes,
1737 1169 1958 1210 muscas

380 1251 436 1299 et
477 1259 607 1315 apes
645 1244 918 1315 allegoriae
967 1243 1181 1313 legibus
1224 1246 1550 1308 nominans,
1607 1247 1956 1316 ingressuros

379 1351 504 1391 esse
549 1344 754 1391 terram
783 1334 1092 1389 Iudaeorum
1132 1334 1288 1404 dicit,
1336 1343 1501 1407 atque.
1532 1336 1606 1390 ita
1639 1336 1952 1400 hominum,

380 1424 621 1481 hostium
653 1427 901 1495 ipsorum
942 1423 1231 1486 novacula,
1264 1431 1522 1495 tanquam
1554 1426 1735 1495 magni
1768 1425 1958 1495 cujus-

378 1513 505 1570 dam
534 1515 806 1585 corporis,
838 1513 1011 1584 ipsius
1032 1513 1278 1568 Judaicae
1308 1514 1484 1584 gentis
1519 1522 1705 1583 caput,
1741 1521 1795 1568 et
1816 1514 1955 1583 pilos

379 1605 603 1677 pedum,
634 1613 690 1660 et
721 1605 972 1667 barbam,
1024 1612 1079 1658 et
1109 1602 1348 1671 denique
1382 1616 1544 1656 omne
1571 1608 1954 1655 ornamentum

378 1711 567 1754 eorum
624 1698 972 1751 abrasurum.
1011 1692 1149 1749 Cum
1198 1708 1329 1747 vero
1373 1693 1489 1747 haec
1522 1692 1577 1746 in
1623 1692 1715 1746 illa
1746 1693 1853 1757 die,
1887 1692 1955 1747 de

2062 506 2157 559 καὶ
2186 506 2306 574 μέλι
2342 507 2573 575 φάγεται
2608 508 2717 570 πᾶς
2747 508 2776 559 ὁ
2806 506 3186 576 καταλειφθεὶς
3215 507 3309 560 ἐπὶ
3337 506 3440 576 τῆς
3461 506 3590 575 γῆς.
3621 525 3642 558 ι

2075 595 2339 649 Ἐνταῦθα
2355 596 2452 667 τὴν
2472 596 2807 668 δηλουμένην
2839 596 3049 669 ἡμέραν
3085 597 3443 668 ἐπιζητήσας,
3465 597 3644 666 εὕροις

2060 687 2223 741 αὐτὸν
2250 686 2341 741 τὸν
2367 688 2555 759 χρόνον
2581 689 2682 760 τῆς
2706 687 2801 742 τοῦ
2828 689 3080 759 Σωτῆρος
3117 689 3273 760 ήμῶν
3299 688 3644 758 ἐπιφανείας.

2060 779 2244 833 Εἰπὼν
2271 779 2381 851 γὰρ
2410 782 2439 834 ό
2468 782 2775 854 προφήτης,
2823 799 2843 833 t
2890 780 3019 834 Ἰδοὺ
3060 781 3323 853 παρθένος
3361 782 3420 835 ἐν
3448 784 3642 854 γαστρὶ

2059 871 2307 943 λήψεται,
2356 874 2450 927 καὶ
2487 872 2702 940 τέξεται
2742 874 2879 939 υἱὸν,
2915 892 2934 926 ι
2979 873 3202 927 πλεῖστα
3230 874 3316 928 διά
3355 874 3525 945 μέσου
3556 874 3643 928 θε-

2060 964 2242 1028 σπίζει
2276 965 2404 1036 περὶ
2435 964 2544 1020 τῶν
2569 963 2707 1019 κατά
2736 966 2835 1037 τήν
2861 965 3031 1038 αὐτὴν
3064 965 3299 1038 ἡμέραν,
3323 966 3465 1019 τοῦτ’
3495 966 3643 1019 ἐστιν

2059 1055 2207 1127 ἀμφὶ
2244 1055 2337 1108 τὸν
2369 1056 2556 1127 χρόνον
2585 1057 2687 1128 τῆς
2714 1056 2808 1111 τοῦ
2849 1059 3101 1130 Σωτῆρος
3132 1058 3292 1129 ήμῶν
3322 1060 3644 1129 ἐπιφανείας

2057 1147 2461 1217 γενησομένων.
2516 1148 2786 1219 Δυνάμεις
2850 1150 2960 1223 γὰρ
3019 1150 3286 1224 ἀοράτους
3338 1151 3433 1204 καί
3490 1168 3643 1215 τινας

2057 1237 2305 1310 ἐχθροὺς,
2348 1239 2442 1292 καὶ
2487 1240 2800 1311 πολεμίους,
2835 1243 3001 1313 μυίας
3030 1244 3124 1297 καὶ
3160 1241 3420 1313 μελίσσας
3456 1242 3641 1313 νόμοις

2056 1330 2385 1402 ἀλληγορίας
2409 1330 2841 1404 ὀνομαζομένους
2876 1332 3234 1405 ἐπιϐήσεσθαι
3272 1334 3337 1404 τῇ
3372 1331 3479 1384 τῶν
3521 1332 3642 1384 Ἰου-

2055 1420 2215 1476 δαίων
2226 1422 2379 1494 χὼρᾳ
2400 1424 2586 1494 φησὶν,
2607 1423 2806 1479 καὶτὸν
2823 1423 3025 1497 Κύριον
3050 1423 3195 1496 ξυρῷ
3217 1423 3325 1478 τῶν
3346 1423 3643 1495 πολεμίων,

2056 1513 2206 1567 ὼσάν
2246 1515 2485 1586 μεγάλου
2540 1515 2811 1586 σώματος,
2848 1514 2942 1570 τοῦ
3003 1515 3271 1569 Ἰουδαίων
3312 1514 3496 1578 ἔθνους
3540 1513 3644 1584 τὴν

2057 1607 2318 1679 κεφαλὴν,
2345 1609 2438 1662 καὶ
2468 1607 2567 1671 τάς
2586 1609 2777 1681 τρίχας
2798 1608 2907 1661 τῶν
2931 1609 3128 1675 ποδῶν,
3154 1608 3355 1663 καὶτὸν
3376 1606 3642 1676 πώγωνα,

2057 1700 2150 1753 καὶ
2183 1701 2381 1764 πάντα,
2419 1700 2720 1771 συλλήϐδην
2750 1701 2945 1766 εἰπεῖν,
2985 1701 3075 1754 τὸν
3098 1700 3300 1771 κόσμον
3334 1700 3512 1754 αὐτῶν
3542 1698 3642 1764 ξυ-

379 1805 484 1861 qua
515 1788 696 1861 agitur
729 1788 914 1842 futura
941 1786 1071 1849 sint,
1100 1786 1156 1838 in
1202 1798 1311 1853 qua
1341 1783 1589 1839 videlicet
1620 1785 1712 1838 ille
1751 1784 1819 1839 de
1845 1799 1949 1855 quo

2057 1793 2263 1864 ρήσειν.
2300 1791 2517 1846 Τούτων
2551 1793 2596 1847 δ’
2618 1793 2888 1865 ἐσομένων
2920 1795 2979 1847 ἐν
3008 1796 3073 1865 τῇ
3104 1792 3469 1865 θεσπιζομένη
3497 1791 3641 1862 ἡμέο

378 1882 621 1954 loquitur
665 1887 926 1936 nascetur
951 1879 1019 1932 de
1066 1875 1311 1947 Virgine,
1345 1883 1458 1929 tum
1485 1890 1609 1929 eum
1650 1875 1950 1942 hominem,

378 1973 472 2045 qui
503 1972 725 2027 relictus
753 1968 916 2024 fuerit
937 1968 1004 2022 de
1034 1966 1202 2021 totius
1224 1968 1402 2035 gentis
1436 1966 1678 2030 interitu,
1714 1966 1815 2019 hoc
1843 1973 1948 2031 est,

377 2081 593 2120 omnem
625 2064 938 2134 quicunque
958 2078 1023 2117 ex
1055 2062 1162 2116 illis
1183 2064 1239 2115 in
1266 2058 1543 2113 Christum
1577 2056 1670 2114 Dei
1704 2059 1951 2114 credide-

378 2157 471 2221 rit,
502 2156 843 2211 nutriturum
865 2155 1158 2223 juvencam
1185 2152 1372 2217 boum,
1398 2157 1453 2205 et
1487 2150 1627 2206 duas
1653 2166 1782 2206 oves
1813 2166 1952 2221 praes

379 2246 516 2301 dicit
550 2262 563 2298 :
602 2253 658 2301 et
676 2260 743 2301 ex
777 2259 844 2299 eo
868 2245 1012 2314 quod
1044 2243 1343 2314 plurimum
1376 2244 1535 2297 faciet
1568 2244 1671 2306 lac,
1695 2244 1952 2314 butyrum

377 2345 435 2393 et
466 2338 571 2393 mel
602 2351 973 2419 comesurum.
1009 2333 1181 2389 Porro
1218 2335 1331 2389 hch
1367 2336 1410 2389 si
1460 2336 1684 2405 mystice
1706 2342 1953 2389 contem-

379 2430 639 2501 plaberis,
681 2428 950 2498 intelliges
990 2427 1045 2481 in
1094 2425 1393 2482 Salvatoris
1438 2427 1614 2481 nostri
1664 2426 1947 2495 apostolis,

379 2520 539 2578 suum
571 2520 730 2576 finem
760 2520 1057 2589 accepisse.
1085 2518 1327 2584 Quorum
1360 2518 1559 2587 singuli
1590 2518 1644 2571 in
1670 2519 1736 2572 iis
1764 2516 1952 2572 Eccle—

378 2614 499 2679 siis,
540 2613 596 2667 in
635 2612 835 2683 quibus
874 2612 1076 2665 virtute
1118 2611 1323 2665 Christi
1376 2611 1752 2676 constiterint,
1792 2610 1949 2666 binas

377 2721 530 2767 oves,
565 2706 669 2759 hoc
700 2712 805 2769 est,
843 2704 1004 2759 binos
1035 2701 1255 2758 ordines
1286 2703 1460 2760 instar
1489 2703 1695 2766 ovium,
1724 2702 1791 2758 ad
1823 2717 1949 2773 gre-

378 2813 499 2869 gem
529 2796 734 2852 Christi
769 2796 1176 2859 convenientes,
1209 2798 1441 2849 alterum
1476 2794 1694 2864 quidem
1741 2794 1799 2848 in
1834 2793 1949 2864 pri-

379 2893 485 2947 mis
529 2891 707 2945 adhuc
735 2890 1020 2945 elementis
1060 2896 1391 2953 versantem,
1427 2889 1660 2942 alterum
1695 2900 1823 2940 vero
1852 2885 1949 2955 qui

374 2984 487 3054 jam
511 2998 609 3054 per
638 2983 917 3037 lavacrum
954 2981 1026 3037 sit
1073 2980 1402 3044 illustratus,
1450 2994 1513 3033 ac
1556 2984 1820 3049 praeterea
1859 2976 1950 3047 ju-

376 3090 605 3131 vencam
656 3089 843 3137 unam,
892 3072 1326 3129 ecclesiasticum
1372 3071 1560 3140 utique
1605 3084 1816 3133 eorum,
1853 3066 1949 3138 qui

2060 1900 2132 1955 ρᾳ
2154 1883 2249 1937 τοῦ
2277 1884 2342 1937 ἐκ
2368 1884 2470 1954 τῆς
2500 1884 2777 1958 Παρθένου
2823 1885 3210 1957 γενησομένου,
3258 1883 3353 1938 τὸν
3384 1884 3642 1938 καταλει-

2060 1977 2261 2047 φθέντα
2280 1977 2563 2050 ἄνθρωπον
2586 1980 2650 2031 ἐκ
2668 1978 2769 2047 τῆς
2786 1976 2881 2031 τοῦ
2906 1977 3106 2041 παντὸς
3130 1977 3311 2040 ἔθνους
3339 1974 3639 2039 ἀπωλείας,

2058 2069 2200 2122 τοῦτ’
2231 2070 2375 2123 ἔστιν
2409 2072 2623 2125 ἅπαντα
2651 2070 2742 2122 τὸν
2766 2067 2823 2134 ἐξ
2850 2068 3027 2123 αὐτῶν
3057 2071 3135 2129 εἰς
3168 2069 3258 2121 τὸν
3286 2069 3329 2120 Χ
3338 2067 3517 2138 ριστὸν
3540 2063 3638 2117 τοῦ

2058 2157 2193 2214 Θεοῦ
2228 2164 2647 2226 πεπιστευκότα,
2699 2161 2915 2234 θρέψειν
2953 2161 3180 2232 δάμαλιν
3222 2160 3382 2230 βοῶν,
3421 2158 3643 2213 καὶδύο

2060 2253 2306 2325 πρόϐατα
2337 2255 2690 2326 προφητεύει,
2713 2256 2822 2309 ἀπό
2851 2271 2907 2308 τε
2935 2252 3028 2305 τοῦ
3058 2254 3305 2306 πλεῖστον
3339 2252 3512 2304 ποιεῖν
3541 2250 3638 2317 γά-

2058 2344 2144 2409 λα,
2166 2344 2432 2414 φάγεσθαι
2456 2346 2715 2417 βούτυρον
2740 2346 2833 2399 καὶ
2859 2346 2996 2417 μέλι.
3020 2345 3253 2413 Νοήσεις
3272 2343 3327 2395 δὲ
3352 2341 3445 2395 καὶ
3465 2339 3638 2393 ταῦτα

2059 2434 2197 2488 κατά
2244 2437 2508 2505 μυστικὴν
2541 2435 2773 2506 θεωρίαν
2810 2437 2902 2489 ἐπὶ
2934 2436 3040 2489 τῶν
3068 2434 3162 2487 τοῦ
3195 2433 3444 2504 Σωτῆρος
3476 2429 3638 2502 ἡμῶν

2058 2525 2370 2580 ἀποστόλων
2411 2526 2789 2597 τετελεσμένα.
2838 2522 2938 2579 ’Ὧν
2971 2526 3197 2587 ἕκαστος
3227 2526 3283 2577 ἐν
3310 2518 3397 2587 αἷς
3435 2521 3531 2574 σὺν
3566 2522 3635 2591 τῇ

2055 2617 2151 2672 τοῦ
2179 2610 2415 2692 Χριστοῦ
2449 2618 2672 2688 δυνάμει
2717 2619 3083 2689 συνεστήσατο
3125 2614 3500 2685 Ἐκκλησίαις,
3542 2611 3639 2663 δύο

2056 2711 2311 2782 τάγματα
2346 2710 2502 2782 δίκην
2530 2709 2839 2782 προϐάτων,
2873 2711 2967 2764 ἐπὶ
2988 2710 3086 2779 τὴν
3115 2707 3208 2760 τοῦ
3238 2703 3472 2777 Χριστοῦ
3509 2702 3639 2756 ποί·

2061 2820 2199 2874 μνην
2233 2801 2503 2856 συνιόνταο
2536 2801 2597 2855 τὸ
2645 2802 2743 2873 μὲν
2775 2801 2944 2853 εἰσέτι
2994 2797 3444 2868 στοιχειούμενον,
3491 2794 3553 2846 τὸ
3588 2793 3637 2847 δ’

2056 2891 2158 2962 ήδη
2187 2890 2274 2943 διὰ
2309 2890 2404 2943 τοῦ
2436 2889 2669 2963 ,λουτροῦ
2707 2889 3137 2963 πεφωτισμένον·
3180 2888 3273 2939 καὶ
3303 2886 3394 2938 ἐπὶ
3423 2884 3637 2945 τούτοις

2060 2981 2188 3052 μίαν
2212 2980 2442 3052 δάμαλιν
2473 2983 2571 3053 τὴν
2598 2969 3053 3052 ἐκκλησιαστικὴν
3082 2978 3189 3032 τῶν
3227 2975 3503 3048 προέδρων
3532 2973 3636 3043 ἀρε

2057 3073 2155 3145 χὴν
2174 3076 2295 3137 ταῖς
2315 3073 2518 3136 ἐνθέοις
2539 3074 2633 3127 καὶ
2650 3073 2893 3142 λογικαῖς
2919 3074 3147 3143 τροφαῖς
3175 3070 3270 3124 ἐκθ
3280 3069 3466 3142 ρέψας,
3484 3068 3637 3135 γόνι-

376 3167 674 3238 prtesident
695 3165 1084 3236 principatum,
1109 3163 1307 3218 divinis
1329 3172 1383 3218 et
1407 3162 1765 3217 rationalibus
1808 3159 1945 3215 cibis

2055 3181 2149 3236 μον
2178 3163 2239 3229 ἐξ
2277 3164 2457 3219 αὐτῶν
2488 3165 2651 3233 γάλα,
2686 3165 2778 3218 καὶ
2830 3164 2948 3235 μέλι
2989 3164 3089 3233 τῆς
3120 3161 3446 3231 πονηθείσης
3480 3157 3636 3229 αὐτῷ

375 3259 679 3313 nutrientes
707 3274 721 3310 :
752 3254 1041 3311 fecundum
1080 3269 1145 3308 ex
1192 3254 1299 3308 illis
1339 3253 1441 3314 lac,
1469 3263 1524 3307 et
1553 3252 1679 3315 mel,
1711 3251 1832 3321 ejus
1870 3250 1951 3305 vi-

375 3348 573 3405 delicet
597 3348 728 3413 cibi,
758 3363 919 3419 quem
950 3348 1053 3417 ipsi
1091 3347 1512 3411 elaboraverint,
1554 3347 1791 3401 fructum
1826 3361 1951 3418 per—

374 3448 662 3511 ceperunt.
694 3438 761 3492 Et
788 3438 934 3508 quod
963 3438 1179 3509 quidem
1211 3454 1328 3494 eam
1373 3439 1799 3503 multitudinem,
1830 3454 1951 3509 quae

373 3549 440 3589 ex
476 3531 972 3604 imperfectioribus
1001 3538 1217 3586 constat
1258 3532 1473 3594 ovibus,
1502 3532 1723 3586 divinus
1766 3546 1949 3587 sermo

375 3636 695 3693 comparare
720 3621 1087 3685 consueverit,
1106 3636 1215 3676 non
1241 3632 1324 3677 est
1353 3638 1489 3693 opus
1511 3631 1569 3677 ut
1597 3624 1794 3688 dicam,
1822 3639 1948 3678 cum

376 3714 480 3769 hoc
498 3728 688 3770 omnes
718 3711 914 3768 divina:
937 3712 1129 3767 littera:
1153 3711 1464 3768 ostendant.
1500 3714 1605 3783 72
1634 3712 1787 3779 Quod
1821 3729 1951 3769 vero

373 3821 523 3870 eum,
577 3806 670 3876 qui
718 3804 1012 3876 perfectior
1056 3805 1149 3871 sit,
1183 3814 1239 3861 et
1288 3807 1512 3872 multos,
1561 3806 1719 3876 quasi
1770 3807 1948 3862 bonus

372 3896 611 3966 agricola
657 3903 932 3963 exerceat,
967 3894 1338 3967 Ecclesizeque
1382 3897 1696 3967 praesideat,
1741 3897 1949 3952 rustico

374 3988 538 4041 boum
582 3987 756 4043 labori
810 3989 937 4041 item
981 3988 1233 4044 conferre
1282 3990 1475 4048 soleat.
1516 3996 1743 4045 sanctus
1785 3989 1947 4045 nobis

372 4081 712 4134 demonstrat
739 4077 1055 4147 Apostolus,
1078 4079 1169 4133 ubi
1201 4080 1277 4133 ait
1302 4098 1315 4134 :
1345 4098 1363 4130 ι
1395 4077 1652 4149 Nunquid
1675 4079 1742 4134 de
1768 4080 1948 4134 bubus

372 4185 507 4224 cura
528 4179 614 4225 est
652 4169 805 4226 Deo?
836 4184 905 4223 an
935 4180 1157 4240 propter
1194 4185 1295 4224 nos
1336 4171 1557 4224 omnino
1606 4171 1776 4225 dicit?
1805 4186 1946 4240 quo.

372 4264 519 4319 niam
550 4263 711 4319 debet
747 4262 803 4318 in
828 4279 945 4334 spe,
970 4263 1065 4334 qui
1102 4272 1241 4326 arat,
1271 4277 1431 4317 arare
1454 4280 1467 4315 :
1490 4269 1545 4318 et
1574 4264 1667 4333 qui
1700 4264 1942 4328 triturat,

372 4356 427 4409 in
455 4371 572 4425 spe,
592 4363 654 4409 ut
683 4356 753 4411 sit
781 4356 1056 4425 particeps
1078 4354 1147 4407 ⁸⁸.
1175 4377 1193 4407 ι
1223 4353 1378 4422 Quod
1396 4355 1442 4409 si
1475 4353 1600 4424 quis
1634 4354 1944 4410 istiusmodi

374 4443 561 4515 ﬁguris
587 4443 844 4515 loquendi
865 4443 1191 4509 offendatur,
1226 4444 1369 4498 idem
1393 4443 1592 4513 poterit
1618 4450 1674 4498 et
1699 4459 1939 4509 muscas,

2051 3256 2256 3327 τροφῆς
2298 3256 2389 3310 τὸν
2434 3256 2645 3330 καρπὸν
2681 3258 3052 3327 ἀπηνέγκατο.
3086 3256 3273 3317 Ὅπως
3308 3253 3406 3323 μὲν
3439 3249 3531 3304 οὖν
3563 3250 3635 3303 τὰ

2048 3344 2157 3399 τῶν
2203 3347 2570 3418 ἀτελεστέρων
2620 3347 2797 3420 πλήθη
2848 3348 3138 3418 προϐάτοις
3189 3343 3378 3398 εἴωθεν
3419 3346 3448 3397 ό
3487 3342 3633 3407 θεῖος

2048 3441 2342 3513 ἀφομοιοῦν
2385 3441 2561 3510 λόγος,
2608 3441 2760 3494 οὐδὲν
2805 3442 2885 3494 δεῖ
2925 3441 3120 3509 λέγειν,
3172 3439 3351 3508 πάσης
3404 3438 3442 3489 Γ
3448 3437 3634 3507 ραφῆς

2049 3533 2206 3587 τοῦτο
2242 3531 2618 3601 διδασκούσης.
2650 3532 2753 3586 Τὸν
2780 3532 2836 3585 δέ
2868 3549 2931 3601 γε
2969 3531 3342 3599 ὲντελέστερον
3379 3529 3472 3581 καὶ
3502 3528 3637 3589 τοὺς

2050 3624 2277 3688 πολλοὺς
2301 3624 2647 3695 γεωργοῦντα
2668 3626 2766 3694 τῆς
2795 3623 3119 3694 Ἐκκλησίας
3136 3620 3267 3693 ἡγού
3277 3636 3455 3690 μενον,
3480 3620 3637 3681 ὅπως

2048 3716 2127 3787 τῷ
2152 3718 2410 3788 γεωπόνῳ
2439 3717 2548 3771 τῶν
2581 3716 2719 3785 βοῶν
2756 3715 3121 3786 παραϐάλλει,
3160 3713 3471 3783 συνίστησιν
3495 3713 3522 3763 ό
3552 3711 3636 3763 ἱε-

2053 3807 2143 3878 ρὸς
2176 3807 2491 3871 ἀπόστολος,
2522 3807 2714 3875 λέγων⁸
2747 3826 2765 3857 ι
2917 3805 3025 3858 τῶν
3044 3804 3180 3875 βοῶν
3209 3803 3360 3874 μέλει
3383 3801 3460 3873 τῷ
3486 3802 3636 3872 Θεῷ,

2048 3898 2082 3968 ἢ
2122 3898 2189 3950 δι’
2218 3899 2364 3969 ἡμᾶς
2411 3899 2629 3961 πάντως
2664 3897 2840 3965 λέγεις
2880 3898 2961 3949 ὅτι
2999 3894 3201 3963 ὀφείλει
3244 3894 3331 3947 ἐπ’
3378 3891 3553 3946 ἑλπίδι
3601 3893 3634 3944 ὁ

2049 3988 2317 4059 ἀροτριῶν
2361 3989 2641 4060 ἀροτριᾷν,
2693 3989 2786 4043 καὶ
2847 3989 2876 4040 ὁ
2932 3987 3126 4052 ἀλοῶν,
3172 3987 3258 4039 ἐπ’
3303 3984 3479 4037 ἐλπίδι
3528 3983 3632 4037 τοῦ

2052 4080 2319 4150 μετέχειν.
2359 4099 2377 4131 ι
2418 4080 2484 4133 El.
2512 4079 2570 4133 δὲ
2604 4080 2937 4152 προσκόπτοι
2974 4096 3057 4142 τις
3093 4081 3213 4141 ταῖς
3242 4076 3476 4130 τοιαῖσδε
3504 4090 3637 4146 τρο-

2051 4170 2348 4239 πολογίαις,
2376 4171 2494 4243 ὥρα
2514 4171 2701 4224 τοῦτον
2730 4171 2864 4242 μηδὲ
2888 4170 2986 4234 τὰς
3009 4167 3412 4241 ὀνομαζομένας
3438 4166 3635 4238 μυίας,

2048 4261 2080 4332 ἥ
2117 4262 2393 4333 μελίσσας,
2436 4263 2571 4333 μηδὲ
2604 4264 2664 4315 τὸ
2692 4262 2869 4334 ξυρὸν,
2911 4262 3046 4333 μηδὲ
3077 4261 3169 4314 τὸν
3196 4259 3451 4329 πώγωνα,
3491 4259 3634 4331 μηδὲ

2044 4353 2146 4417 τὰς
2187 4353 2378 4425 τρίχας
2416 4353 2526 4406 τῶν
2576 4354 2751 4409 ποδῶν
2795 4354 2939 4408 κατὰ
2983 4353 3220 4407 διάνοιαν
3258 4352 3503 4424 θεωρεῖν,
3547 4352 3638 4415 είς

2047 4446 2284 4509 ἀτόπους
2306 4445 2365 4498 δέ
2389 4446 2482 4499 καὶ
2510 4446 2845 4510 ἀσυστάτους
2870 4445 3158 4499 ἐκπίπτειν
3187 4442 3530 4516 μυθολογίας.
3563 4442 3634 4495 Εἰ

371 4541 425 4586 et
451 4548 603 4603 apes,
638 4533 706 4589 de
755 4532 956 4602 quibus
1006 4532 1227 4611 dictum.
1259 4538 1366 4595 est,
1413 4537 1467 4586 et
1505 4532 1854 4596 novaculam,
1889 4540 1943 4588 et

2055 4535 2091 4587 δ’
2123 4537 2335 4608 ἀνάγκη
2390 4537 2561 4589 ταῦτα
2599 4537 2674 4609 μὴ
2708 4538 2882 4601 ἄλλως
2922 4537 2955 4609 ἢ
3003 4537 3147 4591 κατὰ
3191 4515 3356 4609 μόνην
3390 4534 3633 4606 θεωρίαν

372 4623 621 4688 barbam,
646 4632 701 4679 et
743 4624 880 4692 pilos
910 4623 1132 4694 pedum,
1166 4638 1276 4678 non
1312 4638 1377 4678 ex
1411 4623 1708 4685 sententia,
1741 4623 1838 4679 sed
1872 4640 1938 4680 ex

2045 4627 2316 4698 δέχεσθαι,
2351 4629 2507 4699 δῆλον
2534 4631 2613 4683 ὅτι
2635 4631 2728 4683 καὶ
2754 4628 2825 4682 τά
2852 4629 3120 4683 ἀκόλουθα
3148 4627 3565 4700 παραπλησίως.

372 4714 578 4784 scripto
607 4714 986 4786 contemplari,
1021 4720 1183 4785 atque
1239 4714 1313 4768 ita
1340 4714 1498 4784 plane
1525 4714 1582 4768 in
1625 4712 1859 4770 ridicula
1893 4724 1949 4772 et
2005 4720 2244 4774 absurda
2298 4720 2604 4774 fabularum
2650 4722 3007 4775 deliramenta
3055 4722 3318 4776 recidere.
3379 4717 3439 4772 Si
3497 4730 3635 4772 vero

373 4819 480 4859 non
502 4805 658 4861 aliter
686 4806 802 4862 haec
831 4805 1085 4875 accipere
1127 4818 1353 4860 necesse
1378 4813 1482 4868 est,
1508 4819 1674 4875 quam
1709 4806 1776 4861 ad
1823 4822 2045 4863 sensum
2109 4809 2401 4879 quemdam
2434 4811 2795 4877 interiorem,
2824 4812 2995 4876 .baud
3029 4812 3259 4869 dubium
3310 4818 3419 4876 est,
3462 4810 3637 4880 quin-

370 4897 531 4952 etiam
554 4912 617 4951 ca
645 4912 767 4967 qua:
791 4904 1117 4968 sequuntur,
1146 4896 1310 4951 simili
1344 4896 1574 4951 ratione.

437 4986 550 5042 XL.
581 5007 599 5038 ι
636 4989 694 5041 In
724 4988 809 5042 die
833 4988 924 5042 illa
958 4988 1375 5059 exstinguentur
1408 4998 1642 5054 montes,
1668 4997 1722 5045 et
1749 4990 1939 5055 colles,

370 5085 422 5133 et
462 5078 633 5141 silvae,
659 5087 708 5132 et
731 5078 1072 5133 devorabunt
1102 5078 1171 5132 ab
1197 5076 1379 5132 anima
1404 5093 1577 5148 usque
1607 5077 1676 5132 ad
1704 5094 1935 5135 carnes:

367 5175 424 5223 et
455 5170 559 5224 erit
598 5168 694 5238 qui
736 5165 925 5239 fugiet,
961 5176 1224 5239 tanquam
1276 5160 1492 5239 fugiens
1534 5183 1565 5222 a
1598 5167 1815 5223 ﬂamma
1850 5184 1939 5223 ar-

370 5259 530 5314 dente
561 5275 575 5311 :
602 5268 657 5315 et
704 5261 796 5332 qui
831 5260 1006 5315 relicti
1043 5258 1247 5316 fuerint
1273 5276 1339 5315 ex
1373 5260 1504 5327 illis,
1552 5270 1715 5316 erunt
1746 5277 1940 5318 nume-

372 5363 501 5404 rus:
533 5356 588 5403 et
636 5361 770 5417 puer
814 5348 1073 5420 parvulus
1116 5349 1320 5406 scribet
1360 5364 1479 5417 eos,
1521 5358 1576 5405 et
1615 5351 1721 5406 erit
1758 5352 1813 5406 in
1847 5352 1938 5409 die

368 5439 497 5493 illa:
532 5454 643 5494 non
694 5439 833 5494 ultra
885 5439 1104 5510 adjiciet
1143 5440 1289 5511 quod
1332 5442 1602 5511 reliquum
1649 5441 1816 5498 fuerit
1865 5459 1933 5498 ex

368 5528 553 5594 Israel,
581 5536 632 5585 et
681 5531 767 5599 qui
794 5535 1103 5586 conservati
1136 5547 1204 5586 ex
1234 5530 1426 5595 Jacob,
1452 5549 1562 5588 non
1589 5533 1731 5587 ultra
1761 5536 1933 5591 conli-

470 5705 514 5738 “
548 5703 651 5761 lsa.
685 5719 781 5770 vu,
804 5702 993 5759 2l-22.

2120 4987 2211 5041 M'.
2258 5005 2277 5038 ι
2322 4988 2402 5059 Τῇ
2447 4986 2631 5061 ἡμέρα
2660 4990 2843 5062 ἐκείνῃ
2871 4988 3340 5060 ἀποσϐεσθήσεται
3384 4991 3455 5044 τά
3488 4992 3633 5066 ὅρη,

2048 5079 2141 5132 καὶ
2174 5078 2223 5133 οί
2258 5080 2456 5149 βουνοὶ,
2500 5081 2597 5133 κα)⁸
2633 5081 2683 5133 οί
2721 5080 2935 5153 δρυμοὶ,
2977 5081 3071 5135 καὶ
3108 5083 3486 5152 καταφάγεται
3518 5086 3631 5140 ἀπὸ

2044 5167 2225 5238 ψυχῆς
2248 5169 2354 5233 ἕως
2382 5171 2617 5242 σαρκῶν·
2645 5172 2737 5224 καὶ
2763 5171 2915 5225 ἔσται
2942 5175 2971 5225 ό
2992 5172 3229 5241 φεύγων,
3257 5174 3334 5236 ὡς
3358 5177 3385 5227 ό
3407 5176 3630 5244 φεύγων

2046 5257 2155 5311 ἀπὸ
2176 5257 2372 5328 φλογὸς
2396 5261 2709 5331 καιομένηςο
2735 5263 2828 5315 καὶ
2850 5263 2899 5315 οί
2927 5262 3379 5331 καταλειφθέντες
3407 5266 3502 5318 ἀπ’
3529 5267 3629 5319 αὑ-

2044 5348 2152 5403 τῶν
2185 5350 2395 5407 ἔσονται
2424 5353 2673 5424 ἀριθμὸς,
2708 5355 2804 5408 καὶ
2842 5353 3045 5407 παιδίον
3075 5355 3269 5425 μικρὸν
3297 5357 3501 5428 γράψει
3529 5359 3629 5411 αῦ-

2043 5442 2186 5506 τούς·
2219 5446 2315 5498 καὶ
2350 5444 2502 5499 ἐσται
2529 5448 2587 5499 ἐν
2626 5450 2690 5517 τῇ
2729 5448 2916 5520 ἡμέρᾳ
2945 5446 3149 5520 ἐκείνῃ,
3184 5448 3369 5501 οὐκέτι
3399 5465 3625 5520 προστε-

2043 5538 2266 5613 θήσεται
2293 5543 2355 5597 τὸ
2383 5544 2741 5614 καταλειφθὲν
2777 5546 2872 5599 τοῦ
2917 5546 3155 5615 Ἰσραὴλ,
3200 5547 3294 5602 καὶ
3336 5550 3386 5600 οί
3426 5546 3630 5600 διασωο

1074 5705 1119 5738 ⁸⁷
1147 5703 1284 5762 Ibid.
1320 5706 1405 5763 14.
1484 5706 1575 5762 ⁸⁸1
1608 5707 1737 5766 Cor.
1774 5724 1847 5781 ιι,
1886 5714 1938 5781 9,
1977 5713 2065 5771 lO.
