3828 6216
176 352 271 406 ιιι

1094 344 1748 403 DEMONSTRATIONIS
1786 340 2242 398 EVANGELICIE
2282 341 2409 400 LIB.
2451 341 2514 398 II.

3333 354 3432 409 ΗΞ

170 466 360 533 θέντες
388 466 483 522 τοῦ
526 467 722 523 Ἰακὼὸ
754 467 935 522 οὐκέτι
970 468 1291 532 πεποιθότες
1330 464 1464 521 ὦσιν
1510 467 1604 521 ἐπὶ
1627 466 1753 529 τοὺς

1864 468 2050 521 dentes
2072 472 2236 519 erunt
2264 464 2321 519 in
2346 465 2447 530 eis,
2471 466 2566 534 qui
2588 464 2809 535 injuriis
2842 466 2990 537 ipsos
3012 467 3312 533 aﬂecerint,
3338 472 3433 526 sed

170 561 544 632 ἀδικήσαντας
576 560 795 624 αὐτοὺς,
817 560 933 614 ἀλλ’
962 560 1172 614 ἔσονται
1205 560 1524 624 πεποιθότες
1552 560 1645 613 ἐπὶ
1662 559 1754 614 τὸν

168 651 306 707 Θεὸν
333 653 426 707 τὸν
459 653 612 722 ἆγιον
638 651 732 705 τοῦ
769 652 982 724 Ἰσραὴλ
1009 656 1074 724 τῇ
1107 652 1468 724 ὰληθείᾳ,καὶ
1495 651 1755 722 ἀναστρέ-

169 745 265 814 ψει
297 743 358 798 τὸ
385 743 746 812 καταλειφθὲν
786 743 880 796 166
934 744 1152 815 Ἰσραὴλ
1189 744 1283 797 ἐπὶ⁸
1312 743 1445 798 Θεὸν
1482 743 1750 814 ἰσχύοντασ

170 837 269 890 καὶ
307 837 405 890 ἐὰν
435 836 661 906 γένηται
691 837 720 887 6
750 835 982 907 ἀριθμὸς
1014 835 1123 888 τῶν
1156 834 1290 889 υἱῶν
1349 835 1564 908 Ἰσραὴλ
1602 837 1679 898 ὡς
1716 837 1750 905 ὴ

170 928 356 999 ἄμμος
391 929 490 999 τῆς
524 927 818 999 θαλάσσης,
849 927 911 980 τὸ
939 928 1286 999 κατάλειμμα
1318 926 1496 981 αὐτῶν
1522 927 1756 999 σωθήσε-

169 1037 280 1073 ται.
319 1020 494 1088 Λόγον
533 1019 641 1091 γὰρ
682 1017 950 1072 συπελῶθ
983 1018 1078 1073 καὶ
1115 1018 1426 1089 συντέμνων
1465 1020 1523 1072 ἐν
1555 1018 1756 1072 δικαιο-

170 1109 326 1180 σύνῃ·
366 1110 449 1162 ὅτι
484 1108 641 1176 λόγον
678 1108 1114 1180 συντετμημένον
1150 1108 1363 1179 ποιήσει
1388 1110 1417 1162 6
1440 1108 1572 1173 Θεὸς
1601 1109 1659 1161 ἐν
1685 1109 1752 1180 τῇ

165 1199 462 1270 οἰκουμένῃ
506 1197 620 1272 ὅλῃ.
664 1217 682 1248 ι
735 1197 1026 1251 Κάνταῦθα
1074 1200 1340 1270 πρόσχες,
1387 1199 1470 1252 ὃτι
1519 1216 1539 1249 ς
1585 1199 1643 1251 ἐν
1685 1201 1753 1270 τῇ

169 1291 513 1363 σκυθρωπῶν
564 1290 783 1362 ἀπειλῇ,
831 1294 1017 1362 φησιν,
1068 1291 1219 1347 ἔσται
1262 1293 1292 1345 6
1339 1291 1576 1361 φεύγων,
1613 1291 1690 1355 ὡς
1724 1291 1755 1343 6

166 1383 389 1452 φεύγων
418 1383 528 1436 ἀπὸ
555 1383 751 1451 φλογὸς
781 1383 1099 1454 καιομένης·
1126 1382 1287 1438 καὶοί
1307 1382 1756 1453 καταλειφθέντες

163 1477 266 1529 ἀπ’
290 1475 472 1528 αὐτῶν
495 1475 727 1547 ἀριθμὸς
760 1475 933 1539 ἔσται,
968 1477 1063 1530 καί¹
1091 1477 1302 1531 παιδίον
1331 1477 1526 1550 μικρὸν
1554 1478 1756 1550 γράψει

118 1594 123 1607 ν
164 1565 385 1629 αὐτούς·
420 1586 438 1617 ι
472 1566 538 1619 δι’
566 1560 641 1621 ὧν
672 1567 733 1620 τὸ
760 1567 985 1620 σπάνιον
1012 1566 1120 1621 τῶν
1151 1567 1495 1639 φευξομένων
1523 1569 1613 1621 τὸν
1639 1568 1756 1622 ὄλε-

167 1659 298 1732 θρον
340 1662 408 1712 ἐκ
452 1660 754 1731 περιτομῆς
791 1659 958 1724 λαοῦ,
1003 1661 1099 1713 καὶ
1134 1661 1224 1714 τὸν
1257 1660 1357 1731 τῆς
1404 1660 1756 1734 Ἰερουσαλὴμ

166 1754 502 1826 ἐμπρησμὸν
536 1753 886 1826 παρίστησιν.
939 1773 957 1805 ε
992 1755 1053 1807 Οί
1085 1754 1142 1807 δὲ
1173 1754 1623 1825 καταλειφθέντες
1664 1750 1754 1809 66-

164 1863 270 1909 τοι,
315 1846 501 1916 φησὶν,
543 1845 776 1916 ἀριθμὸς
809 1845 1043 1914 ἔσονται,
1080 1864 1098 1897 ι
1127 1846 1273 1899 τοῦτ’
1331 1846 1478 1901 ἔστιν
1535 1847 1755 1919 ἀριθμῷ

163 1936 365 2008 ληπτοὶ
412 1938 755 2008 γενήσονται,
800 1936 942 1991 οὕτω
992 1938 1212 2010 βραχεῖς
1254 1940 1350 1993 καὶ
1398 1939 1755 2012 εὐαρίθμητοι

162 2029 343 2094 ὄντες.
392 2030 652 2083 Τοσοῦτοι
676 2029 721 2083 δ’
747 2026 860 2095 οὖν,
905 2031 982 2094 ὼς
1020 2032 1077 2084 ἐν
1122 2031 1403 2103 συγκρίσει
1431 2032 1524 2085 166
1557 2032 1756 2096 παντὸς

165 2121 413 2194 πλήθους
443 2122 537 2175 166
581 2122 848 2175 Ἰουδαίων
869 2122 1075 2186 ἔθνους,
1101 2124 1150 2176 οἱ
1185 2125 1264 2186 είς
1297 2123 1384 2176 τὸν
1409 2123 1638 2194 Σωτῆρα
1662 2123 1757 2177 καὶ

164 2213 377 2285 Κύριον
409 2212 569 2284 ἡμῶν
601 2213 1028 2276 πεπιστευκότες
1075 2214 1383 2282 γεγόνασιν,
1434 2214 1483 2267 οἳ
1521 2214 1615 2267 καὶ
1657 2230 1758 2267 κα-

162 2303 521 2376 τηξιώθησαν
567 2305 667 2375 τῆς
710 2305 804 2358 ὑπ’
840 2305 1004 2358 αὐτοῦ
1044 2304 1286 2376 Γραφῆς,
1340 2305 1417 2368 ὡς
1462 2305 1611 2377 δηλοῖ
1656 2305 1758 2374 φά-

165 2411 319 2449 σκων
346 2396 377 2447 6
414 2395 592 2465 λόγος,
635 2415 655 2448 ι
690 2397 802 2451 Καὶ
830 2397 1040 2452 παιδίον
1065 2397 1267 2469 γράψει
1299 2399 1517 2463 αὐτούς·
1564 2418 1582 2451 ι
1622 2417 1758 2471 προ-

159 2487 391 2553 διδάξας
443 2488 471 2540 ὃ
517 2489 569 2541 τί
618 2506 750 2541 ποτε
794 2483 864 2559 ἦν
911 2488 974 2541 τὸ
1010 2489 1251 2556 παιδίον,
1302 2491 1362 2543 ἐν
1410 2484 1491 2553 οἷς
1541 2490 1752 2559 ἔλεγεν·

167 2598 193 2633 α
248 2579 383 2633 Ἰδοὺ
412 2582 445 2650 ἡ
472 2580 746 2653 Παρθένος
768 2582 826 2634 ἐν
850 2583 1049 2653 γαστρὶ
1084 2580 1213 2648 ἕξει,
1253 2584 1349 2636 καὶ
1387 2582 1598 2649 τέξεται
1621 2583 1752 2637 υἱόν·

161 2670 265 2724 καὶ
312 2672 442 2741 πρὶν
483 2670 517 2741 ἦ
557 2670 761 2740 γνῶναι
804 2671 865 2725 τὸ
895 2672 1107 2726 παιδίον
1132 2673 1316 2727 καλεῖν
1344 2674 1552 2745 πατέρα
1590 2674 1622 2745 ἦ
1654 2693 1759 2746 μη-

161 2762 323 2833 τέρα·
363 2782 384 2815 ι
422 2763 516 2815 καὶ
546 2763 845 2835 ἐπειδήπερ
887 2763 1142 2828 ἐνταῦθα,
1190 2783 1209 2816 ι
1250 2765 1489 2830 Παιδίον,
1542 2785 1560 2817 ›
1602 2767 1755 2838 φησὶ,

168 2868 193 2902 ς
227 2850 438 2933 γράψει
461 2852 677 2916 αὐτοὺς,
717 2872 737 2904 ι
766 2852 991 2917 εἰκότως
1018 2856 1076 2906 ἐν
1110 2857 1222 2918 τοῖς
1247 2854 1482 2927 πρόσθεν
1516 2855 1752 2925 ἐλέγετο·

171 2957 193 2991 ι
227 2940 343 2993 Καὶ
365 2938 518 2993 ἔσται
551 2942 612 2994 τὸ
648 2943 969 3011 ὑπολειφθὲν
1006 2946 1062 2997 ἐν
1100 2943 1258 3010 Σιὼν,
1300 2946 1479 2999 καὶτὸ
1508 2948 1759 3002 καταλει-

166 3031 308 3104 φθὲν
349 3033 409 3085 ἐν
467 3033 842 3106 Ἰερουσαλὴμ,
884 3035 1028 3105 ἂγιοι
1072 3037 1431 3110 κληθήσονται
1466 3040 1663 3104 πάντες
1707 3041 1757 3093 οί

166 3123 479 3195 γραφέντες
503 3127 583 3189 είς
613 3124 776 3198 ζωήν.
829 3145 848 3179 ι
895 3128 1106 3200 Ὥσπερ
1152 3129 1282 3197 γοῦν
1327 3132 1383 3183 ἐν
1424 3131 1652 3197 ἐκείνοις
1697 3116 1759 3185 τὸ

168 3192 535 3286 καταλειφθὲν
570 3192 873 3289 ὠνόμαστο,
926 3222 976 3273 οἱ
1011 3220 1055 3273 δ’
1076 3192 1247 3276 ἀὐτοὶ
1279 3223 1581 3295 γραφέντες
1622 3192 1760 3297 ῆσαν
1788 3192 1831 3250 c

168 3311 254 3376 είς
288 3311 455 3383 ζωήν-
484 3312 657 3377 οὕτως
690 3315 783 3367 καὶ
812 3316 1067 3378 ἐνταῦθα,
1099 3319 1148 3370 οἱ
1189 3318 1641 3387 καταλειφθέντες
1666 3322 1760 3374 ἀπ’

167 3405 356 3459 αὐτῶν
393 3426 413 3457 ε
452 3406 685 3478 ἀριθμὸς
706 3408 937 3472 ἔσονται,
971 3409 1066 3463 καὶ
1090 3411 1296 3465 παιδίον
1319 3411 1519 3484 γράψει
1544 3412 1758 3476 αύτούς.

169 3496 349 3551 Τοῦτο
381 3497 439 3551 δὲ
481 3498 842 3568 καταλειφθὲν
867 3500 934 3553 ἐκ
966 3497 1061 3552 166
1101 3499 1338 3572 Ἰσραὴλ,
1377 3503 1468 3555 καὶ
1493 3503 1540 3555 οί
1567 3501 1762 3555 διασω-

168 3590 361 3654 θέντες
401 3591 511 3644 ἀπὸ
544 3591 640 3645 166
687 3592 880 3647 Ἰακὼὸ
927 3612 945 3643 ι
983 3592 1185 3657 οὐκέτι,
1220 3614 1240 3647 ι
1283 3595 1467 3664 φησὶν,
1500 3614 1519 3647 ι
1550 3594 1762 3650 ἔσονται

167 3684 267 3735 ἐπὶ
296 3683 427 3745 τοὺς
450 3683 816 3754 ἀδικήσαντας
844 3684 1061 3749 αὐτοὺς,
1105 3685 1218 3738 ἀλλ’
1257 3684 1466 3739 ἔσονται
1509 3687 1763 3741 πεποιθόι-

166 3793 263 3838 τες
288 3776 384 3828 ἐπὶ
406 3775 497 3827 τὸν
522 3775 655 3829 Θεὸν
675 3775 766 3829 τὸν
792 3775 944 3845 ἅγιον
972 3776 1069 3829 166
1116 3777 1351 3848 Ἰσραήλ.
1387 3795 1405 3827 ›
1434 3778 1544 3830 Καὶ
1576 3778 1676 3848 ὅρα
1699 3794 1761 3845 γε

168 3869 220 3920 εί
253 3866 333 3937 μὴ
356 3865 530 3939 ταύτῃ
569 3883 633 3935 γε
664 3869 730 3937 τῇ
780 3866 1103 3939 πεποιθήσει
1158 3869 1208 3920 οἱ
1250 3870 1315 3921 ἐκ
1355 3868 1447 3921 166
1497 3869 1763 3923 Ἰουδαίων

170 3959 366 4023 ἔθνους
414 3957 790 4029 προελθόντες,
838 3959 891 4011 οῖ
931 3976 990 4011 τε
1033 3960 1099 4011 ἐκ
1135 3959 1233 4030 τῆς
1275 3959 1647 4025 άποπτώσεως
1666 3961 1761 4014 τοῦ

182 4049 406 4122 Ἰσραὴλ
439 4048 878 4121 περιλειφθέντες
923 4050 1165 4122 μαθηταὶ
1209 4050 1303 4104 καὶ
1340 4050 1625 4105 ἀπόστολοι
1669 4052 1761 4105 166

171 4143 433 4213 Σωτῆρος
449 4144 482 4213 ἡ
490 4141 630 4212 μῶν,
657 4142 859 4214 μηδένα
884 4142 1043 4211 λόγον
1070 4143 1428 4215 ποιησάμενοι
1444 4143 1552 4197 τῶν
1568 4145 1764 4217 ἀρχόν-

171 4252 284 4288 των
325 4233 421 4288 166
458 4234 653 4298 αἰῶνος
676 4233 887 4299 τούτου,
918 4234 1082 4305 ἣτῶν
1115 4236 1391 4307 ἀρχόντων
1430 4234 1525 4289 166
1574 4238 1638 4288 ἐκ
1676 4252 1766 4288 πε-

176 4328 408 4401 ριτομῆς
441 4326 573 4380 λαοῦ
595 4326 704 4380 τῶν
735 4326 902 4380 πάλαι
926 4326 1254 4380 ἀδικούντων
1288 4327 1505 4389 αὐτοὺς,
1540 4324 1762 4396 ἐξῆλθον

132 4416 139 4425 ’
172 4421 256 4482 εἰς
291 4419 471 4471 πάντα
514 4416 582 4469 τὰ
630 4416 758 4488 ἔθνη
804 4415 1163 4488 κηρύττοντες
1187 4416 1277 4469 τὸν
1318 4416 1551 4488 Χριστὸν
1583 4414 1761 4484 λόγον,

174 4509 506 4581 πεποιθήσει
545 4524 607 4560 τε
653 4509 719 4579 τῇ
759 4507 894 4582 πρὸς
934 4506 1026 4560 τὸν
1064 4505 1201 4560 Θεὸν
1225 4505 1476 4577 (ἐπείπερ
1499 4504 1640 4558 κατὰ
1663 4504 1762 4574 τὴν
1795 4531 1838 4586 D

176 4600 521 4673 προφητείαν
549 4596 868 4661 πεποιθότες
888 4592 1030 4667 ἦσαν
1054 4598 1147 4650 ἐπὶ
1169 4597 1259 4650 τὸν
1292 4596 1425 4651 Θεὸν
1469 4596 1623 4666 ἆγιον
1665 4593 1760 4648 τοῦ

191 4691 413 4765 Ἰσραὴλ
429 4693 487 4743 ἐν
522 4688 767 4762 ἀληθείᾳ*
797 4690 858 4743 ού
889 4688 999 4762 γὰρ
1023 4687 1293 4753 ὑπούλως,
1327 4687 1450 4745 οὐδὲ
1479 4687 1597 4759 μεθ’
1628 4688 1762 4741 ὑπο-

175 4784 441 4856 κρίσεως,
468 4783 567 4837 σὺν
610 4781 836 4853 ἀληθεία
878 4781 937 4835 δὲ
975 4780 1129 4844 ὅλους
1171 4780 1395 4853 ἑαυτοὺς
1435 4779 1764 4834 ἐπιδέδονται

177 4877 405 4945 ἐλπίδι),
433 4877 493 4929 οὐ
521 4874 682 4946 μόνον
702 4872 970 4946 προῆλθον
1009 4874 1109 4944 τῆς
1134 4871 1345 4928 ἑαυτῶν
1386 4871 1590 4944 χώρας,
1630 4871 1767 4927 ἀλλὰ

179 4966 556 5040 κατώρθωσαν
574 4966 635 5019 τὸ
659 4964 1130 5037 προστεθειμένον.
1163 4963 1333 5018 Τοῦτο
1358 4963 1416 5018 δὲ
1436 4963 1569 5018 αὐτὸ
1605 4961 1766 5017 πάλιν

178 5060 242 5112 τὸ
263 5056 648 5127 καταλειφθὲν,
682 5056 844 5110 οἱονεὶ
883 5056 946 5110 τὸ
986 5056 1204 5127 σπέρμα
1253 5055 1355 5125 τῆς
1401 5054 1770 5119 άποπτὼσεως

180 5152 278 5206 τοῦ
313 5152 510 5207 Ἰακὼὸ
546 5152 757 5220 γέγονε,
799 5149 1056 5213 πεποιθὸς
1097 5150 1191 5203 ἐπὶ
1218 5149 1349 5202 Θεὸν
1378 5147 1647 5219 ἰσχύοντα·
1676 5150 1771 5201 καὶ

182 5249 317 5301 αὐτὸ
336 5247 403 5318 δὴ
425 5247 586 5300 τοῦτο
618 5246 678 5299 τὸ
710 5246 1058 5315 κατάλειμμα
1093 5244 1188 5297 166
1235 5242 1437 5308 παντὸς
1466 5242 1650 5305 ἔθνους
1674 5243 1773 5295 αύε-

182 5339 315 5403 τῶν,
342 5340 637 5410 γενομένου
664 5338 739 5401 ὼς
767 5339 801 5408 ή
838 5338 1020 5408 ἄμμος
1061 5337 1163 5406 τῆς
1213 5335 1511 5408 θαλάσσης,
1549 5332 1663 5387 ἀλλ’
1705 5335 1767 5387 οὐ

185 5431 331 5485 κατὰ
357 5429 430 5483 τὰ
452 5430 628 5503 ἄστρα
649 5430 743 5483 τοῦ
763 5428 1013 5499 ούρανοῦ,
1035 5430 1134 5500 τῆς
1155 5427 1307 5500 παρὰ
1325 5427 1404 5499 τῷ
1433 5425 1552 5496 Θεῷ
1592 5443 1772 5496 σωτη-‹

190 5522 314 5593 ρίας
366 5519 603 5591 ἠξιώθη,
636 5518 919 5591 ὠσπεροῦν
954 5518 1335 5591 ἐμαρτύρησεν
1363 5519 1392 5571 6
1424 5515 1766 5577 Ἀπόστολος,

189 5611 381 5666 εἰπὼν·
421 5631 441 5663 ι
484 5610 709 5675 Ἡσαΐας
728 5611 785 5666 δὲ
822 5608 1014 5681 κράζει
1053 5610 1195 5682 ὑπὲρ
1234 5608 1328 5663 τοῦ
1384 5608 1622 5681 Ἰσραὴλ,
1673 5606 1771 5661 ἐὰν

880 5736 891 5779 l

1860 566 2022 612 erunt
2048 555 2384 612 confidentes
2415 556 2472 610 in
2508 554 2618 611 Deo
2646 564 2838 612 sancto
2864 556 3030 614 Israel
3060 559 3115 613 in
3166 560 3394 615 veritate
3417 579 3432 593 ·

1860 655 1915 702 et
1943 655 2297 703 convertatur
2325 648 2472 718 quod
2508 648 2780 719 reliquum
2831 648 2995 704 fuerit
3039 665 3107 706 ex
3143 651 3333 717 Israel,
3366 651 3434 705 ad

1861 736 2030 793 Deum
2063 737 2259 794 fortem
2298 745 2393 794 :et
2427 737 2475 792 si
2510 738 2675 792 fuerit
2705 754 2968 795 numerus
3003 740 3240 794 filiorum
3268 740 3435 796 Israel

1861 828 2005 883 sicut
2030 843 2196 883 arena
2225 829 2416 894 maris,
2440 828 2687 899 reliquiae
2715 844 2904 884 eorum
2938 831 3101 886 salvae
3136 830 3285 886 ﬁent.
3309 829 3438 886 Ver-

1861 918 1990 973 bum
2014 919 2160 974 enim
2190 918 2285 988 qui
2315 918 2551 989 perﬁcit,
2582 926 2637 975 et
2671 919 2764 990 qui
2786 921 3063 975 contrahit
3092 922 3147 975 in
3179 920 3434 990 justitia;

1863 1010 2122 1080 quoniam
2154 1010 2384 1067 verbum
2423 1012 2758 1068 contractius
2806 1011 2970 1068 faciet
3015 1012 3159 1069 Deus
3205 1015 3262 1068 in
3305 1014 3438 1071 orbe

1862 1108 2023 1157 terra:
2055 1103 2315 1159 universo
2334 1102 2403 1158 δ’.
2445 1122 2465 1155 ι
2498 1101 2598 1158 Hic
2641 1120 2858 1176 quoque
2896 1108 3135 1170 attende,
3179 1107 3309 1162 dum
3339 1109 3439 1162 tri-

1863 1193 1969 1249 stia
1980 1194 2283 1259 minitatur,
2303 1195 2759 1265 quemadmodum
2782 1214 2802 1248 ι
2824 1198 2949 1264 erit,
2973 1217 2994 1250 ι
3018 1197 3213 1269 inquit,
3236 1199 3329 1270 qui
3350 1200 3438 1253 fu-

1860 1285 1972 1355 giet
2003 1294 2260 1357 tanquam
2293 1286 2508 1359 fugiens
2533 1302 2564 1341 a
2595 1286 2810 1343 ﬂamma
2842 1289 3068 1345 ardente
3101 1307 3114 1343 :
3145 1284 3201 1344 et
3232 1291 3326 1361 qui
3350 1307 3440 1346 re-

1861 1378 1998 1450 liqui
2023 1378 2228 1434 fuerint
2262 1394 2328 1435 ex
2359 1380 2489 1447 illis,
2523 1394 2787 1435 numerus
2823 1388 2985 1435 erunt
3013 1400 3025 1434 :
3057 1388 3110 1436 et
3154 1397 3290 1451 puer
3312 1396 3439 1453 par-

1862 1471 2022 1527 vulus
2054 1471 2256 1527 scribet
2277 1485 2394 1536 eos,
2434 1489 2453 1522 ι
2480 1471 2681 1542 quibus
2712 1485 2845 1526 sane
2878 1470 3083 1534 verbis,
3106 1473 3436 1542 paucitatem

1861 1578 2076 1629 eorum,
2107 1564 2285 1634 quiex
2314 1563 2517 1634 populo
2535 1563 2985 1620 Circumcisionis
3012 1565 3292 1620 interitum
3325 1566 3439 1622 sint

1862 1653 2106 1719 evasuri,
2134 1670 2243 1709 una
2277 1670 2402 1709 cum
2433 1655 2588 1711 urbis
2631 1653 2974 1711 Hierusalem
3021 1657 3295 1724 incendio,
3336 1673 3438 1714 no-

1862 1747 1948 1803 bis
1970 1747 2228 1803 ostendit.
2261 1767 2281 1800 ι
2328 1746 2394 1801 Hi
2419 1761 2571 1811 vero,
2620 1747 2819 1817 inquit,
2865 1748 2960 1817 qui
2987 1748 3182 1818 reliqui
3211 1747 3435 1814 fuerint,

1789 1836 1832 1892 Β
1860 1856 2125 1897 numerus
2153 1851 2334 1906 erunt,
2367 1859 2387 1892 ι
2413 1839 2519 1894 hoc
2548 1845 2653 1904 est,
2689 1856 2799 1895 non
2828 1840 3010 1910 plures
3041 1856 3206 1911 quam
3243 1850 3302 1896 ut
3334 1858 3439 1897 nu-

1863 1949 2016 1989 mero
2075 1932 2466 2004 comprehendi
2518 1934 2765 2003 possint:
2805 1940 2993 2002 utpote
3035 1935 3129 2004 qui
3170 1943 3224 1989 et
3253 1939 3434 2005 pauci,

1862 2031 1916 2079 et
1937 2023 2096 2078 facile
2127 2024 2495 2079 numerabiles
2520 2023 2689 2078 futuri
2722 2024 2831 2080 sint
2861 2041 2873 2074 :
2898 2039 3006 2078 non
3040 2026 3227 2094 plures
3274 2027 3440 2097 igitur

1861 2118 2214 2181 exstiterunt,
2239 2117 2506 2172 duntaxat
2534 2118 2806 2173 universae
2846 2116 3158 2173 Iudaeorum
3193 2120 3438 2175 multitu-

1862 2209 1978 2262 dini
2012 2208 2334 2278 comparati,
2366 2207 2461 2278 qui
2493 2208 2547 2261 in
2573 2205 2914 2263 Salvatorem
2941 2215 2997 2262 et
3022 2207 3311 2263 Dominum
3338 2224 3439 2266 no—

1863 2310 2039 2357 strum
2084 2301 2451 2365 crediderunt,
2486 2301 2583 2371 qui
2617 2301 2837 2371 quidem
2879 2300 3044 2356 etiam
3091 2301 3238 2372 digni
3266 2302 3439 2359 habiti

1865 2393 1998 2459 sint,
2041 2394 2137 2464 qui
2180 2393 2250 2447 ab
2288 2408 2354 2448 eo
2394 2395 2728 2464 scripturam
2773 2394 3088 2466 acciper‘Bnt
3127 2413 3141 2448 :
3175 2396 3441 2467 quemad-

1863 2486 2093 2540 modum
2141 2486 2308 2541 verba
2366 2486 2459 2541 illa
2520 2487 2930 2553 demonstrant,
2985 2504 3005 2539 ι
3062 2495 3118 2542 et
3174 2490 3439 2558 puerulus

1864 2578 2072 2634 scribet
2118 2594 2214 2635 eos
2257 2597 2272 2634 :
2325 2597 2347 2632 ι
2403 2577 2673 2648 siquidem
2740 2580 2894 2649 prius
2958 2589 3243 2637 ostensum
3319 2589 3443 2649 est,

1863 2672 2116 2741 quisnam
2172 2670 2263 2725 hic
2308 2678 2457 2726 esset
2506 2671 2808 2739 puerulus,
2881 2672 2971 2729 ubi
3036 2673 3245 2727 dictum
3290 2680 3375 2730 est
3419 2687 3441 2735 τε

1864 2762 1970 2833 73
2034 2761 2175 2817 Ecce
2224 2762 2378 2835 virgo
2424 2762 2479 2817 in
2532 2770 2689 2817 utero
2737 2763 2992 2830 habebit,
3041 2771 3097 2820 et
3155 2765 3330 2835 pariet
3379 2764 3449 2820 ﬁ—

1866 2855 1998 2908 lium
2029 2855 2118 2908 "z
2162 2873 2182 2906 ι
2215 2861 2271 2910 et
2307 2873 2325 2906 ι
2366 2861 2657 2925 antequam
2710 2856 2850 2911 sciat
2904 2871 3039 2926 puer
3095 2871 3290 2913 vocare
3342 2871 3441 2927 pa-

1863 2954 2020 3011 trem,
2042 2955 2136 3001 aut
2156 2946 2446 3017 matremf‘
2472 2967 2486 3001 :
2518 2966 2537 2999 ι
2568 2954 2623 3002 et
2647 2947 2904 3017 quoniam
2935 2948 3038 3002 hoc
3061 2948 3182 3004 loco
3203 2968 3222 3001 ι
3246 2964 3435 3018 puer,»

1866 3038 2060 3109 inquit,
2100 3056 2118 3090 ‹
2162 3038 2366 3094 scribet
2392 3054 2519 3104 eos,
2563 3057 2583 3090 ι
2634 3038 2832 3094 merito
2860 3039 2915 3092 in
2949 3039 3324 3110 superioribus
3353 3040 3441 3094 di-

1866 3131 2065 3186 cebat:
2112 3150 2131 3182 ‹
2172 3128 2239 3184 Et
2268 3130 2375 3185 erit
2402 3129 2550 3201 quod
2589 3131 2859 3201 reliquum
2901 3130 3066 3187 fuerit
3100 3132 3156 3186 in
3181 3130 3442 3188 Hierusa-

1864 3223 1992 3287 lem,
2020 3223 2193 3279 sancti
2221 3222 2564 3278 vocabuntur
2594 3237 2819 3287 omnes,
2859 3223 2953 3294 qui
2985 3223 3174 3293 scripti
3207 3230 3334 3279 sunt
3371 3222 3443 3278 ad

1863 3314 2031 3369 vitam
2051 3316 2119 3369 δ’.
2159 3333 2177 3366 ι
2212 3313 2354 3385 Ergo
2380 3320 2439 3368 ut
2473 3313 2585 3368 illic
2635 3314 2904 3384 reliquum
2949 3315 3288 3369 nominatum
3313 3321 3397 3373 est
3419 3353 3442 3383 ,

1864 3406 2063 3476 hicque
2096 3406 2201 3477 ipsi
2230 3413 2421 3473 erant,
2473 3425 2493 3459 ι
2529 3407 2623 3477 qui
2660 3406 2848 3476 scripti
2880 3417 3008 3462 sunt
3057 3407 3126 3463 ad
3157 3407 3363 3461 vitam:
3414 3425 3436 3459 ι

1864 3499 1938 3551 ita
1963 3497 2125 3552 etiam
2151 3497 2260 3563 hic,
2292 3515 2311 3547 ‹
2350 3496 2444 3567 qui
2474 3497 2669 3567 reliqui
2700 3497 2902 3552 fuerint
2928 3513 2994 3552 ex
3022 3497 3102 3553 eis
3121 3536 3138 3563 ,
3177 3512 3441 3554 numerus

1864 3598 2047 3655 erunt,
2077 3596 2132 3645 et
2161 3590 2424 3659 puerulus
2459 3589 2662 3645 scribet
2695 3606 2812 3646 eos.
2856 3607 2875 3641 ι
2909 3588 3023 3645 Hoc
3053 3604 3220 3661 porro
3261 3590 3444 3661 ipsum

1871 3698 1889 3731 ‹
1926 3680 2071 3750 quod
2096 3681 2344 3736 relictum
2373 3680 2537 3737 fuerit
2573 3697 2640 3737 ex
2667 3680 2871 3748 Israel,
2910 3689 2965 3736 et
2990 3681 3085 3751 qui
3128 3681 3329 3737 servati
3375 3696 3448 3735 ex

1862 3770 2055 3836 Iacob,
2085 3788 2195 3827 non
2221 3773 2384 3840 ultra,
2410 3793 2428 3826 ι
2450 3774 2645 3844 inquit,
2684 3791 2702 3823 ι
2742 3772 2797 3826 in
2829 3772 2910 3828 eis
2940 3772 3033 3842 qui
3064 3771 3213 3843 ipsos
3242 3770 3444 3841 injuria

1865 3862 2173 3931 affecerint,
2234 3863 2331 3920 sed
2386 3865 2444 3919 in
2488 3865 2599 3920 Deo
2652 3871 2846 3920 saneto
2894 3858 3059 3920 lsr'ael
3105 3862 3444 3919 conﬁdentes

1864 3963 2026 4011 erunt
2055 3974 2069 4010 :
2114 3974 2133 4008 ι
2169 3963 2225 4011 et
2262 3970 2394 4012 sane
2420 3955 2535 4026 jam
2571 3963 2777 4026 specta,
2803 3964 2987 4010 utrum
3035 3955 3153 4027 ipsa
3180 3956 3284 4010 hac
3310 3969 3446 4010 con-

1866 4046 2087 4102 fidentia
2118 4046 2179 4110 ii,
2205 4047 2298 4116 qui
2331 4061 2399 4101 ex
2439 4044 2667 4101 Iudaica
2718 4055 2878 4117 gente
2920 4045 3148 4118 profecti
3181 4053 3347 4110 sunt,
3388 4050 3446 4100 et

1866 4135 1958 4206 qui
1998 4134 2067 4189 de
2093 4134 2250 4188 ruina
2282 4132 2451 4190 Israel
2471 4134 2644 4189 relicti
2676 4141 2805 4189 sunt
2834 4133 3089 4204 discipuli
3118 4140 3173 4188 et
3212 4133 3445 4201 apostoli

1868 4225 2166 4282 Salvatoris
2208 4226 2407 4290 nostri,
2438 4226 2572 4280 nihil
2615 4225 3004 4281 aestimaverint
3035 4224 3309 4294 principes
3339 4237 3445 4277 sae-

1866 4319 1976 4374 culi
2013 4318 2198 4388 hujus,
2238 4332 2337 4372 seu
2384 4316 2656 4387 principes
2679 4312 2913 4381 Iudaici,
2946 4316 3037 4387 qui
3065 4316 3194 4371 olim
3242 4315 3444 4384 injuria

1866 4424 1961 4465 eos
1991 4408 2316 4472 adiciebant,
2358 4414 2411 4462 et
2442 4407 2522 4461 sic
2572 4407 2627 4460 in
2662 4422 2851 4463 omnes
2901 4417 3089 4477 gentes
3124 4416 3444 4475 penetrave-

1867 4503 1998 4567 rint,
2030 4498 2309 4554 Christum
2335 4498 2561 4554 verbum
2595 4497 2975 4570 praedicantes,
3016 4511 3087 4551 an
3132 4509 3260 4550 vero
3305 4494 3447 4561 nihil

1869 4592 2067 4647 horum
2111 4592 2231 4648 ausi
2272 4588 2404 4655 sint,
2437 4600 2599 4662 atque
2649 4597 2830 4647 utrum
2875 4590 3061 4646 eadem
3109 4602 3237 4658 erga
3273 4586 3444 4643 Deum

1867 4684 2198 4741 confidentia
2230 4685 2400 4756 (nam.
2431 4690 2493 4739 ut
2522 4683 2806 4755 praphetia
2838 4681 3019 4744 habet,
3050 4698 3070 4731 ι
3107 4678 3446 4743 confidentes
3528 4700 3533 4703 λ

1868 4786 2025 4832 erant
2056 4778 2112 4832 in
2142 4776 2254 4832 Deo
2298 4783 2489 4833 sancto
2524 4776 2688 4832 Israel
2722 4776 2777 4827 in
2809 4773 3057 4829 veritate.
3093 4790 3113 4823 ι
3148 4770 3267 4826 Non
3297 4770 3442 4823 enim

1868 4870 2098 4926 subdole
2135 4878 2229 4925 aut
2256 4870 2508 4925 simulate
2530 4911 2548 4936 ,
2593 4868 2687 4924 sed
2721 4882 2848 4923 vere
2881 4873 3026 4923 totos
3077 4864 3287 4936 seipsos
3328 4861 3447 4934 spei

1868 4961 2224 5032 dediderant)
2280 4976 2391 5016 non
2436 4961 2612 5017 solum
2669 4959 2738 5014 de
2790 4972 2891 5013 sua
2939 4956 3161 5027 regione
3215 4951 3447 5025 profecti

1870 5054 1997 5120 sint,
2034 5068 2222 5108 verum
2261 5052 2315 5108 id
2352 5052 2499 5123 quod
2528 5051 2663 5122 ipsis
2715 5050 3051 5121 propositum
3087 5046 3303 5113 fuerat,
3350 5044 3451 5100 ab.

1869 5146 2015 5201 unde
2044 5145 2392 5215 perfecerint,
2420 5160 2489 5199 an
2514 5159 2644 5199 non.
2677 5141 2881 5211 Nempe
2902 5141 3008 5196 hoc
3038 5140 3218 5210 ipsum
3249 5151 3447 5193 rursus

1869 5237 1924 5292 id
1940 5222 2127 5292 fuisse
2168 5236 2436 5300 invenies,
2465 5234 2613 5306 quod
2660 5233 2912 5289 relictum
2945 5239 3029 5288 est
3056 5230 3215 5304 quasi
3260 5242 3448 5285 semen

1869 5328 2045 5383 ruina
2068 5326 2240 5383 Iacob
2265 5366 2283 5393 ,
2341 5328 2399 5381 in
2430 5326 2542 5381 Deo
2577 5323 2703 5380 forti
2745 5324 3065 5380 conlidens:
3126 5310 3295 5392 atque
3318 5320 3446 5374 item

1868 5420 1974 5475 hoc
2025 5418 2201 5491 ipsum
2252 5419 2520 5474 universae
2567 5419 2688 5486 ejus
2737 5415 2917 5485 gentis
2960 5414 3237 5471 residuum
3297 5412 3451 5480 (qua

1871 5512 2089 5584 quidem
2120 5526 2253 5582 gens
2283 5529 2301 5562 ι
2323 5509 2487 5566 fuerit
2503 5509 2659 5581 quasi
2680 5522 2845 5563 arena
2871 5507 3062 5571 maris,
3101 5525 3119 5559 ι
3155 5519 3265 5559 non
3290 5500 3449 5572 quasi

1872 5605 2042 5661 stellae
2073 5605 2219 5675 cceli)
2246 5604 2471 5676 dignum
2519 5602 2765 5659 habitum
2792 5615 2936 5668 esse,
2962 5598 3053 5655 cui
3099 5597 3247 5654 salus
3276 5610 3307 5649 a
3341 5591 3456 5646 Deo

261 5791 306 5823 ⁵⁸
336 5791 443 5846 Isa.
482 5807 539 5857 ι,
574 5791 755 5845 1723.
836 5789 883 5822 ⁸⁸
912 5787 1013 5846 lsa.
1049 5804 1145 5855 vn,
1178 5788 1265 5846 Η.
1344 5787 1385 5819 ⁵⁸
1423 5785 1525 5844 lsa.
1566 5800 1682 5851 vm,
1720 5783 1752 5838 ι

1864 5783 1895 5815 ι’
1937 5780 2042 5837 lsa.
2074 5796 2150 5846 tv,
2173 5781 2229 5836 5.
