3828 6216
136 377 242 435 145

1030 369 1693 429 DEMONSTRATIONIS
1729 364 2191 425 EVANGELICIE
2227 365 2356 422 LIB.
2400 363 2462 420 II.

3292 358 3394 413 ιω

129 509 222 547 ται
255 491 452 562 ῥάϐδος
486 492 552 545 ἐκ
585 487 687 560 τῆς
735 489 891 562 ῥίζης
936 490 1155 553 Ἰεσσαὶ,
1199 490 1291 543 καὶ
1323 488 1483 553 ἀνθος
1512 490 1577 543 ἐκ
1617 489 1704 560 τῆς

1819 485 2000 541 dietur
2023 484 2175 555 virga
2190 481 2255 538 de
2272 479 2455 537 radice
2472 478 2645 546 Iesse,
2665 480 2715 550 7
2722 478 2771 549 5
2797 487 2849 535 et
2874 476 2972 534 los
2990 477 3056 532 de
3072 475 3255 532 radice
3268 475 3393 544 ejus

129 580 289 656 ῥίζης
325 582 490 638 αὐτοῦ
526 581 889 653 ἀναϐήσεται,
931 600 952 628 ι
981 582 1075 635 καί⁵
1104 579 1173 633 τὰ
1203 579 1348 650 ἐξῆς.
1390 578 1714 648 Σαφέστατα

124 676 227 748 τὴν
255 680 322 729 ἐκ
345 675 498 747 ῥίζης
538 674 735 728 ’ῐεσσαί⁵
771 673 972 745 (πατὴρ
1000 674 1057 727 δὲ
1083 668 1154 744 ἦν
1182 665 1338 736 οὗτος
1376 671 1469 725 τοῦ
1523 670 1711 741 Δαδίδ)

125 768 344 837 γένεσιν
394 766 490 822 τοῦ
526 766 767 838 Χριστοῦ
804 764 1096 835 παριστὰς,
1141 766 1225 833 ἐφ’
1352 762 1565 831 γενέσει
1614 763 1712 833 τὴν

124 859 236 913 τῶν
266 858 438 911 ἐθνῶν
476 858 668 926 κλῆσιν
700 856 962 929 πρότερον
1001 856 1100 927 μὲν
1134 856 1201 909 δι’
1225 855 1547 925 αἰνίγματος
1576 870 1710 927 προ-

125 953 343 1024 φητικῷ
374 954 562 1025 τρόπῳ
593 950 889 1017 ἀναφωνεῖ’
928 947 990 1000 τὸ
1017 946 1145 1017 γὰρ,
1194 964 1213 996 t
1256 941 1713 1016 Συμϐοσκηθήσε-

122 1060 213 1096 ται
251 1043 418 1107 λύκος
451 1043 568 1114 μετ’
610 1041 792 1113 ἀρνὸς,
837 1039 933 1091 καὶ
964 1036 1228 1109 πάρδαλις
1249 1036 1345 1088 σὺν
1380 1034 1552 1106 ἐρίφῳ
1586 1049 1711 1085 συν-

118 1135 521 1198 αναπαύσεται,
557 1153 579 1186 r
616 1134 710 1186 καὶ
735 1130 804 1184 τά
839 1130 1084 1193 τοιαῦτα,
1132 1128 1285 1181 οὐδὲν
1305 1126 1492 1197 ἕτερον
1522 1125 1557 1195 ἢ
1601 1123 1711 1177 τῶν

114 1228 334 1301 ἀγρίων
382 1228 475 1280 καὶ
517 1224 742 1297 ἀπηνῶν
779 1222 873 1277 τὸν
910 1223 1110 1293 τρόπον
1149 1220 1244 1273 καὶ
1302 1220 1466 1291 μηδὲν
1507 1218 1710 1290 θηρίων

113 1319 488 1391 διαφερόντων
514 1316 705 1380 ἐθνῶν,
736 1315 835 1384 τὴν
866 1315 959 1368 ἐπὶ
1002 1315 1093 1367 τὸν
1132 1312 1328 1383 εὐσεϐῆ
1361 1311 1454 1364 καὶ
1499 1310 1709 1382 ἥμερόν

119 1430 177 1468 τε
221 1415 321 1467 καὶ
367 1410 680 1465 κοινωνικὸν
720 1408 922 1481 τρόπον
964 1405 1263 1479 μεταϐολὴν
1302 1404 1518 1477 ἐδήλουο
1554 1402 1709 1457 τοῦτο

116 1506 173 1561 δέ
202 1504 339 1559 αὐτὸ
376 1507 457 1566 εἰς
490 1503 717 1574 ὕστερον
762 1501 1100 1573 γυμνότερον
1135 1499 1398 1562 διδάσκει,
1446 1498 1702 1567 φάσκων·

116 1615 139 1651 s
198 1586 539 1668 Ἐνεπλήσθη
564 1597 598 1664 ἡ
629 1593 895 1664 σύμπασα
914 1594 987 1665 γῆ
1010 1590 1102 1646 τοῦ
1125 1591 1328 1662 γνῶναι
1360 1591 1452 1645 τὸν
1477 1590 1703 1661 Κύριον,

111 1686 190 1750 ὡς
213 1686 363 1757 ὕδωρ
408 1685 543 1738 πολὺ
570 1684 949 1755 κατακαλύψει,
988 1683 1280 1747 θαλάσσας.
1324 1702 1344 1734 ι
1376 1682 1486 1737 Kal.
1525 1681 1606 1735 ἐτι
1641 1697 1705 1749 γε

110 1779 280 1842 αὐτὸς
300 1778 493 1832 ἑαυτὸν
513 1777 832 1849 ἑρμηνεύων
854 1779 882 1830 ὁ
906 1775 1244 1848 προφητικδς
1262 1775 1420 1845 λόγος
1439 1773 1702 1842 ἐπιλέγειο

1822 576 2156 640 ascendet",
2191 595 2210 628 ι
2229 584 2283 631 et
2301 581 2514 631 caetera.
2536 570 2593 627 In
2618 572 2817 643 quibus
2845 568 3308 630 manifestissime,
3324 581 3395 622 ex

1820 670 2007 725 radice
2052 667 2206 725 Iesse
2250 667 2429 739 (pater
2469 672 2650 720 autem
2688 663 2777 719 hic
2822 662 2924 717 fuit
2968 660 3394 741 David)'ortum

1820 766 2022 821 Christi
2071 764 2361 836 signiﬁcat.
2396 763 2451 823 in
2479 777 2589 834 quo
2622 769 2767 827 ortu,
2796 760 3132 817 vocationem
3150 756 3393 829 gentium

1818 857 1971 928 prius
2012 872 2110 928 per
2137 853 2432 927 quamdam
2484 852 2757 909 sermonis
2795 850 3206 913 obscuritatem,
3242 859 3394 900 more

1817 951 2133 1021 prophetico
2155 949 2407 1020 explicat.
2450 946 2584 1002 Illud
2613 947 2757 1002 enim
2798 964 2812 1000 :
2854 963 2873 997 ι
2917 943 3182 999 Pascetur
3229 937 3393 995 simul

1819 1045 1981 1114 lupus
2017 1057 2142 1097 cum
2170 1056 2332 1113 agno,
2357 1046 2410 1097 et
2439 1039 2642 1110 pardus
2674 1052 2799 1092 cum
2842 1036 3008 1091 haedo
3036 1034 3199 1091 simul
3233 1033 3392 1102 quie-

1818 1145 1933 1193 scet
1953 1137 2022 1201 ⁸⁸,
2071 1158 2090 1189 ι
2117 1144 2170 1191 et
2201 1151 2320 1207 qua:
2356 1142 2483 1191 sunt
2513 1132 2826 1203 hujusmodi
2855 1130 2991 1186 nihil
3034 1128 3180 1183 aliud
3229 1139 3390 1195 quam

1817 1231 2058 1301 gentium
2104 1228 2518 1293 indomitarum,
2553 1233 2607 1281 et
2656 1223 2998 1287 immanium,
3028 1229 3081 1281 et
3139 1221 3195 1275 in
3241 1217 3391 1273 nulla

1816 1337 1875 1377 re
1909 1338 1939 1378 a
1974 1322 2169 1378 belluis
2203 1320 2594 1383 diﬂ‘erentium,
2640 1317 2707 1372 ad
2739 1316 2858 1386 pios
2887 1324 2942 1371 et
2964 1318 3302 1375 mansuetos,
3333 1318 3389 1364 et

1814 1414 1962 1475 omni
1997 1414 2265 1468 charitate
2294 1411 2527 1466 refertos
2556 1423 2758 1473 mores,
2794 1406 3207 1463 conversionem
3242 1402 3390 1457 futu-

1815 1521 1929 1560 ram
1966 1505 2233 1560 indicant.
2267 1502 2375 1559 Sed
2404 1504 2507 1559 hoc
2548 1502 2729 1572 ipsum
2763 1499 2923 1559 docet
2956 1498 3202 1570 apertius
3233 1496 3289 1550 in
3317 1494 3387 1548 iis

1813 1613 1933 1668 qua:
1957 1605 2278 1668 sequuntur,
2315 1594 2395 1650 sic
2429 1593 2619 1647 dicens
2649 1611 2661 1646 :
2704 1611 2722 1646 α
2765 1590 2987 1662 Repleta
3015 1596 3099 1645 est
3131 1586 3409 1643 univcrsa'

1813 1696 1960 1751 terra
1993 1685 2305 1757 cognitione
2338 1681 2576 1746 Domini,
2612 1682 2755 1737 sicut
2794 1694 2936 1751 aqua
2972 1678 3141 1733 multa
3175 1676 3241 1738 ad
3290 1689 3387 1730 co-

1812 1777 2104 1848 operienda
2132 1776 2306 1831 maria
2322 1773 2388 1828 ⁸⁶.
2429 1792 2448 1826 ι
2475 1772 2744 1827 Praeterea
2777 1773 2893 1842 ipse
2938 1770 3181 1840 seipsum
3215 1767 3385 1823 inter-

115 1890 136 1922 ι
185 1870 300 1924 Καὶ
342 1869 496 1924 ἔσται
523 1872 581 1924 ἐν
609 1872 676 1941 τῇ
716 1869 902 1942 ἡμέρᾳ
932 1869 1117 1939 ἐκείνῃ
1144 1869 1178 1939 ἡ
1208 1866 1341 1939 ῥίζα¹
1372 1867 1590 1929 Ἰεσσαὶ,
1613 1866 1704 1918 καὶ

1811 1878 2030 1939 pretans
2088 1882 2270 1924 sermo
2314 1865 2667 1936 propheticus
2706 1862 2989 1933 sequitur?
3034 1879 3052 1911 ‹
3101 1859 3169 1914 Ει
3194 1858 3302 1915 erit
3325 1859 3384 1913 in

106 1965 137 2015 ό
166 1960 528 2031 ἀνιστάμενος
548 1961 738 2032 ἄρχειν
763 1958 953 2024 ἐθνῶν,
975 1959 1061 2012 ἐπ’
1084 1957 1231 2029 αὐτῷ
1256 1958 1383 2031 ἔθνη
1400 1956 1674 2011 ἐλπιοῦσιν
1689 1973 1703 1988 ο

107 2054 205 2108 καὶ
233 2054 392 2106 ἔσται
425 2056 453 2126 ἡ
483 2054 790 2117 ἀνάπαυσις
821 2053 989 2111 αύτοῦ
1018 2054 1175 2125 τιμή.
1219 2074 1236 2105 ι
1284 2052 1501 2123 Ἐπειδὴ
1529 2053 1708 2106 τοίνυν

103 2144 376 2214 ἀνωτέρω
420 2144 521 2216 μὲν
567 2144 667 2216 τὴν
719 2145 1036 2199 ἀπόπτωσιν
1082 2145 1175 2198 τοῦ
1211 2144 1478 2198 Ἰουδαίων
1523 2143 1708 2208 ἔθνους

104 2236 413 2307 ἐσήμαινεν
442 2236 988 2308 ἐπικεκαλυμμένως,
1019 2237 1159 2308 μετὰ
1188 2235 1243 2289 δὲ
1266 2235 1439 2289 ταῦτα
1468 2235 1567 2307 τὴν
1596 2235 1706 2289 τῶν

100 2328 280 2381 ἐθνῶν
304 2327 526 2398 κλῆσιν,
556 2328 679 2382 τοτέ
723 2330 823 2401 μὲν
870 2328 1319 2400 κεκαλυμμὲνως,
1363 2328 1483 2381 τοτὲ
1522 2327 1579 2381 δὲ
1606 2345 1705 2396 γυ-

104 2419 291 2489 μνῶς’
329 2420 558 2486 εἰκότως
586 2416 742 2485 αὖθις
767 2421 1233 2492 ἐπαναλαμϐάνων
1260 2420 1351 2473 τὸν
1380 2419 1558 2489 λόγον,
1595 2419 1705 2475 τῶν

99 2516 167 2566 ἐκ
193 2513 510 2585 περιτομῆς
546 2517 626 2578 είς
668 2514 758 2568 τὸν
801 2502 1036 2585 Χριστὸν
1086 2513 1449 2568 πιστευόντων
1496 2530 1705 2584 μνημοο

98 2604 274 2671 νεύει,
309 2606 456 2677 ὑπὲρ
486 2606 581 2660 τοῦ
612 2607 689 2677 μὴ
713 2607 888 2679 πάντῃ
916 2606 1236 2660 ἀποκλεῖσαι
1280 2604 1458 2659 αὐτῶν
1498 2604 1597 2677 τὴν
1625 2606 1704 2669 εἰς

96 2695 195 2747 τὸν
229 2695 472 2767 Χριστὸν
502 2696 717 2753 ἐλπίδα⁶
742 2716 762 2749 ι
799 2699 992 2751 Ἔσται
1028 2697 1127 2769 μὲν
1172 2696 1300 2768 γὰρ,
1337 2715 1356 2748 ι
1392 2696 1575 2767 φησιν,
1615 2715 1636 2748 r
1675 2697 1703 2749 ὁ

96 2785 472 2854 ἀνιστάμενος
500 2786 688 2858 ἄρχειν
716 2787 905 2842 ἐθνῶν.
950 2807 969 2839 r
1002 2788 1099 2851 Τίς
1132 2787 1177 2841 δ’
1205 2784 1273 2858 ἦν
1299 2789 1326 2840 ὁ
1344 2786 1703 2857 ἀνιστάμενος

97 2875 221 2928 ἀλλ’
245 2876 281 2946 ἢ
313 2876 442 2946 ῥίζα
483 2877 578 2931 τοῦ
611 2879 828 2941 Ἰεσσαὶ,
867 2878 927 2933 ὃν
960 2878 1056 2933 κα)⁸
1096 2878 1283 2949 σαφῶς
1316 2894 1480 2949 φησιν
1517 2876 1701 2949 ἄρξειν

95 2962 299 3027 ἐθνῶν,
345 2963 462 3017 ἀλλ’
502 2966 624 3036 οὐχ).
658 2966 910 3039 Ἰσραήλς
960 2966 1177 3039 Ἐπειδὴ
1221 2966 1399 3021 τοίνυν
1431 2966 1701 3039 διαφόρως

93 3056 202 3127 τὴν
235 3056 349 3109 τῶν
373 3056 545 3113 ἐθνῶν
576 3059 908 3131 ἐπιστροφὴν
948 3060 1042 3113 ἐπὶ
1073 3060 1166 3113 τὸν
1204 3062 1270 3119 ἐκ
1304 3059 1460 3131 ῥίζης
1505 3059 1701 3112 Ἰεσσαὶ

96 3146 281 3215 φύντα
337 3149 434 3201 καὶ
472 3148 847 3220 βλαστήσαντα
897 3149 1158 3216 ἐδίδαξεν,
1193 3148 1345 3209 οὐδὲν
1387 3147 1443 3200 δὲ
1489 3146 1699 3201 οὐδέπω

1808 1959 1898 2015 die
1935 1960 2047 2024 illa,
2078 1959 2233 2015 radix
2268 1957 2440 2022 Iesse,
2473 1964 2526 2012 et
2547 1957 2641 2026 qui
2676 1954 2850 2024 surgit
2877 1961 2937 2009 ut
2960 1954 3189 2024 imperet
3209 1950 3384 2022 genti-

1806 2052 1931 2123 bus,
1961 2052 2017 2107 in
2052 2066 2118 2106 eo
2146 2059 2333 2122 gentes
2365 2049 2669 2121 sperabunt
2706 2066 2719 2103 :
2761 2055 2817 2103 et
2859 2047 2965 2101 erit
2998 2044 3217 2116 requies
3262 2041 3392 2111 ejus.

1806 2158 1931 2198 cum
1961 2143 2249 2198 honore".
2292 2162 2310 2193 ι
2350 2140 2619 2208 Quoniam
2655 2139 2822 2209 igitur
2854 2136 3108 2208 superius
3143 2133 3384 2190 Iudaica

1807 2234 1983 2304 gentis
2016 2233 2228 2288 ruinam
2263 2233 2506 2291 involute
2537 2230 2884 2304 signiﬁcavit,
2919 2236 3044 2301 post
3080 2244 3213 2283 vero
3247 2243 3382 2297 gen-

1805 2326 1943 2379 tium
1990 2325 2352 2390 vocationem,
2412 2339 2559 2380 nunc
2600 2322 2819 2393 quidem
2879 2321 3199 2383 involutius,
3238 2332 3382 2373 nunc

1806 2423 1988 2473 autem
2035 2416 2395 2486 explicatius:
2430 2415 2627 2471 merito
2679 2427 2873 2470 rursus
2925 2406 3176 2469 eumdem
3225 2426 3385 2482 repeo

1805 2517 1928 2563 tens
1982 2523 2314 2573 sermonem,
2366 2507 2434 2563 de
2486 2508 2554 2563 iis
2586 2506 2683 2577 qui
2738 2522 2803 2560 ex
2859 2504 3280 2560 circumcisione
3324 2504 3381 2557 in

1803 2600 2086 2658 Christum
2115 2600 2377 2655 credituri
2406 2606 2555 2664 sunt,
2590 2602 2920 2656 mentionem
2956 2597 3108 2662 facit,
3141 2613 3209 2652 ne
3230 2597 3396 2655 omni.

1803 2692 2017 2746 ratione
2063 2704 2095 2744 a
2142 2688 2363 2745 Christo
2410 2705 2561 2761 spem
2608 2691 2825 2746 illorum
2880 2688 3152 2745 excludat.
3190 2706 3209 2747 ι
3264 2686 3384 2741 Erit

1804 2785 1971 2848 enim,
2024 2782 2223 2855 inquit,
2272 2782 2366 2852 qui
2413 2783 2607 2851 surgit,
2658 2790 2718 2836 ut
2772 2781 3002 2850 imperet
3035 2779 3310 2850 gentibus.
3354 2797 3389 2857 r

1806 2872 1912 2930 Sed
1948 2874 2071 2944 quis
2098 2873 2320 2928 tandem
2353 2872 2443 2927 hic
2472 2880 2556 2927 est
2578 2873 2672 2943 qui
2694 2872 2891 2943 surgit,
2930 2870 3038 2927 nisi
3066 2869 3223 2924 radix
3254 2867 3389 2944 Jes-_'

1804 2968 1900 3024 se?
1930 2937 2092 3038 quem
2123 2965 2287 3021 etiam
2322 2965 2574 3035 gentibus
2595 2937 2709 3021 non
2742 2937 2847 3036 ipsi
2877 2963 3048 3022 Israel
3082 2937 3389 3033 imperatu-3

1802 3073 1924 3112 rum
1951 3056 2200 3112 affirmat.
2218 3056 2505 3125 ’Quoniam
2535 3070 2666 3128 ergo
2696 3056 2844 3111 varie
2867 3055 3053 3116 docuit
3087 3055 3226 3109 hanc
3245 3069 3389 3125 gen-.

1803 3151 1938 3204 tium
1993 3150 2432 3213 conversionem,
2468 3149 2536 3204 ad
2571 3164 2694 3204 eum
2739 3148 2829 3220 qui
2879 3148 2947 3204 de
3006 3147 3194 3203 radice
3224 3145 3389 3202 Iesse

95 3239 343 3310 Χριστὸν
382 3242 514 3312 περὶ
560 3240 671 3307 τῶν
715 3242 779 3295 ἐκ
830 3241 1133 3313 περιτομῆς
1178 3242 1424 3312 εἰρήκειο
1475 3240 1699 3302 εἰκότως

1805 3249 2078 3305 nascetur,
2109 3250 2163 3296 et
2186 3241 2497 3315 pullulabit,
2524 3240 2755 3297 necdum
2801 3240 2930 3295 boni
2989 3240 3286 3311 quidquam
3310 3241 3381 3295 d0

95 3330 161 3382 τὸ
208 3330 461 3395 ἐλλειπὲς
510 3332 613 3403 τῆς
668 3335 1026 3406 προρῥήσεως
1072 3333 1385 3395 ἀποδίδωσι,
1436 3333 1692 3403 φάσκων

100 3441 121 3472 ι
170 3423 284 3476 Καὶ
320 3422 475 3477 ἔσται
510 3426 568 3477 ἐν
598 3428 666 3496 τῇ
719 3426 901 3498 ἡμέρᾳ
948 3426 1154 3499 ἐκείνῃ,
1197 3445 1216 3478 ι
1260 3425 1406 3479 τοῦτ’
1446 3425 1593 3478 ἐστιν
1638 3425 1696 3477 ἐν

92 3515 178 3585 τῷ
202 3516 389 3588 χρόνῳ
418 3519 521 3589 τῆς
552 3504 873 3591 ἐπιφανείας
903 3518 1001 3574 τοῦ
1040 3523 1106 3573 ἐκ
1140 3518 1300 3591 ῥίζης
1332 3518 1525 3572 Ἰεσσαί
1562 3518 1695 3588 φύν-

93 3623 212 3672 τος,
245 3627 266 3659 ι
306 3608 607 3681 προσθήσει
637 3610 840 3682 Κύριος
867 3610 961 3663 τοῦ
992 3610 1162 3675 δεῖξαι
1195 3610 1293 3681 τὴν
1327 3612 1485 3681 χεῖρα
1507 3610 1692 3673 αὐτοῦ,

94 3700 362 3770 ζητῆσαι,
391 3702 489 3754 καὶ
516 3701 754 3773 ζηλῶσαι
788 3702 850 3755 τὸ
886 3700 1242 3770 καταλειφθὲν
1279 3701 1567 3754 ὑπόλοιπον
1597 3700 1694 3754 τοῦ

93 3789 253 3855 λαοῦ,
284 3790 318 3842 ὃ
344 3791 414 3844 ἂν
445 3792 782 3864 καταλειφθῇ
815 3793 923 3846 ἀπὸ
950 3792 1116 3847 τῶνδε
1148 3793 1244 3848 καὶ
1274 3790 1573 3846 τῶνδε-τῶν
1598 3809 1693 3844 πο-

92 3880 328 3952 λεμίων.
365 3901 386 3936 ι
435 3883 579 3951 Ἀνθ’
622 3880 684 3937 οὗ
734 3887 763 3938 ὁ
820 3885 920 3956 μὲν
964 3885 1195 3950 ’Δκύλας
1246 3885 1535 3953 πεποίηκε’
1581 3882 1696 3951 Καὶ

92 3972 252 4028 ἔσται
285 3977 348 4028 ἐν
379 3978 447 4046 τῇ
477 3976 662 4047 ἡμέρᾳ
691 3977 897 4048 ἐκείνῃ,
937 3977 1233 4049 προσθήσει
1268 3975 1473 4045 Κύριος
1513 3974 1696 4029 δεύτες-

93 4080 191 4135 ρον
224 4064 330 4135 τὴν
373 4068 534 4136 χεῖρα
576 4065 762 4131 αὐτοῦ,
803 4066 897 4119 τοῦ
949 4066 1249 4138 κτήσασθαι
1281 4067 1344 4119 τὸ
1377 4065 1694 4137 ὑπόλειμμα

92 4154 191 4208 τοῦ
222 4154 358 4209 λαοῦ
391 4156 582 4222 αὐτοῦ,
622 4156 651 4210 δ
693 4157 1151 4229 ὑπολειφθήσεται
1200 4158 1311 4212 ἀπὸ
1351 4157 1462 4212 τῶν
1500 4158 1694 4213 ’Δσσυ-

95 4249 254 4318 ρίων,
278 4248 378 4303 καὶ
405 4249 518 4301 τῶν
540 4249 684 4320 ἑξῆς.
712 4251 941 4323 Νοήσεις
964 4251 1022 4305 δὲ
1040 4251 1134 4305 καὶ
1146 4250 1378 4315 ἐνταῦθα
1404 4250 1693 4322 πολεμίους

90 4340 189 4395 τοῦ
216 4340 355 4395 λαοῦ
381 4341 479 4394 τοῦ
509 4341 648 4395 Θεοῦ
679 4343 902 4415 νοητούς
937 4361 1091 4408 τινας
1122 4345 1215 4399 καί⁵
1264 4343 1687 4413 πνευματικοὺς,

90 4435 216 4504 ἦτοι
246 4434 510 4505 δαίμονας
540 4438 831 4507 πονηροὺς,
855 4437 888 4509 ἢ
923 4436 1181 4509 δυνάμεις
1216 4437 1592 4507 ἀντικειμένας
1610 4433 1690 4506 τῷ

90 4525 242 4597 λόγῳ
271 4524 606 4591 θεοσεϐείας,
628 4526 699 4592 οἱ,
720 4527 830 4581 τῶν
861 4530 1370 4601 κατωνομασμένων
1392 4527 1561 4581 ἐθνῶν
1592 4525 1691 4579 πά-

1802 3333 1870 3390 iis
1892 3334 1986 3403 qui
2010 3335 2065 3387 in
2094 3333 2518 3389 circumcisione
2551 3341 2700 3400 sunt,
2723 3333 2976 3403 protulit:
3004 3332 3202 3387 merito
3229 3331 3379 3401 quod

1802 3424 2142 3493 praedictioni
2163 3423 2434 3493 ejusmodi
2484 3422 2690 3487 deerat,
2731 3423 2931 3488 reddit,
2963 3422 3153 3485 dicens
3191 3440 3205 3477 :
3245 3442 3265 3476 ι
3310 3422 3380 3477 Et

1801 3514 1903 3568 erit
1943 3515 1997 3567 in
2046 3514 2136 3572 die
2185 3514 2301 3580 illa,
2340 3532 2359 3566 ι
2395 3514 2500 3569 hoc
2529 3521 2637 3582 est,
2662 3515 2720 3570 in
2758 3515 2852 3569 illo
2880 3522 3129 3586 tempore
3175 3515 3232 3570 in
3265 3531 3391 3591 quo.

1802 3605 2051 3660 adveniet
2075 3606 2124 3661 is
2144 3606 2236 3676 qui
2268 3612 2491 3662 orturus
2518 3615 2603 3661 est
2638 3606 2705 3661 de
2733 3606 2917 3663 radice
2964 3604 3139 3672 Iesse,
3175 3625 3196 3659 ι
3232 3607 3380 3676 adji-

1801 3698 1908 3761 ciet
1942 3697 2203 3754 Dominus
2232 3699 2611 3757 demonstrare
2649 3714 2870 3754 manum
2899 3713 3077 3763 suam,
3112 3706 3173 3753 ut
3203 3713 3375 3753 aemu-

1801 3790 1963 3853 letur,
1995 3798 2049 3844 et
2086 3797 2296 3860 quaerat
2317 3790 2464 3860 quod
2510 3791 2836 3846 remanserit
2867 3791 3139 3860 reliquum
3165 3791 3373 3861 p0puli.

1800 3894 2128 3950 quocunque
2152 3880 2407 3939 relictum
2454 3878 2619 3935 fuerit
2653 3880 2719 3947 ⁸³,
2756 3899 2775 3932 ι
2814 3886 2909 3935 aut
2942 3864 3011 3935 ab
3039 3880 3146 3945 his,
3179 3886 3274 3933 aut
3305 3880 3376 3933 ab

1801 3970 1909 4026 illis
1935 3970 2207 4026 hostibus.
2240 3969 2412 4046 Quem
2440 3970 2663 4042 quidem
2694 3972 2876 4026 locum
2905 3971 3101 4043 Aquila
3134 3971 3208 4025 ita
3238 3984 3372 4025 con-

1798 4064 2032 4117 vertitzc
2072 4061 2137 4117 Et
2162 4063 2268 4118 erit
2318 4062 2376 4118 in
2431 4062 2520 4117 die
2575 4061 2690 4127 illa,
2718 4062 2940 4132 adjiciet
2988 4061 3253 4117 Dominus
3286 4076 3375 4117 se-

1800 4155 1982 4209 cundo
2010 4170 2230 4210 manum
2268 4169 2425 4210 suam
2448 4154 2516 4215 ad
2542 4155 2936 4224 acquirendum
2970 4152 3250 4209 residuum
3274 4167 3385 4223 po-.

1798 4250 1913 4328 puli
1946 4250 2054 4318 sui,
2076 4249 2223 4320 quod
2248 4250 2591 4319 relinquetur
2613 4249 2682 4304 ab
2721 4249 2984 4320 Assyriis,
3024 4266 3046 4300 ι
3070 4256 3125 4303 et
3152 4251 3370 4303 caetera.

1797 4340 2065 4407 Caeterum
2114 4343 2229 4397 hac
2282 4355 2503 4412 quoque
2546 4349 2601 4396 te
2647 4340 3000 4396 considerare
3050 4337 3372 4408 oportebit:

1798 4434 1987 4490 hostes
2020 4435 2206 4505 populi
2235 4432 2330 4488 Dei
2358 4434 2664 4490 censendos
2701 4431 3077 4502 intelligihiles
3102 4430 3373 4501 quosdam

1796 4534 1852 4584 et
1905 4526 2239 4597 spirituales,
2285 4528 2391 4581 hoc
2427 4533 2533 4588 est,
2571 4526 2744 4580 malos
2804 4523 3103 4590 daemones,
3132 4524 3249 4579 sive
3274 4537 3375 4593 p0-

90 4592 186 4668 λιιι
210 4592 493 4688 ⁷πρότερον
524 4617 771 4689 ἀοράτως
809 4592 1173 4690 προεστῶτες,
1195 4592 1307 4682 ’τὰς
1347 4617 1525 4689 ψυχὰς
1557 4619 1689 4671 ἐπο-

1805 4592 2042 4684 lestaies,
2078 4615 2395 4689 qureVerbo
2425 4617 2802 4672 adversentur.
2837 4615 2904 4670 Hi
2943 4631 3108 4687 porro
3139 4592 3374 4672 suntiilli

89 4705 349 4776 λιόρκουν
370 4706 467 4760 τοῦ
502 4708 740 4780 Ἰσραὴλ,
775 4709 1039 4774 ποικίλοις
1081 4710 1308 4766 πάθεσιν
1342 4707 1511 4772 αὐτὰς
1536 4723 1693 4778 περι·

1805 4709 1885 4777 ιιιὶ
1913 4707 2044 4762 olim
2077 4707 2144 4763 iis
2174 4707 2429 4777 gentibus
2459 4721 2581 4777 quae
2614 4706 2702 4761 hic
2735 4708 3029 4762 nominata:
3078 4708 3187 4779 76
3219 4715 3385 4777 sunt,

89 4797 411 4861 ϐάλλοντες,
452 4797 817 4870 ὑποσύροντές
860 4816 921 4853 τε
959 4801 1052 4854 καὶ
1092 4800 1585 4872 αἰχμαλωτίζοντες
1612 4800 1693 4860 εἰς

1805 4797 2138 4854 υνίεἰὺίιὶιθι·
2150 4805 2436 4868 praeerant,
2450 4805 2505 4853 et
2516 4797 2729 4853 animas
2747 4797 2912 4853 Israel
2928 4787 3385 4861 vastabant,cum;

92 4890 186 4942 τὸν
219 4890 413 4958 ὅμοιον
438 4890 537 4960 τῆς
562 4889 671 4942 τῶν
715 4890 1028 4961 ἀλλοφύλων
1051 4893 1274 4963 ἀγωγῆς
1314 4892 1449 4963 βίον.
1486 4891 1690 4945 Τούτου

1805 4904 1885 4944 :as
1912 4889 1968 4943 in
1996 4889 2180 4945 varios
2210 4888 2437 4944 effectus
2462 4887 2805 4955 inducerent,
2844 4897 2898 4947 et
2928 4890 3177 4961 captivas
3221 4889 3379 4945 face-.

89 4979 157 5051 δὴ
185 4975 284 5033 οὖν
336 4981 540 5043 παντὸς
585 4981 770 5051 σχεδὸν
808 4984 982 5036 εἰπεῖν
1024 4983 1120 5037 τοῦ
1164 4983 1292 5037 λαοῦ
1334 4982 1473 5037 κατά
1513 4981 1690 5052 ψυχὴν

92 5066 453 5140 αίχμαλώτου
485 5068 776 5140 ληφθέντος
802 5071 906 5124 ὑπὸ
933 5072 1043 5126 τῶν
1070 5072 1475 5143 δεδηλωμένων,
1509 5073 1557 5123 οἱ
1593 5086 1697 5139 cpu—

93 5162 391 5234 Μχθέντες
431 5162 527 5215 κα)⁵
573 5162 1022 5233 καταλειφθέντες
1075 5164 1308 5237 ἄτρωτοι
1355 5165 1448 5218 καὶ
1500 5162 1689 5218 άσυλοι

93 5255 241 5308 κατά
264 5254 367 5326 τὴν
394 5255 728 5331 πρρφητείαν
746 5257 846 5326 τῆς
864 5256 1197 5329 δηλουμένης
1226 5256 1556 5326 ἐπαγγελίας
1574 5255 1690 5308 τεύ-

97 5344 301 5411 ξονται,
344 5346 600 5417 ὀψόμενοι
636 5348 728 5402 τοῦ
773 5348 977 5419 Κυρίου
1023 5349 1122 5419 τὴν
1162 5352 1320 5420 χεῖρα
1364 5350 1457 5402 καὶ
1502 5348 1689 5419 κτῆμα

98 5434 267 5489 ain-05
294 5437 672 5508 γενησόμενοι,
708 5438 849 5492 κατά
877 5438 937 5492 τὸ
971 5439 1176 5510 φάσκον
1206 5440 1382 5510 λόγιον
1402 5457 1414 5471 ·
1457 5460 1475 5490 ι
1514 5441 1689 5512 Προσ-

103 5525 260 5596 θήσει
280 5526 490 5598 Κύριος
511 5528 605 5581 τοῦ
629 5528 797 5593 δεῖξαι
823 5531 918 5601 τὴν
939 5534 1097 5604 χεῖρα
1124 5531 1310 5594 αὐτοῦ,
1326 5532 1418 5585 τοῦ
1446 5533 1685 5604 ζηλῶσαι

105 5617 163 5669 τὺ
196 5618 560 5688 καταλειφθὲν
587 5621 875 5676 ὑπόλοιπον
901 5623 996 5678 τοῦ
1027 5623 1178 5681 λαοῦ.
1214 5645 1233 5676 ι
1267 5625 1331 5678 Τί
1359 5624 1413 5679 δὲ
1450 5626 1683 5699 προσθή-

171 5800 214 5839 ιτ
242 5797 348 5855 Isa.
386 5815 466 5866 ιι,
512 5800 565 5855 I.
639 5804 684 5836 ⁵³
719 5801 846 5861 Ibid.
880 5804 931 5861 8.
1013 5804 1054 5839 ⁸⁸
1085 5803 1219 5861 Ibid.
1252 5805 1305 5862 9.
1384 5807 1426 5840 ⁶⁰
1460 5806 1593 5867 Ibid.
1623 5809 1707 5865 10.

1790 4985 1934 5045 rent,
1958 4986 2014 5032 et
2043 4979 2111 5033 ad
2141 4994 2348 5034 morem
2374 4980 2571 5042 victus,
2602 4979 2904 5034 alienarum
2931 4980 3175 5051 gentium
3202 4980 3381 5035 victui.

1793 5072 2050 5137 similem,
2088 5072 2445 5128 attraherent.
2496 5070 2636 5128 Cum
2696 5072 2865 5143 igitur
2918 5072 3009 5127 hic
3053 5071 3369 5136 universus,

1794 5178 1963 5236 prope
1991 5164 2245 5230 dixerim,
2271 5164 2540 5235 p0pulus,,
2567 5165 2770 5221 animis
2802 5164 2983 5221 factus
3021 5172 3168 5222 esset
3197 5165 3374 5235 capti-

1793 5274 1894 5313 vus
1929 5258 1998 5312 ab
2030 5259 2123 5322 iis,
2156 5273 2296 5328 quos
2324 5259 2565 5316 diximus
2599 5260 2871 5326 hostibus,
2890 5260 2983 5331 qui
3019 5260 3245 5322 servati,
3280 5274 3371 5312 re-

1792 5351 2015 5422 lictique
2043 5360 2175 5407 sunt
2200 5353 2320 5408 sine
2355 5353 2599 5418 vulnere,
2632 5368 2742 5409 non
2778 5352 2997 5424 spoliati
3027 5354 3143 5410 suis
3182 5352 3370 5417 rebus,

1793 5443 2125 5512 promissum
2166 5443 2322 5508 illud,
2358 5443 2425 5499 de
2472 5459 2582 5514 quo
2609 5444 2898 5514 prophetia
2925 5444 3192 5515 loquitur,
3229 5442 3373 5498 obti-

1795 5535 2001 5589 nebunt
2033 5553 2046 5589 :
2078 5541 2264 5604 utpote
2292 5536 2387 5605 qui
2422 5534 2596 5591 visuri
2624 5536 2736 5593 sint
2781 5550 3004 5593 manum
3037 5535 3276 5599 Domini,
3314 5543 3373 5591 et

1793 5628 1940 5683 illius
1969 5627 2249 5698 possessio
2280 5625 2481 5697 futuri;
2523 5627 2986 5699 quemadmodum
3024 5628 3159 5684 illud
3207 5628 3372 5687 habet

1787 5809 1829 5841 ⁶¹
1863 5809 1998 5865 Ibid.
2038 5811 2119 5866 II.
