3828 6216
398 356 516 413 ’147

1013 349 1278 407 EUSEBII
1314 347 1791 405 CESARIENSIS
1829 346 1981 404 OPP.
2022 345 2201 404 PARS
2245 348 2306 406 ll.
2345 380 2417 393 -—
2454 346 2957 406 APOLOGETICA.

3570 348 3673 403 με

409 468 693 527 oraculum
732 466 880 538 quod
917 461 998 520 its
1047 465 1123 519 ait
1166 482 1179 520 :
1216 481 1236 516 ι
1283 462 1520 533 Adjicict
1568 461 1833 517 Dominus
1890 464 1985 517 de-

2098 478 2170 516 σει
2199 462 2432 534 Κύριος;
2456 463 2593 518 ἀλλά
2619 464 2728 536 γὰρ
2758 462 2896 535 πρὸς
2926 454 3010 521 οἷς
3042 459 3188 530 ἅπαξ
3222 460 3534 531 ἐπεδείξατο
3566 463 3675 518 πάρ

409 570 720 617 monstrare
757 571 977 611 manum
1013 569 1194 620 suam,
1227 562 1287 609 ut
1318 555 1604 608 aemuletur
1646 553 1718 609 ob
1757 552 1808 606 id
1839 552 1986 622 quod

411 651 744 707 remanserit
778 650 1048 719 reliquum
1093 646 1301 718 populi.
1334 666 1353 699 ι
1386 644 1528 712 Quid
1556 652 1735 700 autem
1770 642 1989 714 adjiciet

414 742 716 798 Dominus?
744 757 957 811 nempe,
985 741 1052 796 iis
1086 755 1225 810 quos
1247 739 1414 795 semel
1439 736 1716 808 quondam
1748 752 1846 808 per
1871 752 1996 807 pro-

415 836 607 905 phetas
631 832 871 889 ostendit
906 831 1173 902 :Adjecla
1200 841 1285 889 est
1319 847 1517 889 manus
1552 830 1788 896 Domini,
1808 838 1869 888 ut
1903 830 1989 886 his

417 927 551 997 ipsis
581 926 746 980 veluti
784 925 853 981 de
908 927 1078 982 totius
1137 925 1324 997 populi
1374 925 1533 980 ruina
1584 924 1837 990 servatis,
1869 938 1990 995 quae

414 1019 690 1089 prioribus
730 1019 974 1083 deerant,
1005 1019 1452 1095 adjuugerentur.
1485 1016 1610 1073 Haec
1640 1032 1803 1089 porro
1833 1024 1990 1073 erant

412 1113 549 1169 Novi
602 1112 939 1170 Testameuti
995 1112 1295 1182 mysteria,
1350 1126 1472 1182 quae
1539 1125 1702 1164 manu
1774 1108 1989 1164 Domini

411 1212 635 1260 ostensa
658 1212 787 1259 sunt
810 1204 860 1258 ei
891 1202 1032 1273 parti
1063 1216 1185 1272 quae
1214 1201 1281 1255 de
1307 1201 1508 1272 populo
1537 1201 1729 1256 relicta
1756 1209 1860 1256 est.
1881 1199 1989 1255 Sed

412 1298 600 1359 etiam,
633 1316 651 1348 ι
700 1303 759 1351 ιιι
786 1296 1093 1360 aemuletur,
1122 1294 1319 1365 inquit,
1348 1293 1420 1349 ob
1447 1292 1502 1348 id
1541 1293 1686 1363 quod
1715 1308 1992 1350 remanse-

410 1391 486 1446 rit
525 1389 792 1459 reliquum
822 1387 1026 1459 populi.
1069 1406 1088 1439 ι
1127 1385 1234 1442 Pro
1275 1400 1385 1457 quo
1436 1385 1632 1456 Aquila
1657 1394 1711 1441 et
1740 1384 1989 1441 Theodo-

413 1484 529 1536 tion
545 1480 914 1545 concorditer,
935 1498 954 1530 ι
986 1479 1053 1534 ad
1066 1478 1482 1550 acquirendum,
1512 1498 1537 1531 ι
1554 1478 1830 1550 inquiunt,
1853 1498 1872 1531 ι
1903 1495 1990 1535 re-

414 1572 632 1627 siduum
668 1572 849 1643 populi
881 1572 989 1636 sui,
1037 1571 1402 1643 quodcunque
1444 1572 1693 1627 relictum
1730 1570 1891 1627 fuerit
1921 1572 1991 1627 ab

412 1662 679 1733 Assyriis.
714 1681 732 1714 ι
768 1672 821 1717 et
843 1676 873 1715 a
909 1662 1137 1732 reliquis
1167 1662 1409 1718 inimicis
1440 1663 1714 1733 gentibus.
1743 1661 1857 1719 Hoc
1892 1678 1992 1718 au-

414 1764 521 1807 tem
563 1752 708 1822 quod
757 1753 1007 1807 relictum
1061 1752 1224 1808 fuerit
1268 1752 1338 1809 de
1376 1754 1599 1824 populo,
1655 1773 1675 1806 ι
1742 1755 1985 1820 extollet,

413 1819 611 1915 inquit,
665 1846 881 1914 signum
931 1848 987 1900 in
1020 1853 1210 1917 gentes
1243 1863 1256 1901 :
1301 1864 1321 1897 ι
1507 1861 1604 1903 eos
1642 1848 1788 1903 enim
1829 1848 1989 1919 plane
2019 1819 2063 1879 Β

413 1935 680 1992 Dominus
709 1936 928 2008 signum
965 1952 1131 1992 suum
1158 1937 1213 1992 in
1246 1937 1467 1994 cunctis
1492 1939 1747 2009 gentibus
1784 1939 1991 2010 patefe-

414 2029 509 2092 tit,
535 2036 589 2083 et
618 2044 716 2100 per
735 2028 957 2084 eosdem
993 2030 1215 2101 collegit
1254 2045 1371 2097 eos,
1404 2032 1500 2101 qui
1529 2047 1596 2088 ex
1625 2031 1791 2088 Israel
1819 2038 1995 2104 perie-

417 2127 563 2180 rant.
598 2127 651 2175 et
688 2119 780 2189 qui
832 2134 898 2174 ex
940 2115 1083 2173 Iuda
1129 2118 1363 2189 dispersi
1417 2127 1597 2185 erant,
1637 2129 1926 2191 postquam
1963 2138 1992 2177 a

418 2216 654 2278 quatuor
685 2209 787 2264 alis
808 2215 987 2276 terrae,
1022 2208 1091 2263 ad
1138 2206 1418 2264 Christum
1454 2208 1570 2272 Dei,
1609 2224 1676 2264 ex
1729 2210 1994 2279 praedica-

419 2303 567 2357 tione
614 2301 988 2372 apostolorum
1043 2300 1238 2371 ipsius,
1285 2300 1694 2372 conl‘ugerunt:
1728 2302 1809 2357 sic
1862 2318 1994 2357 sane

416 2393 680 2450 collectos
705 2407 827 2449 esse
843 2392 1156 2463 intelligens
1184 2406 1302 2457 eos,
1325 2393 1418 2463 qui
1442 2392 1718 2463 quondam
1741 2408 1807 2449 ex
1826 2392 1995 2450 Israel

414 2492 471 2540 et
497 2481 659 2547 Juda,
706 2483 1009 2540 secundum
1056 2482 1380 2539 sententiam
1431 2482 1795 2539 consideratis
1832 2492 1996 2555 atque

418 2574 681 2644 acceptis,
726 2572 947 2629 abducti
977 2573 1194 2644 procul,
1229 2573 1580 2644 separatique
1611 2571 1847 2642 fuerant.
1878 2572 1995 2629 Mos

420 2673 604 2722 autem
647 2664 1031 2736 hujuscemodi
1080 2664 1409 2729 animarum,
1447 2678 1637 2719 verum
1688 2661 1856 2719 Israel
1900 2661 1995 2718 Dei

417 2760 783 2825 demonstrat,
820 2757 964 2811 sicut
1011 2770 1043 2811 e
1105 2754 1409 2822 contrario,
1464 2752 1664 2809 vitiosa
1720 2768 1997 2823 pravaque

415 2850 633 2907 affectio
664 2865 790 2906 eum
820 2848 1008 2913 Israel,
1032 2849 1125 2919 qui
1161 2849 1376 2904 ratione
1394 2848 1644 2917 corporis
1670 2861 1792 2902 eam
1817 2846 1998 2918 appel-

420 2942 682 3000 lationem
713 2940 945 2997 sortitus
975 2949 1081 3004 est,
1115 2939 1393 3010 principes
1417 2936 1802 3001 Sodomorum,
1829 2943 1883 2992 et
1907 2952 1998 3006 po-

418 3035 608 3106 pulum
639 3032 960 3089 Gomorrhae
1001 3031 1276 3102 appellare
1308 3031 1361 3085 in
1396 3030 1636 3085 oraculis
1668 3029 1817 3086 facit.
1850 3029 1999 3085 Reli-

417 3127 562 3197 quiae
614 3125 780 3196 igitur
821 3123 1123 3179 secundum
1164 3122 1489 3178 electionem
1521 3122 1728 3193 gratiae,
1759 3129 1812 3176 et
1849 3122 1996 3192 quod

419 3220 476 3273 in
532 3218 816 3289 praphetia
866 3217 1089 3281 dicitur,
1147 3216 1401 3271 relictum
1445 3214 1728 3270 residuum
1785 3212 1993 3285 populi,

418 3309 634 3380 signum
693 3306 911 3363 Domini
970 3306 1111 3379 apud
1186 3313 1419 3362 cunctas
1477 3313 1670 3378 gentes
1729 3305 1997 3376 praedica-

416 3410 547 3458 runt
581 3420 594 3455 :
627 3408 683 3457 et
728 3400 1045 3456 istiusmodi
1089 3399 1335 3471 gentium
1387 3400 1599 3454 animas
1630 3398 1702 3454 ab
1751 3399 1994 3463 interitu,

418 3496 489 3551 ad
549 3493 764 3550 Domini
834 3493 1202 3564 cognitionem
1268 3492 1582 3558 trahentes,
1639 3507 1811 3547 unum
1886 3491 1998 3547 Deo

416 3586 679 3658 populum
725 3583 1123 3649 confecerunt,
1175 3584 1269 3655 qui
1326 3599 1357 3638 a
1407 3592 1644 3654 quatuor
1691 3584 1793 3639 alis
1837 3591 1999 3639 terra:

415 3676 581 3734 hodie
629 3691 848 3747 quoque
907 3691 1015 3731 una
1073 3675 1281 3731 Christi
1352 3676 1557 3732 virtute
1627 3677 1994 3732 contrahitur.

419 3768 529 3841 77
553 3766 620 3822 Hi
650 3783 780 3824 vero
822 3768 927 3839 ipsi
968 3767 1038 3823 de
1084 3765 1326 3824 Iudaicae
1383 3770 1562 3839 gentis
1595 3769 1825 3825 interitu
1866 3785 2000 3825 con—

416 3861 624 3920 servati
649 3859 931 3931 discipuli,
973 3869 1029 3917 et
1086 3861 1322 3932 apostoli
1356 3860 1662 3918 Salvatoris
1708 3860 2002 3928 nostri,ex

415 3950 651 4009 diversis
684 3951 942 4006 tribubus
992 3952 1235 4015 oriundi,
1275 3952 1733 4019 unae-vocatione,
1783 3967 2001 4023 unaque

417 4043 618 4113 gratia,
646 4051 811 4113 atque
847 4057 959 4097 uno
992 4050 1185 4100 sancto
1218 4042 1424 4115 Spiritu
1466 4044 1617 4116 digni
1640 4044 1839 4108 eﬂecti,
1881 4061 2001 4101 om-

415 4150 544 4191 nem
574 4150 839 4199 amorem.
873 4151 1034 4207 quem
1081 4137 1213 4194 olim
1244 4153 1374 4208 erga
1404 4138 1557 4208 ipsos
1586 4137 1867 4195 liebraieze
1896 4141 1999 4193 tri-

413 4228 523 4285 bus
574 4228 878 4296 habebant,
908 4229 1175 4300 abjecturi
1227 4240 1404 4295 erant,
1452 4239 1511 4284 ut
1566 4231 1644 4285 ait
1691 4233 1998 4303 prophetia.

414 4319 555 4375 Cum
581 4320 780 4392 :igitur
823 4321 1013 4379 eodem
1067 4322 1348 4377 intellectu
1377 4322 1680 4393 eademque
1730 4325 2000 4399 sententia

414 4411 647 4485 perfecti
699 4420 906 4478 essent,
966 4429 1078 4474 non
1114 4414 1292 4471 solum
1349 4415 1721 4471 continentem
1771 4424 1996 4483 terram,

416 4504 515 4560 sed
542 4511 598 4560 et
627 4504 839 4560 insulas
888 4505 1132 4575 gentium
1188 4506 1461 4577 pervagati
1510 4514 1661 4573 sunt,
1708 4514 1763 4562 et
1807 4523 2000 4564 omnes

415 4596 663 4667 undique
689 4597 974 4652 hominum
1002 4597 1217 4653 animas
1234 4598 1532 4669 depraedati
1556 4639 1571 4663 ,
1609 4614 1704 4655 eas
1735 4599 2001 4680 ducentes

417 4689 686 4758 captivas,
720 4698 782 4744 ut
804 4689 1034 4760 imperio
1058 4689 1263 4746 Christi
1287 4692 1711 4761 subjicerentur.
1745 4692 1851 4761 Qui
1876 4695 2001 4766 qui-

415 4779 540 4834 dem
570 4779 624 4834 in
649 4780 753 4837 hoc
786 4789 1157 4839 consentanea
1197 4782 1275 4840 illi
1297 4785 1527 4839 oraculo
1572 4794 1823 4857 egerunt,
1852 4789 1999 4858 quod

416 4872 530 4929 ait:
561 4891 581 4924 ι
613 4872 680 4928 Et
707 4874 969 4932 volabunt
1017 4874 1075 4933 in
1123 4876 1359 4947 navigiis
1406 4884 1698 4933 externum
1743 4895 1897 4936 mare
1925 4882 2001 4938 si-

413 4964 530 5023 mul
582 4963 981 5035 depraedantes,
1015 4976 1072 5024 et
1099 4983 1218 5035 eos,
1255 4970 1350 5040 qui
1377 4970 1447 5025 ad
1475 4970 1611 5026 solis
1662 4980 1843 5026 ortum
1871 4987 1999 5043 spe-

413 5064 570 5117 ctant
600 5057 667 5115 “.
702 5077 722 5113 ι
784 5057 1019 5132 Reliqua
1062 5076 1192 5119 vero
1233 5060 1481 5134 ejusdem
1532 5062 1854 5134 prophetiae,
1911 5063 1999 5120 his

415 5148 549 5203 item
585 5152 941 5222 proportione
984 5154 1321 5225 respondere
1345 5155 1671 5223 intueberis,
1705 5156 1754 5212 si
1801 5171 2000 5215 unam-

416 5255 694 5311 quamque
743 5242 1037 5300 dictionem
1076 5252 1257 5302 tecum
1290 5247 1408 5318 ipse
1449 5247 1738 5319 diligenter
1765 5262 2001 5319 perpen-e

2087 554 2176 607 λαι
2198 554 2459 627 πρότερον
2483 555 2571 608 διὰ
2600 558 2706 610 τῶν
2740 554 3052 628 προφητῶν·
3088 574 3106 607 ι
3140 554 3520 627 Προσεγενήθη
3550 556 3675 626 χεὶρ

2088 645 2316 717 Κυρίου,
2361 647 2457 701 καὶ
2497 647 2707 710 τούτοις
2746 646 3084 701 διασωθείσιν
3126 648 3235 702 ἀπὸ
3279 647 3381 718 τῆς
3415 647 3678 710 πτώσεως

2087 736 2181 790 τοῦ
2210 738 2411 802 παντὸς
2435 737 2588 802 λαοῦ,
2619 737 2688 792 τὰ
2728 738 2980 792 λείποντα
3029 740 3143 803 τοῖς
3184 739 3467 810 προτέροις
3504 754 3680 809 προσ-

2089 824 2290 898 θήσειν.
2326 845 2343 877 »
2369 826 2554 881 Ταῦτα
2573 827 2630 880 δὲ
2658 824 2726 899 ἦν
2744 827 2811 879 τὰ
2836 827 2934 898 τῆς
2954 827 3147 898 καινῆς
3168 827 3439 900 Διαθήκης
3472 828 3681 899 μυστή-

2094 932 2201 986 ρια,
2236 916 2324 969 διὰ
2354 917 2455 987 τῆς
2484 917 2664 987 χειρὸς
2696 916 2789 970 τοῦ
2823 918 3029 989 Κυρίου
3060 918 3377 989 δεδειγμένα
3402 917 3479 988 τῷ
3512 934 3680 971 κατα-

2089 1009 2358 1080 λειφθέντι
2389 1011 2498 1063 ἀπὸ
2524 1008 2616 1062 τοῦ
2647 1008 2796 1063 λαοῦ.
2830 1010 2988 1064 Ἀλλά
3004 1012 3098 1064 καὶ
3124 1010 3217 1065 τοῦ
3247 1010 3484 1082 ζηλῶσαι
3508 1027 3679 1082 φησιν

2088 1103 2149 1155 τὸ
2177 1101 2533 1172 καταλειφθὲν
2557 1102 2848 1157 ὑπόλοιπον
2878 1102 2975 1156 τοῦ
2999 1103 3152 1157 λαοῦ.
3197 1103 3336 1156 Ἀνθ’
3366 1094 3428 1156 οὗ
3453 1102 3684 1174 συμφώ-

2089 1211 2197 1257 νως
2230 1195 2259 1247 ὁ
2298 1192 2527 1257 ’Δκύλας
2553 1195 2644 1248 καὶ
2678 1192 2997 1260 Θεοδοτίων,
3021 1194 3114 1248 τοῦ
3132 1194 3456 1266 κτήσασθαι,
3488 1195 3683 1265 φησὶν,

2089 1289 2151 1341 τὸ
2173 1287 2486 1359 ὑπόλειμμα
2511 1285 2605 1341 τοῦ
2627 1286 2753 1341 λαοῦ
2778 1286 2963 1352 αὐτοῦ,
2986 1287 3014 1341 ὃ
3045 1288 3111 1342 ἂν
3139 1288 3410 1360 καταλίπῃ
3436 1289 3548 1342 ἀπὸ
3574 1287 3686 1341 τῶν

2104 1381 2400 1452 ’Δσσυρίων
2451 1381 2544 1434 καὶ
2589 1380 2699 1434 ἀπὸ
2745 1379 2853 1433 τῶν
2913 1379 3113 1433 λοιπῶν
3160 1379 3433 1451 πολεμίων
3486 1378 3683 1433 ἐθνῶν.

2091 1472 2261 1525 Τοῦτο
2305 1472 2362 1525 δὲ
2395 1471 2460 1524 τὸ
2501 1470 2859 1541 καταλειφθὲν
2887 1470 2979 1525 τοῦ
3028 1471 3160 1524 λαοῦ
3200 1472 3490 1526 ὑπόλοιπον
3536 1472 3688 1541 ἀρεῖ,

2092 1563 2277 1636 φησὶν,
2305 1566 2529 1635 σημεῖον
2560 1565 2641 1627 είς
2669 1563 2736 1616 τὰ
2758 1562 2909 1635 ἔθνη·
2944 1564 3133 1633 σαφῶς
3163 1564 3230 1617 δι’
3255 1563 3434 1616 αὐτῶν
3458 1563 3518 1616 τὸ
3554 1563 3690 1615 ἐαυ-

2091 1656 2185 1710 τοῦ
2219 1659 2444 1729 σημεῖον
2471 1659 2501 1713 δ
2530 1656 2733 1729 Κύριος
2755 1658 2814 1710 ἐν
2843 1658 2974 1709 πᾶσι
3007 1660 3122 1721 τοῖς
3149 1656 3359 1711 ἔθνεσιν
3382 1654 3695 1709 ἐπιδεικνύ-

2098 1765 2258 1821 μενος
2278 1766 2291 1780 ·
2323 1749 2417 1803 καί⁹
2451 1747 2667 1814 συνάξει
2709 1748 2774 1801 δι’
2808 1747 2983 1802 αὐτῶν
3014 1749 3140 1812 τοὺς
3173 1748 3545 1820 ἀπολομένους
3588 1750 3696 1802 Ἰσ-

2095 1839 2252 1910 ραὴλ,
2285 1839 2379 1894 καὶ
2403 1841 2530 1904 τοὺς
2561 1840 2994 1913 διεσπαρμένους
3032 1840 3226 1904 Ἰούδα,
3276 1842 3339 1894 ἐκ
3367 1840 3476 1895 τῶν
3501 1841 3700 1894 τεσσάΐ

2096 1948 2204 2003 ρων
2239 1932 2523 2004 πτερύγων
2562 1932 2663 2003 τῆς
2706 1932 2812 2003 γῆς
2847 1933 2941 1985 ἐπὶ
2990 1934 3082 1987 τὸν
3123 1933 3359 2004 Χριστὸν
3398 1931 3494 1986 τοῦ
3527 1932 3695 1995 Θεοῦ,

2093 2024 2181 2079 διὰ
2218 2023 2312 2077 τοῦ
2346 2023 2455 2077 τῶν
2486 2025 2802 2081 ἀποστόλων
2849 2025 3015 2079 αὐτοῦ
3057 2024 3412 2097 κηρύγματος
3455 2042 3699 2078 καταπε-

2097 2116 2392 2187 φευγόταςο
2420 2119 2546 2178 τοὺς
2587 2117 2951 2189 συναχθέντας
2984 2113 3122 2171 εἶναι
3171 2118 3344 2187 λέγων
3374 2117 3483 2171 τῶν
3515 2117 3697 2171 πάλαι

2095 2208 2495 2279 ἀπῳκισμένων
2518 2209 2611 2262 καὶ
2640 2210 3040 2280 ἀφωρισμένων
3062 2212 3126 2263 ἐκ
3158 2209 3251 2264 τοῦ
3285 2208 3426 2265 κατά
3446 2208 3698 2263 διάνοιαν

2108 2298 2323 2371 Ἰσραὴλ
2361 2301 2457 2355 καὶ
2487 2299 2676 2355 Ἰούδα.
2724 2301 2939 2371 Τρόπος
2985 2301 3042 2355 δὲ
3092 2300 3313 2355 τοιῶνδε
3363 2300 3556 2372 ψυχῶν
3602 2301 3707 2355 τὸν

2096 2389 2347 2460 ἀληθινὸν
2394 2390 2610 2462 Ἰσραὴλ
2661 2391 2755 2444 τοῦ
2811 2390 2947 2445 Θεοῦ
2986 2392 3279 2456 δείκνυσιν,
3304 2394 3380 2457 ὼς
3420 2391 3699 2446 ἀνάπαλιν

2096 2479 2275 2551 φαύλη
2322 2480 2416 2535 καὶ
2471 2482 2719 2552 μοχθηρά
2764 2480 3004 2546 διάθεσις
3051 2482 3143 2535 τὸν
3194 2481 3336 2536 κατά
3378 2482 3562 2554 σάρκα
3595 2483 3709 2536 Ἱσς

2099 2569 2257 2642 ραὴλ,
2287 2571 2556 2642 ἄρχοντας
2595 2571 2847 2642 Σοδόμων
2892 2573 2984 2626 καὶ
3015 2572 3142 2626 λαὸν
3170 2573 3453 2646 Γομόρρας
3482 2590 3707 2646 χρημα-

2095 2662 2263 2727 τίζειν
2309 2668 2474 2721 ποιεῖ.
2511 2665 2585 2719 Τὸ
2624 2667 2803 2721 τοίνυν
2850 2667 3057 2738 λεῖμμα
3099 2670 3219 2721 κατ’
3251 2668 3481 2738 ἐκλογὴν
3529 2670 3710 2741 χάρι-

2095 2769 2208 2817 τος,
2247 2755 2339 2807 καὶ⁵
2377 2755 2438 2808 τὸ
2471 2754 2769 2825 λεγόμενον.
2804 2757 2862 2809 ἐν
2884 2758 2949 2828 τῇ
2986 2757 3295 2829 προφητεία
3329 2757 3703 2827 καταλειφθὲν

2098 2845 2391 2901 ὑπόλοιπον
2440 2847 2536 2900 τοῦ
2575 2847 2728 2911 λαοῦ,
2769 2848 2831 2901 τὸ
2876 2851 3103 2919 σημεῖον
3150 2848 3242 2902 τοῦ
3295 2850 3500 2922 Κυρίου
3561 2853 3702 2904 πᾶσι

2096 2942 2210 3003 τοῖς
2266 2938 2475 2994 ἔθνεσιν
2527 2939 2882 3012 ἀνεκήρυξεν,
2942 2940 3037 2993 καὶ
3078 2940 3180 3004 τάς
3232 2942 3444 2995 τοιάσδε
3513 2941 3704 3013 ψυχὰς

2097 3031 2206 3086 τῶν
2259 3031 2430 3085 ἐθνῶν
2472 3030 2532 3097 ἐξ
2570 3031 2845 3096 ἀπωλείας
2890 3032 2983 3085 ἐπὶ
3026 3032 3126 3104 τὴν
3163 3032 3257 3086 τοῦ
3302 3033 3509 3106 Κυρίου
3555 3033 3706 3102 γνῶ-

2101 3142 2185 3180 σιν
2248 3125 2689 3196 ἐφελκυσάμενον
2715 3165 2729 3190 ,
2791 3125 2887 3181 ἕνα
2945 3125 3072 3180 λαὸν
3137 3127 3332 3197 συνῆξε
3387 3127 3467 3198 τῷ
3527 3127 3656 3199 Θεῷ
3682 3170 3702 3193 ,

2099 3215 2198 3269 τὸν.
2238 3218 2304 3270 ἐκ
2354 3216 2462 3270 τῶν
2518 3216 2801 3287 τεσσάρων
2857 3216 3144 3289 πτερύγων
3205 3217 3305 3287 τῆς
3359 3217 3463 3288 γῆς
3525 3218 3704 3272 είσέτι

2100 3308 2195 3363 νῦν
2247 3311 2312 3380 τῇ
2362 3306 2458 3362 τοῦ
2510 3307 2750 3381 Χριστοῦ
2796 3309 3025 3380 δυνάμει
3069 3308 3562 3382 συγκροτούμενον.
3605 3304 3704 3365 Οὗ-

2099 3418 2183 3456 τοι
2212 3401 2269 3454 δὲ
2298 3402 2453 3456 αὐτοὶ
2489 3402 2539 3455 oi
2582 3402 2690 3456 ἀπὸ
2736 3400 2844 3456 τῶν
2890 3402 3247 3456 ἀπολωλότων
3285 3402 3387 3457 τοῦ.
3428 3403 3704 3458 Ἰουδαίων

2102 3492 2287 3558 ἔθνους
2317 3492 2676 3557 διασωθέντες
2718 3492 2958 3565 μαθηταὶ
2991 3493 3085 3547 καὶ
3120 3493 3409 3547 ἀπόστολοι
3442 3494 3705 3566 Σωτῆρος

2100 3591 2133 3659 ἡ
2143 3586 2279 3658 μῶν,
2304 3587 2370 3642 ἐκ
2388 3584 2660 3658 διαφόρων
2684 3586 3268 3657 φυλῶντυγχάνοντες,
3290 3588 3421 3658 μιᾶς
3449 3587 3705 3658 κλήσεως

2101 3680 2194 3737 καὶ
2222 3680 2351 3751 μιᾶς
2380 3678 2603 3752 χάριτος
2644 3678 2764 3742 ἐνὸς
2802 3678 3122 3750 Πνεύματος
3163 3679 3316 3748 ἁγίου
3351 3680 3705 3750 κατηξιωμέ-

2101 3787 2202 3835 νοι,
2233 3771 2410 3824 πάντα
2439 3770 2599 3841 ζῆλον
2632 3769 2691 3822 ὃν
2725 3769 2892 3823 πάλαι
2928 3768 3065 3841 πρὸς
3096 3771 3294 3834 αὐτοὺς
3328 3765 3476 3841 εἶχον
3505 3771 3563 3822 αἱ
3605 3769 3702 3825 τοῦ

2114 3861 2382 3933 Ἐϐραίων
2421 3861 2607 3926 ἔθνους
2642 3859 2827 3931 φυλαὶ,
2858 3861 3276 3933 ἀπορρίψουσιν,
3315 3861 3391 3926 ὡς
3414 3864 3452 3935 ἡ
3481 3879 3703 3935 προφηο

2100 3955 2224 4008 τεία
2256 3955 2443 4025 φησίν.
2474 3953 2917 4026 Κατηρτισμένοι
2947 3953 3079 4023 γοῦν
3114 3954 3194 4026 τῷ
3216 3954 3364 4026 αὐτῷ
3397 3954 3481 4009 νοῒ
3513 3957 3614 4009 καὶ
3633 3959 3701 4025 τῇ

2103 4050 2240 4121 αὐτῇ
2271 4047 2487 4123 γνώμῃ,
2536 4048 2597 4102 ού
2649 4048 2809 4119 μόνον
2852 4048 2953 4119 τὴν
2986 4049 3235 4120 ἧπειρον,
3280 4048 3417 4103 ἀλλά
3463 4049 3564 4104 καὶ
3604 4050 3701 4115 τὰς

2103 4142 2308 4211 νήσους
2332 4140 2545 4211 διῆλθον
2588 4138 2705 4191 τῶν.
2739 4139 2931 4205 ἐθνῶν,
2990 4141 3173 4205 πάσας
3217 4142 3561 4213 πανταχόθεν
3601 4143 3703 4206 τὰς

2102 4234 2213 4287 τῶν
2260 4232 2564 4306 ἀνθρώπων
2605 4233 2784 4305 ψυχὰς
2818 4234 3248 4306 προνομεύοντες
3283 4237 3376 4289 καὶ
3417 4238 3701 4308 αἰχμαλω-

2103 4324 2352 4389 τεύοντες
2385 4325 2466 4388 είς
2505 4325 2605 4396 τὴν
2646 4324 2927 4397 ὑποταγὴν
2961 4324 3054 4379 τοῦ
3091 4325 3351 4397 Χριστοῦ,
3385 4327 3702 4392 ἀκολούθως

2103 4416 2180 4488 τῷ
2207 4417 2443 4489 χρησμῷ
2472 4419 2728 4489 φήσαντι·
2760 4437 2787 4469 ι.
2810 4418 2922 4471 Καὶ
2947 4418 3384 4491 πετασθήσονται
3410 4422 3469 4474 ἐν
3491 4421 3701 4486 πλοίοις

2029 4551 2081 4610 D
2107 4509 2441 4578 ἀλλοφύλων,
2483 4508 2762 4565 θάλασσαν
2805 4509 2928 4581 ἅμα
2959 4511 3411 4582 προνομεύοντες,
3446 4512 3543 4567 καὶ
3573 4514 3701 4575 τοὺς

2108 4604 2201 4673 ἀφ’
2232 4603 2386 4674 ἡλίου
2414 4602 2712 4657 ἀνατολῶν.
2755 4623 2776 4653 ι
2815 4604 2925 4658 Καὶ
2948 4603 3017 4657 τὰ
3049 4603 3213 4658 λοιπὰ
3255 4604 3313 4657 δὲ
3340 4604 3442 4675 τῆς
3488 4624 3702 4678 προφη-

2107 4694 2259 4757 τείας
2283 4693 2494 4757 τούτοις
2519 4692 2803 4762 ἀναλόγως
2824 4693 3241 4764 ἐπιθεωρήσεις,
3275 4694 3517 4765 ἑκάστην
3553 4695 3699 4763 λέξιν

2107 4784 2262 4857 παρά
2296 4784 2474 4856 σαυτῷ
2518 4785 2838 4856 βασανίσας,
2875 4783 2968 4839 καὶ
3015 4785 3124 4839 πᾶν
3160 4785 3261 4855 μὲν
3292 4784 3352 4837 τὸ
3392 4784 3698 4839 ἀσύστατον

2107 4879 2201 4932 καὶ
2235 4877 2489 4932 ταπεινὸν
2518 4877 2690 4947 αὐτῆς
2721 4876 3209 4947 διακρουσάμενος,
3239 4875 3340 4947 τὴν
3370 4877 3432 4930 δὲ
3459 4877 3697 4931 διάνοιαν

2103 4968 2196 5023 τοῦ
2229 4968 2559 5041 πνεύματος,
2588 4969 2664 5033 ὡς
2702 4968 2769 5023 ἂν
2801 4968 2936 5023 αὑτό
2973 4984 3055 5022 σοι
3086 4968 3148 5022 τὸ
3180 4967 3402 5038 πνεῦμα
3436 4968 3531 5022 τοῦ
3562 4967 3700 5023 Θεοῦ

2106 5060 2334 5134 θεωρεῖν
2379 5062 2648 5136 ὑποϐάλῃ,
2686 5063 2907 5134 νοήσας.
2962 5061 3122 5131 Ὑμῖν
3154 5060 3264 5133 γάρ
3293 5063 3322 5115 ό
3364 5062 3561 5135 καιρὸς
3601 5060 3698 5115 οὐκ

2106 5152 2394 5224 ἐπιτρέπει
2425 5156 2540 5219 τοῖς
2573 5154 2759 5217 τόποις
2811 5152 2906 5206 ἐπὶ
2958 5152 3143 5205 πλεῖον
3175 5152 3561 5223 ἐνδιατρίδειν,
3601 5153 3697 5223 τὴν

2107 5248 2476 5321 προκειμένην
2509 5245 2768 5300 ὑπόθεσιν
2798 5243 3058 5312 ἐξανύσαι
3086 5245 3596 5317 κατεπειγομένοις.

414 5352 586 5421 deris.
611 5360 838 5429 etquod
867 5361 1089 5431 quidem
1119 5379 1186 5420 ex
1239 5379 1305 5421 ea
1346 5363 1668 5420 inconstans
1694 5365 1779 5421 vel
1799 5364 2005 5422 humile
2030 5365 2208 5422 visum
2239 5365 2428 5429 fuerit,
2484 5363 2767 5433 rejeceris,
2825 5360 3055 5425 spiritus
3090 5376 3222 5416 vero
3267 5359 3443 5431 ipsius
3500 5358 3696 5414 intelli-

416 5454 657 5524 gentiam
688 5461 1017 5528 perceperis,
1053 5468 1325 5532 quatenus
1350 5461 1470 5534 ipse
1522 5462 1620 5518 tibi
1644 5461 1741 5518 Dei
1791 5463 2020 5535 spiritus
2072 5460 2550 5534 contemplandum
2605 5459 3057 5531 suppeditaverit.
3085 5457 3254 5514 Nobis
3294 5458 3443 5513 enim
3480 5464 3690 5529 tempus

413 5561 524 5609 non
552 5556 819 5621 permittit
869 5557 1077 5615 diutius
1109 5560 1167 5615 iu
1194 5558 1281 5617 his
1334 5558 1473 5617 locis
1536 5557 1841 5627 immorari,
1901 5561 1995 5632 qui
2023 5562 2308 5617 materiam
2349 5558 2682 5629 propositam
2714 5556 2998 5614 absolvere
3026 5553 3369 5613 festinamus.

486 5781 530 5825 ⁸³
559 5779 759 5845 Ιδτι.ιι,
798 5783 881 5839 ii.
