3828 6216
175 329 279 383 H9

1066 324 1730 385 DEMONSTRATIONIS
1759 326 2220 386 EVANGELICE
2261 325 2387 386 LIB.
2435 325 2508 386 11..

3216 396 3221 407 ἱ
3336 332 3434 387 mo

245 447 382 502 MB’.
435 466 454 498 ι
494 449 604 501 Kal
635 446 955 517 ὲντελοῦμαι
1001 448 1069 517 τῇ
1120 448 1412 521 οἰκουμένη
1449 450 1553 522 ὅλῃ
1587 448 1754 515 κακά,
1784 500 1786 505 .

1929 445 2088 505 XLII.
2116 466 2137 501 ι
2167 447 2233 503 Et
2263 448 2539 504 mandabo
2566 447 2685 504 orbi
2709 449 2966 505 universo
2994 447 3157 512 mala,
3181 456 3234 504 et
3252 448 3437 521 impiis

173 540 269 592 nl
287 542 400 601 τοῖς
419 538 642 592 ἀσεϐέσι
662 538 762 602 τὰς
780 539 1052 610 ἁμαρτίας
1066 538 1267 605 αὐτῶν,
1291 540 1386 593 καὶ
1400 538 1584 596 ἀπολῶ
1599 537 1755 609 ὓϐριν

172 630 410 702 ἀνόμων,
465 632 562 684 καὶ
623 630 783 702 ὕϐριν
833 632 1199 703 ὑπερηφάνων
1248 631 1593 692 ταπεινώσω.
1645 634 1756 687 Kal

173 722 389 777 ἔσονται
436 726 487 777 oi
536 724 1092 796 ἐγκαταλελειμμένα
1139 724 1350 798 ἔντιμοι
1398 725 1661 797 μᾶλλονῆ
1693 725 1757 779 τὸ

173 815 397 885 χρυσίον
417 815 480 869 τὸ
507 813 742 887 ἄπυρονο
772 817 865 869 καὶ
887 815 1173 888 ἄνθρωπος
1200 817 1417 888 ἔντιμος
1440 816 1593 871 ἔσται
1621 816 1757 888 μᾶλ-

173 905 265 959 λον
300 905 335 977 ἢ
376 909 407 960 6
438 905 584 970 λίθος
621 908 653 960 6
692 908 760 962 ὲκ
806 909 1060 981 Σουφείρ.
1102 929 1121 961 ι
1170 910 1281 967 Καὶ
1319 908 1446 982 ἑξῆς
1490 909 1750 978 ἐπιλέγει*

180 1018 200 1051 ι
226 998 339 1052 Καὶ
367 998 581 1055 ἔσονται
606 1002 657 1053 οί
688 1000 1171 1073 καταλελειμμένοι
1200 1003 1277 1067 ὡς
1306 1002 1594 1075 δορκάδιον.
1621 1002 1754 1072 φεῦ-

173 1108 290 1162 γον,
314 1093 415 1146 καὶ
430 1092 507 1157 ὡς
536 1093 809 1165 πρόϐατον
837 1094 1209 1167 πλανώμενον.
1246 1114 1266 1148 ι
1304 1096 1417 1151 Kal
1443 1096 1531 1151 διὰ
1551 1096 1755 1151 τούτων

177 1185 234 1238 τὸ
265 1185 501 1241 σπάνιον
522 1184 631 1238 τῶν
672 1185 1068 1257 σωθησομένων
1111 1187 1171 1241 ὲν
1197 1184 1277 1256 τῷ
1305 1185 1483 1259 καιρῷ
1519 1186 1619 1257 τῆς
1646 1186 1756 1240 τῶν

173 1276 385 1328 ἀσεϐῶν
435 1276 710 1340 ἀπωλείας
762 1276 1077 1346 σαφέστατα
1124 1278 1154 1330 6
1194 1276 1351 1345 λόγος
1392 1276 1750 1349 παρίστησινο

172 1366 312 1419 ὥστε
350 1368 427 1439 μὴ
477 1366 661 1439 χώραν
697 1367 840 1438 ἔχειν
882 1369 1128 1430 ὑπονοεῖν
1167 1367 1499 1441 άδιακρίτως
1545 1368 1755 1433 πάντας

174 1458 512 1525 ἁπαξαπλῶς
536 1461 665 1523 τοὺς
688 1462 753 1514 ὲκ
771 1460 1097 1532 περιτομῆς,
1128 1461 1225 1514 καὶ
1250 1462 1360 1515 πᾶν
1376 1459 1442 1514 τὸ
1483 1460 1756 1516 Ἰουδαίων

172 1553 343 1617 ἔθνος,
377 1553 486 1607 τῶν
510 1551 606 1606 τοῦ
631 1552 768 1609 Θεοῦ
799 1553 1082 1619 τεύξεσθαι
1111 1553 1469 1624 ἐπαγγελιῶν.

1856 548 2089 611 peccata.
2109 540 2356 611 ipsorum
2380 579 2396 606 ,
2445 548 2500 596 et
2538 538 2761 610 perdam
2814 541 3070 608 injuriam
3098 540 3432 609 iniquorum.

1855 640 1911 688 et
1936 633 2329 688 contumeliam
2380 632 2745 703 superborum
2799 631 3122 688 bumiliabo.
3162 631 3230 687 Et
3273 644 3435 690 erunt

1854 722 1950 793 qui
1978 722 2343 778 remanserint
2371 722 2598 793 pretiosi
2622 723 2817 794 magis,
2849 737 3014 794 quam
3070 738 3266 779 aurum
3288 724 3434 795 quod

1855 814 2033 886 ignem
2067 828 2178 870 non
2223 814 2428 869 sentit:
2458 822 2513 869 et
2553 813 2721 869 homo
2758 813 3034 884 pretiosus
3079 813 3185 868 erit
3237 814 3434 884 magis,

1855 920 2023 976 quam
2071 905 2210 975 lapis
2263 906 2318 960 in
2366 903 2570 975 Suphir
2602 904 2672 970 “,
2722 918 2787 958 ac
2819 904 3079 975 deinceps
3140 904 3432 976 adiungit:

1862 1013 1881 1046 ι
1917 994 1985 1048 Et
2005 1001 2187 1062 erunt,
2225 1013 2259 1045 ι.
2297 997 2395 1065 qui
2430 993 2608 1050 relicti
2667 992 2893 1059 fuerint,
2928 1013 2949 1046 ι
2981 995 3141 1065 quasi
3182 997 3436 1066 capreola

1857 1081 2091 1154 fugiens,
2125 1092 2182 1138 et
2219 1084 2377 1153 quasi
2404 1081 2524 1138 ovis
2544 1080 2857 1137 errabunda
2881 1080 2927 1114 “
2958 1097 2970 1131 :
3016 1099 3036 1134 ι
3069 1087 3231 1151 atque
3262 1080 3316 1135 in
3348 1081 3435 1137 bis

1855 1176 2072 1246 quidem
2105 1176 2432 1248 paucitatem
2448 1190 2664 1241 eorum,
2694 1174 2788 1245 qui
2803 1171 3139 1244 superfuturi
3161 1173 3273 1228 sint
3295 1179 3435 1228 tem-

1854 1282 1987 1337 pore
2042 1267 2296 1324 interitus
2347 1266 2681 1339 impiorum,
2746 1265 2837 1320 hic
2883 1279 3066 1322 sermo
3117 1264 3436 1335 planissime

1855 1362 2096 1420 ostendit
2126 1378 2140 1414 :
2166 1376 2232 1418 ex
2260 1377 2371 1433 quo
2432 1359 2487 1416 id
2541 1358 2919 1431 intelligimus,
2978 1357 3097 1413 sine
3122 1357 3233 1414 ulla
3280 1372 3436 1414 exce-

1856 1455 2073 1526 ptione,
2112 1454 2383 1510 carituros
2419 1468 2542 1509 esse
2573 1452 2791 1523 propria
2824 1449 3049 1519 regione
3086 1464 3279 1506 omnes
3316 1464 3437 1505 om-

1854 1546 2009 1613 nino,
2044 1546 2137 1616 qui
2171 1545 2239 1599 ad
2267 1542 2744 1600 circumcisionem
2772 1542 3065 1612 pertinent,
3119 1546 3283 1610 atque
3318 1554 3437 1595 om-

1856 1652 1982 1693 nem
2012 1635 2303 1693 Judaicam
2352 1643 2590 1713 gentem,
2640 1633 2912 1706 promissa
2946 1631 3131 1691 divina
3163 1648 3272 1689 non
3313 1646 3436 1687 esse

1857 1736 2299 1785 consecuturam.

244 1814 376 1868 Ml".
419 1832 438 1865 ι
476 1812 587 1868 Kal
615 1811 768 1866 ἔσται
810 1812 867 1865 ἐν
892 1814 959 1883 τῇ
984 1811 1168 1884 ἡμέρᾳ
1196 1811 1380 1883 ἐκείνῃ
1412 1810 1650 1882 ἔκλειψις
1670 1810 1757 1865 δό-

1933 1819 2114 1879 XLIll.
2163 1838 2182 1871 ι
2219 1818 2299 1873 Et
2316 1816 2496 1888 eritjn
2524 1816 2612 1872 die
2644 1815 3008 1872 illadel‘ectus
3036 1815 3223 1886 gloria:
3241 1811 3434 1872 Jacob.

170 1906 272 1976 ξης
311 1905 529 1970 Ἰακὼϐ,
556 1906 648 1960 καὶ
674 1903 746 1959 τά
768 1904 925 1958 πίονα
948 1904 1049 1974 τῆς
1074 1903 1233 1976 δόξης
1252 1902 1417 1957 αὐτοῦ
1448 1903 1757 1976 σεισθήσον-

171 2015 283 2052 ται.
318 1999 425 2051 Kal
458 1996 613 2050 ἔσται
646 1997 705 2050 ὃν
738 1996 942 2068 τρόπον
979 1996 1075 2050 ὲάν
1106 2012 1191 2060 τις
1232 1996 1517 2068 συναγάγῃ
1545 1995 1758 2067 άμητὸν

170 2091 465 2161 ἑστηκότα,
507 2090 601 2144 καὶ
649 2090 874 2163 σπέρμα
918 2088 1168 2158 σταχύων
1210 2089 1421 2162 ἀμήσῃ·
1468 2090 1576 2145 καὶ,
1604 2088 1756 2142 ἔσται

169 2184 230 2236 ὃν
267 2184 471 2253 τρόπον
522 2182 618 2236 ἐάν
666 2198 749 2246 τις
788 2182 1075 2252 συναγάγῃ
1117 2180 1353 2250 στάχυας
1405 2181 1464 2232 ἐν
1514 2179 1757 2253 φάραγγι

169 2277 394 2346 στερεᾷ,
428 2273 520 2329 καὶ
545 2272 875 2344 καταλειφθῇ
906 2275 965 2326 ὲν
990 2274 1126 2343 αὐτῇ
1154 2273 1391 2345 καλάμη·
1427 2273 1460 2344 ἢ
1486 2274 1561 2337 ώς
1583 2273 1758 2344 ρῶγες

164 2366 361 2429 ἐλαίας
387 2364 502 2432 δύο,
530 2365 564 2436 ἢ
588 2368 740 2438 τρεῖς
768 2366 854 2417 ἐπ’
881 2365 1053 2436 ἄκρου
1088 2364 1386 2437 μετεώρου,
1413 2366 1446 2436 ἢ
1472 2366 1754 2437 τέσσαρες,

174 2458 201 2525 ἦ
236 2458 403 2511 πέντε
437 2457 531 2510 ἐπὶ
562 2456 672 2511 τῶν
710 2456 918 2510 κλάδων
949 2456 1129 2510 αὐτῶν
1158 2456 1581 2525 κατώειφθῶσι.
1620 2457 1758 2510 Τάδε

166 2549 320 2616 λέγει
361 2548 565 2620 Κύριος
592 2553 621 2602 6
652 2548 786 2612 Θεὸς
813 2548 908 2601 τοῦ
961 2548 1177 2620 Ἰσραήλ
1198 2565 1211 2579 ο
1247 2547 1326 2620 Τῇ
1360 2547 1545 2621 ἡμέρᾳ
1574 2547 1757 2619 ἐκείνῃ

175 2637 455 2703 πεποιθὼς
483 2638 635 2692 ἔσται
678 2638 961 2711 ἄνθρωπος
1006 2639 1098 2693 ἐπὶ
1140 2638 1229 2709 τῷ,
1249 2641 1535 2711 ποιήσαντι
1574 2639 1754 2693 αὐτόν·

168 2733 220 2786 οἱ
249 2732 310 2785 δὲ
342 2731 615 2801 ὀφθαλμοὶ
646 2730 808 2784 αὐτοῦ
839 2732 919 2795 είς
942 2731 1035 2785 τὸν
1066 2731 1220 2799 ἅγιον
1259 2730 1354 2784 τοῦ
1404 2730 1617 2804 Ἰσραὴλ
1661 2733 1761 2802 ὲμ-

173 2823 487 2891 ϐλέψονται,
524 2824 616 2876 καὶ
647 2823 707 2875 οὐ
747 2823 821 2895 μὴ
858 2821 1174 2885 πεποιθότες
1219 2815 1352 2876 ὦσιν
1382 2823 1474 2880 ἐπὶ
1504 2825 1616 2886 τοϊς
1652 2822 1760 2893 βω-

174 2918 319 2986 μοῖς,
374 2915 498 2968 οὐδὲ
540 2916 635 2967 ἐπὶ
678 2917 791 2977 τοῖς
844 2913 1026 2985 ἔργοις
1064 2914 1172 2967 τῶν
1226 2914 1424 2986 χειρῶν
1469 2915 1670 2978 αὐτῶν,
1724 2912 1761 2967 ἃ

174 3010 442 3080 εποίησαν
466 3011 515 3062 oi
550 3008 801 3063 δάκτυλοι
828 3007 1029 3062 αὐτῶν.
1066 3028 1086 3059 ι
1123 3007 1236 3067 Καὶ
1254 3007 1341 3062 διὰ
1365 3007 1568 3062 τούτων
1597 3008 1759 3080 ὲναρ-

181 3102 289 3172 τῶς
329 3102 644 3165 θεσπίζεται
693 3103 725 3172 ἡ
762 3100 889 3166 δόξα
939 3099 1033 3154 τοῦ
1083 3100 1299 3171 Ἰσραὴλ
1342 3102 1435 3157 καὶ
1476 3101 1653 3155 πάντα
1692 3098 1762 3153 τὰ

178 3197 341 3248 πίονα
388 3191 569 3247 αὐτῶν
599 3191 1115 3264 καθαιρεθήσεσθαι,
1165 3191 1334 3260 ὀλίγοι
1372 3192 1429 3247 δὲ
1474 3188 1629 3255 αὖθις
1665 3193 1762 3246 καὶ⁸

175 3284 399 3357 ἀριθμῷ
430 3286 645 3355 ληπτοὶ,
668 3284 817 3338 ώσὰν
841 3285 1027 3348 ἐλαίας
1054 3286 1113 3339 ὲν
1138 3284 1289 3354 φυτῷ
1314 3283 1490 3356 ρὦες
1520 3285 1771 3356 βραχεῖς,

173 3375 714 3447 καταλειφθήσεσθαι
745 3375 1016 3443 λέγονται·
1066 3369 1211 3430 οὗτοι
1254 3374 1311 3427 δὲ
1354 3375 1420 3428 ἂν
1458 3369 1569 3428 εἷεν
1621 3376 1669 3429 οί
1702 3374 1763 3440 ἐξ

175 3466 361 3521 ,ιὺτῶν
400 3469 481 3531 εἰς
520 3468 611 3520 τὸν
654 3465 858 3539 Κύριον
910 3466 1068 3537 ἡμῶν
1113 3467 1559 3529 πεπιστευκότες.
1606 3466 1764 3520 Ἀκο-

172 3558 386 3623 Αούθως
442 3559 501 3612 δὲ
553 3558 691 3629 μετὰ
735 3558 804 3612 τά
864 3559 1002 3629 περὶ,
1041 3559 1268 3615 ἐκείνων
1316 3558 1601 3630 εἰρημένα,
1635 3558 1764 3629 περὶ

174 3651 381 3716 παντὸς
444 3651 749 3722 ἀνθρώπων
800 3650 991 3719 γένους
1049 3651 1605 3722 ἀποστραφησομένου
1664 3651 1764 3720 τὴν

172 3745 325 3799 κατά
363 3741 436 3797 τά
467 3743 662 3799 εἴδωλα
692 3742 924 3812 πλάνην,
962 3740 1402 3813 ἐπιγνωσόμενου
1432 3741 1489 3795 δὲ
1518 3741 1607 3795 τὸν
1633 3740 1771 3798 Θεὸν

184 3836 434 3908 Ἰσραὴλ,
469 3834 892 3906 προφητεύεται.

247 3929 384 3983 MA'.
423 3946 443 3980 ι
496 3928 813 3992 Ἀκούσατε,
845 3927 1027 3997 νῆσοι..
1067 3927 1625 3998 ἐγκαταλελειμμένα
1672 3927 1767 3985 καὶ

177 4017 534 4089 ὀδυνώμενοι,
570 4017 866 4081 ἀκούσατε,
894 4017 935 4072 ἃ.
975 4018 1188 4089 ἤκουσα
1219 4016 1370 4088 παρά
1406 4018 1613 4091 Κυρίου
1658 4020 1765 4072 Σα-

171 4109 352 4166 ϐαώθ·
381 4112 413 4164 6
455 4110 589 4174 Θεὸς
620 4109 715 4163 τοῦ
757 4109 974 4181 Ἰσραὴλ
1015 4111 1337 4183 ἀνήγγειλεν
1371 4114 1525 4183 ἡμῖν.
1563 4130 1583 4163 ι
1621 4113 1765 4184 Ὅρα

176 4204 302 4258 τίνα
341 4204 543 4276 τρόπον
585 4205 678 4258 καὶ
721 4203 956 4259 ἐνταῦθα
1003 4204 1064 4258 οὐ
1098 4206 1306 4269 πάντας
1340 4205 1469 4269 τοὺς
1511 4207 1576 4259 ὲκ
1609 4223 1765 4277 περι·-

172 4298 357 4368 τομῆς
396 4298 490 4350 ἐπὶ
516 4299 618 4368 τὴν
638 4296 747 4351 τῶν
779 4298 1109 4373 ἀπορρήτων
1137 4297 1401 4370 ἀκρόασιν
1434 4297 1766 4368 παρακαλεῖ,

172 4389 296 4442 ἀλλ’
349 4387 384 4459 ἢ
431 4387 649 4459 μόνους,
684 4387 778 4453 οὓς
815 4386 1072 4461 ὀνομάζει
1108 4387 1636 4459 καταλελειμμένους
1672 4389 1766 4441 καὶ

170 4478 586 4550 ὀδυνωμένους·
645 4475 746 4533 οἷοι
790 4462 931 4553 ἦσαν
980 4484 1031 4535 oi
1064 4480 1221 4534 -κατὰ
1266 4478 1357 4531 τὸν
1419 4477 1762 4542 Ἀπόστολον,

1857 1922 1913 1970 et
1940 1914 2162 1985 pinguia
2185 1910 2374 1983 gloria:
2392 1910 2566 1981 ipsius
2594 1908 3026 1981 q‘nassabuntur.
3044 1903 3111 1962 Et
3123 1905 3228 1960 erit
3253 1919 3437 1974 quem-

1858 2005 2153 2062 admodum
2185 2003 2235 2059 si
2259 2001 2385 2073 quis
2401 2000 2624 2071 colligat
2646 2014 2877 2055 messem
2902 2004 3160 2063 stantem,
3178 2002 3235 2051 et
3251 2010 3437 2055 semen

1859 2096 2135 2165 spicarum
2160 2099 2364 2159 metat;
2399 2096 2454 2145 et
2481 2089 2585 2143 erit
2607 2086 3066 2159 quemadmodum
3096 2085 3145 2142 si
3167 2085 3293 2156 quis
3326 2084 3437 2139 col-

1858 2189 1990 2258 ligat
2016 2187 2195 2256 spicas
2239 2184 2298 2239 in
2353 2183 2603 2239 convalle
2631 2180 2829 2245 solida,
2865 2185 2920 2237 et
2952 2179 3065 2251 78
3095 2178 3288 2235 relicta
3321 2176 3437 2232 fue-

1859 2282 1935 2334 rit
1956 2279 2014 2333 in
2064 2294 2130 2333 ea
2170 2276 2411 2348 stipula;
2441 2283 2536 2330 aut
2567 2272 2729 2345 quasi
2752 2273 2935 2330 baccae
2959 2270 3117 2329 olivae
3150 2269 3291 2332 duae.
3323 2269 3437 2324 sive

1859 2378 1971 2426 tres
2008 2370 2067 2424 in
2117 2368 2404 2424 cacumine
2433 2362 2680 2427 sublimi,
2702 2377 2809 2421 seu
2838 2368 3097 2432 quatuor,
3133 2374 3230 2416 seu
3277 2358 3435 2429 quin-

1859 2479 1966 2533 que
1993 2464 2050 2516 in
2084 2460 2254 2517 ramis
2275 2458 2413 2530 ipsis
2433 2456 2639 2513 relicta}
2669 2453 2892 2510 fuerint.
2929 2452 3055 2508 Hac
3088 2451 3223 2508 dicit
3252 2449 3437 2505 Domi-

1858 2570 1966 2611 nus
1993 2553 2138 2609 Deus
2165 2551 2335 2609 lsrael
2371 2565 2384 2600 :
2421 2547 2481 2602 ln
2510 2546 2600 2603 die
2624 2544 2718 2599 illa
2737 2543 3020 2599 conlidens
3049 2542 3154 2598 erit
3190 2541 3353 2597 homo
3382 2539 3437 2594 in

1858 2663 1947 2710 eo,
1970 2642 2229 2715 qui-iecit
2270 2641 2452 2713 ipsum
2486 2636 2679 2697 :,oculi
2711 2642 2893 2691 autem
2931 2634 3052 2705 ejus
3089 2632 3157 2687 ad
3187 2638 3438 2689 sanctum

1860 2737 2029 2792 Israel
2085 2734 2398 2806 respicient,
2427 2738 2483 2787 et
2508 2745 2619 2787 non
2668 2734 2831 2784 erunt
2860 2726 3197 2782 conﬁdentes
3219 2726 3274 2778 in
3302 2723 3440 2776 alta-

1860 2832 2035 2892 riius,
2066 2843 2242 2898 neque
2263 2828 2319 2882 in
2342 2826 2602 2898 operibus
2623 2837 2884 2880 manuum
2921 2833 3166 2882 suarum,
3207 2830 3331 2887 qua:
3362 2813 3439 2868 fe-

1862 2932 2056 2977 cerunt
2089 2918 2247 2990 digiti
2273 2917 2519 2988 ipsorum
2544 2918 2612 2971 ⁸⁵.
2637 2934 2657 2968 ι
2692 2913 2755 2969 In
2795 2913 2882 2967 his
2915 2923 3135 2982 quoque
3158 2906 3440 2963 evidenter

1862 3013 2121 3076 canitur;
2156 3008 2620 3082 quemadmodum
2672 3006 2846 3080 gloria
2888 3002 3074 3065 Israel,
3135 3008 3191 3056 et
3241 3006 3439 3053 cuncta

1867 3104 2087 3177 pinguia
2114 3118 2305 3161 eorum
2336 3101 2633 3158 auferenda
2665 3101 2796 3166 sint,
2834 3106 2890 3153 et
2930 3093 3088 3167 pauci
3118 3106 3313 3148 rursus
3337 3105 3441 3143 nu-

1864 3211 2126 3267 meroque
2183 3192 2709 3265 comprehensibiles
2754 3185 3097 3260 relinquendi
3131 3202 3144 3237 :
3178 3192 3345 3257 atque
3383 3180 3444 3239 lli

1861 3290 2079 3361 quidem
2104 3296 2288 3353 erunt,
2324 3286 2419 3357 qui
2443 3301 2506 3342 ex
2538 3287 2619 3342 eis
2643 3285 2700 3339 in
2721 3267 3010 3339 Dominum
3042 3268 3291 3335 nostr‘um
3320 3290 3440 3330 cre-

1862 3383 2121 3439 diderint.
2142 3381 2424 3450 Deinceps
2454 3384 2635 3433 autem
2658 3385 2781 3448 post
2810 3391 2876 3432 ea
2909 3390 3032 3447 qua:
3062 3372 3130 3429 de
3158 3373 3267 3427 illis
3291 3369 3440 3429 dicta

1862 3484 2011 3540 sunt,
2040 3474 2122 3541 de
2141 3474 2401 3530 universo
2430 3487 2630 3545 genere
2685 3471 2967 3526 hominum
2990 3508 3005 3531 ,
3040 3466 3186 3539 quod
3217 3481 3441 3521 aversu—

1863 3582 1986 3621 rum
2016 3581 2076 3622 se
2103 3565 2175 3618 sit
2194 3564 2265 3619 ab
2284 3577 2473 3619 errore
2504 3560 2947 3624 simulacrorum,
2966 3555 3247 3629 Deumque
3276 3551 3445 3611 Israel

1863 3659 2197 3730 agniturum,
2215 3653 2534 3711 vaticinium
2572 3650 2841 3722 sequitur.

1936 3916 2120 3974 XLIV.
2154 3934 2175 3970 ι
2205 3914 2424 3980 Audite,
2445 3911 2659 3977 insulae,
2685 3926 2781 3982 qui
2802 3908 2978 3965 relicti
3008 3906 3146 3964 essis
3171 3911 3226 3959 et
3255 3902 3443 3959 dolore

1866 4007 2191 4067 cruciamini
2215 4022 2231 4062 :
2259 4006 2443 4061 audite
2467 4018 2591 4075 qua
2622 4001 2807 4058 audivi
2845 4015 2876 4055 a
2898 3997 3132 4054 Domino
3162 3992 3403 4051 Sabaoth
3433 4032 3446 4047 .

1865 4100 2014 4157 Deus
2043 4098 2213 4157 lsrael
2262 4096 2537 4153 nuntiavit
2588 4093 2749 4149 nobis
2771 4091 2839 4147 ⁸⁸.
2880 4111 2898 4144 ι
2934 4087 3131 4162 Specta
3179 4083 3445 4157 quemad.

1866 4192 2090 4248 modum
2114 4190 2206 4245 hic
2242 4192 2467 4260 quoque
2494 4201 2604 4241 non
2645 4198 2861 4247 omnes,
2913 4182 3006 4252 qui
3043 4180 3112 4235 ad
3155 4177 3439 4233 circumci-

1870 4287 2083 4343 sionem
2105 4289 2377 4356 spectant,
2412 4279 2489 4337 ad.
2507 4276 2780 4349 ejusmodi
2826 4287 3032 4331 arcana
3060 4269 3331 4328 audienda
3364 4269 3444 4324 in-

1816 4371 1831 4382 '
1867 4377 2025 4443 vitet,
2047 4376 2143 4433 sed
2166 4375 2314 4433 solos
2335 4389 2454 4441 eos,
2499 4387 2640 4447 quos
2661 4368 2797 4425 dicit
2833 4367 3057 4423 relictos
3090 4377 3234 4428 esse,
3256 4376 3321 4417 ac
3342 4359 3446 4415 do-

1869 4470 1987 4526 lore
2010 4466 2246 4524 cruciari
2276 4484 2289 4521 :
2314 4464 2506 4553 quales
2561 4468 2741 4527 erant,
2777 4459 2895 4531 qui,
2921 4466 2981 4513 ut
3021 4455 3100 4510 ait
3126 4453 3447 4525 Apostolus,

172 4570 538 4636 στενάζοντες
578 4573 672 4625 καὶ
709 4535 1108 4644 ἀποκλαόμενοι
1151 4568 1251 4642 τὴν
1291 4568 1490 4628 κακίαν
1528 4568 1628 4635 τοῦι
1655 4568 1762 4622 τῶν

1865 4561 2152 4636 gemebant
2186 4575 2252 4615 ac
2271 4535 2630 4630 deplorabant
2676 4553 2938 4608 malitiam
2978 4548 3102 4604 vita:
3138 4545 3447 4602 hominum.

169 4661 488 4735 ἀνθρώπων
520 4661 655 4731 βίου.

250 4756 389 4810 ME’.
429 4774 448 4807 ι
503 4755 836 4827 ἐπένθησαν
877 4754 1151 4827 οιῡψηλοι
1198 4754 1298 4824 τῆς
1341 4753 1478 4824 γῆς,
1524 4752 1558 4823 ἠ
1598 4751 1656 4806 δὲ
1695 4752 1770 4822 γῆ

174 4849 431 4920 ὴνόμησε
486 4848 579 4902 διὰ
624 4850 750 4912 τοὺς
790 4848 1180 4911 κατοικοῦντας
1231 4847 1423 4918 αὐτήν.
1475 4846 1574 4899 Διὰ
1609 4844 1769 4898 τοῦτο

172 4942 395 5010 πτωχοὶ
419 4939 636 4994 ἔσονται
661 4941 712 4992 οί
749 4940 1087 5003 ἐνοικοῦντες
1121 4940 1215 4992 ἐπὶ
1244 4939 1343 5010 τῆς
1385 4937 1508 5009 γῆς,
1542 4937 1637 4990 καὶ
1670 4953 1769 4989 κα-

180 5029 641 5102 ταλειφθήσονται
679 5028 954 5101 ἄνθρωποι
986 5029 1178 5097 ὀλίγοι.
1223 5048 1241 5081 ι
1294 5028 1405 5081 Kal
1451 5027 1508 5079 ὲν
1559 5024 1772 5102 τούτοις

173 5125 312 5187 τοὺς
366 5122 843 5195 παραϐεϐηκότας,
871 5123 963 5176 τὸν
1005 5122 1191 5191 νόμον,
1234 5121 1328 5176 καὶ
1370 5119 1467 5190 τὴν
1507 5117 1603 5171 τοῦ
1633 5115 1771 5171 Θεοῦ

175 5214 454 5286 διαθήκην
481 5214 576 5267 τοῦ
601 5215 665 5267 ὲκ
699 5212 1002 5284 περιτομῆς
1028 5210 1159 5265 λαοῦ
1186 5208 1513 5277 ἁπελέγξας,
1544 5207 1774 5278 ἀπειλή-

178 5322 286 5369 σας
307 5321 369 5357 τε
399 5305 586 5368 abto‘t;
621 5304 692 5358 τὰ
724 5301 1213 5374 ἀναγεγραμμένα,
1241 5297 1773 5370 καταλειφθήσεσθαι

175 5395 510 5468 ἀνθρώπους
546 5394 605 5460 ἐξ
630 5394 810 5449 αὐτῶν
846 5394 1060 5462 ὀλίγους
1093 5391 1453 5465 προφητεύειι
1486 5385 1596 5443 εἶεν
1637 5388 1682 5442 δ’
1707 5388 1775 5443 ἂν

177 5485 336 5547 οὗτοι
374 5490 439 5543 τὸ
468 5489 870 5560 ὠνομασμένον,
896 5488 1046 5565 παρὰ
1084 5488 1163 5558 τῷ
1216 5485 1523 5556 ’Δποστόλῳ
1567 5484 1773 5554 λεῖμμα

181 5585 307 5642 κατ’
336 5581 567 5654 ἐκλογὴν
601 5581 729 5652 χάρ.
743 5598 843 5642 τος.

1939 4744 2105 4802 XLV.
2147 4743 2472 4798 «Luxernnt
2498 4738 2702 4796 excelsi
2744 4744 2926 4797 terrae.
2969 4742 3027 4789 et
3081 4739 3232 4787 terra
3263 4727 3461 4798 inique

1866 4841 1976 4911 egit
2003 4845 2225 4910 propter
2254 4836 2563 4891 habitantes
2594 4844 2742 4887 eam.
2786 4827 3000 4883 Idcirco
3054 4824 3247 4895 inopes
3290 4825 3452 4875 erunt

1868 4929 2242 4986 inhabitantes
2294 4928 2349 4980 in
2411 4934 2576 4988 terra,
2640 4929 2696 4977 et
2758 4921 3141 4989 relinquentur
3200 4914 3467 4971 homines.

1868 5021 2029 5094 pauci
2061 5021 2128 5076 ⁸⁷.
2152 5040 2172 5073 ι
2210 5018 2267 5073 ln
2295 5018 2382 5073 his
2422 5031 2640 5088 quoque
2672 5012 2767 5068 ubi
2823 5026 2920 5066 eos
2949 5004 3321 5079 reprehendit,
3358 5006 3453 5081 qui

1868 5127 1934 5167 ex
1966 5110 2168 5181 populo
2202 5105 2643 5164 circumcisionis
2679 5103 2852 5173 legem
2911 5098 3031 5162 Dei,
3056 5105 3116 5154 et
3149 5105 3456 5153 testamen-

1869 5212 1987 5258 tum
2009 5200 2461 5271 contempserint,
2489 5207 2545 5254 et
2563 5197 2646 5252 eis
2674 5195 2919 5249 minatus
2944 5199 3037 5248 est
3076 5204 3293 5261 eaqua:
3317 5188 3456 5244 scri-

1874 5306 1964 5367 pta
1990 5302 2154 5362 sunt;
2186 5302 2303 5349 tum
2335 5310 2401 5348 ex
2455 5292 2566 5347 illis
2592 5303 2798 5362 paucos
2848 5285 3121 5345 homines.
3149 5298 3274 5339 esse
3289 5282 3456 5335 relin-

1873 5387 2123 5459 quendos
2148 5385 2499 5441 vaticinatur.
2526 5382 2594 5438 lli
2624 5397 2755 5439 vero
2777 5379 2889 5436 sint
2913 5377 3198 5440 saneillaa,
3217 5390 3343 5451 qua:
3360 5389 3456 5429 no-

1872 5482 2155 5538 minantur
2209 5477 2357 5549 apud
2418 5477 2742 5547 Apostolum
2779 5492 2797 5523 ι
2845 5470 3094 5541 reliquiae
3156 5464 3457 5523 secundum

1873 5571 2193 5628 electionem
2211 5567 2400 5639 gnatiae
2423 5567 2486 5619 ⁸⁸.
2514 5584 2532 5618 ›

257 5763 303 5793 ⁸³
334 5760 689 5829 Isa.:rmJl,
724 5763 805 5817 l2.
886 5764 925 5795 "'
963 5762 1107 5820 ibid.
1134 5761 1216 5818 Η.
1296 5760 1339 5793 ⁸⁵
1368 5760 1622 5816 lsa.xvn.
1660 5754 1768 5813 l-8.
1848 5757 1891 5789 σε
1925 5753 2030 5811 Isa.
2065 5770 2212 5810 xux.
2252 5754 2303 5808 l.
2333 5753 2387 5809 2.
2470 5750 2634 5807 67Isa.
2667 5765 2814 5805 xxw.
2844 5747 2943 5805 l-6.
3022 5747 3063 5778 ⁸⁸
3106 5743 3262 5799 llom.
3294 5737 3457 5800 v.5.
