3828 6216
391 342 489 401 151

990 338 1266 397 EUSEBll
1301 336 1784 394 CIESARIENSIS
1821 335 1970 393 OPP.
2012 337 2194 405 PARS
2231 337 2293 393 Il.
2332 367 2405 378 ——
2443 334 2942 413 APOLOGETICA.

3549 342 3654 402 I5“!

461 459 643 518 XLVI.
675 480 697 514 ι
720 461 1120 533 Relinquentur
1149 462 1402 523 civitates
1419 464 1670 526 desertae,
1690 471 1740 518 et
1771 462 1948 518 domu:

2144 463 2293 528 Μεῖν.
2371 480 2391 513 ι
2450 459 2989 531 Καταλειφθήσονται
3047 461 3227 526 πόλεις
3285 461 3502 533 ἔρημοι,
3560 467 3653 519 καὶ

388 569 513 627 qua:
542 554 743 609 relictae
780 552 1005 618 fuerint,
1051 554 1375 609 interibunt.
1410 552 1537 608 Haec
1568 553 1757 609 omnia
1806 558 1971 609 erunt

387 643 443 699 in
473 650 622 700 terra
644 643 701 698 in
736 643 917 699 medio
977 644 1256 714 gentium:
1281 645 1741 715 quemadmodum
1765 645 1811 700 si
1844 644 1968 715 quis

387 732 611 804 colligat
645 747 851 803 paucas
884 733 1105 798 baccas,
1164 750 1288 804 quae
1325 735 1381 790 in
1406 735 1550 790 oliva
1577 735 1964 800 remanserint,

386 826 470 885 sic
493 825 753 896 colligent
773 839 909 891 eos;
939 834 994 879 et
1033 826 1081 881 si
1109 825 1220 897 79
1246 828 1545 883 cessaverit
1591 826 1890 892 vindemia,
1910 826 1967 883 hi

387 933 520 974 voce
539 917 857 973 clamabunt
887 931 903 968 :
936 917 1030 987 qui
1060 926 1243 973 autem
1265 918 1442 973 relicti
1472 919 1679 973 fuerint
1705 919 1759 973 in
1793 927 1965 985 terra,

386 1011 719 1066 laetabuntur
750 1008 915 1065 simul
943 1024 1070 1071 eum
1101 1010 1273 1080 gloria
1288 1009 1506 1065 Domini
1534 1012 1602 1066 θ’.
1647 1032 1666 1065 ι
1705 1011 1806 1067 Hic
1826 1029 1967 1083 quo-

382 1117 489 1176 que
514 1102 616 1158 soli
640 1101 735 1173 qui
774 1099 950 1155 relicti
984 1100 1211 1166 fuerint,
1255 1102 1497 1173 gavisuri
1520 1103 1803 1169 dicuntur,
1836 1118 1963 1158 eum

382 1192 579 1264 reliqui
609 1206 801 1248 omnes
855 1190 965 1258 his,
995 1206 1119 1262 quae
1161 1193 1217 1248 in
1273 1194 1540 1251 vaticinio
1585 1194 1960 1263 continentur,

348 1288 351 1291 ⁷
382 1285 496 1340 sint
521 1282 795 1339 tradendi.

446 1374 658 1433 XLVII.
697 1394 716 1429 ι
751 1376 1182 1434 Coneuleabitur
1204 1390 1408 1432 corona
1433 1376 1797 1445 contumeliae,
1816 1391 1962 1433 mer-

377 1470 582 1525 cenarii
616 1468 874 1541 Epliraim
915 1488 929 1525 :
965 1481 1018 1525 et
1046 1469 1151 1524 erit
1183 1468 1305 1535 llos,
1336 1469 1431 1539 qui
1480 1467 1694 1524 decidet
1738 1469 1805 1524 de
1861 1483 1960 1541 spe

375 1560 564 1632 gloriae
594 1561 647 1615 in
682 1563 971 1617 cacumine
1015 1562 1222 1616 montis
1269 1560 1494 1627 excelsi,
1530 1561 1691 1631 quasi
1738 1575 1958 1632 praecox

377 1652 514 1708 ficus
552 1670 565 1707 :
597 1652 692 1722 qui
722 1652 862 1707 vidit
893 1668 1018 1708 eum
1069 1653 1390 1723 priusquam
1447 1652 1502 1706 in
1560 1666 1757 1721 manus
1809 1651 1959 1705 acci~

373 1744 509 1816 piat,
552 1746 715 1801 vellet
749 1760 875 1801 eum
918 1744 1204 1800 devorare.
1257 1743 1356 1799 Die
1408 1745 1501 1802 illa
1556 1743 1822 1799 Dominus
1852 1743 1958 1800 erit

2069 554 2119 611 οἱ
2174 548 2313 606 οἷκοι
2372 554 2421 605 oi
2471 550 3018 621 ἐγκαταλελειμμένοι
3072 551 3419 607 ἀπολοῦνται.
3466 554 3653 610 Ταῦτα

2070 644 2246 698 πάντα
2273 643 2424 697 ἔσται
2462 645 2519 696 ἐν
2551 646 2635 714 τῇ,
2653 645 2723 714 γῇ
2747 643 2806 695 ἐν
2836 641 2987 713 μέσῳ
3005 642 3114 696 τῶν
3144 642 3335 697 ἐθνῶν·
3363 644 3427 697 ὃν
3453 645 3655 717 τρόπον

2068 736 2164 790 ἐάν
2208 753 2293 800 τις
2337 735 2728 807 καλαμήσηται
2768 733 2975 800 ἐλαίαν,
3021 734 3196 799 οὕτως
3237 735 3653 807 καλαμησονται

2066 827 2295 891 αὐτούς’
2329 828 2425 881 καὶ
2468 827 2563 880 ἐὰν
2595 827 2871 899 παύσηται
2911 830 2941 882 6
2978 828 3269 899 τρυγητὸς,
3298 820 3449 883 οὗτοι
3492 833 3649 904 φωνῇ

2068 919 2427 995 φωνήσουσινο
2469 919 2518 991 οἱ
2550 914 2609 970 δὲ
2642 917 3097 987 καταλειφθέντες
3138 920 3231 971 ἐπὶ
3269 918 3367 989 τῆς
3403 918 3511 989 γῆς
3554 920 3652 973 εύ-

2072 1010 2472 1082 φρανθήσονται
2495 1011 2612 1082 ἃμα
2640 1014 2705 1082 τῇ
2734 1011 2862 1085 δόξῃ
2885 1013 3110 1083 Κυρίου.
3145 1029 3163 1062 ι
3197 1012 3306 1064 Καὶ
3339 1012 3575 1065 ἐνταῦθα
3596 1014 3653 1066 οι

2064 1098 2520 1167 καταλειφθέντες
2556 1099 2707 1171 μόνοι
2733 1098 3205 1170 εὐφρανθήσεσθαι
3242 1098 3515 1168 λέγονται,
3540 1100 3654 1155 τῶν

2063 1189 2264 1243 λοιπῶν
2315 1190 2573 1244 ἁπάντων
2630 1192 2745 1253 τοῖς
2806 1188 3219 1266 θεσπιζομένοις
3272 1190 3651 1262 παραδοθησο-

2066 1280 2260 1351 μένων.

2134 1372 2260 1425 MZ'.
2298 1373 2888 1443 (Katanamdﬁas'rat
2919 1372 2948 1425 ὁ
2979 1374 3240 1443 στέφανος
3279 1374 3379 1445 τῆς
3411 1373 3649 1445 ὕϐρεως,

2060 1467 2109 1519 ol
2144 1464 2403 1535 μισθωτοὶ
2428 1463 2524 1517 τοῦ
2571 1465 2842 1537 Ἐφραῑμο
2875 1466 2969 1519 καὶ
2998 1464 3151 1518 ἔσται
3181 1464 3242 1519 τὸ
3270 1465 3429 1529 ἄνθος
3466 1467 3528 1519 τὸ
3556 1469 3655 1521 ἐκ·

2059 1556 2224 1610 πεσὸν
2269 1556 2368 1627 τῆς
2418 1557 2633 1620 ἐλπίδος
2681 1557 2783 1627 τῆς
2830 1554 2994 1628 δόξης
3027 1559 3113 1611 ἐπ’
3160 1558 3330 1629 ἄκρου
3361 1557 3455 1612 τοῦ
3486 1560 3653 1630 ὅρους

2058 1647 2151 1701 τοῦ
2198 1648 2438 1721 ὑψηλοῦ,
2487 1648 2564 1714 ὡς
2619 1649 2929 1720 πρόδρομος
2984 1650 3190 1703 σύκου·
3237 1653 3266 1704 6
3315 1649 3439 1704 ἰδὼν
3490 1652 3650 1716 αὐτὸ,

2059 1741 2189 1813 πρὶν
2219 1740 2253 1811 ἥ
2290 1742 2370 1804 είς
2401 1741 2500 1813 τὴν
2530 1744 2689 1813 χεῖρα
2720 1741 2906 1795 λαϐεῖν
2949 1744 3103 1812 αὐτὸ,
3136 1742 3350 1815 θελήσει
3382 1746 3518 1800 αὐτὸ
3548 1764 3655 1802 κα·-

372 1812 580 1901 eorona
611 1837 750 1909 spei,
781 1844 1035 1907 contexta
1063 1837 1251 1908 gloriae
1280 1838 1354 1902 ei,
1402 1837 1496 1907 qui
1528 1837 1756 1894 relictus
1786 1837 1859 1892 sit
1886 1838 1948 1894 de

2070 1812 2295 1888 ταπιεῖν.
2337 1835 2415 1907 Τῇ
2445 1812 2631 1907 ἡμέρα
2655 1834 2841 1909 ἐκείνῃ
2873 1836 3076 1909 Κύριος
3122 1812 3276 1891 ἔσται
3313 1839 3342 1891 6
3383 1838 3651 1907 στέφανος

371 1929 574 1999 papulo
633 1927 811 1998 ipsius
850 1946 863 1983 :
899 1928 1280 2001 relinquentur
1321 1928 1467 1982 enim
1515 1928 1571 1982 in
1631 1929 1829 1997 spiritu
1859 1928 1953 1998 ju-

370 2017 524 2074 dicii.
551 2038 572 2077 ι
601 2017 780 2073 Etiam
808 2018 901 2074 hic
924 2019 995 2087 ei,
1023 2019 1115 2089 qui
1141 2020 1366 2089 relictus
1399 2020 1472 2075 sit
1495 2019 1562 2075 de
1588 2021 1810 2091 populo,
1843 2036 1953 2076 non

371 2111 647 2178 universae
670 2110 748 2173 illi
778 2110 946 2182 genti,
979 2110 1114 2168 solis
1163 2112 1353 2182 utique
1383 2112 1513 2177 illis,
1557 2113 1652 2183 qui
1684 2112 1949 2182 reliquia-

370 2216 495 2263 rum
525 2204 748 2259 nomine
779 2203 1179 2274 significantur,
1208 2202 1498 2266 Dominum
1518 2220 1780 2272 coronam
1811 2205 1949 2277 spei,

366 2299 425 2355 et
456 2292 643 2364 gloria:
672 2293 941 2360 futurum,
969 2294 1303 2348 vaticinatur
1339 2314 1352 2349 :
1402 2297 1539 2350 alios
1573 2312 1700 2352 vero
1750 2305 1952 2371 praeter

367 2386 557 2457 populi
580 2386 867 2457 reliquias,
894 2400 1155 2455 coronam
1179 2388 1548 2461 contumeliae,
1578 2397 1634 2445 et
1667 2404 1951 2450 mercena-

367 2475 484 2535 rius
514 2476 774 2548 Ephraim
802 2477 1072 2534 nominat.

435 2655 671 2727 XLVIII.
708 2675 727 2709 ι
764 2656 832 2732 Et
856 2665 1041 2722 erunt,
1071 2656 1167 2728 qui
1200 2655 1378 2713 relicti
1413 2654 1618 2722 fuerint
1650 2655 1709 2710 in
1732 2654 1943 2720 Judaaa,

364 2752 586 2809 mittent
615 2750 856 2807 radicem
892 2751 1176 2814 deorsum,
1206 2757 1261 2806 et
1296 2749 1501 2805 facient
1545 2748 1784 2805 fructum
1824 2765 1947 2815 sur-

363 2859 489 2917 sum
543 2844 804 2916 quoniam
855 2858 922 2898 ex
974 2841 1316 2899 Hierusalem
1365 2849 1552 2907 erunt,
1623 2842 1718 2913 qui
1769 2843 1946 2898 relicti

363 2937 588 3004 fuerint,
635 2945 690 2993 et
733 2936 826 3009 qui
874 2936 1013 2992 salvi
1062 2935 1230 2991 futuri
1278 2943 1410 2993 sunt
1438 2951 1505 2991 ex
1538 2944 1725 2994 monte
1759 2935 1889 2992 Sion
1926 2957 1940 2993 :

361 3029 640 3101 emulatio
664 3028 879 3084 Domini
912 3026 1155 3093 Sabaoth
1184 3027 1349 3084 faciet
1373 3028 1490 3084 haec
1516 3030 1560 3060 '“
1592 3048 1605 3083 :
1650 3047 1670 3093 ι
1706 3043 1824 3092 eos,
1848 3030 1942 3099 qui

362 3122 666 3183 secundum
698 3122 1020 3193 electionem
1051 3121 1241 3191 gratiae
1287 3121 1462 3176 relicti
1515 3120 1720 3176 fuerint
1749 3137 1817 3176 ex
1844 3121 1941 3191 Ju-

360 3215 605 3281 daaorum
628 3221 789 3285 gente
815 3214 1084 3271 missuros
1111 3213 1349 3279 radicem
1374 3214 1655 3282 deorsum,
1685 3223 1739 3269 et
1766 3214 1945 3269 factu—

360 3321 455 3362 ros
486 3321 671 3361 semen
700 3322 921 3361 sursum
952 3306 1307 3360 vaticinatur.
1356 3304 1458 3360 Ubi
1493 3306 1945 3373 manifestissime

360 3397 740 3469 apostolorum
770 3405 825 3453 et
866 3398 1264 3467 discipulorum
1299 3397 1600 3455 Salvatoris
1627 3401 1804 3457 nostri
1834 3401 1947 3456 ele-

360 3489 603 3557 ctionem
640 3489 933 3565 significat.
966 3488 1252 3559 Siquidem
1276 3490 1355 3555 hi,
1385 3507 1453 3546 ex
1485 3492 1554 3547 iis
1599 3492 1691 3563 qui
1736 3497 1804 3548 ad
1836 3494 1947 3549 eir-

361 3578 758 3639 cumcisionem
789 3578 1085 3649 pertinent,
1115 3578 1316 3645 relicti,
1354 3579 1612 3635 deorsum
1643 3581 1700 3637 in
1737 3588 1943 3645 terram

360 3670 626 3728 doctrinae
672 3686 787 3728 sua:
835 3671 1053 3727 radices
1102 3671 1394 3736 miserunt,
1435 3671 1573 3726 adeo
1605 3671 1848 3741 quidem,
1883 3680 1945 3726 ut

359 3762 454 3821 ila
486 3763 605 3833 ipsa
642 3764 960 3819 eorumdem
988 3763 1239 3818 doctrina
1271 3762 1435 3823 inﬁxa
1465 3763 1559 3827 sit,
1588 3770 1643 3817 et
1663 3763 1944 3829 radicibus

362 3852 577 3924 firmata
601 3869 699 3925 per
728 3861 902 3908 totum
931 3863 1207 3929 terrarum
1235 3854 1427 3908 orbem
1451 3871 1465 3908 :
1504 3869 1725 3909 sursum
1759 3862 1942 3909 autem

358 3946 505 4002 ferre
555 3960 744 4002 semen
792 3954 847 4000 et
877 3946 1119 4000 fructum
1152 3946 1219 4001 ad
1253 3946 1525 4016 promissa
1564 3947 1812 4002 coelestia
1841 3961 1942 4001 ex-

358 4039 564 4108 hortati
592 4046 743 4098 sunt.
791 4037 860 4093 Hi
902 4054 1031 4094 vero
1082 4040 1187 4111 ipsi
1218 4040 1287 4095 de
1317 4047 1477 4112 gente
1506 4039 1821 4096 Iudaeorum
1853 4056 1941 4096 re-

357 4132 497 4198 licti,
555 4116 770 4207 eteteris
804 4133 1185 4202 pereuntibus,
1247 4133 1350 4188 soli
1401 4133 1610 4189 servari
1653 4134 1938 4188 dicuntur.

354 4223 484 4283 lla'c
525 4233 706 4281 autem
747 4226 954 4291 omnia,
999 4227 1275 4282 aemulatio
1328 4225 1540 4281 Domini
1600 4226 1746 4281 fecit.
1805 4226 1940 4281 Nam

354 4317 633 4372 aemulatio
683 4315 922 4382 Domini,
956 4334 1079 4388 quae
1127 4318 1227 4372 hos
1279 4319 1346 4372 ad
1404 4318 1815 4388 provqcandum
1846 4334 1942 4374 eos

357 4409 576 4479 impios,
608 4410 702 4480 qui
734 4410 790 4465 in
812 4410 1235 4465 circumcisione
1258 4420 1581 4473 manserunt
1607 4412 1789 4481 elegit,
1816 4411 1941 4465 illos

2061 1924 2160 1995 τῆς
2191 1908 2424 1990 ἐλπίδος,
2451 1928 2481 1979 6
2518 1924 2747 1991 πλακεὶς
2780 1908 2880 1997 τῆς
2918 1908 3077 1998 δόξης
3106 1928 3184 2000 τῷ
3225 1929 3649 1998 καταλειφθέντι

2059 2016 2153 2070 τοῦ
2184 2016 2315 2071 λαοῦ
2362 2016 2550 2072 αὐτοῦ·
2586 2018 3113 2090 καταλειφθήσονται
3142 2019 3249 2092 γὰρ
3282 2022 3339 2074 ἐν
3374 2020 3653 2090 πνεύματι

2061 2109 2310 2180 κρίσεως.
2358 2130 2378 2163 ι
2406 2110 2516 2164 Καὶ
2547 2109 2779 2165 ἐνταῦθα
2808 2109 2887 2181 τῷ
2926 2111 3337 2180 καταλειφθέντι
3365 2112 3458 2165 τοῦ
3488 2112 3650 2177 λαοῦ,

2058 2202 2178 2272 ούχὶ
2205 2202 2263 2255 δὲ
2295 2203 2460 2257 παντὶ
2488 2203 2568 2275 τῷ
2598 2203 2742 2257 ἔθνει
2778 2204 2978 2269 αὐτῶν,
3011 2203 3151 2259 ἀλλά
3190 2205 3372 2276 μόνοις
3398 2208 3513 2268 τοίς
3556 2205 3651 2258 διὰ

2057 2292 2151 2345 τοῦ
2193 2292 2639 2365 καωλείμματος
2682 2295 3127 2366 σημαινομένοις,
3156 2296 3250 2349 τὸν
3275 2297 3479 2368 Κυριον
3520 2297 3651 2364 me,

2057 2398 2225 2452 φανον
2270 2383 2489 2439 ἔσεσθαι
2535 2384 2750 2449 ἐλπίδος
2792 2387 2887 2440 καὶ
2930 2385 3091 2458 δόξης
3138 2387 3488 2459 προφητεύει,
3518 2389 3653 2450 τοὺς

2057 2471 2252 2540 ἄλλους
2307 2476 2463 2550 παρά
2516 2475 2576 2531 τὸ
2630 2478 2980 2550 κατάλειμμα
3032 2479 3125 2532 τοῦ
3186 2479 3316 2533 λαοῦ
3381 2479 3649 2549 στέφανον

2057 2565 2267 2648 ὕϐρεως
2295 2573 2390 2623 καὶ
2419 2570 2724 2641 μισθωτοὺς
2753 2571 2849 2625 τοῦ
2894 2571 3135 2644 Ἐφραῒμ
3159 2572 3461 2644 ὀνομάζων.

2124 2661 2263 2714 MH'.
2312 2678 2332 2713 ι
2370 2661 2480 2715 Καὶ
2512 2661 2725 2716 ἔσονται
2768 2664 2817 2717 οί
2866 2664 3423 2737 ἐγκαταλελειμμένοι
3470 2669 3529 2720 ἐν
3575 2672 3645 2738 τῇ

2067 2753 2320 2825 Ἰουδαίᾳ,
2344 2755 2609 2824 φυήσουσι
2629 2754 2785 2827 ῥίζαν
2808 2755 2979 2821 κάτω,
2999 2757 3094 2810 καὶ
3117 2759 3399 2829 ποιήσουσι
3418 2760 3648 2832 σπέρμα

2052 2846 2184 2911 ἄνω,
2234 2847 2318 2899 ὅτι
2364 2846 2425 2911 ἐξ
2479 2847 2840 2919 Ἰερουσαλὴμ
2886 2847 3101 2904 ἔσονται
3142 2850 3194 2903 οί
3241 2850 3536 2923 σωζόμενοι
3583 2849 3649 2919 ἐξ

2051 2935 2210 3007 ὄρους
2232 2935 2390 2990 Σιών.
2423 2937 2483 2989 Ὀ
2504 2937 2663 3008 ζῆλος
2686 2938 2892 3010 Κυρίου
2914 2938 3142 3010 Σαϐαὼθ
3168 2940 3384 3011 ποιήσει
3406 2940 3602 2994 ταῦτα.
3616 2960 3638 2993 ι

2052 3027 2190 3092 Τοὺς
2234 3029 2353 3081 κατ’
2395 3028 2625 3100 ἐκλογὴν
2672 3032 2896 3100 χάριτος
2944 3031 3403 3102 καταλειφθέντας
3447 3035 3510 3086 ἐκ
3544 3033 3643 3088 τοῖν

2062 3121 2331 3179 Ἰουδαίων
2364 3122 2551 3187 ἔθνους
2582 3125 2808 3195 φυήσειν
2845 3124 3000 3196 ῥίζαν
3032 3126 3203 3188 κάτω,
3248 3127 3342 3178 καὶ
3389 3128 3645 3197 ποιήσειν

2048 3213 2269 3285 σπέρμα
2300 3213 2413 3271 ἄνω
2449 3213 2814 3285 προφητεύει,
2864 3214 3178 3291 σαφέστατα
3210 3215 3308 3286 τὴν
3358 3215 3466 3269 τῶν
3499 3217 3644 3270 ἁπο-

2050 3305 2253 3361 στόλων
2285 3307 2381 3360 καὶ
2409 3306 2669 3377 μαθητῶν
2693 3306 2786 3361 τοῦ
2814 3308 3066 3385 Σωτῆρος
3097 3310 3130 3379 ή
3140 3309 3255 3379 μῶν
3282 3308 3511 3380 ἐκλογὴν
3545 3328 3647 3364 πα-

2049 3398 2260 3470 ριστάς.
2297 3394 2457 3453 Οὗτοι
2485 3399 2616 3471 γὰρ,
2653 3399 2762 3453 ἀπὸ
2801 3399 2911 3454 τῶν
2953 3401 3019 3454 ἐκ
3054 3402 3355 3473 περιτομῆς
3381 3404 3643 3458 καταλει-

2047 3490 2296 3561 φθέντες,
2333 3493 2484 3545 κάτω
2512 3493 2610 3563 μὲν
2634 3494 2714 3556 είς
2741 3494 2843 3564 γῆν
2868 3494 2967 3557 τὰς
2995 3494 3152 3564 ῥίζας
3174 3495 3273 3567 τῆς
3291 3495 3643 3561 διδασκαλίας

2046 3581 2223 3636 αὐτῶν
2255 3583 2602 3649 κατέϐαλλον,
2634 3585 2710 3649 ὡς
2741 3586 3076 3656 ἐμπαγῆναι,
3116 3586 3210 3640 καὶ
3247 3586 3474 3657 ῥιζῶσαι
3510 3588 3641 3641 καθ’

2044 3673 2173 3744 ὅλης
2207 3674 2310 3745 τῆς
2349 3676 2675 3747 οἰκουμένης
2715 3676 2815 3747 τὴν
2844 3676 3064 3748 διδαχὴν
3101 3677 3281 3730 αὐτῶν
3303 3696 3314 3715 ν
3348 3678 3463 3732 ἄνω
3489 3680 3551 3755 δὲ
3580 3681 3644 3733 τὸ

2046 3766 2268 3837 σπέρμα
2299 3767 2394 3820 καὶ
2435 3767 2525 3822 τὸν
2569 3769 2782 3841 καρπὸν
2825 3768 3088 3839 φέρεσθαι
3127 3771 3207 3847 είς
3254 3768 3355 3832 τὰς
3399 3771 3642 3843 ἐπουρε-

2044 3857 2189 3921 νίους
2222 3860 2555 3928 ἐπαγγελίας
2604 3862 3094 3933 παρεκελεύσαντο.
3128 3864 3189 3916 Οἱ
3232 3863 3277 3916 δ’
3309 3864 3464 3917 αὐτοὶ
3492 3860 3643 3919 οὗτοι

2045 3952 2109 4002 ἐκ
2154 3950 2248 4004 τοῦ
2311 3952 2580 4006 Ἰουδαίων
2614 3953 2800 4016 ἔθνους
2833 3952 3340 4025 καταλελειμμένοι,
3375 3954 3484 4008 τῶν
3528 3955 3645 4008 λοι-

2045 4041 2162 4093 πῶν
2195 4040 2603 4113 ἀπολλυμένων,
2642 4044 2793 4114 μόνοι
2818 4042 3117 4115 σωζόμενοι
3147 4044 3416 4113 λέγονται.
3451 4045 3643 4099 Ταῦτα

2044 4132 2100 4185 δὲ
2138 4132 2315 4187 πάντα
2345 4133 2372 4187 6
2410 4133 2572 4204 ζῆλος
2613 4135 2820 4207 Κυρίου
2855 4135 3131 4207 ἐποίησεν.
3167 4137 3263 4199 Εἰς
3290 4134 3399 4207 γὰρ
3435 4136 3498 4188 τὸ
3532 4155 3643 4189 πα-

2046 4225 2357 4297 ραζηλῶσαι
2388 4229 2513 4291 τοὺς
2544 4227 2762 4290 ἀσεϐεῖς
2803 4228 2913 4283 τῶν
2947 4229 3013 4281 ἐκ
3042 4228 3367 4300 περιτομῆς,
3410 4229 3642 4297 ἐκλεξά-

2048 4333 2207 4385 μενος
2247 4319 2276 4371 6
2309 4315 2467 4389 ζῆλος
2499 4318 2708 4389 Κυρίου
2757 4319 3007 4386 τούτους,
3054 4320 3438 4393 παρεζήλωσεν
3484 4322 3640 4375 ὲκεί-

2043 4425 2166 4472 νους
2185 4427 2197 4439 ·
2247 4409 2388 4463 κατά
2430 4411 2493 4464 τὸ
2535 4411 2685 4483 παρά
2712 4413 2904 4465 Μωσεῖ
2934 4412 3222 4482 λεγόμενον
3242 4430 3255 4444 °
3281 4434 3299 4464 ι
3333 4415 3499 4468 Arb-:01
3526 4431 3641 4470 πα-

356 4503 695 4583 provoeavit,
727 4510 886 4565 utest
909 4501 1041 4556 illud
1069 4500 1214 4571 apud
1234 4499 1471 4572 Moysem
1500 4504 1711 4557 dictum
1736 4522 1749 4557 ε
1784 4523 1803 4554 ι
1838 4504 1942 4574 ipsi

2070 4501 2360 4573 ›εζήλωσάν
2384 4521 2450 4575 με
2470 4504 2557 4556 ἐπ’
2589 4504 2650 4557 οὐ
2676 4504 2814 4575 Θεῷ,
2845 4502 3003 4572 κάγὼ
3030 4505 3409 4577 παραζηλώσω
3431 4509 3637 4574 αὐτοὺς

354 4604 444 4644 me
467 4602 907 4663 provocaverunt
939 4594 995 4647 in
1024 4608 1113 4660 eo,
1146 4593 1239 4663 qui
1282 4609 1393 4649 non
1423 4603 1509 4650 est
1539 4595 1688 4653 licus
1721 4604 1815 4675 {et
1836 4612 1937 4665 ego

2044 4596 2132 4647 ἐπ’
2157 4595 2256 4647 οὐκ
2286 4595 2427 4649 ἔθνει
2452 4614 2465 4627 ’
2499 4597 2585 4649 ἐπ’
2616 4595 2757 4650 ἔθνει
2779 4596 3023 4667 ἀσυνέτῳ
3050 4598 3333 4669 παροργιῶ
3361 4600 3585 4665 αὐτούς.
3610 4622 3633 4654 ι

354 4684 665 4757 provocabo
718 4699 816 4749 eos
873 4685 928 4739 in
983 4699 1070 4752 ea,
1105 4700 1229 4755 quae
1269 4702 1377 4740 non
1425 4695 1511 4741 est
1538 4703 1672 4759 gens
1708 4708 1721 4743 :
1759 4687 1814 4742 in
1848 4697 2008 4759 gente
2041 4690 2208 4755 stulta
2248 4689 2475 4743 irritabo
2499 4703 2596 4744 eos
2618 4690 2686 4742 ⁷⁸.
2721 4708 2741 4741 ›

426 4772 612 4829 XLIX.
646 4792 666 4826 ι
707 4773 801 4830 Sic
820 4775 954 4831 dicit
984 4774 1249 4831 Dominus
1279 4794 1293 4831 :
1328 4774 1802 4843 Quemadmodum
1828 4780 1941 4851 80

354 4865 665 4922 invenietur
701 4865 895 4924 acinus
919 4866 974 4920 in
997 4880 1241 4931 racemo,
1264 4876 1333 4938 et
1371 4869 1579 4934 dicent,
1611 4887 1681 4927 ne
1702 4871 1939 4943 dissipa-

352 4956 502 5012 veris
528 4972 651 5011 eum
676 4998 692 5024 ,
751 4958 1009 5028 quoniam
1042 4957 1356 5017 benedictio
1391 4960 1607 5034 Domini
1644 4970 1729 5019 est
1760 4965 1815 5018 in
1845 4981 1934 5028 eo,

352 5047 437 5105 sic
468 5048 665 5103 faciam
699 5056 923 5119 propter
949 5065 1097 5125 eum,
1150 5051 1244 5125 qui
1298 5056 1469 5109 servit
1515 5055 1649 5110 mihi
1697 5074 1710 5109 :
1774 5056 1938 5127 hujus

350 5156 522 5200 causa
548 5158 656 5198 non
682 5145 908 5214 perdam
941 5160 1137 5205 omnes
1166 5166 1177 5205 :
1208 5154 1263 5203 et
1297 5146 1527 5202 educam
1563 5163 1632 5202 ex
1654 5146 1826 5203 .laeob
1848 5164 1937 5204 se-

350 5248 499 5294 men.
524 5241 578 5288 et
606 5250 672 5288 ex
713 5233 855 5290 Juda
888 5255 900 5291 :
940 5244 995 5291 et
1036 5238 1379 5297 hmreditabit
1417 5248 1655 5294 montem
1686 5247 1938 5294 sanctum

351 5337 557 5389 meum.
599 5334 655 5378 et
686 5327 1083 5385 haereditahunt
1111 5329 1272 5383 electi
1316 5331 1420 5385 mei
1453 5338 1507 5385 et
1539 5329 1684 5384 servi
1719 5330 1849 5396 mei,
1886 5337 1940 5384 et

351 5411 680 5471 habitahunt
711 5417 841 5472 illic.
878 5417 947 5474 Et
974 5419 1079 5475 erit
1122 5421 1178 5476 in
1209 5422 1344 5478 silva
1375 5422 1654 5478 stabulum
1690 5436 1936 5492 gregum,

350 5508 408 5557 et
430 5504 590 5560 vallis
621 5507 803 5563 Aehor
850 5508 906 5564 in
956 5514 1203 5582 requiem
1234 5522 1605 5568 armentorum
1637 5513 1803 5568 boum
1840 5528 1938 5584 po-

351 5597 483 5667 pqu
516 5612 659 5663 meo,
689 5599 785 5671 qui
819 5602 1236 5673 exquisiverunt
1282 5619 1389 5659 me.
1452 5604 1562 5661 Vos
1592 5615 1799 5671 autem,
1834 5606 1931 5676 qui

2118 4780 2250 4834 ΜΘ.
2285 4800 2303 4831 ι
2341 4779 2527 4843 Οὕτως
2549 4779 2694 4849 λέγει
2725 4780 2946 4852 Κύριος·
2981 4783 3077 4836 Ὃν
3108 4784 3308 4855 τρόπον
3336 4783 3635 4857 εὑρήσεται

2047 4874 2075 4925 6
2110 4872 2218 4943 ῥὼξ
2247 4874 2306 4925 ἐν
2334 4872 2411 4943 τῷ
2441 4872 2646 4944 βότρυϊ,
2671 4873 2763 4926 καὶ⁸
2795 4872 3013 4944 ἐροῦσιν
3031 4891 3044 4904 ’
3083 4875 3175 4947 Μὴ
3203 4876 3417 4948 λυμήνῃ
3443 4878 3632 4944 αὑτὸν,

2045 4965 2128 5025 ὅτι
2163 4963 2378 5035 εὐλογία
2422 4964 2630 5036 Κυρίου
2670 4965 2822 5019 ἐστὶν
2869 4967 2928 5019 ἐν
2972 4966 3152 5037 αὐτῷ·
3195 4967 3368 5032 οὕτως
3420 4972 3634 5042 ποιήσω

2047 5057 2236 5111 ἕνεκεν
2271 5055 2364 5111 τοῦ
2418 5056 2759 5121 δουλεύοντάς
2809 5075 2928 5127 μοι·
2978 5058 3170 5113 τούτου
3221 5059 3408 5114 ἕνεκεν
3455 5062 3518 5115 οὐ
3553 5063 3634 5135 μὴ

2046 5150 2296 5205 ἀπολέσω
2339 5149 2574 5213 πάντας·
2620 5150 2715 5203 καὶ
2754 5147 2928 5214 ἐξάξω
2964 5151 3025 5205 τὸ
3049 5150 3109 5218 ἐξ
3147 5151 3342 5205 Ἰακὼϐ
3388 5157 3630 5226 σπέρμα,

2045 5244 2138 5297 καὶ
2170 5242 2233 5295 τὸ
2263 5240 2321 5308 ἐξ
2359 5241 2548 5295 Ἰούδαο
2584 5243 2676 5295 καὶ
2713 5244 3114 5316 κληρονομήσει
3138 5244 3198 5297 τὸ
3230 5244 3355 5317 ὅρος
3381 5245 3441 5300 τὺ
3475 5247 3634 5316 ἅγιόν

2045 5351 2147 5404 μου
2170 5351 2184 5363 ο
2223 5333 2316 5388 καὶ
2358 5333 2858 5406 κληρονομήσουσιν
2899 5337 2950 5388 οἱ
2990 5334 3236 5389 ἐκλεκτοί
3286 5355 3390 5407 μου
3437 5338 3534 5392 καὶ
3578 5342 3634 5393 οἱ

2040 5422 2215 5476 δοῦλοί
2245 5441 2367 5495 μου,
2404 5424 2498 5477 καὶ
2530 5426 2949 5495 κατοικήσουσιν
2971 5427 3105 5479 ἐκεῖ.
3136 5427 3247 5479 Καὶ
3280 5426 3435 5481 ἔσται
3458 5430 3517 5482 ἐν
3548 5429 3633 5501 τῷ

2041 5513 2233 5586 δρυμῷ
2280 5513 2504 5578 ἔπαυλις
2554 5516 2852 5585 ποιμνίων,
2902 5518 2995 5570 καὶ
3046 5517 3265 5590 φάραγξ
3318 5518 3500 5592 ’Λχὼρ
3546 5524 3633 5586 είς

2042 5606 2344 5667 ἀνάπαυσιν
2387 5606 2679 5675 βουκολίων
2709 5607 2787 5678 τῷ
2818 5607 2931 5679 λαῷ
2976 5624 3097 5679 μου,
3133 5610 3181 5663 οἳ
3221 5609 3494 5681 ἐζήτησάν
3535 5629 3627 5682 με.

422 5752 467 5793 ⁴⁹
495 5751 600 5815 Isa.
626 5770 773 5812 xxw.
805 5756 989 5814 {0-14.
1065 5759 1111 5792 "°
1136 5757 1235 5815 lsa.
1271 5776 1460 5819 xxvxu.
1491 5760 1598 5819 3-6.
1678 5762 1721 5796 ⁷⁸
1754 5760 1857 5844 lsa.
1893 5777 1948 5816 υ

2070 5777 2099 5821 ι,
2127 5760 2311 5824 Ξιῶἓ.
2391 5763 2436 5793 ⁷’
2467 5758 2622 5818 Deut.
2653 5779 2824 5823 XXXII,
2858 5763 2949 5822 21.
