3828 6216
113 367 213 423 153

1007 347 1666 409 DEMONSTRATIONIS
1700 341 2161 401 EVANGELICAS
2200 338 2328 394 LIB.
2368 336 2432 392 Il.

3270 328 3371 384 ιει

119 483 313 554 Ὑμεῖς
337 481 396 535 δέ
424 481 474 535 οἱ
504 476 964 548 ἐγκαταλιπόντες
993 488 1059 542 με
1092 471 1187 524 καὶ
1212 466 1695 537 ἐπιλανθανόμενοι

1830 460 2103 531 eliquistis
2133 473 2242 521 me,
2280 462 2337 511 et
2382 449 2771 509 obliviscimini
2815 453 3056 504 montem
3121 454 3373 504 sanctum

111 575 169 629 τὸ
194 575 323 644 ὅρος
344 572 406 625 τὸ
432 571 587 641 άγιόν
624 585 747 641 μου,
778 568 873 620 καὶ
901 565 1280 636 ἑτοιμάζοντες
1302 565 1369 633 τῇ
1399 560 1536 632 τύχῃ
1565 560 1699 631 τρά-

113 640 318 730 πεζαν,
365 663 461 717 καὶ
485 640 840 732 πληροῦντες
881 655 960 727 τῷ
1003 655 1218 724 δαίμονι
1264 652 1543 723 κέρασμα,
1585 649 1698 718 ἐγὼ

1828 644 1949 699 ιιοηί
1998 643 2254 713 poculum
2289 640 2511 694 mistum
2559 653 2573 689 :

112 756 427 830 παραδώσω
452 755 599 827 ὑμᾶς
630 755 713 816 είς
745 752 1037 823 μάχαιραν.
1063 747 1272 810 Πάντες
1300 747 1359 798 ἐν
1386 745 1567 813 σιραγῇ
1601 758 1700 793 πε-

116 848 300 905 σεῖσθε
318 866 333 879 ·
363 848 448 901 δτι
492 845 727 899 ἐκάλεσα
751 843 915 913 ὑμᾶς,
945 841 1041 894 καὶ
1069 839 1166 909 οὐχ
1195 836 1566 909 ὑπηκούσατε,
1607 834 1703 887 καὶ

115 942 415 1012 ἐποιήσατε
464 939 526 992 τὸ
580 936 816 1005 πονηρὸν
876 932 1120 987 ἐναντίον
1175 929 1333 999 ἐμοῦ,
1383 929 1477 981 καὶ
1524 925 1561 979 ἃ
1602 926 1704 977 οὑκ

115 1033 421 1103 ἐϐουλόμην
460 1026 798 1096 ἐξελέξασθε.
845 1045 862 1077 ι
898 1022 1096 1077 Διελὼν
1121 1022 1214 1076 καὶ
1253 1022 1310 1073 ἐν
1336 1018 1547 1081 τούτοις
1570 1018 1599 1070 6
1620 1015 1706 1068 λό-

114 1142 234 1195 γος,
270 1123 446 1195 βραχὺ
483 1119 581 1190 μέν
613 1119 665 1172 τί
696 1134 826 1188 φησι
856 1116 1077 1187 σπέρμα
1101 1113 1160 1180 ἐξ
1193 1111 1391 1166 Ἰακὼϐ
1418 1107 1706 1175 τεύξεσθαι

115 1217 228 1270 τῶν
269 1212 731 1284 ἐπηγγελμένων*
766 1207 1056 1270 ἐκλεκτούς
1096 1223 1153 1259 τε
1190 1201 1330 1258 εἶναι
1359 1204 1485 1265 τοὺς
1528 1217 1709 1255 κατοι-

118 1311 402 1379 κήσαντας
438 1307 497 1359 ἐν
521 1304 600 1374 τῷ
627 1300 847 1374 δρυμῷ·
874 1300 1048 1362 οὕτως
1072 1295 1355 1368 ὀνομάζων
1386 1294 1484 1363 τὴν
1513 1292 1709 1361 κλῆσιν

116 1401 227 1456 τῶν
258 1399 451 1463 ἐθνῶν,
483 1390 602 1469 ἐνῇ
636 1397 685 1448 οἱ
715 1393 959 1446 ἐκλεκτοὶ
992 1391 1085 1444 τοῦ
1120 1388 1348 1461 Κυρίου,
1381 1386 1474 1439 καὶ
1509 1384 1571 1437 τὸ
1606 1384 1712 1435 Ἰα-

118 1493 237 1549 κὼϐ
264 1491 506 1562 σπέρμα,
538 1483 649 1541 εἷεν
678 1485 722 1539 δ’
757 1484 831 1556 (I)
858 1483 924 1537 ἂν
952 1485 1000 1536 οί
1027 1480 1314 1535 ἀπόστολοι
1342 1479 1437 1531 καὶ
1474 1474 1713 1547 μαθηταὶ

119 1583 215 1638 τοῦ
240 1583 495 1653 Σωτῆρος
527 1577 689 1650 ἡμῶν
708 1595 721 1608 ·
750 1575 875 1629 οἱδέ
900 1574 1078 1627 λοιποὶ
1100 1572 1301 1634 πάντες
1326 1569 1478 1641 παρὰ
1495 1567 1715 1629 τούτους

117 1680 244 1739 ταῖς
280 1673 644 1746 δηλουμέναις
681 1668 931 1730 ἀπειλαῖς
966 1663 1395 1733 ὑποϐέϐληνται·
1434 1660 1716 1733 μονονουχὶ

117 1767 215 1824 τοῦ
239 1767 404 1835 λόγου
428 1762 744 1834 γυμνότατα
770 1757 1164 1832 παριστῶντος,
1200 1754 1275 1827 μὴ
1304 1755 1380 1818 ὡς
1406 1753 1595 1822 ἔτυχεν
1624 1751 1717 1804 ἐπὶ

120 1861 235 1913 πᾶν
264 1858 331 1911 τὸ
374 1855 646 1910 Ἰουδαίων
668 1836 826 1915 ἔθνος
865 1849 1096 1920 φθάσειν
1130 1847 1230 1910 τὰς
1260 1845 1357 1899 τοῦ
1383 1843 1518 1898 Θεοῦ
1544 1846 1717 1911 ἐπαγ-

118 1952 335 2022 γελίας,
398 1950 512 2004 ἀλλ’
551 1948 646 2001 ἐπὶ
708 1947 867 2016 μόνον
927 1943 990 1997 τὸ
1026 1940 1414 2013 ὠνομασμένον
1465 1939 1709 2010 σπέρμα.

122 2045 221 2099 καὶ
255 2043 387 2106 τοὺς
416 2039 879 2111 ἐπικαλουμένους
911 2036 1207 2097 ἐκλεκτοὺς»
1224 2032 1318 2087 τοῦ
1352 2029 1518 2086 Θεοῦ·
1552 2049 1572 2082 r
1598 2031 1720 2084 ἐπεὶ

124 2135 317 2189 πολλοὶ
356 2132 566 2204 κλητοὶ,
613 2130 785 2200 ὀλίγοι
826 2128 885 2182 δέ
928 2126 1194 2181 ἐκλεκτοί.
1230 2143 1249 2177 ι
1280 2123 1503 2187 Τούτοις
1538 2122 1596 2177 δὲ
1626 2123 1722 2176 καὶ

119 2229 222 2282 νῦν
248 2227 425 2296 δνομα
464 2224 648 2278 καινὸν
688 2218 1105 2292 ἐπιτεθήσεσθαι
1142 2216 1271 2289 ἑξῆς
1304 2219 1332 2270 6
1354 2215 1512 2284 λόγος
1533 2213 1723 2268 θεσπί-

120 2319 231 2385 ζει,
268 2318 500 2386 φάσκων
536 2315 677 2387 πρὸς
705 2314 832 2375 τοὺς
860 2309 1115 2385 ιάσεϐεῐς·
1149 2327 1169 2359 ι
1206 2304 1722 2376 Καταλειφθήσεται

119 2409 235 2483 γὰρ
277 2409 344 2462 τὸ
380 2408 553 2478 ὄνομα
600 2403 757 2476 ὑμῶν
802 2404 882 2466 εἰς
928 2398 1248 2472 πλησμονὴν
1283 2399 1400 2460 τοῖς
1446 2395 1724 2458 ἐκλεκτοῖς

124 2519 263 2575 μου·
298 2501 449 2572 ὑμᾶς
470 2499 515 2552 δ’
548 2497 728 2551 ἀνελεῖ
754 2494 958 2566 Κύριος
979 2511 993 2524 ·
1024 2494 1139 2555 τοῖς
1163 2491 1221 2544 δέ
1253 2488 1600 2543 δουλεύσουσί
1632 2504 1723 2555 μοι

122 2594 470 2666 κληθήσεται
493 2590 666 2661 ὄνομα
695 2587 901 2642 καινόν.
943 2604 963 2637 ›
999 2584 1074 2637 Τὸ
1101 2583 1167 2655 δὴ
1196 2579 1289 2637 οῦν
1314 2581 1486 2653 ὄνομα
1512 2581 1720 2640 καινὸν,

122 2689 153 2753 ὖ
182 2687 261 2759 μὴ
293 2684 449 2759 παρὰ
477 2686 592 2746 τοῖς
614 2680 865 2743 παλαιοῖς
896 2678 1156 2747 ἔγνωστο,
1195 2676 1349 2728 ποῖον
1377 2674 1443 2727 ἂν
1477 2674 1561 2745 εἴη
1604 2674 1638 2743 ἢ
1664 2673 1726 2726 τὸ

123 2779 238 2835 ἀπὺ
267 2779 374 2849 τῆς
401 2776 499 2831 τοῦ
528 2774 781 2845 Σωτῆρος
810 2771 972 2843 ἡμῶν
1012 2765 1187 2839 Ἰησοῦ
1211 2767 1307 2821 τοῦ
1332 2765 1573 2839 Χριστοῦ
1602 2784 1729 2838 προ-

126 2869 422 2940 σωνυμίας
469 2866 592 2921 καθ’
645 2865 775 2937 ὅλης
826 2863 929 2935 τῆς
981 2860 1311 2932 οἰκουμένης
1363 2858 1726 2930 εὑλογημένον

125 2960 483 3035 Χριστιανῶν
513 2959 685 3029 ὖνομα
709 2973 723 3021 ;

564 3131 649 3184 N’.
694 3127 837 3184 Ἀπὸ
877 3126 986 3182 τοῦ
1013 3125 1296 3195 Μιχαίου.

208 3244 234 3279 α
267 3225 386 3278 Καὶ
412 3224 566 3278 ἔσται
592 3223 658 3276 ἐκ
694 3221 796 3292 τῆς
832 3218 1095 3288 σταγόνος
1120 3215 1217 3270 τοῦ
1251 3214 1383 3270 λαοῦ
1408 3213 1603 3268 τούτου
1645 3228 1732 3263 συ-

131 3315 477 3384 ναγόμενος·
514 3310 915 3382 συναχθήσεται
980 3305 1174 3362 Ἰακὼϐ
1224 3306 1323 3359 σὺν
1376 3304 1563 3358 πᾶσιν.
1617 3300 1733 3354 Ἐκο

129 3406 431 3476 δεχόμενος
470 3402 763 3473 ἐκδέξομαι
789 3401 921 3463 τοὺς
952 3397 1315 3460 καταλοίπους
1342 3394 1436 3449 τοῦ
1477 3392 1725 3466 Ἰσραήλ·

130 3499 231 3552 ἐπὶ
250 3498 319 3551 τὸ
342 3497 479 3551 αὐτὸ
510 3496 752 3567 θήσομαι
778 3492 877 3564 τὴν
900 3489 1255 3564 ἀποστροφὴν
1289 3486 1488 3543 αὑτῶν.
1533 3505 1553 3538 ι
1589 3486 1734 3555 Συμ-

133 3590 337 3659 φώνως
361 3593 481 3654 τοῖς
514 3586 920 3660 προεκτεθείσιν
960 3586 1025 3637 ἐκ
1054 3581 1150 3635 τοῦ
1196 3580 1418 3635 Ἡσαΐου
1450 3579 1544 3631 καὶ
1574 3579 1602 3631 6
1626 3578 1733 3630 Μι-

132 3679 303 3749 χαίας
336 3674 660 3744 ἐκδέξασθαι
697 3674 788 3729 τὸν
816 3673 949 3727 Θεὸν
990 3672 1089 3742 οὑχ
1123 3669 1309 3732 ἁπλῶς
1334 3668 1562 3730 πάντας,
1596 3666 1734 3721 ἀλλὰ

139 3772 342 3842 μόνους
380 3767 513 3831 τοῦς
541 3766 906 3828 καταλοίπους
939 3762 1219 3834 ὀνομάζει.
1253 3761 1466 3831 Ὥσπερ
1491 3759 1549 3812 δὲ
1581 3756 1734 3829 παρὰ

133 3861 218 3934 τῷ
260 3861 467 3932 Ἡσαΐᾳ.
507 3859 730 3930 σπέρμα
762 3855 1076 3928 ὠνομάζετο
1102 3854 1164 3907 τὸ
1196 3850 1257 3916 ἐξ
1294 3850 1472 3905 αὐτῶν
1503 3849 1730 3920 λεῖμμα,

136 3954 320 4018 οὕτως
350 3953 447 4007 καὶ
479 3951 577 4006 νῦν
600 3948 837 4019 σταγόνα
877 3944 1133 4018 ὀνομάζει
1168 3945 1297 4006 τοὺς
1334 3942 1393 4008 ἐξ
1423 3940 1601 3995 αὐτῶν
1630 3956 1735 3995 σω-

139 4044 504 4119 θησομένους.
530 4041 795 4114 Δηλοῦται
824 4039 882 4093 δὲ
915 4039 1008 4092 καὶ
1034 4037 1125 4091 διὰ
1151 4035 1357 4089 τούτων
1398 4036 1428 4088 ὁ
1464 4032 1572 4086 τῶν
1601 4034 1737 4086 ἀπο-

144 4138 354 4192 στόλων
380 4135 564 4206 χορὸς,
593 4134 668 4197 ὡς
700 4130 916 4201 σταγών
951 4147 1037 4192 τις
1076 4129 1172 4183 καὶ¹
1216 4126 1437 4197 σπέρμα
1472 4122 1568 4178 τοῦ
1606 4125 1737 4177 Ἰου-

144 4228 318 4285 δαίων
346 4226 535 4288 ἔθνους
566 4222 934 4294 γεγενημένος
952 4238 966 4251 ο
996 4219 1057 4285 ἐξ
1078 4216 1148 4291 ἧς
1177 4217 1436 4286 σταγόνος
1461 4216 1662 4279 πάντες
1687 4218 1735 4268 οί

146 4320 270 4376 καθ’
302 4318 439 4389 ὅλης
470 4316 572 4387 τῆς
602 4308 926 4385 οἰκουμένης
958 4312 1049 4365 τὸν
1088 4309 1325 4379 Χριστὸν
1359 4307 1737 4376 ἐπεγνωκότες

143 4408 242 4464 τοῦ
278 4405 444 4470 Θεοῦ,
484 4406 578 4459 καὶ
613 4404 712 4475 τὴν
754 4402 1102 4457 διδασκαλίαν
1134 4398 1299 4454 αὑτοῦ
1335 4397 1739 4471 παραδεδεγμέ-

1801 568 2008 617 meum,
2039 558 2094 607 et
2115 548 2327 621 paratis
2346 544 2583 600 fortuna:
2615 555 2887 606 mensam,
2909 546 2964 595 et
2992 538 3229 609 impletis
3259 536 3373 593 da:-

2626 649 2728 706 ego
2778 633 2985 689 tradam
3024 647 3123 687 vos
3169 631 3225 685 in
3261 631 3378 701 gla-

1801 736 1974 792 dium.
2008 733 2212 790 Omnes
2243 734 2298 787 in
2319 731 2596 788 occisione
2616 728 2830 785 cadetis
2856 745 2872 795 ;
2903 725 3164 796 quoniam
3186 721 3377 779 vocavi

1805 842 1928 890 vos,
1953 835 2008 883 et
2036 840 2149 882 non
2171 824 2551 886 auscultastis,
2576 828 2631 877 et
2662 818 2876 875 fecistis
2915 818 3117 882 malum
3156 816 3212 870 in
3242 830 3379 870 con-

1807 926 1999 989 spectu
2025 932 2168 980 meo,
2192 925 2245 971 et
2272 930 2394 986 quae
2418 913 2692 976 nolebam,
2727 910 2975 981 elegistis
2994 909 3063 963 ⁷⁸.
3094 926 3112 960 ι
3153 907 3290 963 Cum
3324 907 3383 962 in

1810 1011 1899 1066 bis
1929 1009 2206 1065 divisione
2247 1007 2483 1077 quadam
2520 1019 2703 1061 sermo
2743 1002 2965 1057 divinus
3006 1007 3212 1063 utatur,
3264 1006 3383 1053 tum

1806 1099 2068 1170 exiguum
2113 1096 2389 1167 quoddam
2423 1109 2611 1152 semen
2638 1090 2830 1155 Jacob,
2871 1105 2934 1145 ea
2965 1104 3086 1160 quae
3113 1087 3387 1159 promissa

1809 1200 1939 1248 sunt
1980 1197 2407 1248 consecuturum
2449 1185 2681 1242 allii-mat
2729 1203 2743 1239 :
2791 1183 2996 1239 electos
3040 1191 3219 1236 autem
3263 1194 3388 1235 esse

1810 1301 1930 1349 eos,
1979 1284 2076 1355 qui
2120 1283 2366 1337 habitent
2413 1281 2472 1359 in
2523 1279 2681 1335 silva.
2735 1275 2873 1330 Nam
2923 1276 3004 1333 sic
3050 1272 3391 1329 vocationem

1815 1376 2061 1447 gentium
2094 1375 2366 1438 nominat,
2397 1374 2452 1428 in
2483 1388 2590 1444 qua
2636 1372 2795 1429 electi
2828 1369 3067 1431 Domini,
3101 1374 3156 1424 et
3205 1380 3391 1422 semen

1815 1467 1987 1523 Iacob
2020 1468 2156 1532 sint,
2191 1482 2324 1523 sane
2356 1466 2458 1536 ipsi
2494 1464 2727 1535 apostoli
2768 1469 2823 1517 et
2848 1460 3103 1530 discipuli
3148 1456 3393 1513 Salvato-

1814 1560 1897 1616 ris
1925 1561 2105 1615 nostri
2139 1578 2151 1613 :
2182 1564 2380 1629 praeter
2407 1571 2549 1626 quos
2579 1556 2674 1627 qui
2698 1553 2893 1624 reliqui
2927 1559 3074 1616 sunt,
3110 1564 3304 1605 omnes
3336 1547 3393 1602 in

1817 1669 1937 1716 eas,
1975 1668 2098 1722 quae
2125 1651 2391 1721 expositae
2415 1657 2566 1713 sunt,
2595 1648 2773 1703 minas
2810 1643 3124 1701 reciderunt
3171 1660 3185 1696 :
3220 1655 3394 1712 quan-

1822 1740 2118 1811 doquidem
2170 1740 2291 1810 ipsa
2329 1739 2506 1795 oratio
2552 1752 2722 1808 prope
2773 1734 3119 1805 apertissime
3165 1732 3397 1787 demon-

1822 1839 1985 1896 strat,
2033 1848 2147 1887 non
2198 1846 2333 1887 casu
2370 1829 2607 1901 quodam
2667 1829 2725 1882 in
2772 1833 3028 1882 cunctam
3084 1823 3399 1885 Iudaeorum

1821 1932 2039 1996 gentem
2087 1924 2360 1994 promissa
2400 1922 2586 1978 divina
2620 1934 2746 1975 esse
2777 1927 3030 1984 ventura,
3083 1916 3184 1973 sed
3235 1916 3294 1971 in
3345 1914 3398 1970 id

1822 2018 2001 2074 solum
2051 2017 2198 2088 quod
2248 2031 2434 2072 semen
2469 2021 2555 2070 est
2587 2011 2953 2074 nominatum,
2982 2017 3039 2065 et
3066 2008 3125 2065 in
3159 2023 3277 2073 eos,
3308 2007 3403 2078 qui

1820 2106 2008 2164 vocari
2043 2106 2222 2163 solent
2254 2105 2415 2161 electi
2446 2103 2581 2159 Dei:
2625 2120 2645 2153 ι
2684 2101 2839 2155 multi
2870 2100 3017 2155 enim
3048 2106 3179 2155 sunt
3200 2097 3402 2162 vocati,

1822 2199 1984 2271 pauci
2015 2213 2146 2254 vero
2170 2196 2329 2254 electi
2358 2196 2425 2252 ⁷⁸.
2462 2215 2483 2250 ι
2517 2196 2731 2263 Quibus
2757 2194 2925 2250 etiam
2954 2206 3157 2255 nomen
3200 2202 3405 2244 novum

1823 2289 2218 2362 imponendum
2250 2289 2517 2359 deinceps
2550 2287 2837 2342 oraculum
2863 2285 3032 2351 canit,
3071 2283 3155 2339 sic
3200 2281 3271 2337 ad
3303 2281 3407 2335 im-

1824 2384 1945 2455 pios
1975 2382 2208 2437 dicens:
2248 2397 2269 2431 ι
2307 2378 2674 2449 Relinquetur
2715 2377 2864 2433 enim
2911 2389 3116 2431 nomen
3156 2378 3406 2428 vestrum

1825 2478 1883 2532 in
1925 2477 2235 2532 satietatem
2285 2474 2476 2530 electis
2533 2474 2692 2528 meis.
2728 2471 2841 2528 Vos
2886 2476 3068 2524 autem
3116 2464 3409 2522 interficiet

1827 2568 2092 2627 Dominus
2124 2587 2138 2622 ι
2182 2568 2222 2622 ii
2251 2582 2405 2633 vero,
2452 2566 2545 2637 qui
2594 2565 2728 2619 mihi
2766 2562 3030 2625 servient,
3060 2557 3411 2613 vocabuntur

1828 2662 2051 2718 nomine
2079 2675 2222 2716 novo
2240 2661 2310 2716 ⁷⁸.
2349 2679 2367 2713 ι
2400 2658 2567 2729 Atqui
2587 2671 2793 2713 novum
2827 2654 2976 2709 istud
3007 2665 3233 2715 nomen,
3260 2645 3411 2719 quod

1827 2755 2072 2824 antiquis
2115 2754 2365 2824 ignotum
2422 2751 2608 2816 fuerit,
2649 2748 2928 2821 quodnam
2981 2758 3168 2816 quaeso
3223 2741 3413 2805 fuerit.

1828 2848 1936 2905 nisi
1968 2845 2455 2905 Christianorum?
2490 2844 2637 2915 quod
2668 2858 2699 2898 a
2731 2840 3039 2898 Salvatoris
3068 2836 3249 2893 nostri
3277 2833 3412 2891 Iesu

1827 2940 2031 2996 Christi
2062 2938 2428 3009 appellatione
2454 2935 2751 2991 deductum
2791 2933 2848 2988 in
2901 2939 3018 2986 toto
3068 2929 3203 2985 orbe
3229 2938 3410 2986 terra-

1831 3047 1959 3088 rum
1982 3030 2237 3086 laudibus
2268 3035 2321 3084 et
2349 3027 2537 3082 favore
2566 3022 2914 3081 celebratur?

2358 3120 2465 3189 81
2503 3117 2566 3172 L.
2597 3116 2642 3170 Α
2678 3115 2926 3170 Μὶείιίεα.

1909 3230 1928 3263 ι
1972 3211 2039 3267 Et
2064 3212 2170 3267 erit
2196 3212 2265 3268 de
2292 3212 2440 3266 stilla
2489 3207 2676 3280 populi
2729 3207 2917 3277 hujus,
2976 3205 3072 3276 qui
3107 3218 3415 3275 congrega-

1829 3310 1920 3357 tur
1953 3321 1965 3357 :
1994 3302 2416 3373 congregabitur
2453 3298 2623 3355 Jacob
2651 3313 2780 3353 curn
2810 3296 3090 3353 omnibus.
3121 3294 3417 3365 Excipiens

1831 3394 2101 3464 excipiam
2136 3395 2379 3463 reliquos
2408 3408 2476 3447 ex
2504 3390 2673 3446 Israel
2705 3407 2721 3446 :
2762 3391 2820 3445 in
2851 3404 3021 3444 unum
3056 3404 3259 3458 ponam
3280 3402 3415 3442 con-

1830 3487 2142 3543 versionem
2170 3501 2362 3542 eorum
2385 3485 2452 3538 ”.
2520 3504 2540 3537 ι
2592 3482 2976 3539 Consentanea
3037 3481 3128 3544 iis,
3178 3495 3301 3551 quae
3347 3477 3419 3534 ab

1832 3577 1977 3635 Isaia
2004 3585 2230 3649 accepta
2256 3584 2405 3642 sunt,
2451 3592 2727 3647 supraque
2756 3591 2786 3630 a
2816 3575 2978 3630 nobis
3005 3573 3278 3644 exposita,
3312 3569 3419 3626 Mi-

1833 3673 2016 3727 cbzeas
2053 3686 2273 3741 quoque
2303 3669 2508 3725 indicat
2541 3688 2554 3723 :
2585 3668 2681 3739 qui
2716 3666 2886 3722 Deum
2930 3681 3040 3720 non
3097 3664 3431 3734 simpliciter.

1835 3777 2051 3826 omnes,
2088 3760 2184 3816 sed
2220 3759 2369 3816 solos
2391 3774 2510 3822 eos,
2541 3758 2636 3828 qui
2660 3756 2856 3827 reliqui
2884 3754 3109 3819 fuerint,
3145 3760 3420 3822 exceptu-

1835 3868 1959 3907 rum
1985 3858 2215 3908 narrat:
2251 3859 2309 3906 et
2337 3848 2801 3920 quemadmodum
2833 3846 2977 3917 apud
3019 3844 3215 3899 lsaiam
3252 3842 3297 3875 ⁷⁷
3328 3857 3420 3897 sev

1836 3962 1964 4001 men
2000 3943 2394 3999 nominabatur
2424 3943 2603 4013 ipsum
2636 3942 2857 3996 illorum
2888 3938 3194 4003 residuum,
3224 3936 3298 3990 ita
3330 3934 3421 3988 hic

1838 4039 2042 4095 stillam
2068 4053 2165 4093 eos
2197 4036 2468 4100 nominat,
2500 4034 2596 4102 qui
2641 4049 2710 4089 ex
2746 4032 2858 4088 illis
2893 4029 3220 4101 superstites
3248 4025 3421 4082 futuri

1838 4138 1989 4185 sunt.
2048 4129 2402 4201 Significatur
2455 4135 2638 4183 autem
2680 4125 2768 4180 his
2816 4123 2999 4178 verbis
3055 4123 3172 4193 ipse
3218 4120 3421 4175 chorus

1840 4218 2235 4287 apostolorum,
2266 4217 2362 4288 qui
2391 4217 2551 4287 quasi
2607 4215 2755 4271 stilla
2806 4213 3079 4284 quaedam,
3129 4217 3185 4267 et
3232 4224 3420 4265 semen

1840 4311 2086 4367 Iudaicae
2113 4311 2295 4382 gentis
2337 4310 2668 4367 exstiterunt
2703 4325 2717 4361 :
2754 4305 2823 4360 de
2869 4319 2978 4374 qua
3032 4303 3181 4359 stilla
3230 4315 3422 4355 omnes

1842 4400 2159 4471 quicunque
2186 4417 2259 4455 ex
2284 4408 2402 4455 toto
2434 4400 2567 4454 orbe
2590 4397 2875 4452 Christum
2916 4394 3010 4449 Dei
3041 4392 3420 4465 cognoverint,

142 4520 251 4569 νοι,
284 4502 387 4573 τῆς
412 4473 811 4569 θεσπιζομένης
840 4493 1262 4564 ἐπισυναγωγῆς
1294 4489 1710 4561 κατηξιώθησαν

1838 4500 1893 4575 et
1921 4491 2228 4555 doctrinam
2258 4490 2380 4560 ejus
2411 4488 2753 4558 acceperint,
2796 4499 2860 4539 ea
2911 4473 3077 4553 quam
3135 4480 3423 4536 oraculum

139 4594 243 4668 τὴν
269 4594 383 4649 ἀπὸ
407 4591 518 4647 τῶν
550 4588 823 4661 πολεμίων
846 4586 1115 4659 λύτρωσιν
1147 4584 1462 4656 εὑράμενοι.

215 4774 349 4827 NA'.
391 4790 412 4823 ι
458 4771 569 4824 Καὶ
600 4770 663 4823 σὺ
697 4766 967 4839 Βηθλεέμ,
993 4759 1140 4827 οἶκος
1181 4762 1274 4817 τοῦ
1310 4759 1594 4833 Εὑιρραθὰ,
1625 4759 1736 4813 ὀλι-

141 4864 344 4935 γοστὸς
382 4858 434 4917 εἷ
456 4864 514 4916 ἐν
570 4860 805 4932 χιλιάσιν
840 4858 1011 4912 ’ἰούδα
1037 4875 1050 4887 ·
1092 4859 1159 4911 ἐκ
1201 4854 1295 4908 σοῦ
1326 4871 1418 4926 μοι
1455 4852 1735 4918 ἐξελεύσε-

142 4974 241 5012 ται
279 4955 607 5027 ἡγούμενος,
649 4952 743 5008 τοῦ
784 4946 923 5005 εἶναι
969 4953 1049 5013 εἰς
1091 4949 1329 5021 ἄρχοντα
1372 4946 1449 5017 τῷ
1493 4947 1732 5019 Ἰσραὴλ,

146 5051 246 5105 καὶ
290 5047 463 5113 ἔξοδοι
495 5045 660 5101 αὑτοῦ
688 5045 785 5100 ἀπ’
825 5043 1001 5116 ἀρχῆς
1034 5041 1094 5105 ἐξ
1126 5040 1350 5113 ἡμερῶν
1393 5040 1607 5103 αἰῶνος.
1639 5039 1738 5092 Διὰ

144 5137 308 5193 τοῦτο
340 5136 503 5190 δώσει
537 5136 737 5200 αὐτοὺς
774 5134 879 5199 ἕως
914 5132 1108 5197 καιροῦ
1139 5131 1428 5203 τικτούσης
1449 5148 1464 5162 ο
1501 5131 1734 5196 τέξεται,

148 5231 246 5285 καὶ
279 5232 332 5284 οί
358 5228 631 5282 ἐπίλοιποι
655 5227 762 5281 τῶν
794 5224 1041 5295 ἀδελφῶν
1066 5223 1245 5281 αὑτῶν
1275 5222 1680 5295 ἐπιστρέφουσι.
1714 5242 1731 5274 ι

148 5323 261 5377 Καὶ
307 5321 451 5394 μετά
496 5319 704 5392 βραχέα
748 5318 1019 5387 ἐπιλέγει·
1075 5336 1095 5368 ι
1155 5316 1263 5370 Καὶ
1302 5315 1455 5368 ἔσται
1501 5315 1562 5368 τὸ
1608 5315 1741 5368 ὑπό-

150 5415 361 5487 λειμμα
390 5412 487 5468 τοῦ
539 5412 735 5466 Ἰακὼϐ
776 5414 835 5466 ἐν
876 5413 989 5475 τοῖς
1033 5408 1262 5470 ἔθνεσιν,
1297 5411 1354 5461 ἐν
1399 5406 1550 5478 μέσῳ
1590 5406 1735 5460 λαῶν

153 5507 393 5573 πολλῶν,
423 5505 501 5570 ὡς
543 5506 733 5577 δρόσος
770 5504 922 5575 παρὰ
952 5502 1160 5573 Κυρίου
1208 5501 1503 5563 πίπτουσα,
1536 5501 1629 5563 καὶ
1660 5499 1735 5563 ὡς

218 5623 266 5694 ’ξ
288 5621 396 5678 lsa.
436 5637 561 5688 uv,
582 5622 737 5678 842.
815 5624 863 5663 τι
892 5621 1082 5691 Matth.
1115 5637 1253 5685 xm,
1286 5621 1373 5675 M.
1449 5621 1496 5651 ⁷⁸
1532 5617 1636 5674 lsa.
1665 5636 1715 5674 ω

1828 5623 1912 5680 15.
1990 5626 2036 5658 ⁷⁸
2062 5622 2225 5681 Mich.
2278 5624 2446 5694 11,“,
2470 5622 2556 5679 12.
2635 5624 2678 5656 ⁷⁷
2716 5622 2821 5678 lsa.
2856 5636 2981 5685 va,
3019 5618 3073 5674 9.

158 5709 207 5755 ιτ,
238 5693 301 5756 2,
334 5694 389 5749 5.

229 5781 309 5851 (ι)
348 5782 511 5843 Forte
548 5766 939 5860 corrigendum.
968 5785 1023 5855 γ’
1055 5800 1154 5849 pro
1191 5784 1257 5841 δ’.
1301 5783 1457 5841 Enn.
1491 5783 1665 5841 rm.

1840 4571 1989 4640 canit
2020 4583 2445 4655 congregatione
2470 4581 2623 4652 digni
2656 4577 2838 4635 elfecti
2869 4583 3021 4642 sunt,
3055 4581 3112 4630 et
3139 4571 3421 4628 liberatio-

1838 4692 1963 4732 nem
1997 4675 2067 4731 ab
2097 4676 2351 4731 hostibus
2381 4673 2549 4728 nacti.

1909 4767 1996 4828 LI.
2034 4787 2053 4820 ι
2076 4766 2145 4821 Et
2174 4775 2234 4821 tu
2266 4764 2603 4828 Bethlehem,
2635 4762 2834 4817 domus
2859 4759 3101 4830 Ephrata
3126 4795 3142 4822 ,
3192 4754 3421 4809 minima
3498 4824 3503 4830 Ι

1839 4877 1934 4925 es,
1974 4867 2036 4915 ut
2081 4860 2160 4916 sis
2190 4859 2247 4915 in
2281 4858 2531 4913 millibus
2567 4854 2743 4922 Juda;
2776 4868 2845 4909 ex
2875 4861 2930 4907 te
2959 4849 3093 4905 mihi
3116 4846 3427 4919 egredietur

1839 4956 1936 5027 qui
1968 4954 2151 5026 pmsit
2173 4996 2189 5022 ,
2220 4960 2282 5008 ut
2317 4953 2388 5009 sit
2419 4952 2476 5007 in
2505 4950 2812 5021 principem
2841 4945 2945 5016 ipsi
2975 4941 3184 5006 Israel,
3220 4947 3276 4994 et
3306 4938 3425 4992 exi-

1842 5056 1931 5101 tus
1970 5045 2092 5114 ejus
2136 5044 2206 5099 ab
2244 5042 2401 5098 initio
2443 5056 2511 5097 ex
2553 5038 2748 5094 diebus
2789 5034 2998 5091 saeculi.
3044 5031 3274 5101 Propter
3321 5028 3426 5083 hoc

1841 5136 1991 5191 dabit
2031 5150 2129 5190 eos
2174 5148 2351 5204 usque
2391 5134 2460 5186 ad
2506 5138 2726 5200 tempus
2771 5124 3074 5197 parientis:
3118 5119 3328 5192 pariet,
3370 5124 3426 5172 et

1839 5228 2040 5298 reliqui
2091 5243 2159 5282 ex
2205 5226 2474 5281 fratribus
2520 5237 2710 5278 eorum
2759 5222 3150 5274 convertentur
3183 5214 3251 5268 ⁷⁸.
3289 5231 3309 5267 ι
3358 5209 3425 5266 Et

1848 5328 1974 5391 post
2011 5333 2187 5391 pauca
2220 5318 2468 5389 adjungit
2496 5334 2509 5372 :
2545 5335 2564 5368 ι
2594 5314 2660 5369 Ει
2694 5312 2798 5368 erit
2826 5306 2974 5382 quod
3006 5309 3277 5379 reliquum
3309 5304 3428 5359 fue-

1843 5414 1916 5469 rit
1943 5428 2011 5469 ex
2044 5410 2217 5468 Jacob
2246 5413 2302 5467 in
2331 5411 2588 5484 gentibus
2618 5410 2674 5462 in
2708 5404 2890 5460 medio
2922 5402 3252 5477 populorum
3281 5398 3427 5454 mul-

1845 5512 2063 5574 torum,
2109 5506 2268 5576 quasi
2318 5521 2411 5562 ros
2458 5520 2490 5558 a
2526 5503 2760 5560 Domino
2807 5499 3049 5565 cadens,
3077 5501 3133 5554 et
3161 5500 3426 5562 tanquam

3179 5615 3226 5649 ⁷⁸
3257 5610 3421 5669 Μὶοίι.
