3846 6214
428 336 534 393 155

1033 338 1306 397 ΕυΞΕΒΙΙ
1345 332 1829 400 ωεδΑιιιΕΝειδ
1859 343 2010 401 OPP.
2048 343 2231 400 PARS
2272 344 2333 399 ll.
2374 375 2444 390 -—-
2479 342 2978 401 APOLOGETICA.

3580 344 3685 400 156

416 452 556 523 :agni
605 468 772 524 super
821 470 1080 525 gramen,
1127 467 1187 513 ut
1230 475 1341 515 non
1372 471 1736 532 congregetur
1768 463 2000 533 aliquis,

2107 462 2267 534 ἄρνες
2298 464 2383 516 ἐπ’
2419 462 2715 532 ἄγρωστιν,
2748 463 2897 524 ὅπως
2928 459 3272 539 μὴρυναχθῇ
3307 459 3514 530 μηδεὶς,
3549 460 3687 532 μηδὲ

425 561 604 615 neque
647 547 917 603 subsistat
956 550 1013 604 in
1058 550 1185 607 ﬁliis
1240 553 1569 611 hominum:
1610 566 1666 611 et
1711 557 1815 611 erit
1857 554 2003 625 quod

416 636 696 707 'reliquum
733 637 890 694 fuerit
925 656 989 694 ex
1043 639 1211 697 Jaeob
1262 643 1314 696 in
1362 647 1657 714 gentibus,
1710 646 1766 700 in
1821 647 2003 701 medio

416 730 751 799 populorum
801 732 1129 799 multorum,
1186 744 1445 804 tanquam
1499 737 1585 791 leo
1636 737 1695 791 in-
1726 739 2000 806 jumentis

424 820 613 885 silvat,
647 828 703 876 et
732 823 889 892 quasi
920 825 1136 879 catulus
1166 826 1343 882 leonis
1383 828 1439 881 in
1482 829 1738 899 gregibus
1780 831 1997 897 ovium,

389 898 887 980 lquemadmodum
932 930 1058 969 cum
1100 920 1385 971 transierit
1438 928 1492 973 et
1532 898 1863 988 dispertiens
1914 938 2002 978 ra-

423 1006 642 1073 puerit,
690 1013 745 1060 et
784 1020 895 1060 non
938 1007 1010 1061 sit
1049 1010 1142 1078 qui
1186 1010 1426 1080 eripiat:
1470 1013 1765 1068 extolletur
1805 1030 2000 1073 manus

423 1104 516 1147 tua
548 1110 716 1165 super
744 1095 1043 1167 aﬂligentes
1076 1107 1163 1164 te,
1193 1107 1248 1156 et
1275 1115 1466 1158 onmes
1522 1104 1731 1159 inimici
1765 1108 1844 1160 tui
1878 1123 2002 1176 per-

421 1186 621 1239 dentur
647 1186 691 1218 ⁷⁸
720 1205 732 1239 :
762 1206 779 1238 ι
807 1187 892 1241 his
921 1191 1166 1258 profecto
1194 1191 1333 1246 nihil
1371 1193 1486 1247 ﬁeri
1519 1206 1707 1264 posset
1735 1197 1995 1265 lucidius,

420 1291 542 1345 qua:
570 1286 625 1331 et
659 1288 842 1332 ortum
871 1278 1174 1338 Salvatoris
1202 1283 1256 1337 in
1282 1282 1595 1340 Bethlehem
1620 1327 1635 1351 ,
1668 1295 1725 1343 et
1750 1289 1999 1358 ejusdem

420 1372 491 1423 ab
520 1378 730 1425 aeterno
777 1376 1254 1443 propagationem,
1296 1388 1350 1432 et
1377 1377 1619 1449 Virginis
1655 1392 1905 1452 partum,
1946 1391 2001 1439 et

419 1461 794 1530 apostolorum
835 1473 890 1518 et
929 1465 1329 1537 discipulorum
1373 1469 1496 1539 ejus
1534 1473 1911 1539 vocationem,
1945 1483 2001 1529 et

420 1551 862 1621 praedicationem
890 1555 958 1610 de
985 1555 1237 1623 Christo,
1272 1562 1368 1631 qui
1398 1563 1453 1616 in
1483 1570 1656 1617 totum
1685 1564 1871 1618 orbem
1902 1581 2001 1635 per

418 1657 515 1698 eos
544 1642 836 1714 importata
867 1654 955 1701 est
974 1686 990 1712 ,
1025 1648 1292 1705 referunt.
1323 1652 1461 1707 Cum
1489 1654 1635 1709 enim
1665 1656 1712 1710 is
1746 1657 2000 1727 princeps

418 1733 489 1789 de
530 1750 640 1807 quo
684 1738 970 1808 prophetia
1005 1739 1267 1811 loquitur,
1312 1752 1366 1799 et
1396 1746 1556 1814 cujus
1582 1747 1763 1803 exitus
1788 1763 1854 1803 ex
1885 1749 2001 1805 die-

2111 555 2323 624 ὑποστῇ
2345 555 2403 606 ὲν
2436 555 2572 615 υἱοῖς
2601 552 2905 623 ἀνθρώπων
2923 568 2936 581 ·
2971 552 3065 604 καὶ
3086 550 3241 604 ἔσται
3270 549 3332 603 τὸ
3372 549 3686 620 ὑπόλειμμα

2121 645 2315 700 Ἰακὼϐ
2361 646 2420 699 ὲν
2455 647 2570 707 τοῖς
2615 643 2844 709 ἔθνεσιν,
2880 645 2939 697 ὲν
2981 642 3129 713 μέσῳ
3172 641 3319 695 λαῶν
3350 640 3580 705 πολλῶν,
3607 642 3686 705 ὡς

2106 738 2243 792 λέων
2276 740 2334 791 έν
2365 738 2479 799 τοῖς
2527 736 2758 805 κτήνεσι,
2791 733 2885 787 τοῦ
2930 731 3157 804 δρυμοῦ,
3190 734 3286 786 καὶ
3332 731 3407 796 ὼς
3445 731 3686 803 σκύμνος

2108 832 2166 883 ὲν
2193 829 2461 900 ποιμνίοις
2490 827 2797 899 προϐάτων,
2847 825 2906 878 ὃν
2941 826 3140 895 τρόπον
3180 825 3323 879 ὅταν.
3349 824 3554 897 διέλθῃ,
3589 825 3687 877 καὶ

2105 920 2413 984 διαστείλας
2442 920 2685 992 ἁρπάσῃ,
2710 919 2803 971 καὶ
2840 918 2914 989 μὴ
3006 919 3034 970 ό
3077 917 3487 988 ἐξαιρούμενος·
3532 917 3687 986 ὑψωο

2108 1007 2331 1078 θήσεται
2363 1011 2395 1077 ἡ
2430 1008 2551 1079 χείρ
2587 1026 2678 1060 σου
2710 1007 2802 1059 ἐπὶ
2844 1010 2979 1070 τοὺς,
3007 1006 3284 1070 θλίϐοντάς
3314 1023 3393 1071 σε,
3427 1007 3520 1060 καὶ
3551 1008 3688 1059 πάν-

2106 1117 2198 1163 τες
2227 1102 2277 1153 οἱ
2303 1099 2487 1172 ἐχθροί
2505 1116 2599 1153 σου
2620 1097 3181 1170 ἐξολοθρευθήσονται.
3209 1117 3227 1148 ι
3250 1096 3464 1151 Τούτων
3479 1098 3589 1150 οὐδ’
3607 1100 3688 1167 (l)

2107 1194 2173 1247 ἄν
2197 1210 2250 1246 τι
2279 1193 2489 1261 γένοιτο
2518 1192 2858 1262 λευκότερον,
2883 1190 3024 1243 κατὰ
3056 1189 3117 1243 τὺ
3144 1190 3277 1243 αὐτὸ
3301 1191 3396 1244 καὶ
3419 1190 3519 1261 τὴν
3543 1192 3697 1260 γένε-

2108 1302 2191 1338 σιν
2216 1285 2312 1355 τὴν
2342 1287 2398 1337 ὲν
2424 1284 2671 1355 Βηθλεὲμ
2700 1282 2795 1336 τοῦ
2836 1282 3090 1353 Σωτῆρος
3122 1282 3569 1352 ἀναφωνοῦντων,
3592 1286 3692 1337 καὶ

2105 1380 2205 1449 τὴν
2239 1378 2344 1447 πρὸ
2379 1377 2574 1440 αἰῶνος
2617 1377 2872 1429 οὑσίωσιν
2911 1375 3100 1440 αὑτοῦ,
3139 1376 3234 1428 καὶ
3280 1375 3371 1428 τὸν
3414 1376 3514 1446 τῆς
3542 1377 3694 1445 Παρ-

2108 1467 2261 1522 θένου
2294 1468 2534 1533 τοκετδν,
2567 1469 2661 1520 καὶ
2699 1467 2809 1521 τῶν
2842 1465 3154 1521 ἀποστόλων
3178 1465 3270 1518 καὶ
3300 1464 3555 1535 μαθητῶν
3593 1466 3695 1518 αὑ-

2106 1558 2201 1613 τοῦ
2242 1561 2342 1631 τὴν
2374 1559 2586 1630 κλῆσιν,
2625 1560 2721 1613 καὶ
2762 1558 2823 1612 τὸ
2851 1558 3117 1629 κήρυγμα
3155 1557 3217 1609 τὸ
3262 1555 3379 1609 καθ’
3425 1556 3555 1627 ὅλης
3588 1556 3693 1626 τῆς

2105 1652 2429 1724 οἰκουμένης
2474 1652 2606 1723 περὶ
2646 1650 2741 1704 τοῦ
2774 1648 3011 1720 Χριστοῦ
3041 1648 3107 1702 δι’
3158 1647 3338 1702 αὑτῶν
3386 1648 3694 1718 κατηγγελο

2111 1741 2286 1810 μένον.
2322 1741 2429 1795 Τοῦ
2462 1742 2571 1814 γὰρ
2594 1739 2923 1810 δηλουμένου
2953 1741 3234 1810 ἄρχοντος,
3262 1730 3323 1791 οῦ
3349 1739 3448 1801 τὰς
3475 1738 3693 1803 ἐξόδους

419 1826 771 1908 busaaternis
800 1845 925 1886 esse
967 1831 1246 1898 declarat,
1292 1834 1360 1891 de
1403 1835 1721 1893 Bethlehem
1761 1840 1832 1894 sit
1871 1855 1999 1912 pro-

2107 1834 2127 1883 ό
2152 1831 2308 1900 λόγος
2333 1831 2393 1897 ἐξ
2412 1831 2637 1903 ἡμερῶν
2661 1830 2857 1895 αἰῶνος
2879 1826 3019 1883 εἶναι
3037 1830 3205 1900 δηλοῖ,
3224 1833 3290 1885 ὲκ
3313 1832 3411 1902 τῆς
3437 1830 3691 1903 Βηθλεὲμ

421 1919 666 1975 lecturus
689 1960 705 1985 ,
738 1920 999 1991 huncque
1028 1924 1208 1994 ipsum
1243 1941 1307 1981 ea
1337 1944 1461 1998 qua:
1494 1931 1716 2000 pariens
1752 1933 2003 1986 nomina-

420 2018 533 2077 tur,
568 2022 762 2066 sancta
791 2010 962 2085 Virgo
995 2016 1067 2070 sit
1096 2017 1387 2086 paritura:
1421 2036 1532 2074 non
1567 2036 1762 2077 omnes
1797 2024 1888 2093 qui
1934 2022 2003 2077 ad

419 2104 899 2161 circumcisionem
927 2117 1179 2177 spectant
1198 2149 1213 2171 .
1246 2110 1342 2165 sed
1372 2112 1523 2168 solos
1552 2128 1649 2168 eos
1667 2114 1770 2204 qui
1807 2115 2001 2185 reliqui

420 2195 658 2261 fuerint,
693 2198 876 2253 salvos
905 2199 1119 2256 futuros
1152 2201 1412 2270 aﬁirmat,
1457 2221 1595 2275 quos
1627 2195 1692 2260 et
1726 2208 2000 2263 residuum

420 2286 540 2341 fore
574 2284 744 2342 Iacob
765 2327 779 2350 ,
811 2296 865 2342 et
897 2289 1041 2345 roris
1074 2293 1251 2346 instar
1279 2293 1334 2347 in
1366 2308 1559 2350 omnes
1588 2295 1776 2350 datum
1806 2296 1873 2350 iri
1900 2311 2001 2351 na-

418 2379 618 2435 tiones.
654 2397 674 2430 ι
709 2378 827 2435 Erit
876 2381 1046 2447 enim,
1118 2383 1320 2454 inquit,
1383 2387 1666 2442 residuum
1716 2386 1888 2445 Jacob
1941 2389 2000 2444 in

419 2473 673 2541 gentibus
695 2512 710 2535 ,
743 2481 804 2527 ut
833 2488 926 2530 ros
958 2489 990 2528 a
1025 2474 1257 2531 Domino
1289 2477 1493 2534 cadens
1513 2519 1529 2544 ,
1574 2487 1628 2534 et
1672 2481 1831 2551 quasi
1874 2483 1999 2553 agni

419 2581 588 2636 super
635 2581 895 2636 gramen,
925 2586 944 2620 ι
971 2583 1070 2638 pro
1113 2584 1257 2639 quo,
1298 2589 1317 2621 ι
1347 2573 1506 2641 quasi
1558 2573 1720 2628 stillae
1768 2575 1826 2629 in
1871 2574 2000 2631 her-

419 2659 578 2722 bam,
611 2677 631 2709 ι
657 2658 767 2729 82
797 2659 1022 2729 Aquila;
1072 2659 1415 2717 Theodotion
1444 2671 1624 2720 autem
1649 2707 1664 2732 ,
1694 2682 1715 2718 ι
1737 2674 1998 2737 tanquam

419 2750 513 2804 nix
564 2764 731 2821 super
783 2749 999 2816 fenum,
1020 2745 1050 2804 ἰ
1084 2754 1392 2811 reddidere.
1427 2756 1559 2811 Item
1593 2773 1693 2827 pro
1726 2759 1856 2822 illo,
1887 2777 1906 2811 ι
1936 2766 1999 2813 ut

416 2855 528 2896 non
574 2854 938 2913 congregetur
973 2844 1208 2913 aliquis,
1254 2862 1431 2915 neque
1471 2850 1738 2904 subsistat
1780 2850 1836 2904 in
1869 2849 1998 2908 ﬁliis

416 2931 699 2989 hominum
723 2974 738 2998 ,
771 2950 948 3006 neque
986 2937 1227 2992 oll‘entlat
1271 2939 1417 2996 ﬁlius
1459 2941 1698 2997 hominis
1719 2982 1735 3007 ,
1768 2962 1785 2994 ι
1819 2942 1998 2998 Theo-

416 3024 605 3079 dotion
647 3030 928 3097 reposuit,
959 3048 978 3081 ι
1004 3030 1099 3100 qui
1144 3046 1255 3085 non
1294 3034 1639 3103 exspectabit
1681 3034 1992 3100 hominem,

416 3127 489 3223 et‘
518 3133 629 3221 nen
681 3121 922 3189 sperabit
976 3123 1050 3223 in.
1081 3122 1193 3179 ﬁlio
1246 3124 1505 3180 hominis.
1541 3145 1559 3178 ι
1585 3125 1783 3197 Aquila
1832 3143 1959 3182 vero
1980 3167 1995 3191 ,
2027 3162 2072 3223 Ο

421 3227 443 3258 ε
478 3207 571 3278 qui
620 3225 733 3264 non
773 3214 1116 3282 exspectabit
1160 3215 1375 3282 virum,
1423 3226 1478 3272 et
1526 3233 1637 3272 non
1679 3234 1812 3289 erga
1858 3220 1999 3275 ﬁlios

417 3300 698 3356 hominum
725 3322 738 3357 :
784 3322 804 3355 ι
833 3304 886 3358 in
917 3306 1154 3375 quibus,
1182 3308 1365 3362 omnis
1397 3310 1773 3378 apostolorum
1809 3309 2001 3364 Salva-

415 3392 556 3446 toris
585 3394 759 3448 nostri
790 3409 915 3466 spes
936 3436 950 3459 ,
989 3411 1111 3465 quae
1141 3412 1249 3451 nou
1284 3398 1341 3452 in
1373 3398 1630 3465 homine,
1662 3399 1757 3454 sed
1790 3400 1845 3453 in
1878 3398 2000 3454 Sal-

418 3492 626 3549 vatore,
649 3497 703 3541 et
729 3484 961 3542 Domino
990 3502 1092 3542 suo
1128 3486 1313 3543 futura
1340 3489 1413 3544 sit
1439 3488 1874 3555 demonstratur,
1903 3490 2001 3561 qui

418 3578 615 3648 utique
649 3577 902 3634 Salvator
957 3578 1055 3636 Dei
1087 3579 1327 3636 Verbum
1356 3588 1496 3637 erat.
1537 3579 1636 3637 His
1667 3597 1800 3637 vero
1840 3583 1999 3639 dein-

419 3685 549 3742 ceps
598 3671 891 3741 adjungit:
925 3690 943 3723 ‹
974 3684 1031 3728 et
1067 3673 1174 3728 erit
1224 3673 1370 3744 quod
1417 3674 1690 3744 reliquum
1726 3674 1892 3729 fuerit
1930 3691 2001 3732 ex

419 3761 591 3816 Jacob
640 3763 895 3833 gentibus
942 3764 997 3817 in
1047 3764 1230 3820 medio
1275 3765 1605 3835 populorum
1656 3766 1996 3831 multorum,

420 3853 582 3925 quasi
612 3854 697 3909 leo
729 3854 784 3909 in
809 3856 1079 3925 jumentis
1105 3857 1258 3914 silvae
1281 3895 1297 3921 ,
1328 3862 1383 3911 et
1424 3858 1585 3927 quasi
1630 3858 1852 3913 catulus
1891 3859 2003 3914 leo-

419 3948 508 4004 nis
533 3947 589 4003 iu
617 3949 875 4019 gregibus
903 3952 1089 4004 ovium
1118 3969 1131 4005 :
1162 3952 1620 4021 quemadmodum
1655 3967 1780 4008 cum
1820 3962 2001 4008 trans-

421 4041 584 4103 ierit.
615 4050 670 4096 et
697 4040 1028 4111 dispertiens
1065 4043 1347 4114 rapuerit,
1393 4050 1449 4099 et
1478 4059 1589 4098 non
1634 4044 1705 4101 sit
1748 4045 1843 4115 qui
1891 4044 2002 4099 eri-

425 4131 539 4202 piat
568 4152 580 4187 :
617 4152 636 4185 ι
663 4133 865 4204 quibus
904 4134 1117 4197 verbis,
1146 4144 1207 4189 ut
1239 4135 1500 4200 arbitror,
1560 4135 1898 4191 conﬁdentia
1946 4144 2001 4190 et

421 4224 753 4294 intrepidum
790 4225 964 4280 robur
1006 4227 1420 4296 praedicationis
1458 4228 1774 4299 apostolica:
1816 4227 2004 4282 decla-

421 4325 598 4372 ratur.
642 4315 926 4388 Siquidem
957 4318 1137 4373 instar
1168 4320 1343 4376 leonis
1372 4330 1427 4375 et
1455 4320 1626 4375 catuli
1647 4360 1662 4382 ,
1708 4320 1766 4374 in
1808 4320 2003 4375 silvam

421 4410 666 4481 gentium
689 4449 703 4475 ,
735 4418 790 4465 et
828 4410 885 4464 in
913 4412 1099 4465 ovium
1127 4411 1495 4467 humanarum
1531 4427 1758 4482 greges,
1789 4411 1869 4465 illi
1922 4410 2002 4464 ir-

2106 1923 2588 1995 προελευσομένου,
2624 1924 2717 1977 καὶ
2755 1923 2855 1993 τῆς
2878 1922 3066 1977 τοῦτον
3094 1924 3489 1995 ἀποτικτούσης
3526 1925 3693 1993 ἁγίας

2104 2014 2380 2087 Παρθένου
2413 2015 2727 2086 τεξομένης,
2762 2016 2822 2068 ού
2858 2016 3068 2079 πάντας
3100 2016 3231 2086 φησὶ
3271 2017 3395 2080 τοὺς
3429 2020 3492 2070 ὲκ
3532 2034 3665 2088 περι
3692 2048 3695 2049 ν

2101 2107 2295 2178 τομῆς,
2327 2106 2462 2160 ἀλλὰ
2498 2106 2691 2178 μόνους
2723 2108 2851 2171 τοὺς
2884 2106 3185 2171 ὲπιλοίποις
3213 2108 3690 2178 ἀνασωθήσεσθαι,

2102 2198 2196 2262 οὒς
2241 2200 2336 2252 καὶ
2376 2198 2586 2269 λεῖμμα
2631 2198 2957 2269 γενήσεσθαι
3000 2199 3096 2252 τοῦ
3137 2197 3352 2262 Ἰακὼϐ,
3395 2200 3488 2252 καὶ
3530 2201 3693 2271 δίκην

2100 2291 2291 2361 δρόσου
2312 2290 2406 2343 ἐπὶ
2436 2290 2614 2345 πάντα
2635 2289 2953 2361 δοθήσεσθαι
2975 2290 3046 2344 τὰ
3067 2289 3215 2361 ἔθνη.
3244 2310 3274 2342 ι.
3295 2292 3489 2346 Ἔσται
3520 2293 3684 2362 γὰρ,ι

2102 2382 2257 2452 φησὶ,
2303 2401 2322 2433 ι
2375 2381 2438 2434 τὸ
2480 2381 2793 2452 ὑπόλειμμα
2826 2381 2922 2435 τοῦ
2964 2382 3156 2435 Ἰακὼϐ
3198 2386 3255 2437 ὲν
3300 2386 3414 2447 τοῖς
3474 2384 3691 2438 ἔθνεσιν

2101 2474 2176 2536 ὡς
2199 2473 2389 2544 δρόσος
2416 2472 2568 2544 παρὰ
2592 2473 2799 2544 Κυρίου
2842 2474 3137 2538 πίπτουσα,
3183 2476 3279 2527 καὶ
3308 2474 3383 2538 ὼς
3415 2475 3578 2547 ἄρνες
3600 2477 3690 2528 ἐπ’

2100 2564 2393 2636 ἄγρωστιν.
2427 2584 2445 2617 ι
2491 2565 2631 2618 Ἀνθ’
2658 2561 2741 2630 οὗ,
2776 2584 2797 2617 ι
2827 2567 2922 2619 καὶ
2953 2566 3030 2629 ὼς
3057 2566 3292 2635 ψεκάδες
3324 2568 3417 2620 ἐπὶ
3441 2568 3630 2632 item,»
3661 2571 3691 2624 ὁ

2114 2658 2361 2723 Ἀκύλας,
2394 2661 2423 2712 ό
2448 2659 2506 2712 δὲ
2534 2658 2847 2722 Θεοδοτίων,
2877 2677 2897 2709 ι
2929 2658 3023 2712 καὶ
3041 2659 3172 2712 ὡσεὶ
3198 2659 3410 2728 νιφετὸς
3438 2660 3531 2711 ἐπὶ
3561 2661 3691 2731 λύρ-

2100 2768 2243 2813 τον,›
2269 2748 2618 2803 ὲκδεδώκασι.
2637 2751 2747 2804 Καὶ
2770 2750 2931 2811 πάλιν
2958 2750 3080 2803 ἀντὶ
3100 2750 3216 2814 τοῦ,
3245 2752 3430 2815 Ὅπως
3457 2751 3534 2824 μὴ
3554 2768 3686 2805 συν-

2100 2841 2237 2912 αχθῇ
2277 2842 2467 2913 μηδεὶς
2502 2842 2637 2913 μηδὲ
2670 2843 2876 2913 ὑποστῇ
2911 2842 2969 2895 ὲν
3004 2843 3140 2906 υἱοῖς
3177 2841 3497 2913 ἀνθρώπων,
3543 2843 3687 2915 μηδὲ

2101 2933 2386 3007 προσκόψῃ
2416 2934 2528 2997 υίὸς
2557 2933 2866 3006 ἀνθρώπου,
2896 2935 3101 3004 φησὶνὸ
3129 2934 3437 2996 Θεοδοτίων,
3459 2953 3477 2985 ι
3496 2935 3592 2997 Ὃς
3623 2933 3689 2987 οὗ

2105 3024 2570 3096 μνεῖάνθρωπον,
2588 3026 2682 3078 καὶ
2710 3026 2810 3078 οὑκ
2835 3024 3044 3078 ὲλπίσει
3074 3025 3164 3077 ἐπὶ
3190 3026 3303 3078 υἱὸν
3330 3024 3639 3096 ἀνθρώπου.
3663 3044 3687 3076 s

2102 3120 2260 3173 Καὶό
2288 3119 2568 3185 Ἀκύλας,‹
2586 3122 2682 3182 Ὃς
2714 3121 2812 3190 οὑχ
2842 3120 3102 3189 ὑπομενεί
3129 3119 3315 3191 ἄνδρα,
3350 3121 3444 3173 καὶ
3468 3120 3530 3173 οὑ
3558 3120 3692 3191 περὶ

2104 3213 2254 3275 υἱοὺς
2294 3211 2624 3284 ἀνθρώπων·
2667 3231 2686 3263 ι
2725 3212 2793 3264 δι’
2827 3205 2902 3265 ὧν
2934 3214 3085 3265 πᾶσα
3116 3210 3225 3264 τῶν
3253 3211 3562 3264 ἀποστόλων
3589 3211 3690 3265 τοῦ

2102 3303 2351 3375 Σωτῆρος
2374 3303 2532 3375 ἡμῶν
2563 3303 2718 3366 ἐλπὶς
2740 3302 2865 3357 οὔτε
2891 3301 2970 3374 (2)
3005 3304 3085 3366 εἰς
3127 3302 3431 3374 ἄνθρωπον,
3465 3303 3580 3357 ἀλλ’
3606 3306 3691 3368 εἰς

2101 3395 2192 3449 τὸν
2208 3395 2437 3467 Σωτῆρα
2468 3397 2563 3449 καὶ
2594 3395 2797 3467 Κύριον
2825 3393 3024 3449 αὐτῶνθ
3058 3389 3210 3458 οὗτος
3238 3395 3294 3450 δὲ
3307 3391 3373 3465 ἦν
3399 3395 3535 3449 ότοῦ
3550 3396 3691 3450 Θεοῦ

2102 3482 2279 3553 λόγος.
2314 3480 2410 3549 Οἷς
2438 3484 2564 3556 ἑξῆς
2597 3485 2838 3553 ἐπιλέγει
2863 3500 2879 3512 “
2919 3502 2936 3535 ι
2967 3485 3076 3536 Καὶ
3097 3483 3250 3537 ἔσται
3279 3483 3341 3537 τὸ
3375 3485 3691 3554 ὑπόλειμμα

2115 3575 2309 3630 Ἰακὼϐ
2357 3579 2414 3630 ἐν
2446 3580 2557 3640 τοῖς
2600 3576 2828 3637 ἔθνεσιν,
2861 3576 2920 3629 ὲν
2956 3575 3108 3647 μέσῳ
3152 3575 3295 3628 λαῶν
3346 3574 3576 3639 πολλῶν,
3608 3575 3692 3637 ὡς

2102 3666 2238 3721 λέων
2271 3669 2330 3722 ὲν
2360 3672 2472 3733 τοῖς
2505 3670 2725 3740 κτήνεσι
2753 3667 2846 3721 τοῦ
2872 3666 3098 3738 δρυμοῦ,
3133 3668 3228 3721 καὶ
3254 3667 3331 3729 ὡς
3361 3666 3597 3735 σκύμνος
3627 3666 3693 3718 ὲν

2104 3762 2377 3832 ποιμνίοις
2402 3762 2689 3835 προϐάτων
2709 3779 2722 3792 ·
2755 3761 2815 3815 ὃν
2841 3761 3042 3833 τρόπον
3068 3760 3196 3812 ὅταν
3221 3757 3422 3831 διέλθῃ.
3457 3758 3552 3812 καὶ
3578 3756 3693 3811 δια-

2105 3856 2319 3919 στείλας
2352 3855 2595 3927 άρπάσῃ,
2630 3853 2724 3907 καὶ
2754 3851 2829 3923 μὴ
2924 3853 2953 3903 ὁ
2980 3848 3365 3922 ἐξαιρούμενος
3387 3865 3400 3878 ·
3442 3868 3461 3899 ι
3496 3849 3566 3903 δι’
3606 3842 3691 3903 ὧν

2102 3943 2256 4018 οἶμαι
2277 3944 2567 4017 δηλοῦσθαι
2590 3943 2651 3997 τὸ
2680 3942 2976 4013 θαρσαλέον
3011 3941 3103 3995 καὶ
3135 3939 3553 4007 ἀκατάπληκτον
3589 3938 3691 3992 τοῦ

2106 4036 2462 4094 ἀποστολικοῦ
2512 4035 2886 4108 κηρύγματος.
2934 4032 3100 4100 Δίκην
3151 4032 3283 4099 γοῦν
3323 4029 3533 4093 λέοντος
3591 4031 3691 4084 καὶ

2107 4131 2346 4202 σκύμνου
2394 4132 2451 4183 ὲν
2481 4128 2558 4198 τῷ
2591 4126 2783 4200 δρυμῷ
2826 4126 2935 4179 τῶν
2962 4126 3153 4189 ἐθνῶν,
3186 4125 3279 4178 καὶ
3312 4126 3370 4178 ὲν
3414 4126 3535 4187 ταῖς
3575 4123 3691 4178 τῶν

2105 4222 2456 4296 ἀνθρωπίνων
2480 4221 2767 4292 προϐάτων
2799 4219 3023 4289 ἀγέλαις
3060 4218 3418 4281 εἰσϐαλόντες,
3447 4217 3543 4269 καὶ
3572 4216 3687 4271 δια-

2108 4315 2411 4376 στείλαντες
2432 4317 2557 4375 τοὺς
2585 4311 2767 4379 ἀξίους
2793 4311 2902 4364 ἀπὸ
2933 4309 3038 4362 τῶν
3061 4309 3316 4376 ἀναξίων,
3340 4308 3689 4379 ὑπηγάγοντο

2106 4407 2182 4478 τῷ
2205 4404 2442 4476 Χριστοῦ
2473 4404 2615 4473 λόγῳ
2640 4420 2652 4434 ·
2685 4402 2820 4473 πρὸς
2846 4402 2907 4455 δν
2931 4402 3059 4470 ἑξῆς
3098 4402 3459 4470 ἀναφωνεῖται
3490 4398 3559 4452 τά
3593 4399 3687 4452 ἀπ’

422 4510 682 4565 ruentes,
718 4508 773 4557 et
803 4502 1191 4573 dispertientes
1235 4503 1433 4575 dignos
1476 4504 1546 4558 ab
1589 4503 1831 4574 indignis
1854 4542 1869 4568 ,
1902 4518 1999 4558 eos

2107 4500 2267 4555 αὐτοῦ
2293 4516 2307 4529 ο
2342 4518 2361 4550 ι
2410 4496 2787 4568 Ὑψωθήσεται
2837 4496 2870 4565 ἡ
2901 4494 3022 4565 χείρ
3053 4510 3146 4546 σου
3190 4493 3283 4547 ἐπὶ
3324 4493 3450 4555 τοὺς
3480 4490 3677 4544 θλίϐονο

420 4590 627 4647 Christi
661 4592 829 4647 verbo
858 4593 1236 4662 subjecerunt.
1274 4594 1354 4648 Ad
1384 4610 1547 4664 quem
1580 4594 1841 4665 deinceps
1872 4609 2001 4665 pro-

421 4685 693 4748 feruntur,
724 4699 846 4753 qua!
876 4685 946 4739 ab
983 4685 1105 4754 ipso
1144 4685 1257 4740 sint
1300 4694 1623 4739 manatura:
1658 4704 1676 4736 ι
1709 4686 2001 4741 extolletur

419 4793 617 4832 manus
650 4786 741 4831 tua
771 4792 938 4848 super
966 4776 1272 4848 aﬂligentes
1318 4783 1406 4841 te,
1452 4787 1506 4832 et
1544 4792 1741 4832 omnes
1792 4777 2001 4832 inimici

417 4868 496 4922 ttti
528 4867 824 4938 perdentur
852 4886 864 4922 :
908 4886 927 4919 ι
956 4868 1106 4938 quod
1140 4869 1485 4938 ipsum'sane
1514 4868 1682 4924 etiam
1712 4869 1890 4924 oculis
1918 4870 2002 4923 in-

419 4961 561 5015 tueri
594 4961 740 5015 licet.
775 4961 1039 5027 Quamvis
1087 4961 1235 5016 enim
1272 4961 1495 5024 multis,
1539 4962 1790 5031 quamvis
1835 4961 2000 5015 innu-

417 5050 777 5107 merabilibus
799 5091 815 5117 ,
843 5050 1054 5108 Christi
1081 5052 1313 5108 verbum
1346 5052 1579 5107 antehae
1611 5050 1999 5121 aliligentibus,

417 5150 475 5199 et
503 5142 666 5198 hodie
702 5158 924 5216 quoque
963 5145 1410 5217 oppugnantibus
1432 5184 1448 5210 ,
1482 5144 1649 5201 altius
1682 5153 1866 5200 tamen
1913 5160 1999 5215 tp-

419 5251 542 5293 sum
573 5236 745 5305 abiit,
789 5247 845 5294 et
875 5241 1153 5311 potentius
1185 5240 1400 5296 cunctis
1442 5238 1696 5295 eﬁ'ectum
1735 5248 1840 5296 est.
1892 5236 2001 5295 Sed

2100 4594 2198 4657 τάς
2240 4609 2320 4656 σε,
2356 4590 2451 4644 καὶ
2511 4588 2714 4651 πάντες
2753 4588 2802 4639 oi
2836 4587 3017 4656 ἐχθροί
3066 4603 3158 4639 σου
3210 4582 3687 4655 ὲξολοθρευθησον-

2101 4701 2220 4741 ται·
2252 4683 2281 4737 ὃ
2307 4684 2400 4738 καὶ
2430 4681 2562 4736 αὐτὸ
2597 4680 2859 4751 πάρεστιν
2890 4678 3189 4749 ὀφθαλμοῖς
3217 4675 3670 4749 παραλαμϐάνειν

2102 4775 2328 4848 Μυρίων
2356 4774 2466 4845 γὰρ
2491 4774 2631 4827 ὅσων
2656 4773 2748 4826 τὸν
2781 4771 3018 4845 Χριστοῦ
3052 4771 3211 4839 λόγον
3240 4768 3565 4838 θλιψάντων,
3598 4769 3686 4820 καὶ

2103 4867 2271 4920 εἰσέτι
2322 4866 2417 4920 νῦν
2470 4863 2872 4935 πολεμούντων,
2927 4860 3217 4933 ὑπερήρθη
3273 4859 3367 4913 καὶ
3425 4856 3685 4928 κρείττων

2100 4960 2318 5014 πάντων
2347 4959 2591 5027 γέγονεν.
2636 4955 2796 5008 Ἀλλά
2827 4956 2922 5009 καὶ
2955 4952 3146 5024 ὑψώθη
3192 4953 3225 5023 ή
3261 4950 3382 5023 χεὶρ
3410 4948 3504 5001 τοῦ
3555 4949 3681 5017 Χριο

2101 5050 2228 5105 στοῦ
2282 5049 2424 5105 κατά
2471 5048 2691 5103 πάντων
2737 5046 2846 5100 τῶν
2897 5046 3201 5114 θλιψάντων
3255 5042 3419 5096 αὐτόν
3441 5059 3454 5071 ·
3515 5040 3572 5093 οῖ
3631 5056 3695 5091 τε

2101 5142 2286 5217 ἐχθροὶ
2310 5138 2472 5195 αὑτοῦ
2504 5141 2723 5203 πάντες,
2759 5141 2808 5192 οἱ
2842 5137 2985 5193 κατὰ
3016 5136 3242 5206 χρόνους
3264 5131 3693 5202 ἐπανιστάμενοι

2102 5233 2267 5291 αὑτοῦ
2292 5236 2358 5304 τῇ
2397 5230 2711 5301 Ἐκκλησία,
2739 5225 3283 5298 ὲξολοθρευυήσεσθαι
3312 5223 3585 5292 λέγονται.

419 5331 583 5385 etiam
636 5330 693 5386 in
748 5333 969 5389 sublimi
1025 5336 1291 5391 collocata
1350 5346 1434 5393 est
1464 5352 1663 5393 manus
1707 5336 1942 5401 Christi,
2005 5342 2199 5389 contra
2230 5346 2421 5387 omnes
2461 5330 2555 5399 qui
2591 5328 2773 5398 ipsum
2818 5323 3112 5379 afﬂixerint
3143 5342 3173 5377 ε»
3205 5323 3440 5392 ejusque
3478 5314 3688 5372 inimici

421 5421 697 5486 universi,
733 5422 899 5479 variis
929 5427 1269 5494 temporibus
1303 5434 1495 5483 contra
1525 5427 1646 5497 ejus
1677 5416 1979 5481 Ecclesiam
2010 5423 2360 5492 insurgentes
2380 5463 2394 5488 ,
2429 5417 2691 5491 perdendi
2719 5431 2848 5472 esse~
2871 5416 3155 5470 dicuntur.

950 5515 1060 5571 LII.
1099 5518 1142 5571 Α
1176 5517 1461 5587 Sophonia.

498 5626 518 5657 ‹
546 5607 684 5673 Quia
713 5615 846 5665 tunc
875 5623 1191 5667 convertam
1219 5613 1274 5668 in
1301 5613 1534 5684 pooulos
1560 5612 1838 5685 linguam,
1867 5620 1924 5668 ut
1947 5610 2005 5667 in

496 5698 542 5727 ’⁵
576 5699 737 5755 Mit-h.
776 5717 831 5762 ν,
871 5700 987 5756 7-9.

502 5792 577 5865 (ll
616 5793 772 5847 Οὐδ’.
801 5790 961 5852 Forte
985 5794 1102 5848 οὐκ.
1139 5792 1297 5849 Εοιτ.
1334 5791 1508 5848 Pam.

2530 5511 2656 5564 NB'.
2684 5509 2817 5564 Ἀπὸ
2848 5507 2953 5561 τοῦ
2985 5503 3300 5575 Σορονίου.

2245 5606 2368 5662 ’Ὀτι
2402 5604 2524 5657 τότε
2569 5596 2924 5670 μεταστρέψω
2970 5596 3060 5647 ἐπὶ
3108 5594 3268 5655 λαοὺς
3314 5590 3571 5661 γλῶσσαν
3614 5588 3698 5650 εἰς

2183 5784 2259 5850 (2)
2294 5785 2473 5840 Οὔτε.
2507 5782 2668 5841 Ferte
2696 5782 2816 5839 οὑκ.
2846 5780 3003 5841 Enn.
3031 5779 3215 5836 l‘us.
