3846 6214
191 294 291 347 157

1102 290 1763 350 DEMONSTRATIONIS
1808 290 2272 369 ΕνΑΝεΕιιυΑι
2311 296 2441 346 LIB.
2483 297 2548 347 lt.

3360 295 3462 377 15‘s

188 409 358 477 δνομα
392 407 634 479 Κυρίου,
678 405 776 460 τοῦ
811 367 1084 460 δουλεύειν
1126 405 1279 476 αὐτῷ
1326 406 1431 461 ὑπὸ
1463 405 1624 476 ζυγὸν
1667 405 1784 460 ἕνα.
1817 451 1825 467 ι

1891 405 2115 460 nomine
2137 403 2354 460 Domini
2387 404 2635 461 serviant
2663 402 2714 459 ei
2743 402 2845 460 sub
2866 402 3001 474 jugo
3031 418 3159 459 uno.
3186 403 3232 458 A
3262 403 3464 462 ﬁnibus

199 498 294 550 Ἐκ
326 499 591 567 περάτων
639 496 905 566 ποταμῶν
946 495 1230 560 Αἰθιοπίας
1263 494 1627 568 προσδέξομαι
1657 497 1784 560 τοὺς

190 590 538 654 ἱκετεύοντάς
572 607 641 660 με
663 606 679 619 ·
718 588 828 642 υἱοὶ
862 588 971 641 τῶν
997 588 1410 659 διεσπαρμένων
1451 588 1657 643 οἴσουσι
1687 587 1783 641 θυ-

191 681 309 744 σίας
358 697 477 751 μοι.
525 681 619 735 Ἐν
648 684 717 752 τῇ
752 679 937 751 ἡμέρᾳ
965 680 1148 752 ἐκείνῃ
1181 682 1243 734 οὐ
1276 681 1351 753 μὴ
1379 679 1785 752 καταισχυνθῇς

187 777 253 831 ἐκ
283 778 510 832 πάντων
541 777 651 830 τῶν
682 774 1130 848 ἐπιτηδευμάτων
1153 790 1269 838 σου,
1295 766 1370 827 ὧν
1404 771 1678 843 ἠσέϐησας
1706 773 1786 834 εἰς

188 866 320 936 ἐμέ·
359 867 447 920 ὅτι
477 867 604 920 τότε
642 866 883 938 περιελῶ
921 866 1028 919 ἀπὸ
1071 864 1164 918 σοῦ
1196 862 1265 916 τὰ
1297 862 1646 933 φαυλίσματα
1684 861 1785 931 τῆς

189 957 398 1030 ὕϐρεώς
435 975 559 1023 σου,
585 960 681 1013 καὶ
714 960 905 1012 οὐκέτι
953 959 1012 1011 οὗ
1051 958 1125 1029 μὴ
1154 956 1457 1028 προστεθῇς
1483 956 1578 1009 τοῦ
1618 973 1784 1027 μεγα-

187 1052 457 1122 λαυχῆσαι
491 1054 587 1106 ἐπὶ
614 1054 675 1106 τὸ
699 1053 824 1124 δρος
848 1054 912 1107 τὸ
945 1053 1098 1122 ἆγιόν
1131 1071 1254 1123 μου,
1287 1054 1381 1106 καὶ
1423 1052 1787 1122 ὑπολείψομαι

185 1145 243 1199 ἐν
276 1145 361 1198 σοὶ
407 1146 541 1199 λαὸν
584 1149 760 1218 πρᾶον
794 1147 890 1201 καὶ
930 1147 1218 1201 ταπεινόν
1270 1147 1364 1199 καὶ
1397 1144 1787 1216 εὐλαϐήσονται

186 1237 240 1287 ἐν
262 1235 345 1306 τῷ
367 1236 607 1308 ὀνόματι
636 1237 845 1308 Κυρίου
879 1238 929 1290 oi
958 1235 1277 1290 κατάλοιποι
1297 1235 1392 1288 τοῦ
1433 1235 1667 1307 Ἰσραὴλ,
1693 1234 1788 1288 καὶ

183 1327 245 1379 οὐ
271 1329 606 1397 ποιήσουσιν
632 1327 869 1391 ἀδικίαν,
902 1327 998 1381 καὶ
1025 1328 1088 1380 οὐ
1111 1327 1404 1398 λαλήσουσι
1438 1326 1662 1397 μάταια,
1696 1325 1789 1378 καὶ

182 1418 245 1472 οὗ
278 1419 355 1490 μὴ
379 1418 590 1491 εὑρεθῇ
622 1421 682 1472 ὲν
716 1419 946 1490 στόματι
975 1418 1155 1473 αὐτῶν
1176 1416 1397 1487 γλῶσσα
1438 1415 1619 1470 δολία·
1655 1415 1789 1468 διότι

183 1511 335 1565 αὐτοὶ
359 1514 704 1583 νεμήσονται
733 1512 832 1566 καὶ
871 1510 1341 1583 κοιτασθήσονται,
1383 1509 1479 1563 καὶ
1510 1508 1611 1561 οὐκ
1637 1506 1789 1560 ἔσται

180 1607 211 1659 ὁ
247 1602 506 1672 ἐκφοϐῶν
559 1603 780 1668 αὐτούς.
823 1622 845 1656 ι
900 1604 1011 1657 Kal.
1045 1605 1103 1655 ἐν
1156 1602 1367 1665 τούτοις
1402 1597 1788 1669 ὑπολείψεσθαι

180 1695 362 1766 ἐαυτῷ
402 1695 538 1750 λαὸν
577 1696 766 1769 πραῢν
794 1696 889 1750 καὶ
922 1694 1176 1749 ταπεινὸν
1202 1694 1232 1746 ό
1276 1694 1480 1765 Κύριος
1518 1691 1792 1764 ἐπήγγελ-

1885 496 2172 553 ﬂuminum
2208 496 2504 568 Ethiopian
2546 497 2846 567 suscipiam
2883 496 3258 568 supplicantes
3289 498 3421 551 mihi
3450 516 3464 552 :

1884 591 2260 662 dispersorum
2312 591 2491 646 ferent
2537 589 2749 647 hostias
2797 590 2956 644 mihi.
3006 589 3065 644 In
3110 591 3200 646 die
3229 591 3323 644 illa
3352 606 3465 646 non

1885 684 2185 739 erubesces
2221 698 2288 738 ex
2332 683 2590 738 omnibus
2633 682 2833 737 studiis
2879 683 3018 748 tuis,
3054 682 3256 753 quibus
3300 684 3467 752 impie

1886 775 2043 846 egisti
2075 775 2365 831 adversum
2394 790 2524 842 me;
2551 776 2680 846 quia
2714 782 2845 829 tunc
2893 774 3138 831 auferam
3182 791 3215 830 a
3240 783 3294 831 te
3338 792 3467 847 pro-

1887 869 1984 923 bra
2015 868 2364 924 contumeliae
2394 876 2501 922 tua:
2521 909 2535 932 ,
2568 878 2623 922 et
2654 884 2762 923 non
2794 869 2941 922 ultra
2979 866 3210 938 adjicies
3240 870 3468 940 gloriari
3536 894 3549 905 -

1888 974 2057 1029 super
2083 966 2267 1015 monte
2296 968 2491 1015 saneto
2521 974 2681 1024 meo,
2724 967 2779 1014 et
2822 959 3129 1029 relinquam
3171 960 3229 1015 in
3270 968 3324 1016 te
3364 976 3469 1032 po-

1888 1052 2074 1120 putum
2136 1059 2484 1106 mansuetum
2541 1057 2597 1105 et
2648 1050 2943 1114 humilem,
2987 1057 3042 1106 et
3091 1051 3366 1106 cavebunt
3409 1051 3470 1107 in

1889 1144 2115 1198 nomine
2160 1140 2419 1206 Domini,
2463 1143 2557 1205 qui
2604 1141 2801 1212 reliqui
2848 1141 3053 1197 fuerint
3080 1158 3145 1198 ex
3178 1142 3384 1210 Israel,
3414 1152 3470 1200 et

1887 1251 1998 1291 non
2026 1234 2232 1291 facient
2262 1234 2618 1305 injustitiam,
2651 1243 2706 1290 et
2738 1250 2846 1289 non
2880 1235 3174 1305 loquentur
3205 1251 3345 1291 vana
3367 1276 3383 1301 ,
3414 1242 3471 1292 et

1887 1343 2000 1383 non
2034 1328 2344 1383 invenietur
2373 1328 2429 1382 in
2457 1343 2552 1383 ore
2590 1343 2781 1383 eurum
2826 1327 3011 1399 lingua
3052 1328 3285 1397 dolosa;
3331 1343 3471 1400 quo.

1888 1419 2037 1474 niam
2074 1420 2178 1490 ipsi
2215 1427 2513 1489 pascentur
2540 1428 2595 1475 et
2631 1420 2948 1485 eubabunt,
2991 1428 3045 1476 et
3081 1435 3191 1475 non
3228 1420 3334 1476 erit
3374 1420 3471 1493 qui

1889 1516 2165 1565 exterreat
2193 1526 2289 1565 eos
2319 1511 2386 1566 ⁸ο.
2422 1531 2439 1562 ι
2468 1510 2576 1581 83
2609 1509 2668 1564 lu
2715 1512 2805 1567 his
2836 1513 2965 1566 item
3006 1513 3324 1568 relicturum
3364 1512 3471 1568 sibi

1890 1600 2148 1671 populum
2170 1609 2514 1656 mansuetum
2541 1610 2596 1654 et
2623 1602 2881 1656 humilem
2905 1601 3167 1659 Dominus
3193 1603 3472 1675 pollicitus

1891 1701 1974 1748 est
1994 1734 2008 1756 ,
2042 1709 2150 1747 non
2182 1694 2350 1748 alium
2384 1696 2576 1765 utique
2607 1695 2926 1767 signiﬁcans
2947 1736 2962 1760 ,
2991 1711 3158 1766 quam
3183 1711 3308 1752 eum
3331 1734 3348 1763 ,
3377 1698 3472 1768 qui

178 1806 291 1849 ται,
320 1789 430 1841 οὐκ
476 1788 641 1845 ἄλλον
689 1788 887 1859 δηλῶν,
922 1789 955 1859 ἦ
1000 1787 1092 1840 τὸν
1133 1789 1199 1839 ἐκ
1242 1785 1545 1858 περιτομῆς
1580 1785 1662 1847 είς
1696 1784 1784 1836 τὸν
1820 1775 1825 1828 l

1891 1784 1959 1839 de
1986 1784 2411 1841 circumcisione
2438 1786 2491 1840 in
2524 1786 2808 1842 Christum
2836 1787 3010 1857 ipsius
3041 1788 3113 1843 sit
3136 1788 3471 1844 crediturus.

179 1880 422 1951 Χριστὸν
451 1881 623 1934 αὑτοῦ
664 1882 1088 1935 πεπιστευκότα.
1118 1881 1228 1934 Καὶ
1262 1878 1423 1933 πάλιν
1463 1879 1589 1941 τοὺς
1620 1893 1787 1930 κατα-

179 1974 403 2039 λοίπους
449 1975 549 2028 τοῦ
600 1974 817 2046 Ἰσραὴλ
868 1974 1063 2043 μόνους
1103 1972 1447 2044 σωθήσεσθαι
1501 1969 1639 2041 μετὰ
1683 1969 1787 2036 τῆς

177 2066 287 2120 τῶν
322 2065 536 2121 λοιπῶν
563 2066 736 2120 ἐθνῶν
765 2066 1031 2138 κλήσεως,
1061 2066 1130 2138 ῆν
1173 2066 1234 2119 ἐν
1259 2066 1374 2127 τοῖς
1418 2061 1656 2134 πρώτοις
1686 2061 1788 2133 τῆς

178 2158 530 2230 προφητείας
562 2160 878 2230 ἐσήμαινεν.

580 2274 705 2326 NI".
750 2272 896 2326 Ἀπὸ
924 2271 1032 2326 τοῦ
1064 2271 1389 2341 Ζαχαρίου.

252 2381 271 2414 ι
314 2361 459 2416 Ἰδοὺ
496 2361 685 2434 ἡμέρα
723 2360 942 2433 ἔρχεται
972 2364 1031 2416 ἐν
1056 2362 1160 2426 σοὶ,
1185 2362 1279 2415 καὶ
1307 2358 1785 2433 διαμερισθήσεται

171 2451 242 2505 τὰ
273 2451 461 2505 σκῦλά
493 2468 594 2505 σου
628 2454 686 2504 ἐν
724 2454 809 2507 σοί
829 2471 844 2484 θ
877 2454 973 2506 καὶ
1006 2450 1319 2516 ἐπισυνάξω
1352 2452 1531 2504 πάντα
1558 2450 1629 2503 τὰ
1655 2448 1785 2519 ἔθνη

174 2545 266 2596 ἐπὶ
309 2543 682 2616 Ἰερουσαλὴμ
703 2546 785 2609 είς
819 2545 1079 2615 πόλεμον,
1111 2543 1206 2596 καὶ
1239 2540 1506 2595 ἁλώσεται
1534 2542 1568 2612 ἡ
1605 2540 1782 2603 πόλις,

173 2635 269 2687 καί
300 2634 791 2706 διαρπαγήσονται
828 2634 1019 2698 οἰκίαι,
1067 2635 1163 2688 καὶ
1194 2636 1249 2686 αἱ
1288 2635 1550 2702 γυναῖκες
1591 2632 1784 2702 μολυν-

172 2725 464 2794 θήσονται,
517 2726 616 2779 καὶ
650 2722 995 2792 ἐξελεύσεται
1025 2725 1088 2778 τὸ
1130 2725 1300 2795 ἥμισυ
1342 2724 1447 2794 τῆς
1489 2723 1695 2786 πόλεως
1728 2724 1787 2775 ἐν

173 2817 560 2888 αἰχμαλωσίᾳ·
603 2819 654 2870 οἱ
696 2817 755 2870 δὲ
799 2817 1120 2872 κατάλοιποι
1167 2815 1263 2870 τοῦ
1309 2816 1440 2870 λαοῦ
1478 2832 1579 2886 μου
1610 2814 1672 2867 οὐ
1712 2813 1786 2886 μὴ

174 2908 740 2980 ἐξολοθρευθήσονται
787 2912 851 2964 ἐκ
891 2910 994 2980 τῆς
1045 2909 1278 2971 πόλεως.
1338 2906 1357 2959 ›
1409 2906 1637 2978 Συνᾲδει
1693 2907 1787 2959 καὶ

170 3001 347 3053 ταῦτα
376 3002 495 3063 τοῖς
525 2998 969 3071 προτεθειμένοις
997 2999 1089 3052 ἐπὶ
1116 2998 1194 3070 τῷ
1215 2997 1423 3069 ὀλέθρῳ
1454 2996 1550 3050 τοῦ
1585 2997 1786 3059 παντὸς

184 3090 463 3145 Ἰουδαίων
509 3090 718 3154 ἔθνους,
763 3089 1077 3161 μετελθόντι
1117 3091 1317 3154 αὐτοὺς
1367 3088 1506 3168 μετὰ
1545 3089 1645 3161 τὴν
1689 3087 1784 3141 τοῦ
1814 3114 1855 3170 c

172 3182 418 3253 Χριστοῦ
445 3181 1209 3253 παρουσίανηπεπληρωμένα.
1239 3180 1395 3234 Μετὰ
1423 3176 1516 3234 οὖν
1547 3180 1648 3251 τὴν
1680 3181 1787 3234 ἀπὸ

174 3272 505 3337 Βαϐυλῶνος
549 3273 808 3327 ἐπάνοδον
838 3273 1013 3326 ταῦτα
1046 3276 1075 3326 ό
1111 3273 1389 3345 Ζαχαρίας
1423 3274 1784 3346 προφητεύει,

176 3362 459 3429 θεσπίζων
503 3364 606 3435 τὴν
642 3365 749 3418 ὑπὸ
799 3366 1087 3436 Ῥωμαίων
1129 3366 1504 3437 γενησομένην
1540 3366 1782 3436 ὑστάτην

177 3456 509 3529 πολιορκίαν
537 3456 635 3510 τοῦ
672 3456 825 3521 λαοῦ,
860 3459 942 3526 ἐφ’
1054 3458 1147 3511 τοῦ
1180 3459 1382 3523 παντὸς
1412 3458 1599 3522 ἔθνους
1651 3459 1786 3511 Ἰου-

176 3549 342 3603 δαίων
361 3549 695 3621 ὑποχειρίου
720 3552 832 3611 τοῖς
854 3548 1136 3619 πολεμίοις
1163 3551 1561 3622 γενησομένου,
1594 3552 1788 3623 μόνους

179 3641 459 3712 φησὶξτοὺς
469 3640 842 3704 καταλοεπους
863 3640 957 3694 τοῦ
978 3640 1109 3694 λαοῦ
1130 3640 1491 3713 σωθήσεσθαι,
1521 3644 1784 3715 ἄντικρυς

180 3735 379 3798 αὐτοὺς
431 3733 566 3796 τοὺς
610 3733 942 3799 ἀποστόλους
960 3735 1056 3788 τοῦ
1108 3735 1363 3807 Σωτῆρος
1406 3735 1561 3807 ἡμῶν
1589 3736 1784 3807 δηλῶν.

590 3846 714 3899 ΝΔ’.
759 3846 906 3901 Ἀπό
941 3848 1049 3902 τοῦ
1084 3850 1384 3918 Ἰερεμίου.

253 3960 273 3991 ι
325 3939 773 4011 Ἐπιστράφητε,
808 3939 916 3992 υἱοὶ
947 3940 1342 4009 ἀφεστηκότες,
1373 3940 1522 4009 λέγει
1560 3941 1785 4013 Κύριοςσ

183 4031 315 4085 διότι
337 4029 457 4099 ἐγὼ
479 4028 904 4100 κατακυριεύσω
926 4028 1101 4100 ὑμῶν,
1126 4031 1222 4083 καὶ
1236 4029 1477 4101 λήψομαι
1501 4032 1666 4101 ὑμᾶς,
1691 4031 1786 4084 ἕνα

184 4123 245 4175 ἐκ
272 4121 515 4185 πόλεως,
553 4120 649 4173 καὶ
675 4119 769 4173 δύο
792 4121 855 4173 ἐκ
888 4120 1144 4190 πατριᾶς-
1182 4121 1275 4175 καὶ
1307 4120 1508 4188 εἰσάξω
1536 4123 1680 4192 ὑμᾶς
1707 4124 1788 4186 εἰς

184 4212 343 4277 Σιὼν,
371 4212 471 4265 καὶ
499 4209 661 4264 δώσω
685 4213 814 4283 ὑμῖν
836 4213 1103 4284 ποιμένας
1126 4212 1268 4266 κατὰ
1287 4212 1385 4285 τὴν
1403 4214 1633 4285 καρδίαν
1659 4233 1783 4286 μου,

185 4303 277 4356 καὶ
306 4301 680 4372 ποιμανοῢσιν
706 4304 872 4375 ὑμᾶς,
903 4304 1286 4375 ποιμαίνοντες
1310 4306 1428 4376 μετ’
1451 4307 1781 4377 ἐπιστήμης.

183 4394 293 4448 Καὶ
352 4394 539 4458 ἔσται,
584 4394 682 4448 ἐὰν
731 4396 1097 4468 πληθυνθῆτε,
1143 4397 1238 4450 καὶ
1296 4397 1589 4469 αὐξηθῆτε,
1632 4398 1781 4467 λέγει

183 4485 411 4556 Κύριος,
467 4488 531 4540 ἐν
570 4489 694 4549 ταῖς
735 4487 970 4561 ἡμέραις
998 4488 1236 4552 ἐκείναις
1267 4490 1367 4542 οὐκ
1417 4488 1634 4560 ἐροῦσιν
1675 4489 1775 4542 ἔτι·

184 4578 435 4640 Κιϐωτὺς
478 4578 761 4649 Διαθὴκης
797 4579 1003 4651 Κυρίου
1060 4579 1278 4652 Ἰσραὴλ
1315 4581 1415 4634 οὐκ
1448 4581 1781 4652 ἀναϐήσεται

185 4670 277 4722 ἐπὶ
308 4669 568 4741 καρδίαν,
592 4670 715 4723 οὐδὲ
735 4670 1190 4743 όνομασθήσεται,
1221 4671 1316 4725 καὶ
1338 4672 1400 4725 οὺ
1424 4671 1781 4742 ποιηθήσεται

185 4761 281 4813 ἔτι.
343 4780 363 4812 ι
430 4759 606 4832 Ὁμοῦ
657 4761 751 4815 καὶ
794 4762 851 4815 ἐν
893 4761 1097 4826 τούτοις
1150 4762 1250 4832 τὴν
1306 4762 1640 4833 ἐπιστροφὴν
1685 4761 1780 4814 τοῦ

198 4853 415 4923 Ἰσραὴλ
450 4853 555 4923 τὴν
588 4854 648 4906 ἐν
676 4856 744 4925 τῇ
777 4846 1048 4926 παρουσίᾳ
1077 4854 1172 4908 τοῦ
1204 4854 1460 4927 Σωτῆρος
1483 4854 1639 4926 ἡμῶν
1677 4854 1782 4925 Ἰη-

189 4944 283 4998 οοῦ
314 4943 561 5016 Χριστοῦ
599 4947 968 5017 γενησομένην
999 4945 1264 5012 θεσπίζει,
1295 4946 1416 5000 καθ’
1450 4944 1538 5017 ῆν,
1586 4945 1684 5000 ἕνα
1712 4948 1782 4999 ἐκ

188 5019 419 5102 πόλεως,
437 5037 536 5091 καὶ
549 5036 644 5090 δύο
660 5040 725 5091 ἐκ
743 5040 1000 5110 πατριάς,
1021 5040 1114 5093 καὶ
1132 5039 1333 5111 σφόδρα
1352 5038 1666 5106 όλιγοστοὺς
1683 5038 1778 5091 καὶ

190 5128 406 5201 ἀριθμῷ
434 5128 661 5201 βραχεῖς
690 5130 1069 5202 ἐκλεξάμενος,
1093 5132 1359 5204 ποιμένας
1377 5130 1483 5185 τῶν
1508 5132 1589 5195 είς
1615 5129 1778 5185 αὐτὸν

191 5221 637 5275 πεπιστευκότων
686 5220 856 5275 ἐθνῶν
898 5222 998 5295 (1),
1034 5224 1130 5277 καὶ
1165 5222 1511 5295 αὐξηθέντων
1542 5221 1636 5276 ἐπὶ
1676 5221 1778 5292 τῆς

198 5310 290 5380 τῆς
306 5315 365 5366 ἐν
382 5314 450 5383 τῇ
473 5312 541 5366 δι’
556 5313 736 5366 αὐτῶν
758 5314 989 5387 ἐσομένη
1020 5315 1209 5387 κλήσει
1232 5334 1341 5369 των
1364 5315 1553 5369 ἐθνῶψ
1584 5332 1602 5366 ι
1629 5314 1774 5367 Οὐκ-

197 5401 288 5467 In,
308 5407 495 5475 φησιν,
512 5404 749 5477 ἐροῦσιν⁸
768 5409 1015 5473 thema;
1031 5409 1302 5479 Διαθὴκης
1317 5408 1543 5480 Κυρίου’
1558 5427 1577 5459 ι
1592 5406 1777 5460 οὐκέτι

200 5497 296 5566 γὰρ
327 5496 423 5551 ἐπὶ
456 5494 558 5560 τὰς
582 5496 828 5562 Μωσέως
854 5500 1288 5571 ἀναδραμοῦνται
1319 5497 1779 5571 σωμαεαωεέοας

1890 1874 1957 1928 Ει
1989 1890 2181 1930 rursus
2209 1890 2306 1930 eos
2338 1917 2352 1943 ,
2386 1877 2479 1946 qui
2518 1877 2719 1946 reliqui
2756 1877 2959 1933 fuerint
2987 1894 3055 1934 ex
3086 1877 3290 1944 Israel,
3327 1879 3473 1936 solos

1889 1967 2072 2022 salvos
2100 1965 2317 2022 futuros
2343 2007 2355 2027 ,
2395 1982 2520 2023 cum
2566 1969 2905 2039 reliquarum
2948 1971 3195 2040 gentium
3230 1973 3471 2027 vocatio-

1887 2075 1986 2125 ne,
2023 2074 2188 2131 quam
2224 2061 2380 2116 initio
2413 2062 2716 2132 prophetiae
2748 2062 3102 2132 signiﬁcavit.

2404 2259 2539 2319 LIII.
2588 2261 2632 2315 A
2672 2260 2959 2318 Zacharia.

1965 2368 1983 2400 ι
2013 2349 2154 2406 Ecce
2180 2350 2298 2408 dies
2328 2352 2511 2407 veniet
2536 2352 2592 2407 in
2621 2359 2694 2418 te,
2727 2360 2783 2408 et
2830 2353 3149 2410 dividentur
3173 2355 3347 2427 spolia
3380 2364 3473 2412 tua

1887 2441 1941 2495 in
1974 2448 2028 2495 te
2061 2460 2073 2496 :
2105 2449 2160 2495 et
2188 2443 2532 2513 congregabo
2578 2457 2772 2499 omnes
2802 2452 2995 2514 gentes
3035 2446 3092 2500 in
3133 2444 3473 2503 Hierusalem

1887 2532 1956 2587 ad
1996 2533 2218 2599 bellum,
2264 2542 2319 2588 et
2356 2537 2606 2605 capietur
2650 2536 2866 2597 civitas,
2920 2546 2975 2592 et
3015 2537 3346 2609 diripientur
3373 2541 3474 2596 do-

1886 2641 2031 2688 mus,
2063 2633 2120 2681 et
2144 2625 2403 2681 mulieres
2427 2626 2883 2698 inquinabuntur,
2908 2637 2963 2685 et
2984 2629 3154 2685 exibit
3187 2630 3474 2686 dimidium

1886 2717 2127 2773 civitatis
2158 2718 2213 2772 in
2243 2719 2563 2790 captivitate
2593 2738 2606 2775 :
2639 2720 2835 2791 reliqui
2870 2736 3004 2777 vero
3024 2737 3093 2778 ex
3125 2723 3329 2793 populo
3350 2739 3475 2780 meo

1887 2821 1997 2861 non
2044 2807 2343 2878 perdentur
2385 2809 2454 2864 de
2501 2809 2725 2865 civitate
2744 2810 2814 2866 ⁸¹.
2846 2830 2865 2863 ι
2914 2811 3300 2867 Consentanea
3347 2821 3481 2869 sunt

1888 2897 2004 2952 haec
2048 2898 2117 2953 iis
2146 2914 2271 2967 qua:
2318 2899 2601 2969 proposita
2657 2913 2789 2956 sunt
2816 2901 2884 2956 de
2931 2900 3160 2957 interitu
3204 2903 3478 2960 universa

1889 2990 2129 3046 nationis
2152 2988 2489 3055 Judazorum,
2510 2991 2602 3061 qui
2634 2991 2703 3045 ad
2730 2993 2850 3048 illas
2879 3002 3004 3063 post
3031 2993 3239 3050 Christi
3269 2995 3476 3051 adven-

1888 3091 2003 3137 tum
2040 3085 2307 3153 pervenit.
2350 3083 2478 3138 Haac
2519 3086 2668 3139 enim
2719 3084 3016 3143 Zacharias
3068 3095 3193 3158 post
3239 3087 3478 3145 reditum

1889 3177 1958 3233 de
2004 3177 2278 3249 Babylone
2314 3179 2668 3242 vaticinatur,
2719 3195 2926 3234 canens
2966 3189 3267 3236 extremam
3325 3183 3477 3238 illam

1889 3269 2074 3339 p0puli
2105 3272 2491 3336 vastationem,
2524 3288 2648 3343 quae
2670 3288 2702 3327 a
2731 3272 2997 3330 Romanis
3023 3274 3309 3331 inferenda
3335 3285 3475 3343 erat,

1889 3364 1945 3418 in
1975 3378 2082 3435 qua
2119 3378 2245 3418 eum
2283 3371 2397 3420 tota
2423 3363 2652 3421 Iudaica
2680 3382 2814 3438 gens
2848 3369 2904 3422 in
2947 3368 3186 3424 hostium
3231 3378 3476 3442 potesta-

1889 3462 1996 3510 tem
2030 3464 2259 3510 ventura
2293 3467 2459 3522 esset,
2495 3458 2645 3513 solos
2683 3472 2781 3512 eos
2827 3456 2987 3523 dicit,
3021 3459 3117 3529 qui
3159 3459 3229 3515 de
3276 3460 3475 3530 pepqu

1887 3548 2083 3617 reliqui
2116 3549 2341 3611 fuerint,
2374 3550 2556 3606 salvos
2590 3548 2707 3605 fore
2743 3569 2756 3606 :
2784 3551 2867 3607 sic
2886 3566 3019 3606 sane
3043 3552 3322 3623 apostolos
3356 3550 3480 3606 Sal-

1890 3640 2094 3695 vatoris
2126 3641 2300 3695 nostri
2323 3642 2670 3713 apertissime
2697 3641 3045 3713 significans.

2394 3841 2532 3896 LIV.
2588 3842 2667 3895 Ab
2705 3841 2964 3896 Ieremia.

1964 3918 1983 3985 ἑ
2017 3933 2435 4001 Convertimini,
2481 3935 2599 3999 filii,
2633 3934 2727 4004 qui
2774 3932 3077 3998 defecistis,
3122 3932 3259 3987 dicit
3298 3931 3479 3989 Domi-

1888 4041 2036 4092 nus;
2093 4025 2353 4095 quoniam
2393 4039 2496 4095 ego
2534 4024 2861 4079 dominatior
2905 4024 2962 4077 in
2999 4022 3175 4086 vobis,
3229 4029 3284 4078 et
3328 4024 3477 4079 acci-

1888 4119 2034 4191 piam
2057 4134 2179 4183 vos,
2217 4134 2389 4174 unum
2426 4120 2493 4175 de
2533 4119 2777 4184 civitate,
2805 4125 2863 4173 et
2887 4119 3029 4175 duos
3056 4117 3126 4174 de
3160 4116 3388 4183 familia,
3421 4127 3477 4176 et

1889 4211 2158 4266 adducam
2190 4227 2289 4267 vos
2329 4212 2387 4266 in
2418 4211 2574 4277 Sion,
2621 4219 2676 4267 et
2704 4211 2847 4267 dabo
2895 4210 3052 4267 vobis
3087 4217 3340 4280 pastores
3385 4226 3477 4267 se-

1888 4305 2128 4358 cundum
2159 4318 2255 4357 COI‘
2287 4319 2491 4369 meum,
2523 4312 2577 4359 et
2611 4312 2840 4374 pascent
2873 4319 2992 4367 VOS,
3025 4309 3314 4373 pascentes
3346 4319 3473 4358 cum

1891 4396 2139 4451 scientia.
2194 4393 2257 4448 Et
2286 4395 2412 4458 erit,
2446 4410 2572 4450 cum
2620 4392 2973 4466 multiplicati
3004 4395 3223 4450 fueritis
3265 4404 3320 4450 et
3349 4410 3471 4450 cre—

1885 4488 2098 4552 veritis,
2146 4485 2280 4542 dicit
2324 4487 2614 4551 Dominus,
2647 4487 2702 4541 in
2752 4486 2949 4542 diebus
2997 4487 3111 4543 illis
3145 4501 3259 4542 non
3289 4485 3474 4543 dicent

1885 4579 2121 4650 amplius
2167 4598 2179 4634 :
2218 4593 2349 4633 arca
2411 4577 2749 4633 Testamenti
2814 4577 3031 4634 Domini
3091 4580 3293 4646 Israel,
3360 4596 3471 4638 non

1884 4672 2145 4728 ascendet
2199 4672 2254 4726 in
2307 4685 2427 4735 cor,
2460 4686 2640 4740 neque
2687 4670 3086 4734 nominabitur,
3133 4681 3188 4727 et
3228 4688 3340 4727 non
3380 4672 3473 4728 ﬁet

1885 4762 2203 4834 amplius".
2236 4781 2256 4814 ι
2291 4761 2350 4817 1η
2382 4762 2469 4818 his
2493 4779 2715 4833 quoque
2745 4764 3163 4819 conversionem
3193 4763 3384 4830 Israel,
3411 4764 3467 4819 in

1884 4856 2125 4911 adventu
2157 4852 2461 4910 Salvatoris
2496 4856 2669 4911 nostri
2705 4852 2834 4909 Jesu
2865 4852 3076 4909 Christi
3102 4853 3343 4908 futuram
3374 4869 3467 4909 ca-

1883 4948 1985 5011 nit,
2016 4947 2073 5001 in
2109 4960 2239 5016 qua,
2274 4959 2400 4999 cum
2448 4928 2618 4999 unum
2667 4943 2734 4998 de
2771 4943 2991 4997 civitate
3018 4950 3073 4996 et
3113 4941 3253 4997 duos
3287 4942 3355 4997 de
3387 4940 3471 4995 fa-

1882 5038 2055 5102 milia,
2090 5043 2145 5092 et
2175 5034 2334 5091 valde
2360 5050 2566 5106 paucos
2621 5043 2676 5090 et
2707 5049 2938 5090 numero
2966 5034 3194 5104 exiguos
3221 5032 3464 5104 elegerit,

1880 5143 2072 5185 earum
2101 5145 2224 5200 qua:
2252 5128 2307 5182 in
2343 5128 2522 5198 ipsum
2549 5126 2883 5183 crediderint
2919 5126 3162 5198 gentium
3193 5134 3464 5196 pastores.

1880 5235 2118 5291 cumque
2146 5220 2204 5275 in
2246 5229 2392 5276 terra
2437 5225 2627 5290 gentes
2660 5218 2714 5272 in
2746 5234 2846 5274 sua
2883 5218 3126 5288 ipsarum
3157 5214 3342 5272 futura
3372 5230 3467 5271 vo-

1882 5315 2102 5369 catione
2133 5314 2410 5369 creverint
2445 5332 2458 5367 :
2506 5331 2526 5364 ι
2553 5310 2676 5368 Non
2730 5313 2896 5376 ultra,
2931 5312 3130 5382 inquit,
3159 5309 3230 5366 ab
3265 5309 3349 5366 eis
3380 5308 3466 5364 di-

1884 5416 2061 5472 cetur,
2112 5420 2243 5462 arca
2279 5404 2618 5462 Testamenti
2654 5402 2911 5470 Domini;
2945 5423 2965 5458 ι
3019 5419 3129 5459 non
3159 5401 3307 5459 enim
3345 5416 3463 5455 am-

1887 5500 2034 5571 plius
2064 5499 2132 5555 ad
2182 5497 2384 5570 Moysis
2417 5476 2734 5570 corporales
2779 5495 3126 5554 adorationes
3156 5501 3462 5561 recurrent,

256 5646 303 5679 ”
330 5648 577 5722 Sophon.
614 5666 697 5715 ιη,
740 5651 891 5708 9-15.
967 5654 1011 5687 ⁸¹
1060 5653 1289 5710 Zachar.
1327 5654 1594 5725 x1v,i,2.
1669 5655 1713 5690 ⁸³
1743 5655 1825 5710 let

1890 5654 1953 5708 ΙΙ.
1995 5656 2177 5711 ΙΔ-ίϐ.

262 5766 336 5836 (Ι)
377 5766 538 5825 Deest
576 5769 780 5836 aliquid
813 5769 878 5826 ad
904 5770 1318 5830 suﬂ'ulciendam
1342 5775 1691 5840 sententiam,
1726 5771 1863 5831 forte
1896 5774 2249 5847 καταστήσει.
2275 5772 2373 5831 En.
