  <div class='ocr_page' id='page_1' title='image "/cluster/home/n/w/nwhite01/storage/ocr_20150623/22/nnc1.0046978372/087.png"; bbox 0 0 3828 6216; ppageno 0'>
   <div class='ocr_carea' id='block_1_1' title="bbox 352 318 457 378">
    <p class='ocr_par' dir='ltr' id='par_1_1' title="bbox 352 318 457 378">
     <span class='ocr_line' id='line_1_1' title="bbox 352 318 457 378; baseline 0 -1"><span class='ocrx_word' id='word_1_1' title='bbox 352 318 457 378; x_wconf 73' lang='grc'><strong>159</strong></span> 
     </span>
    </p>
   </div>
   <div class='ocr_carea' id='block_1_2' title="bbox 992 307 2991 383">
    <p class='ocr_par' dir='ltr' id='par_1_2' title="bbox 992 307 2991 383">
     <span class='ocr_line' id='line_1_2' title="bbox 992 307 2991 383; baseline -0.006 -8"><span class='ocrx_word' id='word_1_2' title='bbox 992 319 1266 379; x_wconf 82' lang='lat' dir='ltr'><strong>EUSEBII</strong></span> <span class='ocrx_word' id='word_1_3' title='bbox 1304 315 1784 375; x_wconf 65' lang='lat' dir='ltr'><strong>CESARIENSIS</strong></span> <span class='ocrx_word' id='word_1_4' title='bbox 1823 313 1975 376; x_wconf 82' lang='lat' dir='ltr'><strong>OPP.</strong></span> <span class='ocrx_word' id='word_1_5' title='bbox 2018 312 2198 368; x_wconf 80' lang='lat' dir='ltr'><strong>PARS</strong></span> <span class='ocrx_word' id='word_1_6' title='bbox 2231 311 2295 368; x_wconf 89' lang='lat' dir='ltr'><strong>ll.</strong></span> <span class='ocrx_word' id='word_1_7' title='bbox 2334 342 2408 351; x_wconf 93' lang='lat'>—</span> <span class='ocrx_word' id='word_1_8' title='bbox 2441 307 2938 367; x_wconf 76' lang='lat' dir='ltr'><strong>AFOLOGETICA.</strong></span> <span class='ocrx_word' id='word_1_9' title='bbox 2984 376 2991 383; x_wconf 29' lang='grc' dir='ltr'><strong><em>α</em></strong></span> 
     </span>
    </p>
   </div>
   <div class='ocr_carea' id='block_1_3' title="bbox 3514 308 3615 360">
    <p class='ocr_par' dir='ltr' id='par_1_3' title="bbox 3514 308 3615 360">
     <span class='ocr_line' id='line_1_3' title="bbox 3514 308 3615 360; baseline 0.01 -1"><span class='ocrx_word' id='word_1_10' title='bbox 3514 308 3615 360; x_wconf 76' lang='grc'><strong>160</strong></span> 
     </span>
    </p>
   </div>
   <div class='ocr_carea' id='block_1_4' title="bbox 351 425 1933 510">
    <p class='ocr_par' dir='ltr' id='par_1_4' title="bbox 351 438 1931 510">
     <span class='ocr_line' id='line_1_4' title="bbox 351 438 1931 510; baseline -0.003 -13"><span class='ocrx_word' id='word_1_11' title='bbox 351 448 542 510; x_wconf 97' lang='lat' dir='ltr'><strong>utpote</strong></span> <span class='ocrx_word' id='word_1_12' title='bbox 609 458 731 499; x_wconf 91' lang='lat' dir='ltr'><strong>cum</strong></span> <span class='ocrx_word' id='word_1_13' title='bbox 784 444 865 500; x_wconf 88' lang='lat' dir='ltr'><strong>eis</strong></span> <span class='ocrx_word' id='word_1_14' title='bbox 941 454 1173 498; x_wconf 90' lang='lat' dir='ltr'><strong>novum&#39;</strong></span> <span class='ocrx_word' id='word_1_15' title='bbox 1210 441 1537 498; x_wconf 88' lang='lat' dir='ltr'><strong>tradendum</strong></span> <span class='ocrx_word' id='word_1_16' title='bbox 1601 442 1673 495; x_wconf 92' lang='lat' dir='ltr'><strong>sit</strong></span> <span class='ocrx_word' id='word_1_17' title='bbox 1734 438 1931 493; x_wconf 83' lang='lat' dir='ltr'><strong>Testa-</strong></span> 
     </span>
    </p>
   </div>
   <div class='ocr_carea' id='block_1_5' title="bbox 2046 425 3615 510">
    <p class='ocr_par' dir='ltr' id='par_1_5' title="bbox 2046 425 3615 506">
     <span class='ocr_line' id='line_1_5' title="bbox 2046 425 3615 506; baseline -0.005 -19"><span class='ocrx_word' id='word_1_18' title='bbox 2046 434 2368 506; x_wconf 78' lang='grc' dir='ltr'>θρησκείας,</span> <span class='ocrx_word' id='word_1_19' title='bbox 2427 432 2521 485; x_wconf 82' lang='grc' dir='ltr'>ἆτε</span> <span class='ocrx_word' id='word_1_20' title='bbox 2563 430 2753 498; x_wconf 82' lang='grc' dir='ltr'>καινῆς</span> <span class='ocrx_word' id='word_1_21' title='bbox 2808 427 3081 499; x_wconf 86' lang='grc' dir='ltr'>Διαθήκης</span> <span class='ocrx_word' id='word_1_22' title='bbox 3135 427 3318 489; x_wconf 74' lang='grc' dir='ltr'>αὐτοῖς</span> <span class='ocrx_word' id='word_1_23' title='bbox 3376 425 3615 495; x_wconf 56' lang='grc' dir='ltr'>παραδοα</span> 
     </span>
    </p>
   </div>
   <div class='ocr_carea' id='block_1_6' title="bbox 351 540 617 588">
    <p class='ocr_par' dir='ltr' id='par_1_6' title="bbox 351 540 617 588">
     <span class='ocr_line' id='line_1_6' title="bbox 351 540 617 588; baseline 0.019 -5"><span class='ocrx_word' id='word_1_24' title='bbox 351 540 617 588; x_wconf 83' lang='lat' dir='ltr'><strong>mentum.</strong></span> 
     </span>
    </p>
   </div>
   <div class='ocr_carea' id='block_1_7' title="bbox 857 622 1432 698">
    <p class='ocr_par' dir='ltr' id='par_1_7' title="bbox 857 622 1432 698">
     <span class='ocr_line' id='line_1_7' title="bbox 857 622 1432 698; baseline -0.009 -20"><span class='ocrx_word' id='word_1_25' title='bbox 857 624 969 698; x_wconf 62' lang='grc'><strong>84</strong></span> <span class='ocrx_word' id='word_1_26' title='bbox 990 622 1101 681; x_wconf 84' lang='lat' dir='ltr'><strong>LV.</strong></span> <span class='ocrx_word' id='word_1_27' title='bbox 1128 625 1207 678; x_wconf 87' lang='lat' dir='ltr'><strong>Ab</strong></span> <span class='ocrx_word' id='word_1_28' title='bbox 1234 623 1432 678; x_wconf 77' lang='lat' dir='ltr'><strong>eodem.</strong></span> 
     </span>
    </p>
   </div>
   <div class='ocr_carea' id='block_1_8' title="bbox 427 712 1932 788">
    <p class='ocr_par' dir='ltr' id='par_1_8' title="bbox 427 712 1932 788">
     <span class='ocr_line' id='line_1_8' title="bbox 427 712 1932 788; baseline -0.009 -13"><span class='ocrx_word' id='word_1_29' title='bbox 427 740 448 775; x_wconf 83' lang='grc' dir='ltr'><strong>ι</strong></span> <span class='ocrx_word' id='word_1_30' title='bbox 479 718 979 788; x_wconf 83' lang='lat' dir='ltr'><strong>Multiplicaverunt</strong></span> <span class='ocrx_word' id='word_1_31' title='bbox 1016 717 1326 787; x_wconf 86' lang='lat' dir='ltr'><strong>impietates</strong></span> <span class='ocrx_word' id='word_1_32' title='bbox 1374 729 1536 779; x_wconf 88' lang='lat' dir='ltr'><strong>suas,</strong></span> <span class='ocrx_word' id='word_1_33' title='bbox 1583 712 1932 767; x_wconf 89' lang='lat' dir='ltr'><strong>invaluerunt</strong></span> 
     </span>
    </p>
   </div>
   <div class='ocr_carea' id='block_1_9' title="bbox 355 804 1931 876">
    <p class='ocr_par' dir='ltr' id='par_1_9' title="bbox 355 804 1931 876">
     <span class='ocr_line' id='line_1_9' title="bbox 355 804 1931 876; baseline -0.008 -5"><span class='ocrx_word' id='word_1_34' title='bbox 355 815 411 871; x_wconf 90' lang='lat' dir='ltr'><strong>in</strong></span> <span class='ocrx_word' id='word_1_35' title='bbox 443 810 826 869; x_wconf 87' lang='lat' dir='ltr'><strong>aversionibus</strong></span> <span class='ocrx_word' id='word_1_36' title='bbox 856 811 993 866; x_wconf 89' lang='lat' dir='ltr'><strong>suis.</strong></span> <span class='ocrx_word' id='word_1_37' title='bbox 1031 809 1281 874; x_wconf 79' lang='lat' dir='ltr'><strong>Quanam</strong></span> <span class='ocrx_word' id='word_1_38' title='bbox 1318 823 1387 862; x_wconf 82' lang='lat' dir='ltr'><strong>ex</strong></span> <span class='ocrx_word' id='word_1_39' title='bbox 1419 806 1505 861; x_wconf 83' lang='lat' dir='ltr'><strong>his</strong></span> <span class='ocrx_word' id='word_1_40' title='bbox 1535 804 1803 876; x_wconf 87' lang='lat' dir='ltr'><strong>propitius</strong></span> <span class='ocrx_word' id='word_1_41' title='bbox 1834 819 1931 859; x_wconf 86' lang='lat' dir='ltr'><strong>ero</strong></span> 
     </span>
    </p>
   </div>
   <div class='ocr_carea' id='block_1_10' title="bbox 352 893 1931 969">
    <p class='ocr_par' dir='ltr' id='par_1_10' title="bbox 352 893 1931 969">
     <span class='ocr_line' id='line_1_10' title="bbox 352 893 1931 969; baseline -0.007 -10"><span class='ocrx_word' id='word_1_42' title='bbox 352 902 492 959; x_wconf 76' lang='lat' dir='ltr'><strong>tibi?</strong></span> <span class='ocrx_word' id='word_1_43' title='bbox 536 901 632 956; x_wconf 83' lang='lat' dir='ltr'><strong>ﬁlii</strong></span> <span class='ocrx_word' id='word_1_44' title='bbox 674 900 755 953; x_wconf 86' lang='lat' dir='ltr'><strong>tui</strong></span> <span class='ocrx_word' id='word_1_45' title='bbox 797 899 1209 969; x_wconf 86' lang='lat' dir='ltr'><strong>dereliqueruut</strong></span> <span class='ocrx_word' id='word_1_46' title='bbox 1254 912 1363 959; x_wconf 86' lang='lat' dir='ltr'><strong>me,</strong></span> <span class='ocrx_word' id='word_1_47' title='bbox 1417 903 1473 955; x_wconf 84' lang='lat' dir='ltr'><strong>et</strong></span> <span class='ocrx_word' id='word_1_48' title='bbox 1510 895 1834 965; x_wconf 71' lang='lat' dir='ltr'><strong>iuraverunt</strong></span> <span class='ocrx_word' id='word_1_49' title='bbox 1872 893 1931 948; x_wconf 92' lang='lat' dir='ltr'><strong>in</strong></span> 
     </span>
    </p>
   </div>
   <div class='ocr_carea' id='block_1_11' title="bbox 354 983 1931 1064">
    <p class='ocr_par' dir='ltr' id='par_1_11' title="bbox 354 983 1931 1064">
     <span class='ocr_line' id='line_1_11' title="bbox 354 983 1931 1064; baseline -0.008 -14"><span class='ocrx_word' id='word_1_50' title='bbox 354 993 444 1059; x_wconf 91' lang='lat' dir='ltr'><strong>iis,</strong></span> <span class='ocrx_word' id='word_1_51' title='bbox 473 992 571 1064; x_wconf 94' lang='lat' dir='ltr'><strong>qui</strong></span> <span class='ocrx_word' id='word_1_52' title='bbox 602 991 679 1046; x_wconf 91' lang='lat' dir='ltr'><strong>dii</strong></span> <span class='ocrx_word' id='word_1_53' title='bbox 716 1006 827 1047; x_wconf 92' lang='lat' dir='ltr'><strong>non</strong></span> <span class='ocrx_word' id='word_1_54' title='bbox 871 998 1021 1057; x_wconf 91' lang='lat' dir='ltr'><strong>sunt,</strong></span> <span class='ocrx_word' id='word_1_55' title='bbox 1069 999 1125 1045; x_wconf 88' lang='lat' dir='ltr'><strong>et</strong></span> <span class='ocrx_word' id='word_1_56' title='bbox 1161 987 1405 1045; x_wconf 86' lang='lat' dir='ltr'><strong>saturavi</strong></span> <span class='ocrx_word' id='word_1_57' title='bbox 1439 1001 1556 1050; x_wconf 87' lang='lat' dir='ltr'><strong>eos,</strong></span> <span class='ocrx_word' id='word_1_58' title='bbox 1586 996 1639 1041; x_wconf 87' lang='lat' dir='ltr'><strong>et</strong></span> <span class='ocrx_word' id='word_1_59' title='bbox 1673 983 1931 1045; x_wconf 73' lang='lat' dir='ltr'><strong>mwcbati</strong></span> 
     </span>
    </p>
   </div>
   <div class='ocr_carea' id='block_1_12' title="bbox 355 1072 1935 1146">
    <p class='ocr_par' dir='ltr' id='par_1_12' title="bbox 355 1072 1935 1146">
     <span class='ocr_line' id='line_1_12' title="bbox 355 1072 1935 1146; baseline -0.008 -8"><span class='ocrx_word' id='word_1_60' title='bbox 355 1091 511 1146; x_wconf 87' lang='lat' dir='ltr'><strong>sunt,</strong></span> <span class='ocrx_word' id='word_1_61' title='bbox 556 1088 612 1135; x_wconf 82' lang='lat' dir='ltr'><strong>et</strong></span> <span class='ocrx_word' id='word_1_62' title='bbox 638 1082 695 1135; x_wconf 90' lang='lat' dir='ltr'><strong>in</strong></span> <span class='ocrx_word' id='word_1_63' title='bbox 732 1080 987 1135; x_wconf 88' lang='lat' dir='ltr'><strong>domibus</strong></span> <span class='ocrx_word' id='word_1_64' title='bbox 1022 1085 1331 1135; x_wconf 83' lang='lat' dir='ltr'><strong>scortorum</strong></span> <span class='ocrx_word' id='word_1_65' title='bbox 1362 1074 1763 1136; x_wconf 88' lang='lat' dir='ltr'><strong>habitaverunt,</strong></span> <span class='ocrx_word' id='word_1_66' title='bbox 1804 1072 1935 1142; x_wconf 87' lang='lat' dir='ltr'><strong>equi</strong></span> 
     </span>
    </p>
   </div>
   <div class='ocr_carea' id='block_1_13' title="bbox 360 1166 1933 1242">
    <p class='ocr_par' dir='ltr' id='par_1_13' title="bbox 360 1166 1933 1242">
     <span class='ocr_line' id='line_1_13' title="bbox 360 1166 1933 1242; baseline -0.008 -13"><span class='ocrx_word' id='word_1_67' title='bbox 360 1174 591 1230; x_wconf 82' lang='lat' dir='ltr'><strong>libidine</strong></span> <span class='ocrx_word' id='word_1_68' title='bbox 648 1172 843 1242; x_wconf 79' lang='lat' dir='ltr'><strong>perciti</strong></span> <span class='ocrx_word' id='word_1_69' title='bbox 886 1178 1215 1232; x_wconf 84' lang='lat' dir='ltr'><strong>evaserunt,</strong></span> <span class='ocrx_word' id='word_1_70' title='bbox 1262 1167 1645 1236; x_wconf 88' lang='lat' dir='ltr'><strong>unusquisque</strong></span> <span class='ocrx_word' id='word_1_71' title='bbox 1684 1166 1751 1220; x_wconf 92' lang='lat' dir='ltr'><strong>ad</strong></span> <span class='ocrx_word' id='word_1_72' title='bbox 1794 1180 1933 1218; x_wconf 79' lang='lat' dir='ltr'><strong>uxo-</strong></span> 
     </span>
    </p>
   </div>
   <div class='ocr_carea' id='block_1_14' title="bbox 354 1260 1936 1335">
    <p class='ocr_par' dir='ltr' id='par_1_14' title="bbox 354 1260 1936 1335">
     <span class='ocr_line' id='line_1_14' title="bbox 354 1260 1936 1335; baseline -0.006 -15"><span class='ocrx_word' id='word_1_73' title='bbox 354 1282 473 1320; x_wconf 90' lang='lat' dir='ltr'><strong>rem</strong></span> <span class='ocrx_word' id='word_1_74' title='bbox 509 1264 746 1335; x_wconf 76' lang='lat' dir='ltr'><strong>proximi</strong></span> <span class='ocrx_word' id='word_1_75' title='bbox 780 1264 1053 1317; x_wconf 77' lang='lat' dir='ltr'><strong>hinnitum</strong></span> <span class='ocrx_word' id='word_1_76' title='bbox 1085 1263 1267 1317; x_wconf 88' lang='lat' dir='ltr'><strong>emisit</strong></span> <span class='ocrx_word' id='word_1_77' title='bbox 1295 1281 1309 1315; x_wconf 90' lang='lat'><strong>:</strong></span> <span class='ocrx_word' id='word_1_78' title='bbox 1344 1260 1592 1332; x_wconf 88' lang='lat' dir='ltr'><strong>nunquid</strong></span> <span class='ocrx_word' id='word_1_79' title='bbox 1620 1274 1729 1314; x_wconf 92' lang='lat' dir='ltr'><strong>non</strong></span> <span class='ocrx_word' id='word_1_80' title='bbox 1770 1273 1936 1327; x_wconf 82' lang='lat' dir='ltr'><strong>super</strong></span> 
     </span>
    </p>
   </div>
   <div class='ocr_carea' id='block_1_15' title="bbox 355 1352 1934 1423">
    <p class='ocr_par' dir='ltr' id='par_1_15' title="bbox 355 1352 1934 1423">
     <span class='ocr_line' id='line_1_15' title="bbox 355 1352 1934 1423; baseline -0.004 -12"><span class='ocrx_word' id='word_1_81' title='bbox 355 1356 444 1411; x_wconf 88' lang='lat' dir='ltr'><strong>his</strong></span> <span class='ocrx_word' id='word_1_82' title='bbox 483 1353 761 1410; x_wconf 85' lang='lat' dir='ltr'><strong>visitabo?</strong></span> <span class='ocrx_word' id='word_1_83' title='bbox 799 1355 933 1409; x_wconf 86' lang='lat' dir='ltr'><strong>dicit</strong></span> <span class='ocrx_word' id='word_1_84' title='bbox 959 1353 1246 1417; x_wconf 91' lang='lat' dir='ltr'><strong>Dominus,</strong></span> <span class='ocrx_word' id='word_1_85' title='bbox 1285 1368 1354 1406; x_wconf 89' lang='lat' dir='ltr'><strong>an</strong></span> <span class='ocrx_word' id='word_1_86' title='bbox 1384 1353 1440 1407; x_wconf 84' lang='lat' dir='ltr'><strong>in</strong></span> <span class='ocrx_word' id='word_1_87' title='bbox 1483 1360 1642 1423; x_wconf 82' lang='lat' dir='ltr'><strong>gente</strong></span> <span class='ocrx_word' id='word_1_88' title='bbox 1680 1352 1775 1405; x_wconf 85' lang='lat' dir='ltr'><strong>tali</strong></span> <span class='ocrx_word' id='word_1_89' title='bbox 1825 1365 1934 1405; x_wconf 91' lang='lat' dir='ltr'><strong>non</strong></span> 
     </span>
    </p>
   </div>
   <div class='ocr_carea' id='block_1_16' title="bbox 356 1432 1935 1513">
    <p class='ocr_par' dir='ltr' id='par_1_16' title="bbox 356 1432 1935 1513">
     <span class='ocr_line' id='line_1_16' title="bbox 356 1432 1935 1513; baseline -0.001 -16"><span class='ocrx_word' id='word_1_90' title='bbox 356 1432 655 1498; x_wconf 78' lang='lat' dir='ltr'><strong>ulciscetur</strong></span> <span class='ocrx_word' id='word_1_91' title='bbox 713 1443 895 1496; x_wconf 86' lang='lat' dir='ltr'><strong>anima</strong></span> <span class='ocrx_word' id='word_1_92' title='bbox 952 1441 1114 1497; x_wconf 88' lang='lat' dir='ltr'><strong>mea?</strong></span> <span class='ocrx_word' id='word_1_93' title='bbox 1179 1441 1474 1497; x_wconf 82' lang='lat' dir='ltr'><strong>Ascendite</strong></span> <span class='ocrx_word' id='word_1_94' title='bbox 1528 1442 1935 1513; x_wconf 87' lang='lat' dir='ltr'><strong>propugnacula</strong></span> 
     </span>
    </p>
   </div>
   <div class='ocr_carea' id='block_1_17' title="bbox 355 1532 1931 1603">
    <p class='ocr_par' dir='ltr' id='par_1_17' title="bbox 355 1532 1931 1603">
     <span class='ocr_line' id='line_1_17' title="bbox 355 1532 1931 1603; baseline -0.001 -16"><span class='ocrx_word' id='word_1_95' title='bbox 355 1532 499 1602; x_wconf 83' lang='lat' dir='ltr'><strong>ejus,</strong></span> <span class='ocrx_word' id='word_1_96' title='bbox 535 1542 589 1587; x_wconf 89' lang='lat' dir='ltr'><strong>et</strong></span> <span class='ocrx_word' id='word_1_97' title='bbox 610 1532 859 1603; x_wconf 75' lang='lat' dir='ltr'><strong>iugulate</strong></span> <span class='ocrx_word' id='word_1_98' title='bbox 889 1551 902 1586; x_wconf 88' lang='lat'><strong>:</strong></span> <span class='ocrx_word' id='word_1_99' title='bbox 930 1535 1463 1588; x_wconf 88' lang='lat' dir='ltr'><strong>consummationem</strong></span> <span class='ocrx_word' id='word_1_100' title='bbox 1491 1549 1623 1587; x_wconf 90' lang='lat' dir='ltr'><strong>vero</strong></span> <span class='ocrx_word' id='word_1_101' title='bbox 1652 1550 1723 1587; x_wconf 84' lang='lat' dir='ltr'><strong>ne</strong></span> <span class='ocrx_word' id='word_1_102' title='bbox 1752 1534 1931 1598; x_wconf 84' lang='lat' dir='ltr'><strong>facile,</strong></span> 
     </span>
    </p>
   </div>
   <div class='ocr_carea' id='block_1_18' title="bbox 355 1623 1929 1697">
    <p class='ocr_par' dir='ltr' id='par_1_18' title="bbox 355 1623 1929 1697">
     <span class='ocr_line' id='line_1_18' title="bbox 355 1623 1929 1697; baseline -0.001 -18"><span class='ocrx_word' id='word_1_103' title='bbox 355 1624 649 1694; x_wconf 89' lang='lat' dir='ltr'><strong>relinquite</strong></span> <span class='ocrx_word' id='word_1_104' title='bbox 667 1625 983 1678; x_wconf 80' lang='lat' dir='ltr'><strong>fulcimenta</strong></span> <span class='ocrx_word' id='word_1_105' title='bbox 999 1625 1140 1695; x_wconf 89' lang='lat' dir='ltr'><strong>ejus,</strong></span> <span class='ocrx_word' id='word_1_106' title='bbox 1161 1625 1423 1694; x_wconf 88' lang='lat' dir='ltr'><strong>quoniam</strong></span> <span class='ocrx_word' id='word_1_107' title='bbox 1442 1623 1658 1678; x_wconf 89' lang='lat' dir='ltr'><strong>Domini</strong></span> <span class='ocrx_word' id='word_1_108' title='bbox 1679 1626 1892 1697; x_wconf 68' lang='lat' dir='ltr'><strong>sunt”,</strong></span> <span class='ocrx_word' id='word_1_109' title='bbox 1911 1647 1929 1678; x_wconf 75' lang='grc' dir='ltr'><strong>ι</strong></span> 
     </span>
    </p>
   </div>
   <div class='ocr_carea' id='block_1_19' title="bbox 354 1716 1932 1782">
    <p class='ocr_par' dir='ltr' id='par_1_19' title="bbox 354 1716 1932 1782">
     <span class='ocr_line' id='line_1_19' title="bbox 354 1716 1932 1782; baseline -0.001 -12"><span class='ocrx_word' id='word_1_110' title='bbox 354 1716 419 1770; x_wconf 86' lang='lat' dir='ltr'><strong>In</strong></span> <span class='ocrx_word' id='word_1_111' title='bbox 459 1716 548 1771; x_wconf 90' lang='lat' dir='ltr'><strong>his</strong></span> <span class='ocrx_word' id='word_1_112' title='bbox 590 1716 777 1779; x_wconf 89' lang='lat' dir='ltr'><strong>simul,</strong></span> <span class='ocrx_word' id='word_1_113' title='bbox 820 1724 874 1770; x_wconf 91' lang='lat' dir='ltr'><strong>et</strong></span> <span class='ocrx_word' id='word_1_114' title='bbox 906 1716 1186 1771; x_wconf 83' lang='lat' dir='ltr'><strong>accusatio</strong></span> <span class='ocrx_word' id='word_1_115' title='bbox 1226 1717 1398 1771; x_wconf 88' lang='lat' dir='ltr'><strong>totius</strong></span> <span class='ocrx_word' id='word_1_116' title='bbox 1442 1716 1685 1772; x_wconf 87' lang='lat' dir='ltr'><strong>nationis</strong></span> <span class='ocrx_word' id='word_1_117' title='bbox 1721 1732 1932 1782; x_wconf 85' lang='lat' dir='ltr'><strong>eorum,</strong></span> 
     </span>
    </p>
   </div>
   <div class='ocr_carea' id='block_1_20' title="bbox 2041 524 2367 597">
    <p class='ocr_par' dir='ltr' id='par_1_20' title="bbox 2041 524 2367 597">
     <span class='ocr_line' id='line_1_20' title="bbox 2041 524 2367 597; baseline -0.012 -17"><span class='ocrx_word' id='word_1_118' title='bbox 2041 526 2106 597; x_wconf 89' lang='grc' dir='ltr'><strong>θη</strong></span> <span class='ocrx_word' id='word_1_119' title='bbox 2116 542 2175 579; x_wconf 91' lang='grc' dir='ltr'><strong>σο</strong></span> <span class='ocrx_word' id='word_1_120' title='bbox 2181 524 2367 596; x_wconf 83' lang='grc' dir='ltr'>μένης.</span> 
     </span>
    </p>
   </div>
   <div class='ocr_carea' id='block_1_21' title="bbox 2485 608 3188 679">
    <p class='ocr_par' dir='ltr' id='par_1_21' title="bbox 2485 608 3188 679">
     <span class='ocr_line' id='line_1_21' title="bbox 2485 608 3188 679; baseline -0.003 -13"><span class='ocrx_word' id='word_1_121' title='bbox 2485 613 2618 667; x_wconf 85' lang='lat' dir='ltr'><strong>ME&#39;.</strong></span> <span class='ocrx_word' id='word_1_122' title='bbox 2667 610 2808 679; x_wconf 65' lang='grc' dir='ltr'><strong>Ἀπὸ</strong></span> <span class='ocrx_word' id='word_1_123' title='bbox 2838 610 2943 664; x_wconf 83' lang='grc' dir='ltr'><strong>τοῦ</strong></span> <span class='ocrx_word' id='word_1_124' title='bbox 2982 608 3188 664; x_wconf 83' lang='grc' dir='ltr'>αὐτοῦ.</span> 
     </span>
    </p>
   </div>
   <div class='ocr_carea' id='block_1_22' title="bbox 2115 699 3617 778">
    <p class='ocr_par' dir='ltr' id='par_1_22' title="bbox 2115 699 3617 778">
     <span class='ocr_line' id='line_1_22' title="bbox 2115 699 3617 778; baseline -0.009 -14"><span class='ocrx_word' id='word_1_125' title='bbox 2115 728 2133 764; x_wconf 80' lang='grc' dir='ltr'><strong>ι</strong></span> <span class='ocrx_word' id='word_1_126' title='bbox 2170 705 2507 778; x_wconf 84' lang='grc' dir='ltr'>Ἐπλήθυναν</span> <span class='ocrx_word' id='word_1_127' title='bbox 2525 702 2779 764; x_wconf 78' lang='grc' dir='ltr'>ἀσεϐείας</span> <span class='ocrx_word' id='word_1_128' title='bbox 2797 700 2995 766; x_wconf 82' lang='grc' dir='ltr'>αὐτῶν,</span> <span class='ocrx_word' id='word_1_129' title='bbox 3015 699 3240 770; x_wconf 71' lang='grc' dir='ltr'>ἴσχυσαν</span> <span class='ocrx_word' id='word_1_130' title='bbox 3257 699 3311 750; x_wconf 82' lang='grc' dir='ltr'><strong>ἐν</strong></span> <span class='ocrx_word' id='word_1_131' title='bbox 3337 700 3459 761; x_wconf 79' lang='grc' dir='ltr'>ταῖς</span> <span class='ocrx_word' id='word_1_132' title='bbox 3477 699 3617 750; x_wconf 84' lang='grc' dir='ltr'>ἀπο-</span> 
     </span>
    </p>
   </div>
   <div class='ocr_carea' id='block_1_23' title="bbox 2041 789 3616 873">
    <p class='ocr_par' dir='ltr' id='par_1_23' title="bbox 2041 789 3616 873">
     <span class='ocr_line' id='line_1_23' title="bbox 2041 789 3616 873; baseline -0.009 -18"><span class='ocrx_word' id='word_1_133' title='bbox 2041 801 2302 873; x_wconf 80' lang='grc' dir='ltr'><strong>στροφαῖς</strong></span> <span class='ocrx_word' id='word_1_134' title='bbox 2328 796 2527 851; x_wconf 87' lang='grc' dir='ltr'>αὑτῶν.</span> <span class='ocrx_word' id='word_1_135' title='bbox 2552 795 2699 866; x_wconf 85' lang='grc' dir='ltr'>Ποίῳ</span> <span class='ocrx_word' id='word_1_136' title='bbox 2731 793 2937 846; x_wconf 84' lang='grc' dir='ltr'>τούτων</span> <span class='ocrx_word' id='word_1_137' title='bbox 2956 791 3114 855; x_wconf 81' lang='grc' dir='ltr'>ἵλεως</span> <span class='ocrx_word' id='word_1_138' title='bbox 3133 789 3325 862; x_wconf 71' lang='grc' dir='ltr'>ἔσομαί</span> <span class='ocrx_word' id='word_1_139' title='bbox 3349 808 3430 843; x_wconf 94' lang='grc' dir='ltr'><strong>σοι</strong></span> <span class='ocrx_word' id='word_1_140' title='bbox 3454 807 3469 854; x_wconf 86' lang='lat'><strong>;</strong></span> <span class='ocrx_word' id='word_1_141' title='bbox 3496 789 3616 842; x_wconf 81' lang='grc' dir='ltr'>Υίοί</span> 
     </span>
    </p>
   </div>
   <div class='ocr_carea' id='block_1_24' title="bbox 2040 878 3615 959">
    <p class='ocr_par' dir='ltr' id='par_1_24' title="bbox 2040 878 3615 959">
     <span class='ocr_line' id='line_1_24' title="bbox 2040 878 3615 959; baseline -0.008 -14"><span class='ocrx_word' id='word_1_142' title='bbox 2040 909 2133 945; x_wconf 91' lang='grc' dir='ltr'><strong>σου</strong></span> <span class='ocrx_word' id='word_1_143' title='bbox 2156 888 2513 957; x_wconf 81' lang='grc' dir='ltr'>ἐγκατέλιπόν</span> <span class='ocrx_word' id='word_1_144' title='bbox 2543 904 2631 959; x_wconf 89' lang='grc' dir='ltr'><strong>με,</strong></span> <span class='ocrx_word' id='word_1_145' title='bbox 2650 887 2745 939; x_wconf 69' lang='grc' dir='ltr'><strong>καὶ⁵</strong></span> <span class='ocrx_word' id='word_1_146' title='bbox 2760 883 2975 956; x_wconf 76' lang='grc' dir='ltr'>ὤμνυον</span> <span class='ocrx_word' id='word_1_147' title='bbox 2991 885 3048 936; x_wconf 84' lang='grc' dir='ltr'>ὲν</span> <span class='ocrx_word' id='word_1_148' title='bbox 3067 886 3178 947; x_wconf 80' lang='grc' dir='ltr'>τοῖς</span> <span class='ocrx_word' id='word_1_149' title='bbox 3191 884 3293 937; x_wconf 81' lang='grc' dir='ltr'><strong>οὐκ</strong></span> <span class='ocrx_word' id='word_1_150' title='bbox 3310 878 3428 936; x_wconf 78' lang='grc' dir='ltr'>οὖσι</span> <span class='ocrx_word' id='word_1_151' title='bbox 3450 881 3615 946; x_wconf 82' lang='grc' dir='ltr'>θεοῖς,</span> 
     </span>
    </p>
   </div>
   <div class='ocr_carea' id='block_1_25' title="bbox 2038 974 3618 1054">
    <p class='ocr_par' dir='ltr' id='par_1_25' title="bbox 2038 974 3618 1054">
     <span class='ocr_line' id='line_1_25' title="bbox 2038 974 3618 1054; baseline -0.007 -17"><span class='ocrx_word' id='word_1_152' title='bbox 2038 985 2133 1038; x_wconf 77' lang='grc' dir='ltr'><strong>καὶ</strong></span> <span class='ocrx_word' id='word_1_153' title='bbox 2175 984 2448 1054; x_wconf 84' lang='grc' dir='ltr'>ἐχόρτασα</span> <span class='ocrx_word' id='word_1_154' title='bbox 2478 980 2696 1043; x_wconf 80' lang='grc' dir='ltr'>αὐτοὺς,</span> <span class='ocrx_word' id='word_1_155' title='bbox 2742 979 2836 1034; x_wconf 75' lang='grc' dir='ltr'><strong>καὶ</strong></span> <span class='ocrx_word' id='word_1_156' title='bbox 2869 977 3183 1048; x_wconf 85' lang='grc' dir='ltr'>ὲμοιχῶντο,</span> <span class='ocrx_word' id='word_1_157' title='bbox 3225 976 3317 1029; x_wconf 78' lang='grc' dir='ltr'><strong>καὶ</strong></span> <span class='ocrx_word' id='word_1_158' title='bbox 3358 976 3415 1027; x_wconf 86' lang='grc' dir='ltr'><strong>ἐν</strong></span> <span class='ocrx_word' id='word_1_159' title='bbox 3446 974 3618 1039; x_wconf 78' lang='grc' dir='ltr'>οἴκοις</span> 
     </span>
    </p>
   </div>
   <div class='ocr_carea' id='block_1_26' title="bbox 2039 1064 3618 1147">
    <p class='ocr_par' dir='ltr' id='par_1_26' title="bbox 2039 1064 3618 1147">
     <span class='ocr_line' id='line_1_26' title="bbox 2039 1064 3618 1147; baseline -0.009 -17"><span class='ocrx_word' id='word_1_160' title='bbox 2039 1076 2252 1147; x_wconf 85' lang='grc' dir='ltr'>πορνῶν</span> <span class='ocrx_word' id='word_1_161' title='bbox 2286 1072 2636 1128; x_wconf 83' lang='grc' dir='ltr'>κατελύοσαν·</span> <span class='ocrx_word' id='word_1_162' title='bbox 2692 1072 2849 1125; x_wconf 84' lang='grc' dir='ltr'>ἵπποι</span> <span class='ocrx_word' id='word_1_163' title='bbox 2883 1068 3209 1141; x_wconf 84' lang='grc' dir='ltr'>θηλυμανεϊς</span> <span class='ocrx_word' id='word_1_164' title='bbox 3256 1064 3618 1137; x_wconf 89' lang='grc' dir='ltr'>ἐγενήθησαν,</span> 
     </span>
    </p>
   </div>
   <div class='ocr_carea' id='block_1_27' title="bbox 2035 1157 3618 1238">
    <p class='ocr_par' dir='ltr' id='par_1_27' title="bbox 2035 1157 3618 1238">
     <span class='ocr_line' id='line_1_27' title="bbox 2035 1157 3618 1238; baseline -0.009 -14"><span class='ocrx_word' id='word_1_165' title='bbox 2035 1171 2266 1232; x_wconf 72' lang='grc' dir='ltr'>ἕκαστος</span> <span class='ocrx_word' id='word_1_166' title='bbox 2301 1168 2395 1220; x_wconf 79' lang='grc' dir='ltr'>ἐπὶ</span> <span class='ocrx_word' id='word_1_167' title='bbox 2431 1166 2530 1238; x_wconf 81' lang='grc' dir='ltr'><strong>τὴν</strong></span> <span class='ocrx_word' id='word_1_168' title='bbox 2560 1167 2793 1234; x_wconf 79' lang='grc' dir='ltr'>γυναῖκα</span> <span class='ocrx_word' id='word_1_169' title='bbox 2831 1162 2924 1215; x_wconf 89' lang='grc' dir='ltr'><strong>τοῦ</strong></span> <span class='ocrx_word' id='word_1_170' title='bbox 2966 1162 3192 1233; x_wconf 78' lang='grc' dir='ltr'>πλησίον</span> <span class='ocrx_word' id='word_1_171' title='bbox 3238 1157 3618 1230; x_wconf 75' lang='grc' dir='ltr'><strong>ἐχρεμέτιζον.</strong></span> 
     </span>
    </p>
   </div>
   <div class='ocr_carea' id='block_1_28' title="bbox 2036 1247 3620 1335">
    <p class='ocr_par' dir='ltr' id='par_1_28' title="bbox 2036 1247 3620 1335">
     <span class='ocr_line' id='line_1_28' title="bbox 2036 1247 3620 1335; baseline -0.011 -19"><span class='ocrx_word' id='word_1_172' title='bbox 2036 1262 2131 1335; x_wconf 81' lang='grc' dir='ltr'><strong>Μὴ</strong></span> <span class='ocrx_word' id='word_1_173' title='bbox 2178 1262 2271 1313; x_wconf 79' lang='grc' dir='ltr'>ἐπὶ</span> <span class='ocrx_word' id='word_1_174' title='bbox 2309 1259 2517 1322; x_wconf 81' lang='grc' dir='ltr'>τούτοις</span> <span class='ocrx_word' id='word_1_175' title='bbox 2548 1258 2648 1311; x_wconf 80' lang='grc' dir='ltr'><strong>οὐκ</strong></span> <span class='ocrx_word' id='word_1_176' title='bbox 2691 1255 3081 1325; x_wconf 63' lang='grc' dir='ltr'>ἐπισκέψομαι,</span> <span class='ocrx_word' id='word_1_177' title='bbox 3132 1252 3278 1321; x_wconf 82' lang='grc' dir='ltr'>λέγει</span> <span class='ocrx_word' id='word_1_178' title='bbox 3314 1251 3541 1320; x_wconf 82' lang='grc' dir='ltr'>Κύριος,</span> <span class='ocrx_word' id='word_1_179' title='bbox 3582 1247 3620 1320; x_wconf 64' lang='grc' dir='ltr'>ἢ</span> 
     </span>
    </p>
   </div>
   <div class='ocr_carea' id='block_1_29' title="bbox 2038 1343 3619 1421">
    <p class='ocr_par' dir='ltr' id='par_1_29' title="bbox 2038 1343 3619 1421">
     <span class='ocr_line' id='line_1_29' title="bbox 2038 1343 3619 1421; baseline -0.008 -15"><span class='ocrx_word' id='word_1_180' title='bbox 2038 1355 2097 1406; x_wconf 92' lang='grc' dir='ltr'><strong>ἐν</strong></span> <span class='ocrx_word' id='word_1_181' title='bbox 2146 1352 2288 1406; x_wconf 77' lang='grc' dir='ltr'>ἔθνει</span> <span class='ocrx_word' id='word_1_182' title='bbox 2341 1351 2416 1421; x_wconf 85' lang='grc' dir='ltr'>τῷ</span> <span class='ocrx_word' id='word_1_183' title='bbox 2469 1354 2692 1418; x_wconf 79' lang='grc' dir='ltr'>τοιούτῳ</span> <span class='ocrx_word' id='word_1_184' title='bbox 2743 1351 2845 1403; x_wconf 80' lang='grc' dir='ltr'><strong>οὐκ</strong></span> <span class='ocrx_word' id='word_1_185' title='bbox 2892 1347 3170 1417; x_wconf 79' lang='grc' dir='ltr'>ἐκδικήσει</span> <span class='ocrx_word' id='word_1_186' title='bbox 3220 1346 3253 1414; x_wconf 84' lang='grc' dir='ltr'><strong>ὴ</strong></span> <span class='ocrx_word' id='word_1_187' title='bbox 3286 1343 3433 1413; x_wconf 75' lang='grc' dir='ltr'>ψυχή</span> <span class='ocrx_word' id='word_1_188' title='bbox 3482 1356 3619 1412; x_wconf 58' lang='lat' dir='ltr'><strong>pou;</strong></span> 
     </span>
    </p>
   </div>
   <div class='ocr_carea' id='block_1_30' title="bbox 2051 1433 3624 1514">
    <p class='ocr_par' dir='ltr' id='par_1_30' title="bbox 2051 1433 3624 1514">
     <span class='ocr_line' id='line_1_30' title="bbox 2051 1433 3624 1514; baseline -0.006 -17"><span class='ocrx_word' id='word_1_189' title='bbox 2051 1444 2313 1514; x_wconf 81' lang='grc' dir='ltr'>Ἀνάϐητε</span> <span class='ocrx_word' id='word_1_190' title='bbox 2338 1445 2430 1497; x_wconf 77' lang='grc' dir='ltr'><strong>ἐπὶ</strong></span> <span class='ocrx_word' id='word_1_191' title='bbox 2449 1444 2576 1506; x_wconf 84' lang='grc' dir='ltr'>τοὺς</span> <span class='ocrx_word' id='word_1_192' title='bbox 2596 1442 2966 1514; x_wconf 83' lang='grc' dir='ltr'>προμαχῶνας</span> <span class='ocrx_word' id='word_1_193' title='bbox 2998 1440 3186 1509; x_wconf 80' lang='grc' dir='ltr'>αὐτῆς,</span> <span class='ocrx_word' id='word_1_194' title='bbox 3213 1437 3305 1490; x_wconf 77' lang='grc' dir='ltr'><strong>καὶ</strong></span> <span class='ocrx_word' id='word_1_195' title='bbox 3331 1433 3624 1503; x_wconf 79' lang='grc' dir='ltr'>κατασφά-</span> 
     </span>
    </p>
   </div>
   <div class='ocr_carea' id='block_1_31' title="bbox 2040 1526 3624 1605">
    <p class='ocr_par' dir='ltr' id='par_1_31' title="bbox 2040 1526 3624 1605">
     <span class='ocr_line' id='line_1_31' title="bbox 2040 1526 3624 1605; baseline -0.005 -17"><span class='ocrx_word' id='word_1_196' title='bbox 2040 1535 2185 1603; x_wconf 84' lang='grc' dir='ltr'>ξατε.</span> <span class='ocrx_word' id='word_1_197' title='bbox 2235 1535 2553 1588; x_wconf 86' lang='grc' dir='ltr'>Συντέλειαν</span> <span class='ocrx_word' id='word_1_198' title='bbox 2585 1535 2642 1588; x_wconf 79' lang='grc' dir='ltr'>δὲ</span> <span class='ocrx_word' id='word_1_199' title='bbox 2694 1536 2765 1605; x_wconf 83' lang='grc' dir='ltr'>μὴ</span> <span class='ocrx_word' id='word_1_200' title='bbox 2810 1536 3094 1604; x_wconf 77' lang='grc' dir='ltr'>ποιήσητε·</span> <span class='ocrx_word' id='word_1_201' title='bbox 3139 1527 3499 1593; x_wconf 74' lang='grc' dir='ltr'>ὑπολείπεσθε</span> <span class='ocrx_word' id='word_1_202' title='bbox 3552 1526 3624 1580; x_wconf 76' lang='grc' dir='ltr'>τὰ</span> 
     </span>
    </p>
   </div>
   <div class='ocr_carea' id='block_1_32' title="bbox 2040 1620 3625 1697">
    <p class='ocr_par' dir='ltr' id='par_1_32' title="bbox 2040 1620 3625 1697">
     <span class='ocr_line' id='line_1_32' title="bbox 2040 1620 3625 1697; baseline -0.006 -18"><span class='ocrx_word' id='word_1_203' title='bbox 2040 1626 2497 1697; x_wconf 83' lang='grc' dir='ltr'>ὑποστηρίγματα</span> <span class='ocrx_word' id='word_1_204' title='bbox 2520 1626 2710 1695; x_wconf 82' lang='grc' dir='ltr'>αὐτῆς·</span> <span class='ocrx_word' id='word_1_205' title='bbox 2745 1625 2827 1677; x_wconf 82' lang='grc' dir='ltr'>ὃτι</span> <span class='ocrx_word' id='word_1_206' title='bbox 2852 1621 2946 1677; x_wconf 90' lang='grc' dir='ltr'><strong>τοῦ</strong></span> <span class='ocrx_word' id='word_1_207' title='bbox 2971 1622 3176 1694; x_wconf 84' lang='grc' dir='ltr'>Κυρίου</span> <span class='ocrx_word' id='word_1_208' title='bbox 3203 1620 3328 1673; x_wconf 88' lang='grc' dir='ltr'>είσί.</span> <span class='ocrx_word' id='word_1_209' title='bbox 3362 1639 3381 1672; x_wconf 77' lang='grc' dir='ltr'><strong>ι</strong></span> <span class='ocrx_word' id='word_1_210' title='bbox 3418 1620 3529 1671; x_wconf 78' lang='grc' dir='ltr'>Καὶ</span> <span class='ocrx_word' id='word_1_211' title='bbox 3563 1620 3625 1670; x_wconf 84' lang='grc' dir='ltr'><strong>ἐν</strong></span> 
     </span>
    </p>
   </div>
   <div class='ocr_carea' id='block_1_33' title="bbox 2039 1711 3621 1789">
    <p class='ocr_par' dir='ltr' id='par_1_33' title="bbox 2039 1711 3621 1789">
     <span class='ocr_line' id='line_1_33' title="bbox 2039 1711 3621 1789; baseline -0.008 -16"><span class='ocrx_word' id='word_1_212' title='bbox 2039 1720 2247 1783; x_wconf 81' lang='grc' dir='ltr'>τούτοις</span> <span class='ocrx_word' id='word_1_213' title='bbox 2267 1717 2402 1789; x_wconf 88' lang='grc' dir='ltr'>ὁμοῦ</span> <span class='ocrx_word' id='word_1_214' title='bbox 2422 1717 2726 1789; x_wconf 80' lang='grc' dir='ltr'>κατηγορία</span> <span class='ocrx_word' id='word_1_215' title='bbox 2750 1715 2844 1769; x_wconf 86' lang='grc' dir='ltr'><strong>τοῦ</strong></span> <span class='ocrx_word' id='word_1_216' title='bbox 2867 1715 3067 1780; x_wconf 85' lang='grc' dir='ltr'>παντὸς</span> <span class='ocrx_word' id='word_1_217' title='bbox 3089 1713 3273 1776; x_wconf 74' lang='grc' dir='ltr'>ἔθνους</span> <span class='ocrx_word' id='word_1_218' title='bbox 3295 1711 3494 1772; x_wconf 85' lang='grc' dir='ltr'>αὐτῶν,</span> <span class='ocrx_word' id='word_1_219' title='bbox 3527 1711 3621 1763; x_wconf 70' lang='grc' dir='ltr'>καὶ</span> 
     </span>
    </p>
   </div>
   <div class='ocr_carea' id='block_1_34' title="bbox 357 1799 1933 1883">
    <p class='ocr_par' dir='ltr' id='par_1_34' title="bbox 357 1805 1933 1876">
     <span class='ocr_line' id='line_1_34' title="bbox 357 1805 1933 1876; baseline 0 -15"><span class='ocrx_word' id='word_1_220' title='bbox 357 1815 411 1862; x_wconf 90' lang='lat' dir='ltr'><strong>et</strong></span> <span class='ocrx_word' id='word_1_221' title='bbox 464 1821 585 1876; x_wconf 78' lang='lat' dir='ltr'><strong>quae</strong></span> <span class='ocrx_word' id='word_1_222' title='bbox 636 1820 730 1861; x_wconf 87' lang='lat' dir='ltr'><strong>eos</strong></span> <span class='ocrx_word' id='word_1_223' title='bbox 774 1806 1051 1875; x_wconf 79' lang='lat' dir='ltr'><strong>Oppressit</strong></span> <span class='ocrx_word' id='word_1_224' title='bbox 1093 1805 1310 1861; x_wconf 90' lang='lat' dir='ltr'><strong>obsidio</strong></span> <span class='ocrx_word' id='word_1_225' title='bbox 1358 1805 1756 1861; x_wconf 87' lang='lat' dir='ltr'><strong>indicatur:et</strong></span> <span class='ocrx_word' id='word_1_226' title='bbox 1799 1823 1933 1876; x_wconf 67' lang='lat' dir='ltr'><strong>prac—</strong></span> 
     </span>
    </p>
   </div>
   <div class='ocr_carea' id='block_1_35' title="bbox 2046 1799 3625 1883">
    <p class='ocr_par' dir='ltr' id='par_1_35' title="bbox 2046 1803 3625 1883">
     <span class='ocr_line' id='line_1_35' title="bbox 2046 1803 3625 1883; baseline -0.005 -18"><span class='ocrx_word' id='word_1_227' title='bbox 2046 1814 2069 1882; x_wconf 75' lang='grc' dir='ltr'><strong>ή</strong></span> <span class='ocrx_word' id='word_1_228' title='bbox 2100 1810 2431 1883; x_wconf 89' lang='grc' dir='ltr'>μετελθοῦσα</span> <span class='ocrx_word' id='word_1_229' title='bbox 2469 1810 2667 1872; x_wconf 74' lang='grc' dir='ltr'>αὐτοὺς</span> <span class='ocrx_word' id='word_1_230' title='bbox 2699 1808 2986 1880; x_wconf 83' lang='grc' dir='ltr'>πολιορκία</span> <span class='ocrx_word' id='word_1_231' title='bbox 3023 1806 3295 1878; x_wconf 87' lang='grc' dir='ltr'>δηλοῦται,</span> <span class='ocrx_word' id='word_1_232' title='bbox 3332 1806 3425 1858; x_wconf 74' lang='grc' dir='ltr'><strong>καὶ</strong></span> <span class='ocrx_word' id='word_1_233' title='bbox 3458 1803 3625 1857; x_wconf 78' lang='grc' dir='ltr'>πάλιν</span> 
     </span>
    </p>
   </div>
   <div class='ocr_carea' id='block_1_36' title="bbox 356 1895 1933 1966">
    <p class='ocr_par' dir='ltr' id='par_1_36' title="bbox 356 1895 1933 1966">
     <span class='ocr_line' id='line_1_36' title="bbox 356 1895 1933 1966; baseline 0 -15"><span class='ocrx_word' id='word_1_234' title='bbox 356 1905 507 1953; x_wconf 80' lang='lat' dir='ltr'><strong>terea</strong></span> <span class='ocrx_word' id='word_1_235' title='bbox 550 1897 856 1960; x_wconf 86' lang='lat' dir='ltr'><strong>residuum,</strong></span> <span class='ocrx_word' id='word_1_236' title='bbox 888 1896 1034 1965; x_wconf 88' lang='lat' dir='ltr'><strong>quod</strong></span> <span class='ocrx_word' id='word_1_237' title='bbox 1071 1895 1450 1951; x_wconf 77' lang='lat' dir='ltr'><strong>fulcimentum</strong></span> <span class='ocrx_word' id='word_1_238' title='bbox 1480 1897 1601 1966; x_wconf 88' lang='lat' dir='ltr'><strong>ejus</strong></span> <span class='ocrx_word' id='word_1_239' title='bbox 1641 1897 1887 1950; x_wconf 87' lang='lat' dir='ltr'><strong>nominat</strong></span> <span class='ocrx_word' id='word_1_240' title='bbox 1919 1917 1933 1951; x_wconf 86' lang='lat'><strong>:</strong></span> 
     </span>
    </p>
   </div>
   <div class='ocr_carea' id='block_1_37' title="bbox 358 1984 1935 2057">
    <p class='ocr_par' dir='ltr' id='par_1_37' title="bbox 358 1984 1935 2057">
     <span class='ocr_line' id='line_1_37' title="bbox 358 1984 1935 2057; baseline -0.001 -15"><span class='ocrx_word' id='word_1_241' title='bbox 358 2003 483 2043; x_wconf 91' lang='lat' dir='ltr'><strong>cum</strong></span> <span class='ocrx_word' id='word_1_242' title='bbox 530 1984 704 2057; x_wconf 86' lang='lat' dir='ltr'><strong>ip&#39;sius</strong></span> <span class='ocrx_word' id='word_1_243' title='bbox 745 1986 962 2041; x_wconf 89' lang='lat' dir='ltr'><strong>Domini</strong></span> <span class='ocrx_word' id='word_1_244' title='bbox 1008 1988 1100 2042; x_wconf 85' lang='lat' dir='ltr'><strong>sit.</strong></span> <span class='ocrx_word' id='word_1_245' title='bbox 1155 1986 1273 2042; x_wconf 85' lang='lat' dir='ltr'><strong>Hoc</strong></span> <span class='ocrx_word' id='word_1_246' title='bbox 1319 2002 1451 2043; x_wconf 89' lang='lat' dir='ltr'><strong>vero</strong></span> <span class='ocrx_word' id='word_1_247' title='bbox 1496 1987 1779 2043; x_wconf 89' lang='lat' dir='ltr'><strong>residuum</strong></span> <span class='ocrx_word' id='word_1_248' title='bbox 1812 1987 1935 2052; x_wconf 79' lang='lat' dir='ltr'><strong>fuit,</strong></span> 
     </span>
    </p>
   </div>
   <div class='ocr_carea' id='block_1_38' title="bbox 359 2074 1936 2145">
    <p class='ocr_par' dir='ltr' id='par_1_38' title="bbox 359 2074 1936 2145">
     <span class='ocr_line' id='line_1_38' title="bbox 359 2074 1936 2145; baseline 0.001 -15"><span class='ocrx_word' id='word_1_249' title='bbox 359 2075 503 2145; x_wconf 88' lang='lat' dir='ltr'><strong>quod</strong></span> <span class='ocrx_word' id='word_1_250' title='bbox 534 2091 601 2129; x_wconf 81' lang='lat' dir='ltr'><strong>ex</strong></span> <span class='ocrx_word' id='word_1_251' title='bbox 629 2074 734 2128; x_wconf 85' lang='lat' dir='ltr'><strong>ﬁde</strong></span> <span class='ocrx_word' id='word_1_252' title='bbox 765 2089 927 2144; x_wconf 85' lang='lat' dir='ltr'><strong>quam</strong></span> <span class='ocrx_word' id='word_1_253' title='bbox 960 2075 1016 2130; x_wconf 90' lang='lat' dir='ltr'><strong>in</strong></span> <span class='ocrx_word' id='word_1_254' title='bbox 1048 2075 1334 2135; x_wconf 79' lang='lat' dir='ltr'><strong>Christum</strong></span> <span class='ocrx_word' id='word_1_255' title='bbox 1362 2076 1456 2134; x_wconf 89' lang='lat' dir='ltr'><strong>Dei</strong></span> <span class='ocrx_word' id='word_1_256' title='bbox 1487 2079 1697 2143; x_wconf 88' lang='lat' dir='ltr'><strong>habuit,</strong></span> <span class='ocrx_word' id='word_1_257' title='bbox 1731 2077 1936 2137; x_wconf 79' lang='lat' dir='ltr'><strong>confir-</strong></span> 
     </span>
    </p>
   </div>
   <div class='ocr_carea' id='block_1_39' title="bbox 360 2165 1938 2239">
    <p class='ocr_par' dir='ltr' id='par_1_39' title="bbox 360 2165 1938 2239">
     <span class='ocr_line' id='line_1_39' title="bbox 360 2165 1938 2239; baseline 0.003 -20"><span class='ocrx_word' id='word_1_258' title='bbox 360 2174 562 2220; x_wconf 87' lang='lat' dir='ltr'><strong>matum</strong></span> <span class='ocrx_word' id='word_1_259' title='bbox 621 2165 1028 2235; x_wconf 86' lang='lat' dir='ltr'><strong>solidatumque</strong></span> <span class='ocrx_word' id='word_1_260' title='bbox 1061 2174 1166 2230; x_wconf 86' lang='lat' dir='ltr'><strong>est,</strong></span> <span class='ocrx_word' id='word_1_261' title='bbox 1204 2174 1264 2221; x_wconf 87' lang='lat' dir='ltr'><strong>ut</strong></span> <span class='ocrx_word' id='word_1_262' title='bbox 1289 2184 1358 2222; x_wconf 90' lang='lat' dir='ltr'><strong>ne</strong></span> <span class='ocrx_word' id='word_1_263' title='bbox 1391 2169 1457 2223; x_wconf 90' lang='lat' dir='ltr'><strong>iis</strong></span> <span class='ocrx_word' id='word_1_264' title='bbox 1490 2170 1690 2224; x_wconf 89' lang='lat' dir='ltr'><strong>similia</strong></span> <span class='ocrx_word' id='word_1_265' title='bbox 1719 2177 1938 2239; x_wconf 87' lang='lat' dir='ltr'><strong>patere-</strong></span> 
     </span>
    </p>
   </div>
   <div class='ocr_carea' id='block_1_40' title="bbox 361 2257 1652 2328">
    <p class='ocr_par' dir='ltr' id='par_1_40' title="bbox 361 2257 1652 2328">
     <span class='ocr_line' id='line_1_40' title="bbox 361 2257 1652 2328; baseline 0.001 -18"><span class='ocrx_word' id='word_1_266' title='bbox 361 2263 469 2321; x_wconf 88' lang='lat' dir='ltr'><strong>tur,</strong></span> <span class='ocrx_word' id='word_1_267' title='bbox 499 2271 622 2326; x_wconf 67' lang='lat' dir='ltr'><strong>qua:</strong></span> <span class='ocrx_word' id='word_1_268' title='bbox 658 2257 918 2315; x_wconf 86' lang='lat' dir='ltr'><strong>universa</strong></span> <span class='ocrx_word' id='word_1_269' title='bbox 953 2257 1044 2310; x_wconf 88' lang='lat' dir='ltr'><strong>illa</strong></span> <span class='ocrx_word' id='word_1_270' title='bbox 1082 2272 1215 2327; x_wconf 89' lang='lat' dir='ltr'><strong>gens</strong></span> <span class='ocrx_word' id='word_1_271' title='bbox 1255 2274 1512 2328; x_wconf 85' lang='lat' dir='ltr'><strong>perpessa</strong></span> <span class='ocrx_word' id='word_1_272' title='bbox 1546 2269 1652 2314; x_wconf 89' lang='lat' dir='ltr'><strong>est.</strong></span> 
     </span>
    </p>
   </div>
   <div class='ocr_carea' id='block_1_41' title="bbox 856 2348 1444 2406">
    <p class='ocr_par' dir='ltr' id='par_1_41' title="bbox 856 2348 1444 2406">
     <span class='ocr_line' id='line_1_41' title="bbox 856 2348 1444 2406; baseline 0.007 -4"><span class='ocrx_word' id='word_1_273' title='bbox 856 2348 992 2405; x_wconf 77' lang='lat' dir='ltr'><strong>LVI.</strong></span> <span class='ocrx_word' id='word_1_274' title='bbox 1037 2350 1114 2404; x_wconf 87' lang='lat' dir='ltr'><strong>Ab</strong></span> <span class='ocrx_word' id='word_1_275' title='bbox 1150 2349 1444 2406; x_wconf 77' lang='lat' dir='ltr'><strong>Ezechiele.</strong></span> 
     </span>
    </p>
   </div>
   <div class='ocr_carea' id='block_1_42' title="bbox 436 2439 1936 2514">
    <p class='ocr_par' dir='ltr' id='par_1_42' title="bbox 436 2439 1936 2514">
     <span class='ocr_line' id='line_1_42' title="bbox 436 2439 1936 2514; baseline 0.006 -23"><span class='ocrx_word' id='word_1_276' title='bbox 436 2456 457 2491; x_wconf 77' lang='grc' dir='ltr'><strong>ι</strong></span> <span class='ocrx_word' id='word_1_277' title='bbox 496 2439 563 2494; x_wconf 86' lang='grc' dir='ltr'>Ει</span> <span class='ocrx_word' id='word_1_278' title='bbox 590 2441 790 2498; x_wconf 86' lang='lat' dir='ltr'><strong>cadent</strong></span> <span class='ocrx_word' id='word_1_279' title='bbox 816 2442 1087 2497; x_wconf 86' lang='lat' dir='ltr'><strong>vulnerati</strong></span> <span class='ocrx_word' id='word_1_280' title='bbox 1119 2443 1178 2497; x_wconf 92' lang='lat' dir='ltr'><strong>in</strong></span> <span class='ocrx_word' id='word_1_281' title='bbox 1210 2443 1389 2498; x_wconf 91' lang='lat' dir='ltr'><strong>medio</strong></span> <span class='ocrx_word' id='word_1_282' title='bbox 1412 2446 1606 2510; x_wconf 82' lang='lat' dir='ltr'><strong>vestri,</strong></span> <span class='ocrx_word' id='word_1_283' title='bbox 1645 2452 1700 2499; x_wconf 90' lang='lat' dir='ltr'><strong>et</strong></span> <span class='ocrx_word' id='word_1_284' title='bbox 1727 2460 1936 2514; x_wconf 87' lang='lat' dir='ltr'><strong>cogno-</strong></span> 
     </span>
    </p>
   </div>
   <div class='ocr_carea' id='block_1_43' title="bbox 362 2518 1935 2603">
    <p class='ocr_par' dir='ltr' id='par_1_43' title="bbox 362 2518 1935 2603">
     <span class='ocr_line' id='line_1_43' title="bbox 362 2518 1935 2603; baseline 0.002 -16"><span class='ocrx_word' id='word_1_285' title='bbox 362 2532 532 2587; x_wconf 85' lang='lat' dir='ltr'><strong>scetis</strong></span> <span class='ocrx_word' id='word_1_286' title='bbox 561 2532 708 2602; x_wconf 91' lang='lat' dir='ltr'><strong>quod</strong></span> <span class='ocrx_word' id='word_1_287' title='bbox 749 2548 851 2603; x_wconf 90' lang='lat' dir='ltr'><strong>ego</strong></span> <span class='ocrx_word' id='word_1_288' title='bbox 886 2531 1174 2597; x_wconf 89' lang='lat' dir='ltr'><strong>Dominus,</strong></span> <span class='ocrx_word' id='word_1_289' title='bbox 1221 2549 1346 2588; x_wconf 89' lang='lat' dir='ltr'><strong>cum</strong></span> <span class='ocrx_word' id='word_1_290' title='bbox 1387 2534 1624 2589; x_wconf 83' lang='lat' dir='ltr'><strong>abierint</strong></span> <span class='ocrx_word' id='word_1_291' title='bbox 1654 2518 1722 2589; x_wconf 90' lang='lat' dir='ltr'><strong>de</strong></span> <span class='ocrx_word' id='word_1_292' title='bbox 1758 2535 1935 2600; x_wconf 85' lang='lat' dir='ltr'><strong>vobis,</strong></span> 
     </span>
    </p>
   </div>
   <div class='ocr_carea' id='block_1_44' title="bbox 361 2623 1940 2695">
    <p class='ocr_par' dir='ltr' id='par_1_44' title="bbox 361 2623 1940 2695">
     <span class='ocr_line' id='line_1_44' title="bbox 361 2623 1940 2695; baseline 0.004 -19"><span class='ocrx_word' id='word_1_293' title='bbox 361 2623 453 2692; x_wconf 87' lang='lat' dir='ltr'><strong>qui</strong></span> <span class='ocrx_word' id='word_1_294' title='bbox 498 2623 879 2679; x_wconf 88' lang='lat' dir='ltr'><strong>liberabuntur</strong></span> <span class='ocrx_word' id='word_1_295' title='bbox 923 2640 953 2678; x_wconf 89' lang='lat' dir='ltr'><strong>a</strong></span> <span class='ocrx_word' id='word_1_296' title='bbox 1003 2625 1184 2694; x_wconf 86' lang='lat' dir='ltr'><strong>gladio</strong></span> <span class='ocrx_word' id='word_1_297' title='bbox 1235 2625 1304 2680; x_wconf 89' lang='lat' dir='ltr'><strong>ad</strong></span> <span class='ocrx_word' id='word_1_298' title='bbox 1334 2634 1545 2695; x_wconf 85' lang='lat' dir='ltr'><strong>gentes,</strong></span> <span class='ocrx_word' id='word_1_299' title='bbox 1593 2634 1648 2680; x_wconf 88' lang='lat' dir='ltr'><strong>et</strong></span> <span class='ocrx_word' id='word_1_300' title='bbox 1686 2641 1810 2680; x_wconf 89' lang='lat' dir='ltr'><strong>cum</strong></span> <span class='ocrx_word' id='word_1_301' title='bbox 1842 2642 1940 2682; x_wconf 84' lang='lat' dir='ltr'><strong>vos</strong></span> 
     </span>
    </p>
   </div>
   <div class='ocr_carea' id='block_1_45' title="bbox 361 2713 1935 2784">
    <p class='ocr_par' dir='ltr' id='par_1_45' title="bbox 361 2713 1935 2784">
     <span class='ocr_line' id='line_1_45' title="bbox 361 2713 1935 2784; baseline 0.001 -17"><span class='ocrx_word' id='word_1_302' title='bbox 361 2713 595 2784; x_wconf 83' lang='lat' dir='ltr'><strong>dispersi</strong></span> <span class='ocrx_word' id='word_1_303' title='bbox 617 2713 772 2769; x_wconf 85' lang='lat' dir='ltr'><strong>eritis</strong></span> <span class='ocrx_word' id='word_1_304' title='bbox 803 2728 900 2784; x_wconf 89' lang='lat' dir='ltr'><strong>per</strong></span> <span class='ocrx_word' id='word_1_305' title='bbox 930 2715 1203 2784; x_wconf 79' lang='lat' dir='ltr'><strong>regiones,</strong></span> <span class='ocrx_word' id='word_1_306' title='bbox 1241 2722 1297 2770; x_wconf 90' lang='lat' dir='ltr'><strong>et</strong></span> <span class='ocrx_word' id='word_1_307' title='bbox 1335 2715 1770 2773; x_wconf 81' lang='lat' dir='ltr'><strong>recordabuntur</strong></span> <span class='ocrx_word' id='word_1_308' title='bbox 1805 2717 1935 2780; x_wconf 89' lang='lat' dir='ltr'><strong>mei,</strong></span> 
     </span>
    </p>
   </div>
   <div class='ocr_carea' id='block_1_46' title="bbox 360 2805 1939 2878">
    <p class='ocr_par' dir='ltr' id='par_1_46' title="bbox 360 2805 1939 2878">
     <span class='ocr_line' id='line_1_46' title="bbox 360 2805 1939 2878; baseline 0.001 -18"><span class='ocrx_word' id='word_1_309' title='bbox 360 2805 454 2876; x_wconf 90' lang='lat' dir='ltr'><strong>qui</strong></span> <span class='ocrx_word' id='word_1_310' title='bbox 500 2805 717 2862; x_wconf 86' lang='lat' dir='ltr'><strong>liberati</strong></span> <span class='ocrx_word' id='word_1_311' title='bbox 749 2813 913 2860; x_wconf 91' lang='lat' dir='ltr'><strong>erunt</strong></span> <span class='ocrx_word' id='word_1_312' title='bbox 959 2821 1027 2860; x_wconf 82' lang='lat' dir='ltr'><strong>ex</strong></span> <span class='ocrx_word' id='word_1_313' title='bbox 1075 2806 1231 2862; x_wconf 87' lang='lat' dir='ltr'><strong>vobis</strong></span> <span class='ocrx_word' id='word_1_314' title='bbox 1264 2807 1320 2861; x_wconf 93' lang='lat' dir='ltr'><strong>in</strong></span> <span class='ocrx_word' id='word_1_315' title='bbox 1369 2807 1646 2877; x_wconf 80' lang='lat' dir='ltr'><strong>gentibus,</strong></span> <span class='ocrx_word' id='word_1_316' title='bbox 1688 2806 1757 2861; x_wconf 90' lang='lat' dir='ltr'><strong>ad</strong></span> <span class='ocrx_word' id='word_1_317' title='bbox 1800 2822 1939 2878; x_wconf 84' lang='lat' dir='ltr'><strong>quas</strong></span> 
     </span>
    </p>
   </div>
   <div class='ocr_carea' id='block_1_47' title="bbox 359 2895 1941 2967">
    <p class='ocr_par' dir='ltr' id='par_1_47' title="bbox 359 2895 1941 2967">
     <span class='ocr_line' id='line_1_47' title="bbox 359 2895 1941 2967; baseline 0.001 -16"><span class='ocrx_word' id='word_1_318' title='bbox 359 2896 560 2967; x_wconf 86' lang='lat' dir='ltr'><strong>captivi</strong></span> <span class='ocrx_word' id='word_1_319' title='bbox 590 2896 742 2951; x_wconf 88' lang='lat' dir='ltr'><strong>ducti</strong></span> <span class='ocrx_word' id='word_1_320' title='bbox 791 2897 904 2951; x_wconf 89' lang='lat' dir='ltr'><strong>sint</strong></span> <span class='ocrx_word' id='word_1_321' title='bbox 921 2896 989 2952; x_wconf 70' lang='grc'><strong>⁸⁸.</strong></span> <span class='ocrx_word' id='word_1_322' title='bbox 1027 2916 1045 2949; x_wconf 73' lang='grc' dir='ltr'><strong>ι</strong></span> <span class='ocrx_word' id='word_1_323' title='bbox 1089 2895 1317 2951; x_wconf 81' lang='lat' dir='ltr'><strong>Videtur</strong></span> <span class='ocrx_word' id='word_1_324' title='bbox 1350 2912 1484 2952; x_wconf 89' lang='lat' dir='ltr'><strong>sane</strong></span> <span class='ocrx_word' id='word_1_325' title='bbox 1515 2898 1604 2952; x_wconf 88' lang='lat' dir='ltr'><strong>hic</strong></span> <span class='ocrx_word' id='word_1_326' title='bbox 1639 2897 1941 2967; x_wconf 57' lang='lat' dir='ltr'><strong>mihiquo-</strong></span> 
     </span>
    </p>
   </div>
   <div class='ocr_carea' id='block_1_48' title="bbox 358 2989 1939 3060">
    <p class='ocr_par' dir='ltr' id='par_1_48' title="bbox 358 2989 1939 3060">
     <span class='ocr_line' id='line_1_48' title="bbox 358 2989 1939 3060; baseline 0.001 -17"><span class='ocrx_word' id='word_1_327' title='bbox 358 3005 467 3059; x_wconf 88' lang='lat' dir='ltr'><strong>que</strong></span> <span class='ocrx_word' id='word_1_328' title='bbox 503 2990 844 3046; x_wconf 86' lang='lat' dir='ltr'><strong>concordare</strong></span> <span class='ocrx_word' id='word_1_329' title='bbox 874 2990 965 3054; x_wconf 86' lang='lat' dir='ltr'><strong>iis,</strong></span> <span class='ocrx_word' id='word_1_330' title='bbox 996 2989 1091 3060; x_wconf 91' lang='lat' dir='ltr'><strong>qui</strong></span> <span class='ocrx_word' id='word_1_331' title='bbox 1121 3005 1152 3043; x_wconf 76' lang='grc' dir='ltr'><strong>ιι</strong></span> <span class='ocrx_word' id='word_1_332' title='bbox 1187 2990 1413 3060; x_wconf 86' lang='lat' dir='ltr'><strong>reliquis</strong></span> <span class='ocrx_word' id='word_1_333' title='bbox 1450 2990 1751 3060; x_wconf 86' lang='lat' dir='ltr'><strong>prophetiis</strong></span> <span class='ocrx_word' id='word_1_334' title='bbox 1782 3005 1939 3045; x_wconf 85' lang='lat' dir='ltr'><strong>acce-</strong></span> 
     </span>
    </p>
   </div>
   <div class='ocr_carea' id='block_1_49' title="bbox 2036 1893 3625 1973">
    <p class='ocr_par' dir='ltr' id='par_1_49' title="bbox 2036 1893 3625 1973">
     <span class='ocr_line' id='line_1_49' title="bbox 2036 1893 3625 1973; baseline -0.007 -16"><span class='ocrx_word' id='word_1_335' title='bbox 2036 1905 2096 1956; x_wconf 85' lang='grc' dir='ltr'><strong>τὸ</strong></span> <span class='ocrx_word' id='word_1_336' title='bbox 2128 1904 2500 1973; x_wconf 84' lang='grc' dir='ltr'>κατάλειμμα,</span> <span class='ocrx_word' id='word_1_337' title='bbox 2539 1903 2676 1972; x_wconf 85' lang='grc' dir='ltr'>ὅπερ</span> <span class='ocrx_word' id='word_1_338' title='bbox 2711 1902 2991 1972; x_wconf 84' lang='grc' dir='ltr'>στήριγμα</span> <span class='ocrx_word' id='word_1_339' title='bbox 3030 1897 3202 1968; x_wconf 76' lang='grc' dir='ltr'>αὐτῆς</span> <span class='ocrx_word' id='word_1_340' title='bbox 3234 1897 3490 1967; x_wconf 79' lang='grc' dir='ltr'>ὀνομάζει</span> <span class='ocrx_word' id='word_1_341' title='bbox 3522 1893 3625 1947; x_wconf 76' lang='grc' dir='ltr'><strong>τοῦ</strong></span> 
     </span>
    </p>
   </div>
   <div class='ocr_carea' id='block_1_50' title="bbox 2036 1981 3622 2066">
    <p class='ocr_par' dir='ltr' id='par_1_50' title="bbox 2036 1981 3622 2066">
     <span class='ocr_line' id='line_1_50' title="bbox 2036 1981 3622 2066; baseline -0.008 -19"><span class='ocrx_word' id='word_1_342' title='bbox 2036 1994 2241 2066; x_wconf 81' lang='grc' dir='ltr'>Κυρίου</span> <span class='ocrx_word' id='word_1_343' title='bbox 2272 1994 2553 2061; x_wconf 79' lang='grc' dir='ltr'>τυγχάνον.</span> <span class='ocrx_word' id='word_1_344' title='bbox 2602 1988 2771 2044; x_wconf 88' lang='grc' dir='ltr'>Τοῦτο</span> <span class='ocrx_word' id='word_1_345' title='bbox 2813 1989 2871 2043; x_wconf 81' lang='grc' dir='ltr'>δὲ</span> <span class='ocrx_word' id='word_1_346' title='bbox 2908 1984 2978 2060; x_wconf 81' lang='grc' dir='ltr'>ἦν</span> <span class='ocrx_word' id='word_1_347' title='bbox 3019 1988 3082 2041; x_wconf 83' lang='grc' dir='ltr'><strong>τὸ</strong></span> <span class='ocrx_word' id='word_1_348' title='bbox 3119 1986 3206 2039; x_wconf 83' lang='grc' dir='ltr'>διὰ</span> <span class='ocrx_word' id='word_1_349' title='bbox 3251 1984 3354 2052; x_wconf 81' lang='grc' dir='ltr'>τῆς</span> <span class='ocrx_word' id='word_1_350' title='bbox 3396 1985 3476 2046; x_wconf 78' lang='grc' dir='ltr'><strong>είς</strong></span> <span class='ocrx_word' id='word_1_351' title='bbox 3526 1981 3622 2035; x_wconf 85' lang='grc' dir='ltr'><strong>τὸν</strong></span> 
     </span>
    </p>
   </div>
   <div class='ocr_carea' id='block_1_51' title="bbox 2036 2072 3620 2152">
    <p class='ocr_par' dir='ltr' id='par_1_51' title="bbox 2036 2072 3620 2152">
     <span class='ocr_line' id='line_1_51' title="bbox 2036 2072 3620 2152; baseline -0.007 -18"><span class='ocrx_word' id='word_1_352' title='bbox 2036 2083 2271 2152; x_wconf 86' lang='grc' dir='ltr'>Χριστὸν</span> <span class='ocrx_word' id='word_1_353' title='bbox 2286 2080 2379 2133; x_wconf 83' lang='grc' dir='ltr'><strong>τοῦ</strong></span> <span class='ocrx_word' id='word_1_354' title='bbox 2400 2078 2535 2133; x_wconf 81' lang='grc' dir='ltr'>Θεοῦ</span> <span class='ocrx_word' id='word_1_355' title='bbox 2553 2080 2791 2142; x_wconf 86' lang='grc' dir='ltr'>πίστεως</span> <span class='ocrx_word' id='word_1_356' title='bbox 2825 2075 3140 2146; x_wconf 85' lang='grc' dir='ltr'>δυναμωθέν</span> <span class='ocrx_word' id='word_1_357' title='bbox 3165 2075 3260 2128; x_wconf 76' lang='grc' dir='ltr'><strong>καὶ</strong></span> <span class='ocrx_word' id='word_1_358' title='bbox 3290 2072 3620 2144; x_wconf 50' lang='lat' dir='ltr'><strong>nepetae»,</strong></span> 
     </span>
    </p>
   </div>
   <div class='ocr_carea' id='block_1_52' title="bbox 2036 2162 3623 2242">
    <p class='ocr_par' dir='ltr' id='par_1_52' title="bbox 2036 2162 3623 2242">
     <span class='ocr_line' id='line_1_52' title="bbox 2036 2162 3623 2242; baseline -0.005 -18"><span class='ocrx_word' id='word_1_359' title='bbox 2036 2172 2111 2233; x_wconf 81' lang='grc' dir='ltr'>ὼς</span> <span class='ocrx_word' id='word_1_360' title='bbox 2136 2171 2268 2242; x_wconf 78' lang='grc' dir='ltr'>μηδὲ</span> <span class='ocrx_word' id='word_1_361' title='bbox 2290 2170 2357 2224; x_wconf 79' lang='grc' dir='ltr'><strong>τὰ</strong></span> <span class='ocrx_word' id='word_1_362' title='bbox 2389 2173 2553 2241; x_wconf 84' lang='grc' dir='ltr'>ὃμοια</span> <span class='ocrx_word' id='word_1_363' title='bbox 2589 2171 2900 2240; x_wconf 86' lang='grc' dir='ltr'>ὑπομεῖναι,</span> <span class='ocrx_word' id='word_1_364' title='bbox 2925 2163 3006 2231; x_wconf 77' lang='grc' dir='ltr'>οἷς</span> <span class='ocrx_word' id='word_1_365' title='bbox 3031 2167 3094 2219; x_wconf 83' lang='grc' dir='ltr'><strong>τὸ</strong></span> <span class='ocrx_word' id='word_1_366' title='bbox 3125 2167 3232 2220; x_wconf 75' lang='grc' dir='ltr'><strong>πᾶν</strong></span> <span class='ocrx_word' id='word_1_367' title='bbox 3261 2165 3415 2229; x_wconf 72' lang='grc' dir='ltr'>ἔθνος</span> <span class='ocrx_word' id='word_1_368' title='bbox 3438 2162 3623 2217; x_wconf 76' lang='grc' dir='ltr'>αὐτῶν</span> 
     </span>
    </p>
   </div>
   <div class='ocr_carea' id='block_1_53' title="bbox 2036 2261 2345 2334">
    <p class='ocr_par' dir='ltr' id='par_1_53' title="bbox 2036 2261 2345 2334">
     <span class='ocr_line' id='line_1_53' title="bbox 2036 2261 2345 2334; baseline 0 -20"><span class='ocrx_word' id='word_1_369' title='bbox 2036 2261 2345 2334; x_wconf 83' lang='grc' dir='ltr'>ἐπεπόνθει.</span> 
     </span>
    </p>
   </div>
   <div class='ocr_carea' id='block_1_54' title="bbox 2419 2349 3230 2420">
    <p class='ocr_par' dir='ltr' id='par_1_54' title="bbox 2419 2349 3230 2420">
     <span class='ocr_line' id='line_1_54' title="bbox 2419 2349 3230 2420; baseline -0.001 -14"><span class='ocrx_word' id='word_1_370' title='bbox 2419 2354 2562 2420; x_wconf 71' lang='lat' dir='ltr'><strong>NG&quot;.</strong></span> <span class='ocrx_word' id='word_1_371' title='bbox 2623 2351 2757 2407; x_wconf 76' lang='grc' dir='ltr'>Ἀπὸ</span> <span class='ocrx_word' id='word_1_372' title='bbox 2792 2353 2898 2406; x_wconf 85' lang='grc' dir='ltr'><strong>τοῦ</strong></span> <span class='ocrx_word' id='word_1_373' title='bbox 2943 2349 3230 2417; x_wconf 79' lang='grc' dir='ltr'>Ἐζεκιήλ.</span> 
     </span>
    </p>
   </div>
   <div class='ocr_carea' id='block_1_55' title="bbox 2114 2439 3625 2515">
    <p class='ocr_par' dir='ltr' id='par_1_55' title="bbox 2114 2439 3625 2515">
     <span class='ocr_line' id='line_1_55' title="bbox 2114 2439 3625 2515; baseline -0.003 -19"><span class='ocrx_word' id='word_1_374' title='bbox 2114 2465 2132 2496; x_wconf 81' lang='grc' dir='ltr'><strong>ι</strong></span> <span class='ocrx_word' id='word_1_375' title='bbox 2168 2446 2279 2498; x_wconf 81' lang='grc' dir='ltr'><strong>Καὶ</strong></span> <span class='ocrx_word' id='word_1_376' title='bbox 2316 2445 2609 2498; x_wconf 79' lang='grc' dir='ltr'>πεσοῦνται</span> <span class='ocrx_word' id='word_1_377' title='bbox 2641 2443 2977 2515; x_wconf 87' lang='grc' dir='ltr'>τραυματίαι</span> <span class='ocrx_word' id='word_1_378' title='bbox 3012 2445 3070 2496; x_wconf 85' lang='grc' dir='ltr'><strong>ἐν</strong></span> <span class='ocrx_word' id='word_1_379' title='bbox 3109 2442 3259 2514; x_wconf 85' lang='grc' dir='ltr'>μέσῳ</span> <span class='ocrx_word' id='word_1_380' title='bbox 3305 2440 3481 2512; x_wconf 81' lang='grc' dir='ltr'>ὑμῶν,</span> <span class='ocrx_word' id='word_1_381' title='bbox 3524 2439 3625 2493; x_wconf 71' lang='grc' dir='ltr'><strong>καὶ</strong></span> 
     </span>
    </p>
   </div>
   <div class='ocr_carea' id='block_1_56' title="bbox 2037 2531 3625 2606">
    <p class='ocr_par' dir='ltr' id='par_1_56' title="bbox 2037 2531 3625 2606">
     <span class='ocr_line' id='line_1_56' title="bbox 2037 2531 3625 2606; baseline -0.001 -18"><span class='ocrx_word' id='word_1_382' title='bbox 2037 2535 2424 2603; x_wconf 77' lang='grc' dir='ltr'>ἐπιγνώσεσθε,</span> <span class='ocrx_word' id='word_1_383' title='bbox 2469 2537 2551 2590; x_wconf 86' lang='grc' dir='ltr'>ὅτι</span> <span class='ocrx_word' id='word_1_384' title='bbox 2594 2534 2702 2604; x_wconf 82' lang='grc' dir='ltr'><strong>ἐγὼ</strong></span> <span class='ocrx_word' id='word_1_385' title='bbox 2751 2535 2977 2606; x_wconf 84' lang='grc' dir='ltr'>Κύριος,</span> <span class='ocrx_word' id='word_1_386' title='bbox 3019 2536 3077 2588; x_wconf 88' lang='grc' dir='ltr'><strong>ἐν</strong></span> <span class='ocrx_word' id='word_1_387' title='bbox 3122 2533 3201 2605; x_wconf 82' lang='grc' dir='ltr'><strong>τῷ</strong></span> <span class='ocrx_word' id='word_1_388' title='bbox 3254 2531 3503 2602; x_wconf 85' lang='grc' dir='ltr'>γενέσθαι</span> <span class='ocrx_word' id='word_1_389' title='bbox 3561 2532 3625 2596; x_wconf 76' lang='grc' dir='ltr'>ἐξ</span> 
     </span>
    </p>
   </div>
   <div class='ocr_carea' id='block_1_57' title="bbox 2038 2622 3620 2701">
    <p class='ocr_par' dir='ltr' id='par_1_57' title="bbox 2038 2622 3620 2701">
     <span class='ocr_line' id='line_1_57' title="bbox 2038 2622 3620 2701; baseline -0.006 -17"><span class='ocrx_word' id='word_1_390' title='bbox 2038 2629 2191 2701; x_wconf 82' lang='grc' dir='ltr'>ὑμῶν</span> <span class='ocrx_word' id='word_1_391' title='bbox 2238 2625 2685 2698; x_wconf 77' lang='grc' dir='ltr'>ἀνασωζομένους</span> <span class='ocrx_word' id='word_1_392' title='bbox 2728 2628 2793 2679; x_wconf 86' lang='grc' dir='ltr'><strong>ἐκ</strong></span> <span class='ocrx_word' id='word_1_393' title='bbox 2839 2626 3115 2698; x_wconf 79' lang='grc' dir='ltr'>ῥομφαίας</span> <span class='ocrx_word' id='word_1_394' title='bbox 3157 2627 3215 2677; x_wconf 87' lang='grc' dir='ltr'><strong>ἐν</strong></span> <span class='ocrx_word' id='word_1_395' title='bbox 3257 2627 3370 2689; x_wconf 77' lang='grc' dir='ltr'>τοζς</span> <span class='ocrx_word' id='word_1_396' title='bbox 3415 2622 3620 2684; x_wconf 72' lang='grc' dir='ltr'>ἔθνεσι,</span> 
     </span>
    </p>
   </div>
   <div class='ocr_carea' id='block_1_58' title="bbox 2038 2715 3624 2791">
    <p class='ocr_par' dir='ltr' id='par_1_58' title="bbox 2038 2715 3624 2791">
     <span class='ocr_line' id='line_1_58' title="bbox 2038 2715 3624 2791; baseline -0.006 -13"><span class='ocrx_word' id='word_1_397' title='bbox 2038 2722 2132 2779; x_wconf 77' lang='grc' dir='ltr'><strong>καὶ</strong></span> <span class='ocrx_word' id='word_1_398' title='bbox 2161 2726 2217 2775; x_wconf 80' lang='grc' dir='ltr'><strong>ἐν</strong></span> <span class='ocrx_word' id='word_1_399' title='bbox 2246 2721 2324 2791; x_wconf 82' lang='grc' dir='ltr'><strong>τῷ</strong></span> <span class='ocrx_word' id='word_1_400' title='bbox 2356 2717 2774 2791; x_wconf 87' lang='grc' dir='ltr'>διασκορπισμῷ</span> <span class='ocrx_word' id='word_1_401' title='bbox 2818 2718 2974 2789; x_wconf 84' lang='grc' dir='ltr'>ὑμῶν</span> <span class='ocrx_word' id='word_1_402' title='bbox 3005 2720 3064 2771; x_wconf 86' lang='grc' dir='ltr'>ὲν</span> <span class='ocrx_word' id='word_1_403' title='bbox 3086 2719 3204 2784; x_wconf 81' lang='grc' dir='ltr'>ταῖς</span> <span class='ocrx_word' id='word_1_404' title='bbox 3236 2715 3463 2788; x_wconf 83' lang='grc' dir='ltr'>χώραις.</span> <span class='ocrx_word' id='word_1_405' title='bbox 3504 2716 3624 2769; x_wconf 77' lang='grc' dir='ltr'><strong>Καὶ</strong></span> 
     </span>
    </p>
   </div>
   <div class='ocr_carea' id='block_1_59' title="bbox 2042 2807 3624 2884">
    <p class='ocr_par' dir='ltr' id='par_1_59' title="bbox 2042 2807 3624 2884">
     <span class='ocr_line' id='line_1_59' title="bbox 2042 2807 3624 2884; baseline -0.004 -18"><span class='ocrx_word' id='word_1_406' title='bbox 2042 2810 2441 2884; x_wconf 79' lang='grc' dir='ltr'>μνησθήσονται</span> <span class='ocrx_word' id='word_1_407' title='bbox 2478 2828 2579 2881; x_wconf 92' lang='grc' dir='ltr'><strong>μου</strong></span> <span class='ocrx_word' id='word_1_408' title='bbox 2608 2811 2657 2863; x_wconf 89' lang='grc' dir='ltr'><strong>οί</strong></span> <span class='ocrx_word' id='word_1_409' title='bbox 2700 2808 3103 2879; x_wconf 81' lang='grc' dir='ltr'>ἀνασωζόμενοι</span> <span class='ocrx_word' id='word_1_410' title='bbox 3132 2807 3192 2872; x_wconf 80' lang='grc' dir='ltr'><strong>ἐξ</strong></span> <span class='ocrx_word' id='word_1_411' title='bbox 3220 2807 3373 2879; x_wconf 82' lang='grc' dir='ltr'>ὑμῶν</span> <span class='ocrx_word' id='word_1_412' title='bbox 3409 2808 3469 2860; x_wconf 91' lang='grc' dir='ltr'><strong>ἐν</strong></span> <span class='ocrx_word' id='word_1_413' title='bbox 3501 2808 3624 2869; x_wconf 74' lang='grc' dir='ltr'>τοῖς</span> 
     </span>
    </p>
   </div>
   <div class='ocr_carea' id='block_1_60' title="bbox 2039 2897 3623 2974">
    <p class='ocr_par' dir='ltr' id='par_1_60' title="bbox 2039 2897 3623 2974">
     <span class='ocr_line' id='line_1_60' title="bbox 2039 2897 3623 2974; baseline -0.003 -18"><span class='ocrx_word' id='word_1_414' title='bbox 2039 2903 2265 2969; x_wconf 77' lang='grc' dir='ltr'>ἔθνεσιν,</span> <span class='ocrx_word' id='word_1_415' title='bbox 2306 2897 2367 2958; x_wconf 80' lang='grc' dir='ltr'><strong>οῦ</strong></span> <span class='ocrx_word' id='word_1_416' title='bbox 2394 2901 2891 2974; x_wconf 74' lang='grc' dir='ltr'>ᾑχμαλωτεύθησαν</span> <span class='ocrx_word' id='word_1_417' title='bbox 2936 2901 3071 2970; x_wconf 79' lang='grc' dir='ltr'>ἐκεῖ.</span> <span class='ocrx_word' id='word_1_418' title='bbox 3109 2919 3128 2950; x_wconf 77' lang='grc' dir='ltr'><strong>ι</strong></span> <span class='ocrx_word' id='word_1_419' title='bbox 3163 2900 3320 2951; x_wconf 85' lang='grc' dir='ltr'>Δοκεῖ</span> <span class='ocrx_word' id='word_1_420' title='bbox 3359 2899 3623 2970; x_wconf 18' lang='grc' dir='ltr'>μοιθκάν-</span> 
     </span>
    </p>
   </div>
   <div class='ocr_carea' id='block_1_61' title="bbox 2037 2988 3620 3065">
    <p class='ocr_par' dir='ltr' id='par_1_61' title="bbox 2037 2988 3620 3065">
     <span class='ocr_line' id='line_1_61' title="bbox 2037 2988 3620 3065; baseline -0.003 -17"><span class='ocrx_word' id='word_1_421' title='bbox 2037 2994 2214 3050; x_wconf 87' lang='grc' dir='ltr'>ταῦθα</span> <span class='ocrx_word' id='word_1_422' title='bbox 2257 2995 2502 3065; x_wconf 79' lang='grc' dir='ltr'>συνᾴδειν</span> <span class='ocrx_word' id='word_1_423' title='bbox 2542 2996 2656 3056; x_wconf 83' lang='grc' dir='ltr'>τοῖς</span> <span class='ocrx_word' id='word_1_424' title='bbox 2697 2992 2807 3046; x_wconf 79' lang='grc' dir='ltr'><strong>ἀπὸ</strong></span> <span class='ocrx_word' id='word_1_425' title='bbox 2846 2991 2956 3044; x_wconf 90' lang='grc' dir='ltr'><strong>τῶν</strong></span> <span class='ocrx_word' id='word_1_426' title='bbox 3001 2989 3203 3043; x_wconf 82' lang='grc' dir='ltr'>λοιπῶν</span> <span class='ocrx_word' id='word_1_427' title='bbox 3245 2988 3620 3061; x_wconf 78' lang='grc' dir='ltr'>προφητειῶν.</span> 
     </span>
    </p>
   </div>
   <div class='ocr_carea' id='block_1_62' title="bbox 361 3074 1933 3158">
    <p class='ocr_par' dir='ltr' id='par_1_62' title="bbox 361 3074 1933 3152">
     <span class='ocr_line' id='line_1_62' title="bbox 361 3074 1933 3152; baseline -0.001 -17"><span class='ocrx_word' id='word_1_428' title='bbox 361 3089 453 3152; x_wconf 79' lang='lat' dir='ltr'><strong>pta</strong></span> <span class='ocrx_word' id='word_1_429' title='bbox 504 3091 632 3137; x_wconf 90' lang='lat' dir='ltr'><strong>sunt</strong></span> <span class='ocrx_word' id='word_1_430' title='bbox 665 3100 678 3136; x_wconf 90' lang='lat'>:</span> <span class='ocrx_word' id='word_1_431' title='bbox 710 3096 806 3136; x_wconf 89' lang='lat' dir='ltr'><strong>eos</strong></span> <span class='ocrx_word' id='word_1_432' title='bbox 858 3081 1003 3136; x_wconf 90' lang='lat' dir='ltr'><strong>enim</strong></span> <span class='ocrx_word' id='word_1_433' title='bbox 1039 3082 1132 3151; x_wconf 88' lang='lat' dir='ltr'><strong>qui</strong></span> <span class='ocrx_word' id='word_1_434' title='bbox 1173 3074 1384 3147; x_wconf 83' lang='lat' dir='ltr'><strong>liberati</strong></span> <span class='ocrx_word' id='word_1_435' title='bbox 1422 3089 1620 3145; x_wconf 91' lang='lat' dir='ltr'><strong>erunt,</strong></span> <span class='ocrx_word' id='word_1_436' title='bbox 1666 3096 1933 3152; x_wconf 85' lang='lat' dir='ltr'><strong>quosnam</strong></span> 
     </span>
    </p>
   </div>
   <div class='ocr_carea' id='block_1_63' title="bbox 2046 3074 3626 3158">
    <p class='ocr_par' dir='ltr' id='par_1_63' title="bbox 2046 3079 3626 3158">
     <span class='ocr_line' id='line_1_63' title="bbox 2046 3079 3626 3158; baseline -0.004 -20"><span class='ocrx_word' id='word_1_437' title='bbox 2046 3087 2180 3151; x_wconf 82' lang='grc' dir='ltr'>Τοὺς</span> <span class='ocrx_word' id='word_1_438' title='bbox 2206 3086 2314 3158; x_wconf 82' lang='grc' dir='ltr'>γὰρ</span> <span class='ocrx_word' id='word_1_439' title='bbox 2334 3083 2781 3155; x_wconf 77' lang='grc' dir='ltr'>ἀνασωζομένους</span> <span class='ocrx_word' id='word_1_440' title='bbox 2806 3082 2955 3146; x_wconf 89' lang='grc' dir='ltr'>τίνας</span> <span class='ocrx_word' id='word_1_441' title='bbox 2983 3081 3048 3135; x_wconf 86' lang='grc' dir='ltr'><strong>ἂν</strong></span> <span class='ocrx_word' id='word_1_442' title='bbox 3074 3080 3252 3144; x_wconf 79' lang='grc' dir='ltr'>εἴποις</span> <span class='ocrx_word' id='word_1_443' title='bbox 3283 3080 3317 3152; x_wconf 77' lang='grc' dir='ltr'>ἢ</span> <span class='ocrx_word' id='word_1_444' title='bbox 3346 3080 3407 3132; x_wconf 85' lang='grc' dir='ltr'><strong>τὸ</strong></span> <span class='ocrx_word' id='word_1_445' title='bbox 3431 3082 3488 3133; x_wconf 82' lang='grc' dir='ltr'>ὲν</span> <span class='ocrx_word' id='word_1_446' title='bbox 3508 3079 3626 3132; x_wconf 80' lang='grc' dir='ltr'>ἐτέ-</span> 
     </span>
    </p>
   </div>
   <div class='ocr_carea' id='block_1_64' title="bbox 360 3170 1935 3242">
    <p class='ocr_par' dir='ltr' id='par_1_64' title="bbox 360 3170 1935 3242">
     <span class='ocr_line' id='line_1_64' title="bbox 360 3170 1935 3242; baseline 0.002 -16"><span class='ocrx_word' id='word_1_447' title='bbox 360 3173 498 3226; x_wconf 86' lang='lat' dir='ltr'><strong>alios</strong></span> <span class='ocrx_word' id='word_1_448' title='bbox 524 3170 752 3237; x_wconf 79' lang='lat' dir='ltr'><strong>dixeris,</strong></span> <span class='ocrx_word' id='word_1_449' title='bbox 783 3174 889 3226; x_wconf 91' lang='lat' dir='ltr'><strong>nisi</strong></span> <span class='ocrx_word' id='word_1_450' title='bbox 919 3172 1067 3242; x_wconf 90' lang='lat' dir='ltr'><strong>quod</strong></span> <span class='ocrx_word' id='word_1_451' title='bbox 1114 3173 1171 3226; x_wconf 93' lang='lat' dir='ltr'><strong>in</strong></span> <span class='ocrx_word' id='word_1_452' title='bbox 1215 3173 1450 3238; x_wconf 80' lang='lat' dir='ltr'><strong>caeteris,</strong></span> <span class='ocrx_word' id='word_1_453' title='bbox 1492 3174 1797 3238; x_wconf 85' lang='lat' dir='ltr'><strong>residuum,</strong></span> <span class='ocrx_word' id='word_1_454' title='bbox 1838 3191 1935 3229; x_wconf 80' lang='lat' dir='ltr'><strong>seu</strong></span> 
     </span>
    </p>
   </div>
   <div class='ocr_carea' id='block_1_65' title="bbox 361 3263 1939 3336">
    <p class='ocr_par' dir='ltr' id='par_1_65' title="bbox 361 3263 1939 3336">
     <span class='ocr_line' id='line_1_65' title="bbox 361 3263 1939 3336; baseline 0.001 -18"><span class='ocrx_word' id='word_1_455' title='bbox 361 3263 658 3332; x_wconf 86' lang='lat' dir='ltr'><strong>reliquum,</strong></span> <span class='ocrx_word' id='word_1_456' title='bbox 692 3273 747 3318; x_wconf 92' lang='lat' dir='ltr'><strong>et</strong></span> <span class='ocrx_word' id='word_1_457' title='bbox 777 3265 942 3326; x_wconf 88' lang='lat' dir='ltr'><strong>stilla,</strong></span> <span class='ocrx_word' id='word_1_458' title='bbox 965 3273 1019 3320; x_wconf 89' lang='lat' dir='ltr'><strong>et</strong></span> <span class='ocrx_word' id='word_1_459' title='bbox 1048 3279 1164 3329; x_wconf 94' lang='lat' dir='ltr'><strong>ros,</strong></span> <span class='ocrx_word' id='word_1_460' title='bbox 1196 3265 1383 3336; x_wconf 76' lang='lat' dir='ltr'><strong>papuli</strong></span> <span class='ocrx_word' id='word_1_461' title='bbox 1411 3265 1557 3322; x_wconf 92' lang='lat' dir='ltr'><strong>illius</strong></span> <span class='ocrx_word' id='word_1_462' title='bbox 1591 3268 1939 3322; x_wconf 88' lang='lat' dir='ltr'><strong>nominatur?</strong></span> 
     </span>
    </p>
   </div>
   <div class='ocr_carea' id='block_1_66' title="bbox 362 3355 1940 3428">
    <p class='ocr_par' dir='ltr' id='par_1_66' title="bbox 362 3355 1940 3428">
     <span class='ocr_line' id='line_1_66' title="bbox 362 3355 1940 3428; baseline 0.002 -19"><span class='ocrx_word' id='word_1_463' title='bbox 362 3357 564 3427; x_wconf 88' lang='lat' dir='ltr'><strong>quibus</strong></span> <span class='ocrx_word' id='word_1_464' title='bbox 598 3356 786 3425; x_wconf 88' lang='lat' dir='ltr'><strong>utique</strong></span> <span class='ocrx_word' id='word_1_465' title='bbox 818 3355 1378 3420; x_wconf 85' lang='lat' dir='ltr'><strong>denominationibus,</strong></span> <span class='ocrx_word' id='word_1_466' title='bbox 1414 3360 1789 3428; x_wconf 87' lang='lat' dir='ltr'><strong>apostolorum</strong></span> <span class='ocrx_word' id='word_1_467' title='bbox 1819 3358 1940 3413; x_wconf 88' lang='lat' dir='ltr'><strong>Sal-</strong></span> 
     </span>
    </p>
   </div>
   <div class='ocr_carea' id='block_1_67' title="bbox 361 3448 1939 3521">
    <p class='ocr_par' dir='ltr' id='par_1_67' title="bbox 361 3448 1939 3521">
     <span class='ocr_line' id='line_1_67' title="bbox 361 3448 1939 3521; baseline 0.001 -17"><span class='ocrx_word' id='word_1_468' title='bbox 361 3449 571 3504; x_wconf 87' lang='lat' dir='ltr'><strong>vatoris</strong></span> <span class='ocrx_word' id='word_1_469' title='bbox 600 3448 775 3503; x_wconf 86' lang='lat' dir='ltr'><strong>nostri</strong></span> <span class='ocrx_word' id='word_1_470' title='bbox 797 3456 1104 3503; x_wconf 83' lang='lat' dir='ltr'><strong>conventus</strong></span> <span class='ocrx_word' id='word_1_471' title='bbox 1134 3448 1429 3503; x_wconf 88' lang='lat' dir='ltr'><strong>indicatur.</strong></span> <span class='ocrx_word' id='word_1_472' title='bbox 1459 3449 1524 3504; x_wconf 89' lang='lat' dir='ltr'><strong>Hi</strong></span> <span class='ocrx_word' id='word_1_473' title='bbox 1564 3466 1695 3521; x_wconf 88' lang='lat' dir='ltr'><strong>ergo</strong></span> <span class='ocrx_word' id='word_1_474' title='bbox 1726 3452 1939 3505; x_wconf 87' lang='lat' dir='ltr'><strong>liberati</strong></span> 
     </span>
    </p>
   </div>
   <div class='ocr_carea' id='block_1_68' title="bbox 365 3537 1940 3613">
    <p class='ocr_par' dir='ltr' id='par_1_68' title="bbox 365 3537 1940 3613">
     <span class='ocr_line' id='line_1_68' title="bbox 365 3537 1940 3613; baseline 0.001 -17"><span class='ocrx_word' id='word_1_475' title='bbox 365 3537 438 3596; x_wconf 86' lang='lat' dir='ltr'><strong>ab</strong></span> <span class='ocrx_word' id='word_1_476' title='bbox 474 3539 696 3594; x_wconf 84' lang='lat' dir='ltr'><strong>interitu</strong></span> <span class='ocrx_word' id='word_1_477' title='bbox 732 3540 1004 3605; x_wconf 71' lang='lat' dir='ltr'><strong>universae</strong></span> <span class='ocrx_word' id='word_1_478' title='bbox 1042 3541 1261 3601; x_wconf 87' lang='lat' dir='ltr'><strong>illorum</strong></span> <span class='ocrx_word' id='word_1_479' title='bbox 1304 3542 1545 3598; x_wconf 82' lang='lat' dir='ltr'><strong>nationis</strong></span> <span class='ocrx_word' id='word_1_480' title='bbox 1585 3550 1640 3597; x_wconf 89' lang='lat' dir='ltr'><strong>et</strong></span> <span class='ocrx_word' id='word_1_481' title='bbox 1667 3557 1697 3596; x_wconf 86' lang='lat' dir='ltr'><strong>a</strong></span> <span class='ocrx_word' id='word_1_482' title='bbox 1727 3544 1940 3613; x_wconf 88' lang='lat' dir='ltr'><strong>disper-</strong></span> 
     </span>
    </p>
   </div>
   <div class='ocr_carea' id='block_1_69' title="bbox 366 3629 1937 3697">
    <p class='ocr_par' dir='ltr' id='par_1_69' title="bbox 366 3629 1937 3697">
     <span class='ocr_line' id='line_1_69' title="bbox 366 3629 1937 3697; baseline 0.004 -13"><span class='ocrx_word' id='word_1_483' title='bbox 366 3629 520 3684; x_wconf 83' lang='lat' dir='ltr'><strong>sione</strong></span> <span class='ocrx_word' id='word_1_484' title='bbox 554 3630 791 3697; x_wconf 88' lang='lat' dir='ltr'><strong>illorum,</strong></span> <span class='ocrx_word' id='word_1_485' title='bbox 824 3630 1100 3686; x_wconf 88' lang='lat' dir='ltr'><strong>recordati</strong></span> <span class='ocrx_word' id='word_1_486' title='bbox 1140 3639 1270 3686; x_wconf 88' lang='lat' dir='ltr'><strong>sunt</strong></span> <span class='ocrx_word' id='word_1_487' title='bbox 1303 3631 1420 3695; x_wconf 85' lang='lat' dir='ltr'><strong>Dei,</strong></span> <span class='ocrx_word' id='word_1_488' title='bbox 1454 3640 1514 3687; x_wconf 91' lang='lat' dir='ltr'><strong>ut</strong></span> <span class='ocrx_word' id='word_1_489' title='bbox 1563 3633 1635 3687; x_wconf 92' lang='lat' dir='ltr'><strong>sit</strong></span> <span class='ocrx_word' id='word_1_490' title='bbox 1668 3636 1937 3690; x_wconf 84' lang='lat' dir='ltr'><strong>conﬁten-</strong></span> 
     </span>
    </p>
   </div>
   <div class='ocr_carea' id='block_1_70' title="bbox 365 3720 1793 3793">
    <p class='ocr_par' dir='ltr' id='par_1_70' title="bbox 365 3720 1793 3793">
     <span class='ocr_line' id='line_1_70' title="bbox 365 3720 1793 3793; baseline 0.002 -17"><span class='ocrx_word' id='word_1_491' title='bbox 365 3720 516 3786; x_wconf 90' lang='lat' dir='ltr'><strong>dum,</strong></span> <span class='ocrx_word' id='word_1_492' title='bbox 558 3736 623 3785; x_wconf 86' lang='lat' dir='ltr'><strong>ea</strong></span> <span class='ocrx_word' id='word_1_493' title='bbox 653 3737 777 3792; x_wconf 70' lang='lat' dir='ltr'><strong>qua:</strong></span> <span class='ocrx_word' id='word_1_494' title='bbox 805 3722 1008 3793; x_wconf 86' lang='lat' dir='ltr'><strong>scripta</strong></span> <span class='ocrx_word' id='word_1_495' title='bbox 1034 3731 1183 3785; x_wconf 88' lang='lat' dir='ltr'><strong>sunt,</strong></span> <span class='ocrx_word' id='word_1_496' title='bbox 1210 3723 1279 3778; x_wconf 89' lang='lat' dir='ltr'><strong>de</strong></span> <span class='ocrx_word' id='word_1_497' title='bbox 1316 3724 1401 3778; x_wconf 90' lang='lat' dir='ltr'><strong>his</strong></span> <span class='ocrx_word' id='word_1_498' title='bbox 1430 3723 1600 3781; x_wconf 81' lang='lat' dir='ltr'><strong>fuisse</strong></span> <span class='ocrx_word' id='word_1_499' title='bbox 1628 3725 1793 3780; x_wconf 90' lang='lat' dir='ltr'><strong>dicta.</strong></span> 
     </span>
    </p>
   </div>
   <div class='ocr_carea' id='block_1_71' title="bbox 902 3838 1397 3901">
    <p class='ocr_par' dir='ltr' id='par_1_71' title="bbox 902 3838 1397 3901">
     <span class='ocr_line' id='line_1_71' title="bbox 902 3838 1397 3901; baseline 0.006 -7"><span class='ocrx_word' id='word_1_500' title='bbox 902 3838 1059 3901; x_wconf 80' lang='lat' dir='ltr'><strong>LVII.</strong></span> <span class='ocrx_word' id='word_1_501' title='bbox 1099 3839 1179 3895; x_wconf 87' lang='lat' dir='ltr'><strong>Ab</strong></span> <span class='ocrx_word' id='word_1_502' title='bbox 1199 3847 1397 3897; x_wconf 81' lang='lat' dir='ltr'><strong>eodem.</strong></span> 
     </span>
    </p>
   </div>
   <div class='ocr_carea' id='block_1_72' title="bbox 440 3922 1939 4006">
    <p class='ocr_par' dir='ltr' id='par_1_72' title="bbox 440 3922 1939 4006">
     <span class='ocr_line' id='line_1_72' title="bbox 440 3922 1939 4006; baseline 0.003 -19"><span class='ocrx_word' id='word_1_503' title='bbox 440 3950 459 3987; x_wconf 80' lang='grc' dir='ltr'><strong>ι</strong></span> <span class='ocrx_word' id='word_1_504' title='bbox 487 3933 614 3987; x_wconf 68' lang='lat' dir='ltr'><strong>Haec</strong></span> <span class='ocrx_word' id='word_1_505' title='bbox 644 3932 777 3996; x_wconf 84' lang='lat' dir='ltr'><strong>dicit</strong></span> <span class='ocrx_word' id='word_1_506' title='bbox 820 3932 1034 3989; x_wconf 84' lang='lat' dir='ltr'><strong>Adonai</strong></span> <span class='ocrx_word' id='word_1_507' title='bbox 1080 3933 1346 3991; x_wconf 90' lang='lat' dir='ltr'><strong>Dominus</strong></span> <span class='ocrx_word' id='word_1_508' title='bbox 1375 3955 1387 3990; x_wconf 90' lang='lat'><strong>:</strong></span> <span class='ocrx_word' id='word_1_509' title='bbox 1413 3936 1690 4006; x_wconf 70' lang='lat' dir='ltr'><strong>Expellam</strong></span> <span class='ocrx_word' id='word_1_510' title='bbox 1738 3952 1833 3995; x_wconf 78' lang='lat' dir='ltr'><strong>eos</strong></span> <span class='ocrx_word' id='word_1_511' title='bbox 1862 3922 1939 3992; x_wconf 73' lang='grc' dir='ltr'>ὀᾶ</span> 
     </span>
    </p>
   </div>
   <div class='ocr_carea' id='block_1_73' title="bbox 363 4024 1940 4101">
    <p class='ocr_par' dir='ltr' id='par_1_73' title="bbox 363 4024 1940 4101">
     <span class='ocr_line' id='line_1_73' title="bbox 363 4024 1940 4101; baseline 0.001 -20"><span class='ocrx_word' id='word_1_512' title='bbox 363 4031 574 4094; x_wconf 73' lang='lat' dir='ltr'><strong>gentes,</strong></span> <span class='ocrx_word' id='word_1_513' title='bbox 608 4031 663 4079; x_wconf 91' lang='lat' dir='ltr'><strong>et</strong></span> <span class='ocrx_word' id='word_1_514' title='bbox 692 4024 1001 4095; x_wconf 80' lang='lat' dir='ltr'><strong>dispergam</strong></span> <span class='ocrx_word' id='word_1_515' title='bbox 1036 4041 1132 4081; x_wconf 88' lang='lat' dir='ltr'><strong>eos</strong></span> <span class='ocrx_word' id='word_1_516' title='bbox 1163 4028 1220 4081; x_wconf 91' lang='lat' dir='ltr'><strong>in</strong></span> <span class='ocrx_word' id='word_1_517' title='bbox 1250 4042 1440 4081; x_wconf 89' lang='lat' dir='ltr'><strong>omnes</strong></span> <span class='ocrx_word' id='word_1_518' title='bbox 1472 4030 1745 4101; x_wconf 86' lang='lat' dir='ltr'><strong>nationes,</strong></span> <span class='ocrx_word' id='word_1_519' title='bbox 1775 4037 1829 4083; x_wconf 87' lang='lat' dir='ltr'><strong>et</strong></span> <span class='ocrx_word' id='word_1_520' title='bbox 1855 4030 1940 4083; x_wconf 89' lang='lat' dir='ltr'><strong>di-</strong></span> 
     </span>
    </p>
   </div>
   <div class='ocr_carea' id='block_1_74' title="bbox 364 4116 1940 4185">
    <p class='ocr_par' dir='ltr' id='par_1_74' title="bbox 364 4116 1940 4185">
     <span class='ocr_line' id='line_1_74' title="bbox 364 4116 1940 4185; baseline 0.001 -14"><span class='ocrx_word' id='word_1_521' title='bbox 364 4129 614 4184; x_wconf 78' lang='lat' dir='ltr'><strong>spergam</strong></span> <span class='ocrx_word' id='word_1_522' title='bbox 647 4130 743 4170; x_wconf 91' lang='lat' dir='ltr'><strong>eos</strong></span> <span class='ocrx_word' id='word_1_523' title='bbox 772 4116 827 4169; x_wconf 93' lang='lat' dir='ltr'><strong>in</strong></span> <span class='ocrx_word' id='word_1_524' title='bbox 860 4131 1079 4185; x_wconf 89' lang='lat' dir='ltr'><strong>omnem</strong></span> <span class='ocrx_word' id='word_1_525' title='bbox 1113 4124 1314 4172; x_wconf 88' lang='lat' dir='ltr'><strong>terram</strong></span> <span class='ocrx_word' id='word_1_526' title='bbox 1342 4137 1354 4171; x_wconf 93' lang='lat'>:</span> <span class='ocrx_word' id='word_1_527' title='bbox 1383 4125 1436 4173; x_wconf 92' lang='lat' dir='ltr'><strong>et</strong></span> <span class='ocrx_word' id='word_1_528' title='bbox 1463 4132 1558 4172; x_wconf 87' lang='lat' dir='ltr'><strong>ero</strong></span> <span class='ocrx_word' id='word_1_529' title='bbox 1596 4118 1677 4173; x_wconf 91' lang='lat' dir='ltr'><strong>eis</strong></span> <span class='ocrx_word' id='word_1_530' title='bbox 1718 4120 1772 4173; x_wconf 92' lang='lat' dir='ltr'><strong>in</strong></span> <span class='ocrx_word' id='word_1_531' title='bbox 1811 4135 1940 4175; x_wconf 80' lang='lat' dir='ltr'><strong>san-</strong></span> 
     </span>
    </p>
   </div>
   <div class='ocr_carea' id='block_1_75' title="bbox 362 4203 1938 4278">
    <p class='ocr_par' dir='ltr' id='par_1_75' title="bbox 362 4203 1938 4278">
     <span class='ocr_line' id='line_1_75' title="bbox 362 4203 1938 4278; baseline 0.004 -20"><span class='ocrx_word' id='word_1_532' title='bbox 362 4203 748 4266; x_wconf 84' lang='lat' dir='ltr'><strong>ctilicationem</strong></span> <span class='ocrx_word' id='word_1_533' title='bbox 783 4221 1006 4277; x_wconf 89' lang='lat' dir='ltr'><strong>parvam</strong></span> <span class='ocrx_word' id='word_1_534' title='bbox 1042 4209 1098 4262; x_wconf 91' lang='lat' dir='ltr'><strong>in</strong></span> <span class='ocrx_word' id='word_1_535' title='bbox 1122 4208 1463 4278; x_wconf 87' lang='lat' dir='ltr'><strong>regionibus,</strong></span> <span class='ocrx_word' id='word_1_536' title='bbox 1496 4223 1827 4278; x_wconf 88' lang='lat' dir='ltr'><strong>quocunque</strong></span> <span class='ocrx_word' id='word_1_537' title='bbox 1854 4210 1938 4265; x_wconf 89' lang='lat' dir='ltr'><strong>in-</strong></span> 
     </span>
    </p>
   </div>
   <div class='ocr_carea' id='block_1_76' title="bbox 362 4296 1939 4369">
    <p class='ocr_par' dir='ltr' id='par_1_76' title="bbox 362 4296 1939 4369">
     <span class='ocr_line' id='line_1_76' title="bbox 362 4296 1939 4369; baseline 0.005 -21"><span class='ocrx_word' id='word_1_538' title='bbox 362 4297 538 4364; x_wconf 83' lang='lat' dir='ltr'><strong>gressi</strong></span> <span class='ocrx_word' id='word_1_539' title='bbox 575 4296 775 4353; x_wconf 76' lang='lat' dir='ltr'><strong>fuerint</strong></span> <span class='ocrx_word' id='word_1_540' title='bbox 822 4299 973 4352; x_wconf 90' lang='lat' dir='ltr'><strong>illuc.</strong></span> <span class='ocrx_word' id='word_1_541' title='bbox 1007 4318 1026 4351; x_wconf 74' lang='grc' dir='ltr'><strong>ι</strong></span> <span class='ocrx_word' id='word_1_542' title='bbox 1070 4299 1169 4353; x_wconf 88' lang='lat' dir='ltr'><strong>Hic</strong></span> <span class='ocrx_word' id='word_1_543' title='bbox 1187 4314 1415 4369; x_wconf 86' lang='lat' dir='ltr'><strong>quoque</strong></span> <span class='ocrx_word' id='word_1_544' title='bbox 1443 4301 1551 4353; x_wconf 91' lang='lat' dir='ltr'><strong>alio</strong></span> <span class='ocrx_word' id='word_1_545' title='bbox 1579 4300 1801 4355; x_wconf 89' lang='lat' dir='ltr'><strong>nomine</strong></span> <span class='ocrx_word' id='word_1_546' title='bbox 1843 4316 1939 4356; x_wconf 84' lang='lat' dir='ltr'><strong>eos</strong></span> 
     </span>
    </p>
   </div>
   <div class='ocr_carea' id='block_1_77' title="bbox 360 4389 1939 4461">
    <p class='ocr_par' dir='ltr' id='par_1_77' title="bbox 360 4389 1939 4461">
     <span class='ocr_line' id='line_1_77' title="bbox 360 4389 1939 4461; baseline 0.002 -20"><span class='ocrx_word' id='word_1_547' title='bbox 360 4389 596 4451; x_wconf 83' lang='lat' dir='ltr'><strong>vocavit,</strong></span> <span class='ocrx_word' id='word_1_548' title='bbox 628 4389 720 4443; x_wconf 89' lang='lat' dir='ltr'><strong>ubi</strong></span> <span class='ocrx_word' id='word_1_549' title='bbox 752 4389 1241 4445; x_wconf 83' lang='lat' dir='ltr'><strong>sanctiﬁcationem</strong></span> <span class='ocrx_word' id='word_1_550' title='bbox 1272 4406 1493 4460; x_wconf 87' lang='lat' dir='ltr'><strong>parvam</strong></span> <span class='ocrx_word' id='word_1_551' title='bbox 1527 4391 1686 4457; x_wconf 84' lang='lat' dir='ltr'><strong>dixit,</strong></span> <span class='ocrx_word' id='word_1_552' title='bbox 1720 4407 1814 4447; x_wconf 85' lang='lat' dir='ltr'><strong>eos</strong></span> <span class='ocrx_word' id='word_1_553' title='bbox 1844 4391 1939 4461; x_wconf 88' lang='lat' dir='ltr'><strong>qui</strong></span> 
     </span>
    </p>
   </div>
   <div class='ocr_carea' id='block_1_78' title="bbox 2044 3172 3624 3249">
    <p class='ocr_par' dir='ltr' id='par_1_78' title="bbox 2044 3172 3624 3249">
     <span class='ocr_line' id='line_1_78' title="bbox 2044 3172 3624 3249; baseline -0.003 -19"><span class='ocrx_word' id='word_1_554' title='bbox 2044 3195 2155 3249; x_wconf 89' lang='grc' dir='ltr'>ροις</span> <span class='ocrx_word' id='word_1_555' title='bbox 2185 3176 2570 3247; x_wconf 80' lang='grc' dir='ltr'>ὠνομασμένον</span> <span class='ocrx_word' id='word_1_556' title='bbox 2613 3175 2947 3245; x_wconf 80' lang='grc' dir='ltr'>ὑπόλειμμα,</span> <span class='ocrx_word' id='word_1_557' title='bbox 2984 3173 3082 3231; x_wconf 75' lang='grc' dir='ltr'>κα).</span> <span class='ocrx_word' id='word_1_558' title='bbox 3108 3172 3210 3245; x_wconf 84' lang='grc' dir='ltr'>τὴν</span> <span class='ocrx_word' id='word_1_559' title='bbox 3255 3173 3489 3240; x_wconf 84' lang='grc' dir='ltr'>σταγόνα</span> <span class='ocrx_word' id='word_1_560' title='bbox 3524 3173 3624 3226; x_wconf 72' lang='grc' dir='ltr'>καὶ</span> 
     </span>
    </p>
   </div>
   <div class='ocr_carea' id='block_1_79' title="bbox 2038 3256 3625 3338">
    <p class='ocr_par' dir='ltr' id='par_1_79' title="bbox 2038 3256 3625 3338">
     <span class='ocr_line' id='line_1_79' title="bbox 2038 3256 3625 3338; baseline -0.001 -18"><span class='ocrx_word' id='word_1_561' title='bbox 2038 3267 2228 3338; x_wconf 84' lang='grc' dir='ltr'>δρόσον</span> <span class='ocrx_word' id='word_1_562' title='bbox 2276 3265 2369 3319; x_wconf 89' lang='grc' dir='ltr'><strong>τοῦ</strong></span> <span class='ocrx_word' id='word_1_563' title='bbox 2414 3263 2542 3318; x_wconf 84' lang='grc' dir='ltr'>λαοῦ</span> <span class='ocrx_word' id='word_1_564' title='bbox 2590 3264 2796 3319; x_wconf 84' lang='grc' dir='ltr'>ἐκείνου</span> <span class='ocrx_word' id='word_1_565' title='bbox 2817 3303 2832 3328; x_wconf 92' lang='grc'><strong>,</strong></span> <span class='ocrx_word' id='word_1_566' title='bbox 2887 3264 2954 3317; x_wconf 90' lang='grc' dir='ltr'>δι’</span> <span class='ocrx_word' id='word_1_567' title='bbox 2995 3256 3070 3317; x_wconf 86' lang='grc' dir='ltr'>ὧν</span> <span class='ocrx_word' id='word_1_568' title='bbox 3122 3262 3374 3335; x_wconf 79' lang='grc' dir='ltr'>ἐδηλοῦτο</span> <span class='ocrx_word' id='word_1_569' title='bbox 3424 3265 3458 3333; x_wconf 86' lang='grc' dir='ltr'><strong>ή</strong></span> <span class='ocrx_word' id='word_1_570' title='bbox 3508 3262 3625 3318; x_wconf 81' lang='grc' dir='ltr'><strong>τῶν</strong></span> 
     </span>
    </p>
   </div>
   <div class='ocr_carea' id='block_1_80' title="bbox 2040 3347 3622 3429">
    <p class='ocr_par' dir='ltr' id='par_1_80' title="bbox 2040 3347 3622 3429">
     <span class='ocr_line' id='line_1_80' title="bbox 2040 3347 3622 3429; baseline -0.004 -17"><span class='ocrx_word' id='word_1_571' title='bbox 2040 3357 2348 3412; x_wconf 79' lang='grc' dir='ltr'>ἀποστόλων</span> <span class='ocrx_word' id='word_1_572' title='bbox 2369 3356 2462 3411; x_wconf 87' lang='grc' dir='ltr'><strong>τοῦ</strong></span> <span class='ocrx_word' id='word_1_573' title='bbox 2484 3357 2636 3428; x_wconf 74' lang='grc' dir='ltr'><strong>Σωέῆ</strong></span> <span class='ocrx_word' id='word_1_574' title='bbox 2646 3374 2735 3429; x_wconf 87' lang='grc' dir='ltr'><strong>ρος</strong></span> <span class='ocrx_word' id='word_1_575' title='bbox 2763 3355 2918 3428; x_wconf 79' lang='grc' dir='ltr'>ἡμῶν</span> <span class='ocrx_word' id='word_1_576' title='bbox 2949 3355 3205 3419; x_wconf 80' lang='grc' dir='ltr'>σύστασις</span> <span class='ocrx_word' id='word_1_577' title='bbox 3230 3373 3247 3423; x_wconf 86' lang='grc'>;</span> <span class='ocrx_word' id='word_1_578' title='bbox 3281 3347 3439 3408; x_wconf 73' lang='grc' dir='ltr'>Οὗτοι</span> <span class='ocrx_word' id='word_1_579' title='bbox 3463 3354 3622 3424; x_wconf 79' lang='grc' dir='ltr'>γοῦν,</span> 
     </span>
    </p>
   </div>
   <div class='ocr_carea' id='block_1_81' title="bbox 2040 3446 3625 3518">
    <p class='ocr_par' dir='ltr' id='par_1_81' title="bbox 2040 3446 3625 3518">
     <span class='ocr_line' id='line_1_81' title="bbox 2040 3446 3625 3518; baseline -0.002 -15"><span class='ocrx_word' id='word_1_580' title='bbox 2040 3448 2405 3513; x_wconf 83' lang='grc' dir='ltr'>ἀνασωθέντες</span> <span class='ocrx_word' id='word_1_581' title='bbox 2454 3451 2518 3503; x_wconf 85' lang='grc' dir='ltr'><strong>ἐκ</strong></span> <span class='ocrx_word' id='word_1_582' title='bbox 2577 3449 2679 3518; x_wconf 80' lang='grc' dir='ltr'><strong>τῆς</strong></span> <span class='ocrx_word' id='word_1_583' title='bbox 2735 3446 3010 3510; x_wconf 81' lang='grc' dir='ltr'>ἀπωλείας</span> <span class='ocrx_word' id='word_1_584' title='bbox 3056 3446 3148 3499; x_wconf 89' lang='grc' dir='ltr'><strong>τοῦ</strong></span> <span class='ocrx_word' id='word_1_585' title='bbox 3196 3447 3397 3510; x_wconf 85' lang='grc' dir='ltr'>παντὸς</span> <span class='ocrx_word' id='word_1_586' title='bbox 3442 3446 3625 3500; x_wconf 77' lang='grc' dir='ltr'>αὐτῶν</span> 
     </span>
    </p>
   </div>
   <div class='ocr_carea' id='block_1_82' title="bbox 2040 3539 3625 3612">
    <p class='ocr_par' dir='ltr' id='par_1_82' title="bbox 2040 3539 3625 3612">
     <span class='ocr_line' id='line_1_82' title="bbox 2040 3539 3625 3612; baseline -0.001 -18"><span class='ocrx_word' id='word_1_587' title='bbox 2040 3542 2244 3606; x_wconf 82' lang='grc' dir='ltr'>ἔθνους,</span> <span class='ocrx_word' id='word_1_588' title='bbox 2280 3543 2374 3596; x_wconf 78' lang='grc' dir='ltr'>καὶ</span> <span class='ocrx_word' id='word_1_589' title='bbox 2405 3544 2462 3595; x_wconf 92' lang='grc' dir='ltr'><strong>ἐν</strong></span> <span class='ocrx_word' id='word_1_590' title='bbox 2498 3541 2575 3612; x_wconf 82' lang='grc' dir='ltr'><strong>τῷ</strong></span> <span class='ocrx_word' id='word_1_591' title='bbox 2625 3540 3045 3612; x_wconf 80' lang='grc' dir='ltr'>διασκορπισμῶ</span> <span class='ocrx_word' id='word_1_592' title='bbox 3093 3540 3293 3604; x_wconf 81' lang='grc' dir='ltr'>αὐτῶν,</span> <span class='ocrx_word' id='word_1_593' title='bbox 3343 3539 3625 3611; x_wconf 83' lang='grc' dir='ltr'>ἐμνήσθη-</span> 
     </span>
    </p>
   </div>
   <div class='ocr_carea' id='block_1_83' title="bbox 2042 3628 3639 3702">
    <p class='ocr_par' dir='ltr' id='par_1_83' title="bbox 2042 3628 3639 3702">
     <span class='ocr_line' id='line_1_83' title="bbox 2042 3628 3639 3702; baseline -0.002 -16"><span class='ocrx_word' id='word_1_594' title='bbox 2042 3649 2140 3686; x_wconf 80' lang='grc' dir='ltr'><strong>σαν</strong></span> <span class='ocrx_word' id='word_1_595' title='bbox 2172 3632 2265 3685; x_wconf 89' lang='grc' dir='ltr'><strong>τοῦ</strong></span> <span class='ocrx_word' id='word_1_596' title='bbox 2305 3633 2461 3696; x_wconf 84' lang='grc' dir='ltr'>Θεοῦ,</span> <span class='ocrx_word' id='word_1_597' title='bbox 2492 3633 2567 3694; x_wconf 85' lang='grc' dir='ltr'>ὡς</span> <span class='ocrx_word' id='word_1_598' title='bbox 2594 3630 2971 3702; x_wconf 86' lang='grc' dir='ltr'>ὁμολογεῖσθαι</span> <span class='ocrx_word' id='word_1_599' title='bbox 3005 3631 3134 3701; x_wconf 68' lang='grc' dir='ltr'><strong>περ)⁸</strong></span> <span class='ocrx_word' id='word_1_600' title='bbox 3157 3631 3332 3685; x_wconf 75' lang='grc' dir='ltr'>αὐτῶν</span> <span class='ocrx_word' id='word_1_601' title='bbox 3367 3628 3639 3702; x_wconf 17' lang='grc' dir='ltr'>εἰρῆσθαι,</span> 
     </span>
    </p>
   </div>
   <div class='ocr_carea' id='block_1_84' title="bbox 2041 3723 2627 3796">
    <p class='ocr_par' dir='ltr' id='par_1_84' title="bbox 2041 3723 2627 3796">
     <span class='ocr_line' id='line_1_84' title="bbox 2041 3723 2627 3796; baseline 0.007 -19"><span class='ocrx_word' id='word_1_602' title='bbox 2041 3724 2107 3777; x_wconf 76' lang='grc' dir='ltr'><strong>τὰ</strong></span> <span class='ocrx_word' id='word_1_603' title='bbox 2138 3723 2627 3796; x_wconf 81' lang='grc' dir='ltr'>ἀναγεγραμμένα.</span> 
     </span>
    </p>
   </div>
   <div class='ocr_carea' id='block_1_85' title="bbox 2486 3836 3181 3901">
    <p class='ocr_par' dir='ltr' id='par_1_85' title="bbox 2486 3836 3181 3901">
     <span class='ocr_line' id='line_1_85' title="bbox 2486 3836 3181 3901; baseline -0.001 -10"><span class='ocrx_word' id='word_1_604' title='bbox 2486 3838 2609 3901; x_wconf 78' lang='lat' dir='ltr'><strong>NZ&#39;,</strong></span> <span class='ocrx_word' id='word_1_605' title='bbox 2660 3837 2791 3891; x_wconf 75' lang='grc' dir='ltr'>Ἀπὸ</span> <span class='ocrx_word' id='word_1_606' title='bbox 2821 3836 2926 3892; x_wconf 86' lang='grc' dir='ltr'><strong>τοῦ</strong></span> <span class='ocrx_word' id='word_1_607' title='bbox 2965 3837 3181 3901; x_wconf 25' lang='grc' dir='ltr'>αὐτοῦοη</span> 
     </span>
    </p>
   </div>
   <div class='ocr_carea' id='block_1_86' title="bbox 2116 3928 3628 4003">
    <p class='ocr_par' dir='ltr' id='par_1_86' title="bbox 2116 3928 3628 4003">
     <span class='ocr_line' id='line_1_86' title="bbox 2116 3928 3628 4003; baseline 0 -21"><span class='ocrx_word' id='word_1_608' title='bbox 2116 3950 2135 3982; x_wconf 76' lang='grc' dir='ltr'><strong>ι</strong></span> <span class='ocrx_word' id='word_1_609' title='bbox 2175 3932 2312 3985; x_wconf 86' lang='grc' dir='ltr'>Τάδε</span> <span class='ocrx_word' id='word_1_610' title='bbox 2340 3930 2486 3999; x_wconf 88' lang='grc' dir='ltr'>λέγει</span> <span class='ocrx_word' id='word_1_611' title='bbox 2532 3930 2755 3985; x_wconf 83' lang='grc' dir='ltr'>Ἀδωναῒ</span> <span class='ocrx_word' id='word_1_612' title='bbox 2785 3930 3005 4003; x_wconf 76' lang='grc' dir='ltr'>Κύριοςο</span> <span class='ocrx_word' id='word_1_613' title='bbox 3043 3933 3126 3985; x_wconf 86' lang='grc' dir='ltr'><strong>ὅτι</strong></span> <span class='ocrx_word' id='word_1_614' title='bbox 3172 3928 3489 3999; x_wconf 79' lang='grc' dir='ltr'>Ἀπώσομαι</span> <span class='ocrx_word' id='word_1_615' title='bbox 3520 3930 3628 3983; x_wconf 72' lang='grc' dir='ltr'>αὑ·-</span> 
     </span>
    </p>
   </div>
   <div class='ocr_carea' id='block_1_87' title="bbox 2039 4021 3630 4095">
    <p class='ocr_par' dir='ltr' id='par_1_87' title="bbox 2039 4021 3630 4095">
     <span class='ocr_line' id='line_1_87' title="bbox 2039 4021 3630 4095; baseline -0.001 -19"><span class='ocrx_word' id='word_1_616' title='bbox 2039 4024 2164 4087; x_wconf 81' lang='grc' dir='ltr'>τοὺς</span> <span class='ocrx_word' id='word_1_617' title='bbox 2194 4026 2274 4087; x_wconf 88' lang='grc' dir='ltr'><strong>είς</strong></span> <span class='ocrx_word' id='word_1_618' title='bbox 2302 4023 2378 4077; x_wconf 85' lang='grc' dir='ltr'>τὰ</span> <span class='ocrx_word' id='word_1_619' title='bbox 2411 4023 2561 4095; x_wconf 80' lang='grc' dir='ltr'>ἔθνη,</span> <span class='ocrx_word' id='word_1_620' title='bbox 2592 4025 2686 4077; x_wconf 75' lang='grc' dir='ltr'><strong>καὶ</strong></span> <span class='ocrx_word' id='word_1_621' title='bbox 2725 4023 3063 4095; x_wconf 90' lang='grc' dir='ltr'>διασκορπιῶ</span> <span class='ocrx_word' id='word_1_622' title='bbox 3093 4024 3291 4086; x_wconf 79' lang='grc' dir='ltr'>αὐτοὺς</span> <span class='ocrx_word' id='word_1_623' title='bbox 3331 4024 3411 4085; x_wconf 86' lang='grc' dir='ltr'><strong>είς</strong></span> <span class='ocrx_word' id='word_1_624' title='bbox 3441 4021 3630 4075; x_wconf 70' lang='grc' dir='ltr'>πάντα</span> 
     </span>
    </p>
   </div>
   <div class='ocr_carea' id='block_1_88' title="bbox 2039 4095 3624 4187">
    <p class='ocr_par' dir='ltr' id='par_1_88' title="bbox 2039 4095 3624 4187">
     <span class='ocr_line' id='line_1_88' title="bbox 2039 4095 3624 4187; baseline -0.001 -20"><span class='ocrx_word' id='word_1_625' title='bbox 2039 4117 2107 4169; x_wconf 78' lang='grc' dir='ltr'>τὰ</span> <span class='ocrx_word' id='word_1_626' title='bbox 2147 4115 2294 4187; x_wconf 82' lang='grc' dir='ltr'>έθνη,</span> <span class='ocrx_word' id='word_1_627' title='bbox 2325 4095 2785 4184; x_wconf 56' lang='grc' dir='ltr'>καῖ’διασκορπιῶ</span> <span class='ocrx_word' id='word_1_628' title='bbox 2814 4116 3011 4179; x_wconf 81' lang='grc' dir='ltr'>αὐτοὺς</span> <span class='ocrx_word' id='word_1_629' title='bbox 3044 4118 3122 4179; x_wconf 88' lang='grc' dir='ltr'><strong>είς</strong></span> <span class='ocrx_word' id='word_1_630' title='bbox 3152 4117 3330 4169; x_wconf 77' lang='grc' dir='ltr'>πᾶσαν</span> <span class='ocrx_word' id='word_1_631' title='bbox 3368 4113 3466 4185; x_wconf 82' lang='grc' dir='ltr'>τὴν</span> <span class='ocrx_word' id='word_1_632' title='bbox 3492 4113 3624 4183; x_wconf 72' lang='grc' dir='ltr'>γῆν·</span> 
     </span>
    </p>
   </div>
   <div class='ocr_carea' id='block_1_89' title="bbox 2040 4205 3625 4280">
    <p class='ocr_par' dir='ltr' id='par_1_89' title="bbox 2040 4205 3625 4280">
     <span class='ocr_line' id='line_1_89' title="bbox 2040 4205 3625 4280; baseline 0 -19"><span class='ocrx_word' id='word_1_633' title='bbox 2040 4209 2135 4262; x_wconf 70' lang='grc' dir='ltr'><strong>καὶ</strong></span> <span class='ocrx_word' id='word_1_634' title='bbox 2155 4207 2347 4279; x_wconf 82' lang='grc' dir='ltr'>ἔσομαι</span> <span class='ocrx_word' id='word_1_635' title='bbox 2375 4209 2555 4272; x_wconf 87' lang='grc' dir='ltr'>αὐτοῖς</span> <span class='ocrx_word' id='word_1_636' title='bbox 2574 4211 2654 4272; x_wconf 90' lang='grc' dir='ltr'><strong>είς</strong></span> <span class='ocrx_word' id='word_1_637' title='bbox 2679 4210 2925 4280; x_wconf 86' lang='grc' dir='ltr'>ἀγίασμα</span> <span class='ocrx_word' id='word_1_638' title='bbox 2950 4208 3143 4280; x_wconf 81' lang='grc' dir='ltr'>μικρὸν</span> <span class='ocrx_word' id='word_1_639' title='bbox 3163 4210 3220 4262; x_wconf 86' lang='grc' dir='ltr'><strong>ἐν</strong></span> <span class='ocrx_word' id='word_1_640' title='bbox 3250 4211 3367 4272; x_wconf 88' lang='grc' dir='ltr'>ταῖς</span> <span class='ocrx_word' id='word_1_641' title='bbox 3387 4205 3625 4280; x_wconf 83' lang='grc' dir='ltr'>χώραις,</span> 
     </span>
    </p>
   </div>
   <div class='ocr_carea' id='block_1_90' title="bbox 2039 4294 3622 4371">
    <p class='ocr_par' dir='ltr' id='par_1_90' title="bbox 2039 4294 3622 4371">
     <span class='ocr_line' id='line_1_90' title="bbox 2039 4294 3622 4371; baseline 0 -20"><span class='ocrx_word' id='word_1_642' title='bbox 2039 4294 2099 4352; x_wconf 80' lang='grc' dir='ltr'><strong>οῦ</strong></span> <span class='ocrx_word' id='word_1_643' title='bbox 2133 4298 2197 4351; x_wconf 86' lang='grc' dir='ltr'><strong>ἂν</strong></span> <span class='ocrx_word' id='word_1_644' title='bbox 2244 4298 2559 4352; x_wconf 82' lang='grc' dir='ltr'>εἰσέλθωσιν</span> <span class='ocrx_word' id='word_1_645' title='bbox 2587 4301 2724 4352; x_wconf 79' lang='grc' dir='ltr'>ἐκεῖ.</span> <span class='ocrx_word' id='word_1_646' title='bbox 2754 4319 2774 4352; x_wconf 72' lang='grc' dir='ltr'><strong>ι</strong></span> <span class='ocrx_word' id='word_1_647' title='bbox 2828 4301 2938 4352; x_wconf 71' lang='grc' dir='ltr'><strong>Καὶ</strong></span> <span class='ocrx_word' id='word_1_648' title='bbox 2963 4299 3198 4354; x_wconf 86' lang='grc' dir='ltr'>ἐνταῦθα</span> <span class='ocrx_word' id='word_1_649' title='bbox 3244 4299 3449 4371; x_wconf 74' lang='grc' dir='ltr'>ἑτέρως</span> <span class='ocrx_word' id='word_1_650' title='bbox 3488 4297 3622 4362; x_wconf 73' lang='grc' dir='ltr'>τοὺς</span> 
     </span>
    </p>
   </div>
   <div class='ocr_carea' id='block_1_91' title="bbox 2040 4390 3627 4463">
    <p class='ocr_par' dir='ltr' id='par_1_91' title="bbox 2040 4390 3627 4463">
     <span class='ocr_line' id='line_1_91' title="bbox 2040 4390 3627 4463; baseline 0.001 -19"><span class='ocrx_word' id='word_1_651' title='bbox 2040 4392 2233 4455; x_wconf 79' lang='grc' dir='ltr'>αὐτοὺς</span> <span class='ocrx_word' id='word_1_652' title='bbox 2262 4391 2551 4462; x_wconf 86' lang='grc' dir='ltr'>κέκληκεν,</span> <span class='ocrx_word' id='word_1_653' title='bbox 2592 4410 2612 4442; x_wconf 74' lang='grc' dir='ltr'><strong>ι</strong></span> <span class='ocrx_word' id='word_1_654' title='bbox 2643 4391 2887 4462; x_wconf 88' lang='grc' dir='ltr'>ἀγίασμα</span> <span class='ocrx_word' id='word_1_655' title='bbox 2926 4392 3120 4463; x_wconf 84' lang='grc' dir='ltr'>μικρὸν</span> <span class='ocrx_word' id='word_1_656' title='bbox 3151 4412 3172 4443; x_wconf 69' lang='grc' dir='ltr'><strong>ο</strong></span> <span class='ocrx_word' id='word_1_657' title='bbox 3208 4391 3377 4445; x_wconf 79' lang='grc' dir='ltr'>εἰπὼν</span> <span class='ocrx_word' id='word_1_658' title='bbox 3398 4392 3524 4454; x_wconf 78' lang='grc' dir='ltr'>τοὺς</span> <span class='ocrx_word' id='word_1_659' title='bbox 3561 4390 3627 4458; x_wconf 74' lang='grc' dir='ltr'>ἐξ</span> 
     </span>
    </p>
   </div>
   <div class='ocr_carea' id='block_1_92' title="bbox 359 4478 1933 4554">
    <p class='ocr_par' dir='ltr' id='par_1_92' title="bbox 359 4478 1928 4551">
     <span class='ocr_line' id='line_1_92' title="bbox 359 4478 1928 4551; baseline 0.001 -19"><span class='ocrx_word' id='word_1_660' title='bbox 359 4492 426 4539; x_wconf 80' lang='lat' dir='ltr'><strong>cx</strong></span> <span class='ocrx_word' id='word_1_661' title='bbox 458 4478 565 4533; x_wconf 90' lang='lat' dir='ltr'><strong>illis</strong></span> <span class='ocrx_word' id='word_1_662' title='bbox 613 4481 940 4551; x_wconf 80' lang='lat' dir='ltr'><strong>superstites</strong></span> <span class='ocrx_word' id='word_1_663' title='bbox 970 4482 1215 4537; x_wconf 90' lang='lat' dir='ltr'><strong>mansuri</strong></span> <span class='ocrx_word' id='word_1_664' title='bbox 1247 4483 1359 4537; x_wconf 90' lang='lat' dir='ltr'><strong>sint</strong></span> <span class='ocrx_word' id='word_1_665' title='bbox 1397 4492 1452 4538; x_wconf 89' lang='lat' dir='ltr'><strong>et</strong></span> <span class='ocrx_word' id='word_1_666' title='bbox 1481 4483 1785 4538; x_wconf 87' lang='lat' dir='ltr'><strong>incolumes</strong></span> <span class='ocrx_word' id='word_1_667' title='bbox 1808 4483 1879 4539; x_wconf 82' lang='grc'>⁸⁸.</span> <span class='ocrx_word' id='word_1_668' title='bbox 1909 4502 1928 4534; x_wconf 70' lang='grc' dir='ltr'><strong>ι</strong></span> 
     </span>
    </p>
   </div>
   <div class='ocr_carea' id='block_1_93' title="bbox 2046 4478 3493 4554">
    <p class='ocr_par' dir='ltr' id='par_1_93' title="bbox 2046 4480 3493 4554">
     <span class='ocr_line' id='line_1_93' title="bbox 2046 4480 3493 4554; baseline -0.001 -19"><span class='ocrx_word' id='word_1_669' title='bbox 2046 4480 2219 4535; x_wconf 73' lang='grc' dir='ltr'>αὐτῶν</span> <span class='ocrx_word' id='word_1_670' title='bbox 2245 4481 2762 4552; x_wconf 83' lang='grc' dir='ltr'>ἀνασωθησομένους</span> <span class='ocrx_word' id='word_1_671' title='bbox 2791 4483 2886 4536; x_wconf 81' lang='grc' dir='ltr'><strong>καὶ</strong></span> <span class='ocrx_word' id='word_1_672' title='bbox 2910 4482 3493 4554; x_wconf 84' lang='grc' dir='ltr'>ὑπολειφθησομένους.</span> 
     </span>
    </p>
   </div>
   <div class='ocr_carea' id='block_1_94' title="bbox 879 4591 1411 4653">
    <p class='ocr_par' dir='ltr' id='par_1_94' title="bbox 879 4591 1411 4653">
     <span class='ocr_line' id='line_1_94' title="bbox 879 4591 1411 4653; baseline 0.008 -7"><span class='ocrx_word' id='word_1_673' title='bbox 879 4591 1058 4649; x_wconf 82' lang='lat' dir='ltr'><strong>LVIII.</strong></span> <span class='ocrx_word' id='word_1_674' title='bbox 1100 4596 1178 4646; x_wconf 88' lang='lat' dir='ltr'><strong>Ab</strong></span> <span class='ocrx_word' id='word_1_675' title='bbox 1210 4595 1411 4653; x_wconf 80' lang='lat' dir='ltr'><strong>eodem.</strong></span> 
     </span>
    </p>
   </div>
   <div class='ocr_carea' id='block_1_95' title="bbox 429 4677 1935 4758">
    <p class='ocr_par' dir='ltr' id='par_1_95' title="bbox 429 4677 1935 4758">
     <span class='ocr_line' id='line_1_95' title="bbox 429 4677 1935 4758; baseline 0.007 -27"><span class='ocrx_word' id='word_1_676' title='bbox 429 4695 451 4731; x_wconf 82' lang='grc' dir='ltr'><strong>ι</strong></span> <span class='ocrx_word' id='word_1_677' title='bbox 481 4677 547 4732; x_wconf 87' lang='lat' dir='ltr'><strong>Et</strong></span> <span class='ocrx_word' id='word_1_678' title='bbox 594 4695 785 4736; x_wconf 87' lang='lat' dir='ltr'><strong>omnes</strong></span> <span class='ocrx_word' id='word_1_679' title='bbox 816 4684 1201 4753; x_wconf 81' lang='lat' dir='ltr'><strong>‘suscipientes</strong></span> <span class='ocrx_word' id='word_1_680' title='bbox 1248 4702 1342 4741; x_wconf 87' lang='lat' dir='ltr'><strong>eos</strong></span> <span class='ocrx_word' id='word_1_681' title='bbox 1371 4685 1480 4756; x_wconf 80' lang='lat'><strong>85</strong></span> <span class='ocrx_word' id='word_1_682' title='bbox 1520 4686 1826 4758; x_wconf 82' lang='lat' dir='ltr'><strong>dispergam</strong></span> <span class='ocrx_word' id='word_1_683' title='bbox 1878 4688 1935 4743; x_wconf 90' lang='lat' dir='ltr'><strong>in</strong></span> 
     </span>
    </p>
   </div>
   <div class='ocr_carea' id='block_1_96' title="bbox 355 4777 1933 4850">
    <p class='ocr_par' dir='ltr' id='par_1_96' title="bbox 355 4777 1933 4850">
     <span class='ocr_line' id='line_1_96' title="bbox 355 4777 1933 4850; baseline 0.004 -20"><span class='ocrx_word' id='word_1_684' title='bbox 355 4789 573 4837; x_wconf 80' lang='lat' dir='ltr'><strong>omnem</strong></span> <span class='ocrx_word' id='word_1_685' title='bbox 614 4782 871 4831; x_wconf 87' lang='lat' dir='ltr'><strong>ventum:</strong></span> <span class='ocrx_word' id='word_1_686' title='bbox 902 4786 955 4832; x_wconf 91' lang='lat' dir='ltr'><strong>et</strong></span> <span class='ocrx_word' id='word_1_687' title='bbox 994 4777 1232 4848; x_wconf 89' lang='lat' dir='ltr'><strong>gladium</strong></span> <span class='ocrx_word' id='word_1_688' title='bbox 1277 4778 1548 4833; x_wconf 79' lang='lat' dir='ltr'><strong>eﬂ‘undam</strong></span> <span class='ocrx_word' id='word_1_689' title='bbox 1582 4794 1611 4832; x_wconf 86' lang='lat' dir='ltr'><strong>a</strong></span> <span class='ocrx_word' id='word_1_690' title='bbox 1648 4790 1797 4850; x_wconf 89' lang='lat' dir='ltr'><strong>tergo</strong></span> <span class='ocrx_word' id='word_1_691' title='bbox 1836 4797 1933 4835; x_wconf 89' lang='lat' dir='ltr'><strong>eo-</strong></span> 
     </span>
    </p>
   </div>
   <div class='ocr_carea' id='block_1_97' title="bbox 357 4867 1934 4940">
    <p class='ocr_par' dir='ltr' id='par_1_97' title="bbox 357 4867 1934 4940">
     <span class='ocr_line' id='line_1_97' title="bbox 357 4867 1934 4940; baseline 0.006 -24"><span class='ocrx_word' id='word_1_692' title='bbox 357 4879 500 4929; x_wconf 77' lang='lat' dir='ltr'><strong>rum,</strong></span> <span class='ocrx_word' id='word_1_693' title='bbox 550 4871 606 4919; x_wconf 89' lang='lat' dir='ltr'><strong>et</strong></span> <span class='ocrx_word' id='word_1_694' title='bbox 647 4875 985 4936; x_wconf 88' lang='lat' dir='ltr'><strong>cognoscent</strong></span> <span class='ocrx_word' id='word_1_695' title='bbox 1017 4868 1165 4938; x_wconf 90' lang='lat' dir='ltr'><strong>quod</strong></span> <span class='ocrx_word' id='word_1_696' title='bbox 1211 4884 1313 4940; x_wconf 85' lang='lat' dir='ltr'><strong>ego</strong></span> <span class='ocrx_word' id='word_1_697' title='bbox 1347 4867 1632 4933; x_wconf 90' lang='lat' dir='ltr'><strong>Dominus,</strong></span> <span class='ocrx_word' id='word_1_698' title='bbox 1675 4871 1804 4925; x_wconf 89' lang='lat' dir='ltr'><strong>dum</strong></span> <span class='ocrx_word' id='word_1_699' title='bbox 1837 4872 1934 4926; x_wconf 84' lang='lat' dir='ltr'><strong>di-</strong></span> 
     </span>
    </p>
   </div>
   <div class='ocr_carea' id='block_1_98' title="bbox 355 4957 1929 5030">
    <p class='ocr_par' dir='ltr' id='par_1_98' title="bbox 355 4957 1929 5030">
     <span class='ocr_line' id='line_1_98' title="bbox 355 4957 1929 5030; baseline 0.006 -21"><span class='ocrx_word' id='word_1_700' title='bbox 355 4970 606 5025; x_wconf 82' lang='lat' dir='ltr'><strong>spergam</strong></span> <span class='ocrx_word' id='word_1_701' title='bbox 652 4971 748 5011; x_wconf 89' lang='lat' dir='ltr'><strong>eos</strong></span> <span class='ocrx_word' id='word_1_702' title='bbox 788 4957 934 5013; x_wconf 86' lang='lat' dir='ltr'><strong>inter</strong></span> <span class='ocrx_word' id='word_1_703' title='bbox 973 4968 1184 5030; x_wconf 83' lang='lat' dir='ltr'><strong>gentes,</strong></span> <span class='ocrx_word' id='word_1_704' title='bbox 1236 4968 1292 5015; x_wconf 89' lang='lat' dir='ltr'><strong>et</strong></span> <span class='ocrx_word' id='word_1_705' title='bbox 1331 4960 1703 5017; x_wconf 86' lang='lat' dir='ltr'><strong>disseminabo</strong></span> <span class='ocrx_word' id='word_1_706' title='bbox 1743 4978 1839 5019; x_wconf 88' lang='lat' dir='ltr'><strong>eos</strong></span> <span class='ocrx_word' id='word_1_707' title='bbox 1874 4965 1929 5019; x_wconf 94' lang='lat' dir='ltr'><strong>in</strong></span> 
     </span>
    </p>
   </div>
   <div class='ocr_carea' id='block_1_99' title="bbox 355 5047 1930 5122">
    <p class='ocr_par' dir='ltr' id='par_1_99' title="bbox 355 5047 1930 5122">
     <span class='ocr_line' id='line_1_99' title="bbox 355 5047 1930 5122; baseline 0.008 -23"><span class='ocrx_word' id='word_1_708' title='bbox 355 5047 677 5117; x_wconf 85' lang='lat' dir='ltr'><strong>regionibus</strong></span> <span class='ocrx_word' id='word_1_709' title='bbox 704 5069 718 5104; x_wconf 90' lang='lat'><strong>:</strong></span> <span class='ocrx_word' id='word_1_710' title='bbox 751 5058 805 5106; x_wconf 94' lang='lat' dir='ltr'><strong>et</strong></span> <span class='ocrx_word' id='word_1_711' title='bbox 845 5052 1151 5122; x_wconf 86' lang='lat' dir='ltr'><strong>relinquam</strong></span> <span class='ocrx_word' id='word_1_712' title='bbox 1206 5068 1270 5108; x_wconf 84' lang='lat' dir='ltr'><strong>ex</strong></span> <span class='ocrx_word' id='word_1_713' title='bbox 1312 5055 1394 5110; x_wconf 88' lang='lat' dir='ltr'><strong>eis</strong></span> <span class='ocrx_word' id='word_1_714' title='bbox 1426 5055 1579 5110; x_wconf 90' lang='lat' dir='ltr'><strong>viros</strong></span> <span class='ocrx_word' id='word_1_715' title='bbox 1612 5054 1667 5109; x_wconf 89' lang='lat' dir='ltr'><strong>in</strong></span> <span class='ocrx_word' id='word_1_716' title='bbox 1699 5071 1930 5111; x_wconf 90' lang='lat' dir='ltr'><strong>numero</strong></span> 
     </span>
    </p>
   </div>
   <div class='ocr_carea' id='block_1_100' title="bbox 352 5137 1928 5209">
    <p class='ocr_par' dir='ltr' id='par_1_100' title="bbox 352 5137 1928 5209">
     <span class='ocr_line' id='line_1_100' title="bbox 352 5137 1928 5209; baseline 0.008 -19"><span class='ocrx_word' id='word_1_717' title='bbox 352 5151 421 5191; x_wconf 66' lang='lat' dir='ltr'><strong>ex</strong></span> <span class='ocrx_word' id='word_1_718' title='bbox 463 5137 666 5209; x_wconf 87' lang='lat' dir='ltr'><strong>gladio,</strong></span> <span class='ocrx_word' id='word_1_719' title='bbox 708 5150 763 5195; x_wconf 91' lang='lat' dir='ltr'><strong>et</strong></span> <span class='ocrx_word' id='word_1_720' title='bbox 806 5157 872 5195; x_wconf 83' lang='lat' dir='ltr'><strong>ex</strong></span> <span class='ocrx_word' id='word_1_721' title='bbox 919 5141 1082 5207; x_wconf 86' lang='lat' dir='ltr'><strong>fame,</strong></span> <span class='ocrx_word' id='word_1_722' title='bbox 1127 5151 1182 5198; x_wconf 91' lang='lat' dir='ltr'><strong>et</strong></span> <span class='ocrx_word' id='word_1_723' title='bbox 1223 5159 1291 5198; x_wconf 79' lang='lat' dir='ltr'><strong>ex</strong></span> <span class='ocrx_word' id='word_1_724' title='bbox 1337 5152 1555 5201; x_wconf 85' lang='lat' dir='ltr'><strong>morte:</strong></span> <span class='ocrx_word' id='word_1_725' title='bbox 1584 5154 1640 5201; x_wconf 89' lang='lat' dir='ltr'><strong>ut</strong></span> <span class='ocrx_word' id='word_1_726' title='bbox 1674 5156 1928 5203; x_wconf 83' lang='lat' dir='ltr'><strong>enarrent</strong></span> 
     </span>
    </p>
   </div>
   <div class='ocr_carea' id='block_1_101' title="bbox 353 5228 1930 5308">
    <p class='ocr_par' dir='ltr' id='par_1_101' title="bbox 353 5228 1930 5308">
     <span class='ocr_line' id='line_1_101' title="bbox 353 5228 1930 5308; baseline 0.008 -27"><span class='ocrx_word' id='word_1_727' title='bbox 353 5240 545 5283; x_wconf 88' lang='lat' dir='ltr'><strong>omnes</strong></span> <span class='ocrx_word' id='word_1_728' title='bbox 577 5228 897 5298; x_wconf 85' lang='lat' dir='ltr'><strong>iniquitates</strong></span> <span class='ocrx_word' id='word_1_729' title='bbox 932 5248 1062 5289; x_wconf 88' lang='lat' dir='ltr'><strong>suas</strong></span> <span class='ocrx_word' id='word_1_730' title='bbox 1091 5233 1147 5287; x_wconf 91' lang='lat' dir='ltr'><strong>in</strong></span> <span class='ocrx_word' id='word_1_731' title='bbox 1177 5235 1452 5304; x_wconf 88' lang='lat' dir='ltr'><strong>gentibus,</strong></span> <span class='ocrx_word' id='word_1_732' title='bbox 1486 5252 1816 5308; x_wconf 84' lang='lat' dir='ltr'><strong>quocunque</strong></span> <span class='ocrx_word' id='word_1_733' title='bbox 1846 5240 1930 5293; x_wconf 81' lang='lat' dir='ltr'><strong>in-</strong></span> 
     </span>
    </p>
   </div>
   <div class='ocr_carea' id='block_1_102' title="bbox 352 5316 1932 5396">
    <p class='ocr_par' dir='ltr' id='par_1_102' title="bbox 352 5316 1932 5396">
     <span class='ocr_line' id='line_1_102' title="bbox 352 5316 1932 5396; baseline 0.006 -27"><span class='ocrx_word' id='word_1_734' title='bbox 352 5316 529 5386; x_wconf 58' lang='lat' dir='ltr'><strong>grcssi</strong></span> <span class='ocrx_word' id='word_1_735' title='bbox 558 5317 763 5373; x_wconf 76' lang='lat' dir='ltr'><strong>fuerint</strong></span> <span class='ocrx_word' id='word_1_736' title='bbox 793 5319 927 5374; x_wconf 88' lang='lat' dir='ltr'><strong>illuc</strong></span> <span class='ocrx_word' id='word_1_737' title='bbox 963 5340 975 5375; x_wconf 92' lang='lat'><strong>:</strong></span> <span class='ocrx_word' id='word_1_738' title='bbox 1006 5330 1061 5377; x_wconf 90' lang='lat' dir='ltr'><strong>et</strong></span> <span class='ocrx_word' id='word_1_739' title='bbox 1087 5332 1419 5394; x_wconf 86' lang='lat' dir='ltr'><strong>cognoscent</strong></span> <span class='ocrx_word' id='word_1_740' title='bbox 1438 5327 1584 5395; x_wconf 88' lang='lat' dir='ltr'><strong>quod</strong></span> <span class='ocrx_word' id='word_1_741' title='bbox 1616 5341 1717 5396; x_wconf 86' lang='lat' dir='ltr'><strong>ego</strong></span> <span class='ocrx_word' id='word_1_742' title='bbox 1747 5326 1932 5381; x_wconf 91' lang='lat' dir='ltr'><strong>Domi-</strong></span> 
     </span>
    </p>
   </div>
   <div class='ocr_carea' id='block_1_103' title="bbox 358 5409 1930 5488">
    <p class='ocr_par' dir='ltr' id='par_1_103' title="bbox 358 5409 1930 5488">
     <span class='ocr_line' id='line_1_103' title="bbox 358 5409 1930 5488; baseline 0.009 -28"><span class='ocrx_word' id='word_1_743' title='bbox 358 5424 462 5461; x_wconf 67' lang='lat' dir='ltr'><strong>rus</strong></span> <span class='ocrx_word' id='word_1_744' title='bbox 490 5409 556 5464; x_wconf 80' lang='grc'>⁸⁸.</span> <span class='ocrx_word' id='word_1_745' title='bbox 590 5429 609 5463; x_wconf 76' lang='grc' dir='ltr'><strong>ι</strong></span> <span class='ocrx_word' id='word_1_746' title='bbox 659 5410 719 5466; x_wconf 91' lang='lat' dir='ltr'><strong>ln</strong></span> <span class='ocrx_word' id='word_1_747' title='bbox 771 5417 945 5470; x_wconf 89' lang='lat' dir='ltr'><strong>totius</strong></span> <span class='ocrx_word' id='word_1_748' title='bbox 979 5416 1161 5485; x_wconf 88' lang='lat' dir='ltr'><strong>p0puli</strong></span> <span class='ocrx_word' id='word_1_749' title='bbox 1212 5417 1587 5488; x_wconf 85' lang='lat' dir='ltr'><strong>dispersione,</strong></span> <span class='ocrx_word' id='word_1_750' title='bbox 1630 5420 1796 5474; x_wconf 91' lang='lat' dir='ltr'><strong>etiam</strong></span> <span class='ocrx_word' id='word_1_751' title='bbox 1840 5420 1930 5475; x_wconf 90' lang='lat' dir='ltr'><strong>hic</strong></span> 
     </span>
    </p>
   </div>
   <div class='ocr_carea' id='block_1_104' title="bbox 356 5497 1928 5578">
    <p class='ocr_par' dir='ltr' id='par_1_104' title="bbox 356 5497 1928 5578">
     <span class='ocr_line' id='line_1_104' title="bbox 356 5497 1928 5578; baseline 0.008 -26"><span class='ocrx_word' id='word_1_752' title='bbox 356 5497 458 5552; x_wconf 62' lang='lat' dir='ltr'><strong>sibi</strong></span> <span class='ocrx_word' id='word_1_753' title='bbox 496 5499 600 5570; x_wconf 90' lang='lat' dir='ltr'><strong>ipsi</strong></span> <span class='ocrx_word' id='word_1_754' title='bbox 638 5502 961 5559; x_wconf 88' lang='lat' dir='ltr'><strong>relicturum</strong></span> <span class='ocrx_word' id='word_1_755' title='bbox 1009 5505 1086 5560; x_wconf 86' lang='lat' dir='ltr'><strong>ait</strong></span> <span class='ocrx_word' id='word_1_756' title='bbox 1114 5522 1320 5578; x_wconf 90' lang='lat' dir='ltr'><strong>paucos</strong></span> <span class='ocrx_word' id='word_1_757' title='bbox 1364 5524 1617 5575; x_wconf 92' lang='lat' dir='ltr'><strong>numero,</strong></span> <span class='ocrx_word' id='word_1_758' title='bbox 1650 5525 1759 5563; x_wconf 91' lang='lat' dir='ltr'><strong>non</strong></span> <span class='ocrx_word' id='word_1_759' title='bbox 1791 5511 1928 5564; x_wconf 88' lang='lat' dir='ltr'><strong>alios</strong></span> 
     </span>
    </p>
   </div>
   <div class='ocr_carea' id='block_1_105' title="bbox 355 5592 1851 5673">
    <p class='ocr_par' dir='ltr' id='par_1_105' title="bbox 355 5592 1851 5673">
     <span class='ocr_line' id='line_1_105' title="bbox 355 5592 1851 5673; baseline 0.008 -29"><span class='ocrx_word' id='word_1_760' title='bbox 355 5592 542 5661; x_wconf 73' lang='lat' dir='ltr'><strong>utique</strong></span> <span class='ocrx_word' id='word_1_761' title='bbox 572 5594 910 5662; x_wconf 83' lang='lat' dir='ltr'><strong>signiﬁcans,</strong></span> <span class='ocrx_word' id='word_1_762' title='bbox 947 5614 1113 5669; x_wconf 90' lang='lat' dir='ltr'><strong>quam</strong></span> <span class='ocrx_word' id='word_1_763' title='bbox 1151 5616 1268 5666; x_wconf 88' lang='lat' dir='ltr'><strong>eos,</strong></span> <span class='ocrx_word' id='word_1_764' title='bbox 1305 5603 1396 5671; x_wconf 89' lang='lat' dir='ltr'><strong>qui</strong></span> <span class='ocrx_word' id='word_1_765' title='bbox 1425 5602 1667 5673; x_wconf 71' lang='lat' dir='ltr'><strong>praedicti</strong></span> <span class='ocrx_word' id='word_1_766' title='bbox 1702 5610 1851 5659; x_wconf 90' lang='lat' dir='ltr'><strong>sunt.</strong></span> 
     </span>
    </p>
   </div>
   <div class='ocr_carea' id='block_1_106' title="bbox 2481 4595 3168 4650">
    <p class='ocr_par' dir='ltr' id='par_1_106' title="bbox 2481 4595 3168 4650">
     <span class='ocr_line' id='line_1_106' title="bbox 2481 4595 3168 4650; baseline 0.001 -3"><span class='ocrx_word' id='word_1_767' title='bbox 2481 4596 2613 4648; x_wconf 63' lang='grc' dir='ltr'><strong>ΝΗε.</strong></span> <span class='ocrx_word' id='word_1_768' title='bbox 2664 4595 2796 4649; x_wconf 80' lang='grc' dir='ltr'>Ἀπὸ</span> <span class='ocrx_word' id='word_1_769' title='bbox 2826 4595 2932 4650; x_wconf 90' lang='grc' dir='ltr'><strong>τοῦ</strong></span> <span class='ocrx_word' id='word_1_770' title='bbox 2961 4596 3168 4649; x_wconf 84' lang='grc' dir='ltr'>αὑτοῦ.</span> 
     </span>
    </p>
   </div>
   <div class='ocr_carea' id='block_1_107' title="bbox 2114 4686 3624 4757">
    <p class='ocr_par' dir='ltr' id='par_1_107' title="bbox 2114 4686 3624 4757">
     <span class='ocr_line' id='line_1_107' title="bbox 2114 4686 3624 4757; baseline 0.002 -19"><span class='ocrx_word' id='word_1_771' title='bbox 2114 4706 2133 4738; x_wconf 77' lang='grc' dir='ltr'><strong>ι</strong></span> <span class='ocrx_word' id='word_1_772' title='bbox 2174 4687 2283 4740; x_wconf 78' lang='grc' dir='ltr'><strong>Καὶ</strong></span> <span class='ocrx_word' id='word_1_773' title='bbox 2316 4686 2524 4749; x_wconf 84' lang='grc' dir='ltr'>πάντας</span> <span class='ocrx_word' id='word_1_774' title='bbox 2550 4686 2675 4749; x_wconf 74' lang='grc' dir='ltr'>τοὺς</span> <span class='ocrx_word' id='word_1_775' title='bbox 2696 4686 3264 4757; x_wconf 76' lang='grc' dir='ltr'>ἀντιλαμϐανομένους</span> <span class='ocrx_word' id='word_1_776' title='bbox 3297 4687 3477 4740; x_wconf 72' lang='grc' dir='ltr'>αὐτῶν</span> <span class='ocrx_word' id='word_1_777' title='bbox 3499 4687 3624 4741; x_wconf 78' lang='grc' dir='ltr'>δια-</span> 
     </span>
    </p>
   </div>
   <div class='ocr_carea' id='block_1_108' title="bbox 2039 4777 3626 4850">
    <p class='ocr_par' dir='ltr' id='par_1_108' title="bbox 2039 4777 3626 4850">
     <span class='ocr_line' id='line_1_108' title="bbox 2039 4777 3626 4850; baseline 0.002 -20"><span class='ocrx_word' id='word_1_778' title='bbox 2039 4777 2227 4850; x_wconf 86' lang='grc' dir='ltr'>σπερῶ</span> <span class='ocrx_word' id='word_1_779' title='bbox 2254 4779 2334 4841; x_wconf 88' lang='grc' dir='ltr'><strong>είς</strong></span> <span class='ocrx_word' id='word_1_780' title='bbox 2364 4777 2541 4830; x_wconf 83' lang='grc' dir='ltr'>πάντα</span> <span class='ocrx_word' id='word_1_781' title='bbox 2567 4778 2787 4848; x_wconf 84' lang='grc' dir='ltr'>ἄνεμον,</span> <span class='ocrx_word' id='word_1_782' title='bbox 2817 4778 2912 4831; x_wconf 72' lang='grc' dir='ltr'>καὶ</span> <span class='ocrx_word' id='word_1_783' title='bbox 2938 4778 3213 4849; x_wconf 77' lang='grc' dir='ltr'>ῥομφαίαν</span> <span class='ocrx_word' id='word_1_784' title='bbox 3238 4777 3417 4849; x_wconf 83' lang='grc' dir='ltr'>ἐκχεῶ</span> <span class='ocrx_word' id='word_1_785' title='bbox 3445 4778 3626 4833; x_wconf 81' lang='grc' dir='ltr'>ὀπίσω</span> 
     </span>
    </p>
   </div>
   <div class='ocr_carea' id='block_1_109' title="bbox 2039 4869 3625 4941">
    <p class='ocr_par' dir='ltr' id='par_1_109' title="bbox 2039 4869 3625 4941">
     <span class='ocr_line' id='line_1_109' title="bbox 2039 4869 3625 4941; baseline -0.003 -18"><span class='ocrx_word' id='word_1_786' title='bbox 2039 4869 2236 4931; x_wconf 82' lang='grc' dir='ltr'>αὐτῶν,</span> <span class='ocrx_word' id='word_1_787' title='bbox 2261 4871 2356 4923; x_wconf 81' lang='grc' dir='ltr'>καὶ</span> <span class='ocrx_word' id='word_1_788' title='bbox 2375 4869 2786 4937; x_wconf 79' lang='grc' dir='ltr'>ἐπιγνώσονται,</span> <span class='ocrx_word' id='word_1_789' title='bbox 2815 4869 2897 4922; x_wconf 83' lang='grc' dir='ltr'><strong>ὅτι</strong></span> <span class='ocrx_word' id='word_1_790' title='bbox 2918 4869 3030 4937; x_wconf 82' lang='grc' dir='ltr'><strong>ἐγὼ</strong></span> <span class='ocrx_word' id='word_1_791' title='bbox 3055 4869 3278 4941; x_wconf 82' lang='grc' dir='ltr'>Κύριος,</span> <span class='ocrx_word' id='word_1_792' title='bbox 3312 4871 3370 4924; x_wconf 83' lang='grc' dir='ltr'>ὲν</span> <span class='ocrx_word' id='word_1_793' title='bbox 3401 4870 3482 4941; x_wconf 83' lang='grc' dir='ltr'>τῷ</span> <span class='ocrx_word' id='word_1_794' title='bbox 3510 4870 3625 4924; x_wconf 68' lang='grc' dir='ltr'>δια,</span> 
     </span>
    </p>
   </div>
   <div class='ocr_carea' id='block_1_110' title="bbox 2041 4959 3623 5032">
    <p class='ocr_par' dir='ltr' id='par_1_110' title="bbox 2041 4959 3623 5032">
     <span class='ocr_line' id='line_1_110' title="bbox 2041 4959 3623 5032; baseline 0 -19"><span class='ocrx_word' id='word_1_795' title='bbox 2041 4961 2333 5031; x_wconf 88' lang='grc' dir='ltr'>σκορπίσαι</span> <span class='ocrx_word' id='word_1_796' title='bbox 2366 4978 2434 5031; x_wconf 92' lang='grc' dir='ltr'><strong>με</strong></span> <span class='ocrx_word' id='word_1_797' title='bbox 2459 4962 2514 5012; x_wconf 79' lang='grc' dir='ltr'><strong>ἐν</strong></span> <span class='ocrx_word' id='word_1_798' title='bbox 2547 4963 2655 5023; x_wconf 85' lang='grc' dir='ltr'>τοῖς</span> <span class='ocrx_word' id='word_1_799' title='bbox 2681 4959 2879 5023; x_wconf 77' lang='grc' dir='ltr'>ἔθνεσι,</span> <span class='ocrx_word' id='word_1_800' title='bbox 2912 4961 3005 5013; x_wconf 68' lang='grc' dir='ltr'>καὶ</span> <span class='ocrx_word' id='word_1_801' title='bbox 3031 4960 3307 5032; x_wconf 90' lang='grc' dir='ltr'>διασπερῶ</span> <span class='ocrx_word' id='word_1_802' title='bbox 3338 4961 3535 5024; x_wconf 75' lang='grc' dir='ltr'>αὐτοὺς</span> <span class='ocrx_word' id='word_1_803' title='bbox 3560 4961 3623 5013; x_wconf 82' lang='grc' dir='ltr'><strong>ἐν</strong></span> 
     </span>
    </p>
   </div>
   <div class='ocr_carea' id='block_1_111' title="bbox 2039 5051 3621 5125">
    <p class='ocr_par' dir='ltr' id='par_1_111' title="bbox 2039 5051 3621 5125">
     <span class='ocr_line' id='line_1_111' title="bbox 2039 5051 3621 5125; baseline -0.001 -20"><span class='ocrx_word' id='word_1_804' title='bbox 2039 5056 2158 5116; x_wconf 85' lang='grc' dir='ltr'>ταῖς</span> <span class='ocrx_word' id='word_1_805' title='bbox 2200 5053 2422 5124; x_wconf 86' lang='grc' dir='ltr'>χώραις·</span> <span class='ocrx_word' id='word_1_806' title='bbox 2467 5053 2561 5106; x_wconf 70' lang='grc' dir='ltr'><strong>καὶ</strong></span> <span class='ocrx_word' id='word_1_807' title='bbox 2590 5052 2947 5123; x_wconf 72' lang='grc' dir='ltr'>ὑπολείψομαι</span> <span class='ocrx_word' id='word_1_808' title='bbox 2998 5051 3057 5116; x_wconf 86' lang='grc' dir='ltr'><strong>ἐξ</strong></span> <span class='ocrx_word' id='word_1_809' title='bbox 3098 5051 3277 5106; x_wconf 72' lang='grc' dir='ltr'>αὐτῶν</span> <span class='ocrx_word' id='word_1_810' title='bbox 3314 5053 3518 5125; x_wconf 81' lang='grc' dir='ltr'>ἄνδρας</span> <span class='ocrx_word' id='word_1_811' title='bbox 3560 5054 3621 5105; x_wconf 86' lang='grc' dir='ltr'><strong>ἐν</strong></span> 
     </span>
    </p>
   </div>
   <div class='ocr_carea' id='block_1_112' title="bbox 2038 5143 3617 5218">
    <p class='ocr_par' dir='ltr' id='par_1_112' title="bbox 2038 5143 3617 5218">
     <span class='ocr_line' id='line_1_112' title="bbox 2038 5143 3617 5218; baseline -0.001 -20"><span class='ocrx_word' id='word_1_812' title='bbox 2038 5144 2258 5218; x_wconf 83' lang='grc' dir='ltr'>ἀριθμῷ</span> <span class='ocrx_word' id='word_1_813' title='bbox 2283 5147 2347 5197; x_wconf 73' lang='grc' dir='ltr'><strong>ἐκ</strong></span> <span class='ocrx_word' id='word_1_814' title='bbox 2378 5144 2671 5215; x_wconf 76' lang='grc' dir='ltr'>ῥομφαίας,</span> <span class='ocrx_word' id='word_1_815' title='bbox 2707 5144 2803 5197; x_wconf 76' lang='grc' dir='ltr'><strong>καὶ</strong></span> <span class='ocrx_word' id='word_1_816' title='bbox 2832 5146 2897 5197; x_wconf 85' lang='grc' dir='ltr'><strong>ἐκ</strong></span> <span class='ocrx_word' id='word_1_817' title='bbox 2935 5143 3116 5215; x_wconf 87' lang='grc' dir='ltr'>λιμοῦ,</span> <span class='ocrx_word' id='word_1_818' title='bbox 3145 5144 3238 5197; x_wconf 77' lang='grc' dir='ltr'><strong>καὶ</strong></span> <span class='ocrx_word' id='word_1_819' title='bbox 3264 5145 3329 5197; x_wconf 83' lang='grc' dir='ltr'><strong>ἐκ</strong></span> <span class='ocrx_word' id='word_1_820' title='bbox 3362 5144 3617 5208; x_wconf 83' lang='grc' dir='ltr'>θανάτου,</span> 
     </span>
    </p>
   </div>
   <div class='ocr_carea' id='block_1_113' title="bbox 2038 5234 3620 5307">
    <p class='ocr_par' dir='ltr' id='par_1_113' title="bbox 2038 5234 3620 5307">
     <span class='ocr_line' id='line_1_113' title="bbox 2038 5234 3620 5307; baseline -0.001 -18"><span class='ocrx_word' id='word_1_821' title='bbox 2038 5237 2185 5299; x_wconf 77' lang='grc' dir='ltr'>ὅπως</span> <span class='ocrx_word' id='word_1_822' title='bbox 2222 5235 2655 5307; x_wconf 81' lang='grc' dir='ltr'>ἐκδιηγήσωνται</span> <span class='ocrx_word' id='word_1_823' title='bbox 2694 5236 2872 5299; x_wconf 81' lang='grc' dir='ltr'>πάσας</span> <span class='ocrx_word' id='word_1_824' title='bbox 2913 5234 3014 5298; x_wconf 90' lang='grc' dir='ltr'><strong>τάς</strong></span> <span class='ocrx_word' id='word_1_825' title='bbox 3059 5234 3288 5306; x_wconf 87' lang='grc' dir='ltr'>ἀνομίας</span> <span class='ocrx_word' id='word_1_826' title='bbox 3338 5236 3522 5291; x_wconf 86' lang='grc' dir='ltr'>αὐτῶν</span> <span class='ocrx_word' id='word_1_827' title='bbox 3560 5239 3620 5289; x_wconf 85' lang='grc' dir='ltr'>ὲν</span> 
     </span>
    </p>
   </div>
   <div class='ocr_carea' id='block_1_114' title="bbox 2037 5321 3622 5398">
    <p class='ocr_par' dir='ltr' id='par_1_114' title="bbox 2037 5321 3622 5398">
     <span class='ocr_line' id='line_1_114' title="bbox 2037 5321 3622 5398; baseline 0 -15"><span class='ocrx_word' id='word_1_828' title='bbox 2037 5333 2148 5393; x_wconf 86' lang='grc' dir='ltr'>τοῖς</span> <span class='ocrx_word' id='word_1_829' title='bbox 2181 5329 2410 5392; x_wconf 74' lang='grc' dir='ltr'>ἔθνεσιν,</span> <span class='ocrx_word' id='word_1_830' title='bbox 2461 5321 2521 5382; x_wconf 81' lang='grc' dir='ltr'><strong>οῦ</strong></span> <span class='ocrx_word' id='word_1_831' title='bbox 2570 5329 2638 5382; x_wconf 86' lang='grc' dir='ltr'><strong>ἂν</strong></span> <span class='ocrx_word' id='word_1_832' title='bbox 2676 5328 2991 5382; x_wconf 82' lang='grc' dir='ltr'>εἰσέλθωσιν</span> <span class='ocrx_word' id='word_1_833' title='bbox 3020 5329 3152 5381; x_wconf 79' lang='grc' dir='ltr'>ἐκεῖ’</span> <span class='ocrx_word' id='word_1_834' title='bbox 3195 5329 3288 5382; x_wconf 72' lang='grc' dir='ltr'><strong>καὶ</strong></span> <span class='ocrx_word' id='word_1_835' title='bbox 3317 5328 3622 5398; x_wconf 84' lang='grc' dir='ltr'>γνώσονται</span> 
     </span>
    </p>
   </div>
   <div class='ocr_carea' id='block_1_115' title="bbox 2035 5418 3620 5492">
    <p class='ocr_par' dir='ltr' id='par_1_115' title="bbox 2035 5418 3620 5492">
     <span class='ocr_line' id='line_1_115' title="bbox 2035 5418 3620 5492; baseline 0.001 -18"><span class='ocrx_word' id='word_1_836' title='bbox 2035 5423 2116 5474; x_wconf 85' lang='grc' dir='ltr'><strong>ὅτι</strong></span> <span class='ocrx_word' id='word_1_837' title='bbox 2170 5420 2283 5490; x_wconf 86' lang='grc' dir='ltr'>ἐγὼ</span> <span class='ocrx_word' id='word_1_838' title='bbox 2327 5420 2552 5492; x_wconf 84' lang='grc' dir='ltr'>Κύριος.</span> <span class='ocrx_word' id='word_1_839' title='bbox 2597 5440 2615 5472; x_wconf 78' lang='grc' dir='ltr'><strong>ι</strong></span> <span class='ocrx_word' id='word_1_840' title='bbox 2678 5421 2801 5474; x_wconf 74' lang='grc' dir='ltr'><strong>Ἐπὶ</strong></span> <span class='ocrx_word' id='word_1_841' title='bbox 2838 5423 2905 5491; x_wconf 83' lang='grc' dir='ltr'>τῇ</span> <span class='ocrx_word' id='word_1_842' title='bbox 2948 5418 3042 5473; x_wconf 87' lang='grc' dir='ltr'><strong>τοῦ</strong></span> <span class='ocrx_word' id='word_1_843' title='bbox 3086 5420 3286 5484; x_wconf 77' lang='grc' dir='ltr'>παντὸς</span> <span class='ocrx_word' id='word_1_844' title='bbox 3339 5421 3472 5475; x_wconf 89' lang='grc' dir='ltr'>λαοῦ</span> <span class='ocrx_word' id='word_1_845' title='bbox 3505 5423 3620 5476; x_wconf 86' lang='grc' dir='ltr'>δια-</span> 
     </span>
    </p>
   </div>
   <div class='ocr_carea' id='block_1_116' title="bbox 2038 5511 3618 5585">
    <p class='ocr_par' dir='ltr' id='par_1_116' title="bbox 2038 5511 3618 5585">
     <span class='ocr_line' id='line_1_116' title="bbox 2038 5511 3618 5585; baseline 0 -20"><span class='ocrx_word' id='word_1_846' title='bbox 2038 5514 2216 5585; x_wconf 77' lang='grc' dir='ltr'>σπορᾷ</span> <span class='ocrx_word' id='word_1_847' title='bbox 2250 5513 2346 5566; x_wconf 74' lang='grc' dir='ltr'>καὶ</span> <span class='ocrx_word' id='word_1_848' title='bbox 2382 5511 2478 5564; x_wconf 90' lang='grc' dir='ltr'><strong>νῦν</strong></span> <span class='ocrx_word' id='word_1_849' title='bbox 2519 5511 2906 5580; x_wconf 73' lang='grc' dir='ltr'>ὑπολείψεσθαι</span> <span class='ocrx_word' id='word_1_850' title='bbox 2940 5511 3119 5583; x_wconf 85' lang='grc' dir='ltr'>ἐαυτῷ</span> <span class='ocrx_word' id='word_1_851' title='bbox 3150 5511 3364 5580; x_wconf 80' lang='grc' dir='ltr'>ὀλίγους</span> <span class='ocrx_word' id='word_1_852' title='bbox 3392 5512 3618 5584; x_wconf 85' lang='grc' dir='ltr'>ἀριθμῷ</span> 
     </span>
    </p>
   </div>
   <div class='ocr_carea' id='block_1_117' title="bbox 2040 5602 3616 5689">
    <p class='ocr_par' dir='ltr' id='par_1_117' title="bbox 2040 5602 3616 5689">
     <span class='ocr_line' id='line_1_117' title="bbox 2040 5602 3616 5689; baseline 0.005 -35"><span class='ocrx_word' id='word_1_853' title='bbox 2040 5620 2224 5674; x_wconf 81' lang='grc' dir='ltr'>φησιν,</span> <span class='ocrx_word' id='word_1_854' title='bbox 2260 5602 2366 5656; x_wconf 82' lang='grc' dir='ltr'>οὐδ’</span> <span class='ocrx_word' id='word_1_855' title='bbox 2389 5603 2455 5676; x_wconf 62' lang='grc' dir='ltr'>[γ’.</span> <span class='ocrx_word' id='word_1_856' title='bbox 2477 5603 2602 5676; x_wconf 85' lang='grc' dir='ltr'>οὐκ]</span> <span class='ocrx_word' id='word_1_857' title='bbox 2637 5602 2829 5671; x_wconf 74' lang='grc' dir='ltr'>ἄλλους</span> <span class='ocrx_word' id='word_1_858' title='bbox 2845 5603 3020 5675; x_wconf 85' lang='grc' dir='ltr'>δηλῶν</span> <span class='ocrx_word' id='word_1_859' title='bbox 3041 5602 3147 5661; x_wconf 85' lang='grc' dir='ltr'><strong>τῶν</strong></span> <span class='ocrx_word' id='word_1_860' title='bbox 3177 5603 3616 5689; x_wconf 69' lang='grc' dir='ltr'>προειρημένων.</span> 
     </span>
    </p>
   </div>
   <div class='ocr_carea' id='block_1_118' title="bbox 420 5743 1933 5837">
    <p class='ocr_par' dir='ltr' id='par_1_118' title="bbox 420 5743 1933 5829">
     <span class='ocr_line' id='line_1_118' title="bbox 420 5743 1933 5829; baseline -0.001 -14"><span class='ocrx_word' id='word_1_861' title='bbox 420 5745 467 5787; x_wconf 68' lang='grc'><strong>’³</strong></span> <span class='ocrx_word' id='word_1_862' title='bbox 490 5743 597 5815; x_wconf 76' lang='lat' dir='ltr'><strong>ler.</strong></span> <span class='ocrx_word' id='word_1_863' title='bbox 634 5766 685 5817; x_wconf 76' lang='grc' dir='ltr'><strong>ν,</strong></span> <span class='ocrx_word' id='word_1_864' title='bbox 718 5748 868 5806; x_wconf 84' lang='grc'>6-10.</span> <span class='ocrx_word' id='word_1_865' title='bbox 946 5752 991 5785; x_wconf 77' lang='grc' dir='ltr'><strong>ει</strong></span> <span class='ocrx_word' id='word_1_866' title='bbox 1020 5751 1215 5829; x_wconf 83' lang='lat' dir='ltr'><strong>Ezech.</strong></span> <span class='ocrx_word' id='word_1_867' title='bbox 1255 5772 1326 5823; x_wconf 73' lang='grc' dir='ltr'><strong>γι,</strong></span> <span class='ocrx_word' id='word_1_868' title='bbox 1359 5755 1472 5827; x_wconf 60' lang='grc' dir='ltr'><strong>γαρ.</strong></span> <span class='ocrx_word' id='word_1_869' title='bbox 1553 5758 1597 5792; x_wconf 76' lang='grc' dir='ltr'>ευ</span> <span class='ocrx_word' id='word_1_870' title='bbox 1624 5756 1824 5816; x_wconf 84' lang='lat' dir='ltr'><strong>Ezech.</strong></span> <span class='ocrx_word' id='word_1_871' title='bbox 1858 5774 1933 5829; x_wconf 70' lang='lat' dir='ltr'><strong>XI,</strong></span> 
     </span>
    </p>
   </div>
   <div class='ocr_carea' id='block_1_119' title="bbox 2046 5743 2749 5837">
    <p class='ocr_par' dir='ltr' id='par_1_119' title="bbox 2046 5758 2749 5837">
     <span class='ocr_line' id='line_1_119' title="bbox 2046 5758 2749 5837; baseline 0.007 -25"><span class='ocrx_word' id='word_1_872' title='bbox 2046 5797 2049 5812; x_wconf 65' lang='grc' dir='ltr'><strong>ι</strong></span> <span class='ocrx_word' id='word_1_873' title='bbox 2128 5760 2173 5837; x_wconf 72' lang='lat'><strong>°_°</strong></span> <span class='ocrx_word' id='word_1_874' title='bbox 2202 5758 2400 5819; x_wconf 70' lang='lat' dir='ltr'><strong>Ezezh.</strong></span> <span class='ocrx_word' id='word_1_875' title='bbox 2426 5774 2529 5823; x_wconf 82' lang='lat' dir='ltr'><strong>xu,</strong></span> <span class='ocrx_word' id='word_1_876' title='bbox 2565 5758 2749 5817; x_wconf 71' lang='grc'><strong>14-16.</strong></span> 
     </span>
    </p>
   </div>
  </div>
