3828 6216
133 374 230 434 161

581 495 707 549 NG’.
747 494 879 549 Ἀπὸ
933 493 1037 547 τοῦ
1071 496 1277 548 αὑτοῦ.

202 610 221 641 ι
260 589 401 643 Τάδε
438 589 586 658 λέγει
655 587 878 642 Ἀδωναῒ
921 587 1158 659 Κύριος·
1226 587 1352 641 Ἐὰν
1392 587 1448 641 δὲ
1492 588 1586 641 καὶ
1631 588 1729 650 τὰς

144 686 421 754 τέσσαρας
474 682 786 752 ἐκδικήσεις
837 697 938 751 μου
983 680 1082 743 τὰς
1114 678 1378 753 πονηρὰς,
1426 679 1726 751 ῥομφαίαν,

128 776 223 830 καὶ
251 774 434 847 λιμὸν,
497 775 593 828 καὶ
634 774 801 846 θηρία
841 772 1077 845 πονηρὰ,
1118 772 1211 825 καὶ
1248 772 1479 827 θάνατον
1527 772 1727 839 ἐξαπο-

130 867 303 922 στελῶ
350 867 445 921 ἐπὶ
498 865 877 938 Ἰερουσαλὴμ,
926 864 1022 918 τοῦ
1055 863 1431 936 ὲξολοθρεῦσαι
1471 862 1531 929 ἐξ
1560 863 1729 935 αὐτῆς

128 961 420 1033 ἄνθρωπον
484 958 580 1013 καὶ
626 958 844 1028 κτῆνος,
894 958 988 1011 καί
1024 957 1135 1011 ἰδοὺ
1178 955 1629 1028 ὑπολελειμμένοι
1671 960 1728 1011 ὲν

128 1053 290 1124 αὐτῇ,
327 1054 375 1105 οί
406 1050 835 1121 ἀνασεσωμένοι.
881 1068 900 1101 ι
941 1048 1113 1103 Οὐδὲν
1160 1049 1227 1103 ἂν
1275 1050 1371 1104 καὶ
1411 1048 1586 1103 ταῦτα
1613 1049 1729 1104 δια-

127 1143 284 1216 φέροι
319 1143 433 1196 τῶν
469 1140 908 1213 προειρημένων.

606 1233 682 1288 ει.
727 1234 859 1287 Ἀπὸ
900 1233 1009 1287 τοῦ
1040 1233 1251 1287 αὐτοῦ.

198 1349 217 1380 ι
251 1328 441 1391 Οὕτως
503 1326 676 1399 κρινῶ
716 1326 883 1397 ὑμᾶς,
948 1325 1101 1394 λέγει
1144 1324 1371 1396 Κύριος,
1420 1324 1515 1378 καὶ
1562 1322 1728 1389 διάξω

124 1421 269 1493 ὑμᾶς
301 1421 410 1473 ὑπὸ
429 1419 529 1491 τὴν
580 1419 775 1491 ῥάϐδον
814 1437 941 1491 μου,
973 1420 1067 1472 καὶ
1116 1418 1317 1485 εἰσάξω
1351 1418 1495 1490 ὑμᾶς
1526 1418 1583 1470 ὲν
1608 1417 1729 1487 ἀρι-

124 1513 249 1585 θμῷ
297 1514 400 1583 τῆς
441 1513 722 1584 Διαθήκης
768 1530 894 1585 μου,
939 1514 1036 1566 καὶ
1084 1511 1289 1579 ἐκλέξω
1321 1511 1381 1577 ἐξ
1419 1511 1572 1583 ὑμῶν
1600 1512 1727 1575 τοὺς

120 1605 507 1675 ἀφεστηκότας
530 1605 625 1657 καὶ
647 1605 773 1668 τοὺς
798 1603 1015 1669 ἀσεϐεῖς
1034 1622 1048 1634 ·
1072 1604 1203 1658 διότι
1228 1606 1291 1657 ὲκ
1307 1604 1408 1675 τῆς
1437 1605 1728 1678 παροικίας

125 1699 310 1753 αὐτῶν
355 1699 533 1766 ἐξάξω
582 1699 800 1763 αὐτοὺς,
852 1700 947 1752 καὶ
997 1700 1077 1763 είς
1107 1698 1203 1771 τὴν
1241 1700 1346 1770 γῆν
1379 1698 1470 1753 τοῦ
1515 1699 1728 1773 Ἰσραὴλ

121 1792 224 1845 οὐκ
276 1790 700 1845 εἰσελεύσονται.
738 1811 756 1842 ι
805 1791 1001 1861 Σαφῶς
1038 1792 1134 1845 καὶ
1164 1793 1221 1845 ὲν
1255 1791 1468 1857 τούτοις
1508 1791 1727 1865 ἀριθμῷ

1053 368 1715 426 DEMONSTRATXONIS
1752 369 2220 427 EVANGEUC.E
2259 372 2387 430 LIB.
2429 374 2495 435 Π.

1763 500 1811 557 Δ

3321 383 3419 443 162

2380 497 2517 554 LIX.
2561 498 2640 553 Ab
2690 499 2890 555 eodem.

1908 606 1927 639 ‹
1972 587 2097 644 Haec
2155 589 2290 645 dicit
2341 591 2552 647 Adonai
2611 591 2877 651 Dominus
2915 591 3114 661 :Quod
3162 596 3208 651 si
3256 596 3421 653 etiam

1831 689 2066 749 quatuor
2085 680 2321 737 ultiones
2336 697 2489 738 meas
2520 683 2712 748 malas,
2745 684 3006 754 gladium,
3038 693 3093 742 et
3126 685 3344 754 famem,
3366 698 3422 745 et

1830 770 2037 825 bestias
2069 772 2265 838 malas,
2300 780 2355 828 et
2395 782 2628 829 mortem
2678 776 2915 830 emisero
2964 791 3127 846 super
3160 775 3421 835 Hierusa-

1830 863 1960 926 lem,
1996 864 2061 920 ad
2095 866 2429 935 perdendum
2471 883 2535 922 ex
2577 883 2639 923 ea
2669 868 2948 923 hominem
2992 877 3046 924 et
3083 868 3415 938 jumentum,

1829 964 1884 1012 et
1910 972 2039 1012 ecce
2066 958 2158 1027 qui
2191 957 2367 1013 relicti
2402 957 2608 1013 fuerint
2641 960 2696 1014 in
2728 975 2813 1024 ea,
2846 960 2939 1031 qui
2972 962 3284 1017 conservati
3314 961 3360 994 ⁸⁷
3394 982 3414 1017 ι

1829 1058 1883 1105 ct
1922 1057 2138 1106 caetera.
2176 1049 2303 1105 Haec
2332 1066 2552 1123 quoque
2575 1053 2710 1107 nihil
2744 1054 2906 1123 plane
2930 1053 2998 1109 ab
3031 1054 3099 1109 iis
3126 1069 3248 1126 quae
3281 1069 3421 1125 pra:-

1829 1142 1978 1197 dicta
2000 1150 2151 1207 sunt,
2182 1142 2463 1198 diﬂ'erunt.

2385 1234 2499 1290 LX.
2545 1236 2622 1289 Ab
2663 1235 2864 1290 eodem.

1903 1346 1924 1378 ‹
1972 1326 2065 1382 Sic
2096 1326 2359 1398 judicabo
2394 1343 2511 1394 vos,
2544 1328 2681 1383 dicit
2710 1327 2979 1385 Dominus
3026 1348 3039 1385 :
3073 1338 3128 1386 et
3152 1329 3419 1387 deducam

1827 1437 1927 1476 vos
1952 1422 2055 1476 sub
2089 1422 2297 1491 virgam
2328 1436 2503 1476 meam
2543 1438 2556 1475 :
2592 1430 2647 1477 et
2680 1422 2944 1477 adducam
2982 1438 3081 1480 vos
3111 1426 3166 1478 in
3192 1439 3424 1483 numeln

1829 1512 2168 1568 Testamenti
2202 1514 2308 1567 mei
2358 1533 2373 1569 :
2410 1511 2477 1567 Et
2523 1514 2719 1584 eligam
2773 1530 2844 1569 ex
2889 1515 3045 1571 vobis
3097 1517 3332 1575 rebelles
3364 1527 3423 1574 ct

1830 1606 2052 1676 impios,
2084 1606 2346 1676 quoniam
2376 1622 2443 1661 ex
2476 1606 2919 1677 peregrinatione
2947 1624 3139 1664 eorum
3185 1609 3418 1669 educam

1828 1715 1945 1765 eos,
1975 1707 2028 1753 et
2072 1699 2127 1753 in
2175 1704 2377 1755 terram
2419 1698 2588 1755 Israel
2626 1714 2735 1753 non
2783 1700 3161 1771 ingredientur
3197 1696 3264 1760 ⁸⁸,
3305 1722 3325 1757 ι
3357 1701 3421 1761 In

1829 1791 1914 1846 his
1948 1807 2166 1861 quoque
2194 1792 2502 1862 perspicue,
2554 1791 2784 1863 exiguos
2812 1808 3043 1848 numero
3077 1794 3180 1849 sub
3212 1796 3419 1868 virgam

123 1884 351 1955 βραχεῖς
378 1882 484 1937 ὑπὸ
500 1884 598 1955 τὴν
634 1883 829 1956 ῥάϐδον
859 1883 950 1937 τοῦ
981 1883 1116 1937 Θεοῦ
1150 1884 1607 1955 γενήσεσθαι,ὲπὶ
1649 1884 1727 1956 τῷ
1759 1854 1799 1910 Β
1833 1883 1856 1935 [

1840 1883 1927 1938 Dei
1955 1893 2217 1940 venturos
2251 1882 2503 1948 aﬂirmat,
2530 1882 2662 1938 dum
2697 1885 2896 1956 reliqui
2926 1901 2991 1939 ex
3024 1883 3191 1941 Israel
3226 1901 3257 1941 a
3288 1903 3421 1959 pro-

122 1979 249 2041 τοῦς
305 1977 533 2041 λοιποὺς
564 1976 659 2030 τοῦ
707 1976 924 2050 Ἰσραὴλ
954 1976 1355 2031 ἀποπεσεῐσθαι
1398 1977 1507 2031 τῶν
1553 1979 1727 2047 ἑπαγ-

119 2067 341 2135 γελιῶν,
407 2066 767 2142 μαρτύρεται.
815 2066 975 2120 Ἀλλᾶ
1030 2067 1137 2140 γὰρ
1186 2066 1496 2132 ἀποδείξας,
1523 2068 1605 2121 ὅτι
1648 2070 1724 2142 μὴ

118 2162 196 2224 ὡς
238 2160 434 2231 ἔτυχεν
486 2160 817 2232 ἀδιακρίτως
886 2161 1052 2213 πᾶσιν
1096 2159 1284 2223 ἁπλῶς
1329 2162 1443 2224 τοῖς
1480 2160 1590 2214 ἀπὸ
1630 2160 1724 2215 τοῦ

131 2252 411 2306 Ἰουδαίων
438 2251 624 2316 ἔθνους
658 2251 883 2322 φαύλοις
910 2269 968 2305 τε
1000 2250 1095 2305 καὶ
1118 2250 1363 2313 ἀσεϐέσι,
1398 2250 1496 2305 καὶ
1518 2254 1631 2315 τοῖς
1650 2250 1725 2323 μὴ

115 2344 391 2408 τοιούτοις
421 2344 519 2408 τὰς
544 2344 655 2397 τῶν
705 2343 927 2415 ἀγαθῶν
961 2343 1296 2412 ἐπαγγελίας
1330 2343 1380 2396 οί
1413 2342 1546 2397 θεῖοι
1578 2343 1725 2413 λόγοι

117 2437 546 2511 προεθέσπιζον,
565 2439 810 2501 σπανίοις
839 2436 895 2489 δὲ
918 2435 1102 2490 αὐτῶν
1119 2437 1213 2490 καὶ
1238 2433 1457 2508 ἀριθμῷ
1476 2435 1722 2507 ληπτοῖς,

115 2534 239 2604 ἦτοι
266 2535 385 2597 τοῖς
406 2533 486 2596 εἰς
507 2531 597 2585 τὸν
626 2530 858 2604 Σωτῆρα
898 2533 993 2584 καὶ
1032 2528 1238 2602 Κύριον
1273 2530 1431 2601 ἡμῶν
1454 2531 1515 2596 ἐξ
1547 2528 1725 2583 αὐτῶν

115 2625 574 2691 πεπιστευκόσιν,
610 2625 645 2696 ἢ
700 2627 812 2690 τοῖς
844 2628 949 2697 πρὸ
976 2626 1075 2697 τῆς
1114 2624 1418 2697 παρουσίας
1444 2623 1615 2678 αὑτοῦ
1647 2624 1727 2678 δε-

113 2720 530 2791 δικαιωμένοις,
583 2720 874 2792 αὐτάρκως
924 2719 1164 2791 ἠγοῦμαι
1209 2719 1601 2790 δεδηλωκέναι,
1642 2719 1725 2773 ὅτι

120 2813 199 2885 μὴ
223 2803 563 2885 ἀδιαὶιρίτως
609 2815 688 2876 εἰς
722 2812 969 2877 ἅπαντας
1013 2809 1305 2876 Ἰουδαίους
1326 2811 1397 2865 τὰ
1431 2812 1541 2866 τῶν
1564 2812 1725 2867 θείων

117 2905 473 2974 ἐπαγγελιῶν
542 2904 867 2978 ἐπληροῦτο,
904 2905 1000 2959 καὶ
1050 2904 1134 2958 δτι
1172 2905 1247 2977 μὴ
1277 2904 1479 2976 μᾶλλον
1517 2905 1723 2971 αὐτοῖς,

116 2998 151 3068 ἢ
190 3002 309 3062 τοῖς
328 2998 388 3065 ἐξ
414 2998 586 3052 ἐθνῶν
604 2998 695 3052 τὸν
717 2990 950 3071 Χριστὸν
976 2998 1072 3051 τοῦ
1096 2997 1231 3051 Θεοῦ
1257 2997 1725 3070 παραδεξαμένοις

114 3091 187 3145 τὰ
213 3091 326 3146 τῶν
355 3091 655 3164 προφητῶν
676 3091 1011 3163 ὲφαρμόττει
1038 3091 1216 3162 λόγια.
1251 3091 1346 3157 Τίς
1375 3090 1430 3146 δὲ
1462 3088 1531 3164 ἦν
1561 3091 1724 3164 ἡτῶν

117 3182 282 3238 θείων
320 3184 670 3254 ἐπαγγελιῶν
704 3184 933 3247 διάνοια,
967 3183 1111 3237 κατὰ
1148 3184 1343 3257 καιρὸν
1407 3185 1501 3240 τὸν
1548 3202 1723 3258 προσ*

122 3280 332 3347 tamira.
383 3279 742 3350 παραστήσω.
802 3275 989 3330 Ταῦτα
1018 3276 1075 3329 δὲ
1131 3276 1206 3341 ὡς
1268 3277 1582 3347 ἀναγκαίως
1633 3296 1725 3349 μοι

119 3370 467 3423 συνείλεκται
498 3371 578 3435 εἰς
616 3370 838 3440 ἔλεγχον
881 3368 989 3421 τῶν
1016 3370 1080 3421 ἐκ
1118 3368 1444 3441 περιτομῆς,
1472 3370 1564 3422 ὑπ’
1603 3369 1728 3423 ἀλό-

116 3480 219 3534 γου
252 3462 633 3534 μεγαλαυχίας
694 3458 877 3535 μόνοις
922 3462 1108 3526 αὐτοῖς
1142 3461 1231 3515 τὸν
1260 3462 1493 3534 Χριστὸν
1539 3463 1727 3534 ἐπιδη-

118 3558 341 3627 μήσειν,
378 3557 500 3627 οὐχὶ
519 3556 575 3608 δὲ
600 3556 694 3609 καὶ
739 3557 907 3610 πᾶσιν
952 3553 1261 3627 ἀνθρώποις
1292 3553 1724 3626 ὲπαυθαδιζομέ-

115 3666 248 3713 νων,
281 3647 366 3711 εἷς
393 3664 454 3701 τε
480 3647 757 3715 ἀπόδειξιν
796 3647 896 3718 τῆς
928 3647 1087 3718 ἡμῶν
1112 3646 1293 3701 αὐτῶν
1326 3644 1455 3718 περὶ
1483 3646 1554 3700 τὰ
1582 3647 1725 3701 ὲκεί-

116 3758 226 3793 νων
260 3739 424 3809 λόγια
478 3740 702 3808 εὐλόγου
737 3740 994 3810 σπουδῆς.
1028 3740 1265 3813 Συνέστη
1294 3740 1350 3795 δέ
1380 3760 1470 3813 μοι
1509 3741 1597 3795 διὰ
1627 3739 1723 3794 τοῦ

118 3832 233 3904 πρὸ
256 3831 454 3885 τούτου
480 3832 913 3904 συγγράμματος
941 3832 1035 3886 καὶ
1067 3833 1128 3885 τὺ
1159 3834 1332 3887 αῐτιον
1351 3833 1446 3889 τοῦ
1476 3835 1551 3906 μὴ
1596 3834 1723 3887 Ἰου-

116 3925 328 3990 δαΐζει-δ
362 3926 534 3996 ἡμᾶς,
568 3927 664 3978 καὶ
707 3925 878 3978 ταῦτα
900 3929 1021 3990 ταῖς
1053 3926 1234 3993 αὐτῶν
1270 3926 1561 3997 χαίροντας
1592 3942 1725 3998 προο

117 4021 382 4088 φητικαίς
418 4018 682 4089 Γραφαῖς.
740 4018 900 4070 Ἀλλά
957 4019 1051 4072 καὶ
1072 4020 1255 4082 ὁποῖος
1304 4022 1332 4073 ὁ
1360 4019 1473 4090 βίος
1520 4018 1724 4090 τυγχά-

115 4126 218 4171 νει,
253 4112 285 4162 ὁ
312 4108 403 4162 διὰ
434 4108 529 4161 τοῦ
574 4107 813 4181 Χριστοῦ
852 4110 990 4162 πᾶσι
1017 4111 1131 4172 τοῖς
1164 4108 1342 4163 ἔθνεσι
1371 4108 1725 4181 κεκηρυγμέ-

115 4220 227 4266 veg,
259 4202 297 4272 ἦ
328 4218 389 4254 τε
457 4201 754 4273 ἀρχαιότης
801 4200 896 4255 τοῦ
956 4202 1159 4273 τρόπου
1211 4203 1309 4272 τῆς
1359 4202 1722 4272 εύαγγελικῆς

116 4293 426 4358 πολιτείας,
460 4293 537 4356 ὡς
590 4288 704 4347 οἷόν
744 4311 803 4347 τε
834 4289 923 4365 ἦν,
954 4294 1013 4347 ὲν
1050 4294 1199 4366 αύτῷ
1234 4294 1541 4367 διελήλυθα.
1587 4294 1723 4347 Τού-

113 4406 225 4441 των
257 4388 306 4441 δ’
336 4390 471 4460 ἡμῖν
503 4387 917 4458 προηνυμένων,
948 4387 1050 4458 ἤδη
1086 4388 1214 4441 ποτὲ
1254 4386 1444 4459 καιρὸς
1478 4389 1723 4459 ἀπορρη-

110 4480 359 4551 τοτέρων
387 4477 626 4547 ἅψασθαι
651 4478 847 4547 λόγων,
875 4478 984 4532 τῶν
1015 4480 1143 4550 περὶ
1170 4478 1270 4549 τῆς
1297 4478 1438 4532 κατά
1474 4478 1565 4531 τὸν
1602 4479 1719 4531 Σω-

1829 1976 2016 2033 missis
2045 1977 2264 2033 cadent.
2295 1977 2366 2032 At
2395 1976 2543 2031 enim
2574 1992 2700 2032 eum
2730 1978 3169 2033 demonstratum
3196 1995 3225 2034 a
3259 1983 3422 2037 nobis

1828 2070 1901 2124 sit
1928 2085 2037 2125 non
2067 2068 2317 2135 fortuito,
2347 2086 2527 2140 neque
2576 2069 2875 2127 indiscrete
2926 2072 3185 2129 omnibus
3213 2073 3423 2143 simpli-

1826 2159 1964 2214 citer
1995 2158 2238 2214 Judaicae
2265 2159 2447 2230 gentis
2475 2174 2601 2214 cum
2636 2159 2848 2216 vitiosis
2878 2170 3043 2232 atque
3070 2160 3277 2231 impiis,
3306 2170 3421 2217 tum

1826 2252 1991 2306 etiam
2045 2251 2115 2308 iis
2172 2252 2268 2323 qui
2306 2253 2446 2309 tales
2493 2267 2603 2307 non
2640 2252 2773 2316 sint,
2805 2256 3033 2310 oracula
3059 2255 3265 2320 divina,
3298 2255 3424 2313 illas

1825 2342 2095 2401 bonorum
2125 2344 2522 2413 promissiones
2551 2344 2843 2408 cecinisse,
2882 2346 2976 2402 sed
3006 2348 3200 2417 paucis
3228 2361 3422 2403 eorum

1827 2434 2095 2489 duntaxat
2124 2441 2179 2491 et
2222 2434 2383 2491 facile
2413 2438 2870 2503 numerabilibus,
2903 2438 2973 2495 iis
3004 2439 3280 2504 videlicet,
3326 2439 3421 2510 qui

1828 2527 1884 2581 in
1917 2526 2264 2583 Salvatorem
2311 2537 2367 2583 et
2416 2527 2712 2583 Dominum
2762 2538 3011 2585 nostrum
3065 2530 3422 2597 crediderint,

1827 2627 1923 2675 aut
1971 2620 2042 2677 iis
2080 2620 2176 2692 qui
2222 2631 2350 2678 ante
2395 2622 2516 2693 ejus
2551 2623 2847 2681 adventum
2886 2624 3023 2695 justi
3054 2627 3237 2684 ell‘eeti
3287 2629 3419 2686 sint.

1826 2714 2059 2771 Abunde
2109 2730 2213 2771 nos
2264 2715 2505 2770 arbitror
2555 2716 2891 2786 declarasse,
2948 2720 3420 2791 quemadmodum

1826 2821 1893 2862 ea
1936 2823 2061 2878 quae
2106 2808 2175 2863 ad
2204 2807 2483 2879 promissa
2514 2808 2702 2864 divina
2737 2812 3036 2882 pertinent,
3069 2828 3178 2869 non
3204 2813 3423 2870 indiﬂe~

1827 2907 2011 2955 renter
2027 2901 2082 2955 in
2095 2900 2353 2955 omnibus
2365 2899 2590 2966 Iudaeis,
2612 2900 2773 2957 tinem
2804 2905 3146 2975 acceperint:
3165 2913 3220 2961 et
3237 2921 3423 2978 quem-

1827 2990 2124 3046 admodum
2156 3007 2266 3046 non
2311 2992 2449 3063 ipsis
2498 2993 2693 3062 magis,
2725 3005 2890 3063 quam
2941 2995 3010 3050 iis
3054 2995 3246 3066 quide
3289 3012 3423 3069 gen-

1827 3083 1977 3140 tibus
2007 3093 2386 3150 assumuntur,
2423 3085 2517 3139 ubi
2557 3083 2841 3142 Christum
2888 3085 2984 3143 Dei
3033 3099 3419 3160 susceperunt,

1754 3215 1798 3274 ε
1828 3177 2220 3249 prophetarum
2260 3194 2527 3249 responsa
2574 3180 2925 3235 conveniant.
2961 3181 3138 3235 Porro
3166 3198 3419 3253 quaenam

1832 3270 1997 3325 fuerit
2025 3270 2338 3325 divinorum
2381 3274 2778 3342 promissorum
2831 3271 2945 3344 86
2998 3275 3294 3339 sententia,
3326 3275 3422 3331 ubi

1832 3370 2051 3434 tempus
2094 3364 2199 3419 erit
2221 3364 2533 3420 ostendam.
2553 3364 2681 3421 Haec
2698 3373 2881 3420 autem
2904 3380 3076 3435 pr0pe
3104 3368 3421 3423 necessario

1829 3469 1861 3508 a
1884 3468 1971 3508 me
1988 3453 2215 3510 collecta
2242 3462 2464 3522 sunt,ut
2481 3456 2806 3528 redarguam
2836 3471 2932 3513 eos
2962 3456 3055 3527 qui
3088 3455 3157 3510 ad
3186 3455 3423 3513 circum-

1828 3543 2095 3599 cisionem
2136 3545 2432 3615 pertinent,
2465 3546 2703 3616 quadam
2736 3543 2887 3599 inani
2925 3545 3193 3616 jactantia
3220 3546 3418 3611 elatos,

1826 3644 1883 3692 et
1916 3637 1985 3692 ad
2034 3653 2095 3693 se
2136 3638 2285 3693 solos
2313 3638 2621 3703 Christum,
2666 3650 2780 3693 non
2809 3637 2877 3693 ad
2924 3652 3118 3693 omnes
3166 3637 3420 3694 homines

1826 3738 2120 3786 venturum
2145 3730 2501 3801 pertinaciter
2526 3731 2850 3803 gloriantes,
2882 3744 2985 3785 nec
3014 3744 3126 3785 non
3158 3736 3219 3784 ut
3239 3737 3401 3786 osten

1826 3822 1951 3878 dam
2002 3839 2199 3895 magna
2245 3839 2372 3878 cum
2415 3824 2632 3879 ratione
2680 3838 2804 3880 esse
2838 3822 3083 3879 studium
3139 3830 3395 3879 nostrum

1826 3930 1950 3969 cum
1985 3915 2155 3970 libros
2190 3914 2409 3969 illorum
2440 3925 2495 3971 et
2532 3915 2753 3970 oracula
2782 3914 3053 3970 versando
3095 3922 3415 3969 tractamus.

1825 4007 2140 4063 Constituta
2180 4017 2264 4062 est
2304 4022 2336 4061 a
2367 4021 2455 4061 me
2501 4006 2642 4061 libro
2683 4005 2970 4076 superiore
3010 4020 3196 4070 causa,
3229 4019 3330 4059 cur
3359 4005 3417 4059 in

1826 4114 2038 4156 morem
2076 4098 2366 4154 Judaicum
2396 4113 2507 4154 non
2552 4097 2875 4163 recidimus,
2921 4097 3141 4153 tametsi
3174 4095 3415 4168 prophe-

1823 4193 1951 4248 ticis
2012 4192 2229 4247 illorum
2282 4191 2504 4262 scriptis
2554 4191 2877 4262 gaudemus,
2907 4204 3008 4245 nec
3035 4189 3165 4243 item
3208 4188 3414 4255 minus,

1826 4285 2136 4355 cujusmodi
2176 4299 2240 4339 ea
2280 4283 2351 4339 sit
2377 4284 2511 4348 vita,
2552 4298 2673 4353 quae
2712 4281 2934 4338 Christo
2960 4291 3208 4349 auctore,
3236 4279 3418 4335 omni-

1825 4376 1929 4431 bus
1971 4375 2227 4446 gentibus
2260 4374 2512 4428 nuntiata
2557 4371 2964 4444 prmdicataque
3009 4370 3102 4435 sit,
3138 4382 3418 4439 quamque

1827 4469 2050 4539 antiqua
2097 4468 2171 4523 sit
2203 4467 2532 4538 evangelicae
2571 4465 2885 4537 reipublicae
2916 4464 3078 4528 ratio,
3130 4463 3188 4517 in
3217 4459 3416 4516 eodem

109 4575 262 4647 τῆρα
295 4574 393 4627 καὶ
418 4571 627 4643 Κύριον
656 4570 814 4643 ἡμῶν
849 4570 1058 4643 Ἰησοῦν
1086 4571 1175 4624 τὸν
1200 4571 1436 4643 Χριστὸν
1456 4570 1551 4624 τοῦ
1580 4569 1717 4623 Θεοῦ
1753 4560 1797 4617 Ι)
1824 4577 1854 4615 8

1840 4561 2113 4631 explanavi
2158 4575 2259 4631 pro
2306 4559 2542 4616 viribus.
2594 4559 2937 4628 Quapropter
2987 4556 3081 4627 qui
3134 4553 3253 4610 haec
3312 4552 3415 4607 ali-

115 4663 399 4735 μυστικῆς
421 4662 753 4733 οἰκονομίας,
789 4663 884 4716 καί⁸
907 4662 984 4727 ὼς
1008 4661 1073 4716 ἂν
1103 4660 1369 4733 μάθοιμεν
1398 4659 1487 4714 διὰ
1516 4661 1568 4714 τί
1596 4659 1712 4725 νῦν,

110 4754 231 4808 ἀλλ’
252 4755 317 4807 οὐ
363 4754 472 4825 πρὸ
502 4755 713 4821 τούτου,
742 4755 842 4827 τὴν
871 4757 951 4820 εἰς
973 4753 1563 4826 ἅπανταςάνθρώπους
1593 4756 1714 4808 επι-

113 4850 351 4918 φάνειαν
390 4849 557 4903 αὑτοῦ
586 4851 872 4921 πεποίητο,
902 4850 997 4903 καὶ
1026 4850 1077 4903 τί
1114 4851 1175 4903 τὸ
1207 4850 1379 4903 αῐτιον
1400 4843 1468 4920 ἦν
1503 4848 1598 4901 τοῦ
1639 4849 1714 4920 μὴ

112 4942 288 4996 πάλαι
346 4943 633 5013 πρότερον,
686 4940 914 5013 ἐναγχσς
947 4941 1003 4995 δὲ
1046 4942 1140 4995 καὶ
1189 4940 1328 5012 μετά
1368 4939 1461 4994 τὸν
1505 4936 1717 5013 μακρὸν

115 5037 313 5099 αἰῶνα,
348 5035 519 5089 ἐθνῶν
534 5035 888 5108 ἀπάρξασθαι
916 5035 1077 5089 αὐτὸν
1103 5035 1369 5106 κλήσεως,
1389 5033 1459 5087 τά
1489 5024 1548 5087 τε
1582 5033 1717 5088 ἄλλα

116 5129 219 5182 ὅσα
272 5128 477 5200 δήποτε
518 5126 621 5198 τῆς
674 5127 792 5181 κατ’
844 5127 1004 5182 αὑτὸν
1072 5128 1386 5201 ἀπορρήτου
1439 5125 1717 5195 θεολογίας

116 5224 298 5274 οἰκεῖα
320 5221 615 5293 τυγχάνει·
649 5222 730 5276 ἔτι
769 5221 874 5295 μὴν
906 5223 1001 5275 καὶ
1029 5220 1095 5273 τά
1136 5221 1263 5293 περί
1296 5220 1394 5291 τῆς
1439 5217 1714 5291 ὲνανθρω-

119 5316 343 5386 πήσεως
364 5314 555 5378 αὑτοῦ,
576 5314 611 5369 ἀ
633 5317 728 5368 καὶ
761 5314 953 5387 πρῶτα
989 5311 1049 5377 ἐξ
1076 5310 1269 5383 ἑτέρας
1309 5312 1470 5381 λόγου
1515 5311 1712 5383 ἀρχῆς,

119 5409 193 5471 ὡς
218 5409 356 5480 πρὸς
387 5409 516 5472 τοῦς
557 5410 842 5473 ἀπίστους,
868 5404 1005 5471 τέως
1034 5406 1195 5459 αὑτὸν
1234 5404 1428 5477 βοηθὸν
1461 5403 1717 5459 ἐπικαλε-

122 5498 349 5569 σάμενοι
374 5499 468 5553 τὸν
493 5499 587 5552 τοῦ
612 5499 748 5554 Θεοῦ
780 5499 973 5568 Λόγον,
1003 5498 1134 5570 φέρε
1160 5493 1604 5566 διασκεψώμεθα.

1824 4655 2046 4726 quando
2085 4654 2306 4709 tandem
2347 4653 2707 4717 absolvimus,
2739 4651 2852 4721 jam
2892 4665 3041 4705 nunc
3076 4659 3293 4719 tempus
3326 4659 3417 4701 ar-

1824 4748 2095 4802 bitramur
2136 4762 2283 4812 esse,
2318 4752 2381 4800 ut
2423 4744 2491 4799 de
2529 4744 2744 4800 occulta
2790 4751 2846 4798 et
2891 4741 3125 4813 mystica
3175 4739 3412 4806 ratione,

1823 4856 1946 4912 quze
2002 4840 2071 4896 ad
2124 4840 2465 4895 Salvatorem
2510 4845 2566 4892 et
2607 4835 2901 4891 Dominum
2942 4824 3193 4890 nosti-um
3223 4831 3414 4888 Jesum

1820 4935 2127 5001 Christum,
2151 4933 2243 5005 qui
2278 4931 2532 4987 Christus
2562 4936 2646 4984 est
2674 4928 2792 4993 Dei,
2817 4927 3076 4998 pertinet,
3111 4925 3415 4981 occultiora

1824 5030 1952 5084 item
1999 5027 2249 5099 quaedam
2299 5026 2655 5097 attingamus,
2701 5032 2763 5079 ut
2798 5037 2923 5078 cum
2967 5021 3073 5075 hoc
3111 5016 3318 5090 pariter
3346 5017 3415 5071 il-

1822 5118 1915 5173 lud
1953 5118 2255 5183 discamus,
2304 5133 2466 5188 quam
2500 5118 2572 5172 ob
2605 5132 2718 5171 rem
2746 5130 2918 5179 nunc,
2948 5123 3003 5168 et
3038 5126 3146 5166 non
3180 5108 3414 5164 antehac

1820 5212 1887 5267 ad
1922 5226 2113 5267 omnes
2147 5218 2337 5283 gentes
2383 5209 2687 5277 advenerit,
2733 5218 2788 5265 et
2820 5221 3071 5279 quaenam
3118 5218 3284 5259 causa
3315 5201 3411 5266 sit,

1824 5313 1886 5360 ut
1925 5319 2037 5359 non
2077 5304 2251 5359 multo
2289 5310 2435 5367 ante,
2467 5302 2562 5359 sed
2603 5316 2779 5372 nuper
2806 5301 3075 5355 duntaxat
3120 5304 3246 5367 post
3293 5309 3412 5347 maz-

1824 5413 1994 5471 gnum
2044 5411 2337 5452 numerum
2378 5396 2727 5461 saeculorum,
2760 5406 2959 5448 vocare
3000 5396 3190 5460 gentes
3235 5385 3411 5440 incoe-

1825 5492 1969 5564 perit
2002 5510 2015 5546 :
2047 5499 2166 5546 tum
2197 5491 2303 5545 alia
2334 5488 2581 5561 ejusdem
2613 5486 2850 5559 generis,
2875 5498 2996 5556 quae
3026 5494 3242 5536 arcanae
3263 5478 3410 5533 illius

123 5592 409 5665 theologia:
444 5593 665 5666 propria
702 5602 854 5658 sunt,
911 5609 1143 5664 qumque
1187 5592 1255 5646 ad
1297 5591 1453 5646 illum
1488 5598 1743 5662 spectant
1768 5596 2073 5645 tractemus
2110 5608 2121 5642 :
2169 5588 2321 5654 item,
2377 5600 2485 5657 qua
2539 5584 2757 5639 ratione
2789 5582 2882 5637 ille
2905 5580 3071 5635 homo
3104 5576 3282 5669 l'actus
3315 5574 3408 5669 sit,

126 5700 245 5755 quae
273 5701 409 5742 sane
459 5687 627 5741 etiam
680 5686 858 5756 prima
891 5685 1135 5741 omnium
1178 5698 1322 5738 novo
1351 5682 1589 5754 quodam
1632 5690 1918 5755 assumpto
1971 5680 2219 5745 exordio,
2270 5678 2429 5751 quasi
2452 5675 2520 5734 ad
2579 5676 2832 5732 homines
2875 5668 3190 5728 incredulos
3229 5668 3411 5738 ipsa

128 5779 219 5838 Dei
261 5782 490 5837 verbum
527 5782 868 5847 invocantes,
921 5789 984 5835 ut
1027 5798 1129 5837 nos
1180 5781 1421 5851 adjuvet,
1459 5794 1559 5850 age
1604 5780 1717 5851 jam
1753 5780 2189 5838 consideremus.

192 5894 235 5926 "
271 5893 473 5952 Ezech.
508 5891 846 5960 xtv.21,22.
924 5895 968 5928 ⁸⁸
1002 5892 1199 5952 Ezech.
1236 5909 1367 5956 xxx.
1417 5891 1611 5949 36-38.
