3828 6216
82 364 177 422 165

954 344 1646 420 ὀειιοιιετιιΑτιοΝιε
1684 362 2148 422 svanceuczs
2185 364 2313 422 LIB.
2355 365 2443 422 ιιι.

3261 371 3362 427 166

76 484 220 544 ὅπως
243 482 297 536 οἱ
333 481 612 555 προφῆται
639 482 738 554 τὴν
762 481 855 535 τοῦ
882 482 1213 553 Εὐαγγελίου
1245 484 1464 557 μνήμην
1481 484 1571 538 ἐπὶ
1592 482 1686 538 τοῦ
1715 496 1765 554 Α
1793 485 1869 541 illi
1906 484 2003 541 uni
2034 502 2058 558 p

1793 485 1869 541 illi
1906 484 2003 541 uni
2034 501 2199 558 posse
2242 486 2677 553 accommodari,
2702 501 2767 543 ex
2798 490 3009 545 eventis
3040 488 3363 545 certissimis

76 573 312 645 Χριστοῦ
337 573 778 646 παρελάμϐανον.

1784 578 1897 647 jam
1943 579 2056 649 jam
2108 579 2608 650 comprobabimus,
2669 578 2738 641 si,
2794 579 2939 651 quod
2990 581 3361 636 necessarium

74 676 176 730 est,
210 667 368 737 prius
392 667 524 722 illud
554 667 904 740 contemplati
927 670 1157 736 erimus,
1188 671 1654 765 quemadmodum
1704 678 1983 746 propheta:
2015 674 2294 746 evangelii
2325 673 2658 730 mentionem
2711 673 2768 729 in
2817 673 3039 731 Christo
3071 692 3181 731 non
3224 690 3363 745 μνέες

78 761 448 817 termiserint.

72 876 274 942 Ὅπως
307 875 694 951 οἱᾼπρορῇται
732 876 983 951 τὴν-τοῦ
1004 881 1378 950 Εὐαγγελίου
1426 879 1672 951 μνήμην

354 947 455 1000 ἐπὶ
492 946 598 1001 τοῦ
625 949 887 1016 Χριστοῦ
917 946 1401 1021 παρελάμϐανον.

142 1040 219 1091 A'.
263 1056 283 1090 ι
321 1038 429 1092 Τοῦ
469 1040 800 1111 δηλωθέντος
840 1044 1052 1115 μάρτυς
1081 1044 1147 1098 ἂν
1190 1044 1276 1117 εἴη
1310 1046 1549 1117 ῥήμασιν
1573 1043 1673 1098 αύ-

68 1132 178 1192 τεῖς
218 1130 475 1195 Ἡσαΐας,
518 1132 582 1184 ἐκ
619 1132 915 1203 προσώπου
954 1134 1049 1187 τοῦ
1077 1135 1316 1208 Χριστοῦ
1361 1134 1669 1208 κεκραγώς

71 1240 90 1270 ι
125 1221 355 1291 Πνεῦμα
381 1223 589 1293 Κυρίου
611 1224 700 1278 ἐπ’
724 1225 846 1293 ἐμὲ,
868 1217 930 1278 οὗ
952 1226 1158 1280 εἵνεκεν
1191 1226 1374 1299 έχρισέ
1403 1243 1490 1298 με·
1516 1228 1677 1296 εύαγ-

65 1312 388 1378 γελίσασθαι
417 1319 652 1387 πτωχοῖς
678 1318 986 1372 ἀπέσταλκέ
1023 1336 1111 1389 με,
1142 1320 1373 1391 κηρύξαι
1393 1319 1672 1392 αἰχμαλώ-

66 1420 182 1468 τοις
210 1407 434 1475 ἄφεσιν,
476 1409 571 1462 καὶ
602 1409 822 1478 τυφλοῖς
862 1410 1179 1481 ἁνάὄλεψιν·
1220 1431 1238 1464 ›
1268 1413 1335 1483 ἥν
1364 1430 1487 1467 τινα
1537 1430 1671 1485 προ-

66 1498 302 1567 φητείαν
324 1501 356 1552 6
384 1500 578 1572 Σωτὴρ
602 1501 762 1572 ἡμῶν
792 1504 848 1555 ὲν
868 1505 935 1575 τῇ
968 1496 1258 1575 συναγωγῇ
1285 1505 1417 1558 ποτὲ
1444 1503 1667 1558 διελθὼν

63 1587 157 1639 ἐπὶ
194 1587 292 1640 τοῦ
348 1588 588 1660 πλήθους
621 1591 729 1645 τῶν
769 1592 1057 1656 Ἰουδαίων,
1120 1593 1328 1658 πτύξας
1372 1593 1433 1646 τὸ
1462 1592 1663 1663 βιϐλίον

61 1677 186 1734 εἶπε
208 1696 223 1709 ·
266 1702 285 1733 ι
319 1683 569 1755 Σήμερον
610 1685 970 1758 πεπλήρωται
998 1688 1030 1758 ὴ
1062 1688 1253 1761 Γραφὴ
1283 1688 1422 1758 αῦτη
1455 1688 1512 1739 ὲν
1552 1689 1665 1749 τοῖς

1783 878 1937 946 Quod
1968 879 2232 949 prophetae
2261 878 2319 932 in
2347 878 2460 947 ipso
2492 877 2703 961 Christo
2735 877 3010 961 Evangelii
3046 883 3360 939 mentionem

2369 959 2775 1017 assumpserint.

1849 1037 1888 1092 l.
1928 1038 2176 1109 Hujusce
2206 1039 2460 1094 veritatis
2507 1040 2666 1094 testis
2697 1040 2765 1094 ad
2793 1040 3017 1096 verbum
3058 1042 3128 1097 sit
3156 1042 3358 1108 Isaias,

1778 1129 1871 1199 qui
1907 1145 1973 1184 ex
2019 1144 2254 1199 persona
2286 1128 2493 1184 Christi
2543 1131 2765 1197 clamat,
2804 1149 2823 1182 ι
2862 1130 3104 1201 Spiritus
3145 1132 3358 1189 Domini

1779 1236 1946 1292 super
1979 1238 2086 1285 me,
2134 1214 2359 1292 propter
2407 1221 2554 1292 quod
2600 1223 2760 1276 unxit
2807 1238 2930 1278 me:
2970 1223 3361 1295 Evangelizare

1779 1314 2114 1384 pauperibus
2147 1313 2293 1367 misit
2328 1328 2447 1376 me,
2478 1314 2777 1382 praedicare
2805 1315 3038 1384 captivis
3077 1317 3359 1372 remissio-
3413 1389 3418 1393 _

1777 1422 1925 1465 nem.
1950 1413 2003 1460 et
2046 1405 2207 1460 caecis
2243 1406 2422 1460 visum
2451 1405 2496 1437 ⁸⁹
2525 1422 2539 1460 :
2586 1425 2604 1457 ι
2642 1421 2806 1475 quam
2854 1422 2986 1462 sane
3018 1408 3358 1478 prophetiam

1779 1495 2031 1551 Salvator
2064 1506 2251 1552 noster
2282 1498 2445 1558 olim,
2474 1498 2527 1551 in
2551 1507 2826 1553 conventu
2862 1500 3003 1569 apud
3049 1500 3357 1555 ιιιιιΙιὶιιιιιί-

1772 1606 1895 1644 nem
1955 1588 2267 1644 Judzeorum
2308 1605 2434 1644 cum
2472 1591 2711 1661 legisset,
2756 1592 3066 1663 librumque
3104 1600 3226 1663 post
3266 1594 3347 1649 leo

1771 1682 2010 1736 ctionem
2037 1681 2343 1752 plicuisset,
2375 1681 2455 1737 sic
2479 1683 2695 1737 locutus
2723 1690 2807 1737 est
2838 1701 2851 1736 :
2890 1701 2908 1733 ι
2947 1682 3106 1737 hodie
3133 1684 3355 1754 impleta

61 1776 201 1828 ὠσίν
229 1775 410 1847 ὑμῶν,
452 1796 471 1829 ι
510 1778 605 1830 καὶ
638 1778 702 1848 δὴ
742 1778 955 1832 ἐνθένδε
994 1777 1299 1850 ἁρξὰμινος
1334 1779 1436 1846 τῆς
1461 1778 1665 1841 οἰκείας
1702 1806 1741 1861 Β
1770 1783 1855 1831 est
1909 1776 2058 1844 scrip

1770 1783 1855 1831 est
1909 1776 2186 1844 scriptura
2226 1774 2343 1829 haec
2397 1774 2455 1827 in
2507 1773 2735 1828 auribus
2778 1774 2977 1829 vestris
3013 1774 3081 1839 ",
3117 1793 3136 1826 ›
3182 1777 3355 1845 proti-

60 1867 418 1933 διδασκαλίας
462 1873 698 1940 πτωχοῖς
743 1871 1125 1943 εὐηγγελίζετο
1176 1871 1286 1924 τῶν
1338 1872 1468 1943 παρ’
1517 1871 1668 1943 αύτῷ

63 1961 467 2032 μακαρισμῶν,
508 1963 858 2033 προτάττων”
898 1982 916 2013 ι
956 1964 1232 2034 Μακάριοι
1264 1965 1311 2016 οἱ
1345 1966 1553 2035 πτωχοὶ
1590 1964 1669 2036 τῷ

60 2053 364 2123 πνεύματι,
405 2054 489 2107 ὅτι
509 2053 690 2107 αὐτῶν
718 2056 865 2107 ἐστιν
896 2054 1199 2125 ήβασιλεία
1220 2055 1330 2109 τῶν
1363 2056 1661 2127 οὐρανῶν.»

69 2146 240 2199 Ἀλλὰ
268 2147 367 2199 καὶ
398 2149 510 2210 τοῖς
535 2146 640 2199 ὑπὸ
669 2147 993 2217 πνευμάτων
1022 2147 1272 2219 πονηρῶν
1299 2148 1664 2221 ὀχλουμένοις,

56 2240 167 2293 ὑπό
200 2258 260 2293 τε
283 2239 558 2309 δαιμόνων
586 2239 787 2310 τρόπον
808 2239 1172 2309 αἰχμαλώτων
1204 2241 1370 2328 πάλαι
1404 2242 1667 2313 πρότερον

55 2332 525 2403 κεκρατημένοις,
559 2331 658 2401 τὴν
684 2332 879 2400 ἄφεσιν
902 2334 1273 2403 προεκήρυττε
1302 2334 1428 2396 τοὺς
1460 2332 1668 2397 πάντας

53 2420 136 2482 εἰς
168 2418 493 2490 ἐλευθερίαν
516 2419 610 2470 καὶ
638 2417 791 2470 λύσιν
818 2416 928 2471 τῶν
958 2418 1067 2471 ἀπὸ
1089 2418 1286 2481 κακίας
1308 2417 1520 2488 δεσμῶν
1538 2418 1667 2471 ἀνα·

53 2510 425 2581 καλούμενος,
469 2510 535 2563 δι’
563 2504 639 2564 ῶν
682 2510 940 2579 ἔφασκεν*
976 2530 994 2560 ‹
1033 2510 1198 2564 Δεῦτε
1232 2511 1369 2583 πρός
1426 2528 1494 2581 με
1529 2510 1666 2564 πάν-

53 2620 150 2667 τες
178 2606 230 2657 οἱ
264 2602 569 2666 κοπιῶντες
589 2604 683 2656 καὶ
716 2604 1160 2673 πεφορτισμένοι,
1186 2603 1341 2672 κάγὼ
1364 2602 1666 2657 ἀναπαύσω

52 2698 229 2767 ὑμᾶς.
278 2715 298 2747 ι
328 2698 441 2748 Καὶ
472 2694 690 2764 τυφλοῖς
722 2694 777 2748 δὲ
824 2696 923 2768 τὴν
951 2696 1245 2765 ἀνάϐλεψιν
1276 2699 1525 2767 παρεῖχε,
1551 2699 1665 2759 τοῖς

52 2788 157 2850 τὰς
192 2786 354 2855 ὖψεις
384 2784 477 2837 τοῦ
514 2782 765 2854 σώματος
796 2783 1211 2855 διεφθαρμένοις
1242 2782 1303 2835 τὸ
1327 2782 1543 2853 βλέπειν
1563 2783 1666 2836 δωοι

56 2878 356 2949 ρούμενος,
378 2876 520 2930 κατὰ
544 2877 784 2930 διάνοιαν
804 2879 915 2939 τοῖς
940 2876 1107 2930 πάλαι
1136 2876 1265 2947 περὶ
1288 2875 1385 2945 τὴν
1406 2875 1664 2946 ἀλήθειαν

52 2971 434 3025 ἀναϐλέπουσι
459 2970 559 3039 (l),
591 2970 652 3021 τὸ
690 2969 804 3039 φῶς
835 2970 934 3038 τῆς
973 2967 1205 3039 ἀληθοῦς
1244 2968 1526 3032 εύσεὸείας
1558 2984 1663 3020 πα-

55 3063 240 3133 ρέχων
275 3063 431 3132 ὀρᾷν.
474 3061 579 3113 Τὸν
612 3060 710 3130 μὲν
734 3056 826 3113 οὗν
848 3058 1083 3130 Χριστὸν
1116 3060 1173 3110 ἐν
1205 3056 1443 3128 πρώτοις
1480 3057 1663 3111 αὐθέν-

1770 1884 1983 1938 nusque
2014 1868 2140 1921 hinc
2165 1882 2323 1924 suam
2363 1866 2671 1922 doctrinam
2713 1881 2943 1922 exorsus
2978 1868 3353 1938 evangelizare

1768 1962 1935 2031 erepit
1979 1960 2348 2030 pauperibus,
2392 1973 2489 2015 eos
2543 1960 2597 2012 in
2647 1959 3124 2013 commendatione
3168 1960 3355 2014 beato-

1766 2053 2009 2123 rum,qui
2051 2052 2194 2122 apud
2227 2068 2285 2107 se
2329 2052 2497 2107 futuri
2537 2054 2683 2116 siut,
2716 2052 2941 2123 reliquis
2970 2060 3350 2121 anteponens:

1773 2166 1792 2198 ι
1830 2146 2005 2212 Beati,
2032 2148 2228 2217 inquit,
2262 2162 2535 2217 pauperes
2566 2148 2783 2216 spiritu,
2818 2147 3075 2217 quoniam
3107 2148 3349 2217 ipsorum

1766 2250 1851 2294 est
1881 2254 2107 2309 regnum
2135 2239 2401 2293 ctelorum
2434 2240 2500 2293 θ’.
2535 2258 2553 2290 ι
2588 2238 2660 2293 lis
2693 2248 2952 2309 prazterea
2995 2239 3089 2309 qui
3127 2254 3158 2292 a
3191 2240 3352 2296 malis

1767 2331 2053 2401 spiritibus
2081 2338 2431 2392 vexarentur,
2459 2331 2662 2401 quique
2708 2346 2737 2384 a
2772 2330 3144 2393 dzemouibus,
3175 2331 3352 2401 capti-

1765 2437 1960 2477 vorum
2007 2423 2203 2488 instar,
2247 2421 2360 2492 jam
2413 2422 2508 2476 diu
2561 2430 2912 2486 tenerentur,
2972 2421 3348 2477 dimissionem

1768 2519 1895 2566 ante
1928 2511 2220 2578 nuntiavit,
2249 2525 2443 2566 omnes
2474 2509 2541 2564 ad
2576 2512 2886 2567 libertatem
2924 2518 2978 2565 et
3019 2511 3348 2566 solutionem

1766 2618 1797 2656 a
1828 2603 2049 2657 malitia:
2091 2602 2328 2658 vinculis
2369 2602 2631 2666 invitans,
2679 2602 2863 2656 verbis
2907 2602 3061 2657 illis:
3110 2620 3130 2653 ι
3168 2604 3350 2658 venite

1768 2695 1834 2749 ad
1864 2710 1971 2760 me,
2005 2709 2200 2755 omnes
2222 2694 2318 2765 qui
2364 2694 2627 2749 laboratis
2668 2702 2722 2748 et
2751 2695 2962 2748 onerati
2989 2695 3144 2759 estis,
3172 2702 3226 2750 et
3247 2710 3349 2765 ego

1765 2787 2007 2840 reﬁciam
2042 2801 2138 2841 vos
2165 2787 2232 2839 ⁹².
2282 2804 2300 2837 ι
2340 2785 2514 2840 Ctecis
2542 2802 2694 2850 vero,
2715 2787 2809 2856 qui
2833 2800 3128 2855 corporeos
3157 2788 3349 2841 oculos

1769 2877 2033 2932 haberent
2058 2886 2366 2946 corruptos,
2405 2878 2773 2948 integritatem
2802 2877 3132 2945 restituens,
3162 2878 3343 2933 visum

1767 2970 2001 3040 largitus
2028 2985 2135 3033 εει,
2174 2979 2233 3023 ιιι
2269 2969 2349 3025 sic
2374 2969 2729 3039 signiﬁcaret,
2759 2983 2818 3023 se
2842 2971 2908 3024 iis
2932 2972 3024 3039 qui
3048 2971 3177 3023 olim
3200 2969 3348 3024 veri-

1765 3069 1930 3117 tatem
1954 3077 2143 3132 parum
2174 3060 2537 3123 intuerentur,
2568 3062 2828 3115 virtutem
2858 3075 2965 3130 qua
2992 3061 3174 3116 lumen
3204 3075 3349 3117 vera:

51 3171 156 3221 την
195 3153 298 3206 καὶ
340 3151 584 3223 ἀρχηγὸν
616 3150 834 3203 ἔσεσθαι
864 3150 964 3219 τῆς
1006 3146 1366 3216 εὐαγγελικῆς
1400 3165 1660 3220 πραγμα-
1686 3154 1728 3211 C
1764 3155 1981 3225 pietatis
2016 3170 2058 3209 ι’(

1768 3155 1981 3225 pietatis
2016 3154 2372 3224 respicerent,
2404 3169 2654 3224 erogare.
2684 3152 2964 3208 Christum
2996 3167 3127 3223 ergo
3154 3152 3209 3207 in
3235 3154 3346 3223 pri-

50 3245 209 3307 vata;
235 3246 273 3314 ἡ
314 3240 686 3313 παρατεθεῖσα
716 3240 1020 3311 προφητεία
1069 3238 1384 3309 παρίστησι.
1417 3240 1569 3292 Μετὰ
1601 3240 1659 3293 δὲ

50 3335 224 3387 αὐτὸν
261 3334 366 3404 τῆς
395 3332 567 3402 αὐτῆς
606 3330 912 3392 ὑποθέσεως
953 3329 1232 3398 ὑπηρέτας
1277 3326 1493 3381 ἔσεσθαι
1533 3329 1660 3392 τοὺς

50 3424 226 3478 αὐτοῦ
282 3422 533 3495 μαθητὰς
577 3420 822 3484 θεσπίζει
859 3422 888 3472 6
917 3419 1078 3481 αὑτὸς
1108 3418 1281 3485 λέγων
1339 3420 1655 3490 προφήτης·

55 3538 77 3567 ι
134 3517 228 3579 Ὦς
262 3515 459 3586 ὡραῖοι
488 3515 538 3566 οἱ
569 3513 726 3574 πόδες
755 3511 864 3563 τῶν
916 3509 1421 3579 εὒαγγελιζομένων
1453 3509 1655 3578 ἀγαθὰ,

48 3610 85 3678 ἦ
135 3607 247 3661 τῶν
290 3605 795 3676 εὐαγγελιζομένων
846 3604 1093 3674 εἰρήνην.
1151 3622 1170 3653 ι
1229 3602 1397 3655 Ἔνθα
1459 3603 1659 3673 σφόδρα

49 3698 545 3770 ἀπηκριϐωμένως
576 3696 812 3768 ὡραίους
843 3694 1043 3765 ἔφησεν
1074 3693 1291 3747 ἔσεσθαι
1334 3695 1461 3758 τοὺς
1497 3694 1660 3758 πόδας

49 3794 165 3845 τῶν
204 3791 720 3861 εὐαγγελιζομένων
770 3788 839 3841 τὰ
885 3784 981 3841 τοῦ
1024 3787 1261 3858 Χριστοῦ
1293 3786 1494 3855 ἀγαθὰ,
1542 3786 1660 3851 πῶς

48 3887 155 3938 οὐκ
193 3884 427 3954 ἔμελλον
457 3883 650 3953 ὡραῖοι
683 3881 924 3944 ἔσεσθαι,
958 3880 1008 3932 oi
1042 3879 1100 3931 ὲν
1125 3878 1296 3951 ὀλίγῳ
1334 3880 1429 3933 καὶ
1468 3878 1661 3951 βραχεί

52 3978 240 4046 χρόνῳ
287 3977 391 4047 τὴν
438 3977 618 4028 πᾶσαν
656 3971 1154 4043 περιδραμούμενοι
1183 3971 1528 4043 οἰκουμένην,
1564 3972 1659 4025 καὶ

51 4070 241 4122 πάντα
272 4068 442 4120 τόπον
476 4065 865 4137 πληρώσαντες
890 4065 987 4135 τῆς
1008 4065 1137 4137 περὶ
1162 4064 1257 4118 τοῦ
1289 4066 1539 4138 Σωτῆρος
1563 4065 1657 4119 τοῦ

51 4162 273 4231 κόσμου
311 4158 600 4222 θεωεὸοῦς
619 4156 1007 4222 διδασκαλίαςς
1060 4158 1182 4209 ’Ότι
1212 4156 1270 4210 δὲ
1306 4158 1380 4229 μὴ
1422 4159 1657 4229 ῥήμασιν

50 4254 434 4325 ἀνθρωπίνοις
465 4253 762 4323 ἐκέχρηντο
799 4252 879 4313 είς
914 4248 1087 4303 πειθὼ
1117 4250 1225 4303 τῶν
1267 4250 1655 4321 ἀκροωμένων,

50 4346 194 4399 Θεοῦ
224 4346 285 4400 δὲ
320 4345 549 4415 δύναμις
578 4340 646 4414 ἦν
673 4345 707 4413 ἡ
739 4340 1076 4412 συνεργοῦσα
1097 4342 1280 4405 αὐτοῖς
1313 4342 1370 4394 ὲν
1398 4341 1476 4411 τῷ
1497 4341 1658 4409 εὐαγ-

48 4440 266 4510 γελικῷ
301 4437 641 4508 κηρύγματι,
674 4435 832 4498 ἄλλος
861 4434 1024 4487 πάλιν
1048 4435 1333 4505 προφήτης
1363 4433 1651 4502 ἀναφωνεί·

56 4551 79 4583 σ
122 4531 342 4602 Κύριος
372 4527 533 4581 δώσει
569 4527 720 4599 ῥῆμα
742 4529 856 4589 τοῖς
896 4523 1399 4594 εὐαγγελιζομένοις
1431 4523 1657 4594 δυνάμει

46 4625 254 4696 πολλῇ.
295 4642 317 4675 ι
354 4622 467 4675 Καὶ
517 4620 677 4674 πάλιν
705 4622 734 4673 6
778 4619 1024 4682 Ἡσαΐας·
1065 4636 1084 4668 ι
1136 4618 1253 4669 Ἐπ’
1300 4616 1425 4687 ὅρος
1459 4615 1659 4687 ὑψηλὸν

46 4716 304 4788 ἀνάϐηθι
338 4717 367 4768 6
410 4712 920 4783 εὐαγγελιζόμενος,
973 4708 1133 4773 Σιὼν,
1169 4708 1384 4779 ῦψωσον
1414 4710 1480 4779 τῇ
1515 4708 1660 4778 ίσχύῖ

47 4811 158 4880 τὴν
182 4809 377 4878 φωνήν
412 4823 505 4859 σου
527 4807 555 4858 ὁ
590 4802 1076 4873 εὐαγγελιζόμενος
1114 4799 1486 4871 Ἰερουσαλήμ·
1513 4800 1661 4869 {adat-3-

52 4916 221 4962 σατε,
260 4898 340 4970 μὴ
370 4894 644 4965 φοϐεῖσθε,
672 4895 825 4948 εἰπὸν
873 4895 995 4956 ταῖς
1029 4890 1254 4970 πόλεσιν.
1310 4889 1499 4951 Ἰούδα,
1549 4890 1658 4942 ἰδοὺ

48 4997 85 5045 6
115 4968 271 5055 Θεὸς
292 4989 472 5060 ὑμῶν,
511 4988 622 5041 ἰδοὺ
654 4986 862 5058 Κύριος
894 4983 1031 5056 μετὰ
1066 4968 1255 5053 ἰσχύος
1292 4981 1528 5053 ἔρχεται,
1565 4982 1659 5035 καὶ

50 5087 89 5137 6
126 5082 378 5153 βραχίων
422 5080 561 5152 μετὰ
605 5078 819 5148 κυρίας’
870 5076 978 5129 ἰδοὺ
1022 5077 1051 5127 6
1094 5073 1281 5145 μισθὸς
1324 5073 1488 5126 αὺτοῦ
1541 5074 1657 5142 μετ’

54 5173 259 5235 αὐτοῦ,
289 5173 389 5225 καὶ
419 5172 482 5224 τὸ
522 5170 681 5243 ἔργον
726 5168 892 5223 αὐτοῦ
928 5169 1168 5220 ἐναντίον
1201 5165 1385 5219 αὐτοῦ’
1430 5165 1505 5228 ὡς
1542 5182 1661 5218 ποι-

64 5267 179 5336 μὴν
211 5266 471 5334 ποιμανεῖ
496 5262 558 5316 τὸ
590 5263 839 5332 ποίμνιον
867 5260 1052 5320 αὐτοῦ,
1093 5259 1187 5311 καὶ
1216 5259 1270 5310 ὲν
1301 5255 1381 5326 τῷ
1417 5257 1658 5329 βραχίονι

58 5361 235 5414 αὑτοῦ
284 5358 507 5424 συνάξει
547 5359 739 5429 ἄρνας,
770 5357 865 5410 καὶ
893 5356 951 5407 ὲν
982 5355 1180 5424 γαστρί⁹
1224 5351 1451 5421 ἐχούσας
1483 5367 1660 5422 παρα-

60 5453 313 5505 καλέσει.
370 5470 389 5502 ι
438 5450 622 5505 Ταῦτα
684 5449 742 5503 δὲ
786 5450 974 5502 ὁποίαν
1014 5449 1197 5519 ἔχεται
1244 5447 1504 5510 διάνοιαν,
1555 5444 1659 5515 6δῴ

137 5613 180 5643 ³³
215 5610 322 5666 lsa.
358 5623 470 5669 ut,
508 5607 559 5660 l.
635 5608 682 5643 ⁸ο
715 5606 845 5661 Luc.
892 5620 967 5669 IV,
1010 5604 1097 5659 l8.
1169 5605 1213 5636 ⁹¹
1252 5602 1443 5657 Matth.
1477 5619 1527 5667 v,
1558 5600 1609 5655 3.
1690 5599 1734 5631 ⁹²
1766 5596 1956 5651 Matth.
1991 5610 2058 5662 ιι,

1768 5596 1956 5651 Matth.
1991 5610 2067 5662 ιι,
2111 5594 2201 5648 28.
2278 5592 2324 5625 ”
2362 5588 2467 5647 lsa.
2518 5605 2615 5657 ut,
2647 5588 2702 5645 7.

64 5685 118 5715 ⁸⁵
156 5684 259 5737 lea.
299 5693 387 5738 ιιι.
416 5676 568 5732 9ου.

149 5839 224 5907 ιι)
260 5834 540 5906 lnterpres
560 5831 712 5904 legit,
744 5831 1044 5901 ὰναπήροις
1074 5824 1214 5882 οὖσι.

1763 3247 1869 3302 mis
1910 3256 2187 3301 auctorem
2221 3254 2277 3301 et
2310 3246 2504 3301 ducem
2546 3244 2792 3299 futurum
2825 3244 3006 3299 omnis
3053 3245 3348 3314 provincia

1762 3339 2113 3409 evangelicae,
2146 3354 2208 3393 ea
2250 3353 2371 3409 quae
2405 3338 2653 3408 exposita
2693 3344 2797 3399 est,
2848 3337 3133 3408 prophetia
3163 3338 3349 3393 decla-

1762 3441 1866 3484 rat.
1893 3430 1959 3482 At
1993 3437 2117 3499 post
2143 3430 2295 3482 illum
2326 3428 2571 3497 ejusdem
2611 3428 2879 3497 propositi
2911 3428 3196 3484 ministros
3227 3429 3347 3484 fore

1762 3521 1910 3577 illius
1982 3522 2313 3592 discipulos,
2376 3520 2519 3575 idem
2587 3502 2853 3590 propheta
2902 3521 3051 3577 canit
3081 3521 3271 3576 dicens
3326 3532 3341 3570 :

1760 3614 1912 3685 89¢
1949 3613 2123 3680 Quam
2150 3613 2384 3683 speciosi
2429 3612 2594 3683 pedes
2647 3600 3139 3683 evangelizantium
3197 3610 3345 3665 bona

1762 3722 1926 3777 quam
1971 3705 2472 3776 evangelizantium
2520 3718 2707 3774 pacem
2728 3703 2794 3757 “.
2824 3697 2969 3758 )Ubi
2996 3702 3155 3759 valde
3178 3716 3347 3756 accu-

1760 3806 1880 3853 rate
1937 3797 2218 3867 speciosos
2271 3796 2410 3851 dixit
2458 3794 2577 3850 fore
2623 3794 2789 3865 pedes
2846 3792 3344 3864 evangelizantium

1760 3886 1903 3940 bona
1935 3886 2161 3948 Christi,
2212 3887 2305 3956 qui
2334 3885 2481 3940 enim
2515 3885 2749 3954 speciosi
2794 3882 2965 3938 futuri
3016 3898 3126 3937 non
3163 3890 3343 3945 erant,

1762 3978 1854 4047 qui
1886 3978 1941 4031 in
1969 3978 2165 4047 exiguo
2198 3978 2459 4047 brevique
2487 3985 2732 4046 tempore
2764 3982 2938 4029 totum
2962 3974 3151 4029 orbem
3185 3982 3347 4029 erant

1762 4069 2104 4141 percursuri,
2135 4079 2188 4123 et
2225 4084 2443 4123 omnem
2483 4069 2663 4124 locum
2696 4077 2885 4123 sancta
2927 4067 3021 4120 illa
3051 4065 3119 4121 de
3153 4065 3346 4120 Salva-

1760 4169 1880 4216 tore
1906 4161 2091 4215 llllllldi
2116 4160 2366 4214 doctrina
2396 4159 2716 4229 impleturi?
2749 4157 2906 4223 Quod
2942 4164 3128 4211 autem
3158 4156 3349 4210 huma-

1759 4251 1846 4306 nis
1868 4251 2055 4305 verbis
2089 4266 2196 4303 non
2228 4257 2513 4304 uterentur
2544 4250 2612 4303 ad
2643 4248 3081 4319 persuadendqu
3114 4246 3346 4299 audien-

1760 4343 1932 4404 tibus,
1968 4342 2063 4397 sed
2095 4341 2184 4396 Dei
2220 4342 2395 4395 virtus
2433 4348 2581 4396 esset
2614 4357 2736 4410 qua:
2781 4355 2906 4394 cum
2948 4340 3057 4393 illis
3084 4337 3342 4399 faciebat,

1761 4436 1891 4491 dum
1926 4433 2279 4504 Evangelium
2333 4432 2713 4503 prtedicarent,
2745 4432 2886 4486 alius
2920 4446 3115 4485 rursus
3143 4429 3346 4483 clamat

1763 4527 2027 4598 propheta
2064 4545 2077 4579 :
2115 4544 2134 4577 ι
2174 4524 2440 4581 Dominus
2471 4524 2623 4578 dabit
2660 4524 2888 4576 verbum
2916 4519 3343 4591 evangelizanti-

1763 4619 1868 4674 bus
1912 4618 2113 4672 virtute
2152 4618 2385 4671 multa“
2418 4635 2433 4682 ;
2467 4636 2485 4668 ›
2529 4624 2583 4669 et
2628 4630 2821 4670 rursus
2861 4613 3051 4668 Isaias.
3100 4630 3118 4661 ι
3168 4608 3346 4676 Super

1764 4719 2004 4764 montem
2057 4707 2334 4763 excelsum
2380 4705 2614 4761 ascende
2651 4705 2742 4774 qui
2788 4701 3134 4772 evangelizas
3176 4697 3344 4765 Sion;

1763 4801 1963 4856 extolle
1993 4807 2258 4871 quantum
2290 4808 2443 4868 potes
2467 4812 2655 4853 vocem
2682 4804 2833 4850 tuam
2874 4793 2968 4863 qui
2999 4790 3344 4861 evangelizas

1765 4892 2103 4948 Hierusalem
2139 4906 2154 4943 :
2197 4890 2474 4952 extolllte,
2526 4904 2597 4944 ne
2641 4889 2860 4953 timete;
2894 4885 2984 4940 dic
3029 4881 3345 4938 civitatibus

1764 4986 1925 5048 Juda,
1957 5001 2085 5041 ecce
2120 4983 2262 5038 Deus
2288 4990 2490 5046 vester,
2524 4995 2653 5036 ecce
2695 4978 2961 5033 Dominus
2990 4990 3114 5031 cum
3146 4973 3345 5028 robore

1763 5078 1934 5142 venit,
1954 5084 2009 5130 et
2031 5075 2317 5129 brachium
2338 5089 2464 5127 cum
2498 5080 2765 5142 potestate
2789 5089 2802 5123 2
2832 5082 2961 5124 ecce
2982 5081 3192 5121 merces
3223 5064 3345 5134 ejus

1765 5185 1888 5225 cum
1920 5184 2005 5231 eo,
2047 5177 2101 5222 et
2128 5182 2266 5236 opus
2294 5164 2414 5234 ejus
2445 5178 2627 5219 coram
2665 5163 2784 5232 ipso
2819 5180 2832 5215 :
2863 5166 3124 5230 tanquam
3154 5164 3345 5227 pastor

1764 5268 1954 5332 pascet
1985 5273 2198 5330 gregem
2236 5272 2418 5320 suum,
2450 5264 2505 5309 et
2535 5254 2589 5307 in
2613 5251 2839 5308 brachio
2867 5264 2968 5306 suo
2994 5247 3346 5319 congregablt

1768 5368 1961 5424 agnos,
1985 5358 2039 5405 et
2064 5364 2159 5405 eas
2187 5364 2308 5419 qua:
2327 5348 2381 5402 in
2410 5356 2569 5402 utero
2596 5344 2822 5407 habent,
2841 5340 3337 5398 consolahitur”.i

1768 5445 2035 5500 Caeterum
2072 5440 2185 5495 haec
2228 5453 2466 5510 quonam
2499 5451 2665 5493 sensu
2709 5431 3025 5504 accipienda
3058 5430 3187 5496 sint,
3216 5444 3344 5499 pro-

2797 5586 2843 5619 “
2870 5583 3014 5641 Psal.
3046 5597 3215 5647 mu,
3248 5579 3339 5635 12.
