3828 6216
480 341 587 399 167

1118 329 1387 390 EUSEBII
1418 329 1898 388 C/ESARIENSIS
1930 331 2082 389 OPP.
2118 329 2302 386 PARS
2339 329 2405 386 ll.
2444 361 2517 372 —
2556 326 3038 385 APOLOGE‘I‘ICA

3658 311 3759 368 168

479 459 655 530 gressi
703 457 918 529 longius
963 455 1016 509 in
1059 454 1309 510 doctrina
1351 453 1663 524 evangelica
1704 452 2009 509 videbimus
2045 471 2056 507 :

2234 451 2450 513 ιοῖόντες
2483 452 2626 503 κατά
2659 448 2759 520 τὴν
2797 447 3160 526 εὐαγγελικὴν
3204 447 3463 519 εἰσόμεθα
3502 445 3758 506 διδασιαιρ

479 553 699 610 interim
730 549 863 605 illud
893 547 1161 610 constitit,
1185 555 1241 601 et
1268 546 1446 616 ipsum
1480 544 1856 616 Evangelium,
1892 554 1946 599 et
1969 560 2061 599 no-

479 661 602 701 men
657 642 937 713 Evangelii
986 639 1320 711 propheticis
1369 638 1600 693 vocibus
1644 638 2059 709 comprobatum

480 737 649 795 fuisse
674 754 687 789 :
716 736 885 792 habes
917 741 1173 806 prmterea
1202 732 1482 787 evidentes
1511 731 1939 803 perspicuasque
1965 734 2062 789 de-

478 828 924 891 monstrationes,
939 825 1087 881 unde
1111 825 1325 879 initium
1348 831 1495 879 esset
1513 824 2062 896 accepturumEvan-

478 923 702 994 gelium,
740 921 807 974 ab
831 920 950 989 ipso
978 917 1233 973 videlicet
1260 917 1503 982 Christo,
1534 932 1637 973 nec
1667 933 1775 972 non
1798 934 1896 987 per
1918 934 2060 989 quos

481 1012 622 1066 foret
671 1011 1103 1082 pnedicandum,
1140 1027 1239 1082 per
1286 1011 1433 1065 illius
1485 1010 1676 1079 utique
1728 1011 2058 1081 apostolos:

477 1103 575 1159 sed
606 1104 771 1157 etiam
811 1118 918 1173 qua
949 1103 1155 1157 virtute
1177 1110 1326 1156 esset
1361 1108 1770 1171 superaturum,
1804 1116 1912 1154 non
1956 1100 2061 1155 hu-

476 1208 639 1247 mana
686 1194 915 1248 scilicet.
946 1193 1103 1259 Quod
1152 1193 1332 1263 ipsum
1373 1208 1507 1247 sane
1538 1208 1605 1247 ex
1648 1193 1741 1247 illo
1790 1194 2057 1260 constitit,

483 1290 503 1334 ι
541 1283 805 1339 Dominus
834 1283 986 1338 dabit
1031 1284 1260 1338 verbum
1308 1284 1817 1353 evangelizantibus
1858 1284 2061 1339 virtute

476 1377 667 1432 multa.
703 1396 723 1430 ι
759 1376 1047 1447 Reliquum
1080 1378 1375 1448 igiturjam
1413 1384 1518 1441 est,
1551 1385 1613 1430 ut
1632 1393 1701 1432 ex
1730 1379 1918 1433 multis
1941 1394 2062 1449 quae

475 1469 617 1529 apud
654 1467 912 1523 Hebraeos
942 1469 1226 1530 antiquius
1257 1484 1323 1523 ac
1354 1468 1621 1524 remotius
1641 1466 1709 1521 de
1738 1468 1957 1524 Christo
1985 1470 2064 1524 di-

474 1561 659 1617 vinata
693 1570 842 1626 sunt,
879 1576 1051 1631 pauca
1082 1562 1468 1632 anticipemus,
1500 1571 1562 1616 ut
1594 1562 1779 1620 discas
1809 1578 2061 1633 quasnam

474 1652 567 1708 illa
595 1661 803 1714 essent,
841 1668 964 1723 quae
1000 1652 1402 1721 posterioribus
1444 1653 1784 1722 temporibus
1816 1652 2064 1723 Evange-

475 1744 608 1799 lium
638 1745 953 1799 nuntiarent
977 1743 1243 1807 futurum,
1278 1745 1551 1814 simulque
1575 1744 1902 1797 miraculum
1936 1758 2063 1813 pro-

2162 541 2301 593 λίαν·
2349 539 2486 611 πλὴν
2537 538 2673 592 ἀλλά
2728 538 3002 606 πέφανται
3024 538 3087 592 τὸ
3118 538 3472 608 Εὑαγγέλιον,
3506 542 3603 594 καὶ
3635 542 3758 595 τοῦ-

2161 650 2300 703 νομα
2334 633 2390 686 δὲ
2431 631 2525 686 τοῦ
2570 631 2927 701 Εὐαγγελὶου,
2975 630 3065 685 διὰ
3104 632 3212 685 τῶν
3248 634 3607 704 προφητικῶν
3665 653 3760 706 με-

2163 710 2602 797 μαρτυρημένον,
2637 724 2782 795 ἔχεις
2826 742 2887 779 τε
2931 723 3132 789 λευκὰς
3178 723 3273 777 καί¹
3312 725 3568 797 ἐναργεῖς
3618 726 3758 781 ἀπο-

2160 816 2375 883 δείξεις,
2402 818 2465 870 ὲκ
2488 816 2634 881 τίνος
2656 818 2752 889 μὲν
2778 815 3004 889 ἄρξεται
3027 816 3089 870 τδ
3111 816 3460 885 Εὑαγγέλιον,
3488 818 3571 871 ὅτι
3603 817 3677 889 δὴ
3706 821 3762 885 ἐξ

2161 909 2328 963 αὑτοῦ
2357 908 2451 962 τοῦ
2483 909 2744 983 Χριστοῦ,
2779 910 2846 963 δι’
2875 903 2951 963 ὧν
2984 926 3041 963 τε
3074 909 3507 989 κηρυχθήσεται,
3542 911 3630 964 ὅτι
3677 912 3763 965 διὰ

2160 1002 2269 1056 τῶν
2300 1003 2613 1056 ἀποστόλων
2647 1003 2833 1057 αὑτοῦ·
2871 1002 3008 1057 ἀλλά
3049 1004 3142 1057 καὶ
3182 1003 3311 1074 ποίᾳ
3342 1001 3573 1074 δυνάμει
3624 1020 3766 1075 κρα-

2161 1097 2341 1166 τήσει,
2391 1097 2471 1150 ὅτι
2526 1095 2599 1168 μὴ
2643 1096 2982 1169 ἀνθρωπεία.
3021 1096 3086 1150 '0
3131 1095 3196 1166 δὴ
3231 1095 3326 1148 καὶ
3355 1088 3488 1149 αὐτὸ
3524 1097 3763 1168 συνέστη

2161 1190 2251 1243 διά
2280 1189 2397 1253 τοῦ,
2437 1208 2455 1241 ι
2485 1184 2690 1262 Κύριος
2723 1189 2884 1244 δώσει
2913 1191 3065 1263 ῥῆμα
3091 1193 3206 1255 τοῖς
3242 1188 3767 1260 εὐαγγελιζομένοις

2161 1282 2385 1355 δυνάμει
2410 1282 2598 1354 πολλῇ.
2631 1302 2650 1333 ι
2676 1283 2740 1335 Τί
2759 1283 2823 1354 δὴ
2845 1279 2937 1337 οῦν
2967 1283 3211 1337 λείπεται
3238 1283 3330 1335 ἐπὶ
3361 1283 3596 1347 τοῦτοις,
3634 1283 3674 1354 ἦ
3704 1285 3769 1337 ἐκ

2163 1374 2373 1429 πολλῶν
2404 1375 2561 1444 ὀλίγα
2595 1375 2884 1446 προλαϐεῖν
2915 1376 3025 1429 τῶν
3063 1378 3191 1449 παρ’
3239 1375 3513 1449 Ἑϐραίοις
3557 1376 3769 1430 ἀνέκα-

2164 1468 2258 1539 θεν
2288 1467 2535 1541 περὶτοῦ
2558 1467 2799 1541 Χριστοῦ
2835 1470 3357 1539 προφητευομένων;
3393 1468 3472 1533 ὡς
3507 1469 3578 1525 ἂν
3616 1470 3768 1540 εἰδῇς

2161 1561 2283 1614 τίνα
2318 1560 2537 1614 ἔσεσθαι
2559 1554 2622 1614 τὸ
2644 1561 2974 1630 Εὑαγγέλιον
3005 1562 3062 1614 ἐν
3086 1572 3333 1633 υστεροις
3364 1564 3579 1634 καιροῖς
3595 1562 3769 1631 εὐηγ-

2162 1654 2428 1723 γελίζετο,
2462 1654 2597 1725 ὁμοῦ
2627 1671 2688 1707 τε
2728 1654 2836 1707 τῶν
2868 1654 3163 1726 προφητῶν
3193 1650 3255 1707 τὸ
3281 1653 3467 1724 θαῦμα
3514 1653 3623 1723 τῆς
3660 1653 3766 1704 τῶν

2167 1744 2467 1817 μελλόντων
2528 1745 2910 1819 προγνώσεως,
2963 1746 3057 1801 καὶ
3106 1746 3214 1801 τῶν
3263 1746 3637 1818 προρρήσεων
3699 1744 3767 1799 τὰ

476 1836 786 1905 pbetarum,
822 1835 916 1906 qui
952 1834 1177 1905 quidem
1209 1842 1363 1888 tanto
1408 1844 1535 1889 ante
1566 1834 1749 1888 futura
1788 1848 2057 1903 cognove-

2234 1838 2600 1909 τοτελὲσματα,
2639 1840 2789 1903 ὅπως
2842 1840 2935 1892 ἐπὶ
2987 1839 3079 1892 τὸν
3126 1838 3353 1911 Σωτῆρα
3399 1839 3496 1891 καὶ
3553 1836 3765 1910 Κύριον

477 1928 619 1990 rint,
649 1927 891 1995 itemque
929 1925 1181 1994 ipsorum
1228 1925 1578 1978 oraculorum
1608 1928 1824 1988 eventa,
1875 1937 2062 1993 quem-

476 2017 770 2074 admodum
817 2031 880 2072 ea
921 2017 979 2070 in
1012 2014 1298 2070 Salvatore
1331 2023 1384 2070 et
1422 2014 1654 2069 Domino
1685 2023 1878 2069 nostro
1902 2012 2056 2078 Jesu,

477 2112 569 2182 qui
600 2111 854 2166 Christus
883 2116 969 2166 est
999 2109 1113 2177 Dei,
1146 2108 1415 2180 completa
1455 2107 1785 2163 consistant.

477 2224 540 2281 ll.
579 2222 732 2294 Quod
773 2225 837 2280 de
867 2221 1083 2280 Christo
1130 2223 1409 2278 vaticinati
1460 2231 1583 2276 sunt
1631 2221 1898 2291 propheta:
1946 2219 2060 2276 He-

1129 2295 1411 2348 brworuma

541 2390 761 2445 Primus
779 2389 1165 2462 prophetarum
1178 2387 1411 2458 Moyses,
1432 2387 1600 2441 alium
1616 2386 1936 2457 prophetam
1955 2385 2060 2441 sibi

474 2483 712 2540 similem
763 2483 1139 2539 suscitandum
1187 2481 1493 2536 denuntiat.
1544 2480 1656 2550 90
1705 2479 1843 2535 Cum
1908 2479 2060 2534 enim

475 2575 620 2645 leges
642 2574 712 2629 ab
741 2574 861 2645 ipso
886 2573 1079 2644 positae
1105 2572 1206 2628 soli
1239 2570 1481 2627 Judaica:
1509 2573 1655 2643 genti
1680 2571 2057 2636 convenirent,

473 2666 639 2737 idque
670 2668 726 2721 in
767 2673 914 2721 terra
957 2664 1145 2719 Judaaa
1182 2665 1472 2730 duntaxat,
1518 2672 1613 2718 aut
1656 2665 1865 2718 circum
1910 2678 2057 2727 eam,

472 2773 585 2812 non
612 2764 794 2813 autem
819 2757 869 2812 ei
900 2772 1119 2827 quoque
1144 2757 1313 2827 genti,
1351 2771 1474 2826 qua:
1507 2755 1828 2825 longissime
1855 2755 1913 2809 in
1944 2761 2059 2809 ter-

473 2847 553 2903 ris
576 2848 963 2903 remotissimis
992 2847 1238 2920 degeret,
1262 2847 1728 2917 quemadmodum
1750 2862 1817 2901 er
1836 2847 1905 2901 iis
1934 2862 2059 2916 quae

471 2937 627 3008 prius
657 2952 690 2992 a
721 2937 882 2992 nobis
910 2944 1144 2991 tractata
1179 2944 1310 2992 sunt
1339 2936 1599 3007 cognosci
1627 2935 1823 3005 potuit,
1856 2942 1911 2990 et
1931 2952 2059 2992 eum

470 3029 568 3101 qui
602 3039 882 3085 essetnon
913 3029 1091 3084 solum
1125 3026 1463 3092 Judacorum,
1491 3028 1588 3083 sed
1622 3029 1789 3082 etiam
1824 3028 2056 3083 aliarum

473 3120 716 3189 gentium
764 3120 933 3184 Deus,
991 3126 1269 3190 oporteret
1306 3118 1375 3171 ad
1413 3133 1474 3173 se
1523 3118 1967 3187 cognoscendum
2003 3129 2057 3175 et

473 3185 763 3271 colendum
793 3214 919 3268 vitae
946 3185 1231 3268 hominum
1262 3185 1617 3285 suppeditare
1649 3230 1737 3276 ea,
1770 3231 1891 3285 qua:
1919 3230 2058 3269 cun-
2082 3185 2130 3249 ο

473 3310 579 3365 ctis
611 3309 738 3363 item
765 3296 1018 3379 gentibus
1040 3307 1195 3361 utilia
1216 3305 1418 3370 forent,
1449 3307 1645 3361 merito
1679 3308 1909 3361 alterum
1937 3322 2061 3377 pro-

472 3404 717 3475 phetam,
751 3404 845 3473 qui
870 3404 1021 3458 nulla
1049 3402 1104 3455 in
1133 3407 1291 3470 parte
1321 3415 1433 3455 suae
1464 3400 1638 3471 ipsius
1669 3400 1869 3454 rationi
1894 3408 2060 3470 atque

473 3495 725 3551 instituto
770 3494 1011 3556 cederet,
1058 3494 1126 3549 de
1171 3492 1400 3547 Iudaica
1443 3501 1605 3562 gente
1652 3492 2055 3555 suscitandum,

475 3589 723 3642 oraculo‘
748 3587 997 3657 exposito
1043 3585 1274 3648 divinat,
1308 3586 1365 3639 in
1394 3585 1541 3639 hunc
1569 3585 1793 3639 modum
1841 3584 1919 3638 illi
1955 3584 2058 3654 ipsi

474 3683 587 3738 Deo
638 3682 1029 3753 respondente.
1074 3701 1093 3732 ι
1140 3679 1469 3750 Prophetam
1528 3679 1810 3735 suscitabo
1868 3678 1950 3733 eis
1989 3678 2059 3732 de

472 3778 738 3833 fratribus
760 3778 1004 3848 ipsorum
1028 3786 1287 3845 tanquam
1304 3783 1377 3838 te,
1392 3782 1447 3830 et
1461 3774 1603 3829 dabo
1626 3774 1853 3829 verbum
1875 3787 2057 3828 meum

473 3873 529 3926 in
561 3887 623 3928 os
648 3872 817 3935 illius,
852 3879 905 3924 et
936 3869 1192 3938 loquetur
1219 3868 1300 3923 eis
1327 3867 1485 3937 juxta
1506 3882 1668 3922 omne
1689 3865 2057 3937 quodcunque

472 3965 806 4019 mandavero
836 3954 915 4016 illi
940 3978 952 4011 :
982 3968 1035 4015 et
1067 3961 1227 4015 homo
1256 3961 1437 4014 omnis
1466 3962 1781 4029 quicunque
1815 3975 1923 4012 non
1953 3973 2055 4011 au-

472 4056 635 4112 dierit
667 4055 832 4109 verba
867 4053 987 4123 ejus
1017 4067 1360 4122 quaecunque
1398 4052 1654 4122 loquetur
1702 4050 1968 4119 prapheta
1999 4048 2055 4104 in

472 4150 695 4206 nomine
721 4163 863 4215 meo,
908 4162 1008 4218 ego
1041 4146 1279 4200 ulciscar
1318 4162 1386 4200 ex
1415 4160 1481 4200 eo
1498 4146 1569 4201 ".
1615 4164 1633 4197 ›
1674 4143 1883 4199 Similia
1927 4159 2056 4198 vero

475 4243 593 4313 ipse
622 4256 841 4312 quoque
872 4238 1084 4311 Moyses
1131 4240 1237 4293 hoc
1276 4238 1558 4292 oraculum
1588 4238 1958 4307 interpretans
1987 4236 2057 4291 ad

474 4334 732 4404 populum
764 4332 839 4385 ait
871 4350 883 4385 :
918 4349 937 4379 ι
972 4330 1298 4399 Prophetam
1325 4329 1393 4384 de
1417 4329 1677 4384 fratribus
1714 4329 1911 4384 vestris
1933 4335 2057 4381 tan-

473 4442 638 4497 quam
668 4440 755 4479 me
793 4423 1081 4480 suscitabit
1125 4421 1392 4475 Dominus
1422 4419 1603 4487 Deus;
1638 4420 1790 4473 illum
1818 4419 2055 4474 audietis

2164 1929 2320 2000 ἡμῶν
2362 1930 2568 2001 Ἰησοῦν
2602 1930 2690 1983 τὸν
2727 1928 2961 2002 Χριστὸν
2996 1930 3090 1984 τοῦ
3117 1929 3252 1984 Θεοῦ
3303 1928 3637 1983 συνίσταται
3666 1945 3765 1982 πεο

2164 2022 2269 2094 πλη
2278 2036 2355 2094 ρω
2363 2021 2515 2092 μένα.

2162 2228 2239 2281 B'.
2299 2228 2491 2291 Ὅπως
2535 2226 2666 2293 περὶ
2717 2225 2824 2279 τοῦ
2874 2224 3135 2294 Χριστοῦ
3185 2224 3671 2295 προανεςρώνουν
3710 2226 3767 2282 οι

2632 2296 2909 2363 Ἐϐραίων
2940 2295 3260 2365 προφῆται.

2234 2386 2456 2458 Πρῶτος
2485 2388 2777 2459 προφητῶν
2791 2389 2925 2441 Μωῦ
2934 2389 3030 2459 σῆς
3050 2388 3138 2441 ἓτε
3145 2406 3238 2460 ρον
3257 2389 3549 2461 προφήτην
3575 2389 3768 2460 ὅμοιον

2163 2479 2311 2549 αὑτῷ
2355 2478 2764 2550 ἀναστήσασθαι
2818 2480 3250 2549 εὐαγγελίζεται.
3308 2481 3529 2552 Ἐπειδὴ
3575 2481 3693 2552 γὰρ
3733 2482 3768 2553 ή

2162 2576 2282 2629 κατ’
2316 2573 2479 2627 αὐτὸν
2510 2572 2803 2644 νομοθεσία
2850 2573 2996 2644 μόνῳ
3039 2572 3119 2643 τῷ
3162 2572 3431 2626 Ἰουδαίων
3473 2573 3767 2645 προσῆκεν

2162 2665 2324 2731 ἔθνει,
2346 2666 2442 2720 καὶ
2472 2666 2645 2736 τούτῳ
2672 2666 2765 2719 ἐπὶ
2802 2666 2900 2736 τῆς
2930 2664 3189 2729 ἰουδαίας
3215 2664 3340 2735 γῆς,
3369 2665 3403 2737 ἢ
3447 2666 3601 2737 ἀμφὶ
3631 2664 3766 2718 ταύ-

2160 2777 2281 2833 την,
2311 2760 2432 2831 οὐχὶ
2471 2760 2529 2814 δὲ
2575 2758 2671 2823 καὶ
2705 2759 2786 2830 τῷ
2815 2758 3156 2831 πορρωτάτω
3187 2760 3286 2830 τῆς
3317 2758 3638 2829 ἀλλοδαπῆς
3662 2760 3767 2812 δια-

2159 2853 2401 2926 τρίϐοντι
2436 2851 2717 2906 συνῶπται
2759 2850 2847 2905 διὰ
2882 2850 2990 2904 τῶν
3032 2848 3267 2923 πρόσθεν
3305 2852 3439 2922 ήμῖν
3469 2867 3763 2921 γεγυμνα-

2162 2944 2395 3017 σμένων,
2420 2945 2559 3017 χρῆν
2583 2945 2640 2998 δὲ
2667 2945 2838 3016 δήπου
2865 2928 2956 2997 τόν
2996 2943 3070 3015 μὴ
3101 2943 3261 3014 μόνον
3298 2943 3576 2997 Ἰουδαίων
3605 2944 3762 3006 Θεὸν,

2161 3037 2298 3091 ἀλλά
2331 3039 2425 3091 καὶ
2454 3036 2647 3099 ἐθνῶν,
2688 3036 2785 3090 καὶ
2826 3036 2895 3090 τά
2939 3038 3073 3089 πᾶσι
3108 3037 3223 3099 τοῖς
3273 3034 3453 3088 ἔθνεσι
3499 3034 3763 3105 λυσιτελῆ

2161 3128 2301 3201 πρὸς
2333 3130 2433 3201 τήν
2470 3129 2635 3182 αὑτοῦ
2673 3128 2874 3198 γνῶσίν
2905 3146 2964 3182 τε
3001 3129 3096 3182 καὶ
3127 3127 3408 3181 εὐσέϐειαν
3432 3131 3763 3199 παρασχεῖν

2162 3222 2242 3293 τῷ
2277 3221 2397 3293 βίῳ·
2448 3222 2674 3284 εἰκότως
2708 3222 2994 3293 προφήτην
3037 3222 3223 3292 ἕτερον
3265 3222 3387 3274 κατ’
3433 3220 3595 3274 οὐδὲν
3637 3223 3766 3275 ἀπο-

2163 3312 2349 3367 δέοντα
2378 3314 2481 3383 τῆς
2511 3317 2631 3367 κατ’
2681 3301 2842 3367 αὑτὸν
2883 3312 3195 3384 οἰκονομίας
3226 3314 3291 3367 ὲκ
3332 3311 3428 3367 τοῦ
3477 3313 3765 3367 Ἰουδαίων

2162 3404 2349 3469 ἔθνους
2378 3407 2701 3477 ἀναστήσειν
2732 3406 2822 3459 διὰ
2852 3405 3102 3478 χρησμοῦ
3142 3405 3411 3469 θεσπίζει,
3456 3404 3659 3458 τοῦτον
3690 3408 3767 3459 εἱ-

2163 3498 2394 3569 ρηκότος
2427 3497 2592 3551 αὑτοῦ
2646 3498 2740 3551 τοῦ
2804 3498 2938 3551 Θεοῦ
2984 3498 3075 3550 τὸν
3117 3499 3338 3568 τρόπον’
3381 3515 3401 3549 ι
3457 3499 3767 3570 Προφήτην

2162 3590 2454 3661 ἀναστήσω
2480 3590 2664 3653 αὐτοῖς
2686 3591 2749 3643 ἐκ
2779 3590 2886 3643 τῶν
2921 3589 3165 3659 ἀδελφῶν
3196 3591 3395 3656 αὐτῶν,
3431 3591 3632 3664 ῶσπερ
3684 3594 3765 3658 σὲ,

2162 3684 2259 3738 καὶ
2288 3683 2445 3737 δώσω
2477 3685 2539 3738 τὸ
2567 3686 2720 3756 ῥῆμά
2746 3702 2845 3756 μου
2879 3686 2935 3737 ἐν
2958 3684 3036 3754 τῷ
3064 3685 3295 3756 στόματι
3326 3683 3518 3750 αὑτοῦ,
3553 3688 3657 3740 καὶ
3676 3687 3767 3741 λι-

2159 3776 2314 3847 λήσει
2360 3777 2543 3839 αὑτοῖς
2594 3777 2716 3830 καθ’
2746 3778 2775 3830 ὃ
2815 3793 2866 3829 τι
2904 3778 2969 3830 ἂν
3001 3778 3334 3849 ὲντέλλωμαι
3375 3778 3547 3855 αὐτῷ·
3593 3782 3695 3834 καὶ
3735 3783 3768 3835 ὁ

2159 3865 2445 3938 ἄνθρωπος
2474 3867 2534 3930 ὃς
2556 3866 2622 3922 ἂν
2649 3868 2723 3939 μὴ
2756 3868 2965 3941 ἀκούσῃ
2987 3868 3095 3923 τῶν
3120 3868 3292 3937 λόγων
3318 3868 3509 3934 αὑτοῦ,
3552 3871 3664 3926 ὅσα
3700 3872 3767 3926 ἂν

2161 3958 2374 4031 λαλήσῃ
2402 3961 2431 4011 ό
2463 3961 2751 4032 προφήτης
2778 3960 2870 4013 ἐπὶ
2902 3961 2979 4031 τῷ
3025 3961 3249 4031 ὀνόματί
3296 3978 3416 4032 μου,
3461 3961 3577 4030 ἐγὼ
3617 3964 3767 4017 ἐκδι-

2158 4055 2315 4125 κήσω
2342 4054 2400 4120 ἐξ
2425 4053 2610 4107 αὐτοῦ.
2655 4073 2673 4105 ›
2706 4052 2785 4106 Τά
2814 4053 2976 4123 ὃμοια
3000 4052 3056 4105 δὲ
3101 4052 3196 4106 καὶ
3234 4052 3397 4117 αὐτὸς
3430 4053 3462 4107 ὁ
3511 4055 3766 4126 Μωῦσῆς

2159 4146 2297 4216 πρὸς
2316 4146 2408 4197 τὸν
2434 4144 2561 4202 λαὸν
2590 4144 2960 4215 διερμηνεύων
2984 4145 3043 4197 τὸ
3066 4143 3158 4197 τοῦ
3192 4144 3328 4197 Θεοῦ
3360 4144 3571 4213 λόγιον,
3600 4148 3763 4217 φησί.

2164 4252 2183 4287 ι
2225 4236 2513 4306 Προφήτην
2542 4238 2605 4287 ἐκ
2629 4235 2739 4289 τῶν
2763 4234 3004 4303 ἀδελφῶν
3034 4235 3186 4307 ὑμῶν
3217 4236 3294 4298 ὡς
3320 4235 3421 4306 ἐμὲ
3459 4236 3765 4309 ἀναστήσει

2159 4326 2365 4398 Κύριος
2400 4329 2428 4379 ὁ
2471 4328 2603 4391 Θεός
2651 4345 2769 4391 σου,
2829 4327 2995 4381 αὑτοῦ
3029 4326 3330 4381 ἀκούσεσθε
3378 4328 3522 4381 κατά
3580 4330 3766 4385 πάντα

2158 4421 2260 4474 ὅσα
2287 4422 2474 4492 ᾐτήσω
2500 4420 2651 4492 παρά
2678 4420 2887 4492 Κυρίου
2912 4420 3006 4474 τοῦ
3032 4420 3168 4473 Θεοῦ
3199 4423 3257 4474 ὲν
3288 4420 3491 4492 Χωρὴϐ
3519 4425 3593 4494 τῇ
3624 4422 3765 4493 ἠμέ-

474 4536 528 4573 ll]
570 4517 824 4571 omnibus
870 4528 1212 4583 quaecunque
1255 4511 1547 4581 postulasti
1592 4526 1621 4564 a
1668 4511 1898 4568 Domino
1942 4511 2054 4566 Deo

2263 4516 2362 4585 τῆς
2402 4514 2746 4583 Ἐκκλησίας.
2785 4534 2804 4566 ι
2841 4510 2968 4586 ’Ἆρ’
2994 4510 3085 4567 οὖν
3114 4516 3164 4567 οἱ
3190 4516 3328 4585 para
3346 4512 3597 4568 Μωῦσέα
3627 4533 3763 4587 προ-

476 4626 566 4664 tuo
593 4611 647 4663 in
698 4608 901 4670 Horeb,
933 4607 985 4660 in
1011 4607 1099 4661 die
1129 4604 1543 4661 concisionis".
1578 4624 1597 4657 ι
1631 4604 1769 4658 Νυιη
1800 4605 1965 4677 igitur
1986 4618 2054 4659 ex

476 4706 543 4758 iis
593 4702 686 4772 qui
726 4712 847 4771 post
878 4699 1099 4772 Moysen
1143 4698 1475 4754 exstiterunt
1522 4696 1825 4766 PrOphetaz,
1858 4696 2051 4763 ls:iias,

477 4794 705 4865 exempli
739 4792 936 4864 gratia,
967 4799 1060 4845 aut
1087 4789 1378 4855 Jeremias,
1413 4799 1509 4844 aut
1530 4788 1803 4852 Ezechiel,
1835 4797 1928 4843 aut
1958 4789 2056 4843 Da-

477 4888 603 4951 niel,
636 4894 729 4940 aut
751 4887 893 4940 alius
924 4884 1196 4954 quispiam
1218 4882 1284 4937 de
1306 4883 1525 4937 cazteris
1554 4881 1841 4937 duodecim
1874 4883 2053 4953 legum

478 4985 669 5031 auctor
698 4975 868 5047 Moysi
893 4975 1262 5030 confercndus
1291 4975 1921 5043 exstitit?nequaquam.
1948 4974 2054 5029 Sed

479 5084 539 5123 ex
569 5068 677 5121 illis
706 5067 948 5130 tandem,
981 5069 1107 5135 quis
1132 5081 1370 5134 unquam
1399 5066 1571 5137 Moysi
1607 5067 1809 5120 similia
1840 5066 2056 5122 effecit?

479 5173 746 5227 nusquam
778 5158 982 5226 poteris
1014 5158 1219 5212 dicere.
1256 5156 1362 5212 Sed
1393 5158 1863 5229 quisqueillorum
1896 5174 1927 5213 a
1948 5161 2055 5229 pri-

479 5263 565 5301 mo
597 5247 663 5301 ad
690 5250 1049 5302 novissimum
1082 5264 1443 5318 quoscunque
1471 5251 1832 5305 instituebant
1861 5266 1925 5305 ac
1947 5251 2049 5305 ἀοι

480 5342 693 5403 cebant,
745 5342 810 5395 ad
849 5341 1027 5410 ipsmn
1077 5341 1299 5412 Moysen
1347 5344 1736 5407 remittebant,
1789 5353 1954 5415 atque
1995 5348 2051 5402 in

480 5441 578 5484 hoc
611 5433 863 5501 populum
913 5432 1401 5500 reprehendebant,
1451 5434 1593 5501 quod
1629 5433 1831 5505 Moysis
1878 5436 2050 5506 legem

479 5538 585 5574 non
634 5526 928 5583 servasset,
987 5520 1082 5573 sed
1136 5531 1327 5574 contra
1385 5522 1531 5575 illam
1584 5522 1823 5588 fecisset,
1874 5542 2052 5595 neque

472 5614 626 5672 illum
673 5611 739 5663 ad
786 5610 1082 5681 quidquam
1134 5612 1281 5667 aliud
1320 5612 1708 5679 hortabantur,
1750 5615 1858 5671 nisi
1889 5616 1954 5671 ad
1986 5632 2048 5671 ea

429 5778 449 5802 ι
544 5764 591 5797 ⁸⁸
628 5761 783 5822 Deut.
827 5781 983 5825 mn.
1015 5767 1215 5835 {8,l9.
1291 5769 1336 5801 "
1369 5767 1504 5823 Ibid.
1531 5767 1720 5834 15,16.

2158 4606 2347 4677 φῆται,
2409 4606 2655 4670 Ἡσαΐας,
2700 4604 2855 4677 φέρε,
2897 4608 2929 4677 ἢ
2978 4605 3334 4678 ’1ερεμία;,ἦ
3383 4606 3677 4679 Ἰεζεκιὴλ,
3726 4606 3758 4678 ἢ

2157 4699 2375 4770 Δανιὴλ,
2429 4700 2463 4770 ἦ
2500 4717 2585 4763 τις
2622 4699 2809 4772 ἔτερος
2845 4700 2956 4753 τῶν
2998 4700 3229 4765 δώδεκα,
3255 4702 3485 4753 Μωῡσεί
3513 4700 3759 4771 κατέστη

2158 4792 2539 4863 παραπλήσιος
2587 4793 2921 4863 νομοθέτης;
2959 4793 3231 4863 οὐδαμῶς.
3290 4792 3452 4846 Ἀλλά
3494 4793 3574 4846 τὰ.
3599 4794 3761 4864 ὅμοιά

2157 4901 2241 4947 τις
2266 4884 2488 4937 ἐκείνων
2513 4885 2739 4937 Μωῢσεῖ
2764 4884 3203 4955 διαπέπρακται;
3235 4886 3337 4938 οὐκ
3376 4885 3526 4939 ἐστιν
3556 4888 3756 4940 εἰπεῖν.

2160 4975 2431 5039 Ἕκαστος
2454 4974 2583 5044 γοῦν
2606 4976 2785 5029 αὐτῶν
2808 4977 2914 5030 ἀπὸ
2943 4976 3159 5050 πρώτου
3186 4978 3281 5031 καὶ
3318 4979 3399 5041 εἰς
3436 4975 3532 5030 τὸν
3572 4978 3759 5031 τελευ-

2160 5071 2329 5131 ταῖον,
2362 5069 2452 5121 ἐπὶ
2484 5070 2722 5123 Μωῦσὲα
2737 5071 2864 5133 τοὺς
2883 5070 3265 5141 ἀκροωμένους
3287 5070 3634 5139 ἀνέπεμπον,
3666 5070 3758 5124 καὶ

2159 5160 2252 5213 τόν
2274 5176 2336 5227 γε
2368 5160 2509 5213 κατά
2530 5161 2624 5214 τοῦ
2650 5157 2776 5214 λαοῦ
2797 5162 3015 5232 ἔλεγχον
3038 5161 3125 5215 διὰ
3150 5162 3249 5225 τάς
3277 5160 3634 5235 παραϐάσεις
3662 5162 3756 5215 τοῦ

2161 5251 2735 5316 Μωῦσέωςέποιοῦντο
2751 5254 2938 5325 νόμου,
2967 5254 3310 5327 προῦτρεπόν
3334 5270 3395 5306 τε
3431 5254 3591 5307 οὐδὲν
3628 5254 3756 5309 ἄλλο

2160 5341 2193 5413 ἢ
2217 5342 2325 5396 τῶν
2352 5345 2503 5416 παρά
2526 5346 2661 5399 Μωῦ
2672 5348 2752 5398 σεῖ
2776 5345 3285 5417 νενομοθετημένων
3307 5344 3622 5416 ὲξέχεσθαι.
3659 5346 3758 5399 Οὗ-

2158 5433 2283 5487 δένα
2313 5434 2443 5502 γοῦν
2467 5435 2672 5489 τούτων
2710 5438 2913 5508 ὅμοιον,
2948 5437 3190 5508 Μωῦσῆς
3219 5437 3281 5490 δὲ
3311 5437 3443 5508 περὶ
3474 5436 3600 5502 ἑνὸς
3630 5438 3758 5508 ὡρι-

2162 5526 2374 5597 σμένως
2412 5528 2702 5597 ἀναφωνεῖ.
2745 5530 2877 5583 Τίνα
2913 5529 3091 5582 τοίνυν
3126 5532 3156 5583 ὁ
3199 5529 3451 5600 χρησμὸς
3497 5527 3755 5594 θεσπίζει

2157 5619 2383 5673 Μωῦσεῖ
2414 5621 2794 5693 παραπλήσιον
2828 5621 3047 5675 ἔσεσθαι
3075 5624 3360 5693 προφήτην
3395 5620 3427 5691 ἢ
3465 5621 3632 5693 μόνον
3660 5619 3756 5677 τὶν
