3828 6216
199 330 305 387 εσυ

1083 320 1737 390 DEMONSTRATIDNIS
1775 314 2243 379 EVANGELICE
2282 315 2414 382 LIB.
2450 315 2537 377 Ill.

3354 321 3454 385 ΠΟ

194 444 429 518 Ἁιτῆρα
475 444 572 499 καὶ
616 439 820 517 Κύριον
868 444 1024 515 ήμῶν
1087 442 1293 515 Ἰησοῦν
1346 421 1438 494 τὸν
1501 438 1773 513 Χριστόν;

1885 420 2110 493 ﬁrmiter
2152 436 2410 501 tenenda,
2452 452 2575 508 quae
2623 437 2679 492 in
2719 436 2837 507 iege
2872 435 3040 494 Musis
3082 404 3259 508 posita
3300 450 3450 495 sunt.

197 538 390 601 Ὅπως
440 536 498 589 δέ
526 534 672 589 τοῦτ’
719 536 930 607 εἴρηται
954 575 970 599 ,
1011 533 1403 605 διασκέψασθαι
1456 534 1771 602 ἀναγκαῖον.

191 626 441 696 Μωῦσῆς
491 625 708 696 πρῶτος
759 626 999 695 ἡγήσατο
1063 622 1159 677 τοῦ
1230 622 1493 677 Ἰουδαίων
1564 619 1769 682 ἔθνους.

192 713 389 787 Εύρὼν
406 715 465 770 δὲ
493 715 692 777 αὐτοὺς
715 717 782 785 τῇ
804 718 947 769 κατὰ
972 713 1303 782 Αἰγυπτίους
1331 711 1577 783 πολυθέῳ
1597 710 1775 781 πλάνῃ

194 806 598 877 προσέχοντας,
670 807 887 878 πρῶτος
951 806 1050 876 μὲν
1122 804 1325 877 ταύτης
1391 803 1729 875 ἀπέστρεψεν
1756 843 1772 866 ,

192 899 590 968 ἀπαραιτήτοις
618 897 911 967 τιμωρίαις
937 895 1319 967 ἀπαγορεύσας
1352 893 1773 965 είδωλολατρεῖν*

192 984 415 1053 πρῶτος
446 985 503 1037 δὲ
530 985 715 1049 αὐτοῖς
754 987 847 1038 καὶ
885 986 985 1056 τὴν
1012 985 1139 1057 περὶΙ
1170 985 1464 1057 μοναρχίας
1498 984 1774 1053 θεολογίαν

193 1073 547 1144 κατήγγειλε,
575 1074 667 1127 τὸν
690 1073 798 1127 τῶν
827 1076 1085 1129 ἁπάντων
1107 1075 1470 1147 Δημιουργὸν,
1496 1075 1591 1128 καὶ
1617 1091 1774 1144 ποιη-

193 1166 295 1238 την
331 1165 490 1237 μόνον
528 1164 903 1238 παραγγείλας
956 1165 1153 1219 σέϐεινο
1184 1164 1399 1236 πρῶτος
1426 1164 1482 1219 δὲ
1508 1166 1602 1217 καὶ
1626 1165 1775 1232 ἀγω-

188 1261 298 1327 γήν
330 1275 452 1312 τινα
501 1257 786 1322 θεοσεϐοῦς
832 1257 946 1328 βίου
978 1260 1092 1320 τοῖς
1130 1258 1312 1320 αὐτοῖς
1360 1256 1771 1326 διαταξάμενος,

187 1346 490 1419 νομοθέτης
512 1349 697 1411 αὐτοῖς
728 1345 983 1410 εὐσεϐοῦς
1009 1347 1281 1410 πολιτείας
1307 1346 1519 1418 πρῶτος
1546 1346 1640 1399 καὶ
1674 1346 1773 1416 μό-

188 1457 286 1503 νος
307 1439 702 1494 άποδέδεικται.
723 1439 881 1492 Ἀλλά
909 1439 1004 1493 καὶ
1043 1439 1251 1511 Ἰησοῦς
1283 1441 1312 1492 ὁ
1337 1438 1573 1511 Χριστὸς
1605 1439 1770 1493 Μωῠ-

189 1533 280 1582 σεῖ
312 1531 730 1602 παραπλησίως,
763 1532 857 1584 καὶ
892 1529 1385 1603 πολὺ,κρειττόνως
1422 1531 1636 1601 πρῶτος
1673 1530 1773 1600 τῆς

185 1623 316 1677 κατ’
354 1623 633 1677 εὐσέϐειαν
664 1624 1015 1687 διδασκαλίας
1062 1624 1176 1688 τοῖς
1208 1623 1415 1686 λοιποῖς
1446 1621 1623 1676 ἔθνεσι
1673 1639 1774 1677 κα-

187 1713 474 1786 θηγήσατο
505 1715 601 1769 καὶ
642 1715 859 1787 πρῶτος
884 1715 1196 1788 ἀνατροπὴν
1220 1714 1322 1785 τῆς
1358 1714 1478 1768 καθ’
1515 1714 1643 1786 ὃλην
1674 1712 1772 1785 τὴν

1880 526 2102 583 Nullum
2160 527 2327 600 igitur
2369 528 2566 583 horum
2607 527 2685 582 illi
2722 528 2957 585 similem
3003 528 3209 586 dixeris
3243 549 3256 587 :
3302 533 3456 602 atqui

1881 619 2061 676 Moses
2091 621 2159 677 de
2198 634 2309 676 uno
2352 620 2619 676 duntaxat
2660 628 2807 676 certe
2837 635 2903 676 ac
2937 620 3158 679 deﬁnite
3190 623 3454 694 loquitur.

1881 713 2182 777 Quemnam
2201 710 2365 781 igitur
2381 710 2547 764 alium
2566 707 2702 764 Mosi
2716 709 2950 765 similem
2970 709 3213 766 futurum
3230 715 3460 784 prophe-

1882 811 1991 856 tam
2021 802 2171 857 canit
2198 803 2485 857 oraculum
2509 802 2663 865 illud,
2682 801 2789 857 nisi
2826 801 3161 859 Salvatorem
3192 814 3248 861 et
3276 806 3459 863 Domi-

1882 908 2011 947 num
2042 900 2288 948 nostrum
2307 891 2492 948 Jesum
2510 892 2788 948 Christum
2806 893 2829 947 ἳ
2844 892 3128 959 Quomodo
3150 905 3332 952 autem
3354 898 3459 954 hoc

1852 1019 1859 1026 ν
1881 984 2084 1040 dictum
2102 985 2440 1056 sit,diligenti
2451 1000 2513 1041 us
2528 987 2884 1057 contemplari
2899 1002 3121 1043 necesse
3133 986 3460 1047 est.Primus

1882 1076 2059 1133 Moses
2080 1079 2225 1146 genti
2252 1076 2494 1133 Iudaica
2514 1076 2755 1148 praefuit:
2776 1094 3013 1150 cumque
3034 1095 3130 1138 eos
3163 1082 3460 1153 deprehen-

1880 1170 2051 1226 disset
2075 1168 2347 1242 Egyptiis
2374 1170 2879 1241 superstitionibus.
2899 1174 3304 1245 multorumque
3334 1176 3460 1233 deo-

1881 1279 2002 1318 rum
2020 1263 2168 1318 cultu
2187 1263 2498 1333 implicitos,
2517 1262 2729 1333 primus
2747 1263 2815 1318 ab
2832 1264 2899 1320 iis
2914 1264 3037 1321 illos
3054 1266 3270 1330 avertit,
3288 1268 3462 1323 inevi-

1881 1354 2142 1409 tabilibus
2158 1354 2443 1424 suppliciis
2455 1354 2695 1409 cultores
2709 1353 3127 1411 simulacrorum
3150 1356 3453 1414 deterrens:

1879 1443 1985 1516 91
2016 1453 2070 1500 et
2119 1445 2329 1516 primus
2384 1447 2466 1501 eis
2520 1446 2847 1517 theologiam
2894 1447 3154 1511 ostendit,
3186 1464 3307 1504 eam
3339 1463 3461 1520 qua

1881 1540 2047 1593 unius
2068 1539 2435 1608 principatum
2459 1538 2639 1602 docet,
2664 1539 3029 1608 praecepitque
3059 1546 3117 1593 ut
3147 1556 3314 1594 unum
3341 1542 3463 1611 opi-

1882 1629 2036 1684 ﬁcem
2091 1639 2477 1699 auctoremque
2526 1645 2707 1684 rerum
2758 1630 3000 1684 omnium
3032 1631 3273 1686 colerent
3304 1647 3318 1685 :
3346 1633 3460 1702 pri-

1882 1740 2006 1779 mus
2045 1724 2211 1779 etiam
2264 1722 2532 1792 religiosae
2557 1722 2682 1777 vita:
2710 1722 2816 1778 illis
2845 1723 3240 1780 institutionem
3264 1741 3461 1795 quam-

187 1808 521 1878 οἰκουμένην
572 1808 1014 1879 είδωλολατρείας
1068 1807 1392 1879 εἰργάσατο’
1450 1804 1665 1878 πρῶτός
1716 1822 1776 1859 τε

1885 1811 2002 1865 [lam
2061 1810 2357 1879 disponens
2406 1817 2572 1880 atque
2629 1812 2938 1880 assignans,
2990 1814 3092 1881 pia:
3146 1824 3461 1885 sanctaque

189 1898 292 1969 τὴν
316 1898 437 1962 ἐνὸς
466 1898 560 1952 τοῦ
592 1900 979 1971 παμϐασιλέως
1006 1899 1141 1952 Θεοῦ
1168 1898 1369 1967 γνῶσίν
1400 1914 1459 1950 τε
1494 1898 1589 1951 καὶ
1621 1896 1776 1951 εὐσέο

189 1992 350 2046 ϐειαν
389 1994 554 2045 πᾶσιν
588 1990 897 2064 ἀνθρώποις
942 1988 1304 2063 προύϐάλετο,
1335 1990 1523 2043 καινοῦ
1565 2005 1625 2042 τε
1661 1988 1775 2059 βίου

187 2084 289 2137 καὶ
308 2083 582 2149 πολιτείας
608 2084 883 2138 θεοσεϐέσι
909 2078 1291 2155 προσηκούσης
1306 2081 1523 2153 πρῶτος
1542 2082 1775 2149 είσαγω·

187 2178 327 2246 τεὺς
367 2177 464 2229 καὶ
493 2176 789 2248 νομοθέτης
830 2174 1225 2229 ἀποδέδεικται.
1274 2172 1384 2227 Καὶ⁵
1415 2175 1484 2227 τά
1528 2174 1690 2229 λοιπὰ
1720 2173 1778 2227 δὲ

187 2267 264 2323 τά
293 2269 422 2340 περὶ
445 2268 654 2339 κόσμου
692 2268 978 2337 γενέσεως,
1003 2266 1099 2320 καὶ
1122 2264 1189 2319 τὰ
1216 2266 1346 2337 περὶ
1371 2261 1549 2336 ψυχῆς
1575 2264 1778 2319 ἀθανα-

190 2359 343 2423 σίας,
372 2360 467 2413 καὶ
486 2360 587 2413 ὅσα
613 2359 748 2413 ἄλλα
779 2358 1043 2429 φιλόσοφα
1068 2357 1312 2428 δόγματα
1352 2357 1571 2430 πρῶτος
1608 2357 1777 2411 Μωῦ-

192 2447 302 2518 σῆς
330 2446 412 2518 τῷ
455 2448 727 2502 Ἰουδαίων
762 2446 1081 2520 παρέδωκεν
1125 2446 1301 2511 ἔθνει,
1333 2447 1507 2500 ταῦτα
1548 2444 1777 2517 θεοπρε-

187 2541 463 2611 πέστερον
494 2540 710 2613 πρῶτος
738 2543 849 2604 τοῖς
881 2541 1087 2605 λοιποῖς
1110 2540 1321 2594 ἔθνεσιν
1356 2536 1564 2609 Ἰησοῦς
1586 2541 1615 2592 ὁ
1643 2539 1778 2610 Χριο

191 2629 323 2692 στδς
376 2629 467 2684 διὰ
518 2629 627 2685 τῶν
672 2630 837 2685 αὑτοῦ
893 2629 1154 2702 μαθητῶν
1200 2628 1596 2700 κατήγγειλενο
1636 2627 1777 2683 ὥστε

188 2721 437 2775 Μωῦσὲα
479 2722 578 2792 μὲν
626 2721 853 2785 εἰκότως
886 2721 1105 2794 πρῶτον
1149 2722 1246 2775 καὶ
1293 2720 1450 2791 μόνον
1496 2718 1777 2784 εὐσεϐείας

189 2810 496 2883 νομοθέτην
539 2811 940 2883 ἀνηγορεῦσθαι
982 2811 1279 2875 Ἰουδαίων,
1338 2808 1546 2881 Ἰησοῦν
1592 2809 1648 2864 δὲ
1684 2809 1779 2864 τὸν

190 2902 433 2973 Χριστὸν
456 2902 565 2956 τῶν
590 2901 760 2956 ἐθνῶν
784 2902 1057 2966 ἁπάντων,
1083 2901 1226 2955 κατὰ
1250 2900 1347 2971 τὴν
1374 2905 1623 2972 φήσασαν
1648 2898 1778 2970 περὶ

192 2992 368 3047 αὑτοῦ
399 2995 765 3066 προφητείαν⁸
794 3014 813 3045 ι
847 2994 1223 3065 Κατάστησον,
1255 2989 1447 3063 Κύριε,
1483 2990 1777 3063 νομοθέτην

191 3087 289 3140 ἐπ’
334 3086 562 3151 αὐτούς’
611 3084 906 3156 γνώτωσαν
953 3085 1102 3157 ἔθνη,
1143 3084 1226 3138 ὅτι
1258 3083 1535 3157 ἄνθρωποί
1576 3086 1700 3137 είσι.
1754 3102 1773 3136 ι

191 3178 369 3234 Πάλιν
386 3179 624 3251 Μωῦσῆς
643 3178 964 3250 θαυμασίοις
990 3178 1173 3249 ἔργοις
1195 3177 1289 3231 καὶ
1311 3174 1783 3247 παραδοξοποιίαις

190 3273 301 3344 τὴν
333 3272 470 3344 πρὸς
516 3270 682 3325 αὑτοῦ
716 3269 1180 3339 καταγγελθεῖσαν
1226 3266 1508 3320 εὐσέϐειαν
1550 3261 1783 3317 timarch-

195 3382 354 3419 σατο.
396 3364 668 3428 Ὡσαύτως
700 3364 758 3418 δὲ
796 3364 891 3416 και.
918 3365 947 3416 ὁ
978 3361 1230 3433 Χριστὸς,
1262 3363 1383 3423 ταῖς
1413 3357 1781 3428 άναγράπτοις

193 3456 668 3529 θαυματουργίαις
700 3454 835 3526 πρὸς
866 3455 1048 3508 πίστιν
1080 3452 1189 3506 τῶν
1213 3450 1464 3524 ὁρώντων
1504 3447 1781 3520 κεχρημέο

192 3567 313 3613 νος,
344 3549 417 3604 τά
458 3547 624 3602 καινά
670 3548 772 3617 τῆς
808 3546 1170 3617 εὐαγγελικῆς
1220 3543 1564 3606 διδασκαλίας
1615 3539 1780 3595 αὑτοῦ

198 3642 504 3714 μαθήματα
530 3641 912 3711 σνίεστήσατο.
941 3638 1110 3692 Πάλιν
1124 3636 1361 3707 Μωῦσῆς
1377 3638 1443 3689 ἐκ
1469 3635 1669 3706 πικρᾶς
1684 3634 1784 3705 τῆς

195 3736 296 3789 ὑπ’
329 3734 647 3803 Αἰγυπτίοις
668 3732 911 3795 δουλείας
938 3731 1000 3786 τὸ
1040 3730 1306 3784 Ἰουδαίων
1335 3728 1486 3791 ἔθνος
1515 3729 1594 3790 είς
1626 3727 1781 3779 ἐλευ-

194 3826 389 3899 θερίαν
435 3825 833 3896 μετεστήσατο·
878 3823 976 3877 καὶ
1022 3818 1231 3892 Ἰησοῦς
1272 3820 1329 3875 δὲ
1370 3821 1399 3873 ό
1438 3815 1675 3891 Χριστὸς
1718 3819 1786 3871 ἐκ

193 3919 304 3989 τῆς
332 3917 437 3971 ὑπὸ
461 3919 573 3979 τοῖς
604 3917 858 3987 πονηροῖς
896 3913 1113 3985 δαίμοσι
1150 3911 1442 3976 δυσσεϐοῦς
1482 3912 1578 3965 καὶ
1614 3912 1783 3980 Atyn-

197 4009 448 4079 πτιακῆς
483 4007 925 4079 είδωλολατρείας
969 4007 1050 4069 είς
1096 4002 1406 4076 ἐλευθερίαν
1454 4004 1516 4057 τὸ
1565 4003 1785 4058 πάντων

196 4095 511 4168 ἀνθρώπων
557 4096 714 4165 γένος
754 4094 1134 4149 ἀνεκαλέσατο.
1184 4094 1351 4149 Πάλιν
1390 4094 1633 4162 Μωῦσῆς
1679 4094 1785 4165 γῆν

198 4190 371 4258 ἁγίαν
412 4188 506 4241 καὶ
552 4185 777 4258 θεοφιλῆ
824 4187 937 4257 βίον
989 4189 1047 4240 ἐν
1088 4185 1263 4260 ταύτῃ
1306 4187 1401 4240 καὶ
1451 4185 1786 4258 μακαριστὸν

194 4285 319 4345 τοῖς
352 4282 464 4333 τῶν
499 4281 682 4351 νόμων
722 4277 950 4350 φύλαξιν
989 4272 1384 4349 ἐπηγγείλατο·
1423 4278 1687 4344 ὡσαύτως
1727 4278 1785 4332 δὲ

196 4372 299 4427 καὶ
354 4368 562 4442 Ἰησοῦς
590 4371 622 4423 ὁ
657 4368 913 4439 Χριστὸς,
952 4387 972 4422 ι
1020 4368 1321 4440 Μακάριοι,
1363 4387 1382 4421 ι
1429 4366 1617 4441 φησὶν,
1657 4387 1677 4420 ι
1735 4368 1784 4422 οἱ

1878 1899 2193 1970 reipublicae
2225 1899 2333 1953 illis
2363 1909 2555 1954 auctor
2584 1909 2640 1954 et
2664 1900 2876 1969 primus
2897 1909 2952 1955 et
2975 1902 3127 1957 solus
3155 1905 3407 1973 apparuit
3439 1921 3455 1961 :

1881 1990 2030 2060 atqui
2073 1987 2233 2044 Jesus
2260 2004 2478 2059 quoque
2504 1990 2761 2047 Christus
2791 1992 2936 2048 sicut
2968 1991 3145 2049 Moses
3175 1993 3453 2059 similiter,

1880 2096 1945 2135 ac
2000 2082 2172 2136 multo
2219 2080 2438 2151 quidem
2491 2083 2891 2141 excellentius:
2928 2084 3022 2154 qui
3078 2085 3288 2155 primus
3335 2085 3456 2154 ejus

1879 2171 2162 2233 doctrinae,
2218 2187 2341 2242 qua:
2386 2186 2568 2228 veram
2614 2174 2930 2244 religionem
2967 2177 3204 2232 instituit
3236 2179 3460 2249 reliquis

1878 2263 2154 2333 gentibus,
2204 2271 2397 2317 auctor
2450 2270 2505 2317 et
2552 2267 2813 2335 magister
2856 2264 2980 2332 fuit,
3038 2274 3093 2321 et
3126 2268 3334 2337 primus
3362 2284 3461 2339 per

1879 2361 2051 2408 totum
2089 2361 2359 2408 terrarum
2391 2353 2578 2408 orbem
2631 2356 3048 2412 simulacrorum
3075 2360 3283 2413 cultum
3304 2374 3461 2414 cvero

1879 2444 1966 2508 tit,
1998 2443 2317 2514 primusque
2369 2442 2534 2499 unius
2586 2445 2833 2499 omnium
2873 2446 3017 2516 regis
3063 2445 3157 2503 Dei
3193 2448 3462 2518 cognitioo

1881 2551 2005 2591 nem
2056 2520 2111 2591 et
2165 2538 2525 2591 reverentiam
2575 2537 2790 2593 cunctis
2818 2539 3059 2593 ostendit
3098 2539 3412 2596 hominibus
3441 2576 3458 2606 ,

1879 2642 2143 2697 novzeque
2203 2628 2327 2682 vitae
2371 2642 2438 2681 ac
2488 2628 2593 2698 piis
2647 2628 2962 2685 hominibus
3015 2632 3456 2694 accommodate,

1879 2719 2192 2790 reipublicae
2221 2719 2434 2790 primus
2470 2718 2835 2784 introductor,
2855 2720 3097 2792 legisque
3119 2722 3258 2776 lator
3289 2723 3461 2778 exsti-

1879 2813 1965 2866 tit.
1992 2811 2073 2866 Ad
2109 2812 2243 2876 haec,
2272 2825 2335 2866 ea
2364 2825 2485 2881 quae
2518 2809 2585 2866 de
2608 2811 2797 2865 mundi
2829 2822 2977 2877 ortu,
3010 2821 3065 2868 et
3091 2829 3213 2884 qua:
3242 2813 3309 2868 de
3334 2815 3458 2868 ani-

1879 2919 1983 2959 ma:
2010 2903 2417 2958 immortalitate
2450 2902 2720 2969 feruntur,
2752 2903 2968 2973 aliaque
2999 2904 3184 2959 omnia
3226 2905 3465 2974 philoso-

1879 2996 2041 3068 phica
2087 3001 2359 3067 praecepta
2398 3010 2739 3065 quaecunque
2767 2994 3010 3065 ejusdem
3052 3003 3181 3051 sunt
3221 2997 3460 3066 generis,

1885 3091 2095 3161 primus
2129 3090 2307 3146 Moses
2338 3087 2649 3145 Judaaorum
2683 3090 2906 3145 tradidit
2946 3084 3176 3143 nationi.
3205 3086 3309 3143 Sed
3343 3088 3460 3143 haec

1886 3181 2058 3235 multo
2112 3166 2382 3248 divinius,
2449 3183 2660 3252 primus
2713 3182 2926 3237 caeteris
2991 3182 3245 3253 gentibus
3300 3178 3462 3235 Jcsus

1884 3273 2139 3330 Christus
2173 3291 2269 3346 per
2298 3291 2429 3333 suos
2465 3275 2767 3347 discipulos
2790 3275 3206 3341 demonstravit,
3238 3283 3296 3329 ut
3329 3289 3465 3330 sane

1884 3366 2082 3422 merito
2135 3366 2338 3422 Mosem
2385 3369 2621 3439 primum
2680 3369 2967 3438 solumque
3009 3368 3228 3438 pietatis
3283 3366 3462 3437 legum

1885 3457 2110 3513 latorem
2159 3457 2471 3515 Judaeorum
2523 3460 2797 3531 appellare
2853 3475 3069 3530 aequum
3126 3459 3220 3523 sit,
3277 3457 3464 3515 Iesum

1886 3557 2069 3604 autem
2104 3549 2384 3606 Christum
2435 3552 2679 3624 gentium
2727 3553 3127 3615 universarum,
3159 3551 3302 3607 sicut
3336 3564 3467 3621 pro-

1886 3640 2070 3710 phetia
2094 3657 2218 3711 qua:
2231 3641 2298 3698 de
2328 3642 2421 3699 illo
2454 3654 2559 3709 est,
2587 3644 2736 3699 canit
2773 3664 2786 3699 :
2827 3663 2847 3697 ι
2881 3644 3186 3708 Constitue,
3214 3642 3461 3709 Domine,

1889 3730 2256 3800 legislatorem
2313 3748 2479 3804 super
2534 3750 2653 3802 eos,
2711 3742 3013 3806 agnoscant
3066 3742 3258 3805 gentes
3317 3733 3464 3805 quod

1887 3822 2135 3880 homines
2158 3826 2399 3884 sunt’h
2431 3825 2608 3883 Moses
2637 3835 2893 3897 praeterea
2920 3827 3092 3897 gestis
3124 3826 3466 3881 mirabilibus

1886 3925 1943 3972 et
1969 3917 2255 3988 prodigiis,
2290 3919 2605 3990 religionem
2634 3934 2664 3973 a
2699 3934 2758 3974 se
2787 3919 3094 3975 institutam
3122 3928 3177 3973 et
3208 3918 3462 3973 traditam

1890 4007 2253 4063 conﬁrmavit.
2304 4009 2493 4065 Itidem
2546 4007 2802 4066 Christus
2853 4009 2921 4065 iis
2975 4008 3291 4071 miraculis,
3342 4021 3466 4078 qua

1890 4099 2306 4171 etiam.scriptis
2339 4101 2538 4156 tradita
2566 4117 2692 4158 esse
2726 4115 2918 4157 omnes
2946 4101 3200 4155 novimus
3236 4098 3305 4154 ad
3334 4098 3468 4153 ﬁde~

1892 4190 2023 4245 lium
2050 4192 2375 4249 intuentium
2406 4208 2563 4257 usus,
2638 4191 2797 4249 novis
2842 4206 2955 4248 sua:
3001 4188 3267 4247 doctrinae
3300 4203 3472 4246 evan-

1889 4281 2076 4352 gelica;
2134 4283 2443 4353 praei-eptis,
2504 4284 2858 4339 stabilitatem
2920 4296 2985 4336 ac
3047 4281 3465 4352 perpetuitatem

1892 4371 2159 4442 adjunxit.
2191 4372 2404 4428 Rursus
2429 4372 2607 4428 Moses
2633 4379 2851 4442 gentem
2884 4369 3169 4427 Judaicam
3209 4371 3279 4425 ab
3324 4371 3470 4426 into-

197 4465 432 4537 πραεῖς,
466 4463 551 4516 δτι
593 4462 745 4517 αὐτοὶ
782 4461 1252 4534 κληρονομήσουσι
1295 4461 1394 4532 τὴν
1418 4461 1543 4531 γῆν.
1588 4481 1606 4514 ι
1639 4462 1783 4515 Πολὺ

1893 4461 2104 4516 lerahili
2153 4463 2438 4528 servitute,
2465 4478 2570 4534 qua
2602 4464 2671 4518 ab
2702 4460 2974 4534 Egyptiis
3011 4464 3378 4533 premebatur,
3410 4463 3469 4519 in

201 4556 495 4627 κρείττονα
535 4554 661 4625 γῆν,
695 4553 909 4625 άληθῶς
940 4555 1034 4608 καὶ
1068 4554 1227 4623 ἁγίαν
1266 4556 1362 4608 καὶ
1392 4552 1635 4626 θεοφιλῆ,
1665 4554 1787 4625 οὐχὶ

198 4647 308 4720 τὴν
341 4647 436 4701 ἐπὶ
465 4646 568 4717 τῆς
616 4646 903 4710 Ἰουδαίας,
936 4648 1018 4700 ὅτι
1068 4647 1234 4719 μηδὲν
1273 4646 1376 4716 τῆς
1417 4645 1612 4715 λοιπῆς
1647 4646 1785 4719 αὕτη

196 4741 515 4811 διενήνοχεν
532 4778 550 4802 ,
578 4737 712 4793 ἀλλὰ
740 4739 840 4811 τὴν
869 4739 988 4793 κατ’
1024 4737 1252 4810 οὐρανὸν
1282 4736 1482 4807 ψυχαῖς
1521 4736 1790 4807 φιλοθέοις

197 4832 614 4905 προσήκουσαν,
643 4834 756 4896 τοῖς
793 4829 1116 4903 κατορθοῦσι
1150 4830 1242 4883 τὸν
1262 4831 1401 4902 πρὸς
1447 4830 1612 4884 αὐτοῦ
1651 4846 1787 4884 κατ·

197 4922 546 4997 ηγγελμένον
579 4922 692 4993 βίον
724 4922 1112 4993 ὑποσχόμενος.
1152 4922 1218 4976 ⁸0
1256 4922 1321 4994 δὴ
1380 4921 1475 4976 καὶ
1509 4921 1790 4994 παριστὰς

200 5015 553 5086 λευκότερον,
589 5018 703 5080 τοῖς
746 5015 885 5087 πρὸς
924 5014 1089 5067 αὑτοῦ
1127 5013 1586 5085 μακαριζομένοις
1632 5012 1785 5083 βασι-

202 5110 363 5164 λείαν
404 5107 651 5180 οὐρανῶν
688 5107 1037 5178 κατήγγειλε.
1089 5106 1200 5160 Καὶ
1244 5104 1412 5169 ἄλλας
1457 5105 1515 5159 δὲ
1560 5103 1791 5175 πράξεις

204 5201 396 5274 εὕροις
436 5199 502 5254 ἂν
529 5199 636 5252 ὑπὸ
668 5198 762 5253 τοῦ
792 5197 1042 5269 Σωτῆρος
1069 5196 1227 5269 ήμῶν
1263 5195 1534 5268 κρείττονι
1571 5192 1605 5268 ἢ
1646 5195 1788 5249 κατὰ

202 5291 453 5349 Μωῦσέα
472 5290 700 5362 δυνάμει
727 5289 1034 5359 γεγονυίας,
1068 5286 1453 5358 παραπλησίας
1485 5303 1549 5355 γε
1578 5287 1683 5358 μὴν
1699 5280 1789 5351 αἷς

203 5382 306 5438 καὶ
334 5382 367 5436 δ
389 5382 630 5449 Μωῦσῆς
654 5379 999 5452 διεπράξατο.
1031 5372 1155 5432 υἷον
1183 5378 1260 5443 ὡς
1290 5378 1384 5431 ἐπὶ
1410 5378 1790 5449 παραδείγμα-

203 5487 322 5534 τος,
365 5468 611 5539 Μωῡσῆς
632 5465 827 5539 ἐφεξῆς
851 5467 1262 5540 τεσσαράκοντα
1289 5468 1501 5541 ἡμέρας
1534 5467 1789 5540 ἐνήστευ-

1893 4553 2197 4610 libertatem
2229 4556 2544 4611 vindicavit.
2564 4554 2815 4610 Christus
2847 4560 3085 4623 quoque,
3109 4569 3270 4608 omne
3293 4562 3467 4624 genus

1892 4644 2215 4712 humanum,
2252 4647 2320 4701 ab
2363 4647 2532 4717 impio
2573 4654 2735 4716 atque
2792 4644 3107 4716 Egyptiaco
3143 4643 3470 4700 simulacro¢

1891 4751 2013 4790 rum
2043 4736 2216 4804 cultu,
2246 4753 2358 4809 quo
2402 4738 2505 4793 sub
2557 4738 2718 4794 malis
2771 4735 3110 4792 daemonibus
3160 4735 3467 4803 tenebatur,

1891 4830 2170 4884 revocavit
2212 4830 2279 4884 ad
2328 4829 2655 4887 libertatem.
2719 4828 2963 4900 Denique
3030 4827 3209 4883 Moses
3264 4834 3470 4884 terram

1892 4928 2163 4985 sanctam,
2216 4928 2271 4976 et
2306 4921 2363 4976 in
2419 4936 2484 4976 ea
2539 4922 2703 4975 vitam
2745 4920 2856 4975 Deo
2897 4928 3106 4991 gratam
3154 4925 3209 4975 et
3253 4918 3469 4973 beatam

1892 5011 1983 5076 iis,
2015 5011 2109 5081 qui
2158 5013 2305 5084 leges
2355 5021 2657 5079 servarent,
2711 5012 2984 5085 promisit.
3028 5010 3206 5066 Simili
3260 5011 3472 5066 ratione

1894 5102 2054 5160 Jesus
2078 5103 2359 5170 Christus,
2399 5124 2419 5157 ‹
2449 5104 2623 5170 Beati,
2645 5105 2845 5175 inquit,
2874 5105 3054 5168 mites,
3083 5101 3341 5172 quoniam
3368 5102 3472 5171 ipsi

1894 5195 2253 5264 possidebunt
2281 5203 2483 5251 terram
2498 5196 2568 5260 δ’,
2608 5217 2628 5250 ι
2656 5196 2818 5266 longe
2843 5193 3034 5264 utique
3060 5191 3342 5249 meliorem
3370 5198 3474 5246 ter-

1892 5300 2034 5351 ram,
2069 5302 2307 5359 vereque
2359 5295 2606 5344 sanctam
2650 5303 2715 5343 ac
2758 5285 2869 5343 Deo
2917 5294 3151 5357 gratam,
3201 5298 3309 5337 non
3350 5295 3474 5336 eam

1896 5392 2018 5449 quae
2044 5388 2127 5435 est
2155 5379 2209 5434 in
2231 5379 2439 5445 Judaea,
2465 5396 2587 5451 qua;
2610 5381 2771 5452 plane
2799 5394 2830 5433 a
2861 5378 3089 5446 reliquis
3109 5375 3249 5432 nihil
3273 5372 3472 5438 diﬂ‘ert,

1898 5469 1995 5526 sed
2037 5469 2133 5527 Dei
2173 5472 2529 5528 amatricibus
2560 5471 2614 5526 in
2647 5470 2789 5527 coelo
2816 5468 3109 5525 animabus
3145 5464 3475 5521 convenieno

208 5577 327 5627 σεν,
353 5562 487 5633 ὡςή
522 5560 713 5633 Γραφὴ
756 5561 1025 5631 μαρτυρεῖ
1052 5558 1286 5627 λέγουσα
1308 5575 1322 5590 ο
1365 5578 1382 5611 ι
1423 5560 1530 5613 Καὶ
1561 5555 1632 5630 ἦν
1677 5560 1796 5614 ἐκεῖ

1900 5569 2028 5630 tem,
2057 5561 2166 5635 92
2200 5563 2267 5621 iis
2312 5563 2406 5635 qui
2445 5563 2664 5621 vivendi
2716 5563 2985 5622 rationem
3039 5575 3074 5616 ο
3128 5573 3189 5614 se
3240 5555 3474 5628 positam

284 5739 335 5772 ⁸³
364 5738 508 5796 Psai.
540 5754 618 5800 Ix,
649 5737 740 5792 2|.
810 5734 856 5769 "
896 5734 1085 5790 Matth.
1120 5751 1176 5802 τ,
1216 5738 1270 5793 4.

382 5837 657 5896 Ριτηοι.
702 5832 820 5893 GI.
856 5830 1054 5894 XXII.

3161 5830 3196 5887 ϐ
