3828 6216
386 301 481 355 171

1027 295 1306 353 EUSEBII.
1332 293 1820 360 CESARIENSlS
1850 294 2002 353 OPP.
2045 296 2227 352 PARS
2266 296 2329 351 il.
2377 328 2446 338 -—-
2484 297 2984 356 APOLOGETICA.

3518 306 3622 360 172

374 418 533 487 plene
562 414 992 477 observaverint,
1025 414 1325 486 pollicitus.
1354 413 1509 481 Quod
1541 416 1760 485 quidem
1789 430 1935 485 aper-

2051 416 2292 486 Μωῦσῆς
2314 416 2490 469 ἔναντι
2514 418 2715 489 Κυρίου
2733 418 3137 489 τεσσαράκοντα
3154 418 3261 490 ἡμέ
3269 435 3366 491 ρας
3393 422 3485 475 καὶ
3498 440 3622 476 τεσ-

371 511 481 564 tius
515 507 764 563 indicans
792 508 881 572 iis,
909 522 1048 579 quos
1081 507 1222 578 apud
1252 523 1311 563 se
1336 510 1525 563 beatos
1561 508 1776 564 futuros
1807 522 1943 578 prae-

369 600 603 668 dicabat,
615 615 845 671 regnum
874 600 1139 655 caelorum
1164 599 1474 669 appellavit.
1495 598 1787 662 Caeterum,
1808 598 1944 653 alias

369 706 587 762 quoque
615 707 706 746 res
737 705 766 744 a
797 689 1079 745 Salvatore
1100 698 1291 746 nostro
1314 700 1496 760 gestas
1524 690 1786 755 invenies,
1823 704 1945 758 quae

371 786 571 839 virtute
617 785 777 855 longe
815 784 1166 853 praestiterint
1204 784 1294 846 iis,
1333 798 1470 852 quas
1521 782 1698 838 Moses
1748 781 1940 844 edidit,

368 890 618 945 magnam
652 884 832 930 tamen
864 891 988 929 cum
1020 875 1278 930 Mosaicis
1320 875 1428 930 illis
1460 876 1720 929 habentes
1752 873 1945 928 simili—

370 969 634 1022 tudinem.
668 967 913 1038 Exempli
938 967 1112 1037 gratia
1154 985 1167 1021 :
1201 967 1379 1022 Moses
1411 973 1557 1020 totos
1580 965 1944 1035 quadraginta

369 1058 486 1113 dies
517 1058 738 1128 jejunus
780 1057 899 1113 fuit.
930 1057 1063 1111 Nam
1097 1057 1381 1127 Scriptura
1422 1057 1525 1112 hoc
1567 1057 1646 1111 illi
1705 1057 1944 1112 testimo-

368 1152 518 1204 nium
551 1151 787 1216 exhibet,
822 1167 843 1201 ‹
883 1159 938 1204 et
967 1150 1087 1215 fuit,
1130 1150 1327 1220 inquit,
1362 1149 1541 1205 Moses
1573 1150 1685 1204 illic
1715 1148 1769 1202 in
1803 1163 1941 1202 con-

369 1250 558 1310 spectu
615 1239 848 1294 Domini.
893 1239 1260 1309 Quadraginta
1313 1239 1433 1294 dies
1475 1246 1529 1293 et
1580 1238 1981 1309 quadraginta

370 1338 560 1384 noctes
614 1344 807 1399 panem
859 1343 967 1381 non
1013 1327 1145 1391 edit,
1182 1335 1236 1383 et
1268 1342 1466 1398 aquam
1512 1342 1621 1382 non
1675 1327 1883 1381 bibit‘:
1916 1345 1935 1379 ι

369 1421 554 1474 itidem
601 1420 764 1473 etiam
801 1418 1082 1474 Christus.
1115 1418 1328 1473 Etenim
1373 1420 1454 1473 sic
1500 1419 1765 1488 scriptum
1806 1424 1936 1473 est:

372 1529 392 1561 ι
426 1521 480 1564 et
510 1510 768 1580 agebatur
804 1509 861 1564 in
886 1508 1165 1565 desertum
1195 1510 1552 1580 quadraginta
1582 1508 1721 1575 dies,
1752 1516 1807 1564 et
1829 1516 1946 1564 ten-

367 1602 586 1655 tabatur
605 1616 635 1653 a
659 1601 898 1667 diabolo,
913 1609 967 1655 et
988 1601 1124 1654 nihil
1146 1600 1384 1655 eomedit
1419 1600 1474 1654 in
1501 1599 1695 1655 diebus
1725 1599 1885 1653 illis'.
1917 1619 1937 1652 ι

366 1691 580 1748 Rursus
615 1690 794 1746 Moses
825 1693 879 1746 in
904 1691 1120 1747 deserto
1157 1692 1411 1746 alimenta
1454 1693 1654 1762 populo
1684 1693 1936 1763 praebuit.

2048 509 2356 578 σαράκοντα
2393 511 2625 572 νύκτας,
2660 510 2825 583 ἄρτον
2853 509 2953 563 οὐκ
2980 509 3179 579 ἔφαγε,
3208 512 3304 565 καὶ
3342 512 3484 586 ὕδωρ
3519 517 3623 569 οὐκ

2044 598 2217 650 ἔπιεν.
2274 618 2292 648 ι
2359 598 2627 662 Ὡσαύτως
2678 599 2735 651 δὲ
2796 600 2887 653 καὶ
2930 602 2960 653 6
3008 602 3260 673 Χριστός.
3309 602 3619 675 Γέγραπται

2045 687 2203 755 γοῦν·
2253 706 2271 738 ι
2317 688 2425 740 Καὶ
2469 689 2635 758 ἡγετο
2674 691 2754 752 εἰς
2805 688 2903 760 τὴν
2956 688 3162 761 ἔρημον
3215 694 3623 763 τεσσαράκοντα

2044 780 2273 851 ἡμέρας,
2315 780 2710 851 πειραζόμενος
2743 781 2849 834 ὑπὸ
2887 780 2983 834 τοῦ
3030 782 3296 846 διαϐόλου,
3340 785 3433 837 καὶ
3468 785 3624 838 οὐδὲν

2044 870 2242 941 ἔφαγεν
2276 874 2336 924 ὲν
2363 873 2482 935 ταῖς
2509 871 2747 943 ἡμέραις
2775 871 3064 936 ἐκείναις.»
3102 874 3212 927 Καὶ
3254 874 3415 928 πάλιν
3453 876 3625 929 Μωῦ-
3683 931 3687 934 ,

2045 963 2145 1032 σῆς
2175 964 2233 1016 ὲν
2270 965 2335 1033 τῇ
2372 963 2562 1033 ἐρήμῳ
2604 961 2808 1033 τροφὰς
2848 962 2927 1033 τῷ
2957 962 3071 1033 λαῷ
3102 964 3361 1035 παρέσχε.
3388 965 3549 1033 Λέγει
3572 965 3621 1018 δ’

2042 1049 2135 1106 οὖν
2165 1056 2198 1124 ἡ
2236 1053 2458 1123 Γραφή·
2516 1072 2534 1103 ι
2598 1053 2729 1106 Ἰδοὺ
2765 1052 2876 1121 ἐγὼ
2910 1053 3102 1123 δίδωμι
3154 1054 3283 1123 ὑμῖν
3323 1053 3520 1125 ἄρτους
3553 1058 3624 1108 ὲκ

2041 1144 2136 1197 τοῦ
2181 1142 2432 1213 οὐρανοῦ.
2486 1162 2504 1195 ι
2540 1144 2647 1197 Καὶ
2693 1146 2806 1215 μετ’
2854 1144 3042 1211 όλίγα·
3087 1162 3106 1195 ι
3154 1144 3400 1213 Ἐγένετο
3448 1162 3625 1198 κατα-

2044 1239 2361 1309 παυομένης
2407 1238 2504 1307 τῆς
2534 1239 2725 1310 δρόσου
2759 1238 2943 1308 κύκλῳ
2974 1240 3073 1308 τῆς
3105 1238 3453 1310 παρεμϐολῆς
3472 1279 3488 1303 ,
3523 1240 3626 1291 καὶ

2048 1330 2156 1383 ἰδοὺ
2197 1330 2289 1382 ἐπὶ
2323 1329 2613 1400 πρόσωπον
2645 1330 2745 1399 τῆς
2779 1332 2985 1402 ἐρήμου
3021 1328 3214 1383 λεπτὸν
3259 1330 3391 1382 ὡσεὶ
3433 1329 3625 1399 κόριον

2042 1417 2254 1483 λευκὸν,
2286 1418 2419 1471 ὡσεὶ
2456 1419 2629 1486 πάγος
2662 1419 2755 1471 ἐπὶ
2786 1419 2886 1488 τῆς
2918 1420 3040 1489 γῆς.
3083 1437 3102 1470 ι
3145 1420 3255 1472 Καὶ
3282 1421 3310 1472 6
3338 1419 3527 1490 Σωτὴρ
3558 1419 3624 1472 δὲ

2043 1510 2136 1563 καὶ
2168 1510 2371 1582 Κύριος
2404 1509 2561 1581 ἡμῶν
2599 1509 2860 1573 ὡσαύτως
2902 1510 3037 1579 φησὶ
3084 1510 3217 1580 πρὸς
3261 1510 3386 1573 τοὺς
3422 1508 3623 1562 ἑαυτοῦ

2045 1602 2323 1674 μαθητάς·
2365 1621 2383 1653 ι
2413 1601 2476 1654 Τί
2506 1601 2869 1670 διαλογίζεσθε
2909 1602 2967 1654 ἐν
3000 1602 3233 1666 ἑαυτοῖς,
3262 1600 3623 1669 ὀλιγόπιστοι,

2043 1695 2124 1747 ὅτι
2156 1695 2353 1766 ἄρτους
2389 1695 2491 1747 οὐκ
2541 1693 2799 1758 ὲλάὸετε;
2834 1691 2986 1746 οὔπω
3029 1695 3199 1746 νοεῖτε
3235 1693 3358 1745 οὐδὲ
3404 1709 3625 1763 μνημο-

364 1784 501 1839 Nam
558 1784 838 1855 Scriptura
887 1786 967 1839 sic
1005 1784 1166 1838 habet
1207 1802 1220 1837 :
1255 1802 1274 1835 ι
1316 1783 1456 1839 Ecce
1511 1798 1613 1854 ego
1660 1785 1731 1839 do
1783 1784 1935 1839 vobis

2041 1786 2223 1839 νεύετε
2265 1787 2390 1849 τοὺς
2424 1786 2585 1839 πέντε
2613 1787 2812 1856 ἄρτους
2843 1784 2953 1838 τῶν
2995 1784 3473 1855 πεντακισχιλίων,
3519 1785 3624 1839 καὶ

364 1893 534 1946 panes
579 1878 647 1931 de
694 1877 893 1932 cmlo'.
931 1896 950 1928 ι
986 1875 1053 1929 Ει
1083 1876 1248 1945 paulo
1298 1884 1457 1946 post:
1487 1894 1506 1926 ι
1549 1875 1775 1930 Factum
1825 1884 1931 1940 est,

367 1969 565 2036 inquit,
602 1982 728 2021 cum
764 1966 1105 2022 subsedisset
1138 1980 1230 2019 ros
1259 1966 1463 2019 circum
1497 1976 1698 2028 castra,
1726 1974 1780 2019 et
1810 1981 1939 2021 ecce

366 2074 531 2129 super
559 2057 755 2112 faciem
796 2056 998 2112 deserti
1055 2056 1325 2110 minutum
1373 2056 1531 2126 quasi
1584 2055 1936 2110 coriandrum

366 2154 569 2214 album,
588 2150 743 2221 quasi
767 2150 886 2220 gelu
917 2164 1081 2218 super
1104 2157 1305 2203 terram
1324 2147 1366 2200 ’⁸.
1390 2167 1410 2198 ι
1443 2146 1692 2201 Salvator
1721 2161 1938 2217 quoque

367 2258 431 2298 ac
455 2244 720 2298 Dominus
746 2248 935 2296 noster
964 2240 1033 2295 ad
1056 2240 1358 2311 discipulos
1390 2255 1555 2295 suos:
1603 2258 1622 2291 ι
1653 2238 1819 2305 Quid,
1858 2240 1938 2293 in—

365 2336 501 2406 quit,
520 2333 835 2405 cogitatisin
851 2333 1004 2387 vobis
1022 2334 1173 2403 ipsis,
1194 2332 1413 2387 modicae
1436 2332 1579 2393 ﬁdei,
1600 2332 1743 2402 quod
1767 2346 1935 2402 panes

364 2442 474 2481 non
515 2424 838 2494 accepistis?
879 2424 1119 2478 nondum
1151 2424 1326 2488 scitis,
1359 2439 1535 2493 neque
1574 2423 1936 2478 recordamini

365 2516 607 2586 quinque
649 2529 816 2584 panes
855 2513 1098 2584 quinque
1122 2514 1389 2567 millium?
1414 2522 1469 2569 et
1506 2523 1641 2584 quot
1670 2514 1936 2585 cophinos

365 2606 684 2677 recepistis?
702 2620 879 2675 neque
906 2614 1132 2675 septem,
1160 2614 1398 2675 quatuor
1426 2605 1694 2659 millium?
1724 2614 1778 2660 et
1803 2613 1936 2675 quot

366 2706 580 2769 sportas
630 2698 899 2753 tulistis?II
933 2716 950 2747 ι
979 2694 1108 2751 Item
1150 2695 1363 2766 Moyses
1399 2711 1493 2766 per
1516 2695 1758 2751 medium
1785 2710 1936 2750 mare

366 2792 646 2860 ingressus
674 2796 778 2853 est,
797 2786 1107 2859 populoque
1136 2787 1350 2842 itineris
1383 2785 1493 2842 dux
1527 2786 1651 2841 fuit.
1671 2785 1761 2840 Sic
1788 2787 1933 2842 enim

368 2881 528 2936 habet
556 2878 839 2949 Scriptura
874 2898 888 2934 :
930 2897 949 2930 ι
989 2877 1242 2933 Extendit
1285 2878 1462 2934 Moses
1516 2894 1742 2933 manum
1774 2893 1931 2933 suam

364 2971 420 3024 in
452 2986 640 3026 mare:
666 2982 720 3026 et
753 2970 1012 3026 subduxit
1040 2969 1305 3025 Dominus
1349 2984 1501 3025 mare
1540 2978 1701 3025 vento
1748 2980 1935 3025 austro

365 3062 602 3116 violento
649 3070 820 3116 totum
851 3062 1015 3127 diem,
1052 3070 1105 3116 et
1137 3062 1263 3115 fecit
1304 3076 1453 3115 mare
1501 3061 1730 3124 siccum,
1766 3070 1820 3117 et
1851 3062 1936 3117 di-

364 3153 480 3207 visa
513 3161 599 3207 est
636 3168 799 3222 aqua,
834 3162 887 3208 et
937 3154 1275 3208 transierunt
1329 3151 1423 3205 ﬁlii
1473 3150 1640 3207 lsrael
1687 3168 1784 3223 per
1818 3168 1935 3207 me-

363 3243 513 3297 dium
552 3259 702 3299 mare
735 3244 789 3297 in
816 3247 1056 3307 sicco,et
1080 3259 1220 3315 aqua
1244 3245 1325 3300 eis
1352 3260 1541 3301 murus
1572 3260 1603 3298 a
1626 3244 1855 3309 dextris,
1881 3256 1936 3300 et

364 3349 554 3388 murus
612 3349 644 3388 a
697 3335 974 3391 sinistris“
1019 3355 1032 3389 :
1085 3354 1104 3387 ι
1153 3336 1317 3390 simili
1366 3344 1658 3406 potestate,
1705 3352 1771 3392 ac
1822 3337 1934 3393 Deo

362 3427 527 3482 etiam
563 3429 999 3486 convenientius.
1027 3426 1186 3483 Jesus
1223 3429 1315 3498 qui
1341 3428 1596 3484 Christus
1621 3436 1706 3484 est
1739 3428 1852 3497 Dei,
1878 3430 1935 3484 in

364 3516 653 3586 superﬁcie
691 3518 856 3571 maris
906 3518 1215 3589 ingrediens
1247 3517 1464 3574 Petrum
1499 3520 1626 3574 item
1662 3520 1730 3575 ad
1761 3537 1821 3575 se
1852 3520 1937 3574 in-

363 3608 555 3663 cedere
582 3624 747 3679 super
785 3610 971 3666 eadem
1010 3609 1154 3665 fecit.
1193 3610 1328 3665 Nam
1377 3611 1459 3666 sic
1501 3611 1764 3680 scriptum
1797 3619 1882 3666 est
1916 3629 1930 3666 :

368 3716 387 3750 ι
414 3699 619 3766 Quarta
665 3709 844 3756 autem
883 3702 1068 3772 vigilia
1118 3704 1319 3766 noctis,
1346 3704 1495 3757 venit
1522 3701 1684 3758 Jesus
1709 3702 1776 3756 ad
1808 3703 1934 3758 illos

361 3791 646 3846 ambulans
667 3806 832 3861 supra
861 3807 1033 3857 mare,
1053 3801 1244 3849 etcum
1266 3793 1535 3848 vidissent
1561 3793 1713 3847 illum
1739 3793 1934 3848 ambu-

363 3882 563 3936 lantem
580 3898 742 3952 supra
759 3899 929 3950 mare,
942 3885 1254 3939 conturbati
1271 3886 1457 3941 sunt".
1480 3904 1499 3937 ι
1521 3883 1584 3937 Et
1600 3885 1759 3956 paulo
1773 3894 1896 3955 post
1915 3904 1929 3940 :

368 3990 387 4024 ι
410 3972 765 4043 ltespondens
798 3981 977 4029 autem
1006 3975 1083 4028 illi
1099 3974 1315 4041 Petrus,
1342 3975 1478 4031 dixit
1498 3995 1512 4031 :
1531 3975 1779 4041 Domine,
1803 3976 1848 4030 si
1873 3984 1932 4030 tu

362 4066 584 4134 es,jube
599 4081 685 4121 me
699 4066 885 4121 venire
902 4065 969 4120 ad
992 4077 1043 4121 te
1064 4082 1228 4137 super
1244 4082 1448 4138 aquas:
1467 4068 1559 4124 ille
1580 4077 1761 4122 autem
1774 4067 1929 4131 dixit,

363 4156 498 4213 Veni
534 4179 545 4213 :
586 4167 641 4214 et
673 4159 1012 4215 descendens
1048 4160 1116 4214 de
1166 4160 1292 4214 navi
1336 4159 1570 4228 Petrus,
1617 4161 1933 4215 ambulabat

362 4267 526 4322 supra
571 4254 800 4323 aquas“.
843 4273 862 4305 ι
905 4252 1115 4309 Rursus
1149 4253 1348 4318 Moses,
1378 4263 1538 4308 vento
1577 4262 1764 4308 austro
1812 4253 1933 4305 vio-

361 4347 506 4399 lento
554 4361 704 4401 mare
749 4345 983 4400 solidum
1028 4345 1175 4402 feeit.
1225 4344 1361 4398 Nam
1393 4344 1678 4415 Scriptura
1712 4363 1726 4399 :
1767 4363 1786 4395 ι
1824 4343 1934 4397 Exn

2039 1877 2233 1942 πόσους
2263 1878 2518 1947 κοφίνους
2541 1876 2797 1942 ὲλάόετες
2825 1877 2946 1930 οὐδὲ
2966 1879 3094 1940 τοὺς
3121 1878 3261 1931 ἑπτὰ
3282 1877 3393 1930 τῶν
3419 1894 3627 1947 τετρα-

2038 1969 2341 2039 κισχιλίων,
2396 1969 2491 2022 καὶ
2528 1968 2700 2030 πόσας
2746 1968 3010 2039 σπυρίδας
3056 1967 3309 2033 ὲλάϐετε;
3370 1986 3390 2020 ι
3440 1969 3622 2022 Πάλιν

2037 2061 2276 2131 Μωῡσῆς
2295 2060 2385 2113 διὰ
2410 2061 2581 2131 μέσης
2603 2061 2701 2131 τῆς
2720 2060 2995 2130 θαλάσσης
3020 2059 3223 2129 διῆλθε,
3246 2060 3343 2113 καὶ
3369 2059 3461 2114 τὸν
3487 2060 3623 2113 λαὸν

2034 2149 2306 2221 ὡδήγησε.
2342 2151 2503 2218 Λέγει
2530 2150 2573 2202 δ’
2598 2145 2689 2204 οὖν
2722 2151 2755 2220 ἡ
2789 2150 2976 2219 Γραφή
2998 2167 3011 2179 ·
3046 2168 3064 2200 ι
3116 2149 3375 2216 Ἐξέτεινε
3407 2150 3622 2220 Μωσῆς

2036 2241 2133 2312 τὴν
2182 2244 2339 2314 χεῖρα
2388 2240 2556 2295 αὑτοῦ
2599 2242 2692 2295 ἐπὶ
2736 2243 2835 2313 τὴν
2877 2241 3169 2305 θάλασσαν,
3227 2243 3322 2296 καὶ
3359 2244 3620 2313 ὑπήγαγε

2036 2332 2241 2402 Κύριος
2282 2333 2379 2401 τὴν
2419 2332 2691 2386 θάλασσαν
2739 2332 2926 2404 ἀνέμῳ
2973 2334 3111 2403 νότῳ
3154 2333 3315 2405 βιαίῳ
3354 2334 3483 2403 ὅλην
3513 2333 3623 2405 τὴν

2038 2423 2272 2495 ἡμέραν,
2315 2424 2408 2476 καὶ
2445 2425 2668 2493 ἐποίησε
2695 2424 2794 2494 τὴν
2827 2423 3101 2478 θάλασσαν
3126 2425 3318 2497 ξηρὰν,
3342 2425 3435 2479 καὶ
3460 2425 3621 2496 ἐσχί-

2039 2514 2137 2585 σθη
2171 2514 2232 2567 τὸ
2262 2512 2426 2585 ὕδωρ,
2468 2514 2561 2568 καὶ
2597 2515 2809 2586 διῆλθον
2842 2519 2891 2569 οἱ
2930 2517 3035 2569 υίο)⁵
3072 2516 3284 2589 Ἰσραὴλ
3308 2516 3397 2569 διὰ
3439 2517 3622 2588 μέσης

2035 2609 2134 2677 τῆς
2177 2606 2452 2676 θαλάσσης
2497 2608 2637 2659 κατᾶ
2683 2608 2743 2660 τὸ
2779 2608 2962 2680 ξηρὸν,
3004 2609 3098 2662 καὶ
3144 2609 3202 2661 τὸ
3245 2609 3389 2680 ὕδωρ
3428 2610 3623 2672 αὐτοῖς

2034 2700 2212 2768 τεῖχος
2234 2699 2298 2749 ὲκ
2312 2696 2523 2761 δεξιῶν,
2546 2698 2640 2749 καὶ
2661 2700 2836 2767 τεῖχος
2857 2698 2914 2765 ἐξ
2946 2700 3259 2768 εὐωνύμων.
3276 2719 3294 2749 ι
3335 2698 3621 2764 Ὡσαύτως

2034 2786 2092 2839 δὲ
2143 2787 2238 2840 καὶ
2293 2788 2491 2857 μᾶλλον
2539 2787 2999 2860 θεοπρεπέστερον
3052 2789 3260 2860 Ἰησοῦς
3304 2791 3332 2841 6
3374 2791 3622 2860 Χριστὸς

2035 2878 2127 2932 τοῦ
2180 2877 2313 2931 Θεοῦ
2379 2879 2474 2932 ἐπὶ
2544 2880 2643 2950 τῆς
2709 2878 2983 2950 θαλάσσης
3049 2882 3446 2952 περιπατήσας,
3516 2882 3622 2933 καὶ

2034 2971 2125 3024 τὸν
2166 2972 2370 3043 Πέτρον
2408 2970 2611 3041 βαίνειν
2655 2974 2741 3023 ἐπ’
2788 2972 2956 3042 αὐτῆς
2999 2972 3240 3042 ἐποίησε.
3297 2972 3621 3042 Γέγραπται

2035 3063 2082 3117 δ’
2119 3057 2232 3116 οὖν’
2288 3081 2307 3113 ι
2351 3060 2601 3134 Τετάρτῃ
2641 3062 2697 3115 δὲ
2747 3061 2961 3133 φυλακῇ
3000 3063 3100 3132 τῆς
3143 3062 3333 3126 νυκτὸς
3375 3058 3533 3133 ἦλθεν
3588 3065 3623 3116 6

2048 3153 2254 3225 Ἰησοῦς
2285 3154 2421 3226 πρὸς
2465 3155 2666 3218 αὐτοὺς
2695 3152 3010 3225 περιπατῶν
3044 3154 3137 3206 ἐπὶ
3165 3157 3264 3224 τῆς
3301 3153 3618 3224 θαλάσσης·

2036 3248 2131 3299 καὶ
2166 3247 2363 3309 ἰδόντες
2401 3246 2562 3300 αὐτὸν
2599 3245 3000 3317 περιπατοῦντα
3035 3247 3127 3300 ἐπὶ
3166 3248 3265 3316 τῆς
3312 3245 3618 3316 θαλάσσης,

2036 3337 2434 3409 ἐταράχθησαν.
2476 3358 2497 3390 ι
2547 3339 2659 3392 Καὶ
2705 3339 2822 3408 μετ’
2855 3337 3040 3406 ὀλίγα·
3100 3352 3139 3389 ι’
3173 3338 3514 3408 Ἀποκριθεὶς
3554 3336 3620 3390 δὲ

2035 3428 2181 3499 αὐτῷ
2213 3431 2242 3482 ὁ
2275 3429 2479 3501 Πέτρος
2512 3426 2632 3482 εἷπε
2654 3445 2669 3459 ο
2719 3429 2914 3501 Κύριε,
2947 3431 2995 3481 εἰ
3028 3430 3091 3484 σὺ
3139 3424 3207 3494 εἴ,
3253 3429 3507 3482 κέλευσόν
3544 3446 3622 3498 με

2036 3520 2206 3573 ἐλθεῖν
2242 3522 2376 3593 πρὸς
2406 3522 2466 3573 σὲ
2504 3521 2597 3573 ἐπὶ
2654 3520 2723 3574 τὰ
2770 3520 2953 3574 ὕδατα.
3006 3521 3064 3573 '0
3092 3521 3147 3574 δὲ
3185 3517 3359 3574 εἶπεν.
3422 3519 3618 3574 Ἐλθέ⁶

2035 3614 2130 3666 καὶ
2191 3614 2434 3677 καταϐὰς
2497 3613 2605 3667 ἀπὸ
2650 3612 2745 3667 τοῦ
2818 3613 3005 3666 πλοίου
3071 3613 3279 3682 Πέτρος
3349 3613 3624 3685 περιεπά-

2034 3720 2197 3770 τησεν
2246 3704 2338 3756 ὲπὶ
2379 3704 2446 3757 τά
2487 3702 2673 3756 ὕδατα.
2712 3723 2730 3755 ι
2777 3703 2946 3756 Πάλιν
2986 3704 3227 3774 Μωῦσῆς
3256 3702 3443 3774 ἀνέμῳ
3473 3702 3621 3773 νότῳ

2037 3792 2192 3863 βιαίῳ
2240 3792 2409 3863 ἔπηξε
2446 3792 2545 3864 τὴν
2596 3792 2888 3848 θάλασσαν.
2922 3793 3083 3862 Λέγει
3111 3793 3155 3845 δ’
3184 3788 3278 3846 οὖν
3311 3796 3344 3862 ἡ
3383 3794 3422 3845 Γ
3427 3796 3617 3866 ραφή·

2040 3905 2057 3936 ι
2114 3884 2373 3949 Ἐξέτεινε
2401 3884 2458 3936 δὲ
2483 3886 2721 3956 Μωῦσῆς
2751 3885 2846 3956 τὴν
2877 3888 3032 3958 χεῖρα
3064 3886 3156 3938 ἐπὶ
3181 3885 3277 3956 τὴν
3309 3885 3617 3949 θάλασσαν,

2035 3975 2127 4027 καὶ
2180 3975 2429 4045 ὑπήγαγε
2489 3973 2693 4041 Κύριος
2744 3975 2843 4045 τὴν
2897 3974 3173 4028 θάλασσαν
3234 3975 3421 4046 ἀνέμῳ
3473 3976 3621 4047 νότῳ

2035 4065 2214 4135 βιαίῳ.
2266 4085 2284 4116 ι
2338 4065 2448 4118 Καὶ
2487 4064 2775 4136 ἐπιφέρει·
2832 4083 2849 4116 ι
2899 4066 3107 4136 Ἐπάγη
3158 4066 3227 4119 τὰ
3277 4068 3503 4138 κύματα
3554 4071 3621 4122 ὲν

2036 4158 2185 4228 μέσῳ
2209 4157 2309 4227 τῆς
2346 4156 2642 4227 θαλάσσης.
2683 4175 2703 4207 ι
2747 4155 3017 4219 Ὡσαύτως
3052 4156 3108 4209 δὲ
3143 4158 3235 4209 καὶ
3261 4156 3396 4210 πολὺ
3426 4174 3621 4228 κρειτ-

2030 4247 2197 4309 τόνως
2228 4247 2257 4298 6
2292 4244 2479 4316 Σωτὴρ
2513 4244 2668 4316 ἡμῶν
2713 4245 3013 4314 ἐπετίμησε
3063 4244 3141 4315 τῷ
3187 4246 3374 4317 ἀνέμῳ
3417 4246 3617 4319 καὶτῇ

2032 4334 2294 4407 θαλάσσῃ,
2340 4336 2432 4388 καὶ
2466 4336 2681 4404 ἐγένετο
2711 4333 2920 4404 γαλήνη
2958 4334 3187 4405 μεγάλη.
3226 4333 3393 4388 Πάλιν
3444 4335 3619 4388 Merli-

361 4437 555 4498 tendit,
585 4436 905 4507 93'inquit
933 4476 949 4500 ,
987 4434 1163 4491 Moses
1196 4451 1412 4490 manum
1467 4450 1634 4505 super
1664 4449 1835 4497 mare,
1875 4442 1930 4488 et

2038 4427 2169 4490 σέως
2200 4425 2309 4480 ἀπὸ
2337 4425 2431 4478 τοῦ
2465 4426 2623 4498 ὅρους
2648 4425 2945 4488 κατιόντος,
2988 4424 3049 4476 τὸ
3080 4424 3368 4494 πρόσωπον
3399 4425 3620 4495 ἑωρᾶτο

362 4530 582 4584 sustulit
612 4528 872 4584 Dominus
895 4542 1045 4584 mare
1082 4536 1243 4583 vento
1269 4536 1457 4582 austro
1482 4527 1724 4581 violento
1748 4566 1764 4590 ,
1810 4545 1828 4575 ι
1862 4540 1924 4579 ac

361 4619 682 4689 subjungit:
724 4637 744 4670 ι
787 4617 1067 4675 Steterunt
1094 4617 1253 4672 undae
1276 4618 1330 4671 in
1364 4617 1543 4674 medio
1565 4618 1698 4671 mari
1732 4616 1929 4671 '.»Ea-

360 4710 481 4765 dem
506 4712 714 4764 ratione
741 4724 805 4763 ac
834 4710 1007 4763 multo
1032 4708 1250 4778 quidem
1282 4707 1651 4777 praestantius.
1680 4705 1930 4762 Salvator

362 4808 547 4852 noster
583 4817 601 4849 ι
638 4799 911 4868 increpuit
941 4806 1156 4852 ventum
1210 4804 1265 4850 et
1300 4810 1451 4851 mare
1481 4833 1498 4860 ,
1553 4803 1608 4850 et
1653 4794 1795 4848 facta
1845 4804 1929 4855 est

361 4888 726 4957 tranquillitas
752 4901 947 4958 magna
976 4888 1042 4942 ¹⁶.
1080 4907 1098 4939 ι
1128 4885 1295 4941 Mosis
1323 4887 1452 4940 item
1481 4885 1684 4948 vultus,
1709 4899 1832 4938 cum
1863 4883 1933 4939 de

362 4989 545 5035 monte
576 4978 954 5044 descenderet,
1006 4979 1335 5033 cernebatur
1370 4977 1562 5047 plenus
1594 4976 1785 5047 gloria.
1842 4975 1932 5030 Sic

362 5074 508 5126 enim
536 5071 802 5141 scriptum
826 5078 912 5125 est
940 5087 955 5124 :
1004 5088 1023 5120 ι
1065 5069 1411 5125 Descendens
1443 5076 1623 5125 autem
1654 5067 1831 5124 Moses
1865 5067 1933 5123 de

366 5174 551 5219 monte
574 5202 591 5227 ,
632 5163 749 5234 ipse
776 5163 1054 5219 nesciebat
1094 5162 1240 5232 quod
1282 5162 1617 5232 gloriﬁcatus
1664 5169 1811 5216 esset
1844 5176 1936 5215 as-

371 5268 562 5328 pectus
577 5257 719 5312 cutis
731 5254 887 5311 faciei
905 5271 1037 5318 suae,
1053 5255 1180 5309 dum
1196 5256 1263 5309 ad
1285 5255 1461 5324 ipsum
1488 5254 1799 5323 loqueretur
1836 5271 1849 5306 :
1879 5262 1934 5307 et

371 5352 505 5404 vidit
557 5349 776 5412 Aaron,
818 5363 1116 5417 omnesque
1173 5348 1417 5402 seniores
1470 5345 1703 5400 ﬁliorum
1761 5344 1930 5399 lsrael

364 5437 549 5493 Mosen
579 5476 595 5501 ,
647 5445 702 5492 et
748 5444 866 5492 erat
915 5436 1248 5508 gloriﬁcatus
1298 5445 1550 5505 aspectus
1588 5435 1731 5490 cutis
1771 5433 1929 5488 l‘aciei

2034 4519 2246 4591 πλήρης
2287 4518 2463 4588 δόξης.
2500 4519 2811 4590 Γέγραπται
2854 4519 2898 4571 δ’
2932 4514 3053 4572 οὖν·
3105 4535 3124 4567 ι
3165 4517 3527 4571 Καταὸαίνων
3566 4518 3619 4571 δ’

2033 4612 2194 4675 αὐτὸς
2222 4615 2287 4665 ὲκ
2317 4611 2410 4664 τοῦ
2433 4611 2592 4683 ὅρους
2618 4612 2875 4682 Μωῦσῆς,
2909 4611 3008 4664 οὐκ
3027 4610 3165 4682 ᾔδει,
3190 4611 3272 4662 ὅτι
3296 4610 3623 4676 δεδόξασται

2032 4706 2065 4773 ἡ
2101 4703 2221 4773 ὄψις
2252 4702 2346 4756 τοῦ
2377 4704 2584 4774 χρωτὸς
2615 4703 2708 4758 τοῦ
2752 4703 3043 4775 προσώπου
3089 4701 3273 4761 αὐτοῦ,
3309 4704 3367 4755 ὲν
3411 4701 3491 4773 τῷ
3515 4703 3625 4756 αὐ-

2035 4794 2128 4848 τὸν
2159 4792 2337 4847 λαλεῖν
2382 4794 2562 4865 αὐτῷ’
2595 4794 2688 4847 καὶ
2734 4790 2870 4846 εἶδεν
2910 4791 3137 4864 Ἀαρὼν,
3184 4792 3279 4846 καὶ
3315 4792 3517 4856 πάντες
3560 4794 3623 4845 οἱ

2033 4885 2391 4956 πρεσϐύτεροι
2430 4886 2539 4939 τῶν
2581 4885 2712 4938 υἱῶν
2751 4885 2963 4955 Ἰσραὴλ
2994 4884 3084 4938 τὸν
3116 4884 3375 4955 Μωῦσῆν,
3412 4885 3505 4937 καὶ
3540 4878 3624 4955 ἦν

2029 4975 2390 5047 δεδοξασμένη
2430 4978 2464 5048 ὴ
2510 4976 2632 5044 ὄψις
2657 4976 2750 5029 τοῦ
2785 4977 2991 5048 χρωτὸς
3033 4975 3124 5029 τοῦ
3166 4974 3462 5046 προσώπου
3508 4976 3623 5028 αὺ-

2032 5065 2142 5121 τοῦ.
2184 5086 2203 5119 ι
2247 5068 2515 5130 Ὡσαύτως
2560 5068 2618 5120 δὲ
2665 5070 2760 5121 καὶ
2799 5068 2932 5120 πολὺ
2966 5067 3325 5138 διαφερόντως
3355 5069 3384 5120 6
3415 5066 3627 5138 ἡμέτε-

2037 5175 2128 5229 ρος
2150 5159 2361 5231 Σωτὴρ,
2391 5158 2681 5229 ἀναγαγὼν
2714 5162 2839 5223 τοὺς
2872 5158 3064 5213 ἑαυτοῦ
3098 5158 3344 5230 μαθητὰς
3374 5162 3456 5223 εἰς
3486 5160 3624 5231 ὅρος

2038 5249 2239 5320 ὑψηλὸν
2291 5250 2429 5316 λίαν,
2474 5251 2871 5322 μετεμορφώθη
2922 5251 3230 5322 ἔμπροσθεν
3271 5251 3471 5315 αὐτῶν,
3517 5251 3624 5305 καὶ

2037 5342 2244 5413 ἔλαμψε
2271 5343 2331 5396 τὸ
2365 5344 2651 5414 πρόσωπον
2679 5343 2843 5398 αὑτοῦ
2876 5343 2952 5407 ὡς
2983 5345 3012 5397 6
3041 5342 3211 5413 ἥλιος,
3237 5342 3306 5396 τὰ
3334 5343 3393 5396 δὲ
3423 5343 3627 5413 ἱμάτια

2034 5434 2198 5489 αὑτοῦ
2233 5435 2446 5504 ἐγένετο
2476 5434 2645 5489 λευκὰ
2682 5436 2758 5500 ὼς
2788 5436 2850 5489 τὸ
2873 5435 3007 5505 φῶς.
3055 5435 3223 5489 Πάλιν
3250 5435 3491 5505 Μωῡσῆς
3521 5433 3626 5487 λε-

436 5667 451 5697 ¹
482 5665 648 5719 Exod.
682 5678 869 5723 xxxiv,
900 5661 992 5716 28.
1066 5664 1087 5694 ³
1116 5661 1247 5716 an.
1282 5677 1352 5723 tv,
1380 5660 1496 5715 l-2.
1568 5662 1589 5692 ³
1616 5659 1786 5714 Exod.
1820 5675 1931 5724 xw,
1967 5658 2020 5712 5.
2102 5659 2123 5690 ⁸
2146 5657 2279 5712 Ibid.
2314 5659 2500 5723 15,”.
2578 5661 2598 5691 '
2634 5658 2824 5714 Matth.
2862 5673 2976 5721 va,
3013 5657 3159 5714 8-l0.
3238 5657 3259 5688 ⁶
3288 5655 3463 5711 Exod.
3496 5672 3625 5724 xxv,

365 5735 552 5797 $.92.
629 5736 648 5767 ⁷
680 5733 868 5790 Matth.
893 5748 1002 5795 xw,
1027 5731 1119 5799 25,
1143 5731 1231 5787 26.
1309 5732 1329 5765 ’
1356 5731 1491 5786 Ibid.
1517 5729 1699 5798 28,29.
1776 5731 1796 5761 ’
1821 5728 1931 5783 Exo

2038 5745 2133 5793 uv,
2158 5728 2348 5796 2|,22.
2428 5731 2471 5762 ¹⁰
2505 5728 2694 5784 Matth.
2721 5729 2963 5791 vm,26;
2997 5724 3129 5784 Luc.
3166 5744 3281 5788 vm.
3316 5728 3407 5783 24.
