3828 6216
229 330 339 386 13

1140 329 1801 390 DEMONSTRATIONIS
1844 320 2305 389 EVANGELICIE
2342 328 2476 387 LIB.
2522 325 2610 386 Ili.

3410 333 3510 385 I74

224 441 364 511 πρὸν
397 442 713 517 ἐκαθάρισε.
746 445 1059 518 Γέγραπται
1089 446 1134 500 δ’
1168 442 1295 500 οὖν⁸
1338 466 1357 496 ι
1400 448 1509 500 Kal.
1545 446 1653 501 ίδοὺ
1681 447 1804 500 Μα-
1834 483 1845 508 λ

1913 445 2027 514 ejus
2059 446 2124 500 ¹¹.
2157 463 2177 497 ι
2213 442 2388 499 Simili
2414 444 2645 509 ratione,
2676 448 2730 498 et
2766 441 2929 513 longe
2974 440 3194 506 quidem
3223 443 3496 499 excellen-

228 534 320 603 ρία
357 534 616 607 λεπρῶσα
661 537 795 590 ὡσεὶ
836 537 990 609 χιών.
1031 558 1053 592 ι
1104 540 1215 594 Καὶ
1251 541 1368 612 μετ’
1405 538 1597 609 ὀλίγαο
1642 556 1661 589 ι
1702 539 1817 592 Καὶ

224 625 420 697 ἐϐόησε
446 629 687 699 Μωῦσῆς
730 630 866 699 πρὸς
905 630 1132 702 Κύριον,
1167 632 1342 700 λέγων
1364 649 1378 663 ⁸
1421 632 1479 684 '0
1512 630 1665 695 Θεὸς,
1696 630 1819 683 δέοι

228 734 349 789 μαι,
383 719 531 772 ἴασαι
555 720 746 789 αὐτὴν.
781 741 801 773 ι
840 721 1112 786 Ὡσαύτως
1138 723 1194 775 δέ
1220 724 1313 776 καὶ
1344 722 1554 794 μείζονι
1586 722 1813 793 δυνάμει

225 811 475 877 ἐξουσίας
522 812 553 863 6
595 811 832 884 Χριστὸς
885 812 980 866 τοῦ
1028 813 1186 878 Θεοῦ,
1226 814 1618 885 προσελθόντος
1662 813 1815 884 αὐτῷ

224 901 428 973 λεπροῦ
456 903 548 956 καὶ
565 905 855 974 φήσαντος,
885 923 906 955 σ
929 904 1054 958 Ἐὰν
1071 905 1251 979 θέλῃς,
1284 906 1505 960 δύνασαί
1543 923 1609 977 με
1645 906 1815 960 καθα-

226 993 398 1063 ρίσαι,
454 996 822 1065 ἀπεκρίνατο·
869 996 1038 1059 Θέλω,
1073 996 1464 1069 καθαρίσθητιο
1498 999 1588 1051 καὶ
1613 996 1814 1050 ἐκαθα-

226 1085 389 1157 ρίσθη
451 1086 621 1140 αὐτοῦ
671 1089 705 1158 ή
742 1088 936 1160 λέπρα.
984 1108 1002 1141 ι
1056 1089 1224 1144 Πάλιν
1278 1090 1518 1160 Μωῦσῆς
1566 1089 1815 1161 δακτύλῳ

223 1176 360 1230 Θεοῦ
383 1179 552 1250 ἔφησε
579 1180 672 1234 τὸν
714 1180 877 1251 νόμον
911 1181 1238 1252 γεγράφθαι.
1274 1183 1589 1253 Γέγραπται
1617 1183 1660 1236 δ’
1693 1179 1811 1236 οὖν’

231 1285 254 1318 ο
296 1269 409 1322 Καὶ
454 1269 624 1323 ἔδωκε
666 1269 745 1340 τῷ
793 1271 1038 1333 Μωῦσεί,
1086 1270 1247 1340 ήνίκα
1295 1271 1606 1325 κατέπαυσε
1638 1271 1814 1325 λαλῶν

221 1360 372 1431 αὐτῷ
413 1364 473 1414 ἐν
499 1361 580 1432 τῷ
616 1362 732 1435 ϐρει
766 1363 916 1428 Σινᾶ,
963 1362 1063 1425 τάς
1104 1362 1196 1415 δύο
1227 1363 1440 1427 πλάκας
1482 1363 1574 1416 τοῦ
1613 1381 1817 1435 μαρτυ-

227 1452 366 1522 ρίου,
403 1452 621 1517 πλάκας
650 1454 856 1518 λιθίνας
901 1455 1291 1526 γεγραμμένας
1333 1455 1410 1525 τῷ
1442 1456 1689 1528 δακτύλῳ
1722 1457 1814 1510 τοῦ

222 1542 381 1597 Θεοῦ.
416 1564 437 1596 ι
475 1546 588 1598 Καὶ
628 1548 686 1599 ἐν
714 1549 779 1618 τῇ
831 1546 1060 1615 Ἐξόδῳο
1094 1566 1113 1597 σ
1155 1544 1324 1600 Εἶπον
1355 1543 1448 1601 οῦν
1484 1550 1534 1601 οἱ
1578 1549 1816 1603 ἐπαοιδοὶ

223 1635 304 1706 τῷ
337 1635 574 1706 Φαραώ·
630 1657 648 1688 ι
691 1639 971 1703 Δάκτυλος
1002 1640 1137 1693 Θεοῦ
1165 1642 1281 1694 ἐστι
1336 1641 1511 1694 τοῦτο.
1557 1660 1575 1692 ο
1627 1641 1817 1694 Ὡσαύ-

223 1744 332 1789 tu);
366 1726 425 1780 δὲ
468 1727 565 1780 καὶ
610 1728 821 1798 Ἰησοῦς
860 1731 889 1782 6
929 1729 1165 1803 Χριστὸς
1195 1731 1289 1784 τοῦ
1338 1730 1473 1784 Θεοῦ
1507 1734 1621 1794 τοῖς
1651 1733 1817 1801 Φαριο

1915 535 2025 590 tius
2054 574 2070 598 ν
2102 533 2354 588 Salvator
2381 543 2568 588 noster
2601 550 2618 583 ι
2646 546 2771 586 cum
2804 530 3053 585 duxisset
3090 544 3221 585 suos
3253 529 3497 599 discipu-

1915 627 1998 682 los
2027 626 2082 680 in
2119 633 2360 681 montem
2390 626 2668 682 excelsum
2714 625 2871 681 valde
2892 663 2907 690 ,
2953 621 3376 694 transfiguratus
3410 632 3498 678 est

1915 733 2097 775 coram
2128 718 2232 783 eis,
2264 726 2319 773 et
2347 718 2685 790 resplenduit
2716 717 2883 772 facies
2912 715 3032 786 ejus
3074 722 3132 769 ut
3172 714 3254 770 sol
3279 756 3294 781 ,
3325 714 3496 769 vesti-

1918 819 2102 865 menta
2148 818 2330 865 autem
2370 810 2491 880 ejus
2544 809 2688 864 facta
2740 817 2870 865 sunt
2914 808 3034 862 alba
3069 808 3213 863 sicut
3245 806 3337 860 lux
3370 807 3434 861 ¹².
3469 825 3491 858 ι

1916 901 2094 958 Moses
2122 903 2251 956 item
2290 902 2565 971 leprosum
2602 900 2903 956 mundavit.
2931 899 3211 970 Siquidem
3229 900 3493 970 scriptum

1913 1000 1999 1048 est
2031 1011 2046 1046 :
2082 1010 2102 1045 ι
2148 992 2216 1046 Ει
2241 1008 2369 1048 ecce
2399 992 2567 1046 Maria
2600 996 2746 1063 lepra
2781 994 3020 1048 candens
3064 994 3208 1048 sicut
3241 993 3334 1047 nix
3358 993 3424 1045 ¹³.
3470 1010 3489 1043 ι

1915 1083 1982 1137 Ει
2009 1085 2171 1154 paulo
2205 1092 2328 1154 post
2360 1102 2374 1139 :
2419 1101 2438 1133 ι
2485 1083 2551 1137 Ει
2579 1085 2828 1139 clamavit
2856 1083 3031 1139 Moses
3062 1084 3129 1138 ad
3175 1082 3495 1149 Dominum,

1915 1175 2103 1231 dicens
2133 1194 2146 1229 :
2185 1175 2353 1243 Deus,
2379 1177 2631 1242 obsecro,
2668 1192 2801 1231 sana
2831 1191 2952 1230 eam
2975 1175 3036 1231 ιδ.
3076 1194 3096 1227 ι
3143 1173 3320 1230 Simili
3362 1190 3495 1246 ergo

1914 1267 2131 1322 ratione
2157 1307 2172 1334 ,
2208 1268 2303 1322 sed
2337 1268 2495 1338 longe
2524 1268 2717 1337 majori
2763 1276 3035 1338 potestate
3065 1268 3318 1324 Christus
3347 1268 3441 1322 Dei
3475 1307 3492 1334 ,

1915 1374 2041 1414 cum
2088 1360 2157 1414 ad
2206 1374 2328 1413 eum
2388 1360 2641 1429 leprosus
2699 1361 3065 1423 accessisset,
3105 1361 3490 1431 dixissetque:

1921 1467 1940 1500 ι
1965 1448 2023 1503 Si
2054 1450 2156 1511 vis,
2185 1458 2340 1519 potes
2362 1464 2448 1505 me
2475 1450 2758 1505 mundare.
2782 1450 3116 1521 Respondit:
3148 1450 3305 1513 Volo,
3340 1466 3495 1505 mund»

1915 1539 2067 1604 dare,
2101 1549 2155 1596 et
2182 1541 2443 1595 mundata
2471 1551 2555 1596 est
2587 1541 2706 1610 ejus
2737 1543 2885 1611 lepra
2916 1544 2980 1596 ’⁵.
3022 1562 3041 1594 ι
3076 1542 3292 1597 Rursus
3315 1539 3497 1597 Moses

1916 1630 2086 1703 digito
2121 1631 2216 1687 Dei
2262 1633 2522 1702 scriptam
2566 1648 2688 1688 esse
2737 1634 2906 1703 legem
2957 1632 3262 1688 affirmavit.
3292 1631 3497 1702 Nempe

1918 1729 1998 1779 sic
2029 1726 2295 1795 scriptum
2347 1733 2432 1780 est
2466 1744 2479 1779 :
2514 1743 2532 1775 ‹
2571 1724 2637 1779 Et
2678 1725 2826 1780 dedit
2868 1724 3003 1781 Mosi
3032 1766 3047 1790 ,
3085 1742 3207 1780 cum
3241 1725 3495 1781 desiisset

226 1817 400 1882 σαίοις
441 1818 627 1888 ἔλεγεν
653 1838 665 1851 ο
692 1838 710 1870 ι
735 1821 799 1873 Εί
831 1822 886 1874 δὲ
913 1800 1260 1893 ἐν-δακτύλῳ
1289 1821 1423 1875 Θεοῦ
1468 1822 1714 1876 ἐκϐάλλω
1742 1800 1812 1876 τὰ

1917 1816 2064 1886 loqui
2090 1815 2157 1869 ad
2183 1831 2307 1871 eum
2334 1816 2387 1869 in
2412 1823 2595 1871 monte
2628 1814 2758 1870 Sina
2784 1856 2800 1884 ,
2828 1816 2967 1871 duas
2993 1816 3211 1871 tabulas
3243 1817 3494 1872 testimo-

222 1907 494 1979 δαιμόνια.
527 1930 545 1960 ι
582 1911 709 1980 Ἐφ’
751 1912 893 1977 ὅλοις
931 1914 1142 1978 τούτοις
1186 1915 1428 1983 Μωῦσῆς
1464 1915 1813 1985 μετωνόμασε

221 2000 315 2053 τὸν
361 2001 591 2071 Ἰησοῦν.
630 2002 904 2067 Ὡσαύτως
934 2003 990 2057 δὲ
1025 2005 1118 2058 καὶ
1162 2007 1191 2059 6
1226 2005 1415 2078 Σωτὴρ
1457 2006 1550 2059 τὸν
1596 2006 1815 2076 Σίμωνα

224 2091 453 2161 Πέτρον.
477 2092 589 2146 καὶ
609 2093 767 2147 πάλιν
793 2111 807 2127 ·
834 2096 1072 2167 Μωῦσῆς
1099 2096 1402 2165 κατέστησε
1423 2096 1500 2167 τῷ
1523 2097 1636 2167 λαῷ
1659 2101 1816 2167 ἡγου-

227 2182 424 2251 μένους
457 2182 843 2255 ἐϐδομήκοντα.
877 2186 1041 2253 Λέγει
1067 2186 1111 2239 δ’
1150 2183 1242 2240 οὖν
1272 2188 1304 2258 ή
1330 2188 1519 2259 Γραφή
1545 2204 1559 2217 θ
1596 2209 1613 2238 ι
1648 2189 1814 2242 Συνά-

222 2274 366 2341 γαγέ
402 2291 490 2344 μοι
533 2275 904 2346 ἐϐδομήκοντα
955 2278 1175 2349 ἄνδρας,
1212 2278 1321 2331 ἀπὸ
1365 2279 1474 2331 τῶν
1518 2280 1816 2351 πρεσϐυτέ-

226 2381 337 2435 ρων
375 2364 615 2435 ἰσραὴλ,
644 2368 740 2420 καὶ
772 2366 956 2435 ἀφελῶ
991 2368 1098 2421 ἀπὸ
1130 2368 1224 2421 τοῦ
1261 2368 1571 2440 πνεύματος
1602 2369 1695 2423 τοῦ
1723 2371 1816 2424 ἐπὶ

226 2456 330 2518 σοὶ,
377 2458 474 2509 καὶ
512 2457 762 2528 ἐπιθήσω
792 2460 877 2512 ἐπ’
912 2460 1111 2524 αὐτούς
1135 2477 1151 2491 ·
1194 2461 1288 2514 καὶ
1323 2464 1630 2534 συνήγαγεν
1665 2462 1816 2516 ἐϐδο-

226 2545 477 2615 μήκοντα
502 2545 723 2617 ἄνδρας.
760 2567 779 2598 ι
820 2548 1095 2613 Ὡσαύτως
1125 2550 1183 2604 δὲ
1215 2551 1311 2604 καὶ
1342 2552 1370 2603 ό
1392 2551 1583 2623 Σωτὴρ
1614 2553 1818 2607 ἀνέδει-

225 2636 317 2701 ξεν
346 2636 514 2689 αὑτοῦ
545 2637 794 2707 μαθητὰς
820 2640 1213 2711 ἐϐδομήκοντα,
1244 2643 1338 2696 καὶ
1369 2642 1685 2697 ἀπέστειλεν
1712 2646 1816 2700 ἀνὰ

223 2726 319 2779 δύο
346 2727 456 2799 πρὸ
480 2728 773 2799 προσώπου
802 2731 987 2784 αὑτοῦ.
1014 2734 1126 2786 Καὶ
1157 2733 1319 2787 πάλιν
1347 2736 1587 2807 Μωῡσῆς
1609 2737 1817 2792 δώδεκα

223 2817 427 2891 ἄνδρας
467 2819 742 2892 ἐξέπεμψε
765 2823 865 2893 τὴν
898 2824 1002 2894 γῆν
1044 2826 1578 2897 κατασκεψομένους.
1626 2829 1819 2883 Ὡσαύ-

223 2927 334 2974 τως
367 2910 425 2963 δὲ
455 2912 551 2964 καὶ
592 2913 727 2966 πολὺ
756 2918 1004 2986 κρεῖττον
1035 2917 1064 2969 6
1095 2916 1364 2988 ἡμέτερος
1393 2918 1584 2990 Σωτήρ
1608 2918 1817 2974 δώδεκα

224 3003 563 3069 ἀποστόλους
622 3005 1003 3073 ἐξαπέστειλεν
1056 3008 1457 3079 ἐπισκέψασθαι
1517 3010 1694 3065 πάντα
1746 3013 1817 3067 τά

1916 1911 1993 1965 nii
2026 1950 2041 1973 ,
2084 1910 2302 1966 tabulas
2330 1911 2575 1979 lapideas
2599 1904 3034 1981 scriptasdigito
3063 1908 3157 1964 Dei
3190 1909 3253 1962 η.
3295 1928 3314 1961 ι
3344 1907 3411 1962 Ει
3438 1909 3497 1964 in

1917 2002 2108 2058 Exodo
2142 2021 2155 2057 ε
2194 2022 2212 2053 σ
2252 2001 2517 2058 Dixerunt
2564 2002 2729 2072 igitur
2770 2003 3138 2058 incantatores
3182 1999 3493 2064 Pharaoni,

1914 2094 2119 2164 digitus
2148 2092 2243 2150 Dei
2287 2102 2372 2149 est
2405 2094 2495 2148 hic
2544 2094 2609 2149 ιτ.
2663 2114 2681 2145 ι
2715 2093 2901 2148 Itidem
2930 2091 3092 2149 Jesus
3133 2102 3370 2167 unue,
3400 2084 3497 2162 qui

1914 2186 2169 2242 Christus
2201 2193 2285 2242 cst
2317 2185 2410 2240 Dei
2436 2225 2451 2248 ,
2477 2184 2768 2241 Pharisaais
2790 2185 3006 2239 dicebat
3044 2203 3058 2239 :
3089 2202 3108 2235 ι
3139 2183 3197 2237 Si
3228 2191 3407 2239 autem
3441 2184 3494 2237 iu

1915 2277 2086 2347 digito
2118 2277 2211 2331 Dci
2238 2276 2399 2345 ejicio
2422 2277 2690 2331 daemonia
2714 2276 2777 2330 ³⁸.
2808 2295 2828 2328 ι
2853 2275 2936 2329 Ad
2963 2275 3078 2329 haec
3104 2275 3288 2329 omnia
3312 2266 3497 2330 Moses

1916 2368 2288 2424 denominavit
2313 2367 2500 2423 Jesum
2549 2367 2715 2423 Nave.
2769 2366 2893 2421 Pari
2918 2367 3131 2420 ratione
3177 2365 3341 2421 etiam
3371 2363 3495 2419 Sal-

1915 2471 2072 2518 vator
2104 2460 2382 2518 SimOnem
2412 2461 2655 2517 Petrum.
2701 2461 2880 2530 Atque
2914 2461 3043 2514 item
3082 2457 3262 2514 Moses
3289 2451 3498 2514 consti-

1916 2554 2021 2607 tuit
2052 2555 2253 2623 populo
2278 2593 2293 2617 ,
2329 2554 2420 2623 qui
2470 2560 2769 2622 praeessent
2797 2550 3163 2620 septuaginta.
3202 2548 3485 2619 Siquidem

1917 2642 2051 2697 dicit
2084 2641 2368 2712 Scriptura
2397 2661 2410 2696 :
2450 2660 2468 2692 ι
2507 2642 2786 2712 Congrega
2820 2640 2951 2693 mihi
2984 2639 3326 2710 septuaginta
3348 2639 3497 2691 viros

1917 2735 1985 2791 de
2011 2735 2323 2792 senioribus
2353 2734 2520 2789 Israel
2548 2773 2565 2799 ,
2598 2740 2654 2789 et
2684 2731 2926 2787 auferam
2973 2730 3041 2785 de
3066 2731 3263 2801 Spiritu
3305 2729 3397 2799 qui
3438 2728 3493 2783 in

1918 2834 1971 2883 te
2002 2834 2127 2891 est,
2159 2834 2215 2881 et
2244 2827 2530 2881 immittam
2567 2826 2621 2880 in
2643 2840 2738 2881 eos
2765 2843 2778 2878 :
2820 2834 2875 2878 et
2903 2822 3251 2893 congregavit
3279 2827 3497 2890 septuaa

1915 2918 2063 2989 ginta
2095 2920 2244 2975 viros
2282 2919 2348 2971 ".
2380 2938 2400 2969 ι
2434 2918 2528 2972 Sic
2550 2916 2713 2972 etiam
2742 2916 2859 2986 ipse
2889 2913 3139 2969 Salvator
3178 2931 3196 2964 ι
3239 2913 3497 2982 ᾱθθίεηιιυ

1916 3013 1994 3066 vit
2016 3027 2146 3067 suos
2178 3010 2479 3082 discipulos
2510 3009 2873 3079 septuaginta,
2899 3014 2953 3062 et
2998 3007 3145 3060 misit
3178 3006 3337 3062 binos
3367 3010 3497 3060 ante

224 3095 377 3168 ἔθνη.
413 3097 584 3151 Πάλιν
611 3099 851 3169 Μωῦσῆς
899 3099 1180 3171 νομοθετεῖ
1209 3100 1411 3170 λέγων⁸
1454 3121 1472 3154 ι
1515 3103 1588 3156 Ού
1624 3104 1845 3184 φονεύ-Ι

1920 3101 2112 3158 faciem
2171 3117 2327 3157 suam
2368 3102 2435 3157 '°.
2472 3120 2491 3153 ι
2528 3098 2743 3155 Rursus
2793 3097 2971 3153 Moses
3015 3092 3303 3151 duodecim
3346 3096 3497 3150 viros

227 3204 367 3251 σεις,
411 3189 473 3241 ού
514 3189 753 3258 κλέψεις,
798 3191 900 3243 οὐκ
940 3193 1310 3264 ἐπιορκήσεις.
1348 3212 1368 3245 ι
1417 3194 1475 3247 ’0
1520 3193 1577 3247 δέ
1622 3195 1813 3267 Σωτὴρ

222 3277 410 3350 ημῶν,
446 3280 732 3333 ἐπιτείνων
777 3280 869 3333 τὸν
900 3280 1087 3351 νόμον,
1134 3282 1193 3333 οὐ
1240 3282 1303 3335 τὺ
1342 3282 1586 3351 φονεύειν
1631 3282 1812 3354 μόνον,

223 3368 365 3423 ἀλλά
410 3370 504 3423 καὶ
546 3369 608 3422 τὸ
653 3368 959 3441 θυμοῦσθαι
1007 3372 1375 3444 ἀπαγορεύει·
1423 3373 1684 3427 ἀντὶ¹τοῦ
1738 3374 1815 3447 μὴ

229 3459 526 3532 μοιχεύειν,
577 3461 700 3532 μηδ’
728 3462 1024 3532 ἐμϐλέπειν
1066 3466 1291 3533 γυναικὶ
1332 3465 1470 3537 μετά
1520 3468 1815 3540 ἐπιθυμίας

227 3554 533 3607 ἀκολάστου
580 3559 863 3626 παραινεῖο
907 3556 1027 3609 ἀντί
1070 3574 1130 3611 τε
1176 3557 1270 3611 τοῦ
1316 3558 1391 3630 μὴ
1436 3560 1710 3627 κλέπτειν,
1746 3562 1814 3616 τὰ

222 3647 404 3699 οἰκεῖα
436 3648 552 3709 τοῖς
592 3647 797 3700 ἐνδεέσι
841 3648 1126 3720 προΐεσθαι
1162 3651 1526 3721 προστάττει·
1568 3654 1815 3725 ὑπερϐὰς

222 3736 281 3792 θ’οέ
308 3738 404 3791 καὶ⁵
431 3738 494 3790 τὸ
537 3740 833 3810 ἐπιορκεῖν,
880 3740 979 3812 τὴν
1021 3742 1197 3814 ἀρχὴν
1228 3744 1362 3814 μηδὲ
1389 3744 1617 3815 ὀμνύναι
1655 3765 1817 3819 νομο-

226 3832 397 3888 θετεῖ.
431 3836 541 3888 Καὶ
577 3835 630 3888 τί
667 3853 733 3906 με
760 3837 841 3889 δεῖ
876 3837 1137 3907 μηκύνειν
1170 3838 1263 3892 τὸν
1301 3838 1458 3906 λόγον
1489 3840 1570 3903 εἰς
1598 3839 1815 3892 ἀπόδει-

223 3924 311 3992 ξιν
344 3925 440 3979 τοῦ
470 3926 539 3979 τὰ
570 3928 946 3999 παραπλήσια,
983 3930 1080 3983 καὶ
1109 3932 1275 3999 ἐγγὺς
1308 3930 1550 4003 ἀλλήλων
1584 3947 1813 4002 πεποιη-

225 4017 383 4070 κέναι
422 4019 663 4073 Μωῦσέα
706 4020 800 4073 καὶ
840 4019 1043 4091 Ἰησοῦν
1081 4021 1174 4075 τὸν
1215 4022 1447 4094 Σωτῆρα
1484 4024 1577 4075 καὶ
1608 4021 1812 4094 Κύριον

223 4111 421 4180 in.qu
472 4110 678 4179 Παρὸν,
718 4112 825 4183 ὅτῳ
873 4112 1045 4182 φίλον,
1090 4115 1182 4167 ἐπὶ
1220 4113 1415 4185 σχολῆς
1449 4112 1811 4180 ἀναλέξασθαι

224 4198 421 4251 ταῦτα.
457 4199 610 4253 Ἐπεὶ
637 4203 732 4254 καὶ
764 4203 855 4256 τὸν
889 4202 1117 4255 θάνατον
1156 4203 1436 4266 Μωῦσέως
1471 4202 1673 4274 μηδένα
1699 4219 1811 4271 φα-

226 4288 316 4341 σὶν
351 4290 672 4356 ἐγνωκέναι,
725 4291 857 4362 μηδέ
891 4291 988 4363 τὴν
1027 4292 1203 4365 ταφὴν
1235 4292 1400 4345 αὐτοῦ
1425 4310 1437 4322 ·
1481 4291 1671 4364 ὥσπερ
1717 4288 1809 4347 οὖν

224 4380 350 4433 ούδέ
376 4380 482 4453 τοῦ,
500 4382 748 4454 Σωτῆρος
792 4383 950 4454 ήμῶν
983 4382 1082 4454 τὴν
1118 4382 1256 4454 μετὰ
1280 4384 1380 4456 τὴν
1409 4383 1701 4439 ἀναϐίωσιν
1728 4386 1810 4448 είς

1917 3194 2100 3249 emisit
2151 3201 2353 3249 terram
2411 3192 2795 3262 exploraturos
2832 3191 2898 3244 ".
2938 3187 3138 3244 Noster
3193 3187 3305 3260 94
3364 3189 3493 3241 item

1916 3282 2191 3349 Salvator,
2251 3283 2530 3352 multoque
2582 3280 2744 3335 etiam
2795 3277 3143 3349 pmstantius
3205 3274 3495 3330 duodecim

1915 3373 2192 3443 apostolos
2217 3372 2433 3437 emisit,
2480 3370 2548 3425 ad
2580 3366 2952 3440 inspiciendas
2982 3380 3174 3421 omnes
3205 3372 3395 3433 gentes
3421 3364 3490 3415 ".

1913 3461 2129 3519 Rursus
2180 3458 2359 3517 Moses
2404 3462 2557 3531 ponit
2607 3461 2780 3531 legem
2828 3473 2951 3529 quae
2983 3457 3150 3511 dicit:
3194 3474 3213 3507 ι
3251 3450 3368 3509 Non
3400 3470 3495 3510 oc-

1913 3554 2085 3620 cities,
2112 3569 2220 3608 non
2254 3552 2636 3614 mmchaberis,
2670 3566 2778 3604 non
2809 3542 3103 3611 furaberis,
3139 3562 3246 3603 non
3276 3547 3491 3617 pejera-

1911 3645 1999 3701 bis
2025 3646 2089 3703 ”.
2129 3666 2147 3698 ι
2177 3644 2246 3699 At
2277 3643 2528 3700 Salvator
2562 3652 2750 3699 noster
2780 3643 2898 3713 lege
2926 3643 3227 3712 proposita,
3261 3655 3369 3694 non
3401 3655 3496 3693 oc-

1913 3742 2100 3797 cidere
2127 3743 2328 3807 solum,
2359 3740 2454 3797 sed
2480 3741 2646 3795 etiam
2700 3739 2862 3795 irasci
2916 3738 3169 3809 prohibet
3197 3737 3266 3803 ",
3297 3745 3350 3791 et
3393 3751 3495 3807 pro

1912 3850 1978 3889 eo
2007 3834 2150 3904 quod
2186 3835 2393 3889 dictum
2429 3843 2534 3898 est,
2569 3848 2677 3888 non
2712 3831 2998 3893 mmchari,
3044 3846 3113 3885 ne
3143 3830 3341 3884 intueri
3371 3830 3496 3898 qui-

1912 3926 2035 3981 dem
2062 3926 2344 3982 mulierem
2375 3941 2501 3981 cum
2548 3925 2812 3996 petulanti
2849 3925 3107 3996 cupidine
3141 3923 3488 3979 admonet":

1910 4028 1964 4073 et
1996 4033 2096 4089 pro
2122 4034 2188 4074 eo
2209 4019 2352 4089 quod
2380 4026 2485 4084 est,
2518 4034 2627 4073 non
2673 4017 2879 4084 furari,
2926 4034 3013 4074 res
3052 4017 3301 4088 proprias
3348 4016 3492 4070 indi-

1912 4111 2165 4180 gentibus
2224 4110 2446 4181 elargiri
2504 4110 2736 4181 imperat
2779 4109 2826 4142 “
2874 4128 2887 4164 :
2940 4110 3107 4163 etiam
3166 4107 3298 4162 illud
3334 4107 3491 4177 longe

1910 4202 2230 4275 transiliens
2255 4202 2401 4273 quod
2439 4210 2544 4269 est,
2577 4217 2687 4257 non
2737 4201 3004 4273 peierare,
3042 4216 3110 4256 ne
3159 4201 3346 4269 jurare
3370 4198 3492 4269 qui.

1910 4294 2032 4350 dem
2057 4294 2168 4350 ullo
2191 4293 2353 4349 modo
2385 4294 2623 4350 instituit
2645 4295 2711 4348 ’7.
2742 4294 2802 4347 Et
2831 4294 2962 4364 quid
2988 4309 3074 4350 me
3100 4292 3348 4347 oratione
3371 4291 3493 4346 lon-

1910 4388 2033 4459 gius
2061 4387 2285 4457 provehi
2321 4402 2551 4443 necesse
2577 4395 2695 4453 est,
2747 4394 2807 4441 ut
2840 4387 3210 4442 demonstrem
3246 4384 3446 4442 similia
3472 4424 3491 4450 ,

223 4473 328 4544 τὴν
356 4472 586 4544 θεότητα
612 4475 933 4548 μεταϐολήν.
968 4478 1033 4531 Ei
1062 4476 1125 4549 δὴ
1156 4473 1249 4531 οῦν
1279 4477 1369 4531 διὰ
1399 4477 1508 4532 τῶν
1538 4478 1810 4533 τοσούτων
1839 4495 1845 4551 j

1914 4479 2253 4551 ﬁnitimaque
2283 4480 2425 4534 inter
2455 4495 2536 4544 se,
2572 4477 2759 4535 Mosen
2790 4494 2856 4535 ac
2887 4476 3258 4544 Salvatorem,
3304 4472 3494 4532 Domi-

221 4565 404 4629 ούδεὶς
438 4567 538 4636 μὲν
580 4567 759 4633 ἄλλος,
807 4570 966 4639 μόνος
994 4570 1051 4622 δὲ
1092 4570 1121 4622 6
1150 4570 1340 4642 Σωτὴρ
1373 4570 1529 4642 ἡμῶν
1564 4570 1810 4642 παρέστη

222 4656 294 4710 τά
322 4657 680 4729 παραπλήσια
706 4660 930 4714 Μωῦσεῖ
970 4660 1465 4733 διαπεπραγμένος,
1496 4663 1592 4717 θέα
1626 4664 1810 4718 λοιπὸν

224 4746 321 4800 ἐπὶ
361 4747 525 4816 μόνον
555 4747 738 4812 αὐτὸν,
768 4749 863 4802 καὶ
895 4748 1004 4801 οὐδ’
1031 4750 1115 4817 ἐφ’
1142 4748 1328 4820 ἕτερον
1368 4749 1662 4822 ἀναφέρειν
1701 4748 1807 4821 χρὴ

222 4837 326 4904 τὴν
369 4836 523 4907 παρά
562 4838 785 4890 Μωῦσεῖ
828 4839 1186 4911 προφητείαν,
1226 4838 1294 4891 δι’
1336 4833 1404 4910 ἦς
1442 4839 1625 4909 ὅμοιον
1658 4838 1808 4910 αὐτῷ

224 4929 602 4998 παραστήσειν
637 4930 666 4981 6
708 4928 839 4992 Θεὸς
884 4929 1168 4983 ἐθέσπισεν
1209 4928 1407 4983 είπὼν·
1454 4952 1472 4981 ι
1513 4931 1807 5002 Προφήτην

222 5020 289 5072 ἐκ
319 5018 430 5071 τῶν
460 5018 706 5089 ἀδελφῶν
737 5020 915 5074 αὐτῶν
945 5022 1234 5094 ἀναστήσω
1265 5023 1468 5086 αὐτοῖς,
1498 5022 1687 5094 ὥσπερ
1722 5039 1803 5087 σε,

222 5112 319 5164 καὶ
354 5110 511 5165 δώσω
546 5113 612 5165 τὸ
652 5113 805 5183 ῥῆμά
843 5131 944 5183 μου
982 5114 1040 5167 ἐν
1072 5113 1148 5184 τῷ
1188 5115 1415 5186 στόματι
1454 5114 1619 5169 αὐτοῦ
1646 5132 1659 5145 ·
1711 5115 1807 5168 καὶ

219 5201 446 5274 λαλήσει
490 5204 696 5267 αὐτοῖς,
743 5204 884 5258 καθὰ
931 5204 997 5258 ἂν
1039 5205 1364 5277 ἐντείλωμαι
1409 5205 1576 5277 αὐτῷ.
1623 5208 1733 5261 Καὶ
1778 5208 1808 5261 6

220 5294 510 5366 ἄνθρωπος
531 5295 593 5359 ὃς
619 5295 685 5348 ἂν
717 5296 791 5366 μὴ
820 5294 1029 5369 ἀκούσῃ
1051 5295 1159 5350 τῶν
1182 5296 1354 5365 λόγων
1387 5297 1574 5360 αὐτοῦ,
1611 5298 1712 5351 ὅσα
1741 5296 1808 5350 ἂν

218 5385 429 5456 λαλήσῃ
460 5388 491 5440 6
520 5387 808 5457 προφήτης
842 5385 935 5438 ἐπὶ
975 5385 1053 5456 τῷ
1084 5387 1307 5457 ὀνόματί
1340 5405 1462 5458 μου,
1512 5387 1625 5458 ἐγὼ
1656 5388 1807 5442 ἐκδι-

219 5479 376 5550 κήσω
421 5477 479 5541 ἐξ
507 5476 693 5532 αὑτοῦ.
736 5498 756 5528 ι
792 5479 965 5543 Αὐτός
992 5496 1050 5531 τε
1083 5480 1340 5551 Μωῦοῆς,
1384 5480 1521 5552 πρὸς
1554 5479 1648 5533 τὸν
1678 5479 1804 5535 λαὸν

330 5572 372 5639 ιι
408 5570 580 5625 Exod.
607 5588 792 5637 xxxw,
835 5571 1030 5636 29,50.
1146 5574 1188 5605 ¹¹
1218 5573 1407 5629 Matth.
1460 5591 1592 5639 xvu,
1633 5576 1748 5631 1-5.

223 5641 270 5712 ξε
296 5638 475 5712 Exod.
509 5658 658 5712 uti,
706 5644 794 5699 18.
908 5646 950 5678 ³⁷
981 5643 1149 5699 Exod.
1200 5660 1323 5712 vttt,
1379 5645 1467 5701 19.

222 5708 267 5742 ’³
295 5709 452 5766 Deut.
486 5728 528 5771 ι.
555 5711 647 5768 23.
760 5716 805 5746 ³³
834 5713 1024 5770 Matt‘b.
1056 5730 1116 5780 Χ,
1148 5710 1262 5770 1-5.

220 5778 268 5813 ⁵
300 5780 435 5836 ibid.
476 5779 568 5837 δι.

1859 5577 1903 5609 ¹³
1930 5576 2090 5633 Num.
2135 5592 2235 5638 xu,
2274 5578 2363 5634 10.

1578 5646 1621 5678 ’⁸
1653 5645 1787 5700 Luc.
1827 5662 1909 5711 χι,
1955 5646 2046 5703 20.

1379 5716 1425 5748 ”
1461 5708 1635 5772 Exod.
1668 5733 1761 5784 xx,
1795 5708 1975 5773 15-16.

1910 4588 2154 4642 numque
2182 4579 2429 4628 nostrum
2479 4571 2707 4627 fecisse?
2750 4585 2876 4625 cum
2919 4571 3216 4640 unicuique
3260 4570 3495 4636 volenti,

1913 4662 1972 4717 in
2002 4663 2114 4717 otio
2143 4661 2272 4717 talia
2306 4656 2565 4732 colligere
2612 4660 2928 4716 facillimum
2967 4662 3071 4716 sit?
3117 4661 3330 4716 Etenim
3360 4675 3493 4715 cum

1912 4753 2080 4811 Mosis
2128 4761 2355 4809 mortem
2387 4753 2607 4809 novisse
2639 4754 2910 4809 neminem
2949 4750 3136 4808 dicant
3159 4791 3174 4816 ,
3212 4767 3277 4807 ac
3306 4767 3377 4808 ne
3398 4768 3490 4809 ae-

1909 4844 2158 4915 pulcrum
2193 4842 2413 4913 quidem
2441 4843 2601 4910 eius,
2636 4857 2814 4911 neque
2848 4841 3032 4896 itidem
3067 4841 3365 4897 Salvatoris
3389 4856 3490 4896 no-

1906 4935 2008 4991 stri
2035 4942 2159 5004 post
2198 4933 2428 4989 reditum
2478 4948 2638 4989 suum
2687 4933 2743 4988 in
2782 4932 2984 4997 vitam,
3042 4933 3398 4987 mutationem
3431 4932 3491 4989 in

1910 5026 2147 5095 speciem
2177 5024 2415 5079 divinam
2444 5025 2735 5095 quisquam
2763 5024 2906 5078 scire
2933 5024 3128 5094 potuit.
3162 5021 3216 5078 Si
3246 5024 3411 5094 igitur
3431 5024 3489 5077 in

1908 5127 2020 5171 tam
2064 5117 2251 5172 multis
2290 5117 2456 5173 rebus
2492 5117 2634 5173 alius
2663 5132 2855 5182 nemo,
2906 5116 3001 5172 sed
3049 5116 3199 5172 solus
3237 5114 3488 5171 Salvator

1909 5213 2118 5273 noster,
2148 5207 2241 5276 qui
2269 5223 2393 5269 eum
2439 5204 2588 5262 Mose
2631 5204 3041 5261 similitudinem
3077 5206 3347 5261 factorum
3382 5206 3484 5261 ha-

1910 5299 2110 5362 buerit,
2161 5299 2396 5369 proferri
2430 5302 2629 5369 potest,
2667 5304 2921 5367 superest
2956 5297 3070 5365 jam
3115 5301 3175 5351 ut
3230 5297 3285 5351 in
3332 5298 3483 5353 illum

1913 5406 2084 5445 unum
2119 5398 2448 5461 spectemus.
2472 5390 2657 5461 Neque
2697 5405 2828 5445 vero
2860 5390 2927 5445 ad
2976 5391 3139 5444 alium
3176 5391 3485 5461 quempiam

1912 5480 2214 5537 referamus
2265 5482 2637 5554 prophetiam,
2673 5496 2794 5552 quae
2853 5479 2998 5551 apud
3049 5479 3233 5536 Mosen
3269 5487 3480 5544 exstat.

2480 5579 2524 5609 ¹⁵
2552 5576 2687 5633 Ibid.
2716 5578 2803 5632 l3.
2920 5577 2962 5608 ¹³
2983 5576 3310 5638 Matth.vm,
3351 5574 3481 5631 λδ.

2162 5647 2204 5679 ¹⁹
2231 5647 2391 5702 Num.
2451 5663 2530 5709 ιι,
2570 5647 2656 5712 16,
2710 5647 2797 5705 17,
2842 5647 2934 5701 24.
3051 5640 3096 5678 ’⁸
3128 5645 3260 5699 Luc.
3316 5659 3372 5706 χ,
3432 5645 3454 5699 1

2080 5719 2128 5751 ει
2158 5716 2349 5775 Matth.
2388 5734 2442 5788 v,
2485 5717 2574 5772 se.
2689 5716 2894 5773 "ibid.
2943 5715 3036 5773 εδ.
3143 5717 3190 5748 η
3222 5713 3358 5769 ibid.
3389 5713 3471 5769 ts.
