3828 6216
315 331 421 391 I59

954 332 1230 390 EUSEBII
1267 326 1748 387 CAESARIENSIS
1787 325 1939 388 OPP.
1982 323 2162 380 PARS
2195 322 2259 379 ll.
2298 354 2372 363 —
2405 318 2902 377 AI‘OLOGETICA.

3476 319 3579 371 160

315 462 505 523 utpote
571 472 694 511 cum
747 457 828 513 eis
903 466 1137 511 novum'
1174 453 1500 510 tradendum
1564 454 1636 508 sit
1697 450 1894 505 Testa-

2010 445 2331 518 θρησκείας,
2391 443 2485 497 ἇτε
2527 442 2717 509 καινῆς
2772 438 3046 511 Διαθήκης
3099 438 3283 500 αὐτοῖς
3341 436 3579 506 παραδοο

315 553 580 601 τηθηιυιη.

820 637 932 710 84
953 635 1065 694 LV.
1091 638 1171 691 Ab
1198 635 1395 691 eodem.

391 752 412 788 ι
442 731 941 801 Multiplicaverunt
980 730 1290 800 impietates
1337 742 1499 791 suas,
1546 724 1896 780 invaluerunt

318 828 374 884 in
406 823 789 881 aversiouibus
819 823 956 879 suis.
994 822 1244 887 Quanam
1282 836 1350 875 ex
1383 819 1469 873 bis
1499 817 1767 888 propitius
1798 831 1895 871 ero

316 915 455 972 tibi?
499 914 595 969 lilii
637 913 719 967 tui
760 912 1172 982 dereliquerunt
1217 925 1327 972 me,
1380 915 1437 967 et
1474 908 1797 978 iuraverunt
1837 905 1896 960 in

317 1007 407 1071 iis,
436 1005 534 1078 qui
565 1004 642 1059 dii
680 1019 790 1059 non
834 1010 984 1070 sunt,
1032 1012 1088 1058 et
1126 999 1369 1057 saturavi
1403 1013 1519 1063 eos,
1550 1007 1603 1054 et
1636 996 1895 1058 mazchati

318 1104 475 1159 sunt,
520 1101 576 1149 et
601 1095 658 1149 in
695 1093 950 1148 domibus
985 1097 1295 1148 scortorum
1326 1087 1726 1149 habitaverunt,
1768 1084 1898 1154 equi

324 1187 555 1243 libidine
611 1184 807 1255 perciti
850 1190 1180 1245 evaserunt,
1226 1180 1609 1249 unusquisque
1648 1179 1716 1233 ad
1757 1192 1897 1231 uxo-

318 1294 437 1334 rem
473 1278 709 1348 proximi
743 1277 1017 1330 hinnitum
1049 1276 1231 1330 emisit
1260 1294 1273 1329 :
1308 1273 1556 1344 nunquid
1584 1287 1693 1326 non
1733 1286 1899 1340 super

319 1369 408 1425 his
447 1367 724 1423 visitabo?
763 1368 898 1422 dicit
924 1366 1211 1430 Dominus,
1250 1382 1319 1419 an
1349 1366 1404 1420 in
1447 1372 1606 1436 gente
1645 1365 1738 1418 tali
1789 1378 1898 1417 non

320 1446 619 1511 ulciscatur
677 1456 860 1509 anima
917 1454 1078 1511 mea?
1144 1454 1438 1510 Ascendite
1492 1455 1899 1527 pr0pugnacula

318 1545 464 1616 ejus,
499 1556 552 1600 et
574 1546 823 1616 jugulate
854 1564 866 1599 :
894 1547 1428 1601 consummationem
1455 1561 1586 1600 vero
1617 1562 1686 1599 ne
1717 1546 1896 1611 facite,

319 1638 613 1707 relinquite
631 1638 947 1691 fulcimenta
963 1637 1104 1708 ejus,
1125 1638 1387 1707 quoniam
1406 1635 1623 1691 Domini
1643 1638 1856 1708 sunt“.
1875 1659 1893 1691 ι

318 1729 382 1784 In
424 1729 512 1784 his
555 1729 742 1792 simul,
785 1737 839 1784 et
871 1729 1150 1783 accusatio
1191 1730 1361 1783 totius
1405 1728 1648 1785 nationis
1685 1744 1896 1794 eorum,

2005 538 2070 609 θη
2080 535 2331 607 σομένης.

2449 624 2582 678 ME'.
2632 621 2773 690 Ἀπὸ
2802 621 2908 676 τοῦ
2947 619 3151 675 αὐτοῦ.

2079 739 2097 777 ι
2134 716 2470 790 Ἐπλήθυναν
2489 713 2743 776 ἀσεϐείας
2761 711 2959 777 αὐτῶν,
2980 710 3205 781 ἴσχυσαν
3222 710 3277 762 ἐν
3302 712 3422 772 ταῖς
3441 710 3581 761 ἀπο-

2005 812 2266 885 στροφαῖς
2292 807 2491 862 αὑτῶν.
2516 806 2663 877 Ποίῳ
2696 804 2901 858 τούτων
2920 804 3078 866 ἵλεως
3098 801 3290 873 ἔσομαί
3314 819 3394 855 σοι
3418 819 3432 866 ;
3460 801 3580 855 Υἱοί

2004 921 2097 958 σου
2120 900 2477 968 ἐγκατέλιπόν
2508 916 2596 970 με,
2614 898 2709 951 καὶ
2725 895 2939 967 ῶμνυον
2956 896 3013 947 ἐν
3032 897 3143 958 τοῖς
3157 895 3258 949 οὐκ
3276 890 3393 947 οὖσι
3414 893 3578 958 θεοῖς,

2002 997 2098 1050 καὶ
2139 996 2412 1067 ἐχόρτασα
2442 992 2660 1055 αὐτοὺς,
2705 991 2800 1045 καὶ
2834 988 3149 1060 ἐμοιχῶντο,
3190 988 3282 1040 καὶ
3322 988 3380 1039 ἐν
3410 985 3582 1050 οἴκοις

2003 1088 2217 1160 πορνῶν
2250 1084 2600 1140 κατελύοσαν·
2656 1084 2813 1136 ἵπποι
2848 1079 3174 1152 θηλυμανεϊς
3221 1077 3581 1148 ἐγενήθησαν,

2000 1183 2230 1244 ἕκαστος
2265 1180 2359 1232 ἐπὶ
2396 1178 2494 1250 τὴν
2524 1179 2758 1245 γυναῖκα
2796 1174 2889 1227 τοῦ
2931 1173 3156 1244 πλησίον
3202 1168 3581 1241 ἐχρεμέτιζον.

2001 1275 2095 1348 Μὴ
2142 1274 2235 1325 ἐπὶ
2273 1271 2481 1333 τούτοις
2512 1269 2613 1323 οὐκ
2655 1267 3045 1336 ἐπισκέψομαι,
3096 1264 3242 1332 λέγει
3280 1262 3502 1332 Κύριος,
3545 1258 3582 1332 ἢ

2002 1368 2061 1418 ἐν
2110 1364 2253 1418 ἔθνει
2304 1363 2380 1434 τῷ
2433 1366 2656 1430 τοιούτῳ
2708 1362 2809 1415 οὐκ
2857 1359 3135 1429 ἐκδικήσει
3186 1355 3397 1426 ἡψυχή
3446 1367 3581 1424 μου;

2016 1456 2276 1527 Ἀνάϐητε
2302 1456 2394 1509 ἐπὶ
2413 1456 2540 1519 τοὺς
2560 1454 2931 1526 προμαχῶνας
2962 1452 3151 1521 αὐτῆς,
3178 1449 3271 1502 καὶ
3297 1444 3585 1515 κατασφά-

2004 1548 2149 1616 ξατε.
2200 1547 2516 1601 Συντέλειαν
2549 1547 2605 1600 δὲ
2658 1549 2729 1618 μὴ
2774 1548 3059 1616 ποιήσητε·
3104 1539 3463 1605 ὺπολείπεσθε
3513 1537 3586 1592 τὰ

2004 1638 2461 1709 ὑποστηρίγματα
2484 1639 2674 1708 αὐτῆς·
2710 1638 2791 1689 ὃτι
2816 1634 2910 1689 τοῦ
2935 1634 3141 1707 Κυρίου
3168 1631 3294 1685 είσί.
3328 1651 3347 1684 ι
3383 1631 3491 1683 Καὶ
3525 1632 3586 1682 ἐν

2004 1733 2212 1795 τούτοις
2232 1730 2366 1801 ὀμοῦ
2386 1729 2690 1801 κατηγορία
2715 1728 2808 1781 τοῦ
2831 1728 3032 1791 παντὸς
3054 1725 3238 1788 ἔθνους
3260 1723 3459 1783 αὐτῶν,
3489 1723 3582 1774 καὶ

321 1829 376 1875 et
428 1834 549 1890 quae
600 1833 694 1874 eos
739 1820 1015 1889 Oppressit
1057 1818 1274 1874 obsidio
1322 1818 1721 1877 indicaturzet
1763 1835 1897 1889 prae—

2010 1827 2033 1894 ή
2064 1823 2395 1895 μετελθοῦσα
2433 1822 2631 1885 αὐτοὺς
2663 1820 2950 1892 πολιορκία
2988 1818 3260 1890 δηλοῦται,
3297 1818 3390 1869 καὶ
3421 1815 3591 1869 πάλιν

322 1919 471 1966 terea
514 1910 820 1973 residuum,
852 1909 999 1979 quod
1034 1908 1414 1964 fulcimentum
1444 1910 1564 1978 ejus
1605 1909 1851 1963 nominat
1884 1929 1898 1965 :

323 2016 446 2056 cum
494 1998 668 2070 ip‘sius
710 2000 926 2054 Domini
972 2001 1064 2055 sit.
1119 1998 1237 2055 Hoc
1283 2015 1415 2056 vero
1459 1999 1743 2057 residuum
1776 1999 1900 2065 fuit,

323 2089 467 2158 quod
498 2104 564 2143 ex
593 2088 698 2142 tlde
728 2103 891 2157 quam
924 2088 981 2143 in
1012 2088 1297 2147 Christum
1326 2089 1421 2147 Dei
1450 2091 1661 2155 habuit,
1695 2090 1901 2147 contir-

324 2188 527 2234 matum
585 2178 992 2248 solidatumque
1025 2186 1130 2243 est,
1168 2187 1228 2233 ut
1253 2196 1322 2235 ne
1355 2182 1422 2235 iis
1454 2182 1655 2236 similia
1683 2190 1903 2251 patere-

325 2278 433 2334 tur,
463 2284 586 2339 qua:
621 2270 882 2327 universa
917 2270 1008 2323 illa
1045 2285 1179 2340 gens
1218 2286 1477 2340 perpessa
1511 2281 1617 2327 est.

821 2361 957 2417 LVI.
1002 2363 1078 2416 Ab
1114 2362 1408 2419 Ezechiele.

400 2468 421 2505 ι
460 2452 527 2506 Ει
554 2454 754 2510 cadent
781 2454 1051 2509 vulnerati
1083 2455 1142 2510 in
1174 2455 1353 2510 medio
1377 2458 1570 2522 vestri,
1609 2464 1666 2511 et
1692 2472 1901 2526 cogno-

327 2545 496 2600 scetis
525 2545 672 2614 quod
713 2561 815 2616 ego
851 2544 1138 2609 Dominus,
1184 2562 1310 2601 cum
1352 2546 1589 2601 abierint
1619 2532 1687 2602 de
1723 2547 1901 2612 vobis,

325 2636 417 2705 qui
462 2636 843 2693 liberabuntur
887 2652 917 2691 a
967 2638 1148 2707 gladio
1199 2638 1268 2692 ad
1299 2647 1510 2708 gentes,
1558 2646 1613 2691 et
1651 2653 1775 2692 cum
1807 2654 1904 2694 vos

325 2726 559 2797 dispersi
581 2726 736 2782 eritis
767 2741 864 2797 per
894 2728 1168 2796 regiones,
1205 2735 1261 2782 et
1300 2727 1735 2785 recordabuntur
1770 2730 1900 2793 mei,

324 2818 418 2889 qui
465 2818 681 2874 liberati
713 2826 878 2873 erunt
923 2834 992 2873 ex
1040 2818 1195 2874 vobis
1228 2820 1284 2874 in
1334 2820 1611 2890 gentibus,
1652 2818 1722 2874 ad
1765 2835 1903 2890 quas

323 2909 526 2979 captivi
554 2908 707 2964 ducti
756 2909 868 2965 sint
884 2909 954 2964 “.
991 2928 1009 2961 ι
1054 2907 1282 2963 Videtur
1315 2924 1449 2964 sane
1480 2911 1569 2965 hic
1603 2909 1905 2980 mihi\quo-

322 3018 432 3072 que
469 3002 809 3058 concordare
839 3002 929 3066 iis,
960 3002 1055 3073 qui
1086 3017 1117 3055 a
1152 3002 1379 3073 reliquis
1415 3002 1715 3072 prophetiis
1747 3017 1905 3058 acce-

2001 1917 2061 1969 τὸ
2092 1916 2464 1985 κατάλειμμα,
2504 1916 2641 1984 ὅπερ
2676 1914 2955 1984 στήριγμα
2995 1910 3166 1981 αὐτῆς
3198 1908 3455 1981 ὀνομάζει
3486 1905 3587 1959 τοῦ

2001 2007 2205 2078 Κυρίου
2237 2006 2517 2073 τυγχάνον.
2566 2001 2735 2056 Τοῦτο
2778 2001 2835 2055 δὲ
2872 1996 2942 2072 ἦν
2984 2000 3046 2053 τὸ
3083 1997 3170 2051 διὰ
3215 1996 3318 2064 τῆς
3361 1997 3441 2058 εἰς
3489 1993 3585 2047 τὸν

2001 2094 2235 2164 Χριστὸν
2251 2092 2343 2145 τοῦ
2365 2091 2498 2144 Θεοῦ
2517 2092 2754 2153 πίστεως
2789 2088 3106 2158 δυναμωθέν
3130 2087 3224 2141 καὶ
3255 2084 3583 2156 στεῤῥωθὲν,

2001 2185 2076 2245 ὡς
2101 2183 2233 2254 μηδὲ
2255 2182 2322 2235 τὰ
2353 2184 2517 2253 ὅμοια
2553 2183 2865 2252 ὑπομεῖναι,
2889 2175 2971 2244 οἷς
2996 2179 3058 2232 τὸ
3089 2179 3196 2232 πᾶν
3225 2177 3378 2240 ἔθνος
3403 2174 3585 2230 αὐτῶν

2000 2272 2310 2346 ἐπεπόνθει.

2383 2366 2526 2431 NQ".
2588 2363 2721 2419 Ἀπὸ
2756 2364 2862 2417 τοῦ
2908 2361 3194 2429 Ἐζεκιήλ.

2079 2477 2097 2508 ι
2133 2458 2243 2510 Καὶ
2281 2457 2573 2510 πεσοῦνται
2606 2454 2941 2527 τραυματίαι
2977 2456 3034 2507 ἐν
3074 2454 3223 2525 μέσῳ
3269 2452 3447 2523 ὑμῶν,
3487 2450 3588 2505 καὶ

2002 2547 2389 2614 ἐπιγνώσεσθε,
2434 2549 2516 2601 ὅτι
2558 2546 2668 2615 ἐγὼ
2715 2546 2942 2618 Κύριος,
2984 2546 3041 2600 ἐν
3086 2545 3165 2616 τῷ
3218 2544 3468 2614 γενέσθαι
3520 2543 3586 2608 ἐξ

2003 2641 2156 2712 ὑμῶν
2203 2637 2649 2709 ἀνασωζομένους
2693 2639 2757 2690 ἐκ
2803 2638 3080 2709 ῥομφαίας
3122 2638 3179 2689 ἐν
3221 2638 3334 2699 τοῖς
3381 2634 3583 2695 ἔθνεσι,

2002 2734 2097 2791 καὶ
2125 2738 2183 2786 ὲν
2210 2732 2289 2803 τῷ
2321 2729 2739 2803 διασκορπισμῷ
2782 2730 2938 2800 ὑμῶν
2969 2732 3028 2783 ἐν
3051 2731 3169 2796 ταῖς
3200 2726 3428 2800 χώραις.
3470 2728 3587 2781 Καὶ

2007 2822 2406 2895 μνησθήσονταί
2442 2840 2543 2893 μου
2573 2823 2622 2875 οἱ
2665 2819 3068 2891 ἀνασωζόμενοι
3098 2819 3157 2883 ἐξ
3185 2819 3338 2890 ὑμῶν
3375 2820 3586 2881 ἐντοῖς

2003 2915 2230 2981 ἔθνεσιν,
2270 2909 2331 2969 οῦ
2358 2912 2855 2985 ῂχμαλωτεύθησαν
2900 2913 3036 2981 ἐκεῖ.
3074 2930 3093 2962 ι
3128 2912 3285 2963 Δοκεῖ
3324 2927 3414 2980 μοι
3449 2912 3586 2964 κάν-

2002 3006 2179 3062 ταῦθα
2222 3006 2467 3076 συνᾴδειν
2507 3008 2622 3068 τοῖς
2662 3003 2772 3058 ἀπὸ
2811 3002 2921 3056 τῶν
2966 3001 3168 3055 λοιπῶν
3210 3000 3583 3072 προφητειῶν.

325 3101 418 3165 pta
468 3103 597 3150 sunt
630 3113 643 3148 :
675 3108 770 3149 eos
823 3093 968 3148 enim
1003 3094 1097 3164 qui
1138 3086 1349 3159 liberati
1388 3101 1585 3158 erunt,
1631 3109 1897 3164 quosnam

2010 3099 2145 3162 Τοὺς
2171 3098 2279 3169 γὰρ
2299 3095 2746 3167 ἀνασωζομένους
2770 3094 2919 3157 τίνας
2948 3093 3013 3147 ἂν
3039 3092 3217 3156 εἴποις
3247 3093 3282 3164 ἦ
3312 3091 3372 3144 τὸ
3396 3094 3453 3144 ἐν
3476 3092 3590 3144 ἐτέ-

325 3185 462 3239 alios
488 3183 717 3250 dixeris,
748 3186 853 3239 nisi
883 3184 1032 3255 quod
1079 3185 1135 3239 in
1179 3185 1416 3250 caeteris,
1457 3186 1762 3250 residuum,
1803 3202 1901 3241 seu

325 3276 623 3345 reliquum,
656 3285 711 3331 et
741 3277 907 3339 stilla,
929 3284 983 3332 et
1012 3291 1128 3341 ros,
1161 3276 1347 3349 populi
1376 3278 1522 3335 illius
1556 3279 1904 3334 nominatur?

326 3370 528 3440 quibus
562 3370 750 3439 utique
782 3367 1343 3433 denominatiouibus,
1379 3371 1755 3441 apostolorum
1784 3370 1905 3425 Sal-

327 3462 535 3517 Vatoris
563 3460 739 3516 nostri
761 3469 1069 3516 conventus
1099 3460 1394 3516 indicatur.
1424 3461 1490 3516 Hi
1529 3478 1660 3533 ergo
1690 3463 1905 3517 liberati

329 3551 401 3609 ab
438 3552 661 3607 interitu
696 3553 968 3618 universae
1007 3553 1226 3613 illorum
1268 3554 1510 3610 nationis
1550 3562 1605 3609 et
1632 3569 1662 3608 a
1692 3556 1905 3625 disper-

330 3643 485 3697 sione
518 3643 755 3709 illorum,
787 3642 1065 3698 recordati
1105 3652 1235 3699 sunt
1269 3642 1386 3707 Dei,
1418 3652 1479 3698 ut
1528 3645 1600 3699 sit
1632 3648 1903 3701 conﬁten-

329 3733 481 3799 dum,
523 3749 587 3797 ea
618 3749 741 3805 qua:
770 3735 972 3805 scripta
999 3742 1148 3797 sunt.
1175 3735 1244 3790 de
1282 3736 1367 3789 his
1395 3735 1565 3792 fuisse
1593 3736 1758 3792 dicta.

866 3850 1024 3913 LVII.
1063 3852 1144 3907 Ab
1164 3858 1363 3909 eodem.

404 3962 424 4001 ι
452 3945 579 4000 Haec
609 3944 742 4001 dicit
785 3944 999 4002 Adonai
1045 3945 1311 4003 Dominus
1340 3966 1352 4001 :
1379 3946 1656 4018 Expellam
1704 3963 1798 4005 ecs
1827 3933 1904 4003 ad

328 4044 539 4106 gentes,
573 4044 629 4092 et
656 4036 967 4108 dispergam
1000 4053 1098 4093 eos
1128 4040 1185 4093 in
1215 4053 1405 4094 omnes
1437 4041 1710 4107 nationes,
1741 4048 1794 4094 et
1821 4040 1905 4095 di-

328 4142 580 4197 apergam
611 4143 708 4184 eos
736 4128 793 4182 in
825 4144 1044 4197 omnem
1078 4137 1279 4184 terram
1307 4149 1319 4183 :
1348 4137 1402 4189 et
1428 4145 1523 4184 ero
1561 4130 1641 4185 eis
1683 4131 1737 4184 in
1777 4146 1906 4186 san-

327 4217 713 4273 ctiiicationetn
748 4234 972 4289 parvam
1008 4221 1063 4275 in
1088 4220 1428 4290 regionibus,
1461 4235 1792 4290 quocunque
1819 4222 1904 4277 in-

327 4309 505 4379 gressi
540 4309 741 4366 fuerint
788 4311 939 4365 illuc.
972 4330 991 4364 ι
1034 4311 1134 4365 Hic
1160 4326 1379 4381 quoque
1408 4312 1516 4366 alio
1544 4313 1766 4367 nomine
1809 4328 1905 4369 eos

324 4403 561 4465 vocavit,
593 4402 686 4457 ubi
718 4402 1206 4458 sanctiﬁcationem
1236 4419 1458 4473 parvam
1492 4403 1651 4469 dixit,
1685 4419 1779 4460 eos
1809 4403 1903 4473 qui

2009 3206 2120 3260 ροις
2149 3188 2535 3259 ὠνομασμένον
2578 3186 2912 3257 ὑπόλειμμα,
2950 3185 3048 3243 κα).
3074 3184 3175 3257 τὴν
3220 3185 3454 3252 σταγόνα
3490 3185 3588 3238 καὶ

2003 3278 2193 3349 δρόσον
2241 3277 2333 3331 τοῦ
2378 3275 2507 3330 λαοῦ
2555 3276 2761 3330 ἐκείνου
2782 3315 2797 3340 ,
2851 3275 2920 3330 δι’
2960 3268 3035 3329 ὧν
3088 3274 3339 3347 ἐδηλοῦτο
3390 3276 3422 3345 ή
3476 3274 3589 3329 τῶν

2005 3368 2313 3424 ἀποστόλων
2334 3369 2427 3422 τοῦ
2450 3369 2700 3441 Σωτῆρος
2728 3367 2883 3439 ἡμῶν
2914 3367 3171 3431 σύστασις
3195 3384 3212 3434 ;
3246 3360 3405 3420 Οὗτοι
3428 3366 3587 3436 γοῦν,

2005 3459 2371 3525 ἀνασωθέντες
2420 3462 2484 3514 ἐκ
2542 3461 2644 3530 τῆς
2700 3458 2975 3521 ἀπωλείας
3020 3457 3113 3512 τοῦ
3162 3459 3362 3522 παντὸς
3407 3457 3589 3512 αὐτῶν

2005 3553 2209 3618 ἔθνους,
2245 3554 2339 3608 καὶ
2370 3556 2427 3607 ἐν
2464 3552 2540 3624 τῷ
2590 3552 3010 3623 διασκορπισμῷ
3058 3552 3258 3617 αὐτῶν,
3308 3551 3589 3623 ἐμνήσθη-

2007 3662 2105 3697 σαν
2136 3643 2231 3696 τοῦ
2270 3644 2426 3708 Θεοῦ,
2457 3644 2532 3705 ώς
2560 3642 2936 3714 ὁμολογεῖσθαι
2970 3642 3099 3713 περὶ
3122 3642 3298 3696 αὐτῶν
3333 3640 3590 3714 εἰρῆσθαι

2006 3736 2071 3789 τὰ
2102 3734 2592 3807 ἀναγεγραμμένα.

2451 3850 2575 3911 NZ',
2625 3848 2756 3902 Ἀπὸ
2786 3846 2892 3903 τοῦ
2930 3849 3139 3903 αὐτοῦ·

2081 3962 2099 3993 ε
2140 3943 2278 3996 Τάδε
2305 3942 2452 4010 λέγει
2498 3942 2720 3997 Ἀδωναῖ
2750 3941 2971 4014 Κύριοςο
3009 3945 3091 3996 ὅτι
3137 3940 3454 4012 Ἀπώσομαι
3486 3941 3590 3994 αὐ·-

2004 4036 2129 4098 τοὺς
2159 4037 2238 4099 είς
2267 4034 2343 4088 τὰ
2376 4034 2526 4106 ἔθνη,
2558 4036 2651 4088 καὶ
2690 4034 3029 4106 διασκορπιῶ
3059 4035 3257 4097 αὐτοὺς
3297 4035 3378 4097 είς
3408 4033 3593 4087 πάντα

2004 4127 2072 4180 τὰ
2112 4126 2259 4199 ἔθνη,
2290 4106 2750 4196 καλοδιασκορπιῶ
2780 4128 2977 4191 αὐτοὺς
3010 4129 3088 4190 εἰς
3118 4129 3296 4180 πᾶσαν
3334 4125 3432 4196 τὴν
3458 4125 3586 4194 γῆν·

2006 4221 2099 4274 καὶ
2120 4219 2313 4291 ἔσομαι
2340 4221 2521 4283 αὐτοῖς
2540 4223 2619 4283 είς
2644 4221 2891 4291 ἁγίασμα
2916 4219 3109 4291 μικρὸν
3128 4222 3186 4273 ἐν
3215 4222 3334 4283 ταῖς
3354 4217 3588 4291 χώραις,

2004 4306 2064 4365 οὗ
2099 4310 2163 4363 ἂν
2209 4310 2525 4364 εἰσέλθωσιν
2553 4312 2689 4363 ἐκεῖ.
2720 4330 2740 4363 ι
2793 4312 2904 4364 Καὶ
2929 4310 3164 4365 ἐνταῦθα
3210 4311 3415 4382 ἑτέρως
3453 4308 3584 4373 τοὺς

2005 4404 2198 4466 αὐτοὺς
2228 4403 2517 4474 κέκληκεν,
2558 4421 2578 4454 ι
2609 4403 2853 4473 ἀγίασμα
2891 4404 3085 4474 μικρὸν
3118 4423 3138 4454 ι
3174 4402 3343 4456 εἰπὼν
3363 4403 3491 4465 τοὺς
3526 4401 3591 4469 ἐξ

323 4507 390 4551 ex
423 4492 530 4547 illis
578 4494 904 4565 superstites
934 4495 1179 4549 mansuri
1212 4495 1323 4549 sint
1362 4504 1416 4550 et
1445 4494 1749 4550 incolumes
1773 4495 1844 4551 ⁸⁵.
1875 4514 1893 4546 ι

2010 4492 2184 4546 αὐτῶν
2210 4492 2727 4564 ἀνασωθησομένους
2757 4495 2851 4548 καὶ
2875 4493 3460 4565 ὑπολειφθησομένους.

844 4604 1023 4663 LVIII.
1065 4608 1142 4659 Ab
1175 4607 1376 4665 eodem.

395 4708 416 4743 ι
446 4690 512 4744 Et
559 4708 751 4749 omnes
780 4697 1165 4766 ‘suscipientes
1212 4714 1308 4753 eos
1336 4698 1445 4769 85
1485 4698 1790 4770 dispergam
1844 4700 1900 4754 in

320 4801 539 4848 munem
578 4795 835 4843 ventum:
866 4799 919 4844 et
958 4790 1197 4861 gladium
1243 4790 1513 4845 ell‘undam
1547 4806 1576 4844 a
1613 4802 1762 4862 tergo
1800 4808 1897 4846 eo-

322 4890 466 4941 rum,
516 4883 571 4931 et
613 4887 950 4948 cognoscent
981 4881 1129 4951 quod
1176 4896 1277 4951 ego
1311 4880 1596 4945 Dominus,
1640 4883 1769 4937 dum
1803 4884 1899 4937 di-

320 4981 572 5037 spergam
617 4983 713 5024 eos
754 4970 899 5024 inter
937 4980 1149 5042 gentes,
1201 4980 1256 5027 et
1296 4973 1667 5028 disseminabo
1708 4990 1803 5031 eos
1839 4976 1894 5030 in

319 5059 642 5129 regionibus
670 5081 683 5116 :
716 5071 770 5117 et
810 5064 1116 5134 relinquam
1171 5080 1234 5119 ex
1278 5067 1359 5122 eis
1391 5068 1543 5122 viros
1577 5066 1631 5120 in
1665 5083 1895 5123 numero

316 5164 386 5203 es
429 5149 632 5221 gladio,
673 5161 728 5206 et
771 5168 837 5207 ex
884 5152 1046 5219 fame,
1092 5162 1146 5209 et
1188 5171 1257 5209 ex
1303 5164 1520 5212 morte:
1549 5166 1605 5212 ut
1638 5169 1893 5215 euarrent

317 5253 510 5295 omnes
542 5240 862 5310 iniquitates
897 5259 1027 5300 suas
1056 5245 1112 5299 in
1142 5247 1417 5315 gentibus,
1452 5263 1782 5320 quocunque
1810 5252 1895 5305 in-

316 5328 494 5399 gressi
522 5330 728 5385 fuerint
758 5331 891 5387 illuc
927 5352 940 5388 :
971 5343 1026 5389 et
1052 5344 1384 5405 cognoscent
1404 5339 1549 5407 quod
1581 5353 1683 5407 ego
1713 5338 1897 5393 Domi-

323 5436 427 5474 ius
454 5422 521 5476 ⁸⁸.
554 5441 574 5475 ι
624 5422 684 5478 ln
736 5429 909 5482 totius
944 5428 1127 5497 populi
1177 5428 1552 5500 dispersione,
1596 5432 1762 5487 etiam
1806 5432 1896 5487 hic

321 5510 423 5565 sibi
461 5512 565 5583 ipsi
604 5514 925 5571 relicturum
974 5518 1051 5572 ait
1078 5534 1285 5589 paucos
1330 5536 1582 5587 numero,
1616 5537 1725 5575 non
1757 5523 1893 5576 alios

319 5605 507 5673 utique
536 5606 874 5676 signiﬁcans,
912 5627 1077 5682 quam
1115 5627 1233 5677 eos,
1270 5614 1361 5683 qui
1390 5615 1633 5685 praadicti
1668 5622 1817 5670 sunt.

2446 4608 2579 4661 NH'r.
2629 4607 2761 4660 Ἀπὸ
2791 4606 2897 4661 τοῦ
2926 4607 3134 4661 αὐτοῦ.

2079 4717 2098 4749 ‹
2139 4698 2249 4752 Kal.
2281 4696 2489 4761 πάντας
2516 4698 2641 4760 τοὺς
2662 4698 3231 4769 ἀντιλαμϐανομένους
3263 4698 3442 4751 αὐτῶν
3465 4698 3590 4752 δια-

2005 4788 2192 4861 σπερῶ
2219 4790 2299 4852 είς
2329 4788 2506 4843 πάντα
2533 4790 2752 4859 ἄνεμον,
2783 4789 2878 4842 καὶ
2903 4789 3179 4861 ῥομφαίαν
3205 4788 3383 4861 ἐκχεῶ
3412 4789 3593 4844 ὀπίσω

2004 4882 2202 4943 αὐτῶν,
2226 4882 2322 4935 καὶ
2342 4880 2753 4949 ἐπιγνώσονται,
2780 4881 2862 4933 ὅτι
2884 4880 2995 4949 ἐγὼ
3021 4880 3245 4953 Κύριος,
3278 4882 3336 4934 ἐν
3367 4881 3448 4952 τῷ
3476 4881 3593 4935 δια-

2006 4972 2299 5043 σκορπίσαι
2332 4989 2400 5042 με
2425 4974 2480 5024 ἐν
2512 4974 2621 5035 τοῖς
2646 4970 2844 5035 ἔθνεσι,
2878 4973 2970 5025 καὶ
2996 4971 3274 5044 διασπερῶ
3304 4972 3501 5035 αὐτοὺς
3525 4972 3591 5025 ἐν

2004 5068 2123 5128 ταῖς
2165 5064 2387 5135 χώραις·
2433 5064 2526 5118 καὶ
2556 5063 2912 5135 ὑπολείψομαι
2963 5062 3023 5128 ἐξ
3063 5062 3243 5118 αὐτῶν
3280 5063 3483 5136 ἄνδρας
3526 5065 3589 5116 ἐν

2004 5156 2223 5229 ἀριθμῷ
2249 5158 2313 5209 ἐκ
2343 5155 2636 5227 ῥομφαίας,
2673 5156 2769 5208 καὶ
2797 5157 2863 5209 ἐκ
2899 5154 3082 5226 λιμοῦ,
3111 5156 3205 5208 καὶ
3230 5156 3295 5208 ἐκ
3328 5154 3585 5219 θανάτου,

2004 5249 2151 5311 ὅπως
2188 5246 2621 5318 ἐκδιηγήσωνται
2660 5247 2837 5311 πάσας
2878 5246 2979 5309 τὰς
3024 5246 3255 5317 ἀνομίας
3304 5247 3487 5301 αὐτῶν
3525 5250 3588 5301 ἐν

2002 5345 2114 5405 τοῖς
2146 5341 2375 5403 ἔθνεσιν,
2426 5332 2487 5393 οῦ
2535 5339 2603 5393 ἂν
2642 5339 2956 5393 εἰσέλθωσιν
2985 5340 3118 5392 ἐκεῖ·
3162 5341 3255 5393 καὶ
3284 5339 3590 5409 γνώσονται

2001 5435 2082 5486 ὄτι
2135 5431 2248 5501 ἐγὼ
2293 5431 2517 5503 Κύριος.
2562 5450 2580 5482 ι
2644 5432 2766 5484 Ἐπὶ
2803 5434 2870 5502 τῇ
2913 5430 3007 5484 τοῦ
3052 5431 3252 5495 παντὸς
3305 5432 3438 5485 λαοῦ
3470 5433 3590 5487 δια-

2003 5526 2181 5596 σπορᾷ
2215 5524 2311 5578 καὶ
2348 5522 2443 5575 νῦν
2484 5522 2871 5591 ὑπολείψεσθαι
2905 5522 3084 5594 ἐαυτῷ
3116 5523 3330 5591 ὀλίγους
3360 5522 3587 5595 ἀριθμῷ

2005 5632 2190 5685 φησιν,
2226 5614 2331 5667 οὐδ’
2443 5614 2567 5687 οὐκ]
2602 5614 2795 5678 ἄλλους
2811 5614 2985 5686 δηλῶν
3006 5614 3112 5675 τῶν
3143 5614 3583 5693 προειρημένων.

385 5757 430 5799 ’³
455 5755 562 5828 Jer.
599 5778 650 5830 v,
683 5760 833 5817 6-10.
910 5765 956 5798 ⁸⁸
985 5763 1181 5841 Ezech.
1220 5784 1292 5835 vt,
1324 5767 1439 5826 7~9.
1519 5770 1563 5804 ⁸⁸
1590 5768 1790 5828 Ezech.
1824 5785 1897 5840 si,

2010 5807 2015 5825 .
2093 5772 2138 5849 δέ
2168 5770 2366 5831 Ειθδὶι.
2394 5785 2495 5835 xu,
2532 5769 2715 5828 μοιϐ.
