3828 6216
145 371 258 430 161

607 493 732 547 ΝΘ.
771 493 903 547 Ἀπὸ
957 492 1062 547 τοῦ
1096 495 1302 548 αὑτοῦ.

227 607 248 638 ι
289 587 429 641 Τάδε
464 586 613 656 λέγει
680 586 903 641 Ἀδωναῒ
945 586 1183 659 Κύριος’
1252 587 1377 641 Ἐὰν
1417 587 1473 641 δὲ
1518 588 1611 641 καί
1656 588 1755 651 τὰς

165 682 446 752 τέσσαρας
500 679 810 750 ὲκδικήσεις
861 696 963 750 μου
1007 678 1106 741 τὰς
1138 679 1402 752 πονηρὰς,
1451 679 1751 751 ῥομφαίαν,

146 774 249 827 καὶ
280 772 461 844 λιμὸν,
524 773 619 826 καὶ
660 772 826 844 θηρία
865 771 1101 843 πονηρὰ,
1142 772 1236 824 καὶ
1273 772 1503 826 θάνατον
1551 772 1753 839 ἐξαπο-

150 864 331 919 στελῶ
377 864 472 918 ἐπὶ
524 863 902 936 Ἰερουσαλὴμ,
951 862 1047 917 τοῦ
1079 862 1455 936 ὲξολοθρεῦσαι
1495 862 1555 929 ἐξ
1584 863 1753 935 αὐτῆς

146 958 446 1029 ἄνθρωπον
510 956 606 1010 καὶ
652 957 869 1026 κτῆνος,
919 957 1012 1010 καὶ
1048 956 1159 1010 ἰδοὺ
1202 955 1654 1027 ὑπολελειμμένοι
1696 960 1753 1012 ὲν

148 1050 316 1122 αὐτῇ,
354 1052 403 1103 oi
433 1049 859 1119 ἀνασεσωμένοι.
905 1066 924 1100 ›
966 1047 1136 1102 Ούδὲν
1185 1048 1252 1102 ἂν
1299 1049 1395 1103 καὶ
1435 1048 1610 1103 ταῦτα
1637 1049 1754 1104 δια-

146 1141 311 1213 φέροι
345 1141 458 1194 τῶν
495 1139 932 1211 προειρημένων.

631 1230 707 1287 Ξ’.
752 1232 884 1286 Ἀπὸ
924 1232 1033 1286 τοῦ
1064 1232 1275 1287 αὐτοῦ.

222 1345 241 1377 ι
276 1325 467 1389 Οὒτως
529 1324 701 1397 κρινῶ
740 1325 907 1395 ὑμᾶς,
970 1324 1125 1393 λέγει
1168 1323 1395 1396 Κύριος,
1444 1323 1539 1377 καί
1586 1322 1752 1389 διάξω

142 1418 296 1491 ὑμᾶς
328 1418 435 1472 ὑπὸ
455 1417 554 1489 τὴν
605 1417 800 1489 ῥάϐδον
838 1435 965 1490 μου,
996 1418 1090 1471 καὶ
1139 1417 1340 1485 εἰσάξω
1375 1417 1519 1489 ὑμᾶς
1550 1418 1607 1470 ὲν
1632 1417 1753 1487 ἀρι-

143 1509 275 1582 θμῷ
323 1511 427 1581 τῆς
467 1511 746 1582 Διαθήκης
792 1528 918 1583 μου,
963 1513 1059 1565 καὶ
1107 1511 1312 1578 ὲκλέξω
1344 1511 1404 1577 ἐξ
1443 1510 1595 1583 ὑμῶν
1623 1512 1751 1576 τοὺς

140 1603 532 1673 ἀφεστηκότας
556 1603 650 1655 καὶ
672 1603 797 1666 τοὺς
822 1602 1039 1667 ἀσεϐεῖς
1057 1621 1071 1633 ·
1094 1604 1227 1657 διότι
1251 1605 1315 1656 ὲκ
1330 1604 1432 1675 τῆς
1460 1605 1751 1678 παροικίας

146 1696 335 1750 αὐτῶν
380 1696 556 1763 ἐξάξω
606 1697 825 1761 αὐτοὺς,
875 1698 971 1751 καὶ
1020 1700 1099 1762 εἰς
1130 1697 1226 1770 τὴν
1264 1700 1369 1770 γῆν
1402 1698 1493 1753 τοῦ
1538 1699 1751 1772 Ἰσραὴλ

143 1790 248 1842 οὐκ
301 1788 723 1843 εἰσελεύσονται.
762 1809 781 1840 ι
828 1789 1025 1860 Σαφῶς
1061 1791 1157 1844 καὶ
1187 1792 1244 1843 ὲν
1278 1790 1490 1857 τούτοις
1530 1792 1750 1864 ἀριθμῷ

1077 366 1740 425 DEMONSTRATIONIS
1778 370 2245 429 EVANGELICA‘J
2285 373 2413 431 LIB.
2455 376 2521 436 ιι.

1788 500 1835 556 Α

3346 386 3444 446 162

2406 499 2543 555 LIX.
2586 500 2666 554 Ab
2716 501 2915 557 eodem.

1933 606 1953 640 ‹
1997 587 2122 645 Haec
2180 590 2316 646 dicit
2366 592 2578 648 Adonai
2636 592 2903 653 Dominus
2940 594 3140 664 :Quod
3188 599 3233 654 si
3280 599 3445 656 etiam

1856 689 2092 749 quatuor
2110 680 2346 738 ultiones
2362 698 2515 739 meas
2545 684 2737 749 malas,
2770 685 3032 755 gladium,
3063 696 3118 745 et
3151 688 3369 757 famem,
3391 701 3447 748 et

1856 770 2062 826 bestias
2094 772 2290 839 malas,
2324 780 2380 829 et
2419 784 2653 830 mortem
2703 777 2940 833 emisero
2989 794 3153 848 super
3184 778 3445 838 Hierusa-

1855 863 1985 927 lem,
2020 864 2086 919 ad
2120 866 2455 936 perdendum
2496 884 2560 923 ex
2602 885 2664 924 ea
2694 870 2974 925 hominem
3016 879 3071 927 et
3107 871 3440 941 jumentum,

1853 965 1909 1013 et
1934 973 2063 1013 ecce
2092 959 2183 1028 qui
2216 959 2391 1014 relicti
2427 958 2632 1015 fuerint
2666 962 2721 1016 in
2752 977 2837 1026 ea,
2871 962 2964 1033 qui
2996 965 3309 1019 conservati
3338 964 3384 997 "
3418 985 3438 1020 ι

1854 1058 1907 1106 οι
1946 1058 2163 1107 caetera.
2201 1050 2328 1106 Haec
2357 1068 2576 1124 quoque
2599 1054 2735 1108 nihil
2769 1056 2930 1125 plane
2954 1056 3023 1111 ab
3056 1056 3123 1112 iis
3150 1071 3272 1129 quae
3305 1072 3445 1129 pra}-

1854 1143 2001 1198 dicta
2024 1151 2175 1208 sunt,
2207 1143 2487 1199 diﬂ'erunt.

2409 1236 2522 1291 LX.
2570 1237 2647 1290 Ab
2687 1237 2888 1292 eodem.

1927 1346 1948 1379 ε
1996 1327 2089 1383 Sic
2121 1327 2383 1398 judicaho
2418 1343 2536 1395 vos,
2568 1330 2705 1384 dicit
2733 1328 3002 1387 Dominus
3049 1351 3063 1387 :
3096 1340 3152 1388 et
3176 1332 3443 1389 deducam

1850 1437 1951 1477 vos
1976 1422 2079 1476 sub
2113 1422 2321 1492 virgam
2352 1437 2527 1477 meam
2567 1439 2580 1475 :
2616 1431 2671 1478 et
2703 1424 2968 1479 adducam
3005 1441 3104 1482 vos
3134 1428 3189 1480 in
3217 1442 3447 1485 numetn

1853 1513 2192 1568 Tcstamenti
2226 1514 2331 1567 mei
2382 1533 2397 1570 :
2435 1512 2501 1568 Et
2546 1516 2743 1585 eligam
2797 1532 2867 1570 ex
2912 1517 3068 1573 vobis
3121 1519 3355 1577 rebelles
3387 1530 3447 1577 ct

1853 1606 2075 1677 impios.
2108 1608 2370 1677 quoniam
2399 1623 2466 1662 ex
2499 1608 2941 1678 peregrinatione
2970 1626 3162 1666 eorum
3208 1612 3441 1671 educam

1852 1715 1968 1765 eos,
1998 1708 2051 1754 et
2096 1699 2150 1753 in
2199 1707 2400 1755 terram
2443 1699 2610 1756 lsrael
2648 1716 2759 1755 non
2806 1702 3184 1772 ingredientur
3220 1700 3288 1762 ⁸⁸.
3327 1725 3347 1760 ι
3380 1704 3443 1764 In

1852 1792 1938 1847 his
1971 1808 2189 1862 quoque
2217 1792 2525 1863 perspicue,
2577 1793 2807 1863 exiguos
2835 1810 3066 1850 numero
3100 1796 3203 1852 sub
3235 1798 3443 1870 virgam

146 1881 375 1952 βραχεῖς
402 1880 508 1935 ύπό
524 1881 623 1953 τὴν
658 1882 852 1953 pasam
882 1855 974 1936 τοῦ
1004 1882 1139 1936 Θεοῦ
1174 1855 1629 1955 γενήσεσθαι,ὲπὶ
1665 1855 1750 1956 ’τῶ
1781 1855 1822 1910 Β
1856 1883 1880 1935 [

1860 1883 1950 1939 Dei
1978 1893 2239 1941 venturos
2274 1855 2525 1950 aﬂirmat,
2552 1883 2685 1939 dum
2720 1887 2918 1957 reliqui
2948 1903 3014 1940 ex
3046 1885 3214 1944 Israel
3249 1903 3279 1943 a
3311 1855 3443 1961 pro-

142 1976 274 2039 τοίις
330 1974 556 2039 λοιποὺς
588 1974 683 2029 τοῦ
731 1975 947 2048 Ἰσραὴλ
977 1976 1377 2030 ἀποπεσεῖσθαι
1420 1977 1529 2031 τῶν
1576 1978 1749 2047 ἐπαγ-

142 2064 365 2133 γελιῶν,
430 2065 790 2139 μαρτύρεται.
837 2065 999 2119 Ἀλλὰ
1053 2066 1160 2139 γὰρ
1210 2066 1518 2132 ἀποδείξας,
1545 2068 1627 2121 ὅτι
1670 2069 1746 2142 μὴ

141 2159 221 2222 ὡς
263 2158 456 2229 ἔτυχεν
508 2158 840 2230 ἀδιακρίτως
909 2159 1076 2212 πᾶσιν
1118 2158 1306 2222 ἁπλῶς
1352 2161 1465 2224 τοῖς
1502 2159 1612 2213 ἀπὸ
1652 2160 1746 2215 τοῦ

155 2249 433 2304 Ἰουδαίων
460 2249 646 2314 ἔθνους
680 2249 905 2320 φαύλοις
932 2267 990 2303 τε
1023 2249 1118 2303 καὶ
1141 2249 1385 2314 ἀσεϐέσι,
1420 2250 1517 2305 καὶ
1540 2254 1653 2315 τοῖς
1672 2250 1746 2323 μὴ

139 2341 413 2406 τοιούτοις
444 2342 542 2407 τὰς
567 2342 677 2395 τῶν
727 2341 950 2413 ἀγαθῶν
984 2342 1318 2411 ἐπαγγελίας
1352 2342 1401 2395 οί
1435 2342 1568 2396 θεῖοι
1600 2343 1747 2413 λόγοι

140 2434 568 2509 προεθέσπιζον,
587 2437 832 2499 σπανίοις
861 2435 918 2488 δὲ
940 2434 1124 2489 αὐτῶν
1141 2436 1235 2488 καὶ
1260 2433 1479 2507 ἀριθμῷ
1498 2435 1744 2507 ληπτοίς,

138 2531 263 2602 ῆτοι
291 2533 407 2594 τοῖς
429 2531 507 2593 εἰς
528 2529 619 2583 τὸν
649 2528 880 2602 Σωτῆρα
920 2532 1015 2583 καὶ
1055 2527 1261 2601 Κύριον
1295 2529 1453 2601 ἡμῶν
1476 2530 1537 2595 ἐξ
1568 2528 1747 2584 αὐτῶν

137 2623 596 2688 πεπιστευκόσιν,
632 2623 667 2695 ἢ
722 2626 834 2688 τοῖς
866 2626 971 2696 πρὸ
998 2625 1097 2695 τῆς
1136 2624 1439 2696 παρουσίας
1464 2623 1636 2678 αὐτοῦ
1668 2625 1748 2678 δε-

137 2717 551 2789 δικαιωμένοις,
604 2718 895 2790 αὐτάρκως
946 2718 1186 2790 ἡγοῦμαι
1231 2718 1623 2790 δεδηλωκέναι,
1664 2719 1746 2774 ὅτι

144 2810 223 2882 μὴ
248 2801 585 2884 ἀδιαὶιρίτως
630 2813 710 2875 εἰς
742 2811 990 2875 ἅπαντας
1035 2808 1326 2875 Ἰουδαίους
1348 2810 1418 2865 τὰ
1452 2811 1562 2866 τῶν
1586 2812 1746 2867 θείων

140 2902 494 2971 ἐπαγγελιῶν
564 2902 889 2976 ἐπληροῦτο,
925 2904 1022 2957 καὶ
1072 2903 1155 2957 ὅτι
1194 2904 1268 2976 μὴ
1298 2904 1500 2976 μᾶλλον
1538 2905 1744 2971 αὐτοῖς,

139 2995 176 3066 ἢ
214 2999 331 3060 τοῖς
351 2996 411 3063 ἐξ
436 2996 607 3051 ἐθνῶν
625 2996 715 3050 τὸν
737 2986 971 3069 Χριστδν
997 2996 1092 3050 τοῦ
1117 2996 1253 3051 Θεοῦ
1279 2996 1746 3070 παραδεξαμένοις

137 3088 212 3142 τὰ
238 3089 348 3144 τῶν
378 3089 675 3162 προφητῶν
697 3090 1032 3162 ὲφαρμόττει
1059 3089 1237 3161 λόγια.
1273 3090 1367 3156 Τίς
1395 3090 1451 3145 δὲ
1483 3088 1552 3164 ἦν
1582 3091 1744 3164 ἡτῶν

1852 1977 2038 2033 missis
2068 1978 2286 2035 cadent.
2318 1977 2389 2033 At
2418 1977 2565 2032 enim
2597 1993 2722 2033 cum
2753 1980 3191 2036 demonstratum
3218 1998 3247 2036 a
3282 1985 3444 2040 nobis

1850 2070 1923 2125 sit
1951 2085 2059 2126 non
2090 2069 2339 2137 fortuito,
2369 2086 2549 2142 neque
2599 2070 2897 2128 indiscrete
2948 2074 3207 2131 omnibus
3235 2076 3446 2146 simpli-

1849 2159 1987 2215 citer
2017 2159 2260 2215 Iudaica:
2288 2160 2469 2231 gentis
2498 2175 2624 2216 cum
2658 2161 2871 2218 vitiosis
2900 2172 3065 2234 atque
3092 2163 3299 2233 impiis,
3328 2173 3443 2220 tum

1849 2252 2013 2307 etiam
2068 2252 2138 2309 iis
2194 2253 2289 2323 qui
2327 2254 2468 2311 tales
2515 2269 2625 2309 non
2662 2254 2795 2318 sint,
2826 2258 3055 2313 oracula
3081 2257 3286 2323 divina,
3320 2258 3445 2316 illas

1847 2342 2117 2403 bonorum
2147 2345 2543 2414 promissiones
2573 2346 2865 2411 cecinisse,
2903 2348 2997 2403 sed
3028 2350 3221 2419 paucis
3250 2364 3443 2406 eorum

1848 2435 2117 2489 duntaxat
2145 2442 2201 2492 et
2243 2435 2404 2493 facile
2435 2440 2891 2506 numerabilibus,
2924 2441 2995 2497 iis
3026 2441 3301 2507 videlicet,
3347 2442 3442 2512 qui

1850 2528 1905 2581 in
1939 2527 2285 2583 Salvatorem
2332 2538 2388 2585 et
2437 2528 2733 2585 Dominum
2783 2540 3033 2587 nostrum
3087 2533 3443 2599 crediderint,

1848 2628 1945 2676 aut
1992 2622 2063 2677 iis
2101 2622 2197 2693 qui
2243 2633 2371 2680 ante
2416 2623 2538 2694 ejus
2572 2624 2868 2683 adventum
2907 2626 3044 2697 justi
3074 2629 3258 2687 eﬂ‘ecti
3308 2632 3440 2689 sint.

1847 2715 2080 2771 Abunde
2131 2731 2233 2771 nos
2286 2716 2526 2772 arbitror
2576 2718 2912 2788 declarasse,
2969 2722 3441 2793 quemadmodum

1846 2823 1914 2862 ea
1957 2824 2081 2879 quae
2127 2808 2196 2864 ad
2225 2809 2504 2880 promissa
2535 2809 2723 2865 divina
2757 2814 3056 2884 pertinent,
3090 2830 3199 2872 non
3224 2816 3444 2873 indiﬂe~

1848 2908 2033 2956 renter
2047 2901 2103 2955 in
2116 2901 2373 2956 omnibus
2385 2900 2611 2968 Judaeis,
2632 2902 2793 2958 ﬁnem
2825 2907 3166 2977 acceperint:
3185 2916 3241 2964 et
3258 2923 3444 2981 quem-

1848 2991 2144 3047 admodum
2177 3008 2286 3047 non
2331 2993 2470 3065 ipsis
2518 2994 2713 3064 magis,
2746 3008 2910 3065 quam
2962 2997 3030 3051 iis
3074 2998 3168 3069 qui
3195 2998 3266 3055 de
3310 3014 3444 3071 gen-

1847 3084 1997 3141 tibus
2027 3093 2407 3152 assumuntur,
2443 3086 2537 3140 ubi
2576 3084 2861 3143 Christum
2908 3087 3004 3145 Dei
3053 3102 3439 3163 susceperunt,

141 3180 305 3235 θείων
342 3182 691 3251 ἐπαγγελιῶν
725 3182 953 3246 διάνοια,
988 3182 1131 3236 κατὰ
1168 3183 1363 3255 καιρὸν
1428 3184 1522 3239 τὸν
1568 3202 1743 3258 προσ-ι
1774 3215 1818 3274 c
1849 3193 1880 3249 1]

1860 3178 2241 3248 prophetarum
2280 3195 2547 3251 responsa
2595 3181 2945 3236 conveniant.
2983 3183 3158 3238 Porro
3186 3200 3439 3255 quamam

146 3277 354 3344 ήκοντα
406 3277 763 3348 παραστήσω.
822 3274 1009 3329 Ταῦτα
1038 3275 1094 3328 δὲ
1152 3275 1227 3340 ὡς
1288 3276 1602 3346 ἀναγκαίως
1654 3296 1745 3349 μοι

144 3367 489 3421 συνείλεκται
518 3369 599 3433 εἰς
637 3367 858 3438 ἔλεγχον
901 3367 1009 3421 τῶν
1036 3369 1100 3420 ἐκ
1138 3368 1464 3440 περιτομῆς,
1492 3370 1584 3423 ὑπ’
1623 3369 1747 3424 ἀλό·

141 3478 241 3530 γου
275 3459 654 3532 μεγαλαυχίας
714 3460 897 3533 μόνοις
942 3461 1127 3526 αὐτοῖς
1161 3461 1251 3514 τὸν
1280 3461 1513 3533 Χριστὸν
1559 3462 1747 3534 ἐπιδη-

142 3556 362 3625 μήσειν,
399 3554 521 3624 οὐχὶ
539 3553 595 3605 δὲ
620 3554 715 3607 καὶ
760 3555 927 3608 πᾶσιν
971 3552 1281 3626 ἀνθρώποις
1312 3553 1744 3625 ὲπαυθαδιζομέ-

138 3663 271 3710 νων,
304 3644 387 3709 εἰς
414 3662 475 3698 τε
501 3645 777 3713 ἀπόδειξιν
816 3646 916 3716 τῆς
947 3646 1106 3717 ἡμῶν
1131 3645 1313 3700 αὐτῶν
1346 3643 1475 3717 περὶ
1503 3645 1573 3700 τὰ
1601 3647 1744 3701 ὲκείο

141 3755 249 3790 νων
281 3736 442 3807 λόγια
497 3738 721 3806 εὐλόγου
757 3739 1013 3809 σπουδῆς.
1047 3739 1285 3811 Συνέστη
1313 3739 1369 3793 δέ
1399 3759 1489 3813 μοι
1528 3740 1616 3795 διὰ
1646 3739 1742 3794 τοῦ

143 3830 255 3902 πρὸ
276 3829 473 3883 τούτου
500 3830 932 3902 συγγράμματος
961 3831 1054 3884 καί
1086 3831 1147 3884 τὸ
1178 3832 1351 3886 αἴτιον
1371 3832 1466 3887 τοῦ
1496 3834 1570 3906 μὴ
1616 3834 1743 3886 ’ἰου-

140 3922 348 3988 δαΐζειν
382 3924 553 3994 ἡμᾶς,
588 3925 683 3977 καὶ
727 3923 897 3976 ταῦτα
918 3928 1039 3989 ταῖς
1072 3924 1253 3993 αὐτῶν
1289 3925 1580 3996 χαίροντας
1612 3942 1744 3997 προ-ὴ

140 4018 402 4086 φητικαῖς
438 4015 701 4087 Γραφαῖς.
759 4016 918 4069 Ἀλλά
975 4018 1070 4070 καὶ
1090 4018 1274 4081 ὁποῖος
1322 4021 1350 4072 ὁ
1379 4018 1492 4088 βίος
1540 4017 1743 4089 τυγχά-

140 4123 239 4169 νει,
276 4109 307 4159 ό
331 4105 421 4159 διὰ
452 4106 546 4159 τοῦ
593 4105 831 4178 Χριστοῦ
871 4109 1007 4161 πᾶσι
1036 4110 1150 4171 τοῖς
1181 4106 1360 4162 ἔθνεσι
1390 4108 1743 4180 κεκηρυγμέ-

140 4216 250 4263 νος,
281 4198 318 4269 ῆ
348 4216 409 4251 τε
476 4198 773 4271 ἀρχαιότης
820 4198 914 4253 τοῦ
974 4201 1177 4271 τρόπου
1229 4201 1327 4271 τῆς
1378 4202 1740 4271 εύαγγελικῆς

140 4291 443 4355 πολιτείας,
479 4290 555 4355 ὼς
608 4286 721 4345 οἷόν
762 4309 821 4345 τε
852 4288 940 4363 ἦν,
974 4293 1032 4345 ὲν
1069 4293 1217 4364 αὐτῷ
1252 4294 1560 4366 διελήλυθα.
1606 4294 1741 4347 Τού-

139 4404 247 4439 των
281 4385 327 4438 δ⁶
355 4387 490 4457 ἡμῖν
522 4385 936 4456 προηνυμένων,
967 4386 1067 4457 ἤδη
1104 4387 1232 4440 ποτὲ
1272 4385 1463 4458 καιρὸς
1496 4388 1741 4459 ἀπορρη-

135 4478 378 4548 τοτέρων
406 4475 644 4545 ἆψασθαι
670 4476 865 4545 λόγων,
892 4476 1002 4531 τῶν
1033 4478 1161 4549 περὶ
1188 4478 1287 4548 τῆς
1315 4477 1457 4530 κατά
1491 4478 1583 4531 τὸν
1620 4479 1737 4530 Σω-

1851 3270 2017 3325 fuerit
2045 3270 2358 3326 divinorum
2401 3276 2798 3344 promissorum
2851 3273 2965 3346 86
3018 3277 3313 3341 sententia,
3347 3278 3441 3334 ubi

1852 3371 2071 3435 tempus
2114 3364 2218 3420 erit
2241 3366 2552 3421 ostendam.
2573 3366 2699 3423 Haec
2718 3375 2900 3421 autem
2924 3381 3095 3437 prope
3123 3371 3441 3425 necessario

1849 3469 1881 3508 a
1903 3469 1990 3509 me
2008 3454 2235 3511 collecta
2261 3464 2483 3524 sunt,ut
2501 3458 2826 3530 redarguam
2855 3473 2951 3515 eos
2982 3458 3075 3528 qui
3108 3457 3176 3513 ad
3205 3457 3443 3515 circum-

1848 3543 2114 3600 cisionem
2155 3546 2452 3616 pertinent,
2484 3548 2723 3617 quadam
2754 3546 2907 3601 inani
2945 3546 3211 3617 jactantia
3240 3548 3438 3613 elatos,

1845 3645 1902 3692 et
1936 3636 2005 3691 ad
2053 3654 2114 3693 se
2156 3639 2304 3693 solos
2332 3638 2640 3705 Christum,
2685 3652 2799 3695 non
2828 3638 2896 3694 ad
2943 3654 3137 3695 onmes
3186 3639 3439 3697 homines

1846 3738 2139 3786 venturum
2165 3731 2519 3801 pertinaciter
2545 3733 2869 3804 gloriantes,
2901 3746 3004 3787 nec
3034 3746 3145 3787 non
3177 3738 3238 3786 ut
3257 3738 3419 3789 esten

1845 3822 1970 3878 dam
2021 3839 2218 3895 magna
2265 3839 2391 3879 eum
2435 3826 2651 3880 ratione
2698 3839 2823 3882 esse
2857 3824 3102 3880 studium
3157 3831 3415 3881 nostrum

1845 3930 1969 3969 cum
2004 3915 2174 3971 libros
2208 3915 2428 3970 illorum
2460 3925 2513 3972 et
2551 3916 2771 3971 oracula
2800 3916 3071 3972 versando
3113 3924 3434 3972 tractamus.

1844 4007 2158 4063 Constituta
2199 4018 2283 4063 est
2323 4022 2355 4063 a
2385 4022 2474 4062 me
2519 4007 2660 4062 libro
2702 4007 2989 4077 superiore
3028 4022 3215 4073 causa,
3248 4022 3349 4061 cur
3378 4007 3436 4062 in

1845 4115 2057 4156 morem
2096 4098 2384 4155 Judaicum
2415 4114 2525 4154 non
2570 4099 2894 4165 recidimus,
2940 4099 3159 4155 tametsi
3192 4098 3433 4170 prophe-

1842 4192 1970 4248 ticis
2029 4192 2248 4247 illorum
2300 4192 2522 4263 scriptis
2572 4192 2896 4263 gaudemus,
2925 4207 3026 4247 nec
3053 4191 3183 4245 item
3226 4190 3432 4257 minus,

1844 4285 2154 4355 cujusmodi
2194 4299 2258 4339 ea
2298 4284 2369 4340 sit
2396 4285 2529 4349 vita,
2570 4278 2692 4354 quae
2729 4283 2952 4339 Christo
2977 4293 3226 4351 auctore,
3254 4282 3436 4337 omni-

1843 4376 1947 4431 bus
1990 4376 2245 4447 gentibus
2278 4375 2530 4429 nuntiata
2575 4373 2982 4445 prmdicataque
3027 4372 3120 4436 sit,
3155 4384 3435 4441 quamque

1844 4469 2068 4539 antiqua
2115 4468 2189 4524 sit
2221 4468 2549 4539 evangelica:
2588 4468 2903 4538 reipublicae
2934 4466 3097 4530 ratio,
3148 4465 3206 4519 in
3235 4461 3433 4518 eodem

135 4572 285 4644 τῆρα
316 4570 413 4624 καὶ
437 4569 646 4640 Κύριον
673 4568 831 4641 ἡμῶν
866 4569 1076 4641 Ἰησοῦν
1104 4570 1193 4623 τὸν
1218 4570 1453 4642 Χριστὸν
1474 4569 1569 4623 τοῦ
1598 4569 1734 4623 Θεοῦ
1770 4560 1815 4617 ἰ)
1842 4577 1880 4615 ei

1860 4561 2131 4631 :xplanavi
2176 4576 2276 4632 pro
2323 4560 2560 4617 viribus.
2611 4560 2956 4630 Quapropter
3005 4557 3099 4629 qui
3151 4555 3271 4612 hac
3329 4555 3433 4609 ali-

139 4660 419 4732 μυστικῆς
440 4660 771 4730 οἰκονομίας,
806 4662 901 4715 καὶ
924 4662 1002 4725 ὡς
1026 4660 1091 4714 ἂν
1121 4660 1387 4732 μάθοιμεν
1415 4658 1505 4713 διὰ
1534 4660 1586 4713 τί
1614 4658 1729 4726 νῦν,

135 4751 252 4805 ἀλλ’
273 4752 337 4804 οὐ
382 4752 491 4823 πρὸ
521 4752 731 4819 τούτου,
761 4753 859 4825 τὴν
888 4755 968 4818 εἰς
991 4752 1580 4826 ἂπαντας’ἀνθρὼπους
1610 4756 1731 4807 ὲπι-

138 4848 369 4915 φάνειαν
409 4846 575 4901 αὐτοῦ
605 4849 890 4919 πεποίητο,
919 4849 1015 4901 καὶ
1044 4849 1096 4901 τί
1132 4850 1193 4903 τὸ
1225 4849 1397 4902 αἴτιον
1418 4843 1486 4921 ῆν
1521 4848 1615 4901 τοῦ
1655 4849 1731 4920 μὴ

136 4940 308 4993 πάλαι
365 4940 652 5011 πρότερον,
704 4938 931 5011 ἔναγχος
964 4939 1020 4994 δὲ
1064 4941 1158 4994 καὶ
1207 4940 1345 5011 μετὰ
1386 4939 1477 4994 τὸν
1522 4934 1734 5012 μακρὸν

138 5034 332 5096 αἰῶνα,
365 5032 536 5087 ἐθνῶν
551 5033 905 5106 ἀπάρξασθαι
934 5034 1095 5088 αὑτὸν
1121 5034 1386 5105 κλήσεως,
1406 5033 1476 5087 τά
1505 5051 1565 5086 τε
1598 5033 1733 5088 ἄλλα

138 5125 237 5180 ὅσα
293 5125 495 5197 δήποτε
536 5124 638 5196 τῆς
692 5126 809 5179 κατ’
860 5126 1021 5180 αὑτὸν
1091 5126 1402 5197 ἀπορρήτου
1455 5124 1733 5194 θεολογίας

137 5221 315 5272 οἰκεῖα
338 5218 601 5289 τυγχάνει
620 5236 632 5249 ·
668 5219 748 5274 ἔτι
786 5220 891 5293 μὴν
923 5221 1018 5273 καὶ
1046 5218 1113 5271 τὰ
1154 5219 1282 5290 περί
1314 5218 1411 5288 τῆς
1455 5216 1730 5289 ἐνανθρω-

139 5314 359 5383 πήσεως
381 5311 573 5375 αὐτοῦ,
595 5311 630 5366 ἃ
652 5315 745 5365 καὶ
778 5312 969 5385 πρῶτα
1006 5309 1066 5375 ἐξ
1093 5308 1287 5382 ἐτέρας
1327 5309 1486 5378 λόγου
1532 5309 1729 5381 ἀρχῆς,

138 5405 209 5468 ὼς
234 5406 374 5476 πρὸς
405 5407 533 5470 τοὺς
575 5406 858 5471 ἀπίστους,
885 5403 1022 5469 τέως
1051 5404 1211 5457 αὐτὸν
1250 5402 1445 5476 βοηθὸν
1478 5402 1733 5457 ἐπικαλε-

138 5495 366 5566 σάμενοι
392 5497 486 5550 τὸν
511 5496 605 5550 τοῦ
630 5496 765 5551 Θεοῦ
797 5498 989 5566 Λόγον,
1019 5496 1151 5569 φέρε
1177 5492 1621 5565 διασκεψώμεθα.

1841 4655 2064 4726 quando
2103 4654 2324 4710 tandem
2365 4653 2725 4718 absolvimus,
2756 4652 2870 4723 jam
2908 4667 3058 4707 nunc
3094 4661 3311 4721 tempus
3344 4662 3435 4703 ar-

1841 4748 2113 4803 bitramur
2153 4762 2300 4813 esse,
2335 4753 2398 4801 ut
2440 4745 2509 4801 de
2546 4746 2762 4801 occulta
2807 4754 2863 4801 et
2908 4743 3141 4815 mystica
3193 4741 3429 4807 ratione,

1840 4857 1963 4912 quze
2019 4841 2088 4896 ad
2140 4840 2482 4896 Salvatorem
2528 4846 2584 4893 et
2624 4836 2918 4893 Dominum
2958 4825 3210 4892 nostrum
3240 4833 3431 4890 Jesum

1836 4935 2143 5001 Christum,
2168 4934 2260 5005 qui
2295 4932 2548 4988 Christus
2580 4938 2664 4985 est
2691 4930 2809 4995 Dei,
2833 4929 3092 4999 pertinet,
3128 4927 3432 4983 occultiora

1841 5030 1968 5083 item
2016 5027 2266 5099 quaedam
2316 5027 2672 5098 attingamus,
2719 5033 2780 5080 ut
2814 5039 2940 5079 cum
2983 5022 3090 5077 hoc
3128 5018 3335 5091 pariter
3364 5018 3432 5072 il-

1839 5118 1933 5173 lud
1970 5118 2273 5183 discamus,
2320 5133 2482 5189 quam
2516 5118 2588 5173 ob
2622 5133 2734 5172 rem
2763 5132 2934 5180 nunc,
2965 5123 3019 5169 et
3053 5128 3163 5168 non
3196 5110 3431 5167 antehac

1838 5211 1904 5266 ad
1938 5226 2129 5267 omnes
2163 5218 2353 5283 gentes
2400 5210 2703 5278 advenerit,
2749 5219 2804 5265 et
2836 5222 3087 5280 quamam
3134 5219 3301 5261 causa
3331 5203 3428 5267 sit,

1841 5313 1902 5359 ut
1941 5318 2054 5359 non
2094 5304 2267 5359 multo
2305 5311 2451 5367 ante,
2484 5303 2578 5359 sed
2619 5317 2795 5372 nuper
2822 5302 3090 5356 duntaxat
3136 5305 3262 5369 post
3310 5311 3429 5349 mae

1840 5413 2011 5470 gnum
2060 5411 2353 5452 numerum
2394 5396 2744 5462 saeculorum,
2776 5407 2975 5449 vocare
3016 5396 3206 5461 gentes
3252 5387 3427 5442 inca!-

1842 5492 1985 5564 perit
2018 5510 2031 5546 :
2063 5499 2183 5547 tum
2213 5491 2319 5545 alia
2350 5488 2597 5561 ejusdem
2628 5486 2865 5559 generis.
2891 5499 3012 5558 quae
3042 5496 3258 5537 arcana:
3279 5479 3426 5535 illius

136 5590 427 5662 theologia:
461 5591 681 5663 propria
719 5598 870 5656 sunt,
928 5607 1159 5662 qumque
1203 5591 1272 5645 ad
1312 5590 1469 5645 illum
1504 5596 1760 5661 Spectant
1785 5596 2090 5645 tractemus
2125 5608 2137 5643 :
2185 5588 2337 5655 item,
2393 5600 2501 5657 qua
2555 5585 2773 5640 ratione
2805 5583 2898 5638 ille
2921 5582 3087 5637 homo
3119 5577 3298 5633 factus
3331 5575 3424 5669 sit,

138 5698 261 5753 quae
291 5699 427 5739 sane
477 5684 642 5739 etiam
698 5684 874 5754 prima
907 5684 1152 5739 omnium
1193 5697 1337 5737 novo
1367 5681 1607 5752 quodam
1648 5691 1934 5754 assumpto
1987 5680 2235 5745 exordio,
2286 5678 2445 5752 quasi
2468 5675 2536 5733 ad
2595 5676 2848 5733 homines
2890 5670 3205 5730 incredulos
3245 5669 3427 5739 ipsum

138 5777 233 5836 Dei
277 5780 507 5834 verbum
543 5780 884 5846 invocantes,
937 5788 1000 5833 ut
1044 5796 1146 5836 nos
1196 5779 1436 5850 adjuvet,
1474 5793 1574 5849 age
1620 5779 1734 5849 jam
1770 5780 2204 5837 consideremus.

205 5893 250 5924 "
287 5891 489 5949 Ezech.
524 5889 748 5958 xlv.‘24,
770 5891 863 5949 ‘22.
940 5894 984 5926 ⁸⁸
1018 5891 1215 5950 Ezech.
1251 5907 1383 5955 xxx,
1432 5890 1626 5948 36-58.
