3828 6216
100 359 199 417 165

1009 340 1668 416 DEMONSTRATIONIS
1707 358 2171 418 EVANGELICJE
2208 361 2336 419 LIB.
2378 362 2466 419 ῐῙῐ.

3285 369 3386 424 {66

98 479 246 539 ὃπως
269 477 322 531 οί
356 476 635 550 προφῆται
662 477 761 549 τὴν
785 476 878 530 τοῦ
907 477 1236 549 Εὐαγγελίου
1268 480 1487 553 μνήμην
1504 480 1594 534 ἐπὶ
1615 478 1710 534 τοῦ
1738 492 1788 550 Α
1816 481 1893 537 illi
1929 480 2025 537 unl
2056 498 2080 554 ι

1816 481 1893 537 illi
1929 480 2025 537 unl
2056 498 2222 554 posse
2265 482 2699 549 accommodari,
2725 498 2790 540 ex
2822 487 3032 542 eventis
3064 486 3387 543 certissimis

99 568 336 640 Χριστοῦ
361 568 800 642 παρελάμὼνον.

1807 574 1920 643 jam
1966 575 2079 646 jam
2132 576 2631 647 comprobabimus,
2691 575 2761 639 si,
2817 576 2963 647 quod
3013 579 3384 634 necessarium

96 671 202 725 est,
234 663 393 733 prius
416 662 549 717 illud
577 664 927 735 contemplati
951 665 1180 731 erimus,
1211 666 1677 753 quemadmodum
1726 675 2006 742 prophetae
2038 671 2317 742 Evangelii
2348 670 2681 727 mentionem
2734 670 2791 726 in
2840 670 3062 728 Christo
3094 689 3204 728 non
3247 686 3386 742 pra:-

100 756 471 812 termiserint.

93 871 301 937 ὀπως
332 871 721 963 dites-stite
755 872 1006 963 ξῆνξοῦ
1028 876 1401 963 “milia”
1449 875 1695 947 μνήμην

377 942 479 996 ἐπὶ
516 942 622 997 τοῦ
648 944 910 1011 Χριστοῦ
939 942 1424 1017 παρελάμϐανον.

164 1035 243 1086 A'.
289 1051 309 1085 ι
345 1034 452 1088 Τοῦ
492 1035 822 1107 δηλωθέντος
862 1039 1075 1110 μάρτυς
1104 1040 1171 1093 ἂν
1213 1040 1298 1113 εἴη
1333 1042 1573 1113 ῥήμασιν
1595 1039 1695 1094 αὐ-

87 1128 202 1187 τοῖς
242 1126 499 1190 Ἡσαΐας,
541 1128 605 1180 ὲκ
643 1127 938 1199 προσώπου
977 1130 1071 1183 τοῦ
1100 1131 1339 1203 Χριστοῦ
1384 1130 1692 1204 κεκραγώς⁵

90 1234 111 1265 ι
146 1216 379 1286 Πνεῦμα
406 1218 612 1288 Κυρίου
635 1220 723 1273 ἐπ’
746 1220 869 1288 ἐμὲ,
891 1213 952 1273 οὗ
974 1222 1181 1276 εἵνεκεν
1214 1222 1398 1294 έχρισέ
1427 1239 1514 1294 με·
1539 1224 1699 1293 εὐαγ-

86 1308 412 1374 γελίσασθαι
441 1314 675 1383 πτωχοῖς
700 1313 1008 1367 ἀπέσταλκέ
1046 1331 1135 1385 με,
1164 1315 1396 1386 κηρύξαι
1417 1316 1695 1388 αἰχμαλώ-

87 1416 206 1463 τοις
234 1402 458 1471 ἄφεσιν,
499 1405 594 1457 καὶ
626 1404 845 1474 τυφλοῖς
884 1406 1202 1477 ἀνάϐλεψιν*
1243 1427 1261 1460 ›
1291 1408 1359 1478 ἥν
1388 1426 1510 1463 τινα
1561 1427 1694 1481 προ-

87 1508 228 1561 φητε
239 1494 327 1547 ίαν
348 1497 379 1548 ὀ
408 1496 561 1567 Σωτὴ
568 1512 601 1568 ρ
625 1496 785 1567 ήμῶν
814 1499 870 1550 ὲν
891 1501 957 1570 τῇ
991 1492 1281 1571 συναγωγῇ
1308 1501 1440 1553 ποτὲ
1468 1499 1690 1555 διελθὼν

84 1582 181 1635 ἐπὶ
218 1582 318 1636 τοῦ
371 1583 612 1655 πλήθους
643 1586 751 1641 τῶν
791 1588 1081 1652 Ἰουδαίων,
1143 1589 1351 1654 πτύξας
1395 1590 1457 1642 τὸ
1486 1588 1687 1660 βιϐλίον

83 1672 211 1729 εἷπε
232 1692 247 1705 ·
290 1697 310 1728 ι
343 1678 592 1751 Σήμερον
633 1680 993 1754 πεπλήρωται
1021 1685 1053 1754 ή
1085 1684 1276 1757 Γραφὴ
1306 1684 1445 1754 αὐτη
1479 1685 1536 1735 ὲν
1576 1685 1688 1746 τοῖς

1806 873 1961 942 Quod
1991 875 2255 945 prophetae
2284 874 2342 929 in
2370 875 2483 944 ipso
2515 873 2726 948 Christo
2758 874 3032 948 Evangelii
3069 880 3383 935 mentionem

2392 947 2798 1015 assumpserint.

1871 1033 1911 1089 l.
1951 1034 2199 1106 Hujusce
2230 1035 2483 1091 veritatis
2529 1037 2689 1091 testis
2720 1036 2788 1090 ad
2816 1037 3040 1092 verbum
3081 1038 3151 1094 sit
3179 1039 3381 1105 lsaias,

1801 1124 1894 1195 qui
1930 1141 1995 1180 ex
2042 1140 2277 1196 persona
2309 1124 2515 1181 Christi
2566 1128 2788 1193 clamat,
2826 1146 2846 1179 ι
2885 1128 3127 1199 Spiritus
3168 1129 3381 1186 Domini

1802 1233 1970 1288 super
2003 1234 2109 1281 me,
2157 1209 2382 1288 propter
2431 1218 2577 1288 quod
2623 1219 2783 1273 unxit
2830 1236 2954 1275 me:
2994 1220 3383 1292 Evangelizare

1802 1310 2137 1381 pauperibus
2169 1310 2317 1363 misit
2351 1324 2470 1373 mc,
2501 1310 2799 1379 praedicare
2828 1312 3060 1381 captivis
3101 1314 3382 1369 remissio-

1800 1418 1947 1461 nem.
1973 1409 2026 1457 et
2069 1402 2231 1457 caecis
2266 1403 2444 1457 visum
2474 1402 2518 1434 ⁸⁸
2548 1418 2562 1456 :
2609 1422 2627 1454 ›
2664 1418 2828 1472 quam
2876 1419 3009 1459 sane
3041 1404 3381 1475 prophetiam

1802 1491 2053 1548 Salvator
2087 1502 2274 1549 noster
2305 1494 2468 1555 olim,
2498 1496 2550 1548 in
2574 1503 2849 1550 conventu
2884 1497 3026 1566 apud
3072 1498 3380 1552 utultitudi-

1795 1603 1918 1640 nem
1978 1585 2290 1641 Judaeorum
2331 1601 2457 1640 cum
2495 1587 2733 1657 legisset,
2780 1588 3088 1660 librumque
3126 1598 3249 1660 post
3288 1591 3369 1646 leo

1794 1678 2033 1732 etionem
2060 1678 2365 1749 plicuisset,
2398 1678 2478 1734 sic
2501 1679 2717 1734 locutus
2746 1686 2830 1734 est
2861 1698 2873 1733 :
2912 1698 2931 1730 ι
2970 1679 3130 1735 hodie
3156 1668 3378 1751 impleta

83 1771 226 1824 ὠσὶν
253 1771 434 1842 ὑμῶν,
475 1791 495 1824 ι
532 1774 627 1826 καὶ
660 1773 724 1844 δὴ
765 1774 977 1827 ἐνθένδε
1016 1774 1323 1846 ἀρξάμενος
1357 1775 1460 1842 τῆς
1484 1774 1688 1837 οἰκείας
1724 1802 1765 1857 Β
1793 1779 1878 1827 est.
1932 1772 2080 1841 scrip

1793 1779 1878 1827 est
1932 1772 2208 1841 scriptura
2248 1771 2366 1825 haec
2420 1770 2477 1824 in
2529 1770 2758 1825 auribus
2801 1771 3000 1826 vestris
3034 1771 3103 1836 ”,
3140 1790 3159 1823 ›
3206 1773 3377 1842 proti-

83 1862 442 1928 διδασκαλίας
483 1869 720 1935 πτωχοῖς
766 1867 1148 1938 εὐηγγελίζετο
1199 1867 1309 1920 τῶν
1362 1869 1492 1939 παρ’
1540 1868 1691 1939 αὐτῷ

87 1956 490 2028 μακαρισμῶν,
530 1959 881 2029 προτάττων·
922 1978 940 2009 ι
980 1961 1255 2030 Μακάριοι
1286 1961 1334 2013 οἱ
1369 1962 1576 2031 πτωχοὶ
1614 1960 1691 2033 τῷ

82 2048 387 2119 πνεύματι,
428 2049 513 2103 ὅτι
532 2049 712 2103 αὐτῶν
741 2052 888 2103 ἐστιν
919 2050 1222 2122 ήβασιλεία
1244 2051 1353 2105 τῶν
1386 2052 1684 2123 οὐρανῶν.»

93 2141 263 2195 Ἀλλὰ
291 2142 390 2195 καὶ
422 2145 533 2206 τοῖς
557 2142 662 2195 ὐπὸ
691 2143 1017 2213 πνευμάτων
1046 2143 1295 2215 πονηρῶν
1322 2144 1687 2217 ὀχλουμένοις,

80 2236 192 2288 ὐπὸ
224 2253 282 2288 τε
307 2234 581 2304 δαιμόνων
609 2235 809 2305 τρόπον
831 2235 1195 2305 αἰχμαλώτων
1226 2237 1393 2324 πάλει
1427 2239 1690 2309 πρότερον

78 2328 548 2399 κεκρατημένοις,
582 2327 681 2397 τὴν
706 2327 901 2396 ἄφεσιν
925 2330 1295 2399 προεκήρυττε
1325 2330 1451 2392 τοὺς
1484 2328 1690 2394 πάντας

76 2415 160 2477 εἰς
194 2414 516 2485 ἐλευθερίαν
539 2414 633 2465 καὶ
660 2412 813 2466 λύσιν
842 2412 951 2467 τῶν
982 2414 1090 2467 ἀπὸ
1112 2414 1308 2477 κακίας
1331 2414 1542 2484 δεσμῶν
1561 2414 1690 2467 ἀνα-

76 2506 449 2577 καλούμενος,
491 2505 558 2559 δι’
586 2499 662 2559 ὧν
704 2506 963 2575 ἔφασκεν·
1000 2525 1017 2555 ι
1056 2506 1220 2560 Δεῦτε
1255 2507 1392 2579 πρός
1449 2524 1517 2578 με
1552 2507 1688 2560 πάν-

74 2616 173 2662 τες
202 2601 254 2652 οἰ
286 2598 593 2662 κοπιῶντες
612 2599 706 2652 καὶ
738 2600 1182 2669 πεφορτισμένοι,
1210 2599 1365 2669 κάγὼ
1387 2599 1688 2653 ἀναπαύσω

76 2693 252 2764 ὑμᾶς.
300 2711 321 2743 ι
351 2693 464 2744 Καὶ
493 2691 712 2760 τυφλοῖς
744 2690 801 2743 δὲ
848 2692 947 2764 τὴν
974 2692 1267 2761 ἀνάϐλεψιν
1299 2695 1547 2763 παρεῖχε,
1573 2695 1687 2756 τοῖς

74 2784 180 2846 τὰς
217 2781 376 2850 Wst;
406 2780 500 2833 τοῦ
537 2778 787 2850 σώματος
819 2779 1233 2851 διεφθαρμένοις
1265 2779 1326 2831 τὸ
1350 2778 1566 2849 βλέπειν
1586 2778 1688 2831 δωσ-

78 2874 179 2945 ρού
189 2891 379 2943 μενος,
400 2871 542 2926 κατά
567 2873 807 2926 διάνοιαν
826 2875 939 2935 τοῖς
963 2872 1130 2926 πάλαι
1160 2871 1288 2942 περὶ
1311 2870 1407 2941 τὴν
1429 2871 1686 2942 ἀλήθειαν

74 2966 457 3020 ἀναϐλέπουσι
482 2965 581 3035 (l),
614 2965 674 3017 τὸ
712 2965 827 3035 φῶς
858 2965 957 3035 τῆς
996 2963 1229 3035 ἀληθοῦς
1268 2964 1549 3027 εὐσεϐείας
1580 2981 1686 3016 πα-

77 3058 265 3128 ρέχων
298 3058 454 3127 όρᾷν.
497 3056 600 3109 Τὸν
634 3056 733 3126 μὲν
756 3052 849 3109 οὖν
871 3054 1106 3126 Χριστὸν
1139 3055 1196 3105 ἐν
1228 3052 1465 3124 πρώτοις
1503 3054 1686 3107 αὐθέν-

1793 1880 2005 1934 nusque
2038 1864 2162 1918 hinc
2187 1878 2345 1919 suam
2386 1863 2693 1918 doctrinam
2736 1877 2966 1918 exorsus
3002 1865 3376 1935 evangelizare

1791 1958 1957 2027 cmpit
2001 1956 2370 2026 pauperibus,
2416 1970 2512 2012 eos
2566 1957 2619 2009 in
2669 1955 3146 2010 commendatione
3190 1957 3377 2011 beato-

1789 2050 2031 2119 rum,qui
2073 2049 2217 2119 apud
2250 2065 2309 2104 se
2351 2048 2520 2104 futuri
2560 2050 2705 2113 sint,
2738 2049 2964 2119 reliquis
2992 2057 3373 2117 anteponens:

1796 2162 1815 2194 ι
1853 2143 2027 2208 Beati,
2055 2144 2251 2213 inquit,
2285 2158 2558 2214 pauperes
2589 2144 2806 2212 spiritu,
2840 2145 3097 2214 quoniam
3130 2145 3371 2213 ipsorum

1789 2246 1873 2289 est
1904 2251 2130 2306 regnum
2158 2235 2423 2289 caelorum
2457 2236 2522 2290 9‘.
2557 2254 2576 2288 ι
2610 2234 2682 2290 lis
2715 2245 2975 2305 prasterea
3018 2236 3111 2306 qui
3150 2251 3180 2289 a
3213 2237 3375 2294 malis

1789 2327 2076 2398 spiritibus
2104 2334 2454 2389 vexarentur.
2481 2328 2685 2397 quique
2730 2343 2759 2380 a
2794 2327 3167 2390 dtemonibus,
3198 2328 3374 2399 capti-

1788 2433 1983 2474 vorum
2029 2420 2226 2484 instar,
2270 2418 2383 2489 jam
2435 2418 2530 2472 diu
2584 2426 2935 2483 tenerentur,
2994 2418 3370 2474 dimissionem

1790 2516 1917 2561 ante
1950 2508 2243 2574 nuntiavit,
2272 2522 2465 2562 omnes
2496 2506 2564 2560 ad
2599 2508 2909 2563 libertatem
2946 2514 3000 2562 et
3041 2508 3370 2563 solutionem

1789 2614 1820 2652 a
1850 2599 2071 2653 malitia:
2114 2598 2351 2654 vinculis
2392 2599 2654 2663 invitans,
2702 2598 2885 2654 verbis
2929 2598 3083 2653 illis:
3133 2616 3152 2650 ι
3191 2601 3372 2654 venite

1791 2691 1856 2745 ad
1886 2706 1993 2756 me,
2027 2706 2223 2751 omnes
2244 2690 2340 2761 qui
2387 2690 2650 2745 laboratis
2691 2698 2745 2745 et
2773 2691 2984 2745 onerati
3012 2691 3166 2757 estis,
3195 2698 3248 2746 et
3269 2706 3372 2762 ego

1788 2783 2030 2836 reﬁciam
2064 2798 2160 2837 vos
2188 2784 2254 2835 ".
2304 2801 2322 2833 ι
2363 2782 2536 2837 ϐαξοὶε
2564 2798 2715 2846 vero,
2737 2783 2831 2852 qui
2855 2797 3151 2852 corporeos
3180 2785 3371 2838 oculos

1791 2873 2055 2929 haberent
2080 2883 2388 2943 corruptos,
2428 2874 2795 2944 integritatem
2824 2874 3155 2941 restituens,
3184 2875 3366 2929 visum

1790 2966 2023 3037 largitus
2051 2981 2157 3029 εει,
2196 2975 2256 3019 ut
2291 2966 2371 3021 sic
2396 2966 2752 3035 signiﬁcaret,
2782 2980 2840 3019 se
2864 2967 2931 3020 iis
2955 2969 3046 3036 qui
3070 2967 3199 3019 olim
3222 2966 3371 3020 veri-

1788 3065 1952 3113 tatem
1976 3073 2165 3129 parum
2196 3058 2559 3120 intuerentur,
2591 3058 2850 3111 virtutem
2880 3072 2987 3127 qua
3014 3057 3196 3112 lumen
3227 3072 3370 3113 verat

73 3166 179 3217 την
219 3148 319 3200 καὶ
362 3146 606 3218 ἀρχηγὸν
638 3145 857 3199 ἔσεσθαι
887 3146 988 3215 τῆς
1029 3142 1389 3213 εὐαγγελικῆς
1423 3161 1682 3216 πραγμα-
1709 3150 1750 3208 C
1786 3152 2004 3221 pietatis
2038 3167 2080 3206 ι’(

1790 3152 2004 3221 pietatis
2038 3150 2394 3221 respicerent,
2426 3166 2677 3220 erogare.
2707 3149 2987 3205 Christum
3017 3164 3149 3220 ergo
3176 3148 3231 3203 in
3258 3151 3369 3220 pri-

72 3241 233 3303 τείας
258 3241 295 3310 ἡ
337 3237 708 3309 παρατεθεῖσα
738 3236 1043 3307 προφητεία
1092 3234 1407 3305 παρίστησι.
1439 3236 1593 3288 Μετὰ
1624 3236 1682 3289 δὲ

72 3331 247 3383 αὐτὸν
284 3329 387 3400 τῆς
417 3328 589 3398 αὐτῆς
629 3326 935 3388 ὑποθέσεως
976 3324 1254 3394 ὑπηρέτας
1300 3323 1516 3376 ἔσεσθαι
1555 3325 1683 3388 τοὺς

71 3420 250 3475 αὐτοῦ
303 3417 555 3490 μαθητὰς
600 3415 844 3480 θεσπίζει
881 3418 910 3468 ὁ
940 3415 1101 3477 αὐτὸς
1130 3414 1304 3481 λέγων
1362 3416 1677 3486 προφήτης·

77 3534 97 3564 ι
154 3513 251 3575 Ὠς
284 3511 481 3581 ὡραῖοι
511 3511 560 3562 οἱ
592 3509 748 3571 πόδες
777 3506 886 3559 τῶν
939 3505 1443 3575 εὐαγγελιζομένων
1476 3506 1678 3574 ἀγαθὰ,

69 3606 106 3675 ἢ
155 3603 269 3657 τῶν
312 3601 818 3671 εὐαγγελιζομένων
869 3600 1116 3670 εἰρήνην.
1174 3617 1192 3649 ι
1251 3598 1419 3652 Ἔνθα
1481 3599 1682 3669 σφόδρα

69 3694 568 3767 ἀπηκριϐωμένως
599 3692 834 3764 ὡραίους
865 3690 1065 3761 ἔφησεν
1097 3689 1313 3743 ἔσεσθαι
1356 3691 1483 3753 τοὺς
1518 3690 1683 3754 πόδας

70 3790 184 3841 τῶν
226 3786 741 3857 εὐαγγελιζομένων
792 3784 861 3837 τὰ
907 3780 1003 3837 τοῦ
1046 3782 1283 3854 Χριστοῦ
1315 3782 1516 3851 ἀγαθὰ,
1564 3783 1682 3847 πῶς

69 3884 177 3935 οὐκ
213 3879 450 3950 ἔμελλον
480 3878 673 3949 ὡραῖοι
706 3876 946 3939 ἔσεσθαι,
980 3876 1030 3927 οἰ
1064 3876 1122 3927 ὲν
1148 3874 1318 3946 ὀλίγῳ
1356 3876 1450 3929 καὶ
1490 3874 1683 3947 βραχεῖ

70 3975 263 4044 χρόνῳ
309 3972 414 4043 τὴν
460 3973 640 4023 πᾶσαν
678 3967 1176 4039 περιδραμούμενοι
1205 3967 1550 4038 οἰκουμένην,
1586 3968 1681 4020 καὶ

69 4067 262 4119 πάντα
293 4063 464 4116 τόπον
498 4060 887 4133 πληρώσαντες
912 4061 1009 4131 τῆς
1030 4060 1159 4132 περί
1184 4060 1278 4113 τοῦ
1311 4062 1562 4134 Σωτῆρος
1584 4060 1679 4115 τοῦ

70 4158 295 4228 κόσμου
333 4154 622 4218 θεοσεϐοῦς
641 4152 1029 4217 διδασκαλίας;
1083 4153 1203 4205 Ὅτι
1234 4152 1291 4206 δὲ
1328 4154 1402 4224 μὴ
1444 4155 1680 4225 ῥήμασιν

68 4250 456 4321 ἀνθρωπίνοις
487 4249 785 4319 ἐκέχρηντο
821 4248 901 4309 εἰς
935 4244 1108 4298 πειθὼ
1139 4246 1246 4298 τῶν
1289 4246 1677 4317 ἀκροωμένων,

68 4343 214 4396 Θεοῦ
245 4342 307 4396 δὲ
342 4340 571 4411 δύναμκ
600 4336 668 4410 ἦν
696 4340 729 4408 ἡ
761 4336 1098 4407 συνεργοῦσα
1119 4337 1302 4400 αὐτοῖς
1335 4338 1392 4389 ὲν
1420 4336 1499 4407 τῷ
1519 4337 1680 4405 εὐαγ-

66 4437 287 4506 γελικῷ
323 4432 663 4504 κηρύγματι,
696 4430 854 4494 ἄλλος
882 4430 1046 4483 πάλιν
1071 4430 1355 4501 προφήτης
1384 4429 1674 4498 ἀναφωνεῖ’

72 4548 95 4580 σ
139 4527 364 4598 Κύριος
394 4522 554 4576 δώσει
590 4522 742 4594 ῥῆμα
765 4524 877 4584 τοῖς
917 4519 1421 4589 εὐαγγελιζομένοις
1453 4518 1679 4589 δυνάμει

65 4621 275 4692 πολλῇ.
316 4637 338 4671 ι
376 4617 489 4671 Καὶ
539 4615 700 4669 πάλιν
727 4617 756 4669 ὁ
800 4615 1046 4677 Ἦσαῖας·
1087 4631 1106 4664 ι
1159 4614 1274 4664 Ἐπ’
1321 4611 1446 4683 ὅρος
1480 4611 1681 4683 ὑψηλὸν

65 4712 326 4783 ἀνάϐηθι
359 4714 389 4764 ὁ
431 4708 942 4779 εὐαγγελιζόμενος,
995 4703 1155 4768 Σιὼν,
1190 4703 1405 4774 ὓψωσον
1436 4706 1501 4774 τῇ
1536 4704 1681 4774 ἰσχύϊ

66 4809 176 4877 τὴν
202 4804 398 4874 φωνήν
433 4818 526 4855 σου
549 4803 577 4854 ὁ
612 4798 1097 4868 εὐαγγελιζόμενος
1135 4794 1508 4867 Ἰερουσαλήμ’
1534 4795 1683 4865 seu).

70 4913 240 4958 σατε,
279 4894 361 4965 μὴ
391 4890 665 4961 φοϐεῖσθε,
693 4890 847 4943 εἰπὸν
894 4891 1015 4951 ταῖς
1050 4886 1275 4965 πόλεσιν
1330 4885 1522 4947 Ἰούδα,
1570 4886 1679 4938 ἰδοὺ

67 4994 99 5043 ὸ
129 4964 289 5051 θεὸς
313 4985 493 5055 ὐμῶν,
532 4984 643 5037 ἰδοὺ
676 4981 883 5054 Κύριος
915 4979 1052 5052 μετά
1087 4964 1275 5049 ἰσχύος
1312 4978 1549 5049 ἔρχεται,
1587 4978 1681 5030 καὶ

70 5085 103 5134 ό
141 5078 399 5150 βραχίων
444 5076 582 5147 μετά
625 5074 841 5145 κυρίαςο
892 5072 999 5125 ἰδοὺ
1044 5073 1072 5123 ὁ
1114 5069 1303 5141 μισθὸς
1345 5069 1509 5122 αὐτοῦ
1563 5070 1679 5138 μετ’

73 5170 279 5231 αὐτοῦ,
311 5169 410 5222 καὶ
440 5167 502 5221 τὸ
543 5166 702 5239 ἔργον
747 5164 913 5218 αὐτοῦ
948 5164 1189 5216 ἐναντίον
1222 5160 1406 5214 αὐτοῦ·
1451 5161 1526 5224 ὡς
1563 5177 1683 5213 ποι-

78 5264 197 5334 μὴν
229 5261 491 5329 ποιμανεῖ
516 5258 579 5311 τὸ
613 5259 860 5328 ποίμνιον
888 5255 1073 5317 αὐτοῦ,
1113 5255 1207 5307 καὶ
1236 5255 1291 5305 ὲν
1322 5251 1402 5322 τῷ
1439 5252 1680 5324 βραχίονι

73 5358 255 5411 αὐτοῦ
304 5353 527 5421 συνάξει
569 5354 759 5424 ἄρνας,
791 5353 886 5405 καὶ
915 5352 972 5403 ὲν
1004 5351 1200 5420 γαστρὶ
1244 5348 1472 5417 ἐχούσας
1505 5363 1681 5417 παρα-

74 5449 334 5502 καλέσει.
391 5466 410 5498 ι
459 5446 645 5500 Ταῦτα
706 5445 763 5499 δὲ
807 5446 995 5499 ὁποίαν
1034 5445 1217 5515 ἔχεται
1265 5443 1524 5505 διάνοιαν,
1576 5440 1680 5511 ὀδῷ

566 5643 581 5656 .
657 5604 703 5639 ὀ
736 5602 867 5657 Luc.
914 5616 988 5665 IV,
1030 5600 1117 5655 l8.
1190 5600 1234 5632 "
1273 5597 1464 5653 Matth.
1498 5614 1548 5663 v,
1579 5595 1631 5651 '5.

157 5836 243 5905 ιι)
280 5830 562 5902 lnterpres
581 5826 734 5900 legit,
767 5827 1065 5897 ἀναπήροις
1095 5820 1234 5878 οὖσι.

1710 5595 1755 5627 θ’
1788 5592 1977 5647 Matth.
2012 5606 2088 5658 xx,
2132 5590 2222 5644 28.
2300 5588 2345 5621 ”
2383 5584 2488 5643 lsa.
2540 5601 2637 5653 ιιι,
2668 5584 2723 5641 7.

1785 3244 1891 3298 mis
1933 3252 2209 3298 auctorem
2243 3250 2299 3298 et
2331 3243 2526 3297 ducem
2568 3240 2815 3296 futurum
2847 3241 3028 3296 omnis
3075 3241 3370 3310 provincia!

1784 3336 2135 3406 evangelicm,
2168 3351 2230 3390 ea
2273 3350 2393 3405 qua:
2427 3334 2674 3404 exposita
2715 3340 2819 3396 est,
2871 3334 3155 3404 prophetia
3186 3334 3371 3390 decla-

1784 3436 1888 3480 rat.
1915 3426 1981 3478 At
2015 3433 2139 3495 post
2165 3426 2317 3478 illum
2348 3424 2593 3493 ejusdem
2633 3425 2902 3494 propositi
2934 3425 3218 3480 ministros
3250 3425 3369 3480 fore

1785 3518 1933 3573 illius
2004 3518 2335 3587 discipulos,
2398 3516 2541 3571 idem
2609 3498 2875 3586 prapheta
2924 3517 3074 3573 canit
3103 3517 3292 3573 dicens
3347 3530 3363 3566 :

1782 3611 1934 3681 89¢
1971 3609 2145 3676 Quam
2172 3609 2406 3679 speciosi
2452 3608 2616 3680 pedes
2669 3596 3161 3679 evangelizantium
3218 3607 3367 3661 bona

1784 3718 1948 3772 quam
1993 3701 2494 3772 evangelizantium
2542 3715 2729 3770 pacem
2751 3700 2816 3753 ⁸³.
2846 3716 2865 3750 ι
2885 3693 2991 3754 Ubi
3017 3699 3177 3755 valde
3200 3712 3369 3752 accu-

1782 3801 1902 3849 rate
1959 3793 2240 3863 speciosos
2293 3792 2432 3847 dixit
2481 3790 2599 3847 fore
2644 3791 2812 3861 pedes
2868 3789 3367 3860 cvangelizantium

1782 3881 1926 3936 bona
1956 3882 2183 3944 Christi,
2234 3883 2326 3952 qui
2356 3881 2502 3936 enim
2537 3881 2771 3951 speciosi
2816 3879 2987 3934 futuri
3038 3896 3148 3934 non
3185 3888 3364 3941 erant,

1784 3974 1876 4043 qui
1907 3974 1962 4027 in
1991 3974 2187 4043 exiguo
2219 3974 2480 4043 brevique
2508 3981 2754 4042 tempore
2786 3978 2960 4025 totum
2984 3971 3173 4026 orbem
3207 3978 3369 4026 erant

1784 4066 2126 4137 percursuri,
2157 4075 2210 4119 et
2247 4080 2465 4120 onmem
2506 4065 2685 4121 locum
2718 4074 2906 4119 sancta
2949 4064 3042 4117 illa
3073 4062 3141 4118 de
3175 4061 3368 4117 Salva-

1783 4166 1902 4211 tore
1927 4157 2113 4210 mundi
2138 4156 2388 4209 doctrina
2418 4155 2738 4226 impleturi?
2771 4154 2928 4220 Quod
2964 4161 3149 4208 autem
3180 4152 3371 4207 huma—

1781 4247 1868 4301 nis
1890 4247 2076 4301 verbis
2110 4262 2218 4299 uon
2250 4253 2534 4300 uterentur
2566 4246 2634 4300 ad
2665 4244 3103 4315 persuadendum
3135 4242 3367 4296 audien-

1783 4339 1954 4401 tibus,
1990 4338 2085 4393 sed
2118 4337 2206 4392 Dei
2242 4339 2417 4392 virtus
2455 4344 2603 4393 esset
2635 4353 2758 4406 quae
2803 4351 2928 4391 cum
2970 4337 3079 4390 illis
3106 4334 3364 4395 faciebat,

1782 4432 1913 4487 dum
1948 4430 2301 4500 Evangelium
2355 4428 2735 4499 prasdicarent,
2767 4428 2908 4482 alius
2942 4442 3136 4482 rursus
3164 4426 3367 4479 clamat

1784 4523 2049 4593 propheta
2086 4541 2099 4575 :
2137 4540 2155 4571 ι
2195 4520 2462 4577 Dominus
2493 4521 2645 4574 dabit
2681 4520 2909 4572 verbum
2937 4516 3365 4588 evangelizanti-

1785 4615 1890 4670 bus
1933 4614 2134 4668 virtute
2173 4614 2343 4667 multa
2360 4615 2408 4645 ³⁵
2440 4631 2455 4679 ;
2489 4632 2507 4664 ›
2550 4620 2604 4665 et
2649 4626 2843 4666 rursus
2882 4609 3072 4664 Isaias.
3122 4626 3140 4658 ι
3190 4604 3368 4673 Super

1786 4714 2026 4760 montem
2079 4703 2356 4759 excelsum
2402 4701 2636 4757 ascende
2672 4701 2764 4771 qui
2810 4698 3155 4768 evangelizas
3198 4693 3365 4762 Sion;

1784 4797 1984 4851 extolle
2015 4803 2280 4867 quantum
2311 4803 2465 4864 potes
2488 4808 2677 4848 vocem
2703 4800 2854 4846 tuam
2895 4790 2990 4859 qui
3020 4786 3366 4857 evangelizas

1786 4888 2125 4944 Hierusalem
2161 4903 2175 4938 :
2219 4886 2496 4949 extolllte,
2548 4900 2618 4940 ne
2663 4885 2882 4949 timete;
2915 4881 3005 4936 dic
3050 4878 3365 4934 civitatibus

1785 4982 1947 5045 Juda,
1979 4997 2106 5037 ecce
2141 4979 2283 5034 Deus
2310 4986 2512 5042 vester,
2546 4991 2675 5031 ecce
2717 4974 2982 5029 Dominus
3011 4987 3135 5026 cum
3167 4970 3367 5025 robore

1785 5074 1956 5139 venit,
1976 5080 2031 5125 et
2053 5071 2337 5125 brachium
2359 5085 2485 5123 cum
2520 5076 2787 5138 potestate
2810 5084 2824 5119 :
2854 5078 2982 5120 ecce
3004 5077 3213 5117 merces
3244 5061 3367 5131 ejus

1786 5181 1909 5220 cum
1941 5180 2027 5227 eo,
2069 5173 2122 5217 et
2150 5177 2288 5232 opus
2316 5161 2435 5231 ejus
2466 5174 2649 5215 coram
2686 5159 2805 5228 ipso
2840 5175 2853 5210 :
2885 5163 3145 5225 tanquam
3176 5160 3367 5223 pastor

1785 5264 1975 5328 pascet
2006 5269 2219 5326 gregem
2257 5268 2439 5317 suum,
2472 5260 2526 5306 et
2556 5250 2611 5303 in
2634 5247 2859 5304 brachio
2888 5260 2989 5301 suo
3015 5243 3367 5315 congregablt

1789 5364 1981 5420 agnos,
2006 5354 2061 5401 et
2086 5361 2181 5401 eas
2208 5360 2330 5415 quae
2348 5344 2403 5398 in
2431 5352 2591 5398 utero
2617 5340 2843 5402 habent,
2862 5336 3358 5393 consolabitur".i

1789 5440 2056 5495 Caeterum
2093 5436 2207 5491 hate
2249 5449 2487 5506 quonam
2521 5447 2687 5489 sensu
2730 5427 3047 5499 accipienda
3079 5426 3209 5492 sint,
3237 5440 3365 5495 pro-

2818 5581 2865 5615 οδ
2891 5578 3036 5636 Psal.
3067 5593 3236 5642 uvn,
3270 5576 3361 5631 12.
