3828 6216
466 346 573 405 167

1104 334 1373 395 EUSEBlf
1405 334 1884 393 CAESARIENSIS
1916 336 2045 392 OPP

2173 332 2288 390 lRS
2326 333 2391 390 11.
2431 365 2503 376 -
2542 329 3024 389 APDLOGETICA

3636 314 3737 372 168

466 464 641 536 gressi
688 462 905 534 longius
949 460 1003 513 in
1045 459 1295 514 doctrina
1337 458 1649 528 evangelica
1690 457 1995 513 videbimus
2032 476 2043 511 :

2173 455 2436 527 τροῖόντες
2469 456 2612 507 κατά
2646 453 2745 524 τὴν
2783 451 3146 525 εὖαγγελικὴν
3190 451 3448 523 εἰσόμεθα
3485 449 3734 511 διδασκα-

466 558 685 615 lnterim
717 554 850 611 illud
879 552 1148 615 constitit,
1172 561 1227 606 et
1254 551 1433 621 ipsum
1467 549 1842 621 Evangelium,
1878 559 1933 603 et
1955 566 2048 603 no-

465 667 588 706 men
642 647 924 719 Evangelii
973 644 1307 716 propheticis
1356 643 1586 698 vocibus
1630 642 2045 713 comprobatum

466 743 635 800 fuisse
661 759 673 794 :
703 742 871 797 habes
904 746 1160 811 prieterea
1189 737 1469 792 evidentes
1498 736 1925 808 perspicuasque
1952 738 2048 794 de-

464 834 911 895 monstrationes,
926 830 1074 886 unde
1098 830 1312 884 initium
1334 837 1482 885 esset
1499 828 2049 901 accepturumEvan-

464 930 689 999 gelium,
727 927 794 980 ab
818 926 937 995 ipso
966 923 1219 978 videlicet
1247 922 1490 987 Christo,
1521 937 1624 977 nec
1655 937 1762 977 non
1784 938 1883 992 per
1904 938 2047 993 quos

468 1018 609 1072 foret
658 1016 1091 1088 prazdicandum,
1127 1031 1226 1087 per
1272 1016 1419 1070 illius
1473 1015 1663 1085 utique
1714 1015 2045 1085 apostolos:

464 1108 563 1164 sed
592 1109 758 1163 etiam
798 1123 905 1178 qua
936 1109 1141 1162 virtute
1165 1116 1313 1160 esset
1348 1114 1757 1176 superaturum,
1791 1121 1900 1159 non
1942 1105 2048 1160 hu-

464 1213 626 1252 mana
673 1199 902 1253 scilicet.
934 1198 1090 1264 Quod
1139 1198 1319 1268 ipsum
1360 1213 1495 1251 sane
1524 1206 1592 1252 ex
1635 1198 1728 1251 illo
1776 1198 2044 1265 constitit,

471 1294 491 1339 ι
529 1288 792 1343 Dominus
821 1288 973 1343 dabit
1018 1289 1247 1343 verbum
1295 1288 1804 1358 evangelizantibus
1845 1288 2048 1343 virtute

463 1383 655 1437 multa.
690 1402 710 1435 ι
746 1381 1035 1453 Reliquum
1068 1383 1233 1453 igitur
1249 1383 1362 1453 jam
1400 1389 1506 1446 est,
1538 1389 1600 1435 nt
1619 1397 1687 1436 ex
1717 1383 1905 1437 multis
1928 1398 2049 1453 qua:

462 1474 605 1534 apud
641 1472 900 1528 Hebraeos
930 1474 1213 1534 antiquius
1244 1488 1310 1527 ac
1341 1472 1608 1529 remotius
1627 1470 1696 1525 de
1725 1472 1944 1528 Christo
1972 1474 2051 1528 di-

463 1566 646 1622 vinata
681 1576 830 1631 sunt,
867 1581 1039 1636 pauca
1069 1566 1456 1636 anticipemus,
1487 1575 1549 1621 ut
1581 1566 1765 1624 discas
1796 1582 2047 1637 quaenam

463 1658 555 1713 illa
582 1667 790 1719 essent.
829 1673 951 1728 qua:
988 1657 1389 1726 posterioribus
1430 1657 1771 1727 temporibus
1804 1656 2051 1727 Evange-

464 1749 596 1804 lium
625 1750 940 1804 nuntiarent
965 1748 1230 1812 futurum,
1266 1749 1539 1819 simulque
1562 1749 1890 1802 miraculum
1923 1762 2051 1817 pro-

2149 545 2287 597 λίαψ
2335 543 2473 614 πλὴν
2523 541 2660 596 ἀλλά
2713 541 2988 610 πέφανται
3011 542 3073 596 τὸ
3105 542 3456 611 Εὑαγγέλιον,
3489 545 3585 597 καὶ
3613 545 3734 598 τοῦς

2146 654 2287 707 νομα
2320 637 2376 690 δὲ
2417 636 2511 689 τοῦ
2556 635 2913 705 Εὐαγγελίου,
2962 634 3052 688 διὰ
3090 635 3198 689 τῶν
3234 637 3588 707 προφητικῶν
3641 657 3736 710 με·

2150 714 2589 801 μαᾳυρημένον,
2623 729 2769 799 ἔχεις
2812 746 2874 782 τε
2917 726 3118 792 λευκάς
3164 728 3259 781 καὶ
3298 729 3551 801 ἐναργεῖς
3598 730 3734 785 ἀπο-

2147 821 2362 887 δείξεις,
2389 822 2452 874 ἐκ
2475 820 2620 884 τίνος
2642 822 2739 893 μὲν
2764 819 2990 892 ἄρξεται
3013 819 3075 873 τὸ
3096 819 3445 889 Εὑαγγέλιον,
3473 822 3556 874 ὃτι
3585 821 3651 894 δὴ
3680 825 3737 889 ἐξ

2147 913 2314 967 αὐτοῦ
2344 913 2438 966 τοῦ
2471 913 2730 986 Χριστοῦ,
2766 914 2832 967 δι’
2862 906 2938 967 ὧν
2969 930 3028 966 τε
3060 912 3491 991 κηρυχθήσεται,
3526 914 3609 967 ὅτι
3650 915 3739 968 διὰ

2147 1006 2256 1060 τῶν
2287 1007 2600 1060 ἀποστόλων
2633 1006 2819 1060 αὐτοῦ’
2858 1006 2995 1060 ἀλλά
3035 1006 3128 1060 καὶ
3168 1006 3298 1077 ποίᾳ
3328 1004 3557 1078 δυνάμει
3603 1023 3741 1078 κρα-

2147 1101 2327 1171 τήσει,
2377 1101 2458 1153 ὅτι
2512 1099 2586 1172 μὴ
2630 1100 2968 1172 ἀνθρωπεία.
3007 1100 3073 1154 Ὃ
3117 1098 3182 1169 δὴ
3218 1098 3313 1151 καὶ
3342 1090 3474 1151 αὐτὸ
3508 1100 3738 1171 συνέστη

2148 1194 2238 1247 διὰ
2267 1193 2384 1257 τοῦ,
2424 1212 2442 1244 ‹
2471 1192 2676 1266 Κύριος
2710 1193 2871 1248 δώσει
2900 1195 3051 1266 ῥῆμα
3078 1196 3193 1258 τοῖς
3229 1191 3742 1263 εὐαγγελιζομένοις

2148 1286 2372 1359 δυνάμει
2397 1286 2585 1358 πολλῇ.
2618 1306 2637 1337 ι
2663 1287 2727 1339 Τί
2746 1287 2810 1358 δὴ
2832 1283 2923 1340 οὖν
2953 1287 3197 1340 λείπεται
3225 1286 3317 1339 ἐπὶ
3348 1286 3577 1351 τοῦτοις,
3612 1285 3649 1357 ἢ
3679 1288 3745 1340 ἐκ

2150 1378 2359 1433 πολλῶν
2391 1380 2548 1447 ὀλίγα
2582 1378 2871 1450 προλαϐεῖν
2902 1379 3012 1433 τῶν
3050 1382 3178 1453 παρ’
3226 1378 3497 1452 Ἑϐραίοις
3540 1378 3745 1433 ἀνέκα-

2151 1472 2245 1542 θεν
2275 1471 2522 1545 περὶτοῦ
2546 1472 2785 1544 Χριστοῦ
2822 1473 3344 1543 προφητευομένων;
3380 1472 3458 1537 ὡς
3491 1473 3560 1528 ἂν
3596 1473 3745 1544 εἰδῇς

2148 1565 2271 1618 τίνα
2305 1564 2524 1618 ἔσεσθαι
2547 1565 2609 1618 τὸ
2631 1565 2961 1634 Εὑαγγέλιον
2992 1566 3049 1617 ἐν
3072 1576 3319 1637 υστερυις
3350 1567 3560 1638 καιροῖς
3575 1565 3746 1634 εὐηγ-

2150 1658 2415 1727 γελίζετο,
2449 1658 2583 1729 ὁμοῦ
2614 1676 2675 1711 τε
2715 1659 2823 1711 τῶν
2855 1658 3155 1733 προφητῶν
3180 1653 3242 1710 τὸ
3268 1656 3454 1728 θαῦμα
3498 1657 3601 1727 τῆς
3635 1656 3743 1708 τῶν

2154 1749 2455 1821 μελλόντων
2514 1750 2897 1823 προγνώσεως,
2949 1750 3044 1804 καὶ
3093 1749 3202 1804 τῶν
3250 1750 3614 1822 προρρήσεων
3675 1748 3744 1803 τὰ

463 1841 774 1910 phetarum,
810 1840 904 1911 qui
939 1839 1165 1909 quidem
1197 1846 1351 1893 tanto
1395 1848 1523 1894 ante
1553 1838 1737 1893 futura
1775 1853 2045 1908 cognove-

2173 1843 2587 1913 ιποτελέσματα,
2626 1844 2777 1906 ὅπως
2829 1844 2922 1896 ἐπὶ
2974 1843 3066 1895 τὸν
3113 1842 3340 1914 Σωτῆρα
3386 1842 3481 1895 καὶ
3533 1839 3743 1913 Κύριον

465 1933 607 1995 rint,
637 1932 879 2001 itemque
916 1930 1169 1999 ipsorum
1215 1929 1566 1982 oraculorum
1595 1933 1811 1992 eventa,
1863 1942 2050 1997 quem-

464 2022 758 2079 admodum
805 2036 868 2077 ea
908 2022 967 2075 in
999 2019 1286 2075 Salvatore
1318 2028 1372 2075 et
1410 2019 1642 2074 Domino
1672 2028 1866 2074 nostro
1889 2017 2044 2082 Jesu,

464 2117 557 2187 qui
588 2115 843 2171 Christus
871 2121 957 2170 est
986 2114 1101 2181 Dei,
1133 2113 1403 2185 completa
1443 2112 1773 2168 consistant.

465 2228 528 2287 ιι.
567 2228 720 2299 Quod
761 2230 825 2285 de
854 2226 1071 2285 Christo
1117 2228 1397 2283 vaticinati
1448 2236 1571 2281 sunt
1618 2226 1885 2296 propheta:
1935 2224 2048 2280 He-

1117 2299 1400 2352 brworum.

530 2394 749 2450 Primus
766 2394 1154 2467 prophetarum
1166 2392 1399 2463 Moyses,
1420 2392 1588 2446 alium
1604 2391 1923 2462 prophetam
1943 2390 2048 2445 sibi

463 2488 700 2544 similem
751 2488 1128 2543 suscitandum
1175 2486 1481 2540 denuntiat.
1532 2485 1644 2555 90
1693 2484 1831 2540 Cum
1896 2483 2048 2539 enim

463 2580 609 2649 leges
631 2579 701 2634 ab
730 2580 849 2649 ipso
875 2579 1068 2649 posita:
1093 2577 1195 2633 soli
1228 2576 1469 2632 Iudaica:
1496 2578 1643 2647 genti
1667 2576 2045 2641 convenirent,

461 2670 628 2742 idque
659 2672 715 2726 in
756 2679 902 2726 terra
945 2669 1134 2725 Judaea
1170 2670 1461 2735 duntaxat,
1507 2677 1601 2723 aut
1644 2669 1853 2723 circum
1898 2683 2044 2732 eam,

461 2778 573 2818 non
601 2769 783 2817 autem
808 2762 859 2818 ei
889 2777 1108 2832 quoque
1132 2762 1301 2833 genti,
1339 2776 1463 2831 quae
1495 2760 1817 2830 longissime
1842 2759 1901 2813 in
1932 2765 2047 2814 ter-

462 2852 542 2908 ris
565 2853 952 2908 remotissimis
981 2853 1226 2925 degeret,
1251 2852 1716 2923 quemadmodum
1738 2852 1893 2906 exiis
1922 2866 2047 2921 qua:

460 2943 615 3013 prius
646 2957 678 2997 a
711 2942 872 2997 nobis
899 2949 1132 2995 tractata
1168 2949 1298 2996 sunt
1328 2941 1587 3011 cognosci
1616 2940 1812 3010 potuit,
1844 2948 1899 2995 et
1919 2956 2046 2996 eum

458 3035 557 3106 qui
590 3045 738 3090 esset
758 3049 871 3089 non
902 3034 1079 3089 solum
1114 3032 1451 3097 Iudaeorum,
1480 3033 1577 3087 sed
1610 3033 1777 3087 etiam
1812 3033 2044 3088 aliarum

462 3127 705 3194 gentium
752 3126 922 3189 Deus,
980 3132 1257 3195 oporteret
1294 3123 1363 3177 ad
1402 3139 1462 3178 se
1511 3122 1956 3193 cognoscendum
1992 3133 2046 3179 et

461 3190 752 3276 colendum
782 3220 908 3273 vita:
935 3190 1220 3273 hominum
1250 3190 1605 3290 suppeditare
1637 3235 1725 3281 ea,
1757 3235 1879 3291 quae
1907 3235 2046 3274 cun-
2071 3190 2118 3254 (ἶ

461 3316 567 3371 ctis
599 3315 726 3368 item
753 3302 1007 3385 gentibus
1028 3313 1183 3366 utilia
1204 3311 1406 3376 forent,
1437 3312 1634 3367 merito
1667 3313 1897 3367 alterum
1926 3327 2050 3382 pro-

461 3410 705 3480 phetam,
740 3409 834 3479 qui
859 3409 1009 3462 nulla
1037 3407 1093 3460 in
1122 3412 1279 3475 parte
1310 3420 1421 3461 sua:
1451 3405 1627 3476 ipsius
1657 3406 1857 3459 rationi
1883 3413 2048 3474 atque

461 3501 714 3556 instituto
758 3499 999 3561 cederet.
1047 3499 1115 3554 de
1159 3497 1389 3553 Iudaica
1431 3507 1593 3567 gente
1640 3497 2044 3559 suscitandum,

464 3595 713 3648 oraculo‘
736 3592 987 3663 exposito
1032 3590 1263 3654 divinat,
1296 3591 1353 3644 in
1383 3591 1529 3644 hunc
1558 3590 1781 3644 modum
1829 3589 1908 3643 illi
1944 3589 2047 3659 ipsi

463 3688 576 3743 Deo
627 3688 1019 3759 respondente.
1063 3706 1082 3738 ι
1129 3684 1458 3755 Prophetam
1516 3684 1799 3739 suscitabo
1857 3683 1939 3737 eis
1978 3682 2047 3737 de

461 3784 727 3839 fratribus
749 3783 993 3853 ipsorum
1017 3792 1275 3850 tanquam
1293 3788 1366 3843 te,
1381 3787 1436 3835 et
1449 3779 1592 3834 dabo
1615 3778 1842 3833 verbum
1863 3791 2046 3832 meum

462 3879 518 3932 in
550 3893 612 3933 os
637 3878 805 3941 illius,
840 3884 895 3929 et
925 3874 1181 3943 loquetur
1208 3873 1290 3929 eis
1315 3872 1473 3942 juxta
1495 3887 1657 3927 omne
1678 3869 2047 3941 quodcunque

461 3970 795 4025 mandavero
824 3960 904 4021 illi
929 3983 941 4017 :
970 3974 1024 4021 et
1056 3966 1216 4021 homo
1245 3966 1427 4019 omnis
1454 3966 1770 4034 quicunque
1802 3979 1912 4017 non
1942 3978 2044 4015 au-

460 4061 623 4118 dierit
654 4060 821 4115 verba
856 4058 977 4128 ejus
1007 4072 1349 4127 quaecunque
1387 4057 1643 4126 loquetur
1690 4055 1956 4124 propheta
1988 4053 2044 4109 in

460 4156 683 4212 nomine
710 4168 852 4220 meo,
897 4167 997 4223 ego
1032 4152 1268 4206 ulciscar
1308 4167 1375 4205 ex
1403 4165 1470 4205 eo
1487 4151 1558 4205 9‘.
1604 4169 1623 4201 ›
1663 4148 1872 4203 Similia
1915 4163 2046 4203 vero

463 4249 581 4319 ipse
610 4261 830 4317 quoque
861 4244 1074 4316 Moyses
1121 4245 1227 4298 hoc
1265 4244 1547 4297 oraculum
1577 4243 1947 4312 interpretans
1976 4240 2046 4295 ad

461 4340 720 4410 populum
753 4337 828 4391 ait
860 4355 871 4390 :
908 4354 926 4385 ι
962 4334 1382 4413 Prophetamde
1406 4334 1666 4389 fratribus
1703 4334 1900 4389 vestris
1923 4340 2047 4386 tan-

462 4448 626 4503 quam
656 4446 744 4485 me
782 4429 1072 4485 suscitabit
1114 4426 1381 4479 Dominus
1412 4424 1592 4492 Deus;
1628 4425 1779 4479 illum
1806 4424 2045 4479 audietis

2152 1934 2308 2004 ήμῶν
2349 1934 2555 2005 Ἰησοῦν
2588 1934 2677 1986 τὸν
2714 1933 2949 2005 Χριστὸν
2983 1934 3077 1987 τοῦ
3104 1932 3239 1987 Θεοῦ
3290 1932 3613 1986 συνίσταται
3642 1948 3744 1985 πε·

2151 2026 2257 2097 πλη
2265 2045 2344 2098 ρω
2350 2026 2502 2097 μένα.

2150 2232 2226 2285 B’.
2287 2232 2478 2294 Ὅπως
2522 2229 2653 2297 περὶ
2704 2229 2812 2282 τοῦ
2862 2228 3123 2298 Χριστοῦ
3172 2227 3649 2298 apocrsz
3688 2229 3746 2285 οἱ

2620 2300 2897 2367 Ἐϐραίων
2927 2299 3247 2369 προφῆται.

2221 2390 2443 2462 Πρῶτος
2472 2391 2764 2463 προφητῶν
2780 2393 2913 2445 Mm?)
2922 2393 3018 2462 σῆς
3038 2392 3125 2445 ἓτε
3132 2410 3225 2464 ρον
3244 2393 3529 2464 προφήτην
3552 2391 3747 2463 ὅμοιον

2151 2483 2299 2553 αὐτῷ
2343 2482 2752 2554 ἀναστήσασθαι
2806 2485 3237 2552 εὐαγγελίζεται.
3295 2484 3512 2555 Ἐπειδὴ
3552 2483 3673 2556 γὰρ
3712 2485 3746 2556 ἡ

2150 2580 2270 2633 κατ’
2304 2578 2467 2631 αὐτὸν
2498 2576 2792 2648 νομοθεσία
2838 2576 2984 2647 μόνῳ
3027 2576 3107 2647 τῷ
3150 2576 3418 2630 Ἰουδαίων
3460 2576 3747 2648 προσῆκεν

2150 2670 2313 2735 ἔθνει,
2334 2670 2430 2724 καὶ
2460 2670 2633 2739 τούτῳ
2660 2670 2754 2722 ἐπὶ
2790 2670 2888 2739 τῆς
2919 2669 3176 2733 Ἰουδαίας
3202 2668 3328 2740 γῆς,
3357 2669 3390 2741 ἢ
3434 2669 3578 2740 ἀμφὶ
3609 2667 3746 2721 ταύ-

2147 2782 2269 2837 την,
2298 2764 2420 2835 οὐχὶ
2459 2763 2517 2818 δὲ
2563 2762 2659 2827 καὶ
2694 2763 2773 2833 τῷ
2804 2763 3144 2835 πορρωτάτω
3174 2764 3273 2833 τῆς
3305 2762 3619 2832 ἀλλοδαπῆς
3643 2762 3747 2814 δια-

2147 2856 2389 2929 τρίϐοντι
2424 2855 2705 2910 συνῶπται
2747 2854 2835 2909 διὰ
2871 2854 2979 2908 τῶν
3020 2852 3255 2927 πρόσθεν
3293 2856 3426 2925 ήμῖν
3457 2871 3743 2925 γεγυμνα-

2150 2949 2383 3021 σμένων,
2409 2950 2547 3021 χρῆν
2571 2950 2628 3002 δὲ
2655 2949 2827 3020 δήπου
2853 2932 2944 3002 τὸν
2984 2947 3059 3019 μὴ
3090 2947 3248 3018 μόνον
3285 2947 3555 3000 Ἰουδαίων
3585 2947 3743 3010 Θεὸν,

2148 3042 2286 3095 ἀλλὰ
2318 3043 2413 3095 καὶ
2443 3041 2635 3103 ἐθνῶν,
2676 3040 2773 3094 καὶ
2815 3040 2884 3094 τά
2928 3041 3061 3093 πᾶσι
3096 3041 3211 3102 τοῖς
3261 3038 3440 3092 ἔθνεσι
3485 3038 3745 3108 λυσιτελῆ

2149 3133 2289 3206 πρὸς
2321 3135 2421 3205 τὴν
2458 3133 2624 3186 αὐτοῦ
2662 3132 2863 3202 γνῶσίν
2894 3149 2953 3185 τε
2989 3133 3084 3186 καὶ
3115 3130 3396 3185 εὐσέϐειαν
3419 3134 3745 3202 παρασχεῖν

2150 3227 2230 3297 τῷ
2265 3226 2385 3297 βίῳ’
2437 3226 2662 3289 εἰκότως
2696 3226 2983 3297 προφήτην
3026 3226 3211 3296 ἕτερον
3253 3226 3375 3278 κατ’
3420 3224 3575 3278 οὐδὲν
3622 3227 3747 3278 ἀπο-

2151 3316 2337 3371 δέοντα
2367 3318 2469 3388 τῆς
2500 3321 2621 3371 κατ’
2669 3306 2830 3371 αὑτὸν
2872 3316 3184 3387 οἰκονομίας
3215 3318 3279 3371 ἐκ
3320 3315 3417 3370 τοῦ
3465 3317 3746 3370 Ἰουδαίων

2150 3409 2337 3473 ἔθνους
2366 3412 2690 3481 ἀναστήσειν
2721 3410 2810 3463 διὰ
2841 3409 3091 3482 χρησμοῦ
3130 3408 3399 3473 θεσπίζει,
3443 3407 3646 3462 τοῦτον
3676 3410 3749 3461 εί-

2152 3503 2383 3574 ρηκότος
2416 3502 2581 3556 αὐτοῦ
2634 3502 2729 3555 τοῦ
2792 3502 2927 3554 Θεοῦ
2973 3502 3064 3555 τὸν
3105 3503 3326 3572 τρόπον·
3369 3519 3389 3553 ι
3445 3502 3749 3573 Προφήτην

2150 3595 2443 3665 ἀναστήσω
2468 3595 2653 3657 αὐτοῖς
2674 3596 2738 3647 ὲκ
2768 3594 2876 3647 τῶν
2910 3592 3153 3664 ἀδελφῶν
3185 3595 3383 3659 αὐτῶν,
3418 3594 3620 3667 ῶσπερ
3670 3596 3749 3661 σὲ,

2151 3689 2249 3742 καὶ
2277 3688 2434 3742 δώσω
2466 3690 2527 3742 τὸ
2556 3690 2708 3761 ῥῆμά
2734 3706 2834 3761 μου
2868 3691 2925 3741 ἐν
2947 3688 3025 3758 τῷ
3053 3690 3283 3760 στόματι
3315 3686 3506 3753 αὑτοῦ,
3539 3692 3644 3743 καὶ
3663 3689 3750 3743 λα-

2147 3780 2303 3852 λήσει
2349 3782 2531 3844 αὺτοῖς
2582 3782 2704 3835 καθ’
2735 3783 2764 3835 ὃ
2803 3798 2855 3833 τι
2893 3782 2958 3834 ἂν
2990 3782 3322 3853 ὲντέλλωμαι
3363 3781 3535 3857 αὐτῷ’
3578 3785 3683 3837 καὶ
3721 3784 3750 3837 ὁ

2148 3869 2434 3943 ἄνθρωπος
2463 3872 2523 3935 ὃς
2545 3871 2611 3926 ἂν
2637 3873 2711 3943 μὴ
2745 3872 2954 3945 ἀκούσῃ
2976 3872 3083 3927 τῶν
3108 3872 3281 3941 λόγων
3306 3872 3497 3938 αὐτοῦ,
3541 3875 3652 3929 ὅσα
3688 3874 3750 3928 ἂν

2149 3962 2363 4035 λαλήσῃ
2391 3965 2420 4015 ὁ
2452 3966 2739 4037 προφήτης
2766 3965 2859 4018 ἐπὶ
2890 3966 2968 4036 τῷ
3014 3964 3238 4036 ὀνόματί
3285 3982 3404 4036 μου,
3448 3965 3567 4034 ἐγὼ
3607 3967 3751 4020 ἐκδι-

2148 4060 2305 4129 κήσω
2331 4059 2390 4125 ἐξ
2415 4058 2600 4111 αὐτοῦ.
2644 4078 2663 4109 ι
2694 4056 2773 4111 Τά
2802 4058 2965 4128 ὃμοια
2988 4057 3046 4110 δὲ
3089 4057 3186 4111 καὶ
3223 4057 3386 4121 αὐτὸς
3419 4057 3449 4111 ὁ
3501 4058 3750 4129 Μωῦσῆς

2148 4150 2285 4220 πρὸς
2306 4150 2397 4201 τὸν
2423 4149 2551 4206 λαὸν
2579 4150 2656 4202 διε
2668 4150 2949 4220 ρμηνεύων
2973 4150 3032 4201 τὸ
3055 4148 3148 4201 τοῦ
3181 4147 3316 4202 Θεοῦ
3348 4148 3560 4217 λόγιον,
3590 4150 3747 4220 φησί.

2154 4257 2172 4291 ι
2216 4240 2503 4311 Προφήτην
2531 4242 2595 4292 ἐκ
2618 4240 2728 4293 τῶν
2753 4240 2993 4308 ἀδελφῶν
3023 4240 3175 4310 ὑμῶν
3206 4240 3282 4303 ὡς
3309 4240 3410 4310 ὲμὲ
3446 4241 3750 4313 ἀναστήσει

2148 4331 2354 4403 Κύριος
2390 4333 2418 4384 ὁ
2460 4332 2592 4396 Θεός
2640 4349 2758 4394 σου,
2819 4332 2984 4385 αὐτοῦ
3018 4331 3319 4385 ἀκούσεσθε
3365 4332 3512 4385 κατὰ
3570 4334 3751 4387 πάντα

2147 4425 2250 4479 ὅσα
2277 4427 2464 4496 ᾐτήσω
2490 4424 2641 4496 παρά
2668 4424 2876 4496 Κυρίου
2902 4425 2996 4479 τοῦ
3021 4425 3157 4478 Θεοῦ
3189 4428 3247 4479 ὲν
3276 4424 3479 4496 Χωρὴϐ
3509 4428 3581 4497 τῇ
3614 4425 3751 4496 ἠμέ-

463 4542 516 4579 Ill
558 4523 813 4578 omnibus
859 4533 1201 4590 quaecunque
1244 4517 1537 4586 postulasti
1581 4532 1610 4569 a
1657 4516 1887 4572 Domino
1931 4515 2044 4571 Deo

2173 4536 2223 4590 »ᾳ
2253 4520 2352 4589 τῆς
2391 4518 2736 4588 Ἐκκλησίας.
2775 4538 2794 4571 ι
2830 4514 2958 4590 ’Ἆρ’
2982 4515 3074 4571 οὖν
3103 4521 3153 4571 oi
3180 4520 3316 4589 μετά
3335 4516 3584 4572 Μωῦσέα
3620 4535 3750 4589 πρ)-

465 4632 555 4670 ιυο
582 4617 636 4670 in
687 4614 891 4675 Horeb,
922 4613 974 4666 in
1000 4613 1089 4667 die
1119 4610 1533 4666 concisionis‘".
1567 4630 1586 4662 ι
1620 4608 1758 4663 Num
1790 4611 1954 4683 igitur
1976 4624 2043 4664 ex

465 4712 532 4764 iis
582 4708 675 4778 qui
715 4718 836 4777 post
867 4705 1089 4778 Moysen
1133 4704 1465 4759 exstiterunt
1511 4701 1815 4772 Prophetaz,
1848 4702 2040 4767 ls:iias,

465 4800 694 4870 exempli
728 4798 925 4869 gratia,
956 4805 1050 4852 aut
1076 4795 1368 4860 Jeremias,
1403 4805 1499 4850 aut
1519 4793 1792 4857 Ezechiel,
1824 4802 1918 4848 aut
1948 4794 2046 4849 Da-

466 4894 593 4957 niel,
625 4899 718 4946 aut
740 4893 882 4945 alius
913 4890 1186 4959 quispiam
1208 4888 1275 4942 de
1296 4889 1515 4942 caeteris
1543 4887 1830 4941 duodecim
1863 4888 2043 4957 legum

466 4991 659 5037 auctor
687 4981 858 5052 Moysi
883 4980 1252 5035 conferendus
1281 4981 1528 5033 exstitit?
1549 4994 1911 5048 nequaquam.
1937 4979 2044 5033 Sed

467 5090 527 5129 ex
556 5074 666 5128 illis
696 5072 939 5135 tandem,
971 5074 1097 5140 quis
1122 5086 1361 5140 unquam
1390 5071 1561 5142 Moysi
1597 5072 1799 5125 similia
1830 5071 2046 5128 effecit?

467 5178 735 5234 nusquam
768 5163 973 5232 poteris
1004 5163 1209 5217 dicere.
1247 5161 1353 5217 Sed
1383 5164 1854 5234 quisqueillorum
1886 5179 1917 5218 a
1938 5166 2045 5234 pri-

467 5270 553 5308 mo
585 5253 651 5307 ad
678 5254 1039 5308 novissimum
1073 5269 1434 5323 quoscunque
1462 5256 1823 5310 instituebant
1851 5271 1915 5310 ac
1937 5256 2039 5310 doo

468 5349 681 5410 cubant,
735 5348 800 5400 ad
840 5347 1018 5416 ipsum
1067 5346 1289 5417 Moysen
1338 5349 1727 5413 remittebant,
1779 5358 1944 5420 atque
1985 5353 2042 5407 in

468 5447 565 5491 hoc
598 5438 855 5507 populum
905 5438 1392 5506 reprehendebant,
1441 5439 1584 5507 quod
1620 5438 1821 5510 Moysis
1867 5441 2040 5511 legem

468 5544 572 5580 non
622 5532 920 5589 servasset,
978 5526 1073 5579 sed
1127 5537 1319 5580 contra
1376 5528 1521 5581 illam
1574 5527 1814 5593 fecisset,
1864 5547 2042 5600 neque

461 5621 614 5678 illum
662 5617 729 5670 ad
777 5616 1074 5687 quidquam
1125 5618 1272 5673 aliud
1310 5618 1698 5684 hortabantur,
1739 5620 1848 5676 nisi
1879 5621 1945 5676 ad
1976 5637 2039 5676 ea

418 5784 439 5807 ι
533 5770 581 5803 ’⁸
617 5767 773 5827 Deut.
818 5786 976 5830 mn.
1007 5772 1205 5839 l8,19.
1282 5774 1326 5806 ’⁷
1360 5771 1494 5827 Ibid.
1521 5771 1710 5838 l5,16.

2148 4611 2337 4682 φῆται,
2399 4612 2645 4675 Ἠσαίας,
2689 4610 2845 4681 φέρε,
2886 4611 2919 4682 ἦ
2968 4610 3323 4681 Ἱερεμίας,ῆ
3371 4609 3667 4682 Ἰεζεκιὴλ,

2148 4704 2366 4775 Δανιὴλ,
2420 4706 2453 4775 ἦ
2490 4722 2574 4767 τις
2612 4703 2799 4776 ἕτερος
2835 4704 2945 4757 τῶν
2988 4704 3217 4768 δώδεκα,
3244 4705 3471 4757 Μωῦσεί
3502 4704 3747 4772 κατέστη

2148 4796 2529 4868 παραπλήσιος
2576 4797 2911 4867 νομοθέτης;
2949 4796 3220 4867 οὐδαμῶς.
3278 4795 3439 4850 Ἀλλά
3481 4796 3561 4850 τὰ
3588 4795 3749 4867 ὃμοιά

2147 4906 2231 4952 τις
2255 4889 2478 4942 ἐκείνων
2502 4890 2728 4941 Μωῦσεῖ
2753 4889 3192 4959 διαπέπρακται;
3225 4890 3325 4942 οὐκ
3364 4889 3516 4942 ἐστιν
3544 4893 3745 4943 εἰπεῖν.

2150 4981 2421 5043 ’Ἕκαστος
2443 4980 2573 5049 γοῦν
2596 4981 2774 5034 αὐτῶν
2797 4982 2904 5034 ἀπὸ
2932 4980 3148 5053 πρώτου
3177 4982 3270 5035 καὶ
3306 4982 3387 5045 είς
3424 4979 3521 5034 τὸν
3561 4981 3749 5035 τελευ-

2150 5076 2319 5136 ταῖον,
2352 5074 2443 5125 ἐπὶ
2474 5074 2712 5127 Μωῦσὲα
2726 5076 2854 5138 τοῦς
2872 5074 3254 5146 ἀκροωμένους
3277 5073 3628 5142 ἀνέπεμπον,
3659 5072 3747 5127 καὶ

2149 5165 2241 5218 τόν
2264 5181 2326 5232 γε
2358 5165 2499 5218 κατά
2520 5166 2614 5219 τοῦ
2640 5162 2766 5219 λαοῦ
2786 5166 3005 5237 ἔλεγχον
3028 5165 3115 5219 διὰ
3140 5166 3238 5229 τὰς
3266 5164 3628 5238 παραϐάσεις
3656 5166 3745 5219 τοῦ

2150 5256 2432 5321 Μωῡσέως
2445 5257 2725 5311 ἐποιοῦντο
2740 5258 2928 5329 νόμου,
2956 5258 3299 5331 προῦτρεπόν
3323 5274 3382 5310 τε
3420 5257 3581 5311 οὐδὲν
3621 5258 3745 5313 ἄλλο

2150 5346 2183 5419 ἢ
2207 5347 2316 5401 τῶν
2341 5350 2493 5421 παρά
2517 5351 2741 5404 Μωῦσεί
2764 5349 3273 5421 νενομοθετημένων
3296 5348 3615 5419 ὲξέχεσθαι.
3654 5350 3747 5403 οε,-

2148 5438 2272 5492 δένα
2303 5440 2433 5508 γοῦν
2457 5440 2661 5494 τούτων
2699 5443 2903 5513 ὅμοιον,
2938 5442 3179 5512 Μωῦσῆς
3208 5441 3269 5494 δὲ
3300 5441 3431 5511 περὶ
3461 5440 3591 5505 ἑνὸς
3625 5441 3746 5511 ὠριο

2152 5532 2364 5602 σμένως
2402 5533 2692 5602 ἀναφωνεῖ.
2735 5534 2867 5587 Τίνα
2903 5533 3080 5587 τοίνυν
3117 5536 3145 5587 ὁ
3189 5533 3439 5603 χρησμὸς
3486 5532 3744 5598 θεσπίζει

2147 5624 2373 5678 Μωῦσεῖ
2404 5626 2783 5697 παραπλήσιον
2818 5625 3037 5680 ἔσεσθαι
3065 5628 3349 5697 προφήτην
3383 5623 3417 5695 ἢ
3453 5625 3626 5696 μόνον
3654 5623 3744 5681 τὶν
