3828 6216
236 327 342 383 ίϐθ

1121 317 1774 377 DEMO‘NSTRATIONIS
1813 311 2279 374 EVANGELICA'I
2319 312 2450 376 LIB.
2487 311 2574 372 ill.

3391 317 3490 380 I70

232 441 466 514 Σωτῆρα
513 440 609 495 καὶ
655 435 856 511 Κύριον
907 439 1061 510 ήμῶν
1125 438 1330 510 Ἰησοῦν
1385 418 1476 489 τὸν
1538 435 1810 508 Χριστόν;

1923 433 2146 488 firmiter
2189 432 2446 496 tenenda,
2490 448 2612 503 quae
2662 433 2716 487 in
2757 433 2874 502 lege
2911 431 3077 489 Musis
3120 400 3296 503 posita
3337 446 3487 490 sunt.

235 534 425 596 Ὅπως
479 532 535 585 δὲ
565 531 709 584 τοῦτ’
757 533 1006 602 εἴρηται,
1049 529 1439 600 διασκέψασθαι
1493 530 1808 596 ἀναγκαῖον.

231 623 478 691 Μωῦσῆς
529 621 745 692 πρῶτος
796 622 1036 691 ήγήσατο
1101 619 1196 672 τοῦ
1268 617 1530 672 Ἰουδαίων
1601 615 1806 677 ἔθνους.

231 710 426 782 Εὐρὼν
444 711 502 764 δὲ
532 712 728 772 αὐτοὺς
753 714 818 780 τῇ
843 714 984 764 κατὰ
1011 709 1341 777 Αἰγυπτίους
1369 707 1613 778 πολυθέῳ
1635 706 1812 776 πλάνῃ

232 803 635 872 προσέχοντας,
709 803 924 873 πρῶτος
989 802 1087 872 μὲν
1160 801 1361 872 ταύτης
1429 799 1809 869 ἀπέστρεψεν,

230 894 628 963 ἀπαραιτήτοις
657 893 948 963 τιμωρίαις
976 891 1356 962 ἀπαγορεύσας
1390 889 1809 960 εἱδωλολατρεῖν·

229 980 452 1048 πρῶτος
484 981 541 1032 δὲ
569 981 752 1044 αὐτοῖς
791 983 884 1034 καὶ
924 981 1022 1051 τὴν
1049 981 1176 1053 περὶ
1208 982 1500 1051 μοναρχίας
1536 979 1811 1048 θεολογίαν

231 1069 584 1139 κατήγγειλε,
615 1071 704 1122 τὸν
727 1070 835 1122 τῶν
865 1072 1122 1124 ἁπάντων
1145 1071 1507 1142 Δημιουργὸν.
1533 1071 1628 1123 καὶ
1655 1087 1812 1139 ποιη·

231 1163 333 1234 την
369 1162 527 1232 μόνον
566 1161 941 1233 παραγγείλας
994 1161 1190 1214 σέϐειν·
1222 1160 1436 1232 πρῶτος
1464 1159 1518 1213 δὲ
1547 1161 1639 1212 καὶ
1664 1160 1811 1227 ἀγω-

226 1258 335 1324 γήν
369 1271 489 1306 τινα
540 1253 822 1317 θεοσεϐοῦς
869 1253 983 1324 βίου
1016 1256 1129 1315 τοῖς
1168 1254 1350 1315 αὐτοῖς
1397 1251 1808 1322 διαταξάμενος,

225 1343 528 1414 νομοθέτης
551 1345 733 1406 αὐτοῖς
766 1342 1020 1406 εὐσεϐοῦς
1048 1343 1318 1406 πολιτείας
1345 1342 1557 1414 πρῶτος
1584 1342 1678 1394 καὶ
1712 1341 1810 1411 μό-

226 1452 325 1499 νος
347 1436 740 1490 ἀποδέδεικται.
761 1436 918 1488 Ἀλλά
947 1435 1041 1488 καὶ
1081 1435 1288 1506 Ἰησοῦς
1321 1437 1349 1488 6
1376 1435 1610 1506 Χριστὸς
1643 1435 1807 1487 Μωῦ-

227 1529 320 1578 σεί
351 1527 768 1597 παραπλησίως,
801 1527 894 1579 καὶ
930 1527 1062 1580 πολὺ
1083 1525 1422 1598 ,κρειττόνως
1460 1527 1673 1596 πρῶτος
1711 1527 1810 1595 τῆς

223 1620 354 1673 κατ’
392 1619 670 1672 εὐσέϐειαν
703 1620 1051 1682 διδασκαλίας
1101 1621 1213 1683 τοῖς
1247 1620 1452 1681 λοιποῖς
1484 1617 1660 1671 ἔθνεσι
1711 1635 1811 1672 κα·-

225 1709 510 1781 θηγήσατο
544 1713 638 1765 καὶ
680 1711 895 1782 πρῶτος
922 1712 1232 1782 ἀνατροπὴν
1258 1711 1359 1780 τῆς
1396 1710 1516 1764 καθ’
1552 1711 1680 1781 ὃλην
1712 1709 1810 1780 τὴν

1917 521 2138 577 Nullum
2197 523 2364 594 igitur
2405 524 2602 578 horum
2645 523 2721 576 illi
2759 525 2992 580 similem
3041 524 3293 582 dixeris:
3340 529 3492 597 atqui

1919 615 2098 671 Moses
2129 616 2196 671 de
2235 631 2346 670 uno
2389 615 2656 670 duntaxat
2697 623 2844 670 certe
2875 631 2940 670 ac
2975 615 3194 674 deﬁnite
3228 619 3491 690 loquitur.

1919 709 2220 772 Quemnam
2239 705 2402 775 igitur
2419 705 2583 758 alium
2604 703 2739 758 Mosi
2753 705 2986 760 similem
3008 704 3249 761 futurum
3268 711 3496 780 prophe-

1919 807 2028 851 tam
2059 797 2207 852 canit
2236 799 2522 852 oraculum
2547 797 2700 860 illud,
2720 797 2825 852 nisi
2864 797 3198 853 Salvatorem
3230 810 3285 856 et
3313 801 3496 857 Domi-

1920 904 2048 942 num
2080 896 2324 943 nostrum
2344 887 2528 942 Jesum
2548 887 2825 943 Christum
2843 889 2866 941 i
2882 888 3165 954 Quomodo
3188 901 3368 946 autem
3391 893 3496 949 hoc

1890 1015 1895 1020 ι
1918 980 2120 1035 dictum
2140 981 2550 1051 sit,diligentius
2566 983 2920 1051 contemplari
2937 998 3158 1038 necesse
3171 982 3497 1042 est.Primus

1919 1072 2097 1128 Moses
2119 1075 2262 1141 genti
2290 1073 2530 1128 Judaicae
2552 1072 2792 1143 praefuit:
2815 1091 3050 1144 eumque
3071 1091 3167 1132 eos
3201 1078 3496 1148 deprehetp

1918 1166 2088 1220 disset
2113 1163 2384 1236 Egyptiis
2412 1166 2916 1236 superstitionibus,
2937 1169 3340 1240 multorumque
3371 1172 3496 1227 deo-

1920 1275 2039 1313 rum
2057 1259 2205 1312 cultu
2225 1258 2536 1327 implicitos,
2555 1257 2766 1328 primus
2785 1259 2852 1313 ab
2871 1259 2936 1315 iis
2953 1259 3075 1316 illos
3093 1263 3307 1324 avertit,
3326 1263 3498 1318 inevi—

1918 1350 2178 1404 tabilihus
2197 1350 2479 1419 suppliciis
2493 1350 2732 1404 cultores
2747 1349 3164 1406 simulacrorum
3188 1351 3491 1408 deterrens:

1917 1439 2022 1510 91
2055 1449 2107 1495 et
2157 1441 2367 1510 primus
2422 1443 2503 1496 eis
2559 1442 2884 1512 theologiam
2933 1443 3190 1505 ostendit,
3223 1460 3343 1498 eam
3377 1460 3498 1515 qua:

1919 1535 2084 1588 unius
2106 1535 2472 1603 principatum
2496 1534 2676 1597 docet,
2703 1535 3066 1604 praeepitque
3097 1542 3154 1588 ut
3185 1551 3350 1589 unum
3379 1537 3499 1606 opi~

1920 1625 2074 1679 licem
2129 1635 2514 1694 auctoremque
2564 1641 2744 1679 rerqu
2796 1625 3037 1679 omnium
3070 1627 3310 1681 colerent
3342 1643 3354 1680 :
3385 1629 3497 1697 pri-

1920 1736 2043 1774 mus
2083 1719 2248 1774 etiam
2303 1718 2570 1786 religiosa:
2595 1718 2720 1772 vita:
2748 1719 2854 1773 illis
2884 1719 3277 1775 institutionem
3302 1736 3497 1789 quam-

225 1804 559 1872 οἰκουμένην
611 1803 1051 1874 εἰδωλολατρείας
1107 1803 1430 1874 εἰργάσατο·
1487 1801 1702 1873 πρῶτός
1754 1818 1812 1854 τε

1923 1807 2039 1860 dam
2099 1806 2394 1874 disponens
2445 1813 2608 1874 atque
2667 1807 2976 1875 assignans,
3029 1810 3129 1877 pia:
3185 1820 3498 1879 sanctasque

227 1895 330 1964 τὴν
356 1895 474 1958 ἐνὸς
503 1895 598 1947 τοῦ
630 1895 1016 1966 παμϐασιλέως
1045 1895 1179 1947 Θεοῦ
1206 1894 1407 1962 γνῶσίν
1438 1911 1496 1945 τε
1532 1894 1627 1946 καὶ
1659 1892 1814 1946 εὐσέ·

229 1989 387 2041 ϐειαν
427 1990 591 2041 πᾶσιν
626 1986 934 2060 ἀνθρώποις
980 1985 1341 2058 προύϐάλετο,
1373 1985 1560 2039 καινοῦ
1603 2002 1662 2037 τε
1699 1983 1812 2053 βίου

227 2081 328 2133 καὶ
348 2079 619 2144 πολιτείας
646 2080 920 2134 θεοσεϐέσι
947 2075 1328 2150 προσηκούσης
1345 2078 1560 2149 πρῶτος
1581 2079 1812 2144 εἰσαγω-

227 2175 365 2242 γεὺς
405 2174 501 2225 καὶ
532 2173 828 2244 νομοθέτης
868 2171 1262 2224 ἀποδέδεικται.
1312 2168 1422 2222 Καὶ
1455 2171 1521 2222 τὰ
1567 2169 1728 2222 λοιπά
1757 2169 1815 2222 δὲ

227 2265 300 2318 τὰ
333 2265 460 2336 περὶ
484 2265 691 2335 κόσμου
731 2264 1015 2332 γενέσεως,
1042 2263 1137 2315 καὶ
1159 2261 1227 2314 τὰ
1255 2263 1384 2332 περὶ
1410 2258 1586 2332 ψυχῆς
1613 2260 1815 2314 ἀθανα-

228 2355 381 2418 σίας,
411 2357 504 2408 καὶ
524 2357 625 2408 ὅσα
652 2355 785 2409 ἄλλα
817 2355 1080 2424 φιλόσοφα
1107 2354 1350 2424 δόγματα
1390 2353 1608 2424 πρῶτος
1647 2353 1814 2406 Monii-

230 2443 340 2513 σῆς
370 2443 450 2514 τῷ
494 2444 765 2497 Ἰουδαίων
801 2443 1118 2515 παρέδωκεν
1163 2442 1339 2507 ἔθνει,
1372 2443 1544 2494 ταῦτα
1587 2440 1813 2512 θεοπρε-

227 2537 499 2606 πέστερον
533 2536 748 2608 πρῶτος
777 2539 887 2600 τοῖς
920 2537 1125 2600 λοιποῖς
1149 2535 1358 2589 ἔθνεσιν
1393 2533 1601 2605 Ἰησοῦς
1625 2537 1652 2588 6
1682 2535 1815 2605 Χρι-

229 2625 361 2688 στδς
415 2625 504 2679 δια
557 2626 666 2680 τῶν
711 2626 875 2680 αὐτοῦ
932 2625 1192 2697 μαθητῶν
1239 2624 1633 2694 κατήγγειλεν·
1674 2623 1814 2678 ὥστε

227 2717 476 2770 Μωῦσέα
518 2717 616 2788 μὲν
657 2717 892 2781 ἐἰκότως
925 2717 1143 2789 πρῶτον
1188 2718 1283 2770 καὶ
1331 2717 1488 2786 μόνον
1535 2714 1814 2779 εὐσεϐείας

227 2807 533 2878 νομοθέτην
579 2807 978 2878 ἀνηγορεῦσθαι
1021 2808 1316 2870 Ἰουδαίων,
1377 2805 1584 2876 Ἰησοῦν
1630 2806 1686 2859 δὲ
1722 2805 1816 2859 τὸν

229 2899 471 2968 Χριστὸν
495 2898 603 2951 τῶν
631 2898 798 2952 ἐθνῶν
822 2898 1095 2961 ἁπάντων,
1122 2897 1264 2951 κατὰ
1289 2896 1384 2967 τὴν
1412 2901 1661 2967 φήσασαν
1687 2893 1816 2966 περὶ

232 2989 405 3043 αὑτοῦ
438 2991 803 3062 προφητείαν·
833 3010 850 3040 ι
886 2989 1261 3060 Κατάστησον,
1294 2984 1486 3058 Κύριε,
1522 2986 1815 3058 νομοθέτην

230 3083 325 3136 ἐπ’
372 3082 600 3146 αὐτούς·
650 3081 944 3151 γνώτωσαν
992 3081 1140 3152 ἔθνη,
1183 3081 1264 3133 ὅτι
1297 3079 1572 3152 ἄνθρωποί
1615 3081 1738 3132 είσι.
1793 3099 1811 3131 ι

232 3175 407 3230 Πάλιν
425 3176 662 3246 Μωῦσῆς
683 3175 1003 3245 θαυμασίοις
1029 3174 1211 3244 ἔργοις
1234 3173 1328 3226 καὶ
1350 3170 1820 3242 παραδοξοποιίαις

229 3269 338 3340 τὴν
372 3268 509 3339 πρὸς
555 3266 720 3320 αὐτοῦ
756 3265 1218 3334 καταγγελθεῖσαν
1265 3262 1545 3316 εὐσέϐειαν
1587 3257 1821 3312 timori-3-

235 3378 392 3415 σατο.
434 3361 706 3423 Ὡσαύτως
739 3361 796 3413 δὲ
836 3361 929 3411 κοή
957 3361 985 3411 ὁ
1018 3357 1270 3428 Χριστὸς,
1300 3359 1422 3418 ταῖς
1451 3353 1820 3423 ἀναγράπτοις

232 3452 706 3524 θαυματουργίαις
739 3451 874 3522 πρὸς
905 3451 1086 3503 πίστιν
1120 3448 1227 3501 τῶν
1253 3445 1502 3519 ὁρώντων
1543 3444 1819 3516 κεχρημέ-

231 3564 350 3609 νος,
384 3545 455 3598 τά
498 3543 662 3598 καινά
709 3544 810 3613 τῆς
847 3542 1208 3612 εὐαγγελικῆς
1259 3538 1602 3602 διδασκαλίας
1653 3535 1818 3590 αὑτοῦ

237 3638 541 3710 μαθήματα
569 3638 950 3707 σνίτστήσατο.
980 3634 1148 3687 Πάλιν
1163 3633 1400 3703 Μωῠσῆς
1415 3634 1481 3684 ὲκ
1507 3631 1706 3702 πικρᾶς
1723 3630 1821 3700 τῆς

233 3733 332 3785 ὑπ’
369 3729 684 3798 Αἰγυπτίοις
708 3728 948 3791 δουλείας
979 3727 1038 3780 τὸ
1079 3726 1344 3779 Ἰουδαίων
1373 3724 1524 3787 ἔθνος
1554 3726 1632 3786 είς
1665 3723 1818 3775 ἐλευ-

232 3823 427 3895 θερίαν
473 3821 871 3892 μετεστήσατο·
918 3820 1014 3872 καὶ⁸
1061 3815 1268 3887 Ἰησοῦς
1311 3816 1368 3870 δὲ
1409 3818 1437 3868 6
1477 3812 1714 3886 Χριστὸς
1757 3816 1824 3866 ἐκ

230 3915 342 3984 τῆς
371 3914 474 3966 ὑπὸ
499 3916 611 3975 τοῖς
642 3913 896 3982 πονηροῖς
935 3909 1151 3980 δαίμοσι
1189 3907 1480 3972 δυσσεϐοῦς
1521 3908 1615 3961 καὶ
1652 3907 1822 3976 Alya-

235 4006 486 4075 τττιακῆς
523 4003 963 4074 είδωλολατρείας
1008 4003 1088 4064 είς
1135 3999 1444 4071 ἐλευθερίαν
1492 4000 1554 4052 τὸ
1604 3999 1822 4053 πάντων

235 4092 549 4164 ἀνθρώπων
596 4093 751 4161 γένος
793 4090 1172 4145 ἀνεκαλέσατο.
1222 4090 1389 4144 Πάλιν
1430 4090 1671 4157 Μωῦσῆς
1718 4090 1823 4160 γῆν

237 4186 410 4254 ἁγίαν
452 4185 544 4238 καὶ
591 4183 814 4254 θεοφιλῆ
862 4183 974 4253 βίον
1029 4185 1085 4235 ὲν
1128 4181 1300 4255 ταύτῃ
1345 4183 1440 4236 καὶ
1490 4181 1824 4254 μακαριστὸν

233 4281 357 4340 τοῖς
394 4278 503 4329 τῶν
539 4277 720 4346 νόμων
761 4273 987 4345 φύλαξιν
1027 4268 1423 4344 ἐπηγγείλατο·
1462 4274 1724 4338 ὡσαύτως
1766 4274 1822 4326 δὲ

235 4369 338 4423 καὶ
394 4365 599 4438 Ἰησοῦς
629 4367 660 4418 6
696 4364 949 4434 Χριστὸς,
990 4384 1010 4418 ι
1058 4365 1358 4434 Μακάριοι,
1401 4383 1420 4416 ι
1468 4363 1655 4435 φησὶν,
1697 4383 1715 4415 ι
1774 4364 1822 4417 οἱ

1917 1895 2230 1964 reipublicae
2263 1894 2371 1947 illis
2401 1905 2592 1948 auctor
2622 1904 2677 1948 et
2703 1896 2913 1963 primus
2936 1905 2989 1950 et
3013 1898 3164 1951 solus
3193 1900 3444 1968 apparuit
3477 1917 3492 1956 :

1919 1985 2068 2055 atqui
2111 1983 2270 2039 Jesus
2298 2000 2516 2054 quoque
2543 1985 2798 2041 Christus
2829 1989 2974 2042 sicut
3007 1987 3181 2043 Moses
3213 1989 3491 2053 similiter,

1918 2092 1981 2130 ac
2039 2077 2208 2130 multo
2257 2075 2475 2146 quidem
2529 2079 2929 2136 excellentius:
2966 2080 3058 2149 qui
3117 2081 3325 2149 primus
3373 2081 3493 2149 ejus

1917 2167 2199 2228 doctrinm,
2256 2183 2378 2237 quae
2424 2182 2605 2222 veram
2653 2170 2968 2238 religionem
3005 2172 3241 2226 instituit
3274 2175 3496 2243 reliquis

1917 2259 2191 2329 gentibus,
2242 2267 2435 2312 auctor
2488 2266 2543 2311 et
2590 2262 2851 2329 magister
2895 2260 3018 2326 fuit,
3077 2269 3130 2316 et
3164 2263 3371 2332 primus
3401 2279 3498 2334 per

1917 2357 2088 2403 totum
2128 2357 2396 2403 terrarum
2429 2349 2615 2403 orbem
2669 2351 3086 2406 simulacrorum
3113 2356 3319 2407 cultum
3343 2369 3498 2408 ever“

1917 2440 2002 2503 tit,
2037 2439 2354 2509 primusque
2409 2438 2572 2494 unius
2625 2441 2870 2495 omnium
2912 2442 3056 2511 regis
3101 2440 3194 2497 Dei
3232 2444 3499 2513 cognitioo

1919 2547 2042 2586 nem
2094 2517 2148 2586 et
2203 2534 2562 2586 reverentiam
2614 2533 2828 2587 cunctis
2855 2535 3096 2588 ostendit
3137 2535 3450 2590 hominibus
3479 2571 3494 2601 ,

1917 2639 2180 2692 novaeque
2242 2624 2364 2677 vita:
2410 2638 2476 2676 ac
2526 2623 2630 2692 piis
2685 2624 3000 2680 hominibus
3054 2627 3492 2689 accommodatas.

1918 2715 2229 2784 reipublicae
2260 2715 2471 2785 primus
2509 2713 2873 2779 introductor,
2894 2716 3134 2786 legisque
3157 2717 3295 2770 lator
3327 2719 3498 2772 exsti-

1918 2808 2002 2860 tit.
2031 2807 2110 2861 Ad
2147 2807 2280 2870 haec,
2311 2821 2372 2860 ea
2402 2821 2523 2876 quae
2556 2805 2622 2861 de
2647 2806 2835 2860 mundi
2868 2817 3014 2871 ortu,
3049 2816 3102 2863 et
3130 2823 3250 2878 quae
3280 2808 3346 2863 de
3373 2810 3496 2862 ani.

1917 2914 2020 2954 ma:
2049 2899 2455 2952 immortalitate
2489 2897 2758 2964 feruntur,
2791 2899 3005 2968 aliaque
3038 2899 3221 2954 omnia
3265 2900 3502 2969 philoso-

1918 2992 2079 3062 phica
2126 2997 2396 3062 praecepta
2436 3005 2776 3060 quaecunque
2805 2990 3048 3058 ejusdem
3091 2999 3219 3045 sunt
3260 2993 3497 3060 generis,

1923 3087 2132 3156 primus
2167 3085 2345 3140 Moses
2377 3083 2687 3140 Judaeorum
2722 3087 2944 3140 tradidit
2984 3079 3214 3137 nationi.
3244 3082 3347 3138 Sed
3383 3083 3498 3137 haec

1925 3175 2096 3229 multo
2151 3162 2420 3243 divinius,
2488 3179 2698 3247 primus
2752 3177 2964 3232 caneris
3030 3177 3283 3248 gentibus
3339 3173 3500 3230 Jesus

1923 3269 2177 3325 Christus
2212 3287 2306 3341 per
2337 3287 2467 3327 suos
2504 3271 2804 3342 discipulos
2829 3271 3244 3335 demonstravit,
3277 3278 3334 3324 ut
3369 3284 3502 3324 sane

1923 3362 2119 3416 merito
2173 3362 2376 3418 Mosem
2423 3365 2658 3435 primum
2719 3365 3005 3433 solumque
3048 3363 3266 3433 pietatis
3322 3362 3500 3431 legum

1923 3453 2148 3508 latorem
2197 3453 2508 3509 Judaeorum
2561 3456 2834 3526 appellare
2892 3470 3106 3524 aequum
3165 3454 3258 3517 sit,
3315 3452 3501 3509 Jesum

1925 3553 2107 3599 autem
2143 3545 2421 3601 Christum
2473 3549 2716 3618 gentium
2766 3549 3165 3610 universarum,
3198 3546 3340 3601 sicut
3375 3559 3504 3616 pro-

1925 3635 2107 3706 phetia
2133 3653 2255 3707 quae
2270 3637 2336 3693 de
2367 3638 2459 3693 illo
2493 3649 2596 3703 est,
2625 3640 2774 3694 canit
2812 3660 2824 3694 :
2867 3658 2885 3691 ι
2921 3639 3224 3702 Constitue,
3252 3637 3498 3703 Domine,

1927 3727 2294 3796 legislatorem
2351 3744 2516 3799 super
2572 3746 2691 3796 eos,
2749 3737 3051 3801 agnoscant
3105 3737 3296 3800 gentes
3356 3729 3502 3799 quod

1926 3818 2173 3875 homines
2196 3823 2436 3879 sunt’h
2470 3821 2645 3878 Moses
2675 3831 2930 3892 praeterea
2959 3822 3130 3892 gestis
3163 3821 3504 3876 mirabilibus

1925 3921 1980 3967 et
2008 3913 2292 3984 prodigiis,
2329 3915 2642 3985 religionem
2673 3929 2702 3968 a
2737 3929 2796 3969 se
2826 3915 3132 3969 institutam
3161 3923 3214 3968 et
3247 3913 3500 3967 traditam

1929 4003 2290 4058 conﬁrmavit.
2342 4005 2530 4060 Itidem
2585 4004 2840 4060 Christus
2892 4005 2958 4059 iis
3014 4004 3329 4066 miraculis,
3381 4017 3505 4072 qua

1929 4095 2344 4166 etiamscriptis
2378 4097 2576 4151 tradita
2605 4112 2730 4153 esse
2764 4111 2956 4151 omnes
2985 4097 3238 4150 novimus
3275 4094 3343 4149 ad
3374 4093 3506 4148 lide-

1930 4187 2061 4240 lium
2089 4188 2412 4244 intuentium
2445 4204 2602 4252 usus,
2676 4187 2834 4245 novis
2881 4202 2993 4244 suae
3041 4185 3305 4242 doctrinae
3338 4199 3510 4241 evan-

1928 4277 2114 4347 gelica:
2173 4279 2481 4348 praeceptis,
2542 4279 2896 4334 stabilitatem
2959 4293 3024 4332 ac
3086 4277 3502 4348 perpetuitatem

1931 4367 2198 4437 adjunxit.
2230 4368 2442 4423 Rursus
2467 4368 2646 4423 Moses
2672 4376 2890 4437 gentem
2923 4366 3208 4423 Judaicam
3249 4367 3318 4420 ab
3363 4367 3508 4421 into-

236 4462 471 4532 πραεῖς,
506 4459 588 4512 ὅτι
632 4458 782 4512 αὐτοὶ
820 4457 1290 4529 κληρονομήσουσι
1334 4457 1431 4527 τήν
1457 4457 1582 4526 γῆν.
1627 4476 1646 4508 ι
1678 4457 1821 4510 Πολὺ

1933 4457 2141 4511 lerahili
2192 4459 2475 4524 servitute,
2505 4475 2607 4529 qua
2641 4459 2710 4513 ab
2740 4457 3013 4529 Egyptiis
3050 4460 3416 4528 premebatur,
3449 4459 3507 4514 in

240 4551 533 4623 κρείττονα
574 4550 698 4620 γῆν,
733 4549 947 4620 ἀληθῶς
979 4551 1072 4604 καὶ
1107 4551 1265 4619 ἁγίαν
1306 4551 1400 4604 καὶ
1430 4548 1672 4620 θεοφιλῆ,
1705 4550 1826 4620 οὐχὶ

237 4644 347 4715 τὴν
381 4643 475 4696 ἐπὶ
505 4643 606 4713 τῆς
655 4642 940 4706 Ἰουδαίας,
975 4644 1056 4696 ὅτι
1107 4643 1271 4714 μηδὲν
1311 4642 1414 4711 τῆς
1455 4641 1650 4711 λοιπῆς
1686 4643 1824 4714 αὕτη

235 4737 552 4806 διενήνοχεν
571 4775 587 4797 ,
618 4733 751 4788 ἀλλά
779 4735 877 4807 τὴν
907 4736 1026 4788 κατ’
1063 4733 1290 4805 οὐρανὸν
1321 4732 1521 4802 ψυχαῖς
1561 4732 1829 4802 φιλοθέοις

237 4829 652 4900 προσήκουσαν,
681 4831 794 4892 τοῖς
832 4826 1154 4899 κατορθοῦσι
1189 4827 1280 4879 τὸν
1301 4826 1439 4898 πρὸς
1486 4827 1651 4879 αὑτοῦ
1691 4842 1826 4878 κατ⁸

237 4918 583 4992 ηγγελμένον
618 4919 729 4989 βίον
763 4919 1149 4989 ὑποσχόμενος.
1191 4919 1256 4972 Ὃ
1295 4918 1360 4989 δὴ
1419 4918 1513 4971 καὶ
1549 4916 1828 4989 παριστὰς

239 5011 590 5083 λευκότερον,
629 5015 741 5076 τοῖς
786 5012 922 5082 πρὸς
963 5011 1128 5063 αὑτοῦ
1166 5009 1624 5080 μακαριζομένοις
1671 5008 1823 5079 βασι-

241 5107 401 5159 λείαν
444 5104 688 5176 οὐρανῶν
727 5103 1076 5174 κατήγγειλε.
1130 5103 1238 5156 Καὶ
1283 5101 1450 5164 ἄλλας
1497 5101 1554 5154 δὲ
1600 5099 1830 5170 πράξεις

243 5198 434 5270 εὕροις
475 5195 540 5250 ἂν
569 5195 674 5248 ὑπὸ
707 5195 800 5248 τοῦ
831 5193 1081 5264 Σωτῆρος
1109 5192 1266 5264 ήμῶν
1303 5191 1573 5264 κρείττονι
1611 5190 1644 5263 ἢ
1685 5191 1828 5244 κατὰ

242 5288 492 5345 Μωῦσέα
513 5286 738 5358 δυνάμει
766 5285 1072 5355 γεγονυίας,
1108 5283 1492 5354 παραπλησίας
1524 5299 1588 5350 γε
1618 5282 1722 5353 μὴν
1740 5276 1828 5346 αἷς

243 5379 345 5434 καὶ
375 5379 406 5431 ὁ
429 5379 668 5444 Μωῦσῆς
694 5375 1036 5447 διεπράξατο.
1071 5368 1192 5427 υἷον
1223 5373 1299 5438 ὡς
1331 5375 1423 5426 ἐπὶ
1449 5374 1827 5444 παραδείγμαο

242 5485 360 5530 τος,
406 5464 649 5534 Μωῦσῆς
672 5461 865 5534 ἐφεξῆς
891 5463 1301 5534 τεσσαράκοντα
1328 5464 1539 5535 ἡμέρας
1574 5463 1828 5534 ἐνήστευ-

249 5575 366 5622 σεν,
395 5558 526 5628 ὠςή
563 5556 751 5627 Γραφὴ
795 5557 1064 5626 μαρτυρεί
1093 5554 1326 5622 λέγουσα
1347 5571 1361 5585 ·
1405 5573 1421 5606 ι
1463 5555 1569 5607 Καὶ
1601 5549 1671 5624 ἦν
1717 5556 1834 5608 ἐκεῖ

324 5736 375 5768 ⁸⁸
405 5734 546 5790 Psal.
580 5750 655 5795 Ix,
689 5733 779 5787 2|.
850 5730 895 5763 ⁶⁹
938 5729 1124 5785 Matth.
1160 5747 1214 5796 ν,
1256 5733 1308 5788 ι.

425 5833 696 5890 ΡΑτιιοῐ..
741 5829 860 5888 Gn.
897 5825 1094 5888 XXII.

1932 4549 2236 4604 libertatem
2267 4552 2582 4606 vindicavit.
2602 4550 2853 4606 Christus
2887 4556 3124 4619 quoque,
3149 4565 3309 4603 omne
3333 4558 3506 4619 genus

1932 4639 2252 4706 humanum,
2291 4643 2358 4696 ab
2402 4642 2570 4712 impio
2611 4650 2774 4711 atque
2831 4640 3146 4712 )Egyptiaco
3183 4639 3508 4695 simulacro-

1931 4747 2052 4785 rum
2083 4732 2254 4798 cultu,
2285 4749 2397 4803 quo
2441 4733 2543 4788 sub
2595 4734 2756 4788 malis
2811 4732 3149 4787 daemonibus
3200 4731 3506 4797 tenebatur,

1930 4825 2208 4878 revocavit
2251 4827 2317 4879 ad
2367 4825 2694 4881 libertatem.
2759 4825 3001 4895 Denique
3071 4823 3248 4878 Moses
3304 4831 3508 4878 terram

1931 4923 2202 4980 sanctam,
2255 4923 2309 4971 et
2346 4918 2401 4971 in
2458 4933 2522 4972 ea
2578 4917 2742 4970 vitam
2785 4916 2894 4970 Deo
2937 4925 3145 4986 gratam
3193 4921 3248 4970 et
3293 4914 3508 4969 beatam

1932 5007 2022 5071 iis,
2055 5007 2148 5076 qui
2199 5009 2344 5078 leges
2395 5017 2696 5074 servarent,
2751 5009 3023 5080 promisit.
3068 5006 3245 5061 Simili
3301 5007 3510 5061 ratione

1933 5097 2093 5154 Jesus
2117 5099 2398 5166 Christus,
2438 5121 2457 5152 ι
2489 5101 2662 5165 Beati,
2685 5101 2884 5171 inquit,
2914 5101 3093 5163 mites,
3123 5097 3380 5167 quoniam
3408 5097 3510 5166 ipsi

1934 5191 2292 5259 possidebunt
2321 5199 2522 5246 terram
2538 5193 2606 5256 ”,
2647 5213 2668 5245 ι
2696 5193 2857 5262 longe
2883 5191 3073 5260 utique
3099 5188 3380 5244 meliorem
3409 5194 3514 5241 tero

1932 5296 2073 5345 ram,
2109 5298 2345 5354 vereque
2399 5292 2646 5339 sanctam
2690 5299 2753 5338 ac
2797 5281 2908 5338 Deo
2957 5289 3190 5352 gratam,
3241 5294 3348 5333 non
3391 5291 3513 5331 eam

1935 5388 2056 5443 quae
2083 5382 2165 5430 est
2194 5375 2248 5429 in
2271 5375 2478 5439 Judaea,
2505 5392 2626 5447 qua:
2650 5377 2810 5446 plane
2838 5391 2869 5428 a
2901 5374 3127 5442 reliquis
3149 5371 3288 5427 nihil
3312 5368 3511 5433 diﬂ‘ert,

1937 5465 2034 5520 sed
2077 5465 2172 5521 Dei
2213 5469 2568 5523 amatricibus
2601 5468 2654 5521 in
2687 5467 2828 5522 caelo
2857 5464 3148 5520 animabus
3184 5460 3514 5516 conveniens

1939 5565 2066 5624 tem,
2097 5556 2205 5630 92
2240 5559 2306 5616 iis
2353 5559 2444 5630 qui
2486 5559 2703 5616 vivendi
2756 5559 3024 5618 rationem
3079 5571 3112 5610 a
3168 5569 3228 5610 se
3281 5551 3513 5623 positam

3201 5827 3236 5882 σ
