3828 6216
375 302 471 356 ﬁl

1016 262 1294 352 sesami
1320 294 1808 360 casamsusus
1839 294 1990 353 opp.
2034 295 2215 352 PARS
2254 296 2317 351 ιι.
2365 328 2434 337 -
2471 296 2972 356 APOLOGETICA.

3507 306 3608 360 172

363 418 521 487 plene
551 414 981 478 observaverint,
1014 415 1313 486 pollicitus.
1343 413 1498 481 Quod
1530 416 1747 486 quidem
1777 430 1924 485 aper-

2038 416 2280 486 Μωῦσῆς
2302 416 2478 469 εναντι
2503 418 2704 488 Κυρίου
2721 417 3124 488 τεσσαράκοντα
3143 418 3354 491 ἡμέρας
3382 422 3473 475 καὶ
3488 440 3606 476 τεσ-

360 510 470 565 tius
504 508 753 564 indicans
781 508 870 573 iis,
897 522 1037 579 quos
1070 507 1210 578 apud
1241 523 1300 562 se
1324 510 1514 564 beatos
1550 508 1765 564 futuros
1796 523 1932 578 prat-

358 601 834 672 dicabat,regnum
863 600 1127 656 caelorum
1152 599 1462 670 appellavit.
1484 598 1775 661 Caeterum,
1796 598 1933 653 alias

358 707 575 763 quoque
604 707 696 747 res
726 705 755 744 a
786 690 1067 745 Salvatore
1088 698 1280 746 nostro
1303 700 1484 760 gestas
1513 691 1775 756 invenies,
1812 705 1934 759 quae

360 787 560 840 virtute
605 785 765 855 longe
803 785 1155 854 praestiterint
1193 783 1283 847 iis,
1321 798 1458 853 quas
1510 781 1687 837 Moses
1737 781 1929 844 edidit,

358 890 607 946 magnam
641 884 821 931 tamen
853 892 976 930 cum
1009 875 1266 930 Mosaicis
1308 876 1417 930 illis
1449 876 1709 929 habentes
1740 873 1934 928 simili—

358 970 623 1023 tudinem.
657 967 901 1038 Exempli
926 968 1100 1037 gratia
1142 986 1154 1021 :
1190 966 1368 1022 Moses
1400 974 1546 1021 totos
1569 965 1933 1036 quadraginta

358 1059 475 1112 dies
506 1059 726 1128 jejunus
768 1058 888 1113 fuit.
918 1058 1051 1112 Nam
1085 1057 1369 1128 Scriptura
1410 1057 1513 1113 hoc
1556 1057 1635 1111 illi
1694 1057 1933 1112 testimo-

358 1152 507 1205 nium
540 1151 776 1217 exhibet,
811 1168 831 1201 ‹
872 1159 927 1205 et
955 1150 1076 1215 fuit,
1118 1150 1316 1221 inquit,
1350 1150 1530 1206 Moses
1562 1150 1674 1204 illic
1704 1149 1758 1203 in
1793 1163 1930 1203 con-

359 1251 547 1310 spectu
604 1239 837 1294 Domini.
881 1239 1249 1310 Quadraginta
1302 1239 1421 1295 dies
1463 1247 1518 1294 et
1568 1238 1971 1309 quadraginta-

359 1338 549 1384 noctes
604 1344 796 1399 panem
848 1343 956 1382 non
1001 1327 1134 1391 edit,
1171 1335 1225 1383 et
1257 1342 1455 1398 aquam
1501 1343 1610 1383 non
1664 1327 1831 1382 bibit‘
1859 1342 1872 1378 :
1905 1345 1924 1379 ›

359 1422 543 1475 itidem
591 1420 752 1474 etiam
789 1418 1071 1474 Christus.
1104 1419 1317 1473 Etenim
1362 1420 1442 1473 sic
1489 1419 1754 1488 scriptum
1796 1425 1924 1473 est:

362 1529 381 1562 ι
416 1522 469 1565 et
499 1511 758 1581 agebatur
793 1510 849 1564 in
875 1509 1154 1565 desertum
1184 1510 1541 1581 quadraginta
1571 1508 1710 1575 dies,
1741 1516 1797 1565 et
1818 1516 1935 1564 ten-

356 1602 575 1656 tabatur
595 1616 624 1653 a
648 1601 887 1667 diabolo,
903 1609 956 1655 et
977 1601 1113 1655 nihil
1136 1601 1374 1656 comedit
1408 1601 1463 1654 in
1490 1599 1684 1655 diebus
1714 1599 1874 1654 illis’.
1906 1619 1926 1652 υ

355 1691 570 1748 Rursus
604 1691 783 1746 Moses
814 1694 868 1746 in
893 1691 1109 1747 deserto
1146 1692 1399 1746 alimenta
1443 1693 1644 1763 p0pulo
1673 1693 1926 1763 praebuit.

2036 508 2344 578 σαράκοντα
2381 511 2613 572 νύκτας,
2649 510 2813 583 ἄρτον
2841 509 2941 563 οὐκ
2969 510 3167 579 ἔφαγε,
3196 512 3291 565 καὶ
3330 512 3473 586 ὕδωρ
3508 517 3608 569 οὐκ

2033 598 2206 651 ἔπιεν.
2262 618 2280 649 ι
2347 598 2616 662 Ὡσαύτως
2667 599 2723 651 δὲ
2784 599 2876 653 καὶ
2919 602 2948 653 6
2997 601 3248 674 Χριστός.
3296 602 3603 674 Γέγραπται

2033 687 2191 755 γοῦν·
2241 706 2259 738 ι
2305 688 2413 741 Καὶ
2458 689 2623 759 ἤγετο
2663 691 2743 752 εἰς
2794 689 2892 760 τὴν
2945 689 3151 761 ἔρημον
3203 694 3609 763 τεσσαράκοντα

2033 781 2261 851 ἡμέρας,
2303 780 2698 851 πειραζόμενος
2731 781 2838 834 ὑπὸ
2875 780 2971 834 τοῦ
3018 782 3285 847 διαϐόλου,
3328 784 3421 837 καὶ
3457 785 3608 839 οὐδὲν

2032 871 2231 941 ἔφαγεν
2265 874 2324 925 ὲν
2352 873 2471 935 ταῖς
2497 871 2736 943 ἡμέραις
2764 871 3052 936 ἐκείναις.»
3090 874 3201 927 Καὶ
3242 874 3404 928 πάλιν
3442 877 3610 928 Matii-

2034 962 2135 1033 σῆς
2164 964 2221 1017 ὲν
2258 964 2324 1033 τῇ
2361 963 2551 1034 ἐρήμῳ
2592 961 2797 1033 τροφὰς
2837 962 2916 1032 τῷ
2945 962 3059 1033 λαῷ
3090 964 3350 1034 παρέσχε.
3377 965 3538 1033 Λέγει
3561 965 3605 1018 δ’

2030 1049 2123 1107 οὖν
2154 1056 2187 1124 ἡ
2225 1054 2447 1124 Γραφή·
2505 1072 2523 1103 ι
2586 1053 2718 1106 Ἰδοὺ
2753 1052 2864 1122 ἐγὼ
2900 1053 3092 1124 δίδωμι
3143 1054 3271 1123 ὑμῖν
3312 1053 3509 1125 ἄρτους
3543 1057 3609 1107 ἐκ

2030 1144 2126 1197 τοῦ
2170 1143 2421 1213 ούρανοῦ.
2474 1162 2492 1196 ι
2528 1144 2635 1197 Καὶ
2682 1146 2795 1215 μετ’
2843 1144 3030 1211 ὀλίγα·
3075 1162 3095 1195 ι
3143 1144 3389 1213 Ἐγένετο
3437 1161 3609 1198 κατα-

2033 1238 2350 1310 παυομένης
2396 1239 2493 1307 τῆς
2522 1239 2713 1310 δρόσου
2748 1238 2931 1308 κύκλῳ
2963 1239 3061 1308 τῆς
3093 1238 3477 1310 παρεμϐολῆς,
3512 1239 3608 1291 καὶ

2037 1330 2144 1383 ἰδοὺ
2186 1331 2278 1383 ἐπὶ
2312 1329 2601 1400 πρόσωπον
2634 1330 2734 1399 τῆς
2768 1331 2973 1402 ἐρήμου
3009 1322 3202 1383 λεπτὸν
3247 1330 3379 1382 ὡσεὶ
3421 1328 3608 1398 κόριον

2032 1418 2243 1483 λευκὸν,
2275 1419 2408 1471 ὡσεὶ
2445 1418 2617 1487 πάγος
2651 1419 2744 1471 ἐπὶ
2774 1419 2874 1488 τῆς
2906 1419 3029 1489 γῆς.
3071 1437 3090 1470 ι
3133 1420 3243 1472 Ka‘t
3270 1420 3299 1472 6
3327 1418 3516 1489 Σωτὴρ
3546 1419 3607 1472 δὲ

2032 1511 2125 1563 καὶ
2156 1510 2360 1582 Κύριος
2394 1509 2550 1581 ἡμῶν
2588 1509 2848 1573 ὡσαύτως
2891 1510 3024 1579 φησὶ
3072 1510 3205 1580 πρὸς
3249 1511 3374 1573 τοὺς
3410 1508 3605 1562 ἑαυτοῦ

2034 1602 2312 1675 μαθητάς·
2354 1622 2372 1654 ι
2402 1602 2464 1654 Τί
2495 1601 2858 1670 διαλογίζεσθε
2898 1602 2955 1653 ὲν
2989 1602 3221 1666 ἑαυτοῖς,
3250 1600 3607 1669 ὀλιγόπιστοι,

2032 1696 2113 1747 ὅτι
2145 1694 2341 1766 ἄρτους
2378 1695 2480 1747 οὐκ
2530 1693 2788 1759 ὲλάϐετε;
2822 1691 2975 1746 οΰπω
3018 1695 3187 1746 νοεῖτε
3223 1692 3346 1745 οὐδὲ
3393 1708 3607 1763 μνημο-

354 1784 490 1839 Nam
547 1785 826 1856 Scriptura
876 1787 956 1840 sic
994 1784 1155 1838 habet
1196 1802 1209 1837 :
1244 1803 1263 1835 ι
1305 1783 1446 1839 Ecce
1500 1799 1601 1854 ego
1649 1785 1720 1839 do
1772 1784 1924 1839 vobis

2030 1785 2212 1839 νεύετε
2254 1786 2380 1850 τοὺς
2413 1786 2573 1839 πέντε
2603 1786 2801 1856 ἄρτους
2832 1785 2941 1837 τῶν
2983 1784 3462 1855 πεντακισχιλίων,
3508 1785 3607 1837 καὶ

354 1893 523 1947 panes
568 1878 636 1931 de
683 1877 881 1932 cmlo'.
920 1896 939 1928 ι
975 1875 1042 1929 Ει
1073 1876 1238 1945 paulo
1287 1884 1445 1946 post:
1476 1895 1495 1925 ι
1538 1875 1764 1931 Factum
1814 1885 1919 1940 est,

356 1969 554 2037 inquit,
591 1982 717 2021 cum
752 1966 1094 2023 subsedisset
1128 1980 1219 2019 ros
1248 1966 1452 2020 circum
1485 1976 1687 2028 castra,
1715 1973 1769 2019 et
1799 1980 1928 2021 ecce

355 2075 520 2129 super
548 2057 744 2112 faciem
785 2056 986 2112 deserti
1044 2056 1315 2110 minutum
1362 2056 1521 2126 quasi
1573 2055 1925 2110 coriandrum

355 2154 558 2214 album,
577 2151 731 2222 quasi
755 2150 874 2220 gelu
905 2164 1070 2218 super
1093 2157 1294 2203 terram
1313 2147 1355 2201 ⁸.
1380 2166 1398 2198 ι
1433 2145 1681 2201 Salvator
1710 2161 1927 2217 quoque

356 2259 420 2299 ac
444 2244 708 2298 Dominus
734 2249 925 2296 noster
953 2240 1021 2295 ad
1045 2240 1347 2311 discipulos
1379 2254 1544 2295 suos:
1592 2258 1611 2290 ι
1642 2238 1808 2305 Quid,
1847 2241 1928 2293 in—

354 2336 490 2407 quit,
509 2333 824 2405 cogitatisin
840 2334 993 2387 vobis
1011 2333 1162 2402 ipsis,
1184 2332 1402 2386 modicae
1426 2331 1568 2393 lidei,
1589 2331 1734 2402 quod
1757 2346 1924 2402 panes

353 2442 463 2481 non
504 2425 827 2495 accepistis?
867 2423 1109 2478 nondum
1140 2424 1315 2488 scitis,
1348 2439 1524 2493 neque
1562 2423 1925 2477 recordamini

354 2516 595 2585 quinque
636 2529 805 2584 panes
843 2513 1087 2583 quinque
1111 2514 1378 2567 millium?
1403 2522 1459 2569 et
1496 2523 1629 2584 quot
1659 2514 1925 2584 cophinos

354 2605 672 2677 recepistis?
691 2620 868 2674 neque
895 2614 1121 2675 septem,
1149 2613 1387 2675 quatuor
1414 2605 1683 2659 millium?
1714 2614 1768 2660 et
1793 2613 1926 2675 quot

355 2705 569 2768 sportas
618 2697 888 2752 tulistis?ll
921 2716 939 2747 ι
967 2694 1097 2750 ltem
1139 2695 1352 2766 Moyses
1388 2710 1482 2765 per
1505 2695 1746 2751 medium
1775 2710 1926 2750 mare

356 2791 635 2859 ingressus
663 2797 767 2852 est,
786 2786 1096 2858 populoque
1126 2787 1339 2842 itineris
1372 2785 1482 2842 dux
1516 2785 1640 2841 fuit.
1661 2785 1750 2841 Sic
1777 2788 1922 2841 enim

357 2880 518 2935 habet
546 2877 828 2949 Scriptura
863 2898 877 2934 :
918 2897 937 2930 ι
978 2877 1231 2933 Extendit
1274 2877 1452 2933 Moses
1506 2893 1731 2932 manum
1764 2892 1921 2933 suam

353 2970 409 3023 in
442 2986 591 3026 mare
616 2988 630 3025 :
655 2982 710 3025 et
742 2970 1001 3026 subduxit
1029 2968 1294 3025 Dominus
1339 2984 1490 3025 mare
1529 2977 1690 3025 vento
1738 2980 1924 3025 austro

354 3062 591 3116 violento
638 3070 809 3117 totum
840 3062 1005 3126 diem,
1041 3069 1094 3116 et
1125 3061 1252 3115 fecit
1293 3076 1442 3115 mare
1491 3061 1719 3124 siccum,
1756 3070 1810 3117 et
1841 3061 1926 3116 di-

352 3153 469 3207 visa
503 3161 589 3207 est
625 3168 788 3222 aqua,
823 3162 877 3207 et
927 3153 1264 3207 transierunt
1318 3152 1412 3205 ﬁlii
1462 3150 1629 3207 lsrael
1676 3167 1774 3222 per
1808 3167 1925 3206 me-

352 3243 502 3297 dium
540 3259 691 3299 mare
724 3244 778 3297 in
805 3246 973 3307 sicco,
991 3252 1045 3299 et
1069 3259 1208 3315 aqua
1233 3244 1313 3299 eis
1341 3260 1530 3300 murus
1561 3259 1592 3298 a
1615 3243 1844 3308 dextris,
1871 3255 1925 3300 et

354 3349 542 3389 murus
600 3349 633 3388 a
686 3335 962 3391 sinistris'
1007 3355 1020 3389 :
1074 3354 1093 3387 ι
1142 3336 1307 3390 simili
1356 3343 1647 3406 potestate,
1694 3352 1760 3392 ac
1812 3336 1924 3393 Deo

351 3428 515 3483 etiam
552 3428 988 3485 convcnientius.
1016 3426 1175 3482 Jesus
1212 3429 1304 3498 qui
1331 3428 1585 3484 Christus
1610 3435 1696 3484 est
1728 3428 1841 3496 Dei,
1868 3430 1925 3484 in

353 3517 641 3587 superﬁcie
679 3518 845 3571 maris
895 3518 1204 3589 ingrediens
1237 3517 1452 3573 Petrum
1488 3520 1615 3574 item
1651 3520 1720 3574 ad
1750 3536 1810 3576 se
1841 3521 1926 3574 in-

352 3609 543 3663 cedere
570 3624 736 3680 super
774 3610 961 3666 eadem
999 3609 1144 3665 fecit.
1182 3609 1317 3664 Nam
1367 3611 1448 3665 sic
1490 3611 1753 3680 scriptum
1787 3618 1872 3667 est
1906 3629 1920 3666 :

357 3717 376 3750 ι
404 3698 608 3766 Quarta
653 3708 833 3756 autem
873 3702 1058 3772 vigilia
1106 3703 1308 3766 noctis,
1335 3703 1484 3757 venit
1511 3701 1673 3758 Jesus
1698 3702 1766 3756 ad
1798 3703 1923 3758 illus

350 3792 635 3847 ambulans
656 3807 820 3862 supra
851 3784 1021 3858 mare,
1042 3801 1233 3848 etcum
1254 3793 1523 3848 vidissent
1550 3793 1702 3847 illum
1728 3793 1924 3848 ambu-

351 3883 552 3937 lantem
569 3898 732 3953 supra
748 3899 917 3950 mare,
931 3885 1242 3940 conturbati
1261 3893 1389 3940 sunt
1404 3886 1447 3938 ’⁷.
1470 3904 1489 3937 ι
1510 3882 1573 3937 Ει
1590 3885 1749 3956 paulo
1762 3893 1886 3955 post
1905 3904 1918 3940 :

357 3991 377 4025 ι
398 3973 754 4042 Respondens
787 3981 965 4029 autem
995 3975 1071 4028 illi
1089 3973 1304 4041 Petrus,
1332 3975 1468 4031 dixit
1488 3995 1500 4030 :
1520 3974 1768 4041 Domine,
1793 3976 1837 4030 si
1863 3984 1921 4030 tu

351 4066 572 4134 es.jube
588 4081 674 4121 me
688 4066 873 4121 venire
890 4065 957 4120 ad
981 4077 1031 4121 te
1053 4082 1218 4137 super
1233 4082 1437 4138 aquas:
1457 4068 1548 4123 ille
1570 4077 1750 4122 autem
1764 4067 1918 4131 dixit,

352 4156 486 4214 Veni
522 4179 534 4214 :
575 4167 630 4214 et
661 4160 1000 4215 descendens
1037 4160 1105 4215 de
1155 4160 1280 4214 navi
1327 4159 1559 4227 Petrus,
1606 4160 1922 4215 ambulabat

351 4268 515 4322 supra
560 4254 789 4323 aquas“.
831 4273 850 4306 ι
892 4252 1104 4309 Rursus
1138 4253 1338 4318 Moses,
1367 4263 1528 4307 vento
1566 4262 1754 4307 austro
1802 4252 1923 4305 vio-

350 4346 495 4399 lento
542 4361 692 4401 mare
738 4346 971 4400 solidum
1015 4346 1163 4401 feeit.
1214 4344 1350 4398 Nam
1383 4343 1667 4415 Scriptura
1702 4363 1716 4399 :
1757 4362 1776 4394 ι
1814 4343 1923 4397 Ex-~

2028 1877 2221 1942 πόσους
2253 1878 2507 1947 κοφίνους
2530 1876 2785 1941 έλάϐετες
2814 1876 2935 1929 οὐδὲ
2956 1878 3082 1939 τοὺς
3110 1877 3249 1930 ἑπτὰ
3271 1877 3381 1929 τῶν
3407 1894 3608 1946 τετρα-

2027 1968 2330 2039 κισχιλίων,
2386 1969 2479 2022 καὶ
2517 1968 2689 2029 πόσας
2735 1967 2999 2039 σπυρίδας
3045 1966 3297 2032 ἐλάϐετε;
3359 1986 3377 2019 ι
3429 1968 3603 2021 Πάλιν

2027 2061 2264 2131 Μωῡσῆς
2284 2059 2373 2113 διὰ
2399 2061 2569 2131 μέσης
2591 2060 2689 2131 τῆς
2709 2059 2984 2129 θαλάσσης
3009 2058 3212 2130 διῆλθε,
3234 2059 3331 2112 καὶ
3358 2058 3449 2113 τὸν
3475 2059 3603 2112 λαὸν

2023 2149 2295 2221 ὡδήγησε.
2331 2150 2492 2218 Λέγει
2519 2150 2562 2202 δ’
2587 2145 2678 2203 οὖν
2711 2151 2743 2220 ἡ
2778 2150 2964 2219 Γραφή
2987 2167 3000 2179 ·
3035 2168 3052 2200 ι
3104 2148 3362 2215 Ἐξέτεινε
3394 2150 3602 2219 Μωσῆς

2024 2240 2122 2312 τὴν
2171 2244 2327 2314 χεῖρα
2377 2240 2544 2294 αὑτοῦ
2588 2241 2680 2294 ἐπὶ
2724 2242 2823 2312 τὴν
2865 2240 3157 2304 θάλασσαν,
3215 2242 3310 2295 καὶ
3348 2244 3601 2313 ὑπήγαγε

2025 2332 2229 2402 Κύριος
2271 2333 2368 2402 τὴν
2408 2332 2679 2386 θάλασσαν
2728 2332 2914 2403 ἀνέμῳ
2962 2333 3100 2403 νότῳ
3143 2333 3303 2404 βιαίῳ
3343 2333 3470 2403 ὅλην
3501 2333 3605 2404 τὴν

2026 2422 2261 2495 ἡμέραν,
2303 2424 2397 2476 καὶ
2434 2424 2656 2493 ἐποίησε
2684 2424 2783 2494 τὴν
2817 2423 3089 2478 θάλασσαν
3114 2425 3307 2496 ξηράν,
3331 2425 3423 2478 καὶ
3448 2424 3601 2495 ὲσχί-

2028 2514 2126 2584 σθη
2161 2514 2221 2567 τὸ
2251 2512 2415 2585 ὕδωρ,
2456 2514 2550 2568 καὶ
2586 2515 2798 2586 διῆλθον
2831 2519 2880 2569 οἱ
2919 2517 3024 2568 υίοὶ
3060 2515 3273 2588 Ἰσραὴλ
3296 2515 3386 2569 διὰ
3428 2516 3603 2587 μέσης

2024 2609 2123 2677 τῆς
2166 2605 2441 2676 θαλάσσης
2485 2608 2625 2659 κατᾶ
2671 2607 2732 2660 τὸ
2767 2607 2951 2680 ξηρὸν,
2992 2609 3086 2662 καὶ
3132 2609 3191 2661 τὸ
3234 2608 3377 2680 ὕδωρ
3417 2609 3603 2672 αὐτοῖς

2024 2700 2201 2767 τεῖχος
2223 2699 2286 2749 ὲκ
2302 2695 2512 2761 δεξιῶν,
2534 2698 2629 2749 καὶ
2650 2700 2824 2767 τεῖχος
2845 2698 2903 2765 ἐξ
2935 2699 3248 2768 εὐωνύμων.
3264 2718 3283 2749 ι
3323 2698 3601 2763 Ὡσαύτως

2023 2785 2081 2839 δὲ
2132 2787 2226 2840 καὶ
2282 2787 2480 2857 μᾶλλον
2529 2787 2988 2860 θεοπρεπέστερον
3040 2788 3248 2859 Ἰησοῦς
3292 2791 3320 2840 6
3363 2790 3604 2860 Χριστὸς

2024 2878 2117 2933 τοῦ
2170 2877 2302 2931 Θεοῦ
2369 2879 2462 2931 ἐπὶ
2532 2880 2632 2949 τῆς
2699 2878 2972 2949 θαλάσσης
3037 2881 3435 2951 περιπατήσας,
3504 2880 3603 2932 καὶ

2023 2971 2114 3024 τὸν
2155 2972 2359 3043 Πέτρον
2397 2970 2600 3041 βαίνειν
2645 2973 2730 3023 ἐπ’
2776 2971 2945 3042 αὐτῆς
2989 2971 3229 3042 ἐποίησε.
3285 2971 3603 3041 Γέγραπται

2024 3063 2071 3116 δ’
2109 3058 2221 3115 οὖν·
2277 3080 2296 3113 ι
2340 3060 2590 3133 Τετάρτῃ
2630 3061 2686 3114 δὲ
2736 3061 2949 3132 φυλακῇ
2989 3062 3089 3132 τῆς
3131 3062 3321 3125 νυκτὸς
3362 3058 3522 3133 ἦλθεν
3568 3064 3605 3114 ὁ

2037 3152 2243 3224 Ἰησοῦς
2274 3153 2411 3226 πρὸς
2454 3155 2654 3217 αὐτοὺς
2684 3152 2999 3225 περιπατῶν
3032 3154 3125 3206 ἐπὶ
3154 3157 3252 3224 τῆς
3289 3152 3600 3224 θαλάσσης·

2025 3247 2119 3299 καὶ
2156 3247 2353 3309 ἰδόντες
2391 3245 2551 3299 αὐτὸν
2589 3245 2989 3317 περιπατοῦντα
3024 3246 3115 3299 ἐπὶ¹
3155 3248 3254 3316 τῆς
3300 3245 3600 3316 θαλάσσης,

2025 3338 2423 3409 ἐταράχθησαν.
2466 3357 2485 3390 ι
2536 3338 2648 3391 Kal.
2694 3339 2811 3408 μετ’
2844 3337 3029 3406 ὀλίγα·
3089 3352 3127 3388 ι’
3162 3337 3503 3408 Ἀποκριθεὶς
3541 3335 3603 3388 δὲ

2024 3427 2170 3498 αὐτῴ
2202 3431 2231 3481 ὁ
2264 3429 2468 3501 Πέτρος
2502 3425 2621 3481 εἷπε
2643 3445 2657 3458 ·
2709 3429 2903 3500 Κύριε,
2936 3431 2984 3481 εί
3017 3430 3080 3483 σὺ
3129 3424 3196 3492 εἷ,
3241 3428 3495 3482 κέλευσόν
3532 3446 3603 3498 με

2025 3520 2195 3573 ἐλθεῖν
2231 3521 2365 3593 πρὸς
2396 3521 2455 3573 σὲ
2493 3521 2587 3572 ἐπὶ
2644 3520 2712 3573 τὰ
2759 3521 2941 3573 ὕδατα.
2995 3521 3053 3574 '0
3081 3521 3136 3574 δὲ
3174 3516 3348 3574 εἶπεν.
3409 3519 3600 3573 Ἐλθέ·

2024 3614 2119 3666 καὶ
2180 3614 2423 3676 καταϐὰς
2486 3612 2594 3666 ἀπὸ
2640 3612 2734 3666 τοῦ
2808 3613 2994 3666 πλοίου
3061 3613 3268 3682 Πέτρος
3337 3612 3608 3685 περιεπά-

2024 3719 2186 3770 τησεν
2235 3704 2327 3755 ἐπὶ
2368 3703 2435 3757 τὰ
2476 3702 2662 3756 ὕδατα.
2701 3722 2719 3754 ι
2766 3703 2935 3756 Πάλιν
2975 3704 3216 3773 Μωῦσῆς
3244 3701 3431 3773 ἀνέμῳ
3461 3702 3604 3772 νότῳ

2026 3792 2180 3862 βιαίῳ
2230 3792 2398 3862 ἔπηξε
2436 3792 2534 3863 τὴν
2585 3792 2878 3848 θάλασσαν.
2912 3793 3073 3861 Λέγει
3101 3793 3144 3845 δ’
3174 3788 3267 3846 οὖν
3300 3795 3332 3862 ἠ
3371 3794 3600 3865 Γραφή·

2028 3904 2046 3936 ι
2104 3883 2361 3949 Ἐξέτεινε
2389 3883 2447 3936 δὲ
2472 3885 2710 3956 Μωῦσῆς
2740 3885 2835 3955 τὴν
2866 3888 3023 3958 χεῖρα
3054 3886 3146 3938 ἐπὶ
3170 3885 3267 3956 τὴν
3298 3885 3600 3948 θάλασσαν,

2024 3975 2116 4026 καὶ
2169 3974 2419 4044 ύπήγαγε
2478 3973 2683 4041 Κύριος
2733 3975 2832 4045 τὴν
2887 3973 3163 4027 θάλασσαν
3223 3974 3410 4045 ἀνέμῳ
3460 3976 3604 4045 νότῳ

2024 4064 2202 4135 βιαίῳ.
2255 4084 2273 4115 ι
2327 4064 2437 4118 Καὶ
2477 4063 2764 4136 ἐπιφέρει·
2822 4083 2839 4116 ι
2888 4066 3097 4135 Ἐπάγη
3147 4065 3217 4118 τὰ
3267 4067 3490 4137 κύματα
3541 4071 3604 4121 ἐν

2025 4158 2174 4228 μέσῳ
2199 4157 2298 4227 τῆς
2336 4155 2630 4227 θαλάσσης.
2672 4175 2692 4207 ι
2736 4155 3007 4218 Ὡσαύτως
3042 4156 3098 4208 δὲ
3133 4157 3225 4209 καὶ
3251 4156 3383 4209 πολὺ
3415 4173 3604 4228 κρειτ-

2019 4247 2186 4309 τόνως
2218 4247 2246 4297 ὀ
2281 4244 2468 4316 Σωτὴρ
2502 4244 2657 4316 ἡμῶν
2703 4245 3003 4314 ἐπετίμησε
3053 4243 3131 4314 τῷ
3176 4245 3363 4316 ἀνέμῳ
3405 4244 3502 4299 καὶ
3529 4250 3598 4318 τῇ

2021 4333 2282 4406 θαλάσσῃ,
2329 4335 2421 4387 καὶ
2455 4336 2670 4404 ἐγένετο
2700 4334 2909 4404 γαλήνη
2947 4334 3177 4405 μεγάλη.
3215 4332 3381 4387 Πάλιν
3432 4334 3602 4387 Mori-

350 4437 544 4499 tendit,
574 4436 681 4507 93
701 4437 893 4507 inquit
922 4476 938 4500 ,
976 4434 1152 4491 Moses
1183 4451 1402 4490 manum
1456 4449 1623 4505 super
1654 4448 1825 4496 mare,
1864 4441 1919 4488 et

2026 4427 2158 4489 σέως
2189 4425 2298 4479 ἀπὸ
2327 4425 2420 4478 τοῦ
2454 4426 2612 4497 ὅρους
2637 4424 2935 4488 κατιόντος,
2978 4423 3039 4476 τὸ
3069 4424 3357 4494 πρόσωπον
3387 4424 3602 4495 ἑωρᾶτο

351 4529 571 4584 sustulit
601 4528 860 4584 Dominus
883 4542 1034 4584 mare
1070 4535 1231 4582 vento
1258 4536 1446 4582 austro
1472 4527 1713 4581 violento
1737 4565 1753 4590 ,
1799 4544 1817 4574 ο
1851 4539 1913 4579 ac

350 4619 670 4689 subjungit:
713 4638 732 4671 ι
776 4617 1056 4675 Steterunt
1082 4617 1242 4672 undae
1264 4618 1320 4671 in
1353 4617 1533 4673 medio
1555 4617 1687 4670 mari
1721 4615 1917 4671 ’.ιιΕε-

349 4711 470 4765 dem
495 4713 703 4764 ratione
730 4724 794 4763 ac
822 4709 996 4763 multo
1021 4708 1239 4777 quidem
1270 4706 1640 4776 praestantius.
1669 4704 1918 4762 Salvator

350 4808 536 4853 noster
571 4817 590 4849 ι
627 4799 900 4867 increpuit
930 4805 1145 4851 ventum
1200 4803 1254 4850 et
1289 4810 1440 4851 mare
1470 4832 1487 4860 ,
1542 4802 1597 4849 et
1642 4793 1784 4848 facta
1834 4804 1918 4853 est

349 4889 716 4957 tranquillitas
742 4901 937 4956 magna
965 4887 1031 4940 “.
1069 4906 1087 4938 ι
1118 4884 1285 4940 Mosis
1313 4886 1442 4939 item
1470 4884 1674 4948 vultus,
1699 4898 1821 4937 cum
1852 4883 1922 4938 de

351 4989 534 5035 monte
565 4976 942 5043 descenderet,
995 4978 1325 5032 cernebatur
1359 4976 1551 5045 plenus
1584 4976 1775 5046 gloria.
1830 4975 1921 5029 Sic

351 5074 497 5126 enim
525 5070 791 5139 scriptum
815 5077 901 5124 est
929 5086 944 5122 :
993 5087 1012 5119 ι
1054 5067 1400 5124 Descendens
1432 5075 1612 5123 autem
1643 5067 1820 5123 Moses
1854 5067 1922 5123 de

355 5173 540 5218 monte
563 5201 580 5226 ,
620 5162 738 5233 ipse
765 5161 1043 5217 nesciebat
1084 5161 1229 5230 quod
1272 5161 1607 5231 glorilicatus
1654 5169 1800 5216 esset
1833 5175 1924 5215 as-

359 5267 550 5328 pectus
566 5255 709 5310 cutis
720 5252 876 5309 faciei
894 5269 1026 5316 suae,
1043 5254 1170 5307 dum
1186 5254 1252 5308 ad
1274 5254 1450 5323 ipsum
1477 5253 1789 5322 loqueretur
1825 5271 1838 5306 :
1868 5262 1923 5307 et

360 5351 493 5403 vidit
546 5348 767 5409 Aaron,
808 5361 1106 5415 omnesque
1163 5347 1406 5401 seniores
1460 5345 1693 5399 ﬁliorum
1750 5343 1920 5399 Israel

352 5436 538 5493 Mosen
569 5474 584 5499 ,
637 5443 692 5490 et
739 5442 857 5489 erat
905 5434 1237 5505 glorilicatus
1287 5444 1540 5505 aspectus
1578 5435 1720 5489 cutis
1759 5433 1917 5487 faciei

2023 4519 2235 4591 πλήρης
2276 4518 2452 4588 δόξης.
2489 4518 2800 4590 Γέγραπται
2844 4518 2888 4570 δ’
2921 4513 3043 4571 οὖν·
3094 4534 3113 4567 ι
3154 4516 3517 4570 Καταϐαίνων
3554 4516 3600 4569 δ’

2022 4611 2183 4674 αὐτὸς
2211 4614 2276 4664 ὲκ
2306 4610 2399 4663 τοῦ
2422 4611 2580 4683 ὅρους
2607 4612 2865 4682 Μωῦσῆς,
2898 4611 2997 4664 οὐκ
3017 4610 3155 4681 ᾔδει,
3180 4610 3262 4662 ὅτι
3285 4609 3604 4675 δεδόξασται

2022 4707 2054 4774 ἡ
2090 4702 2211 4772 ὄψις
2242 4702 2335 4755 τοῦ
2367 4703 2573 4773 χρωτὸς
2605 4702 2697 4758 τοῦ
2741 4701 3032 4775 προσώπου
3079 4701 3263 4760 αὐτοῦ,
3298 4704 3355 4754 ὲν
3398 4700 3479 4771 τῷ
3506 4702 3605 4756 αὐ-

2023 4793 2117 4846 τὸν
2147 4792 2326 4846 λαλεῖν
2372 4793 2550 4864 αύτῷ·
2584 4794 2677 4847 καὶ
2723 4790 2859 4845 εἶδεν
2899 4791 3126 4864 Ἀαρὼν,
3174 4791 3269 4845 καὶ
3305 4791 3509 4856 πάντες
3549 4793 3602 4844 οἱ

2022 4885 2380 4956 πρεσϐύτεροι
2420 4885 2528 4938 τῶν
2570 4884 2702 4938 υἱῶν
2740 4884 2952 4955 Ἰσραὴλ
2984 4884 3073 4938 τὸν
3106 4884 3364 4954 Μωῦσῆν,
3400 4884 3497 4936 καὶ
3533 4878 3605 4954 ἦν

2018 4974 2378 5047 δεδοξασμένη
2420 4977 2466 5047 ἡ
2499 4975 2621 5044 ὄψις
2646 4975 2739 5028 τοῦ
2774 4977 2979 5047 χρωτὸς
3022 4974 3114 5029 τοῦ
3156 4973 3452 5045 προσώπου
3500 4976 3603 5028 αύ-

2021 5065 2131 5121 τού.
2173 5086 2192 5118 ι
2222 5067 2505 5130 ’Ὡσαύτως
2549 5068 2607 5120 δὲ
2654 5069 2749 5121 καὶ
2788 5068 2921 5120 πολὺ
2955 5067 3313 5138 διαφερόντως
3344 5069 3372 5119 6
3404 5066 3608 5138 ἡμέτε-

2026 5174 2117 5229 ρος
2139 5159 2349 5230 Σωτὴρ,
2380 5158 2671 5228 ἀναγαγὼν
2703 5162 2829 5223 τοὺς
2861 5158 3053 5213 ἑαυτοῦ
3087 5158 3333 5230 μαθητὰς
3362 5161 3445 5223 εἰς
3476 5159 3604 5231 ὅρος

2027 5249 2227 5321 ὑψηλὸν
2280 5250 2418 5315 λίαν,
2463 5251 2860 5322 μετεμορφώθη
2911 5250 3219 5322 ἔμπροσθεν
3260 5250 3460 5314 αὐτῶν,
3508 5250 3604 5305 καὶ

2025 5341 2233 5413 ἔλαμψε
2260 5343 2320 5396 τὸ
2353 5343 2640 5414 πρόσωπον
2668 5343 2832 5397 αὑτοῦ
2865 5343 2942 5406 ὡς
2973 5345 3001 5396 6
3030 5343 3200 5413 ἥλιος,
3227 5342 3294 5396 τὰ
3323 5342 3381 5395 δὲ
3414 5343 3607 5412 ἱμάτια

2023 5433 2187 5489 αὑτοῦ
2223 5435 2435 5504 ἐγένετο
2465 5434 2634 5489 λευκὰ
2671 5436 2747 5499 ὼς
2778 5436 2839 5489 τὸ
2863 5435 2997 5505 φῶς.
3045 5435 3213 5489 Πάλιν
3239 5435 3481 5505 Μωῡσῆς
3513 5433 3607 5486 λε-

424 5666 440 5696 ¹
472 5663 638 5717 Exod.
672 5675 859 5721 xxxiv,
890 5659 981 5714 28.
1056 5662 1076 5692 ²
1106 5659 1237 5715 Luc.
1272 5676 1341 5721 Iv,
1370 5658 1485 5713 1-2.
1559 5661 1578 5691 ³
1606 5658 1775 5713 Exod.
1809 5674 1920 5723 xw,

2091 5657 2268 5712 ‘lbid.
2303 5658 2489 5721 13,”.
2567 5659 2588 5691 ⁸
2623 5657 2813 5713 Matth.
2851 5673 2964 5722 va,
3002 5656 3149 5714 8-10.
3227 5657 3249 5687 °
3277 5655 3455 5711 Exod.
3488 5672 3606 5723 xxv,

355 5733 541 5795 2|,‘29.
619 5734 638 5765 ⁷
669 5731 858 5788 Matth.
882 5747 991 5794 xiv,
1017 5729 1108 5797 25,
1132 5730 1221 5786 26.
1299 5731 1319 5764 ⁸
1345 5729 1480 5784 lbid.
1508 5728 1689 5797 28,29.
1766 5730 1786 5761 ’
1809 5727 1976 5782 Exod.
2014 5744 2122 5793 xiv,
2147 5728 2337 5796 Ql,22.
2417 5730 2461 5761 ¹⁸
2495 5727 2684 5784 Matth.
2711 5728 2952 5791 "11,26:
2986 5724 3119 5784 Luc.
3155 5744 3270 5788 vni.
3304 5728 3398 5783 24.
