3828 6216
251 324 361 380 ςπ

1162 324 1823 385 DEMONS‘I‘RATIONIS
1865 314 2327 384 EVANGELICJE
2364 324 2497 383 me.
2542 321 2632 382 nt.

3431 330 3531 381 ΓΜ

246 435 387 505 πρὸν
418 436 734 511 ἐκαθάρισε.
768 440 1081 513 Γέγραπται
1111 441 1156 495 δ’
1190 436 1317 495 οὖν’
1359 461 1378 491 ι
1420 443 1531 496 Kal.
1566 442 1674 496 ἰδοὺ
1703 442 1825 495 Μα-
1856 495 1860 504 ε

1932 440 2049 510 ejus
2081 441 2146 496 “.
2178 458 2199 492 ι
2234 438 2410 494 Simili
2435 440 2666 505 ratione,
2698 445 2752 494 et
2788 438 2950 510 longe
2995 436 3215 503 quidem
3244 439 3518 495 excellen-

250 528 341 597 ρία
378 528 639 601 λεπρῶσα
683 532 816 585 ὡσεὶ
858 532 1012 603 χιών.
1054 553 1075 586 ι
1126 535 1236 589 Καὶ
1272 535 1389 607 μετ’
1426 533 1617 604 ὀλίγα·
1664 551 1683 585 t
1724 535 1837 587 Kal.

246 620 442 691 ἐϐόησε
468 622 708 693 Μωῡσῆς
751 624 889 693 πρὸς
927 624 1153 696 Κύριον,
1188 627 1363 695 λέγων
1387 644 1399 657 ·
1442 628 1500 680 '0
1534 625 1686 689 Θεὸς,
1718 625 1839 678 δέο-

250 728 369 783 μαι,
404 713 553 767 ῑασαι
578 714 768 784 αὑτήν.
803 735 822 767 ι
861 716 1134 781 Ὡσαύτως
1159 718 1214 771 δὲ
1240 719 1333 771 καὶ
1364 717 1575 789 μείζονι
1607 717 1834 788 δυνάμει

246 805 498 872 ἐξουσίας
544 806 574 857 6
618 806 854 878 Χριστὸς
907 807 1002 861 τοῦ
1050 807 1207 872 Θεοῦ,
1248 809 1639 880 προσελθόντος
1684 808 1836 879 αὐτῷ

245 895 450 967 λεπροῦ
479 897 570 949 καὶ
586 900 877 968 φήσαντος,
906 917 927 950 ι
950 899 1075 953 Ἐὰν
1093 900 1272 973 θέλῃς,
1304 900 1526 955 δύνασαί
1564 918 1631 972 με
1667 901 1836 955 καθα-

247 987 420 1057 ρίσαι,
478 990 843 1059 ἀπεκρίνατο·
890 991 1059 1054 Θέλω,
1094 991 1484 1064 καθαρίσθητι·
1519 994 1609 1047 καὶ
1634 992 1835 1046 ἐκαθα-

248 1078 412 1150 ρίσθη
475 1080 643 1133 αὐτοῦ
693 1084 726 1152 ή
764 1083 957 1154 λέπρα.
1005 1103 1023 1136 ι
1077 1084 1245 1139 Πάλιν
1298 1086 1538 1155 Μωῡσῆς
1586 1085 1836 1156 δακτύλῳ

246 1171 383 1224 Θεοῦ
405 1173 575 1244 ἔφησε
601 1174 694 1229 τὸν
735 1175 899 1245 νόμον
932 1176 1260 1247 γεγράφθαι.
1296 1178 1610 1249 Γέγραπται
1638 1179 1681 1232 δ’
1714 1175 1832 1232 οὖν’

250 1279 275 1312 ι
319 1263 432 1316 Kal.
477 1263 646 1317 ἔδωκε
687 1263 766 1334 τῷ
814 1266 1059 1328 Μωῦσεῖ,
1107 1264 1267 1335 ήνίκα
1315 1267 1626 1319 κατέπαυσε
1659 1266 1836 1320 λαλῶν

244 1354 397 1425 αὐτῷ
438 1358 495 1408 ἐν
522 1355 602 1426 τῷ
638 1356 753 1429 ϐρει
787 1358 937 1422 ma,
983 1357 1083 1420 τὰς
1124 1357 1216 1411 δύο
1248 1358 1461 1422 πλάκας
1503 1358 1595 1411 τοῦ
1633 1377 1838 1430 μαρτυ-

249 1445 390 1515 ρίου,
426 1446 642 1512 πλάκας
672 1448 877 1513 λιθίνας
922 1450 1311 1521 γεγραμμένας
1354 1450 1431 1521 τῷ
1463 1451 1709 1523 δακτύλῳ
1741 1453 1834 1506 τοῦ

244 1536 406 1591 Θεοῦ.
440 1558 459 1590 ι
498 1540 609 1592 Καί
650 1543 708 1593 ἐν
735 1544 800 1612 τῇ
851 1541 1080 1609 Ἐξόδῳο
1114 1560 1134 1592 ι
1175 1539 1343 1595 Εἶπον
1376 1538 1469 1596 οὖν
1504 1545 1554 1597 οἱ
1598 1545 1837 1599 ἐπαοιδολ⁸

243 1629 327 1699 τῷ
362 1629 595 1700 Φαραώ·
651 1651 670 1682 ι
712 1633 992 1698 Δάκτυλος
1022 1635 1157 1689 Θεοῦ
1185 1638 1302 1689 ἐστι
1356 1636 1532 1689 τοῦτο.
1578 1655 1595 1688 ι
1647 1636 1837 1690 Ὠσαύα

244 1737 357 1783 τως
390 1720 448 1773 δὲ
490 1721 586 1774 καὶ
631 1722 842 1793 Ἰησοῦς
881 1726 910 1777 6
950 1725 1186 1798 Χριστὸς
1216 1726 1310 1779 τοῦ
1358 1725 1494 1779 Θεοῦ
1528 1729 1642 1789 τοῖς
1671 1729 1836 1796 Φαρι-

1936 531 2047 585 tius
2076 568 2092 594 ,
2124 528 2376 584 Salvator
2402 538 2590 584 noster
2623 547 2640 579 ι
2668 542 2792 582 cum
2825 526 3074 582 duxisset
3111 540 3242 582 suos
3275 525 3518 596 discipu-

1936 622 2020 677 los
2049 621 2104 675 in
2141 628 2381 677 montem
2412 622 2689 678 excelsum
2735 621 2892 677 valde
2913 659 2928 686 ,
2974 618 3397 690 transfiguratus
3432 629 3518 674 est

1936 728 2118 770 coram
2149 714 2253 778 eis,
2286 722 2340 768 et
2368 714 2705 785 resplenduit
2737 713 2904 769 facies
2932 712 3053 782 ejus
3095 719 3153 765 ut
3193 710 3274 767 sol
3300 752 3315 777 ,
3345 710 3517 766 vesti-

1940 814 2124 860 menta
2169 813 2351 861 autem
2391 806 2512 875 ejus
2566 805 2708 860 facta
2761 813 2890 861 sunt
2935 805 3055 858 alba
3089 804 3233 859 sicut
3267 803 3358 857 lux
3391 804 3454 857 ".
3490 821 3512 855 ι

1936 896 2115 953 Moses
2144 898 2272 951 item
2311 897 2585 967 leprosum
2623 897 2924 952 mandavit.
2951 895 3232 966 Siquidem
3250 897 3513 966 scriptum

1934 996 2020 1043 est
2052 1006 2066 1041 :
2103 1006 2123 1040 ι
2169 988 2237 1041 Ει
2262 1003 2390 1043 ecce
2420 988 2588 1042 Maria
2621 992 2767 1058 lepra
2802 990 3041 1045 candens
3085 990 3228 1044 sicut
3263 990 3355 1044 nix
3379 989 3444 1042 ".
3490 1007 3509 1040 ι

1936 1079 2002 1133 Ει
2030 1080 2192 1149 paulo
2226 1087 2348 1150 post
2381 1098 2394 1134 :
2440 1097 2458 1129 ι
2506 1079 2572 1133 Ει
2600 1081 2849 1135 clamavit
2876 1079 3051 1136 Moses
3083 1080 3149 1135 ad
3195 1079 3515 1146 Dominum,

1936 1170 2123 1227 dicens
2154 1189 2166 1224 :
2206 1170 2373 1238 Deus,
2400 1172 2652 1238 obsecro,
2688 1188 2822 1227 sana
2852 1187 2972 1227 eam
2996 1172 3056 1227 "‘.
3097 1191 3117 1224 ι
3164 1170 3339 1226 Simili
3382 1187 3515 1242 ergo

1935 1263 2151 1317 ratione
2177 1303 2193 1329 ,
2228 1263 2324 1317 sed
2357 1264 2516 1334 longe
2545 1264 2738 1334 majori
2784 1272 3055 1333 potestate
3085 1264 3339 1319 Christus
3366 1264 3461 1319 Dei
3495 1304 3512 1331 ,

1935 1370 2061 1409 cunt
2109 1355 2177 1409 ad
2226 1370 2349 1409 eum
2408 1356 2661 1425 leprosus
2720 1358 3086 1419 accessisset,
3125 1357 3511 1427 dixissetque:

1941 1463 1960 1496 ‹
1986 1444 2044 1498 Si
2074 1446 2176 1507 vis,
2205 1453 2360 1516 potes
2382 1460 2468 1501 me
2495 1447 2778 1501 mundare.
2802 1446 3136 1517 Respondit:
3169 1446 3325 1509 Volo,
3359 1463 3515 1502 mum

1935 1535 2087 1599 dare,
2121 1544 2175 1591 et
2202 1537 2463 1591 mundata
2491 1547 2575 1593 est
2607 1537 2727 1606 ejus
2757 1539 2905 1608 lepra
2936 1540 3000 1592 ³⁵.
3043 1558 3061 1591 ›
3096 1539 3312 1593 Rursus
3335 1530 3517 1595 Moses

1936 1626 2107 1698 digito
2142 1627 2236 1683 Dei
2282 1629 2542 1698 scriptam
2586 1644 2709 1684 esse
2757 1630 2926 1699 legem
2977 1629 3282 1685 afﬁrmavit.
3311 1628 3516 1699 Nempe

1938 1724 2018 1775 sic
2050 1721 2315 1791 scriptum
2367 1729 2452 1776 est
2487 1740 2498 1775 :
2534 1739 2552 1771 ι
2591 1720 2657 1775 Ει
2698 1722 2846 1777 dedit
2888 1720 3066 1787 Mosi,
3105 1739 3227 1777 cum
3261 1722 3515 1777 desiisset

247 1810 423 1876 σαίοις
464 1812 649 1882 ἔλεγεν
674 1830 686 1845 ο
713 1832 731 1864 ι
756 1816 820 1868 Εἰ
852 1815 907 1869 δὲ
934 1796 1280 1888 ἐννδακτύλῳ
1309 1816 1443 1870 Θεοῦ
1487 1818 1734 1871 ἐκϐάλλω
1764 1818 1832 1872 τὰ

1937 1812 2084 1882 loqui
2110 1811 2177 1865 ad
2203 1827 2326 1867 eum
2355 1812 2407 1865 in
2431 1819 2615 1867 monte
2648 1810 2778 1866 Sina
2803 1851 2820 1880 ,
2849 1812 2987 1868 duas
3012 1812 3231 1868 tabulas
3263 1813 3514 1868 testimo-

243 1901 516 1972 δαιμόνια.
549 1923 566 1954 ι
603 1905 730 1974 Ἐφ’
772 1907 913 1970 ὅλοις
951 1908 1162 1972 τούτοις
1206 1910 1447 1979 Μωῦσῆς
1484 1911 1833 1980 μετωνόμασε

243 1994 339 2047 τὸν
385 1994 612 2064 Ἰησοῦν.
652 1996 923 2061 Ὡσαύτως
954 1998 1011 2051 δὲ
1046 2000 1139 2053 καὶ
1182 2001 1211 2053 6
1245 1999 1435 2073 Σωτὴρ
1478 2001 1569 2054 τὸν
1616 2002 1834 2071 Σίμωνα

245 2084 475 2155 Πέτρον.
499 2086 610 2139 Kal.
630 2087 788 2141 πάλιν
813 2105 828 2121 ·
853 2091 1093 2161 Μωῦσῆς
1118 2091 1423 2160 κατέστησε
1442 2091 1520 2161 τῷ
1543 2092 1656 2163 λαῷ
1679 2095 1835 2163 ήγου·

248 2176 447 2245 μένους
479 2175 863 2248 ἑϐδομήκοντα.
897 2180 1062 2247 Λέγει
1087 2180 1132 2233 δ’
1170 2177 1262 2234 οὖν
1292 2183 1324 2253 ή
1352 2182 1539 2254 Γραφή
1565 2200 1579 2212 ο
1616 2204 1633 2233 ι
1667 2185 1834 2237 Συνά-

243 2268 389 2335 γαγέ
424 2284 510 2338 μοι
554 2268 925 2340 ἐϐδομήκοντα
975 2272 1195 2343 ἄνδρας.
1233 2272 1340 2326 ἀπὸ
1385 2274 1494 2326 τῶν
1537 2276 1836 2346 πρεσϐυτέ-

246 2375 360 2429 ρων
397 2358 636 2429 Ἰσραὴλ,
665 2362 761 2414 καὶ
793 2361 976 2429 ἀφελῶ
1010 2363 1118 2415 ἀπὸ
1151 2362 1245 2416 τοῦ
1281 2363 1591 2435 πνεύματος
1622 2364 1715 2418 τοῦ
1743 2367 1836 2419 ἐπὶ

246 2450 352 2513 σοὶ,
398 2451 495 2503 καὶ
533 2451 782 2523 ἐπιθήσω
812 2455 898 2506 ἐπ’
932 2454 1131 2518 αὐτούς
1155 2471 1171 2485 ·
1214 2456 1308 2508 καὶ
1342 2458 1650 2529 συνήγαγεν
1685 2458 1835 2511 ἐϐδο-

247 2539 497 2608 μήκοντα
523 2539 744 2612 ἄνδρας.
781 2561 800 2593 ι
841 2543 1115 2608 Ὡσαύτως
1145 2545 1203 2598 δὲ
1235 2546 1330 2599 καὶ
1361 2546 1390 2599 6
1412 2547 1602 2619 Σωτὴρ
1634 2549 1837 2603 ἀνέδει-

246 2628 339 2695 ξεν
367 2630 534 2683 αὐτοῦ
566 2632 815 2701 μαθητὰς
841 2635 1232 2707 ἐϐδομήκοντα,
1263 2637 1358 2691 καὶ
1388 2638 1705 2693 ἀπέστειλεν
1731 2641 1835 2696 ἀνὰ

242 2720 341 2773 δύο
367 2722 477 2793 πρὸ
500 2722 794 2793 προσώπου
823 2726 1008 2779 αὐτοῦ.
1034 2729 1146 2781 Kal.
1177 2728 1339 2782 πάλιν
1368 2731 1606 2802 Μωῡσῆς
1629 2732 1836 2787 δώδεκα

242 2811 449 2885 ἄνδρας
488 2813 763 2886 ἐξέπεμψε
786 2817 885 2888 τὴν
918 2819 1022 2889 γῆν
1063 2821 1596 2892 κατασκεψομένους.
1646 2824 1837 2878 Ὡσαύ-

244 2920 357 2967 τως
389 2904 446 2957 δὲ
475 2905 571 2959 καὶ
613 2907 748 2961 πολὺ
777 2913 1024 2980 κρεῖττον
1055 2912 1083 2963 6
1114 2911 1384 2983 ἡμέτερος
1413 2913 1604 2984 Σωτὴρ
1627 2914 1837 2970 δώδεκα

244 2997 583 3063 ἀποστόλους
642 2999 1023 3067 ἐξαπέστειλεν
1076 3003 1477 3073 ἐπισκέψασθαι
1536 3005 1713 3060 πάντα
1765 3009 1836 3063 τὰ

1935 1907 2013 1960 nii
2047 1946 2061 1969 ,
2105 1906 2322 1962 tabulas
2349 1906 2594 1975 lapideas
2619 1898 3053 1977 scriptas‘digito
3083 1905 3177 1960 Dei
3210 1906 3273 1958 ιθ.
3315 1925 3333 1957 ι
3364 1904 3431 1959 Ει
3459 1906 3518 1961 in

1936 1998 2128 2053 Exodo
2162 2017 2174 2052 :
2214 2017 2232 2049 σ
2272 1997 2537 2054 Dixerunt
2584 1999 2749 2068 igitur
2788 1999 3158 2054 incantatores
3201 1996 3513 2061 Pharaoni,

1934 2090 2139 2159 digitus
2168 2088 2263 2146 Dei
2306 2098 2391 2145 est
2424 2090 2514 2144 hic
2562 2091 2628 2146 ".
2682 2111 2700 2141 ›
2735 2089 2921 2145 Itidem
2950 2086 3111 2146 Jesus
3152 2100 3390 2162 unue,
3420 2080 3517 2159 qui

1935 2181 2188 2238 Christus
2221 2189 2305 2238 est
2336 2181 2429 2236 Dei
2455 2221 2471 2244 ,
2496 2180 2788 2237 Pharisaais
2809 2182 3026 2236 dicebat
3063 2200 3077 2235 :
3108 2199 3127 2231 ι
3158 2180 3216 2235 Si
3248 2188 3427 2236 autem
3461 2181 3514 2234 in

1934 2273 2106 2342 digito
2138 2272 2231 2326 Dei
2257 2272 2418 2341 ejicio
2442 2272 2709 2327 daemonia
2733 2272 2796 2327 ³⁸.
2828 2291 2847 2324 ι
2873 2272 2954 2326 Ad
2982 2272 3097 2326 haec
3124 2272 3307 2325 omnia
3333 2264 3517 2326 Moses

1935 2364 2307 2419 denominavit
2332 2363 2519 2420 Jesum
2568 2363 2734 2420 Nave.
2788 2362 2912 2417 Pari
2937 2363 3151 2417 ratione
3197 2363 3360 2417 etiam
3391 2360 3515 2416 Sal-

1933 2467 2092 2513 valor
2124 2456 2400 2514 SimOnent
2431 2456 2674 2512 Petrum.
2720 2457 2899 2526 Atque
2934 2456 3062 2510 item
3102 2454 3281 2510 Moses
3309 2448 3517 2510 consti-

1935 2549 2040 2602 tuit
2071 2550 2272 2618 populo
2297 2588 2313 2612 ,
2348 2550 2439 2619 qui
2490 2556 2788 2618 prteessent
2817 2547 3182 2617 septuaginta.
3222 2545 3504 2616 Siquidem

1937 2637 2070 2693 dicit
2103 2637 2387 2707 Scriptura
2416 2656 2430 2691 :
2468 2656 2487 2688 ι
2526 2637 2806 2708 Congrega
2840 2636 2971 2689 mihi
3003 2636 3345 2706 septuaginta
3368 2637 3516 2688 viros

1936 2731 2004 2787 de
2030 2731 2342 2788 senioribus
2372 2729 2539 2785 Israel
2567 2769 2584 2795 ,
2617 2736 2673 2785 et
2703 2728 2946 2783 auferam
2993 2726 3059 2781 de
3085 2727 3282 2796 spiritu
3325 2725 3417 2795 qui
3458 2724 3512 2780 in

1936 2830 1990 2878 te
2021 2830 2145 2887 est,
2179 2830 2233 2877 et
2263 2823 2549 2877 immittam
2586 2823 2640 2876 in
2662 2836 2758 2877 eos
2784 2839 2798 2874 :
2839 2830 2893 2875 et
2922 2819 3271 2890 congregavit
3297 2824 3516 2887 septuaa

1934 2914 2082 2984 ginta
2113 2916 2263 2971 viros
2301 2915 2367 2967 ".
2399 2934 2419 2966 ι
2453 2914 2547 2969 Sic
2569 2913 2732 2968 etiam
2761 2913 2878 2982 ipse
2908 2910 3158 2966 Salvator
3197 2927 3214 2960 ι
3258 2909 3517 2979 designa-

1935 3008 2013 3062 vit
2035 3023 2165 3063 suos
2197 3006 2498 3078 discipulos
2530 3005 2892 3075 septuaginta,
2918 3010 2972 3057 et
3017 3003 3163 3057 misit
3198 3002 3356 3058 binos
3386 3004 3516 3056 ante

243 3089 398 3161 ἔθνη.
436 3091 605 3145 Πάλιν
632 3093 872 3164 Μωῦσῆς
919 3094 1200 3165 νομοθετεῖ
1228 3095 1430 3164 λέγων·
1473 3116 1491 3149 ι
1534 3098 1607 3151 Οὐ
1643 3099 1834 3167 φονεύ-

1939 3096 2131 3153 faciem
2190 3113 2346 3152 suam
2386 3098 2455 3153 '°.
2490 3116 2509 3150 ›
2547 3095 2762 3151 Rursus
2812 3093 2991 3149 Moses
3034 3085 3321 3148 duodecim
3365 3093 3516 3148 viros

247 3198 391 3246 σεις,
432 3183 494 3235 ού
534 3183 774 3252 κλέψεις,
819 3185 920 3238 οὐκ
960 3188 1329 3259 ἐπιορκήσεις.
1367 3207 1386 3239 ι
1436 3188 1493 3241 '0
1539 3188 1595 3241 δὲ
1642 3189 1832 3263 Σωτὴρ

1936 3189 2119 3245 emisit
2170 3197 2372 3244 terram
2430 3188 2814 3259 exploraturos
2851 3188 2917 3241 ".
2957 3183 3158 3241 Noster
3211 3184 3324 3257 94
3384 3185 3512 3238 item

242 3270 430 3343 ἡμῶν,
467 3274 752 3327 ἐπιτείνων
798 3274 889 3327 τὸν
920 3275 1106 3346 νόμον,
1152 3277 1212 3328 οὐ
1259 3277 1321 3329 τὸ
1361 3276 1605 3346 φονεύειν
1650 3277 1831 3348 μόνον,

243 3362 386 3417 ἀλλά
431 3364 524 3417 καὶ
566 3363 628 3417 τὸ
673 3364 978 3435 θυμοῦσθαι
1025 3366 1394 3438 ἀπαγορεύει·
1442 3368 1702 3422 ἀντὶπτοῦ
1758 3369 1835 3443 μὴ

249 3453 546 3525 μοιχεύειν,
598 3455 720 3526 μηδ’
748 3456 1042 3527 ἐμϐλέπειν
1085 3460 1309 3528 γυναικὶ
1351 3460 1488 3532 μετὰ
1539 3452 1834 3535 ἐπιθυμίας

247 3547 553 3601 ἀκολάστου
600 3553 881 3620 παραινεῖ·
926 3551 1046 3603 ἀντί
1088 3568 1148 3605 τε
1194 3551 1289 3606 τοῦ
1335 3553 1409 3625 μὴ
1454 3554 1729 3622 κλέπτειν,
1764 3558 1833 3610 τὰ

242 3641 425 3692 οἰκεῖα
456 3642 572 3703 τοῖς
611 3640 816 3695 ἐνδεέσι
859 3642 1144 3714 προΐεσθαι
1180 3645 1507 3716 προστάττει
1531 3666 1544 3680 ·
1587 3649 1833 3721 ὑπερϐάς

242 3729 303 3786 δὲ
330 3732 424 3784 καὶ
451 3731 515 3784 τὸ
556 3734 851 3803 ἐπιορκεῖν,
898 3734 997 3806 τὴν
1039 3736 1216 3808 ἀρχὴν
1246 3739 1380 3808 μηδὲ
1407 3739 1635 3811 ὀμνύναι
1673 3760 1835 3814 νομο-

246 3826 418 3881 θετεῖ.
452 3829 560 3882 Kal.
596 3830 649 3883 τί
685 3847 752 3900 με
778 3831 859 3883 δεῖ
894 3831 1155 3902 μηκύνειν
1188 3832 1281 3887 τὸν
1319 3833 1477 3901 λόγον
1508 3835 1590 3897 είς
1616 3834 1833 3887 ἀπόδει-

244 3918 331 3986 ξιν
364 3919 459 3972 τοῦ
489 3920 559 3973 τὰ
589 3922 964 3993 παραπλήσια,
1002 3924 1097 3977 καὶ
1126 3927 1293 3994 ἐγγὺς
1326 3925 1569 3997 ἀλλήλων
1601 3942 1832 3998 πεποιη-

244 4011 403 4064 κέναι
442 4012 682 4066 Μωῦσέα
725 4014 818 4067 καὶ
857 4014 1061 4085 Ἰησοῦν
1099 4016 1191 4070 τὸν
1233 4017 1466 4089 Σωτῆρα
1503 4018 1595 4071 καὶ
1626 4016 1831 4089 Κύριον

242 4103 441 4174 ήμῶν;
492 4104 697 4173 Παρὸν,
737 4106 843 4177 ὅτῳ
892 4106 1062 4176 φίλον,
1108 4109 1200 4161 ἐπὶ
1238 4108 1433 4181 σχολῆς
1467 4108 1829 4175 ἀναλέξασθαι

244 4191 441 4245 ταῦτα.
477 4193 629 4247 Ἐπεὶ
656 4196 751 4248 καὶ
782 4198 873 4250 τὸν
907 4196 1134 4250 θάνατον
1174 4198 1454 4261 Μωῢσέως
1490 4197 1692 4269 μηδένα
1717 4214 1829 4266 φα-

246 4282 336 4335 σὶν
371 4284 691 4349 ἐγνωκέναι,
743 4285 875 4356 μηδὲ
909 4286 1007 4357 τὴν
1044 4287 1221 4359 ταφὴν
1254 4286 1418 4340 αὐτοῦ
1443 4304 1455 4316 ·
1499 4286 1690 4359 ὥσπερ
1734 4283 1828 4342 οὖν

242 4373 369 4427 οὐδὲ
396 4373 500 4447 τοῦ,
517 4377 766 4448 Σωτῆρος
810 4377 968 4447 ήμῶν
1001 4376 1100 4449 τὴν
1135 4377 1274 4448 μετά
1298 4378 1398 4450 τὴν
1427 4378 1719 4434 ἀναϐίωσιν
1746 4381 1828 4444 είς

1935 3277 2211 3345 Salvator,
2269 3278 2549 3348 multoque
2600 3276 2763 3331 etiam
2814 3274 3161 3345 praestantius
3224 3271 3514 3327 duodecim

1933 3369 2210 3438 apostolos
2236 3368 2452 3433 emisit,
2499 3366 2566 3421 ad
2599 3363 2969 3436 inspiciendas
3001 3377 3192 3417 omnes
3224 3368 3413 3430 gentes
3441 3360 3510 3412 ".

1931 3456 2148 3515 Rursus
2199 3454 2378 3513 Moses
2422 3459 2575 3527 ponit
2625 3457 2799 3527 legem
2846 3469 2969 3525 quae
3001 3453 3168 3507 dicit:
3212 3471 3232 3503 ι
3269 3447 3386 3506 Non
3418 3467 3513 3507 oc‘

1932 3549 2103 3615 cides,
2130 3564 2238 3604 non
2272 3549 2654 3610 mtechaberis,
2689 3563 2797 3601 non
2828 3538 3121 3607 furaberis,
3157 3559 3265 3599 non
3294 3544 3510 3613 pejera-

1931 3641 2017 3696 bis
2044 3642 2108 3698 ”.
2148 3661 2166 3693 ι
2195 3640 2265 3695 At
2295 3639 2547 3696 Salvator
2581 3648 2769 3696 noster
2798 3639 2916 3709 lege
2944 3640 3245 3708 proposita,
3279 3652 3386 3690 non
3419 3652 3515 3690 oc-

1933 3738 2118 3792 cidere
2146 3739 2347 3803 solum,
2378 3737 2473 3793 sed
2498 3737 2665 3792 etiam
2718 3735 2880 3791 irasci
2934 3735 3187 3806 prohibet
3216 3734 3284 3800 ",
3315 3742 3369 3788 et
3412 3748 3514 3804 pro

1931 3846 1996 3885 eo
2026 3830 2169 3900 quod
2204 3831 2412 3885 dictum
2447 3840 2552 3894 est,
2587 3844 2695 3884 non
2730 3828 3016 3890 mtechari,
3061 3843 3131 3882 ne
3160 3826 3359 3881 intueri
3390 3827 3515 3896 qni-

1931 3921 2053 3977 dem
2082 3922 2363 3978 mulierem
2394 3937 2519 3977 cum
2566 3922 2830 3992 petulanti
2867 3922 3124 3993 cupidine
3158 3921 3413 3976 admonet
3427 3920 3507 3975 ":

1929 4024 1983 4068 et
2014 4029 2115 4084 pro
2141 4030 2207 4070 eo
2228 4015 2371 4085 quod
2398 4022 2502 4080 est,
2535 4030 2645 4070 non
2691 4013 2896 4080 furari,
2943 4031 3030 4070 res
3069 4014 3319 4085 proprias
3366 4014 3511 4068 indi-

1930 4106 2184 4176 gentibus
2243 4107 2464 4177 elargiri
2521 4106 2755 4177 imperat
2797 4105 2843 4138 ”
2892 4125 2906 4160 :
2958 4106 3125 4160 etiam
3185 4104 3317 4159 illud
3353 4105 3510 4175 longe

1929 4198 2249 4270 transiliens
2274 4198 2419 4269 quod
2457 4206 2563 4265 est,
2595 4213 2704 4253 non
2756 4197 3021 4269 pejerare,
3059 4213 3129 4253 ne
3177 4197 3364 4267 jurare
3388 4196 3511 4267 qui-

1929 4290 2050 4345 dem
2075 4290 2186 4346 ullo
2210 4289 2372 4345 modo
2404 4290 2640 4346 instituit
2663 4290 2728 4345 ".
2761 4290 2819 4343 Et
2849 4290 2980 4361 quid
3007 4306 3091 4346 me
3117 4289 3366 4345 oratione
3390 4288 3511 4343 lon-

1929 4384 2051 4454 gius
2080 4383 2303 4453 provehi
2339 4398 2568 4439 necesse
2594 4391 2713 4449 est,
2764 4390 2826 4437 ut
2858 4383 3228 4438 demonstrem
3264 4381 3464 4439 similia
3490 4422 3508 4448 ,

242 4466 348 4537 τὴν
376 4466 602 4538 θεότητα
629 4469 952 4542 μεταϐολήν.
987 4472 1052 4525 Εἰ
1081 4470 1143 4543 δὴ
1174 4467 1266 4526 οὖν
1297 4471 1386 4526 διὰ
1417 4472 1527 4527 τῶν
1556 4473 1828 4528 τοσούτων
1858 4493 1860 4544 j

1934 4474 2271 4546 ﬁnitimaque
2301 4476 2443 4530 inter
2473 4491 2553 4540 se,
2590 4474 2777 4532 Mosen
2808 4490 2874 4531 ac
2905 4472 3276 4541 Salvatorem,
3321 4470 3511 4529 Domi-

240 4559 423 4622 οὐδεὶς
456 4561 554 4630 μὲν
598 4561 776 4627 ἄλλος,
824 4564 984 4633 μόνος
1012 4564 1069 4617 δὲ
1110 4564 1139 4616 6
1168 4564 1358 4637 Σωτὴρ
1391 4565 1547 4636 ἡμῶν
1583 4565 1828 4637 παρέστη

239 4649 313 4704 τά
341 4651 697 4723 παραπλήσια
723 4655 948 4708 Μωῦσεῖ
988 4654 1482 4727 διαπεπραγμένος,
1514 4657 1609 4712 θέα
1644 4658 1829 4714 λοιπὸν

242 4740 340 4793 ἐπὶ
380 4740 542 4810 μόνον
571 4741 755 4805 αὑτὸν,
786 4743 880 4796 καὶ
912 4742 1022 4795 οὐδ’
1049 4744 1133 4811 ἐφ’
1161 4743 1345 4814 ἕτερον
1386 4744 1680 4817 ἀναφέρειν
1719 4743 1826 4816 χρὴ

239 4831 344 4898 τὴν
387 4830 539 4901 παρά
580 4832 803 4884 Μωῦσεῖ
846 4833 1204 4904 προφητείαν,
1244 4833 1312 4886 δι’
1354 4827 1423 4905 ἦς
1460 4834 1643 4905 ὅμοιον
1675 4833 1826 4906 αὐτῷ

241 4922 620 4993 παραστήσειν
654 4924 684 4975 6
726 4922 857 4986 Θεὸς
901 4923 1186 4978 ἐθέσπισεν
1227 4923 1425 4978 εἰπών·
1472 4947 1490 4977 ι
1531 4926 1825 4998 Προφήτην

240 5014 307 5066 ἐκ
337 5011 446 5065 τῶν
476 5013 724 5083 ἀδελφῶν
755 5015 933 5069 αὐτῶν
962 5017 1252 5089 ἀναστήσω
1283 5018 1487 5082 αὐτοῖς,
1516 5018 1705 5090 ὥσπερ
1740 5035 1821 5083 σε,

238 5105 338 5158 καὶ
372 5104 528 5160 δώσω
564 5107 628 5159 τὸ
670 5107 822 5178 ῥῆμά
861 5126 962 5178 μου
999 5110 1057 5161 ἐν
1090 5108 1166 5179 τῷ
1206 5110 1433 5180 στόματι
1473 5110 1637 5164 αὐτοῦ
1663 5128 1676 5141 ο
1728 5110 1824 5163 καὶ

236 5196 462 5268 λαλήσει
508 5199 712 5262 αὐτοῖς,
761 5199 901 5252 καθά
949 5199 1014 5253 ἂν
1056 5200 1383 5271 ἐντείλωμαι
1427 5201 1594 5272 αὐτῷ,
1641 5204 1750 5256 Kal.
1796 5205 1825 5257 6

236 5288 528 5359 ἄνθρωπος
549 5290 610 5354 ὃς
636 5290 702 5343 ἂν
733 5290 808 5361 μὴ
836 5289 1046 5363 ἀκούσῃ
1068 5289 1176 5345 τῶν
1200 5290 1372 5359 λόγων
1406 5291 1591 5356 αὐτοῦ,
1628 5293 1729 5346 ὅσα
1758 5292 1825 5346 ἂν

235 5378 445 5450 λαλήσῃ
478 5382 508 5433 ὁ
539 5382 824 5452 προφήτης
857 5380 951 5433 ἐπὶ
992 5379 1070 5450 τῷ
1101 5381 1325 5451 ὀνόματί
1358 5400 1481 5453 μου,
1530 5382 1643 5453 ἐγὼ
1674 5384 1823 5438 ἐκδι-

236 5473 393 5543 κήσω
438 5471 497 5534 ἐξ
526 5471 709 5526 αὑτοῦ.
754 5492 773 5523 ι
809 5473 982 5537 Αὐτός
1008 5490 1066 5525 τε
1100 5475 1358 5545 Μωῦσῆς,
1402 5475 1540 5548 πρὸς
1572 5474 1665 5529 τὸν
1696 5475 1821 5531 λαὸν

348 5566 389 5633 ξι
424 5564 598 5618 Exod.
624 5582 808 5632 χηιν,
851 5566 1046 5630 29,50.
1164 5569 1207 5600 ¹¹
1236 5568 1425 5624 Matth.
1478 5586 1610 5633 xvn,
1651 5571 1765 5626 ί-οὸ.

240 5634 288 5707 ff
315 5631 493 5707 _Exod.
529 5651 675 5707 χιιι,
722 5631 809 5692 18.
924 5640 966 5673 ³⁷
997 5637 1167 5694 Exod.
1218 5655 1342 5707 vin,
1397 5640 1485 5695 l9.

239 5701 284 5735 "
314 5702 470 5759 Deut.
506 5722 545 5764 ι.
574 5706 664 5763 25.
776 5710 821 5741 ³³
851 5707 1040 5764 Matth.
1073 5724 1133 5775 ι,
1166 5708 1280 5765 1-5.

238 5771 287 5807 ⁵
320 5772 585 5831 ibid-34.

1876 5573 1920 5605 ¹³
1947 5572 2106 5629 Num.
2152 5589 2251 5635 xu,
2290 5574 2380 5630 10.

1596 5641 1639 5673 ’⁸
1671 5640 1805 5695 Luc.
1844 5658 1925 5706 xt,
1972 5642 2063 5699 ΞΟ.

1397 5711 1443 5743 ’³
1479 5704 1653 5767 Exod.
1686 5728 1778 5780 xx,
1812 5704 1993 5768 15-16.

1929 4583 2172 4638 numque
2200 4574 2446 4624 nostntm
2497 4567 2725 4623 fecisse?
2768 4582 2893 4622 cum
2936 4567 3233 4637 unicuique
3277 4568 3512 4634 volenti,

1931 4658 1989 4713 in
2020 4658 2132 4713 otio
2161 4657 2290 4712 talia
2324 4652 2583 4728 colligere
2628 4656 2946 4713 facillimum
2985 4658 3089 4713 sit?
3135 4657 3348 4713 Etenim
3378 4672 3511 4713 cum

1930 4749 2098 4805 Mosis
2146 4757 2373 4805 mortem
2404 4749 2625 4804 novisse
2657 4751 2928 4805 neminem
2967 4747 3153 4804 dicant
3176 4788 3192 4813 ,
3230 4764 3295 4804 ac
3324 4764 3394 4804 ne
3415 4766 3507 4806 se-

1927 4840 2177 4910 pulcrum
2211 4838 2430 4909 quidem
2458 4838 2579 4907 ejus
2600 4874 2619 4903 ,
2654 4853 2832 4907 neque
2866 4837 3050 4892 itidem
3085 4837 3382 4893 Salvatoris
3406 4853 3507 4893 no-

1924 4930 2026 4986 stri
2052 4937 2177 5000 post
2216 4929 2446 4985 reditum
2495 4944 2655 4985 suum
2704 4929 2761 4984 in
2800 4928 3002 4994 vitam,
3060 4929 3415 4984 mutationem
3448 4929 3507 4985 in

1927 5021 2165 5091 speciem
2195 5020 2432 5075 divinam
2461 5020 2753 5091 quisquam
2781 5020 2924 5075 scire
2952 5020 3145 5090 potuit.
3179 5018 3233 5074 Si
3263 5021 3429 5091 igitur
3449 5021 3505 5074 in

1926 5123 2037 5167 tam
2081 5112 2268 5168 multis
2307 5112 2473 5169 rebus
2509 5112 2652 5169 alius
2680 5128 2873 5178 nemo,
2924 5113 3019 5169 sed
3066 5113 3217 5168 solus
3254 5111 3504 5168 Salvator

1926 5209 2134 5269 noster,
2165 5203 2409 5272 quicum
2456 5200 2606 5258 Mose
2648 5201 3059 5257 similitudinem
3094 5202 3365 5257 factorum
3399 5203 3500 5258 ha-

1928 5294 2127 5359 buerit,
2178 5294 2412 5365 proferri
2447 5298 2646 5365 potest,
2684 5299 2938 5364 superest
2974 5293 3087 5362 jam
3133 5298 3192 5348 ut
3247 5294 3301 5347 in
3349 5295 3500 5350 illum

1930 5403 2101 5442 unum
2135 5393 2465 5458 spectemus.
2489 5387 2674 5458 Neque
2713 5402 2845 5443 vero
2876 5387 2946 5442 ad
2994 5387 3156 5441 alium
3194 5387 3502 5458 quempiam

1929 5477 2229 5534 referamus
2281 5478 2654 5549 prophetiam,
2689 5494 2810 5549 quae
2870 5475 3014 5548 apud
3066 5476 3251 5533 Mosen
3287 5484 3497 5541 exstat.

2496 5575 2541 5606 “
2568 5572 2703 5629 Ibid.
2732 5574 2820 5629 l3.
2936 5574 2978 5606 "
3000 5572 3328 5634 Matth.VItt,
3369 5572 3498 5629 2.5.

2178 5645 2220 5676 ¹⁹
2247 5643 2408 5698 Num.
2467 5643 2672 5709 n.16,
2726 5643 2814 5701 l7.
2859 5643 2950 5699 24.
3067 5638 3112 5675 ὀ
3145 5642 3276 5696 Luc.
3333 5656 3389 5704 x,
3448 5642 3471 5696 1

2097 5715 2144 5747 ει
2174 5713 2364 5771 Matth.
2405 5730 2459 5783 v,
2502 5713 2591 5768 ea.
2706 5713 2911 5770 "Ibid.
2960 5712 3052 5770 se.
3159 5714 3206 5745 η
3239 5710 3375 5766 Ibid.
3406 5710 3489 5768 ts.
