3852 6216
258 357 358 415 ΙΠ

1155 356 1829 430 ξῦΕΜΟΝΒΤΒΔΤΙΟΝΙὸ
1861 354 2319 415 ΕΥΑΝΟΕΠΕᾹΞ
2351 354 2480 411 LIB.
2516 354 2608 412 ιιι.

3424 346 3526 405 178

252 477 425 547 δοχῆς
449 477 633 548 ἄρχων
663 477 865 543 αὐτῶν,
899 479 991 533 καὶ
1013 479 1042 533 6
1072 478 1212 533 κατά
1239 479 1440 551 νόμους
1469 480 1597 544 τοὺς
1624 480 1859 544 οίκείους

1962 475 2334 541 nominentur,
2349 474 2507 533 valde
2530 472 2853 529 mirabiliter
2883 481 2940 527 ct
2968 468 3282 542 prophetice
3306 483 3524 525 omnem

252 566 390 639 ήγού
399 584 585 637 μενος,
608 569 923 637 Αὐγούστου
953 570 1074 624 τότε
1099 569 1315 644 πρώτου
1351 569 1634 641 Ῥωμαίων
1661 586 1852 643 μοναρ-

253 662 553 731 χήσαντος,
600 660 844 732 Ἡρώδου
874 680 933 716 τε
964 663 1022 730 ἐξ
1041 662 1355 733 ἀλλοφύλων
1383 661 1553 716 ἐθνῶν
1586 661 1849 733 βασιλέως

255 749 440 805 αὐτῶν
482 752 876 817 καταστάντος.
911 757 1023 809 Καὶ
1062 756 1112 809 οἱ
1145 755 1243 827 μὲν
1289 754 1691 818 ἐκλελοίπεσαν,
1731 756 1760 807 6
1791 754 1849 807 δὲ

252 840 559 913 προσδοκία
583 843 691 897 τῶν
715 846 840 899 καθ’
868 847 996 918 ὅλης
1016 847 1117 918 τῆς
1147 847 1469 920 οἰκουμένης
1499 846 1688 910 ἐθνῶν,
1710 846 1851 901 κατὰ

253 933 353 1004 τὴν
395 931 554 986 θείαν
601 936 911 1009 πρόρρησιν
961 940 1370 1008 ἀναπέφανται⁵
1420 939 1496 1002 ὡς
1542 939 1636 991 καὶ
1679 937 1849 990 είσέτι

250 1024 349 1080 νῦν
397 1026 616 1091 πάντας
664 1030 794 1094 τοὺς
840 1028 900 1096 ἐξ
935 1030 1191 1084 ἁπάντων
1226 1030 1334 1084 τῶν
1369 1029 1538 1083 ἐθνῶν
1572 1032 1651 1093 είς
1688 1029 1849 1083 αὐτὸν

253 1121 695 1186 πεπιστευκότας
730 1123 831 1193 τῆς
858 1121 1000 1176 κατὰ
1031 1122 1164 1177 θεὸν
1191 1124 1368 1177 αὐτῶν
1394 1123 1720 1195 προσδοκίας
1752 1123 1850 1194 τὴν

252 1212 450 1267 ἐλπίδα
471 1215 562 1267 ἐπ’
584 1215 736 1285 αὐτῷ
764 1215 1027 1269 τίθεσθαι.
1055 1217 1163 1272 Kal.
1187 1216 1431 1286 Μωῡσῆς
1461 1216 1558 1288 μὲν
1588 1215 1847 1280 τοσαῦτα,

253 1304 350 1357 καὶ
403 1305 477 1359 τά
521 1305 727 1359 τούτων
760 1307 924 1380 ἔτερα
953 1309 1123 1363 πλείω
1159 1310 1287 1381 περὶ
1314 1309 1409 1362 τοῦ
1442 1308 1680 1377 Χριστοῦ
1715 1307 1850 1379 πρὸς

255 1397 467 1461 πάντας
524 1400 677 1468 ἡμᾶς
722 1400 1166 1470 εύαγγελίζεται’
1216 1402 1423 1471 ἀδελφὰ
1473 1401 1529 1454 δὲ
1561 1401 1708 1473 αὐτῷ
1755 1403 1850 1455 καὶ

263 1488 497 1555 Ἡσαΐας
525 1493 932 1564 ἀφωρισμένως
964 1496 1092 1568 περί
1119 1512 1264 1559 τινος
1296 1495 1413 1560 ἑνὸς
1443 1497 1508 1549 ἐκ
1538 1495 1851 1567 σπέρματος

253 1584 351 1634 καὶ
404 1583 664 1655 διαδοχῆς
712 1585 882 1641 Δαϐὶδ
940 1587 1036 1641 τοῦ
1085 1587 1350 1659 βασιλέως
1410 1587 1849 1659 ἀναστησομένου

250 1676 451 1742 ταῦτα,
527 1678 815 1750 προλέγειο
858 1699 877 1732 ι
943 1680 1307 1748 Ἐξελεύσεται
1364 1681 1558 1753 ῥάϐδος
1619 1681 1685 1734 ἐκ
1747 1680 1850 1750 τῆς

255 1770 414 1840 ῥίζης
491 1771 716 1836 Ἰεσσαὶ,
794 1775 890 1828 καὶ
950 1774 1109 1840 ἄνθος
1167 1776 1233 1830 ἐκ
1292 1776 1391 1847 τῆς
1452 1775 1610 1846 ῥίζης
1683 1774 1847 1831 αὐτοῦ

249 1860 613 1932 ἀναϐήσεται,
678 1865 772 1918 καὶ
829 1865 1204 1920 ἀναπαύσεται
1273 1866 1361 1919 ἐπ’
1417 1866 1579 1919 αὐτὸν
1635 1866 1852 1938 πνεῦμα

248 1949 343 2004 τοῦ
393 1951 573 2019 Θεοῦ,
642 1953 863 2025 πνεῦμα
936 1956 1128 2026 σοφίας
1185 1957 1282 2012 καὶ
1344 1956 1642 2020 συνέσεως·
1687 1975 1707 2010 ι
1758 1957 1853 2012 καὶ

250 2037 321 2091 τά
388 2038 578 2094 λοιπά.
646 2038 762 2095 Εἶθ’
817 2043 1028 2109 ὑποϐάς
1085 2044 1211 2116 ἑξῆς
1273 2046 1598 2120 προφητικῷ
1667 2047 1854 2119 τρόπῳ

249 2131 350 2202 τὴν
412 2131 528 2186 τῶν
600 2133 916 2203 ἀλλοφύλων
987 2135 1157 2190 ἐθνῶν
1238 2135 1528 2210 βαρϐάρων
1613 2156 1675 2193 τε
1757 2140 1852 2193 καὶ

258 2219 561 2295 ⁹Ελλήνων,
610 2226 722 2279 τῶν
766 2244 826 2280 τε
875 2227 1232 2299 ἀγριωτάτων
1272 2229 1366 2283 καὶ
1407 2229 1853 2303 θηριωδεστάτων

247 2316 563 2388 ἀνθρώπων
594 2318 691 2390 τὴν
712 2320 806 2373 ἐπὶ
836 2320 898 2375 τὸ
918 2323 1091 2394 πρᾶον
1115 2323 1209 2376 καὶ
1240 2323 1447 2395 ἥμερον
1477 2325 1565 2378 διὰ
1586 2325 1688 2395 τῆς
1720 2327 1853 2397 Χρι-

248 2407 379 2460 στοῦ
429 2408 788 2475 διδασκαλίας
825 2413 1198 2485 γενησομένην
1238 2415 1538 2488 μεταϐολὴν
1583 2416 1848 2482 θεσπίζει.

246 2499 414 2568 Λέγει
432 2500 480 2553 δ’
506 2497 602 2555 οὖν
622 2519 638 2533 ’
675 2521 694 2553 ι
727 2503 836 2557 Καὶ
858 2504 1368 2578 συμϐοσκηθήσεται
1398 2505 1561 2570 λύκος
1593 2507 1729 2577 μετὰ
1754 2509 1853 2580 ἀρ-

246 2592 356 2656 νὸς,
382 2593 479 2646 καὶ
510 2594 780 2665 πάρδαλις
814 2595 1286 2651 συναναπαύσεται
1316 2598 1508 2669 ἐρίφῳ,
1535 2599 1629 2652 καὶ
1652 2600 1853 2671 μοσχά.

248 2700 391 2757 ριον,
415 2685 514 2736 καί
542 2683 762 2757 ταῦρος,
792 2686 887 2738 καὶ
914 2686 1048 2740 λέων
1074 2686 1190 2756 ἅμα
1215 2687 1662 2759 βοσκηθήσονται,
1701 2708 1720 2741 ι
1757 2691 1853 2744 καὶ

246 2783 315 2823 τα
341 2772 559 2835 τούτοις
585 2775 966 2847 παραπλήσια,
996 2775 1031 2829 ἃ.
1062 2776 1155 2829 καὶ
1195 2777 1346 2850 παρὰ
1376 2778 1542 2843 πόδας
1574 2778 1851 2848 διασαφῶν

248 2866 571 2936 ἑρμηνεύει,
603 2869 815 2937 φήσας·
854 2887 872 2919 ι
903 2869 1013 2922 Καὶ
1040 2867 1193 2922 ἔσται
1225 2870 1637 2945 ὁῦἁνιστάμενος
1663 2870 1851 2944 ἄρχειν

247 2959 446 3021 ἐθνῶν,
484 2961 574 3012 ἐπ’
614 2959 766 3030 αὐτῷ
809 2959 936 3033 ἔθνη
980 2960 1280 3017 ἐλπιοῦσιν.
1334 2982 1352 3015 ι
1394 2964 1591 3034 Σαφῶς
1628 2964 1736 3037 γὰρ
1781 2964 1851 3019 τά

248 3050 423 3119 ἄλογα
459 3051 761 3123 θρέμματα
787 3054 883 3107 καὶ
908 3053 1035 3117 τοὺς
1063 3055 1655 3128 προκαταλελειμένους
1677 3057 1851 3130 θῆρας

246 3142 369 3196 οὐδὲ
414 3142 615 3206 ἄλλους
658 3139 939 3197 εἶναιτῶν
966 3144 1155 3209 ἐθνῶν,
1198 3145 1292 3199 τοῦ
1341 3145 1640 3219 θηριώδους
1687 3148 1851 3204 ἕνεκα

244 3232 477 3304 τρόπου,
503 3233 829 3303 διεσάφησεν
853 3250 869 3264 ο
916 3227 990 3288 ὧν
1018 3233 1187 3289 ἐθνῶν
1220 3235 1407 3309 ἄρξειν
1434 3238 1567 3308 φησὶ
1600 3238 1691 3291 τὸν
1734 3240 1852 3293 ἀνι-

251 3323 526 3394 στάμενον
576 3325 643 3377 ἐκ
677 3326 992 3397 σπέρματος
1036 3327 1252 3382 ἰεσσαίο
1289 3328 1382 3398 ἀφ’
1416 3324 1475 3383 οὗ
1506 3329 1570 3401 δὴ
1601 3332 1628 3383 6
1661 3330 1851 3403 Σωτὴρ

249 3418 343 3471 καὶ
378 3417 592 3491 Κύριος
624 3418 784 3488 ἡμῶν
812 3418 1236 3489 γενεαλογεῖται,
1274 3422 1359 3489 ἐφ’
1392 3421 1450 3491 δν
1478 3421 1545 3475 τὰ
1575 3422 1656 3486 είς
1687 3422 1851 3477 αὐτὸν

252 3489 587 3565 πιστεύοντα
633 3512 760 3585 ἔθνη
816 3513 987 3566 εἰσέτι
1037 3512 1134 3566 νῦν
1173 3489 1737 3585 ἐλπίζει’συμφώνως
1782 3518 1848 3588 τῇ

252 3607 561 3676 προρρήσει
581 3625 595 3636 ·
639 3624 658 3655 ι
682 3605 793 3658 Καὶ
813 3604 967 3659 ἔσται
998 3606 1027 3657 6
1051 3605 1408 3675 ἀνιστάμενος
1441 3606 1629 3676 ἄρχειν
1655 3605 1846 3672 ἐθνῶν,

254 3697 339 3749 ἐπ’
370 3696 528 3767 αὐτῷ
547 3695 675 3768 ἔθνη
712 3697 979 3750 ἐλπιοῦσι.
1014 3716 1032 3748 ι
1060 3695 1232 3750 Τοῦτο
1251 3697 1314 3768 δὴ
1339 3697 1581 3769 παράθες
1603 3701 1717 3763 τοῖς
1747 3716 1849 3752 πα·

256 3789 323 3858 ρὰ
344 3789 579 3842 Μωῦσεί
609 3787 930 3859 φερομένοις
960 3787 1284 3841 διαστέλλων
1331 3790 1426 3842 καὶ
1466 3789 1528 3842 τὸ
1557 3791 1675 3861 μὲν,
1706 3809 1724 3841 ι
1750 3793 1847 3844 Ἐ-

257 3897 376 3934 aut
419 3883 449 3934 6
475 3880 841 3951 ἀνιστάμενος
873 3880 1062 3952 ἄρχειν
1108 3880 1300 3944 ἐθνῶν,
1337 3900 1355 3931 ι
1396 3882 1710 3953 ἐφάρμοσον
1745 3882 1843 3953 τῷ,

259 3990 280 4023 ι
307 3971 656 4039 ἐξελεύσεται
679 3971 966 4043 ἄνθρωπος
991 3974 1056 4026 ἐκ
1080 3971 1176 4025 τοῦ
1205 3973 1518 4044 σπέρματος
1544 3972 1730 4040 αὐτοῦ,
1753 3976 1849 4029 καὶ

254 4064 539 4136 κυριεύσει
569 4063 743 4116 ἐθνῶν
770 4061 1008 4116 πολλῶν*
1044 4084 1061 4114 ›
1096 4064 1190 4117 καὶ
1217 4064 1295 4129 τὸ,
1328 4083 1345 4116 ι
1389 4066 1507 4120 Ἐπ’
1541 4066 1688 4137 αὐτῷ
1720 4067 1848 4140 ἐθνη

252 4156 537 4217 ἐλπιοῦσι,
581 4175 598 4206 ι
636 4155 740 4227 τῷ,
787 4176 805 4207 ι
854 4156 964 4209 Καὶ
998 4157 1157 4221 αὐτὸς
1201 4155 1354 4210 ἐσται
1410 4159 1708 4230 προσδοκία
1755 4159 1846 4212 ἐθ-

251 4248 378 4300 νῶν.
416 4267 437 4301 ι
470 4247 539 4300 Τί
564 4246 675 4318 γάρ
696 4246 944 4318 διαφέρει
968 4249 1218 4317 φάσκειν,
1255 4249 1374 4302 Ἐπ’
1403 4250 1552 4321 αύτῷ
1591 4250 1717 4322 ἔθνη
1757 4251 1848 4304 ἐλο

252 4340 492 4402 πιοῦσιν,
522 4338 759 4415 ῆ,Αίιτὺς
785 4338 939 4393 ἔσται
982 4340 1278 4411 προσδοκία
1308 4340 1477 4394 ἐθνῶν
1502 4324 1716 4408 {nam
1748 4342 1792 4396 δ’
1820 4346 1849 4397 6

250 4432 413 4495 αὐτὸς
451 4430 687 4495 Ὶισαῖας
715 4429 923 4503 προῖὼν
955 4432 1196 4503 περὶτοῦ
1236 4433 1473 4504 Χριστοῦ
1511 4433 1682 4488 ταῦτα
1711 4452 1834 4507 προ·

1954 567 2239 625 Iudaicam
2292 575 2506 639 gentem
2539 564 2735 623 ludam
2786 563 3110 628 nominavit,
3141 577 3275 617 sane
3317 569 3379 616 ut
3425 575 3528 618 nos

1955 671 2176 729 quoque
2203 654 2422 712 Iudaeos
2470 657 2744 727 appellare
2772 654 3160 710 consuevimus
3187 671 3201 709 :
3233 659 3350 709 tum
3386 652 3529 708 allir-

1955 758 2069 804 mat
2105 763 2213 803 non
2257 749 2411 819 prius
2441 748 2724 804 defuturos
2759 748 2827 803 de
2850 756 3010 818 gente
3043 746 3286 816 ipsorum
3328 745 3530 815 princi-

1954 856 2052 912 pes
2100 855 2165 896 ac
2210 842 2401 906 duces,
2426 856 2591 912 quam
2624 841 2673 899 is
2701 840 2976 906 adveniat,
3021 855 3183 911 quem
3241 838 3529 909 prophetia

1955 933 2249 1005 signiﬁcat.
2283 932 2457 989 Porro
2485 933 2575 989 hic
2608 935 2771 990 simul
2795 941 2959 1004 atque
2987 932 3288 998 advenerit,
3312 929 3531 987 Iudaeo.-

1957 1041 2078 1082 rum
2111 1026 2327 1097 quidem
2359 1026 2724 1098 principatum
2751 1041 2874 1083 esse
2893 1023 3325 1090 dissolvendum,
3349 1024 3529 1095 ipsum

1954 1133 2085 1174 vero
2123 1133 2233 1172 non
2275 1116 2588 1174 Iudaeorum
2642 1117 2898 1189 amplius,
2960 1116 3061 1174 sed
3110 1119 3354 1187 gentium
3413 1114 3528 1172 fore

1955 1210 2417 1280 exspectationem
2450 1229 2464 1265 :
2498 1209 2644 1281 quod
2665 1210 2883 1280 quidem
2920 1210 3096 1281 ipsum
3118 1209 3252 1264 nulli
3288 1221 3529 1278 unquam

1957 1302 2347 1373 prophetarum
2388 1302 2831 1366 accommodare,
2863 1301 2958 1357 sed
2998 1301 3091 1355 uni
3127 1301 3391 1355 duntaxat
3419 1296 3532 1352 Sal—

1955 1395 2135 1450 vatori
2164 1392 2509 1464 Dominoque
2548 1402 2759 1458 nostro,
2794 1393 3017 1464 poteris.
3042 1392 3155 1464 96
3178 1391 3313 1447 Nam
3365 1389 3531 1447 simul

1957 1496 2121 1558 atque
2159 1488 2249 1542 ille
2282 1487 2350 1541 ad
2380 1486 2633 1542 homines
2673 1487 2841 1550 venit,
2871 1483 3182 1540 Iudaeorum
3213 1483 3358 1553 regia
3399 1480 3531 1538 sub-

1956 1581 2064 1635 lata
2098 1588 2203 1647 est,
2244 1579 2619 1649 continuoque
2648 1577 2863 1631 illorum
2898 1574 3154 1646 princeps
3179 1574 3397 1636 defecit,
3435 1571 3532 1642 qui

1957 1672 2176 1743 quidem
2233 1670 2536 1741 majoribus
2579 1669 2696 1724 suis
2744 1667 3079 1731 succederet,
3106 1676 3268 1736 atque
3298 1680 3362 1719 ex
3402 1661 3532 1734 legi-

1956 1767 2062 1825 bus
2110 1764 2344 1834 propriis
2384 1761 2495 1818 illis
2536 1767 2818 1831 praaesset.
2861 1758 3019 1813 Tunc
3063 1756 3209 1813 enim
3247 1755 3530 1825 Augustus

1887 1843 1926 1898 Β
1953 1856 2331 1912 Romanorum
2367 1854 2580 1926 primus
2604 1851 2815 1922 accepit
2850 1849 3134 1921 imperium
3162 1867 3177 1903 :
3206 1856 3261 1902 et
3287 1845 3532 1902 Herodes

1954 1952 2023 2007 ab
2073 1949 2316 2006 externis
2365 1946 2621 2019 gentibus
2669 1944 2902 2009 accitus,
2927 1942 3145 1996 illorum
3192 1954 3289 1995 rex
3322 1938 3531 1994 consti-

1954 2047 2104 2095 tutus
2133 2046 2236 2094 est.
2266 2036 2332 2092 Et
2356 2037 2435 2099 illi
2469 2034 2689 2106 quidem
2716 2034 3053 2097 defecerunt,
3084 2031 3172 2085 hic
3197 2036 3376 2085 autem
3406 2043 3534 2098 gen-

1951 2131 2087 2187 tium
2120 2144 2217 2200 per
2246 2136 2421 2182 totum
2452 2134 2727 2182 terrarum
2769 2124 2959 2179 orbem
2990 2121 3345 2191 exspectatio,
3384 2120 3529 2177 sicut

1952 2222 2219 2278 divinitus
2266 2218 2586 2290 praedictum
2632 2216 2834 2279 fuerat,
2869 2214 3182 2270 declaratus
3227 2218 3311 2266 est
3349 2230 3362 2265 :
3394 2210 3530 2269 adeo

1951 2314 2194 2385 quidem,
2249 2320 2308 2367 ut
2358 2326 2505 2366 nunc
2562 2324 2780 2380 quoque
2848 2321 3041 2362 omnes
3099 2305 3414 2376 quicunque
3462 2317 3532 2357 ex

1952 2406 2209 2461 omnibus
2250 2403 2509 2474 gentibus
2543 2403 2597 2456 in
2629 2402 2782 2456 illum
2819 2399 3074 2464 credunt,
3106 2395 3531 2467 exspectationis

1953 2512 2067 2553 sua:
2128 2496 2427 2553 secundum
2474 2494 2666 2559 Deum,
2699 2493 2754 2548 in
2800 2492 2895 2547 illo
2947 2506 3098 2561 spem
3153 2495 3438 2559 reponant.
3464 2485 3533 2541 Et

1955 2588 2171 2660 Moyses
2220 2586 2447 2658 quidem
2505 2586 2622 2640 haec
2665 2585 2881 2654 aliaque
2914 2582 3003 2638 his
3027 2582 3184 2652 plura
3211 2581 3279 2636 de
3306 2579 3528 2635 Christo

1951 2682 2210 2739 omnibus
2259 2680 2419 2736 nobis
2470 2677 2702 2735 feliciter
2741 2675 2983 2741 nuntiat;
3013 2673 3063 2728 ei
3105 2688 3235 2729 vero
3274 2685 3530 2743 germana

1953 2772 2123 2831 Isaias
2155 2786 2374 2843 quoque
2405 2768 2627 2827 deﬁnite
2660 2768 2730 2823 de
2767 2781 2880 2823 uno
2922 2774 3078 2821 certo
3133 2780 3279 2836 rege,
3324 2763 3427 2834 qui-
3462 2778 3531 2818 ex

1955 2870 2162 2927 semine
2201 2882 2267 2922 ac
2304 2863 2657 2922 successi-one
2698 2861 2870 2917 David
2902 2861 2973 2915 sit
3008 2858 3383 2921 suscitandas,
3415 2853 3530 2910 haec

1960 2961 2113 3017 canit
2139 2978 2152 3014 :
2179 2976 2198 3010 ι
2231 2955 2553 3027 Egredietur
2594 2954 2745 3024 virga
2777 2952 2845 3007 de
2873 2949 3057 3007 radice
3105 2946 3282 3013 Iesse,
3330 2959 3386 3001 et
3428 2946 3531 3001 llos

1951 3052 2021 3108 de
2060 3051 2245 3106 radice
2294 3049 2416 3119 ejus
2473 3045 2754 3111 ascendet,
2809 3051 2865 3099 et
2902 3043 3214 3112 requiescet
3256 3053 3421 3107 super
3463 3050 3530 3091 eo

1953 3143 2181 3214 spiritus
2231 3139 2347 3207 Dei,
2379 3139 2607 3210 spiritus
2654 3135 2934 3206 sapientiae
2962 3142 3019 3190 et
3061 3132 3373 3188 intellectus
3395 3129 3461 3195 ",
3500 3147 3522 3181 ι

1952 3246 2007 3291 et
2045 3236 2275 3305 reliqua.
2310 3231 2450 3288 Tum
2481 3231 2700 3303 longius
2733 3242 3083 3300 progressus,
3112 3239 3264 3280 more
3296 3222 3529 3293 prophe-

1951 3329 2081 3393 tico,
2114 3336 2464 3382 externarum
2495 3324 2740 3395 gentium
2779 3328 2835 3376 et
2861 3319 3247 3381 barbararum,
3278 3329 3381 3370 nec
3417 3328 3531 3370 non

1952 3436 2076 3476 cum
2123 3417 2460 3481 Graecorum,
2513 3423 2628 3470 tum
2660 3412 3084 3485 asperrimorum
3141 3423 3207 3463 ac
3252 3405 3531 3462 ferocissi-

1950 3526 2165 3566 morum
2187 3509 2498 3571 hominum.
2542 3505 2782 3561 futuram
2823 3504 2879 3559 in
2911 3503 3072 3558 mites
3107 3505 3525 3569 mansuetosque

1956 3619 2139 3659 mores
2177 3618 2245 3657 ex
2287 3601 2539 3656 doctrina
2584 3597 2787 3653 Christi
2835 3594 3215 3657 mutationem,
3262 3591 3530 3662 praedicit.

1953 3693 2094 3750 Sunt
2131 3702 2313 3749 autem
2357 3692 2479 3761 ejus
2515 3689 2678 3744 verba
2714 3688 2831 3743 haec
2863 3705 2876 3742 :
2919 3703 2937 3737 ι
2982 3684 3048 3738 Et
3080 3692 3337 3754 pascetur
3364 3681 3530 3738 simul

1952 3789 2114 3856 lupus
2152 3800 2277 3840 cum
2308 3798 2468 3853 agno,
2492 3789 2547 3837 et
2576 3778 2782 3851 pardus
2807 3776 2968 3833 simul
3010 3777 3256 3847 quiescet
3278 3788 3402 3831 cum
3429 3775 3530 3827 ιω-

1951 3880 2022 3935 do
2050 3896 2065 3934 :
2092 3884 2147 3933 et
2178 3876 2382 3931 vitulus
2412 3881 2467 3928 et
2491 3880 2683 3926 laurus
2713 3879 2768 3925 et
2796 3871 2881 3924 leo
2900 3868 3063 3925 simul
3095 3873 3389 3939 pascentur
3405 3866 3473 3929 ³³,
3504 3883 3524 3919 ι

1950 3978 2005 4026 et
2040 3969 2146 4024 alia
2180 3967 2267 4023 bis
2310 3965 2511 4022 similia
2540 3982 2552 4017 :
2582 3976 2704 4034 quae
2748 3961 2911 4017 etiam
2943 3975 2974 4016 e
3011 3958 3241 4028 vestigio
3285 3956 3531 4027 planiora

1948 4056 2189 4113 efficiens
2230 4056 2644 4126 interpretatur,
2673 4052 2768 4106 ubi
2800 4051 2875 4105 ait
2908 4066 2921 4104 :
2962 4068 2981 4102 ι
3015 4048 3081 4102 Et
3103 4049 3228 4111 erit,
3261 4047 3355 4117 qui
3398 4062 3527 4103 sure

1951 4149 2030 4222 git
2072 4148 2142 4203 ad
2183 4147 2561 4218 imperandum
2587 4146 2862 4217 gentibus,
2911 4143 2967 4197 in
2998 4157 3065 4197 eo
3112 4148 3301 4212 gentes
3338 4154 3530 4210 spera-

1949 4240 2172 4298 bunt".
2218 4259 2238 4293 ι
2283 4239 2451 4294 Plane
2492 4238 2636 4293 enim
2677 4234 3022 4289 irrationalia
3058 4233 3149 4286 illa
3173 4231 3442 4301 jumenta,
3472 4236 3530 4286 et

1951 4348 2090 4404 quas
2128 4331 2241 4386 illic
2283 4328 2532 4400 praedixit
2559 4326 2792 4389 belluas,
2823 4325 3004 4379 nullas
3033 4337 3157 4380 esse
3187 4322 3324 4378 alias
3361 4334 3528 4390 quam

1951 4428 2102 4498 ipsas
2135 4430 2324 4494 gentes
2376 4427 2598 4491 propter
2638 4433 2829 4472 earum
2861 4414 3068 4471 ferinos
3109 4427 3310 4479 mores,
3346 4410 3531 4466 decla-

250 4523 479 4595 φητεύει
501 4540 516 4553 ·
546 4542 564 4575 ι
603 4523 733 4576 Ἰδοὺ
821 4525 950 4587 παῖς
981 4501 1082 4595 μου
1118 4524 1178 4577 ὃν
1210 4501 1455 4597 ᾑρέτισα,
1497 4526 1526 4579 ὁ
1564 4501 1848 4598 ἀγαπητός

1952 4517 2097 4571 ravit
2129 4534 2141 4569 :
2177 4514 2380 4585 quibus
2418 4526 2551 4567 sane
2582 4508 2834 4580 gentibus
2870 4508 3262 4577 imperaturum
3295 4501 3530 4557 aﬂirmat

251 4591 372 4686 μου,
393 4617 479 4679 είς
503 4616 564 4667 ὃν
591 4613 883 4684 εὐδόκησεν
908 4617 941 4686 ή
967 4591 1110 4687 φυχή
1295 4616 1476 4687 κρίσιν
1504 4591 1623 4680 tota
1637 4591 1846 4672 ἔθνεσιν

1951 4622 2097 4671 eum,
2143 4604 2237 4676 qui
2284 4602 2461 4673 surgit
2499 4601 2567 4657 de
2595 4599 2804 4655 semine
2838 4595 2992 4652 Jesse
3027 4613 3042 4651 :
3074 4609 3142 4649 ex
3172 4607 3282 4663 quo
3319 4591 3529 4647 semine

246 4708 481 4773 ἐξοίσει·
526 4726 545 4757 ι
582 4707 678 4759 καί
719 4706 990 4778 ἐπιφέρει,
1025 4726 1042 4757 ι
1071 4708 1216 4772 Ἕως
1249 4707 1315 4762 ἂν
1336 4708 1415 4761 θῶ
1447 4709 1541 4762 ἐπὶ
1577 4711 1678 4782 γῆς
1725 4712 1846 4783 κρί-

247 4817 352 4864 σιν,
390 4801 490 4854 καὶ
514 4803 573 4853 ἐν
601 4800 680 4870 τῷ
711 4799 936 4870 ὀνόματι
970 4800 1137 4854 αὑτοῦ
1167 4799 1294 4873 έθνη
1327 4801 1627 4856 ἐλπιοῦσιν.
1655 4823 1672 4853 ι
1701 4804 1840 4876 Ἤδη

241 4888 503 4960 δεύτερον
533 4888 592 4941 ἐν
620 4887 829 4952 τούτοις
850 4890 879 4940 6
910 4889 1199 4961 προφήτης
1225 4889 1287 4944 τὸ
1310 4892 1404 4945 ἐπὶ
1420 4891 1498 4963 τῷ
1528 4893 1746 4966 Χριστῷ
1772 4895 1841 4950 τὰ

244 4979 373 5051 ἔθνη
400 4979 650 5031 ἐλπίσειν
681 4976 911 5042 τίθεται,
945 4977 1217 5050 ἀνώτερον
1247 4979 1446 5033 εἰπών·
1487 5001 1505 5032 ι
1543 4982 1658 5036 Ἐπ’
1692 4983 1841 5055 αὐτῷ

244 5070 371 5140 ἔθνη
426 5068 730 5122 ἐλπιοῦσιν.
753 5088 773 5120 ι
809 5068 1070 5124 Ἐνταῦθα
1111 5070 1199 5135 δὲ,
1226 5071 1336 5124 Καὶ
1384 5072 1443 5124 ἐν
1494 5072 1571 5144 τῷ
1618 5074 1840 5145 ὀνόματι

244 5161 410 5215 αὐτοῦ
434 5160 567 5230 ἔθνη
603 5159 870 5215 ἐλπιοῦσι.
908 5161 1167 5216 Λέλεκται
1201 5163 1257 5216 δὲ
1308 5165 1405 5217 καὶ
1433 5163 1512 5234 τῷ
1549 5165 1732 5230 Δαόὶδ,
1764 5167 1840 5231 ὡς

245 5254 351 5325 ἄρα
376 5273 398 5304 c
435 5252 536 5307 Ἕκ
558 5252 655 5305 τοῦ
689 5253 905 5326 καρποῦ
928 5256 1026 5326 τῆς
1057 5255 1262 5319 κοιλίας
1282 5256 1447 5309 αὐτοῦ
1474 5258 1838 5330 ἀναστήσεταί

248 5363 329 5410 τις
360 5347 496 5418 περὶ
527 5339 592 5399 οὗ
620 5346 749 5416 ἑξῆς
782 5363 946 5419 φησιν
989 5348 1018 5402 6
1049 5347 1181 5410 Θεός
1201 5365 1214 5377 ·
1266 5367 1283 5397 ι
1313 5349 1484 5412 Αὐτὸς
1519 5349 1837 5403 ἐπικαλέσε-

252 5440 336 5492 ταί
370 5457 464 5511 με,
497 5441 688 5513 πατήρ
713 5456 814 5510 μου
842 5435 893 5493 εἴ
915 5439 978 5493 σύ
999 5457 1012 5469 ·
1053 5439 1209 5509 κάγὼ
1240 5441 1580 5514 πρωτότοκον
1602 5441 1838 5515 θήσομαι

254 5532 429 5585 αὐτόν.
458 5551 479 5584 ι
506 5532 620 5585 Καὶ
663 5532 793 5601 περὶ
832 5531 1022 5585 τούτου
1069 5531 1125 5585 δὲ
1173 5533 1334 5586 πάλιν
1382 5532 1632 5605 είρηται’
1681 5554 1699 5585 ι
1728 5534 1840 5588 Καὶ

256 5621 676 5695 κατακυριεύσει
710 5623 818 5676 ἀπὸ
850 5621 1125 5694 θαλάσσης
1156 5623 1261 5687 ἕως
1290 5623 1585 5696 θαλάσσης,
1608 5625 1702 5678 καὶ
1732 5623 1840 5679 ἀπὸ

321 5797 489 5855 “lsa.
528 5815 605 5859 xl.
649 5798 763 5862 1,2.
841 5796 885 5830 ³³
933 5796 1145 5853 ibid.6.
1221 5796 1267 5829 “
1308 5795 1439 5853 ibid.
1506 5795 1589 5855 lo.

1953 4700 2206 4756 Salvator
2268 4706 2324 4753 et
2380 4696 2643 4752 Dominus
2705 4701 2897 4747 noster
2951 4688 3218 4746 oriundus
3263 4685 3529 4759 pradica-

1946 4801 2058 4857 tur,
2110 4793 2165 4846 in
2243 4805 2404 4861 quem
2462 4794 2671 4860 gentes.
2742 4800 2864 4856 qua:
2926 4784 2981 4838 in
3034 4783 3212 4851 ipsum
3270 4777 3524 4841 credunt,

1948 4888 2111 4943 etiam
2154 4899 2301 4939 nunc
2352 4889 2594 4951 sperant,
2627 4877 2729 4949 ipsi
2775 4877 2963 4946 utique
2992 4874 3248 4928 vaticinia
3289 4884 3527 4926 consen-

1947 4988 2107 5035 tanea
2138 4977 2422 5036 facientes,
2460 4971 2603 5043 quod
2642 4970 2719 5024 ait
2753 4986 2809 5024 ιι
2846 4966 2913 5021 Et
2943 4966 3068 5028 erit,
3094 4965 3186 5033 qui
3222 4962 3395 5034 surgit
3420 4961 3525 5015 im-

1948 5085 2140 5144 perare
2188 5068 2461 5140 gentibus,
2507 5065 2563 5118 in
2617 5064 2736 5132 ipso
2769 5070 2957 5131 gentes
2992 5055 3309 5126 sperabunt.
3346 5070 3366 5104 ι
3412 5050 3526 5106 lloc

1948 5165 2116 5236 igitur
2156 5160 2418 5233 apponito
2448 5160 2517 5214 iis
2572 5171 2693 5227 quae
2727 5151 2870 5224 apud
2900 5149 3119 5221 Moysen
3162 5147 3431 5208 feruntur,
3458 5157 3525 5198 ac

1945 5254 2288 5325 dist'mguito.
2321 5252 2384 5306 Et
2413 5249 2547 5305 illud
2585 5247 2803 5317 quidem
2837 5264 2850 5299 :
2889 5261 2909 5294 ι
2945 5242 3083 5303 Erit.
3102 5239 3194 5310 qui
3222 5238 3395 5309 surgit
3418 5236 3525 5291 im-

1946 5360 2141 5417 perare
2168 5342 2445 5415 gentibus,
2473 5359 2492 5391 ι
2527 5353 2651 5394 cum
2687 5337 2781 5390 illo
2809 5332 3125 5402 componito
3157 5348 3170 5383 :
3207 5346 3228 5380 ι
3265 5325 3529 5398 Egredie—

1947 5447 2038 5494 tur
2066 5437 2230 5491 homo
2267 5434 2332 5489 de
2363 5432 2571 5488 semine
2601 5431 2743 5499 ejus,
2771 5435 2826 5483 et
2854 5423 3225 5481 dominabitur
3267 5420 3522 5492 gentibus

1944 5529 2153 5585 multis.
2198 5546 2216 5579 ι
2252 5525 2318 5580 Et
2347 5524 2480 5580 illud
2522 5544 2534 5580 :
2579 5542 2598 5575 ι
2638 5522 2694 5577 ln
2737 5522 2856 5592 ipso
2905 5527 3095 5590 gentes
3152 5513 3468 5586 sperabunt,
3493 5529 3513 5563 ι

1944 5637 2067 5678 cum
2128 5619 2223 5676 illo
2259 5637 2274 5675 :
2318 5636 2337 5671 ι
2377 5616 2443 5672 Ει
2486 5618 2603 5687 ipse
2656 5615 2758 5671 erit
2815 5611 3153 5683 exspectatio
3202 5605 3463 5681 gentium.
3491 5619 3515 5655 θ
