3828 6216
332 354 436 415 170
1011 353 1290 410 EUSEBII’
1315 355 1793 412 C'JESARIENSIS
1835 356 1986 415 OPP.
2030 358 2208 413 PARS
2248 358 2308 415 II.
2340 388 2410 401 --
2446 360 2946 420 APOLOGETICA.
3480 368 3580 422 180

329 477 473 546 Quid
500 478 645 533 enim
675 476 903 531 interest
932 474 1180 541 dicasne,
1213 477 1270 531 in
1321 476 1441 547 ipso
1484 484 1673 548 gentes
1713 491 1903 546 spera-

2034 478 2263 548 τοταμῶν
2285 478 2389 543 ἕως
2416 479 2667 551 περάτων
2696 482 2794 552 τῆς
2823 480 3165 551 οἰκουμένης.
3198 499 3219 533 ι
3250 481 3357 535 K61
3389 477 3577 546 αὖθις·

330 574 490 638 bunt,
523 569 634 640 97
679 585 751 624 an
793 583 924 623 vero
948 586 961 623 :
988 568 1105 640 ipse
1132 569 1236 624 erit
1265 571 1601 640 exspectatio
1625 570 1903 641 gentium?

2054 572 2238 625 Πάντα
2267 571 2334 625 τὰ
2382 571 2507 644 ἔθνη
2541 572 2914 626 δουλεύσουσιν
2948 571 3128 643 αὐτῷ,
3164 572 3257 625 καὶ
3301 564 3582 645 ἐνευλογηο

330 657 544 714 Rursus
591 673 719 713 vero
768 657 908 712 idem
945 657 1137 723 Isaias,
1168 659 1417 713 oratione
1446 672 1804 729 progressus,
1835 657 1904 714 de

2041 664 2262 733 ήσονται
2297 665 2354 715 ἐν
2382 664 2464 716 σοὶ
2488 665 2658 717 πᾶσαι
2692 666 2747 717 αἱ
2774 664 2935 733 φυλαί
2965 664 3066 734 τῆς
3091 665 3211 735 γῆς.
3240 686 3258 715 ι
3292 664 3402 718 K61
3424 665 3583 728 τόπος

330 750 556 808 Christo
606 750 722 805 haec
771 750 985 804 divinat
1022 766 1037 804 :
1071 769 1089 800 ι
1119 747 1260 803 Ecce
1312 764 1450 820 puer
1499 765 1691 813 meus,
1741 764 1904 820 quem

2037 756 2062 808 έ
2094 773 2179 819 τις
2211 756 2373 811 πάλιν
2403 756 2781 827 ἀφωρισμένος
2827 755 2930 824 τῆς
2972 755 3066 809 106
3108 756 3582 829 προφητευομένου

333 844 473 913 elegi
503 864 516 898 ε
553 843 786 898 dilectus
817 857 973 897 meus
996 881 1011 906 ,
1046 841 1101 895 iu
1138 857 1246 911 quo
1279 841 1607 912 complacuit
1639 842 1744 896 sibi
1783 842 1906 894 ani-

2034 848 2272 911 ἐνέσεως
2298 846 2614 911 θεσπίζεται
2635 847 2980 918 ὑπὸΜιχαίου
2999 846 3266 916 λέγοντος·
3301 868 3318 899 ι
3351 850 3461 903 K61
3494 850 3579 914 σὺ,

336 950 425 991 ma
458 951 577 990 mea
605 955 618 989 :
651 934 922 1004 judicium
953 934 1210 1004 gentibus
1246 931 1484 1003 proferet
1512 933 1579 997 ",
1613 954 1633 986 ι
1659 949 1722 988 ac
1753 934 1912 989 dein-

2034 939 2213 1011 δηθλεέ
2221 959 2279 1011 μ,
2302 937 2448 1003 οἶκος
2464 939 2557 991 τοῦ
2591 936 2871 1009 Εὐφραθᾶ,
2892 937 3167 1004 ὀλιγοστὸς
3184 935 3235 991 εἷ
3259 938 3353 991 τοῦ
3373 934 3511 991 εἶναι
3529 940 3585 991 ἐν

335 1043 465 1098 ceps
498 1027 747 1098 adjungit
779 1046 792 1082 :
826 1045 845 1076 ι
871 1025 1045 1080 donec
1071 1034 1235 1096 ponat
1262 1025 1317 1077 in
1350 1032 1496 1079 terra
1519 1023 1787 1094 judicium
1808 1066 1822 1087 ,
1856 1032 1911 1080 et

2034 1029 2243 1100 [ιλιάσιν
2276 1029 2482 1082 Ἰούδα·
2520 1029 2585 1081 ἐκ
2610 1027 2704 1081 006
2746 1046 2835 1100 μοι
2885 1028 3222 1093 ἐξελεύσεται
3265 1027 3585 1099 ἡγούμενος,

335 1121 391 1177 in
432 1121 654 1175 nomine
691 1120 813 1190 ejus
845 1129 1034 1189 gentes
1063 1117 1367 1188 sperabunt
1393 1116 1477 1172 “:
1511 1132 1530 1164 ι
1568 1116 1624 1171 in
1654 1116 1742 1171 his
1772 1115 1910 1171 Pro—

2034 1128 2160 1189 ἱστις
2192 1127 2447 1195 ποιμανεῖ
2481 1123 2574 1177 16v
2622 1123 2749 1177 λαόν
2807 1141 2905 1193 μου
2951 1123 3044 1176 τὸν
3096 1122 3345 1193 Ἰσραήλ·
3399 1122 3495 1174 καὶ
3534 1124 3590 1175 αἰ

336 1212 498 1282 pheta
550 1210 661 1280 jam
714 1209 957 1265 secundo
1000 1219 1189 1277 gentes
1238 1207 1293 1260 in
1335 1204 1556 1261 Christo
1599 1215 1912 1276 speraturas

2034 1213 2177 1278 ἰξοδοι
2211 1212 2374 1266 66106
2413 1212 2668 1285 ἀπαρχῆς
2713 1212 2772 1278 ἐξ
2806 1210 3026 1283 ἡμερῶν
3072 1210 3284 1274 αἰῶνος.
3310 1230 3330 1263 ι
3372 1211 3593 1281 Ὠμολό-

336 1303 519 1374 ponit,
552 1318 676 1356 cum
734 1302 988 1370 superius
1016 1302 1150 1356 illud
1182 1300 1423 1356 dixerit:
1466 1318 1485 1352 ι
1527 1300 1584 1354 in
1619 1301 1739 1369 ipso
1781 1315 1914 1371 gen-

2034 1321 2179 1375 m16'.
2206 1304 2262 1357 δέ
2298 1302 2450 1375 παρά
2484 1305 2596 1366 τοῖς
2623 1304 2808 1367 πᾶσιν,
2848 1303 2930 1355 ὅτι
2962 1303 3019 1355 ἐν
3053 1301 3305 1373 Βηθλεέμ
3330 1301 3590 1373 ἐγεννήθη

337 1404 421 1451 tes
447 1395 747 1464 sperabunt
773 1394 838 1446 ³⁷.
867 1405 884 1437 ι
917 1390 1017 1448 Hic
1049 1408 1179 1447 vero
1208 1411 1221 1447 :
1252 1412 1271 1445 ι
1302 1395 1357 1446 ἱιι
1386 1393 1608 1447 nomine
1633 1392 1753 1461 ejus
1782 1409 1916 1463 gen-

2034 1395 2234 1466 Ἰησοῦς
2256 1398 2284 1448 6
2310 1395 2562 1467 Χριστὸς,
2594 1396 2669 1457 ὡς
2693 1395 2788 1448 καὶ
2819 1395 3081 1465 σπήλαιον
3111 1393 3419 1447 δείκνυσθαι
3458 1394 3596 1465 πρὸς

336 1495 421 1542 tes
450 1486 767 1557 sperabunt.
806 1504 824 1538 ι
854 1484 1030 1538 Etiam
1067 1485 1170 1555 ipsi
1206 1483 1375 1539 David
1404 1485 1612 1539 dictum
1638 1496 1722 1539 est
1753 1484 1820 1552 ³⁸,
1848 1483 1917 1539 de

2034 1485 2129 1539 τῶν
2152 1485 2458 1558 ἐπιχωρίων
2490 1486 2674 1540 αὐτόθι
2696 1490 2808 1549 τοῖς
2831 1486 2925 1538 ἐπὶ
2954 1485 3081 1538 θέαν
3107 1484 3216 1538 61:6
3245 1485 3343 1555 τῆς
3364 1484 3592 1538 ἀλλοδα-

339 1577 520 1633 l’ructu
549 1578 756 1633 ventris
782 1577 904 1646 eius
932 1576 1310 1632 suscitandum
1340 1591 1462 1632 esse
1490 1577 1779 1646 quemdam
1804 1615 1819 1639 ,
1847 1574 1917 1629 de

2034 1577 2127 1648 τῆς
2145 1577 2581 1648 ἀφικνουμένοις.
2615 1577 2723 1630 K61
2753 1578 2780 1628 6
2819 1577 2915 1648 μὲν
2940 1577 3103 1640 τόπος
3133 1570 3308 1643 οὗτος,
3351 1576 3479 1631 ἔνθα
3505 1595 3601 1646 γε·

338 1684 450 1740 quo
481 1669 743 1740 deinceps
773 1670 849 1724 ait
874 1668 1020 1725 Deus
1047 1687 1060 1722 :
1110 1687 1128 1719 ι
1160 1667 1280 1739 Ipse
1312 1668 1587 1722 invocabit
1613 1682 1729 1730 me,
1763 1673 1921 1737 pater

2034 1669 2310 1741 γεννῆσθαι
2335 1669 2580 1741 ἔμελλεν,
2606 1670 2902 1742 προείρητο
2919 1687 2932 1701 ·
2956 1671 3044 1734 τίς
3073 1670 3127 1723 δέ
3150 1670 3244 1723 καὶ
3277 1670 3601 1742 λευκότερον

342 1777 497 1817 meus
527 1778 587 1817 es
620 1771 675 1816 tu
696 1804 711 1829 ,
743 1771 799 1817 et
823 1776 926 1833 ego
956 1762 1380 1832 primogenitum
1411 1775 1607 1831 ponam
1641 1775 1765 1815 eum
1790 1760 1857 1814 ³³.
1893 1779 1911 1812 ι

2034 1764 2047 1815 5
2084 1762 2309 1825 Ἡσαΐας
2342 1763 2674 1833 παρίστησι,
2715 1762 2780 1815 δι’
2810 1764 3146 1833 αἰνιγμάτων
3184 1763 3283 1835 μὲν
3326 1762 3436 1834 (1),
3472 1764 3602 1816 ὅταν

341 1851 478 1907 Nam
509 1852 577 1909 de
615 1854 716 1907 hoc
750 1869 946 1909 rursus
975 1853 1179 1907 dictum
1222 1860 1306 1907 est
1336 1870 1349 1905 :
1377 1869 1397 1902 ι
1433 1850 1496 1904 Et
1542 1851 1918 1905 dominabitur

2034 1853 2185 1924 ιέγῃο
2222 1872 2240 1903 ι
2281 1852 2475 1923 Κύριε,
2507 1852 2592 1916 τίς
2619 1854 2907 1907 ἐπίστευσε
2942 1857 3007 1925 τῇ
3047 1833 3195 1925 ἀκοῇγ
3226 1854 3404 1925 ἡμῶν,
3453 1857 3546 1908 καὶ
3575 1857 3603 1907 6

341 1959 373 1998 ει
405 1946 541 1998 mari
578 1960 751 2014 usque
779 1944 846 1998 ad
881 1958 1032 1998 mare
1057 1985 1071 2008 ,
1117 1952 1171 1998 et
1213 1960 1244 1997 a
1285 1941 1604 1998 ﬂuminibus
1646 1959 1820 2013 usque
1847 1945 1916 1998 ad

2034 1943 2256 2016 Βραχίων
2313 1945 2519 2015 Κυρίου
2580 1944 2683 1996 τίνι
2738 1944 3139 2016 ἀπεκαλύφθη;
3198 1946 3604 2016 άνηγγείλαμεν

340 2036 607 2091 terminos
634 2036 784 2090 orbis
811 2043 972 2090 terra:
998 2034 1065 2089 ⁸⁸.
1101 2054 1119 2087 ι
1147 2033 1209 2087 Ει
1236 2050 1428 2089 rursus
1457 2053 1470 2089 :
1503 2054 1521 2085 ι
1554 2032 1755 2089 Omnes
1786 2051 1918 2106 gen-

2034 2036 2258 2089 ivav1i0v
2288 2036 2455 2089 66106
2484 2036 2558 2100 ὼς
2592 2037 2821 2101 παιδίον,
2855 2037 2931 2097 ὡς
2962 2038 3086 2108 ῥίζα
3118 2040 3176 2091 ἐν
3219 2040 3287 2109 γῇ
3318 2037 3550 2110 διψώσῃ.
3579 2057 3597 2090 ι

344 2136 428 2183 tes
458 2128 697 2183 servient
724 2127 774 2181 ei
797 2167 812 2187 ,
848 2133 901 2182 et
931 2126 1325 2182 benedicentur
1354 2127 1407 2180 in
1441 2136 1492 2181 te
1517 2142 1711 2182 omnes
1738 2128 1917 2183 tribus

343 2228 504 2272 terrae
538 2217 606 2272 “.
642 2237 660 2269 ι
687 2216 954 2271 Praeterea
985 2223 1165 2271 autem
1213 2216 1367 2270 locus
1408 2216 1626 2286 quidem
1668 2223 1854 2271 certus
1887 2230 1919 2269 a

350 2310 577 2365 Micliaea
609 2309 847 2373 canitur,
882 2310 937 2363 in
972 2325 1083 2379 quo
1111 2310 1157 2363 is
1184 2309 1432 2364 oriturus
1464 2308 1567 2373 sit,
1602 2309 1671 2364 de
1700 2323 1810 2379 quo
1841 2309 1921 2362 fe-

346 2409 664 2455 runturtot
707 2401 963 2455 vaticinia
994 2419 1006 2454 :
1037 2418 1055 2450 r
1088 2399 1155 2455 Et
1204 2409 1284 2462 tu,
1334 2401 1534 2470 inquit,
1578 2400 1916 2465 Bethlehem,

347 2496 544 2550 domus
574 2493 853 2563 Euphrata
874 2534 889 2557 ,
926 2491 1150 2546 minima
1177 2506 1238 2547 es
1271 2497 1330 2545 ut
1358 2493 1438 2547 sis
1470 2491 1525 2545 in
1549 2492 1793 2545 millibus
1818 2489 1919 2544 Ju-

346 2586 417 2641 da
443 2604 455 2638 :
483 2601 549 2639 ex
579 2594 631 2638 te
660 2584 793 2637 mihi
819 2583 1130 2654 egredietur
1151 2583 1292 2649 dux,
1326 2584 1419 2653 qui
1447 2592 1634 2653 pascet
1658 2584 1919 2652 populum

350 2693 531 2732 meum
581 2676 781 2743 Israel,
834 2688 887 2731 et
930 2677 1110 2731 exitus
1152 2676 1275 2744 ejus
1315 2676 1384 2729 ab
1423 2675 1582 2729 initio
1630 2690 1698 2729 ex
1728 2674 1922 2729 diebus

349 2769 531 2824 saeculi
556 2769 602 2806 δ’
629 2788 642 2823 :
679 2789 697 2819 ι
726 2774 780 2822 et
804 2782 996 2823 omnes
1027 2767 1379 2830 conﬁtentur,
1408 2766 1463 2819 in
1488 2764 1801 2821 Betlilehem
1831 2763 1923 2818 Je-

350 2876 470 2916 sum
503 2859 782 2915 Christum
813 2874 938 2913 esse
968 2867 1178 2913 natum.
1214 2858 1358 2925 Quin
1384 2858 1547 2913 etiam
1582 2857 1774 2911 incolae
1800 2858 1921 2926 ejus

349 2955 454 3007 loci
487 2954 802 3023 speluncam
832 2952 1033 3007 ibidem
1064 2960 1369 3007 monstrant
1398 2951 1465 3005 iis
1485 2992 1501 3017 ,
1529 2950 1623 3020 qui
1651 2951 1719 3005 ab
1742 2958 1924 3005 exter-

352 3048 437 3101 nis
478 3046 638 3101 terris
678 3044 930 3098 venerint
969 3044 1037 3098 ad
1085 3043 1485 3114 spectandum:
1526 3048 1579 3095 et
1620 3042 1776 3097 locus
1799 3042 1923 3112 qui—

350 3138 471 3193 dem
502 3137 591 3190 hic
618 3136 711 3191 ubi
746 3147 899 3192 ortus
928 3136 1050 3206 ejus
1077 3136 1294 3191 futurus
1323 3134 1456 3200 fuit,
1487 3134 1781 3204 praedictus
1817 3142 1921 3190 est.

352 3228 529 3300 Ipsius
560 3243 687 3283 vero
716 3236 872 3283 ortus
907 3228 1231 3281 miraculum
1258 3268 1271 3292 ,
1308 3242 1455 3281 nunc
1495 3226 1731 3281 obscure
1765 3240 1829 3279 ac
1867 3224 1927 3279 Ii-

351 3328 545 3392 gurale
563 3360 579 3386 ,
607 3334 755 3372 nunc
782 3319 942 3388 plane
968 3325 1023 3372 et
1054 3325 1241 3396 aperte
1269 3316 1423 3386 ponit
1451 3313 1622 3371 Isaias
1650 3334 1663 3369 :
1695 3315 1930 3370 obscure

353 3412 574 3483 quidem
598 3451 612 3473 ,
654 3412 745 3466 ubi
791 3411 902 3465 ait:
938 3429 957 3463 ι
991 3409 1258 3475 Domine,
1298 3409 1423 3479 quis
1448 3409 1683 3464 credidit
1717 3407 1930 3463 auditui

351 3502 589 3558 nostro?
629 3508 685 3557 et
732 3502 1021 3556 brachium
1069 3500 1284 3556 Domini
1338 3501 1426 3555 cui
1475 3501 1770 3555 revelatum
1810 3500 1932 3555 est?

355 3593 806 3647 annuntiavimus
855 3607 1040 3646 coram
1088 3608 1184 3656 eo,
1227 3591 1386 3661 quasi
1429 3592 1726 3661 puerulus,
1771 3589 1930 3660 quasi

354 3685 511 3740 radix
548 3686 603 3738 in
635 3691 781 3739 terra
812 3684 1025 3739 sitienti
1058 3683 1124 3738 ".
1157 3703 1176 3735 ι
1207 3682 1312 3735 Pro
1341 3697 1450 3752 quo
1484 3682 1677 3751 Aquila
1710 3681 1929 3752 quidem

356 3778 437 3832 sic
480 3777 870 3848 interpretatus
910 3785 1033 3833 est:
1071 3795 1091 3828 ι
1126 3775 1192 3829 Ει
1237 3775 1628 3846 praedicabitur
1669 3783 1931 3845 tanquam

359 3866 504 3935 quod
541 3867 709 3921 ubere
752 3867 994 3921 nutritur
1037 3866 1091 3919 in
1137 3863 1331 3918 faciem
1385 3864 1536 3933 ejus,
1579 3872 1634 3920 et
1674 3872 1932 3935 tanquam

356 3956 515 4033 radix
543 3956 610 4011 dc
634 3964 780 4012 terra
811 3957 978 4010 invia.
1010 3975 1029 4008 ι
1054 3954 1395 4010 ΤΙιεοιῘοιὶοῐι
1419 3972 1548 4012 vero
1572 3975 1588 4011 :
1612 3975 1631 4006 ε
1661 3955 1727 4009 Et
1748 3971 1936 4011 ascen-

359 4048 450 4104 det
481 4049 623 4104 sicut
649 4051 793 4119 quod
823 4050 963 4103 lacte
993 4049 1160 4102 alitur
1186 4064 1369 4103 coram
1399 4064 1465 4104 eo
1484 4087 1500 4113 ,
1526 4058 1580 4104 et
1606 4049 1749 4105 sicut
1778 4049 1934 4103 radix

360 4140 416 4193 in
448 4149 593 4195 terra
622 4141 848 4194 sitienti.
882 4159 900 4191 ι
932 4137 1033 4195 His
1063 4139 1209 4194 enim
1240 4141 1423 4195 verbis
1451 4154 1574 4193 cum
1601 4140 1932 4193 mentionem

362 4232 552 4287 fecerit
579 4231 844 4303 propheta
873 4231 942 4287 de
972 4231 1198 4285 brachio
1232 4229 1484 4295 Domini,
1516 4233 1659 4299 quod
1688 4236 1807 4284 erat
1837 4228 1934 4284 Dei

360 4321 597 4378 Verbum
623 4339 637 4375 :
669 4342 687 4374 ι
710 4321 907 4377 Coram
936 4336 1023 4385 eo,
1049 4322 1255 4391 inquit,
1302 4321 1749 4376 annuntiavimus
1777 4320 1934 4390 quasi

361 4416 648 4485 puerulum
702 4415 1030 4478 lactentem,
1080 4423 1134 4467 et
1180 4414 1273 4483 qui
1320 4414 1487 4468 ubere
1535 4415 1834 4477 nutriatur,
1881 4419 1934 4466 et

360 4506 520 4575 quasi
554 4505 792 4559 radicem
827 4504 894 4558 de
927 4511 1072 4558 terra
1108 4505 1295 4568 invia;
1330 4523 1348 4556 ι
1377 4504 1469 4559 ubi
1508 4505 1770 4573 puerulus
1810 4502 1935 4573 qui-
1967 4535 2009 4589 ο

362 4596 485 4649 dem
518 4595 637 4656 ille,
674 4595 769 4663 qui
800 4594 965 4648 ubere
993 4602 1157 4662 atque
1189 4594 1328 4647 lacte
1361 4595 1623 4656 nutritur,
1659 4595 1818 4664 plane
1843 4610 1935 4648 or-

365 4696 482 4740 tum
514 4686 721 4740 Christi
755 4686 1023 4740 declarat.
1063 4683 1232 4739 Terra
1266 4700 1397 4740 vero
1428 4686 1571 4739 invia
1604 4693 1658 4741 ct
1702 4686 1930 4749 sitiens,

360 4778 474 4848 98
503 4778 767 4847 virginem
813 4792 934 4847 quae
976 4777 1127 4830 illum
1175 4776 1335 4830 enixa
1366 4785 1479 4842 est,
1526 4792 1690 4847 quam
1725 4778 1937 4832 scilicet

363 4868 547 4922 nullus
575 4869 659 4921 vir
688 4867 856 4933 adiit,
884 4866 951 4921 de
978 4883 1086 4936 qua
1112 4868 1363 4937 quamvis
1393 4868 1538 4923 invia
1561 4906 1576 4933 ,
1602 4869 1819 4923 laudata
1847 4868 1938 4922 illa

365 4959 521 5013 radix
565 4958 804 5028 prodiit,
847 4966 905 5014 et
949 4960 1042 5029 qui
1088 4960 1296 5025 ubere,
1339 4960 1588 5030 Iacteque
1636 4961 1937 5014 nutriretur

363 5052 650 5121 puerulus.
686 5050 888 5111 Verum
920 5051 1037 5107 haac
1069 5053 1391 5108 adumbrate
1425 5051 1719 5106 admodum
1764 5051 1937 5122 signi-

364 5140 582 5195 ﬁcavit:
634 5142 879 5210 apertius
926 5155 1058 5195 vero
1100 5140 1241 5195 idcm
1290 5141 1558 5210 propheta
1609 5141 1934 5199 sententiam

363 5244 519 5284 suam
563 5229 979 5299 interpretatur,
1014 5230 1106 5284 ubi
1141 5231 1254 5284 ait:
1287 5249 1306 5282 ι
1340 5230 1481 5284 Ecce
1508 5230 1662 5299 virgo
1691 5228 1744 5282 in
1760 5233 1938 5301 .utero

363 5320 572 5390 capiet,
603 5329 657 5377 et
688 5320 864 5391 pariet
899 5322 1102 5387 tilium,
1127 5329 1182 5377 et
1208 5322 1479 5376 vocabunt
1510 5334 1711 5376 nomen
1768 5319 1889 5388 ejus
1913 5336 1932 5369 ι

2032 2128 2170 2181 Ἀνθ’
2198 2124 2260 2181 06
2299 2131 2327 2182 6
2367 2129 2465 2199 μὲν
2516 2129 2747 2192 Ἀκύλας
2787 2131 3133 2201 ήρμήνευσεν
3179 2130 3381 2193 οὕτως’
3432 2150 3452 2181 ι
3492 2132 3606 2183 K61

2020 2220 2459 2292 ἀναρρηθήσεται
2486 2222 2561 2285 ὡς
2586 2221 2951 2291 τιτθιζόμενον
2978 2224 3058 2284 εἰς
3091 2222 3379 2293 πρόσωπον
3405 2219 3599 2283 66106,

2020 2311 2115 2365 καὶ
2164 2312 2240 2375 ὡς
2273 2311 2396 2383 ῥίζα
2450 2312 2557 2365 61:6
2602 2313 2705 2383 γῆς
2758 2312 2961 2365 ἀϐάτου
2996 2329 3009 2341 ’
3045 2331 3063 2363 ι
3100 2313 3129 2365 6
3171 2310 3227 2364 δὲ
3270 2310 3602 2363 Θεοδοτίωνο

2027 2422 2045 2455 ‹
2076 2403 2168 2456 καὶ
2220 2403 2553 2473 ἀναϐήσεται
2592 2404 2669 2466 ὡς
2712 2403 2942 2474 θηλάζον
2985 2400 3213 2455 ἐνώπιον
3270 2401 3467 2465 66106,
3509 2401 3609 2453 καὶ

2022 2496 2097 2559 ὡς
2124 2494 2247 2566 ῥίζα
2268 2498 2325 2548 ἐν
2348 2498 2419 2566 γῇ
2443 2494 2670 2567 διψώσῃ.
2700 2515 2718 2546 ι
2744 2495 2843 2548 Διά
2870 2494 2977 2566 γὰρ
2998 2494 3201 2548 τούτων
3229 2493 3611 2564 μνημονεύσας

2021 2588 2050 2639 6
2083 2588 2367 2660 προφήτης
2400 2586 2493 2640 τοῦ
2537 2586 2818 2657 βραχίονος
2861 2585 2955 2639 τοῦ
2994 2586 3233 2656 Κυρίου,
3260 2585 3320 2648 6;
3349 2580 3418 2655 ἦν
3448 2587 3478 2638 6
3507 2583 3609 2638 106

2023 2678 2158 2732 Θεοῦ
2187 2679 2363 2747 λόγος,
2393 2698 2411 2729 ι
2446 2678 2706 2731 Ἐνώπιον
2733 2678 2921 2740 66106,
2954 2697 2971 2729 ι
3018 2679 3202 2748 φησὶν,
3237 2696 3255 2729 ι
3282 2677 3612 2747 ἀνηγγείλα-

2029 2789 2127 2843 μεν
2159 2772 2235 2835 ὠς
2276 2771 2487 2824 παιδίον
2532 2771 2761 2843 θηλάζον
2797 2773 2887 2824 καί¹
2943 2771 3344 2842 τιτθιζόμενον,
3389 2770 3483 2823 καὶ
3534 2769 3613 2833 ὡς

2029 2863 2182 2935 ῥίζαν
2208 2863 2316 2917 61:6
2342 2863 2445 2933 γῆς
2472 2862 2693 2917 ἀϐάτου.
2720 2882 2737 2912 ι
2769 2862 2841 2915 Τὸ
2871 2863 2966 2933 μὲν
2992 2860 3085 2915 οὖν
3114 2861 3323 2915 παιδίον
3347 2862 3407 2912 16
3436 2859 3615 2913 τιτθι-

2028 2952 2253 3025 ζόμενον
2278 2955 2372 3007 καὶ
2408 2953 2638 3023 θηλάζον
2671 2954 2929 3025 ἄντικρυς
2958 2954 3056 3024 τὴν
3092 2953 3305 3021 γένεσιν
3347 2951 3443 3004 106
3474 2952 3617 3023 Χρι-

2032 3045 2158 3098 0106
2186 3045 2363 3115 δηλοῖ’
2401 3048 2433 3114 ὴ
2465 3046 2520 3098 δὲ
2540 3045 2610 3115 γῆ
2641 3043 2840 3108 ἄϐατος
2868 3045 2962 3097 καὶ
2989 3043 3197 3113 διψῶσα
3227 3042 3323 3113 τὴν
3361 3043 3615 3114 ἀποκυή-

2032 3151 2199 3188 σασαν
2248 3134 2410 3187 αὑτὸν
2444 3133 2709 3205 παρθένον
2735 3172 2750 3196 ,
2865 3132 3037 3195 οὐδεὶς
3069 3131 3207 3204 ἀνὴρ
3253 3131 3615 3201 ἐπιϐέϐηκεν,

2031 3228 2121 3295 ἀφ’
2162 3221 2249 3298 ἦς,
2297 3225 2498 3295 καίπερ
2546 3224 2746 3277 ἀϐάτου
2801 3222 3218 3292 τυγχανούσης,
3255 3220 3525 3293 προῆλθεν
3579 3221 3617 3291 ἡ

2030 3317 2372 3389 εὐλογημένη
2422 3314 2565 3386 ῥίζα,
2609 3316 2703 3368 καὶ
2731 3314 2792 3367 16
2834 3311 3201 3384 τιτθιζόμενον
3238 3312 3330 3365 καί⁵
3376 3310 3617 3382 θηλάζον

2032 3409 2260 3464 παιδίον.
2312 3408 2470 3461 Ἀλλά
2515 3407 2689 3461 ταῦτα
2734 3406 2835 3476 μὲν
2883 3405 3327 3475 ἐπεσκιασμένως
3358 3402 3615 3473 ᾐνίξατοο

2031 3501 2363 3571 γυμνότερον
2396 3498 2452 3551 δέ
2480 3500 2508 3552 6
2537 3496 2701 3560 6616;
2727 3495 3019 3567 ἐρμηνεύει
3047 3496 3335 3567 προφήτης
3362 3494 3463 3565 τὴν
3494 3493 3618 3546 6:6-

2032 3608 2201 3652 νοιαν,
2243 3591 2327 3643 ἐπ’
2363 3589 2427 3643 ἂν
2474 3589 2647 3662 λέγῃ·
2688 3606 2706 3638 ι
2748 3587 2878 3639 Ἰδοὺ
2920 3588 2953 3655 ἡ
3002 3584 3268 3655 παρθένος
3313 3586 3372 3637 ἐν
3413 3586 3619 3654 γαστρὶ

2031 3679 2283 3749 λήψεται,
2316 3680 2407 3732 7.61
2438 3678 2653 3743 τέξεται
2703 3677 2818 3729 υἱὸν
2838 3718 2851 3741 ,
2887 3676 2980 3729 καὶ
3013 3676 3299 3728 καλέσουσι
3329 3674 3392 3728 16
3437 3674 3619 3743 ὄνομα

2033 3771 2195 3823 66106
2246 3770 2363 3841 μεθ’
2400 3768 2555 3839 ήμῶν
2584 3772 2613 3822 6
2641 3768 2793 3831 Θεός.
2824 3788 2841 3817 ι
2871 3768 3039 3821 Τοῦτο
3069 3767 3179 3838 γάρ
3224 3764 3517 3837 ἐρμηνεύει
3554 3764 3622 3818 τὸ

2038 3881 2057 3913 ι
2102 3861 2466 3932 Ἐμμανουήλ.
2498 3880 2516 3912 ι
2546 3860 2783 3914 Τοιαῦτα
2799 3860 2927 3931 περὶ
2954 3859 3151 3929 τῆςείς
3183 3857 3503 3928 ἀνθρώπους
3521 3873 3621 3927 γε·

2033 3953 2234 4015 νέσεως
2262 3950 2357 4004 106
2392 3948 2626 4021 Χριστοῦ
2668 3949 2833 4004 πάλαι
2882 3949 3146 4020 πρότερον
3177 3949 3305 4017 παρ’
3344 3945 3622 4018 Ἑϐραίοις

2037 4041 2443 4113 μεμελετάσθω.
2498 4044 2644 4112 Μήτι
2681 4036 2773 4094 οὖν
2808 4038 3051 4104 ἐπίδοξόν
3094 4057 3216 4092 τινα
3257 4038 3548 4109 δυνάστην,
3583 4039 3619 4109 ἢ

2033 4133 2330 4204 τύραννον,
2366 4133 2400 4202 ἡ
2445 4130 2781 4194 τιναυάλλως
2819 4130 2928 4184 τῶν
2963 4130 3029 4183 τὰ
3067 4128 3277 4199 μεγάλα
3325 4126 3468 4181 κατά
3523 4127 3623 4181 τὸν

2036 4225 2148 4295 βίον
2181 4223 2513 4294 δυναμένων,
2534 4223 2626 4275 τὸν
2662 4221 3136 4294 προφητευόμενον
3169 4219 3623 4290 ὑπογράφουσινς

2034 4317 2134 4375 οὐκ
2166 4314 2312 4368 ἐστιν
2345 4316 2520 4367 εἰπεῖν
2543 4331 2554 4342 ·
2580 4314 2662 4366 ὅτι
2700 4312 2834 4384 μηδὲ
2860 4311 3030 4381 ἐφάνη
3054 4310 3313 4387 τοιοῦτος.
3343 4308 3481 4361 Ἀλλ’
3506 4302 3626 4371 οἷος

2035 4409 2205 4479 ἐφάνη
2231 4407 2309 4478 τῷ
2343 4407 2460 4478 βίῳ,
2483 4406 2721 4459 τοιοῦτον
2748 4404 2908 4458 αὑτὸν
2939 4403 3034 4456 καὶ
3058 4402 3350 4455 ἐθέσπισαν
3377 4399 3622 4463 ἔσεσθαι,

2033 4500 2133 4570 τῆς
2197 4496 2454 4567 ἀληθείας
2508 4498 2625 4549 κατ’
2677 4495 2828 4548 οὐδὲν
2890 4492 3360 4563 ἀπολελειμμένοι.
3431 4490 3623 4544 Εἰπὼν

2034 4591 2079 4644 δ’
2111 4586 2204 4643 06v
2236 4591 2264 4642 6
2286 4589 2514 4651 Ἡσαΐας
2533 4606 2546 4619 ·
2569 4607 2586 4638 ι
2613 4586 3033 4658 Ἀνηγγείλαμεν
3066 4584 3292 4637 ἐνώπιον
3326 4581 3513 4644 66106,
3546 4583 3628 4645 ὡς

2041 4682 2271 4743 παιδίον,
2306 4682 2380 4744 ὡς
2411 4680 2532 4750 ῥίζα
2565 4682 2623 4732 ἐν
2648 4681 2720 4750 γῇ
2753 4677 2959 4748 διψώσῃ
2979 4694 2992 4707 ·
3037 4696 3054 4727 ι
3090 4675 3214 4745 ἑξῆς
3246 4675 3503 4726 συνάπτει
3535 4673 3630 4724 λέ-

2041 4792 2182 4845 γων·
2217 4793 2235 4826 ι
2263 4774 2377 4827 Οὐκ
2406 4772 2553 4827 ἐστιν
2592 4767 2732 4833 εἶδος
2761 4769 2909 4841 αὐτῷ
2940 4769 3062 4822 οὐδὲ
3086 4768 3214 4831 δόξα
3232 4783 3245 4796 ⁸
3282 4767 3375 4825 καὶ
3406 4765 3626 4834 εἴδομεν

2044 4865 2230 4929 αὐτὸν,
2269 4866 2364 4919 καὶ
2392 4864 2492 4917 ούκ
2525 4858 2669 4932 εἶχεν
2703 4855 2843 4925 εἶδος
2894 4860 3015 4912 οὐδὲ
3044 4858 3271 4921 κάλλος·
3323 4855 3419 4908 καὶ
3450 4851 3517 4924 ἦν
3562 4855 3627 4907 τὸ

2044 4953 2182 5020 εἶδος
2226 4954 2391 5011 66106
2437 4954 2628 5023 ἄτιμον
2677 4954 2770 5005 καὶ
2816 4950 3063 5004 ἐκλεῖπον
3094 4946 3243 5018 παρὰ
3296 4946 3421 5008 τοὺς
3474 4946 3627 5009 υἱοὺς

2042 5044 2149 5097 τῶν
2183 5042 2506 5116 ἀνθρώπων.
2541 5041 2879 5110 Ἀνθρωπος,
2906 5041 2963 5091 ἐν
2990 5037 3171 5107 πληγῇ
3207 5034 3303 5099 ὣν,
3335 5034 3429 5086 καὶ
3465 5032 3626 5096 εἰδὼς

2043 5135 2228 5209 φέρειν
2265 5134 2535 5205 μαλακίαν
2557 5175 2571 5195 ,
2609 5130 2907 5201 ὴτιμάσθη,
2944 5129 3038 5181 καὶ
3074 5128 3174 5180 οὐκ
3202 5125 3475 5194 ἐλογίσθη.
3505 5144 3521 5174 ι
3558 5124 3626 5176 Τί

2043 5223 2134 5281 οὖν
2178 5226 2425 5280 λείπεται
2480 5223 2571 5276 ἐπὶ
2617 5220 2854 5286 τούτοις;
2901 5220 2964 5272 Εἰ
3012 5218 3119 5289 γάρ
3152 5219 3408 5288 προεῖπον
3453 5213 3624 5268 66106

2046 5318 2217 5390 φυλὴν
2238 5358 2254 5383 ,
2299 5317 2394 5371 καὶ
2444 5314 2632 5383 γένος,
2680 5314 2776 5369 καὶ
2807 5311 3004 5384 τρόπον
3037 5308 3335 5380 γενέσεως,
3385 5306 3478 5360 καὶ
3523 5305 3626 5375 τῆς

434 5479 478 5509 ⁸⁸
511 5477 614 5532 Isa.
640 5492 776 5537 xui,
805 5478 855 5531 I.
910 5475 1134 5547 ,“ibid.
1160 5477 1212 5537 4.
1289 5477 1330 5507 ³⁷
1364 5475 1466 5531 Isa.
1495 5492 1572 5540 xl,
1599 5476 1686 5532 IO.
1760 5474 1806 5547 f'
1827 5473 1867 5547 l_l
1891 5477 2022 5547 Reg.
2062 5490 2156 5539 vn,
2186 5472 2270 5527 I2.
2347 5472 2390 5504 ³⁹
2422 5469 2566 5525 Psal.
2591 5482 2856 5531 Lxxxvm,
2879 5466 3072 5528 27,28.
3149 5466 3193 5497 ‘°
3223 5463 3366 5522 Psal.
3394 5478 3545 5527 Lm,
3566 5459 3623 5515 8.

365 5546 406 5589 δ’
462 5548 594 5603 ibid.
626 5547 712 5609 II,
744 5548 831 5601 IT.
905 5546 949 5578 “
979 5545 1136 5601 Mich.
1177 5565 1226 5610 v,
1264 5546 1317 5601 2.
1392 5548 1436 5579 ⁸³
1462 5547 1566 5604 Isa.
1604 5562 1720 5611 ιιιι,
1759 5545 1879 5613 με.

437 5711 510 5781 (1)
553 5710 705 5773 Mss"
742 5712 852 5775 Τοῖις
884 5712 941 5765 δὲ
962 5712 1226 5781 γενέσεως
1254 5708 1418 5763 66106
1447 5709 1507 5760 16
1551 5706 1652 5761 θαῦ
1755 5745 1768 5766 .
1810 5703 1940 5757 ποτὲ

444 5801 466 5833 ν
488 5783 553 5836 δι’
575 5765 929 5836 αἰνιγμάτων.
959 5783 1089 5836 ποτὲ
1117 5782 1172 5836 δὲ
1199 5781 1291 5835 7.61
1313 5779 1631 5836 λευκότερον
1656 5725 1940 5836 Ησαῖας

370 5775 466 5859 μὲν
488 5775 553 5841 δι’
575 5775 929 5854 αἰνιγμάτων,
959 5775 1089 5838 ποτὲ
1117 5782 1172 5837 δὲ
1199 5781 1291 5835 7.61
1313 5779 1631 5855 λευκότερον
1656 5775 1685 5836 6
1717 5775 1943 5837 Ἡσαΐας

2048 5701 2364 5783 παρίστησι,
2399 5699 2463 5751 δι’
2492 5696 2828 5769 αἰνιγμάτων
2859 5697 2977 5767 μέν,
3010 5712 3065 5749 κ.
3106 5711 3158 5749 τ.
3185 5693 3258 5759 λ.,
3292 5700 3346 5747 et
3382 5691 3463 5748 sic
3497 5691 3623 5763 legit

2052 5784 2343 5843 interpres.
