3828 6216
1177 297 1831 356 DEMONSTRATIONIS
1871 293 2330 353 EVANGELICE
2370 294 2499 350 LIB.
2541 292 2636 348 Ill.

3414 287 3510 345 189

261 411 549 484 Παρθένου
582 414 645 469 τὸ
678 414 865 487 θαῦμα
904 416 1000 471 καὶ
1033 417 1149 487 βίου
1190 418 1420 491 τρόπον,
1458 417 1747 471 ἀκόλουθον
1780 413 1849 489 ἦν

1951 415 2245 470 Nobiscum
2269 413 2432 476 Deus,
2457 413 2562 468 hoc
2580 410 2726 468 enim
2748 408 3018 481 signiﬁcat
3033 425 3053 459 ι
3075 405 3473 461 Emmanuel“.
3491 426 3510 459 ι

258 504 390 576 ἑξῆς
422 504 560 577 μηδὲ
580 505 683 576 τὴν
713 507 970 581 τελευτὴν
1004 510 1390 581 ἀποσιωπῆσαι
1428 508 1612 562 αὐτοῦ.
1649 510 1714 561 Τί
1751 505 1845 563 οὖν

259 599 355 651 καί
396 597 527 668 περὶ
576 598 784 669 ταύτης
840 600 1070 665 Ἡσαΐας
1117 601 1397 667 θεσπίζει;
1436 619 1455 653 ι
1495 599 1841 671 Ἀνθρωπος,

258 691 426 761 φησιν
446 730 463 756 ,
503 693 565 743 ὲν
592 689 774 762 πληγῇ
808 689 917 756 ὣν,
972 694 1068 747 καὶ
1125 692 1279 757 είδὼς
1311 694 1502 766 φέρειν
1535 693 1806 765 μαλακίαν
1826 733 1841 758 ,

255 780 539 852 ἡτιμάσθη
586 780 681 834 καὶ
720 782 822 834 οὐκ
893 782 1165 854 ἐλογίσθη.
1222 776 1393 848 Οὗτος
1433 783 1533 848 τὰς
1572 783 1846 855 ἁμαρτίας

254 872 416 943 ἡμῶν
464 873 654 946 φέρει,
703 875 961 946 καὶπερὶ
996 875 1156 947 ἡμῶν
1212 876 1498 931 όδυνᾶται·
1533 877 1630 929 καὶ
1683 878 1845 948 ἡμεῖς

254 965 626 1036 ἐλογισάμεθα
656 967 817 1020 αὐτὸν
851 964 989 1021 εἶναι
1020 969 1078 1023 ὲν
1111 969 1259 1038 πόνῳ
1286 969 1379 1022 καὶ
1414 970 1474 1021 ὲν
1510 970 1715 1040 πληγῇ,
1749 969 1843 1022 καὶ

252 1059 313 1110 ὲν
344 1057 623 1110 κακώσει·
656 1058 818 1122 αὐτὸς
846 1059 905 1111 δὲ
954 1060 1362 1131 ἐτραυματίσθη
1405 1060 1493 1115 διὰ
1530 1061 1630 1125 τὰς
1662 1062 1843 1133 ἁμαρ-

249 1149 376 1212 τίας
404 1149 585 1220 ἡμῶν,
620 1149 714 1203 καὶ
742 1150 1145 1221 μεμαλάκισται
1165 1150 1253 1204 διὰ
1280 1151 1380 1215 τὰς
1411 1150 1642 1221 ἀνομίας
1661 1150 1837 1222 ἡμῶν.

251 1239 486 1293 Παιδεία
512 1240 740 1311 εἰρήνης
770 1239 930 1311 ἡμῶν
956 1243 1043 1294 ἐπ’
1076 1241 1260 1305 αὐτὸν,
1294 1241 1372 1312 τῷ
1404 1240 1630 1312 μώλωπι
1673 1240 1838 1294 αὐτοῦ

249 1335 415 1404 ἡμεῖς
465 1333 717 1406 ίάθημεν.
767 1334 976 1397 Πάντες
1016 1333 1093 1397 ὡς
1131 1333 1378 1405 πρόϐατα
1414 1333 1799 1406 ὲπλανήθημεν
1822 1373 1837 1397 ,

248 1424 346 1478 καὶ
373 1425 582 1496 Κύριος
613 1426 929 1498 παρέδωκεν
967 1424 1133 1479 αὐτὸν
1162 1427 1284 1489 ταῖς
1312 1425 1608 1496 ἁμαρτίαις
1645 1424 1801 1496 ἡμῶν
1821 1440 1835 1454 ·

247 1518 349 1570 καὶ
372 1517 539 1581 αὐτὸς
565 1517 654 1571 διὰ
685 1519 747 1572 τὸ
778 1516 1129 1571 κεκακῶσθαι
1162 1518 1263 1571 οὐκ
1307 1516 1511 1586 ἀνοίγει
1556 1517 1619 1570 τὸ
1666 1518 1839 1587 στόμα

249 1607 442 1662 αὑτοῦ.
491 1610 579 1672 Ὧς
610 1609 881 1680 πρόϐατον
911 1610 1006 1663 ἐπὶ
1041 1608 1254 1681 σφαγὴν
1277 1608 1437 1679 ἡχθη,
1455 1609 1548 1662 καὶ
1570 1608 1646 1672 ὡς
1670 1609 1837 1679 ἀμνὸς

240 1699 433 1753 ἔναντι
463 1699 560 1753 τοῦ
597 1701 873 1772 κείροντος
913 1700 1146 1770 ἄφωνος,
1185 1698 1358 1763 οὕτως
1399 1699 1500 1752 οὐκ
1540 1699 1745 1768 ἀνοίγει
1776 1699 1838 1752 τὸ

1950 507 2103 562 Talia
2136 506 2204 562 de
2228 505 2436 562 Christi
2467 503 2611 575 apud
2641 496 2891 558 homines
2923 499 3135 570 origine
3165 498 3375 568 antiqui
3410 496 3510 552 He-

1946 601 2221 655 braeorum
2266 598 2544 670 pr0phetae
2588 594 3009 650 meditabantur.
3056 589 3316 659 Nunquid
3352 589 3511 659 igitur

1945 692 2214 746 illustrem
2250 689 2538 761 quemdam
2570 687 2870 758 principem
2892 725 2908 751 ,
2946 690 3040 738 aut
3065 693 3357 755 tyrannum
3379 719 3394 743 ,
3423 686 3512 733 aut

1944 782 2149 853 alioqui
2201 797 2371 837 unum
2418 795 2644 842 eorum,
2699 776 2792 847 qui
2844 776 3138 846 plurimum
3189 780 3417 843 possunt
3458 772 3514 825 in

1942 875 2091 938 vita,
2140 888 2266 928 eum
2310 872 2378 927 de
2420 885 2531 941 quo
2574 869 2948 923 vaticinantur
2994 864 3356 920 describunt?
3403 876 3514 916 non

1943 972 2125 1036 potest
2151 963 2298 1018 dici:
2330 964 2590 1032 quoniam
2624 974 2695 1014 ne
2737 955 2990 1028 apparuit
3028 954 3249 1025 quidem
3296 949 3507 1020 aliquid

1942 1058 2068 1113 tale.
2093 1055 2201 1112 Sed
2229 1056 2408 1126 qualis
2435 1056 2553 1125 ipse
2580 1052 2731 1106 visus
2756 1058 2841 1105 est
2866 1050 2977 1103 vita
2997 1090 3012 1113 ,
3039 1046 3201 1100 talem
3228 1044 3359 1099 item
3387 1056 3513 1097 eum

1944 1149 2061 1205 fore
2091 1148 2447 1213 cecinerunt,
2480 1145 2584 1199 hac
2619 1142 2809 1212 utique
2838 1142 2892 1193 in
2936 1155 2997 1192 re
3036 1137 3174 1191 nihil
3214 1150 3246 1189 a
3284 1135 3514 1189 veritate

1943 1241 2285 1296 aberrantes.
2328 1238 2625 1308 Postquam
2652 1251 2781 1305 ergo
2809 1232 2978 1287 Isaias
3018 1232 3154 1286 dixit
3185 1249 3197 1283 :
3234 1248 3252 1279 ι
3281 1229 3513 1283 Annuu-

1940 1332 2199 1388 tiavimus
2241 1345 2425 1385 coram
2467 1344 2571 1391 eo,
2611 1325 2770 1397 quasi
2814 1323 3112 1393 puerulus,
3158 1320 3318 1390 quasi
3359 1316 3513 1372 radix

1940 1424 1997 1479 in
2041 1432 2187 1479 terra
2235 1420 2446 1477 sitienti
2486 1420 2552 1485 “,
2588 1438 2608 1471 ι
2639 1418 2900 1486 deinceps
2946 1413 3231 1484 adjungit,
3283 1411 3508 1466 dicens:

1947 1535 1966 1567 ι
1995 1515 2113 1571 Non
2160 1527 2245 1570 est
2292 1514 2503 1584 species
2551 1512 2635 1578 ei,
2687 1525 2866 1581 neque
2907 1508 3125 1580 gloria:
3167 1514 3222 1560 et
3267 1503 3510 1559 vidimus

1941 1623 2063 1664 eum
2081 1647 2094 1671 ,
2119 1615 2175 1662 et
2205 1622 2314 1661 non
2342 1605 2535 1660 habuit
2558 1604 2792 1676 speciem
2818 1615 2994 1670 neque
3016 1595 3506 1669 pulchritudinem:

1941 1705 1997 1752 et
2028 1696 2133 1751 fuit
2160 1696 2372 1766 species
2405 1694 2526 1764 ejus
2562 1693 2683 1748 sine
2709 1691 2921 1745 honore
2950 1687 3212 1743 deficiens
3241 1700 3352 1755 prae
3385 1683 3510 1737 ﬁliis

247 1789 459 1860 στόμα’
510 1789 610 1861 τὴν
647 1790 840 1858 γενεὰν
892 1788 1057 1841 αὐτοῦ
1102 1786 1189 1851 τίς
1239 1786 1587 1858 διηγήσεται;
1632 1786 1714 1838 ὅτι
1756 1784 1871 1838 αῑι

1941 1789 2247 1843 hominum.
2276 1786 2452 1842 Homo
2474 1799 2597 1839 cum
2625 1783 2778 1854 plaga
2807 1788 2953 1837 esset
2972 1821 2987 1845 ,
3015 1779 3196 1834 sciens
3224 1777 3365 1833 ferre
3392 1776 3512 1828 lan-

249 1897 403 1952 ρεται
460 1881 569 1934 ἀπὸ
610 1881 711 1952 τῆς
748 1880 854 1951 γῆς
904 1882 937 1951 ἡ
974 1878 1089 1951 ζωὴ
1121 1877 1319 1933 αὐτοῦ’
1364 1897 1383 1929 ι
1410 1877 1519 1953 καὶ⁵
1554 1876 1623 1930 τὰ
1654 1876 1835 1930 λοιπά.

246 1971 515 2041 Σημαίνει
571 1971 631 2025 δὲ
686 1971 775 2025 διὰ
844 1970 1088 2032 τούτων,
1151 1970 1228 2034 ὡς
1298 1969 1406 2041 ἄρα
1465 1970 1495 2021 ὁ
1560 1970 1834 2041 Χριστὸς,

245 2060 408 2124 ἐκτὸς
486 2061 669 2133 πάσης
734 2062 995 2134 ὑπάρχων
1059 2061 1472 2133 πλημμελείας,
1533 2060 1633 2124 τὰς
1698 2062 1837 2134 ὑπὲρ

245 2152 555 2225 ἀνθρώπων
620 2156 899 2227 ἁμαρτίας
961 2158 1041 2219 είς
1104 2156 1294 2208 ἑαυτὸν
1352 2152 1688 2218 ἀναδέξεται.
1747 2155 1837 2207 Διὸ

246 2247 343 2299 καὶ
427 2245 679 2299 πείσεται
747 2245 817 2299 τὰ
890 2246 998 2300 τῶν
1074 2244 1475 2318 ἡμαρτηκότων
1540 2244 1635 2297 καὶ¹
1698 2244 1837 2316 ὑπὲρ

243 2336 405 2407 ἡμῶν
436 2336 847 2408 όδυνηθὴσεται,
875 2337 988 2390 ἀλλ’
1016 2337 1115 2407 οὐχ
1138 2337 1279 2408 ὑπὲρ
1313 2334 1528 2389 ἑαυτοῦ.
1563 2336 1627 2388 Et
1658 2334 1717 2389 δὲ
1742 2337 1837 2389 καὶ

241 2428 788 2501 τραυματισθήσεται
840 2428 1021 2497 λόγοις
1056 2427 1415 2499 βλασφήμοις,
1442 2428 1537 2481 καὶ
1566 2426 1712 2481 τοῦτ’
1743 2426 1834 2500 ἕρ-

240 2535 341 2587 γον
371 2520 528 2572 ἔσται
554 2518 661 2572 τῶν
688 2519 973 2591 ἡμετέρων
1005 2518 1288 2591 ἁμαρτιῶν
1313 2535 1326 2548 ·
1358 2519 1481 2571 ἐπεὶ
1525 2518 1621 2572 καὶ
1654 2536 1834 2590 μεμα-

240 2610 502 2664 λάκισται
525 2609 617 2663 διὰ
637 2610 736 2673 τὰς
759 2609 1035 2681 ἁμαρτίας
1069 2609 1247 2681 ἡμῶν,
1285 2611 1435 2674 ὅπως
1466 2611 1649 2681 ἡμεῖς,
1685 2611 1833 2664 ἀνει-

239 2700 477 2772 ληφότος
529 2699 695 2754 αὐτοῦ
735 2700 804 2754 τὰ
847 2702 1095 2774 ἡμέτερα
1125 2703 1546 2774 ἀμπλακὴματα
1572 2743 1586 2766 ,
1627 2702 1720 2756 καὶ
1765 2701 1835 2755 τὰ

237 2792 343 2863 τῆς
363 2793 641 2865 ἡμετέρας
685 2797 885 2856 κακίας
931 2793 1244 2866 τραύματα,
1288 2793 1365 2865 τῷ
1405 2792 1632 2865 μώλωπι
1668 2793 1831 2848 αὑτοῦ

244 2884 507 2955 ίαθῶμεν.
539 2885 653 2938 Kai.
693 2883 763 2938 τὰ
800 2884 900 2956 μὲν
932 2885 1082 2938 αἴτια
1110 2879 1185 2939 ὧν
1224 2887 1355 2957 παρ’
1382 2884 1689 2957 ἀνθρώποις
1714 2886 1834 2938 πεί-

242 2992 401 3028 σεται
429 2977 458 3029 ὁ
492 2977 899 3049 ἀναμάρτητος,
924 2977 1100 3031 ταῦτα
1122 2975 1210 3049 ἦν.
1245 2977 1512 3031 Ἰουδαίων
1532 2977 1590 3031 δὲ
1608 2979 1714 3031 τῶν
1740 2979 1831 3032 τὸν

1940 1895 2163 1950 guorem
2205 1883 2557 1946 contemptus
2600 1884 2718 1941 est,
2767 1882 2821 1928 et
2854 1888 2964 1926 non
2997 1874 3353 1939 computatus
3384 1866 3452 1920 “.
3484 1885 3503 1916 ι

1939 1972 2078 2038 Quid
2125 1970 2193 2026 ad
2234 1971 2349 2024 hazc
2388 1969 2555 2039 igitur
2598 1965 2897 2036 superest?
2932 1962 3067 2017 Nam
3112 1976 3236 2017 cum
3280 1960 3427 2013 illius
3458 1967 3511 2011 et

1940 2069 2139 2120 tribum
2161 2106 2175 2130 ,
2205 2072 2258 2120 et
2288 2080 2490 2135 genus,
2515 2071 2569 2118 et
2599 2062 2820 2116 modum
2848 2059 3113 2115 nascendi
3140 2098 3155 2122 ,
3183 2065 3237 2112 et
3268 2056 3507 2127 Virginis

1938 2158 2266 2213 miraculum
2288 2197 2302 2220 ,
2333 2163 2388 2211 et
2421 2156 2548 2209 vita:
2579 2168 2786 2208 morem
2834 2152 3218 2223 praedixerint,
3260 2150 3511 2219 sequitur

1938 2248 2196 2318 deinceps
2223 2287 2238 2311 ,
2275 2254 2336 2301 ut
2365 2261 2433 2301 ne
2463 2252 2695 2299 mortem
2724 2244 2948 2315 quidem
2984 2241 3105 2313 ejus
3121 2241 3269 2296 taciti
3295 2249 3517 2312 praeter-

1935 2338 2118 2393 ierint.
2159 2338 2266 2394 Sed
2313 2339 2442 2409 quid
2471 2336 2689 2391 tandem
2717 2336 2868 2389 canit
2892 2335 3056 2390 etiam
3079 2334 3147 2389 de
3171 2335 3275 2389 hac
3304 2330 3511 2387 Isaias?

1942 2451 1961 2483 ι
1992 2432 2166 2487 Homo
2187 2471 2202 2497 ,
2234 2431 2415 2502 inquit
2436 2470 2451 2493 ,
2482 2446 2606 2485 cum
2640 2431 2696 2483 in
2725 2429 2883 2499 plaga
2912 2435 3092 2492 esset,
3139 2428 3320 2482 sciens
3370 2425 3512 2480 ferre

1934 2525 2252 2595 languorem
2274 2564 2288 2587 ,
2333 2531 2676 2593 contemptus
2700 2531 2784 2577 est
2805 2531 2859 2576 et
2882 2536 2991 2575 non
3013 2524 3359 2589 computatus
3385 2535 3399 2572 :
3421 2517 3512 2572 hic

1936 2625 2158 2689 peccata
2189 2624 2376 2672 nostra
2409 2616 2549 2681 fert,
2595 2624 2649 2670 et
2690 2630 2788 2685 pro
2821 2614 2978 2668 nobis
3006 2621 3091 2668 est
3116 2612 3171 2665 in
3206 2609 3425 2670 dolore,
3458 2616 3514 2664 et

1936 2726 2037 2765 nos
2063 2709 2498 2765 existimavimus
2528 2724 2653 2763 eum
2682 2722 2804 2763 esse
2831 2707 2884 2760 in
2914 2705 3101 2759 labore
3127 2744 3142 2768 ,
3167 2711 3221 2757 et
3246 2703 3299 2756 in
3330 2703 3500 2772 plaga.

1933 2810 1988 2858 et
2025 2801 2079 2854 in
2112 2800 2440 2854 aﬂlictione:
2471 2800 2585 2867 ipse
2613 2806 2794 2852 autem
2827 2798 3148 2850 vulneratus
3176 2800 3260 2849 est
3291 2800 3513 2864 propter

1932 2900 2159 2962 peccata
2184 2897 2373 2945 nostra
2392 2929 2406 2954 ,
2432 2897 2488 2945 et
2515 2889 2821 2943 inﬁrmatus
2843 2897 2925 2941 est
2949 2895 3171 2956 propter
3193 2884 3512 2953 iniquitates

1932 2991 2172 3039 nostras.
2193 2981 2453 3037 Doctrina
2472 2980 2623 3051 pacis
2641 2986 2842 3033 nostra“:
2861 2993 3026 3047 super
3041 2991 3188 3039 eum,
3208 2975 3380 3029 livore
3391 2974 3512 3042 ejus

239 3068 474 3170 θάνατον
506 3070 659 3141 αὐτῷ
696 3072 1191 3142 συσκευασαμένων
1232 3072 1354 3125 οὐδὲ
1411 3073 1765 3145 ὑπειδόμενος
1802 3077 1831 3128 ό
1859 3113 1871 3163 1

1937 3090 2036 3130 nos
2065 3074 2243 3130 sanati
2269 3088 2481 3128 sumus.
2510 3070 2714 3125 Omnes
2739 3079 2998 3138 tanquam
3024 3082 3153 3120 oves
3179 3065 3507 3125 erravimus,

240 3159 548 3230 θαυμάσιος
575 3161 880 3232 προφήτης,
905 3160 1203 3232 διαρρήδην
1227 3161 1538 3232 ἁπελὲγχει,
1561 3164 1653 3216 καὶ
1677 3164 1834 3218 τοῦτο

239 3256 506 3322 ᾶντικρυς
568 3251 897 3322 σχετλιάζων
942 3252 1039 3305 καὶ
1074 3251 1245 3320 λέγων
1265 3269 1278 3280 ·
1319 3271 1339 3303 ι
1384 3254 1516 3307 Ἀπὸ
1554 3254 1664 3308 τῶν
1709 3257 1835 3308 ἀνο-

243 3341 389 3411 μιῶν
418 3341 514 3394 τοῦ
570 3341 704 3395 λαοῦ
736 3359 835 3413 μου
889 3341 1029 3412 ἡχθη
1081 3343 1160 3405 είς
1195 3342 1444 3397 θάνατον.
1495 3365 1513 3396 ι
1556 3341 1670 3398 Εἶτ’
1711 3346 1834 3399 ἐπεὶ

241 3434 612 3506 παραχρῆμα,
643 3435 739 3488 καὶ
771 3435 871 3488 οὐκ
897 3436 978 3498 είς
1012 3434 1229 3506 μακρὰν
1256 3436 1395 3507 μετὰ
1422 3437 1523 3509 τὴν
1561 3438 1702 3491 κατὰ
1734 3437 1831 3491 τοῦ

238 3525 485 3596 Χριστοῦ
511 3525 718 3596 τόλμαν
740 3529 769 3579 ό
794 3525 1066 3598 παντελὴς
1096 3528 1294 3591 αὐτοὺς
1320 3528 1585 3599 μετῆλθεν
1611 3529 1834 3600 ὄλεθρος

241 3616 705 3687 πολιορκηθέντας
778 3619 882 3671 ὑπὸ
932 3619 1216 3690 Ῥωμαίων
1239 3660 1254 3684 ,
1302 3620 1424 3674 οὐδὲ
1470 3620 1627 3674 τοῦτο
1668 3640 1833 3695 παρι-

236 3706 369 3769 δὼν,
388 3708 633 3777 ἐπιλέγει
651 3726 666 3739 ο
690 3728 708 3759 ι
732 3710 843 3762 Καὶ
867 3708 1024 3763 δώσω
1043 3711 1171 3773 τοὺς
1183 3713 1453 3783 πονηροὺς
1474 3713 1594 3766 ἀντὶ
1614 3712 1715 3782 τῆς
1735 3731 1832 3768 τα-

237 3802 350 3871 φῆς
376 3798 564 3863 αὐτοῦ,
607 3801 850 3863 καὶτοὺς
881 3800 1171 3863 πλουσίους
1186 3802 1308 3855 ἀντὶ
1334 3802 1565 3857 θανάτου
1589 3804 1776 3857 αὑτοῦ.
1805 3825 1824 3857 ι

244 3892 448 3963 Ἤρκει
493 3892 593 3961 μὲν
648 3888 742 3945 οῦν
772 3893 866 3946 ἐπὶ
924 3893 1133 3957 τούτοις
1156 3895 1459 3966 ἐπιγράψαι
1490 3897 1589 3968 τὴν
1618 3914 1831 3970 προφη-

237 3982 414 4047 τείαν,
445 3985 495 4035 εί
527 3983 691 4054 μηδέν
714 4001 767 4036 τι
818 3983 978 4038 πλέον
1010 3984 1231 4039 ἔσεσθαι
1266 3985 1404 4058 μετὰ
1433 3987 1532 4058 τὴν
1569 3988 1664 4041 τοῦ
1698 3990 1831 4060 Χρι-

240 4075 370 4129 στοῦ
403 4076 662 4148 τελευτὴν
695 4077 844 4148 ἐώρα
862 4095 875 4108 ·
908 4079 1030 4131 ἐπεὶ
1066 4078 1123 4131 δὲ
1147 4079 1272 4133 ὅσον
1292 4079 1444 4133 οὔπω
1473 4080 1666 4153 ἔμελλε
1694 4084 1833 4154 μετὰ

237 4166 339 4238 τξν
394 4166 671 4238 τελευτὴν,
723 4169 755 4238 ἢ
795 4169 932 4239 μετὰ
982 4170 1080 4240 τὴν
1116 4171 1297 4242 ταφὴν
1348 4171 1688 4227 παλινοστείν
1736 4176 1830 4229 καὶ

237 4257 523 4322 ἀναϐιοῦν,
566 4258 647 4312 ἔτι
702 4260 832 4330 περὶ
891 4260 1056 4313 αὐτοῦ
1094 4262 1391 4316 καὶταῦτα
1449 4264 1827 4336 προστίθησιν,

238 4349 370 4418 ἑξῆς
413 4348 714 4418 ἐπιλέγων·
756 4368 775 4400 ι
826 4352 936 4403 Καὶ
993 4351 1198 4423 Κύριος
1248 4351 1496 4423 βούλεται
1535 4353 1828 4427 καθαρίσαι

1936 3175 1989 3222 et
2008 3165 2273 3221 Dominus
2289 3163 2514 3218 tradidit
2529 3178 2653 3217 eum
2670 3161 2906 3232 peccatis
2922 3158 3128 3214 nostris
3149 3177 3161 3211 :
3180 3168 3231 3212 et
3249 3158 3366 3227 ipse
3387 3169 3512 3210 cum

1935 3264 2247 3320 vexaretur,
2275 3272 2383 3310 non
2409 3256 2686 3326 aperiebat
2708 3269 2770 3309 os
2793 3268 2973 3308 suum.
3003 3250 3170 3316 Quasi
3192 3250 3310 3303 ovis
3331 3248 3399 3302 ad
3420 3264 3511 3303 oc-

1936 3348 2202 3403 cisionem
2231 3346 2432 3400 ductus
2453 3352 2559 3408 est,
2586 3351 2639 3398 et
2667 3344 2810 3399 sicut
2833 3357 3008 3413 agnus
3033 3355 3219 3395 coram
3250 3340 3513 3394 tondente

1933 3454 2045 3493 non
2077 3438 2292 3508 aperuit
2319 3452 2382 3491 os
2402 3455 2415 3490 :
2438 3436 2846 3507 generationem
2883 3434 3005 3504 ejus
3037 3433 3163 3502 quis
3195 3431 3516 3486 cnam-abit?

1934 3532 2193 3601 quoniam
2226 3531 2440 3585 tollitur
2480 3530 2548 3584 de
2581 3537 2727 3583 terra
2767 3529 2877 3581 vita
2908 3526 3028 3596 ejus
3056 3525 3123 3593 ⁸⁷,
3158 3545 3178 3577 ›
3204 3535 3258 3579 et
3282 3525 3510 3594 reliqua.
3547 3510 3561 3530 ’

1934 3621 2068 3675 Nam
2110 3621 2197 3675 his
2219 3621 2400 3675 verbis
2447 3619 2717 3690 signiﬁcat
2741 3618 3018 3673 Christum
3048 3617 3224 3686 ipsum
3254 3616 3473 3686 quidem
3499 3658 3514 3681 ,

1932 3713 2184 3785 quamvis
2201 3712 2269 3767 ab
2284 3713 2431 3766 omni
2448 3719 2672 3781 peccato
2691 3711 2953 3775 alienum,
2977 3717 3157 3763 tamen
3177 3716 3401 3778 peccata
3418 3706 3523 3769 ho—l

1933 3803 2140 3856 minum
2158 3818 2259 3873 pro
2282 3802 2418 3872 ipsis
2442 3801 2758 3856 hominibus
2773 3802 2830 3853 in
2849 3800 3088 3870 seipsum
3104 3806 3512 3868 suscepturum.

1933 3894 2046 3965 99
2072 3894 2343 3960 Quocirca
2371 3893 2534 3949 etiam
2566 3908 2629 3947 ea
2660 3893 2918 3964 patietur,
2951 3908 3073 3967 quae
3115 3893 3206 3961 qui
3254 3906 3516 3960 peccave-

1932 3989 2047 4041 rint
2076 3986 2187 4054 pati
2219 3985 2417 4049 solent,
2448 3992 2503 4039 et
2548 3998 2647 4054 pro
2694 3983 2856 4038 nobis
2907 3983 3135 4044 dolebit,
3183 3998 3293 4036 non
3333 3993 3514 4037 autem

1935 4094 2033 4149 pro
2062 4078 2265 4149 seipso.
2295 4077 2449 4144 Quod
2481 4078 2528 4132 si
2555 4076 2936 4131 vulnerabitur
2955 4085 3010 4131 et
3031 4075 3211 4131 verbis
3232 4075 3516 4145 probrosis

1938 4174 2199 4239 ferietur,
2253 4171 2357 4226 hoc
2400 4170 2528 4225 item
2584 4178 2899 4224 nostrorum
2947 4176 3294 4237 peccatorum
3348 4183 3516 4223 causa

1937 4267 2028 4321 ﬁet
2057 4284 2070 4319 :
2104 4278 2231 4319 nam
2264 4262 2516 4315 inﬁrmus
2545 4275 2764 4331 quoque
2795 4258 2974 4314 factus
3018 4269 3101 4315 est
3131 4270 3352 4330 propter
3392 4277 3519 4331 pec-

1938 4366 2060 4412 cata
2087 4367 2298 4417 nostra,
2328 4362 2387 4407 ut
2431 4368 2532 4408 nos
2556 4351 2832 4413 videlicet,
2864 4366 2986 4403 cum
3038 4351 3128 4405 ille
3166 4351 3363 4406 delicta
3419 4368 3518 4405 no-

234 4441 402 4494 αὐτὸν
429 4442 529 4511 τῆς
554 4441 788 4512 πληγῆς.
830 4442 954 4496 Ἐὰν
975 4442 1111 4496 δῶτε
1145 4444 1271 4515 περὶ
1296 4445 1655 4518 άμαρτίας,·ἡ
1680 4447 1826 4519 ψυχὴ
1862 4440 1871 4497 1

1937 4456 2071 4513 stra,
2104 4456 2414 4516 nostraeque
2460 4444 2682 4498 malitia:
2714 4442 2942 4496 vulnera
2977 4443 3363 4515 assumpserit,
3397 4444 3517 4512 ejus

236 4532 394 4605 ὑμῶν
425 4533 617 4604 δψεται
652 4535 872 4605 σπέρμα
922 4535 1217 4607 μακρόϐιον
1240 4554 1254 4567 ο
1300 4540 1395 4591 καὶ
1427 4538 1675 4609 βούλεται
1711 4541 1826 4595 Κύ-

241 4639 355 4693 ριος
387 4623 609 4693 ἀφελεῖν
636 4625 745 4677 ἀπὸ
773 4625 866 4678 τοῦ
898 4626 1061 4679 πόνου
1083 4626 1185 4697 τῆς
1218 4626 1400 4698 ψυχῆς
1430 4630 1616 4695 αὑτοῦ,
1651 4632 1823 4700 δεῖξαι

235 4714 388 4785 αῦτῷ
415 4714 553 4784 φῶς.
591 4735 610 4766 ι
655 4715 947 4788 Ἀνὼτερον
970 4717 1162 4781 εἰπὼν,
1189 4737 1209 4770 ι
1236 4718 1520 4791 ἄνθρωπος
1554 4724 1612 4775 ὲν
1642 4723 1824 4797 πληγῇ

237 4806 334 4871 ὢν,
378 4809 474 4860 καὶ
508 4806 668 4871 εἰδὼς
702 4809 887 4880 φέρειν
939 4809 1210 4881 μαλακίαν
1255 4829 1274 4862 ι
1307 4810 1405 4865 νῦν
1439 4813 1577 4884 μετὰ
1612 4816 1703 4869 τὸν
1731 4815 1827 4870 θά-

235 4917 395 4954 νατον
430 4900 598 4954 αὑτοῦ
630 4902 727 4954 καὶ
756 4901 855 4973 τὴν
885 4902 1082 4975 ταφὴν,
1118 4922 1138 4954 ι
1166 4904 1391 4976 Κύριος,
1417 4926 1435 4957 ι
1463 4894 1618 4978 φησῖ,
1657 4928 1674 4958 ι
1701 4907 1827 4979 βού-

236 4996 392 5048 λεται
426 4993 724 5064 καθαρίσαι
741 4993 901 5047 αὐτὸν
921 4994 1021 5065 τῆς
1048 4994 1284 5066 πληγῆς.
1311 5016 1330 5048 ι
1358 4998 1467 5050 Καὶ
1488 4998 1605 5063 πῶς
1626 4999 1779 5054 ἔσται
1804 5019 1819 5068 ;

245 5105 265 5136 ο
301 5085 432 5139 Ἐὰν
455 5083 615 5148 δῶτε,
655 5103 676 5136 ι
705 5085 859 5154 φησι,
895 5104 914 5136 ι
947 5087 1076 5157 περὶ
1094 5087 1390 5159 ἁμαρτίας,
1433 5090 1466 5159 ἡ
1502 5088 1647 5161 ψυχὴ
1669 5090 1824 5162 ὑμῶν

233 5178 428 5248 ³ὂψεται
453 5176 676 5248 σπέρμα
707 5177 1033 5249 μακρόϐιον·
1082 5198 1101 5231 ι
1126 5179 1187 5233 οὐ
1219 5182 1351 5233 πᾶσι
1383 5177 1493 5253 γὰρ
1524 5184 1731 5251 ἐφεῖται
1763 5183 1823 5237 τὸ

239 5268 540 5341 μακρόϐιον
570 5268 664 5321 τοῦ
715 5268 951 5341 Χριστοῦ
1004 5270 1223 5342 σπέρμα
1264 5272 1513 5336 συνιδεῖν,
1559 5274 1593 5344 ἢ
1645 5273 1827 5344 μόνοις

237 5366 350 5425 τοῖς
370 5360 930 5432 ὲξομολογησαμένοις
971 5364 1066 5415 καὶ
1090 5362 1159 5415 τὰ
1195 5361 1345 5433 δῶρα
1370 5363 1438 5416 τὰ
1473 5364 1611 5436 ὑπὲρ
1644 5366 1824 5437 ἁμαρ-

238 5455 369 5507 τιῶν
394 5454 733 5527 προσάγουσι
753 5452 832 5523 τῷ
863 5452 1001 5524 Θεῷ.
1035 5454 1231 5509 Μόνων
1255 5455 1362 5528 γὰρ
1391 5456 1594 5509 τούτων
1619 5458 1652 5527 ἡ
1677 5456 1823 5528 ψυχὴ

240 5547 428 5619 ὕψεται
480 5545 705 5618 σπέρμα
752 5545 1046 5617 μακρόϐιον
1083 5546 1144 5600 τὸ
1176 5547 1265 5600 τοῦ
1294 5547 1550 5620 Χριστοῦ,
1580 5549 1698 5619 ἦτοι
1725 5548 1824 5619 τὴν

1937 4542 2109 4597 livore
2134 4553 2393 4594 sanemur
2422 4555 2435 4591 :
2471 4544 2526 4592 et
2555 4550 2745 4590 eorum
2776 4534 2995 4604 quidem
3039 4548 3161 4603 quae
3199 4535 3291 4590 ille
3325 4536 3517 4591 insons

1934 4634 2003 4688 ab
2047 4630 2358 4686 hominibus
2404 4643 2671 4700 passurus
2707 4635 2847 4691 erat,
2899 4626 2981 4681 hze
3025 4627 3245 4681 fuerunt
3293 4643 3513 4685 causae:

1932 4723 2153 4779 Judazos
2181 4730 2360 4776 autem
2390 4719 2484 4790 qui
2516 4720 2591 4773 illi
2625 4726 2854 4775 mortem
2879 4719 3203 4783 attulerunt,
3238 4733 3511 4791 nusquam

1933 4817 2140 4871 veritus
2202 4816 2459 4885 propheta
2522 4816 2829 4878 mirabilis,
2889 4814 2992 4866 hoc
3053 4811 3233 4880 ipsum
3298 4826 3518 4880 quoque

1934 4906 2219 4976 perspicue
2265 4906 2563 4975 redarguit,
2605 4907 2761 4974 plane
2804 4905 3129 4974 deplorans,
3162 4918 3227 4957 ac
3275 4903 3465 4956 dicens
3499 4919 3512 4954 :

1940 5015 1961 5049 ι
1996 4996 2074 5051 Ex
2117 4996 2499 5067 iniquitatibus
2543 4998 2727 5067 populi
2757 4997 2862 5051 mei
2905 4996 3102 5051 ductus
3135 5002 3220 5050 est
3259 4993 3325 5048 ad
3359 5007 3510 5046 mor-

1932 5093 2041 5142 tem
2061 5087 2126 5139 ⁸⁸.
2175 5105 2194 5138 ι
2245 5086 2451 5141 Deinde
2500 5101 2651 5151 vero,
2687 5088 2946 5157 quoniam
3004 5089 3136 5152 cito,
3193 5105 3369 5158 neque
3437 5092 3507 5145 ita

1934 5179 2107 5232 multo
2135 5184 2259 5248 post
2298 5176 2542 5231 nefarios
2583 5178 2848 5234 adversus
2872 5178 3153 5234 Christum
3198 5198 3386 5246 ausus,
3414 5198 3511 5237 ex-

1931 5279 2141 5327 tremus
2172 5270 2238 5325 ad
2270 5271 2392 5325 illos
2424 5284 2489 5325 ex
2533 5269 2822 5326 obsidione
2855 5269 3227 5327 Romanorum
3253 5273 3514 5331 interitus

1930 5369 2051 5417 erat
2078 5368 2362 5427 venturus,
2390 5376 2459 5416 ne
2487 5360 2590 5415 hoc
2619 5359 2838 5430 quidem
2870 5363 3113 5432 praeterit
3141 5364 3378 5428 silentio,
3416 5366 3512 5420 sed

1928 5453 2204 5524 adjungit:
2233 5471 2251 5503 ‹
2274 5451 2341 5506 Ει
2360 5451 2501 5508 dabo
2522 5453 2820 5507 sceleratos
2841 5468 2940 5524 pro
2967 5457 3247 5525 sepultura
3275 5457 3396 5527 ejus
3420 5497 3435 5520 ,
3461 5468 3511 5511 et

1929 5545 2125 5601 divites
2156 5560 2255 5615 pro
2288 5553 2463 5600 morte
2495 5544 2615 5615 ejus
2635 5544 2681 5576 "
2714 5564 2727 5599 :
2772 5563 2790 5595 ι
2820 5553 2872 5599 et
2912 5554 3125 5616 poterat
3155 5547 3374 5619 quidem
3418 5547 3503 5603 his

307 5723 723 5786 “lsa.vtr.l4.
802 5725 847 5757 ιι
881 5724 985 5781 lsa.
1016 5727 1217 5791 “11,2.
1297 5727 1499 5785 "una.
1556 5730 1674 5785 ει-ι.
1754 5728 1795 5764 ετ
1823 5693 1951 5782 ibid.
1986 5727 2096 5782 4-8.
2175 5725 2219 5756 ιι
2274 5725 2404 5779 ibid.
2434 5726 2486 5780 ε.
2566 5724 2843 5780 “ibid.9.
