3828 6216
325 288 430 345 183

992 284 1265 344 EUSEBII
1301 283 1780 342 CESANENSIS
1816 284 1967 341 OPP.
2012 283 2195 340 PARS
2228 284 2295 339 ll.
2336 315 2407 327 —
2441 283 2942 355 APOLOGETICA.

3464 289 3574 344 181

320 399 664 474 prophetiam
703 397 1030 464 terminare,
1075 401 1124 455 si
1171 399 1306 454 nihil
1351 398 1586 469 amplius
1641 397 1885 454 futurum

1994 396 2204 452 αἰώνιον
2261 397 2406 470 ζωήν
2447 398 2634 463 αὑτοῦ,
2666 401 2764 472 τήν
2803 400 2941 471 μετά
2976 400 3068 454 τὸν
3114 402 3361 466 θάνατον,
3402 403 3438 474 ἦ
3474 405 3575 456 τδν

325 501 449 563 post
474 492 677 548 Christi
731 500 962 549 mortem
1013 492 1263 558 vidisset,
1305 492 1401 548 sed
1429 492 1710 563 quoniam,
1741 491 1891 547 brevi

325 599 479 638 mora
516 583 827 654 interjecta,
859 592 979 639 erat
1014 599 1044 639 a
1080 592 1258 640 morte
1285 586 1400 640 sive
1425 598 1456 636 a
1495 583 1777 653 sepultura
1805 597 1891 637 re-

321 676 677 746 migraturus,
712 683 877 746 atque
932 676 989 730 in
1041 676 1210 732 vitam
1266 675 1659 737 restituendus,
1692 673 1759 728 de
1790 673 1892 729 hac

320 781 541 836 quoque
572 781 632 821 re
674 766 933 837 deinceps
988 766 1103 822 haec
1162 766 1331 831 addit,
1373 765 1454 821 sic
1488 764 1677 819 dicens
1714 781 1727 817 :
1770 780 1788 813 ι
1825 761 1892 815 Et

320 855 586 911 Dominus
625 859 740 912 vult
777 873 1009 928 purgare
1040 872 1163 913 eum
1207 872 1236 910 a
1268 859 1421 927 plaga
1461 856 1507 912 si
1543 856 1795 920 traditus,
1821 856 1894 909 sit

324 964 422 1017 pro
440 955 684 1018 peccato.
709 950 900 1005 Anima
913 957 1094 1005 vestra
1117 950 1320 1004 videbit
1341 964 1524 1005 semen
1549 949 1849 1019 longaevum
1874 967 1888 1002 :

320 1048 376 1095 et
407 1041 523 1094 vult
573 1040 837 1096 Dominus
870 1041 1088 1096 auferre
1139 1057 1169 1095 a
1192 1040 1377 1095 labore
1427 1039 1624 1095 animai
1661 1040 1802 1109 ejus,
1833 1047 1894 1094 ut

322 1132 579 1187 ostendat
609 1134 658 1187 ei
693 1133 866 1187 lucem
885 1132 952 1186 '°.
978 1151 997 1184 ι
1032 1129 1134 1199 Qui
1166 1132 1418 1201 superius
1445 1130 1584 1184 dixit
1622 1148 1677 1185 ει
1717 1128 1892 1185 Homo

328 1223 385 1279 in
418 1224 570 1295 plaga
605 1227 959 1288 constitutus,
997 1244 1015 1276 ο
1052 1233 1104 1280 et
1131 1243 1150 1275 ι
1187 1224 1280 1294 qui
1303 1222 1455 1277 novit
1486 1221 1628 1278 ferre
1664 1223 1894 1293 languo-

324 1329 460 1378 rem,
520 1334 538 1367 ι
589 1330 735 1369 nunc
780 1322 899 1384 post
941 1322 1170 1370 mortem
1231 1314 1351 1383 ejus
1411 1322 1467 1369 et
1511 1314 1886 1383 sepulturam:

329 1420 349 1456 ι
377 1402 662 1467 Dominus,
694 1405 892 1474 inquit,
934 1404 1048 1458 vult
1070 1418 1307 1474 purgare
1333 1418 1458 1457 eum
1489 1417 1521 1456 a
1551 1404 1732 1474 plaga,
1776 1420 1795 1453 ›
1837 1409 1892 1458 et

325 1494 421 1561 qui
458 1492 561 1546 hoc
597 1493 722 1546 lict?
767 1511 786 1544 ι
826 1493 872 1547 si
897 1494 1152 1556 traditus,
1186 1492 1386 1562 inquit,
1419 1492 1582 1548 fuerit
1627 1508 1725 1563 pro
1765 1508 1891 1563 pec-

320 1590 464 1647 cato,
514 1583 696 1639 anima
742 1589 922 1639 vestra
982 1582 1185 1639 videbit
1237 1599 1421 1640 semen
1486 1585 1828 1654 lougtevum;
1865 1603 1884 1636 ι

319 1690 429 1732 non
464 1676 611 1730 enim
638 1676 895 1732 omnibus
928 1690 1251 1732 concessum
1282 1683 1368 1733 est
1398 1678 1700 1748 longaevum
1730 1678 1890 1735 Chri-

1993 489 2116 542 καθ³
2151 489 2280 560 ὅλης
2301 490 2403 561 τῆς
2438 492 2759 564 οἰκουμένης
2799 493 3171 563 ἐπισπαρέντα
3207 493 3373 548 αὑτοῦ
3410 495 3577 564 λόγον

1996 584 2292 656 μακρόϐιον
2348 584 2625 656 ἐσόμενον,
2682 587 2776 639 καὶ
2819 588 2898 650 εἰς
2948 585 3008 639 τὸ
3053 587 3141 640 ἀεὶ
3184 587 3570 659 διαρκέσοντα.

1993 673 2162 727 Πάλιν
2216 672 2487 746 ἀνώτερον
2531 674 2723 740 εἰπὼν,
2765 695 2781 727 ι
2820 678 2929 730 Καὶ
2989 679 3151 747 ήμεῑς
3203 676 3573 748 ἐλογισάμεθα

1992 767 2153 822 αὐτὸν
2174 762 2311 820 εἶναι
2341 768 2399 820 ἐν
2431 758 2596 838 πόνῳ,
2637 787 2654 819 ι
2680 767 2774 820 νῦν
2814 768 2951 838 μετὰ
2990 769 3087 838 τὴν
3115 770 3327 838 σφαγὴν
3359 770 3573 825 καὶτὸν

1993 858 2235 911 θάνατονι
2259 857 2444 919 αὐτοῦ,
2488 857 2649 927 φησίν
2670 874 2684 889 ’
2726 876 2743 907 ι
2779 857 2889 910 Kal.
2922 856 3166 927 βούλεται
3201 856 3402 928 Κύριος
3431 860 3575 927 ἀφεο

1991 947 2104 1002 λεϊν
2132 948 2243 1003 ἀπὸ
2284 947 2379 1002 τοῦ
2427 948 2591 1001 πόνου
2634 947 2736 1018 τῆς
2766 946 2947 1019 ψυχῆς
2996 947 3180 1013 αὐτοῦ,
3209 947 3378 1015 δεῖξαι
3418 948 3574 1020 αὐτῷ

1992 1037 2126 1107 φῶς.
2163 1057 2180 1088 ι
2224 1040 2376 1092 Ἐπεὶ
2420 1038 2599 1092 τοίνυν
2630 1038 2949 1110 βεϐούληται
2987 1037 3209 1111 Κύριος,
3236 1041 3264 1092 6
3295 1039 3402 1092 τῶν
3428 1041 3573 1095 ὅλων

1992 1127 2122 1193 Θεὸς
2154 1128 2450 1201 καθαρίσαι
2496 1129 2657 1182 αὐτὸν
2683 1129 2782 1200 τῆς
2817 1129 3048 1199 πληγῆς,
3097 1129 3188 1183 καὶ
3223 1130 3394 1195 δεῖξαι
3419 1131 3582 1203 αὐτῷ’

1992 1219 2127 1289 φῶς,
2156 1219 2372 1283 πάντως
2403 1237 2504 1272 που
2530 1218 2826 1291 βουληθεὶς,
2845 1220 3100 1292 πράξειεν
3122 1218 3189 1274 ἂν
3210 1220 3238 1273 6
3269 1220 3568 1293 ἠϐουλήθη.

1991 1309 2156 1365 Οὐδὲν
2188 1311 2296 1384 γάρ
2343 1312 2493 1364 ἐστιν
2527 1310 2556 1363 ὃ
2589 1309 2664 1382 μὴ
2697 1310 2904 1379 γίνεται
2947 1304 3022 1364 ὧν
3078 1310 3324 1379 βούλεται
3350 1328 3363 1341 ο
3414 1310 3578 1364 ἐϐου-

1991 1402 2129 1475 λήθη
2180 1401 2238 1457 δὲ
2292 1400 2585 1471 καθαρίσαι
2643 1400 2804 1453 αὐτὸν
2861 1400 2954 1453 καί
3002 1400 3174 1467 δεῖξαι
3221 1399 3372 1471 αὐτῷ
3415 1401 3570 1469 φῶς’

1990 1495 2243 1564 ἐποίησεν
2286 1495 2394 1566 ἄρα
2427 1491 2600 1547 ταῦτα
2652 1508 2665 1521 ·
2706 1492 2800 1546 καὶ
2820 1491 3122 1564 καθαρίσας
3168 1493 3330 1546 αὑτὸν
3369 1492 3577 1558 ἔδειξεν

1990 1585 2139 1657 αὐτῷ
2172 1586 2306 1655 φῶς.
2342 1585 2451 1639 Καὶ
2480 1586 2601 1638 ἐπεὶ
2622 1584 2907 1657 ἐϐουλήθη,
2930 1585 3025 1639 καὶ
3064 1583 3345 1655 βουληθεὶς
3379 1584 3575 1655 ἀφεῖλε

1989 1680 2080 1732 τὸν
2111 1679 2271 1732 πόνον
2314 1677 2414 1747 τῆς
2466 1676 2643 1749 ψυχῆς
2675 1676 2861 1740 αὐτοῦ,
2894 1678 2989 1730 καὶ
3017 1676 3214 1741 ἔδειξεν
3248 1677 3398 1748 αὐτῷ
3429 1677 3573 1746 φῶς,

320 1767 390 1822 sti
426 1782 610 1821 semen
647 1766 871 1831 intueri,
898 1767 995 1822 sed
1034 1768 1102 1822 iis
1130 1770 1263 1824 solis
1295 1768 1389 1840 qui
1419 1770 1804 1836 confiteantur,
1834 1778 1889 1826 et

1994 1770 2211 1835 εἰκότως
2239 1773 2268 1824 6
2298 1771 2590 1842 Προφήτης
2618 1769 2992 1831 ἐπισυνάπτει,
3015 1768 3186 1838 λέγων
3204 1787 3218 1799 υ
3251 1788 3271 1820 ι
3297 1770 3396 1824 Διά
3409 1770 3576 1824 τοῦτο

319 1874 548 1914 munera
607 1858 838 1915 oll‘erant
889 1859 1000 1915 Deo
1048 1877 1146 1929 pro
1197 1863 1452 1932 peccatis.
1510 1862 1715 1919 Horum
1746 1864 1892 1920 enim

319 1952 587 2005 duntaxat
634 1950 823 2003 anima,
854 1950 1059 2006 videbit
1099 1967 1285 2007 semen
1334 1953 1634 2024 longaevum
1663 1953 1889 2020 Christi,

319 2040 425 2097 hoc
444 2048 549 2104 est,
577 2048 672 2094 aut
704 2049 965 2096 aeternam
1006 2043 1170 2097 vitam
1200 2043 1321 2113 ejus
1349 2052 1475 2115 post
1511 2054 1765 2110 mortem,
1799 2052 1893 2100 aut

319 2132 568 2201 ejusdem
606 2131 831 2187 verbum
862 2148 959 2203 per
990 2140 1162 2188 totum
1193 2142 1464 2190 terrarum
1498 2136 1683 2191 orbem
1715 2137 1893 2193 disse-

319 2226 610 2286 minatum,
642 2222 788 2294 quod
820 2224 1125 2293 longaevum
1156 2225 1400 2280 futurum
1425 2235 1532 2290 est,
1571 2242 1894 2298 semperque

319 2315 666 2373 duraturum.
722 2314 959 2382 Rursus,
993 2318 1088 2388 qui
1147 2320 1399 2390 superius
1455 2320 1666 2376 dixerat
1705 2336 1719 2372 :
1764 2338 1784 2371 ι
1826 2319 1893 2374 Et

321 2422 423 2465 nos
453 2410 766 2478 putavimus
809 2409 958 2463 illum
1001 2425 1127 2465 esse
1166 2411 1221 2464 in
1253 2410 1477 2466 labore:
1524 2431 1544 2464 ›
1592 2427 1738 2466 nunc
1773 2420 1895 2481 post

320 2497 525 2554 ctedem
577 2506 917 2570 mortemque
945 2501 1086 2570 ejus,
1133 2501 1255 2556 ait:
1296 2520 1315 2553 ι
1353 2501 1420 2556 Et
1466 2502 1582 2557 vult
1628 2502 1893 2561 Dominus

318 2589 539 2647 auferre
572 2606 602 2646 a
640 2592 828 2648 labore
858 2593 1054 2649 animae
1102 2593 1242 2662 ejus,
1291 2604 1349 2648 ut
1399 2595 1655 2650 ostendat
1704 2595 1755 2651 ei
1805 2596 1891 2649 lu-

319 2696 459 2738 cem.
506 2702 525 2735 »
565 2681 836 2751 Quoniam
882 2683 1053 2754 igitur
1108 2684 1430 2740 deliberavit
1486 2684 1768 2749 Dominus,
1798 2686 1891 2755 qui

320 2770 467 2831 Deus
496 2783 580 2829 est
626 2775 870 2830 universi
906 2789 1141 2845 purgare
1165 2776 1317 2829 illum
1353 2791 1383 2829 a
1430 2775 1619 2846 plaga,
1653 2775 1811 2845 100
1840 2784 1894 2830 et

319 2866 609 2921 ostendere
634 2866 687 2920 in
722 2868 896 2922 lucem
928 2886 941 2922 :
975 2868 1290 2925 necessario
1314 2868 1522 2938 utique,
1558 2869 1652 2938 qui
1698 2869 1889 2933 voluit,

319 2958 373 3015 id
419 2940 576 3015 faciet
615 2958 761 3029 quod
816 2960 1007 3015 voluit.
1039 2958 1183 3014 Nihil
1227 2959 1374 3015 enim
1401 2966 1488 3016 est
1529 2975 1716 3014 eorum
1772 2976 1894 3031 quae

321 3051 437 3107 vult
466 3050 614 3121 quod
640 3066 749 3105 non
784 3052 877 3106 fiat
913 3070 927 3106 :
962 3051 1130 3106 voluit
1160 3059 1340 3107 autem
1371 3068 1601 3123 purgare
1636 3053 1809 3117 illum,
1839 3062 1893 3108 et

1992 1862 2155 1925 αὐτὸς
2199 1862 2596 1933 κληρονομήσει
2642 1860 2891 1924 πολλοὺς,
2935 1861 3031 1915 καὶ
3056 1860 3165 1915 τῶν
3198 1860 3434 1932 ἰσχυρῶν
3472 1879 3577 1933 με-

1994 1956 2099 2027 ριεῖ
2133 1953 2324 2006 σκῦλα.
2368 1971 2387 2004 ι
2423 1952 2591 2006 Ἔνθα
2609 1952 2791 2006 λοιπὸν
2817 1952 2917 2024 ήδη
2955 1952 3048 2005 καὶ
3074 1953 3173 2023 τῆς
3202 1953 3574 2024 κληρονομίας

1992 2044 2085 2098 τοῦ
2117 2042 2352 2115 Χριστοῦ
2377 2042 2740 2115 μέμνηταιτῷ
2752 2042 2987 2114 δευτέρῳ
3012 2042 3319 2114 συμφώνως
3346 2043 3570 2115 ψαλμῷ,

1989 2128 2137 2188 διὀῦ
2172 2134 2300 2205 περὶ
2347 2134 2447 2204 τῆς
2477 2133 2766 2205 ἐπιϐουλῆς
2809 2134 2910 2203 τῆς
2949 2133 3068 2191 κατ’
3104 2134 3267 2188 αὑτοῦ
3306 2152 3577 2189 συσκευα-

1994 2224 2215 2296 σθείσης
2245 2224 2506 2294 ὀνομαστὶ
2554 2223 2816 2286 θεσπίσας
2843 2226 2871 2277 6
2898 2223 3055 2292 λόγος
3105 2225 3162 2278 ἐν
3200 2224 3298 2296 τῷ,
3335 2245 3354 2276 ι
3385 2225 3572 2297 Παρέ-

1994 2330 2194 2383 στησαν
2235 2314 2285 2369 οἱ
2333 2312 2571 2383 βασιλεῖς
2625 2313 2722 2384 τῆς
2752 2314 2876 2384 γῆς,
2904 2314 2996 2368 καὶ
3033 2316 3083 2368 οἰ
3112 2313 3371 2385 ἄρχοντες
3406 2318 3576 2387 συνής-

1992 2403 2196 2476 χθησαν
2234 2405 2326 2458 ἐπὶ
2363 2405 2423 2457 τὸ
2451 2404 2581 2458 αὐτὸ
2625 2405 2763 2458 κατά
2802 2404 2897 2459 τοῦ
2928 2405 3136 2477 Κυρίου
3172 2408 3265 2460 καὶ
3307 2406 3446 2461 κατὰ
3471 2406 3570 2460 τοῦ

1992 2495 2230 2567 Χριστοῦ
2260 2495 2445 2560 αὐτοῦ,
2490 2495 2615 2566 ἐξῆς
2650 2495 2920 2565 ἐπιλέγει’
2962 2515 2981 2547 ι
3031 2498 3233 2568 Κύριος
3260 2494 3381 2550 εἷπε
3427 2498 3571 2570 πρὸς

1995 2586 2092 2657 μέ·
2123 2586 2249 2649 Υἱός
2301 2604 2402 2658 μου
2464 2582 2514 2640 εἷ
2568 2588 2656 2653 σὺ,
2703 2587 2814 2657 ἐγὼ
2861 2590 3099 2661 σήμερον
3134 2590 3434 2663 γεγέννηκά
3471 2607 3566 2643 σε’

1991 2676 2212 2748 αῖτησαι
2232 2679 2360 2750 παρ’
2383 2677 2537 2749 ἐμοῦ,
2560 2681 2655 2733 καὶ
2669 2679 2826 2733 δώσω
2845 2697 2925 2735 σοι
2943 2679 3069 2751 ἔθνη
3086 2681 3182 2753 τὴν
3205 2683 3571 2754 κληρονομίαν

1992 2783 2109 2831 σου,
2143 2768 2238 2821 καὶ
2277 2769 2376 2839 τὴν
2417 2770 2745 2841 κατάσχεσίν
2790 2787 2881 2824 σου
2919 2771 2987 2825 τὰ
3016 2772 3227 2844 πέρατα
3254 2775 3353 2844 τῆς
3382 2775 3503 2844 γῆς.
3542 2794 3566 2825 ι

1993 2859 2179 2914 Ταῦτα
2210 2860 2255 2915 δ’
2283 2855 2376 2913 οῦν
2396 2861 2464 2914 τὰ
2491 2860 2616 2932 ἔθνη
2640 2862 2734 2915 καὶ
2751 2865 2778 2916 6
2807 2865 3090 2935 προφήτης
3121 2863 3339 2935 ᾐνίξατο
3361 2864 3530 2919 εἰπών
3550 2884 3566 2896 ·

1998 2971 2018 3004 t
2039 2952 2138 3006 Διά
2148 2953 2305 3007 τοῦτο
2317 2954 2474 3019 αὐτὸς
2487 2954 2586 3027 κλη
2595 2958 2792 3028 ρονομή
2801 2972 2880 3011 σει
2893 2956 3137 3021 πολλούς·
3164 2977 3180 3008 ι
3198 2959 3289 3013 καί
3303 2957 3567 3026 ἐπιλέγει·

1999 3062 2017 3095 ι
2045 3044 2152 3097 Ka‘t
2179 3044 2288 3098 τῶν
2327 3045 2563 3119 ἰσχυρῶν
2615 3049 2793 3117 μεριεί
2828 3047 3015 3100 σκῦλα.
3066 3065 3085 3099 ι
3119 3047 3237 3101 Τῶν
3276 3048 3384 3118 γὰρ
3419 3049 3574 3103 δυνάρ

320 3144 606 3201 ostendere
636 3144 717 3197 illi
749 3145 965 3208 lucem;
995 3143 1123 3199 fecit
1156 3144 1321 3215 igitur
1353 3145 1496 3200 haec:
1527 3152 1580 3200 et
1613 3161 1738 3201 cum
1761 3162 1893 3216 pur-

1996 3155 2140 3210 μεων
2165 3140 2274 3192 τῶν
2308 3139 2719 3212 ἀντικειμένων,
2760 3140 2815 3193 αἳ
2847 3141 3014 3194 πάλαι
3040 3140 3146 3193 τῶν
3172 3140 3341 3194 ἐθνῶν
3376 3137 3569 3213 ἦρχον,

320 3235 532 3307 gaverit
562 3236 738 3299 illum,
763 3235 1002 3289 ostendit
1029 3235 1107 3289 illi
1155 3236 1330 3291 lucem
1358 3254 1371 3292 :
1400 3244 1455 3292 et
1487 3238 1750 3307 quoniam
1795 3252 1893 3293 vo-

321 3324 445 3388 luit,
486 3335 541 3381 et
569 3327 759 3382 volens
784 3326 1013 3381 abstulit
1045 3326 1286 3380 laborem
1319 3327 1387 3381 ab
1421 3327 1604 3383 anima
1638 3327 1806 3394 illius,
1836 3334 1893 3383 et

319 3417 561 3474 ostendit
606 3418 687 3472 illi
734 3418 910 3472 lucem
943 3456 959 3482 ,
991 3417 1188 3471 merito
1213 3416 1486 3488 Propheta
1534 3418 1807 3489 sequitur,
1840 3427 1896 3473 et

321 3510 445 3567 ait;
485 3527 504 3561 ι
566 3507 797 3578 Propter
859 3508 962 3563 hoc
1001 3509 1118 3579 ipse
1162 3509 1503 3564 haereditabit
1558 3512 1795 3575 multos,
1839 3518 1895 3566 et

324 3596 546 3652 fortium
602 3597 809 3653 dividet
864 3598 1037 3668 spolia
1078 3598 1168 3652 δίε
1224 3617 1243 3650 ι
1280 3598 1371 3653 ubi
1417 3598 1584 3668 (quod
1622 3600 1893 3669 reliquum

324 3686 448 3759 fuit)
479 3687 592 3756 jam
630 3687 967 3743 hereditatis
1000 3687 1163 3742 etiam
1201 3684 1407 3742 Christi
1439 3689 1771 3744 mentionem
1815 3688 1895 3742 fa-

324 3780 421 3843 cit,
458 3778 535 3835 illi
561 3779 771 3849 psalmo
800 3788 1167 3834 consentanea
1199 3778 1409 3843 dicens,
1436 3780 1492 3833 in
1521 3795 1631 3851 quo
1662 3780 1730 3836 de
1761 3780 1895 3836 insi-

323 3868 432 3925 diis
461 3871 725 3926 adversus
766 3870 917 3926 illum
959 3872 1293 3927 constructis
1334 3871 1657 3927 nominatim
1687 3888 1894 3929 canens

322 3963 629 4029 oraculum,
678 3962 772 4017 ubi
821 3963 938 4018 ait:
976 3981 996 4014 ι
1051 3962 1361 4018 Astiterunt
1408 3979 1564 4035 reges
1618 3973 1796 4026 terrae.
1841 3973 1897 4021 et

322 4055 601 4129 principes
624 4064 997 4110 convenerunt
1028 4056 1083 4111 in
1111 4071 1281 4110 unum
1305 4056 1573 4111 adversus
1602 4056 1894 4112 Dominum

322 4155 378 4201 et
402 4146 665 4201 adversus
690 4144 970 4201 Christum
995 4146 1116 4216 ejus
1145 4147 1222 4215 ³²;
1266 4167 1283 4198 ι
1314 4148 1573 4217 deinceps
1603 4147 1849 4219 adjungit
1879 4165 1894 4203 :

329 4255 349 4290 ι
391 4237 657 4295 Dominus
689 4239 825 4295 dixit
846 4239 912 4293 ad
948 4254 1055 4303 me,
1081 4238 1252 4295 Filius
1287 4255 1441 4295 meus
1469 4256 1529 4295 es
1555 4248 1635 4307 tu,
1669 4255 1769 4310 ego
1800 4241 1899 4297 ho:

323 4332 413 4387 die
435 4332 597 4402 genui
622 4339 674 4386 te
700 4350 713 4386 :
757 4331 974 4402 postula
1012 4345 1043 4384 a
1064 4345 1171 4393 me,
1203 4340 1256 4385 et
1286 4330 1428 4386 dabo
1457 4331 1555 4385 tibi
1584 4341 1773 4402 gentes
1797 4330 1901 4386 hae-

322 4424 608 4480 reditatem
650 4430 824 4486 tuam,
870 4431 924 4478 et
962 4423 1366 4493 possessionem
1419 4432 1567 4477 tuam
1633 4423 1897 4478 terminos

324 4516 566 4573 terrae".
603 4534 622 4567 ι
650 4513 760 4570 Has
786 4514 954 4585 igitur
989 4521 1200 4584 gentes,
1232 4513 1395 4568 etiam
1430 4513 1694 4583 propheta
1735 4513 1894 4568 intel-

1991 3228 2091 3293 τὰς
2121 3230 2463 3301 ὑποχειρίους
2486 3232 2784 3301 ῥυσάμενος
2801 3230 2997 3302 ψυχὰς,
3015 3226 3101 3284 οἷα
3128 3231 3189 3303 δή
3217 3248 3339 3285 τινα
3373 3231 3571 3297 σκῦλα,

1990 3324 2102 3385 τοῖς
2121 3320 2338 3385 οἰκείοις
2372 3322 2609 3393 διένειμε
2642 3322 2927 3393 μαθηταῖς.
2964 3323 3056 3376 Διό
3083 3340 3245 3394 φησιν
3280 3325 3309 3377 6
3343 3324 3571 3389 Ἡσαΐας

1993 3412 2122 3485 περὶ
2149 3414 2362 3469 αὐτῶψ
2406 3432 2424 3465 ι
2460 3415 2570 3468 Καὶ
2613 3413 3084 3486 εὐφρανθήσονται
3111 3414 3341 3468 ἐνώπιόν
3382 3432 3478 3467 σου
3509 3415 3570 3468 ὃν

1993 3505 2192 3577 τρόπον
2243 3508 2289 3562 οἱ
2319 3504 2681 3577 διαιρούμενοι
2722 3505 2914 3562 σκῦλα.
2948 3526 2965 3558 ι
3002 3506 3111 3558 Καὶ
3154 3509 3182 3563 6
3226 3506 3529 3577 Ψαλμῳδός
3552 3522 3568 3536 ·

2001 3615 2020 3645 ι
2054 3597 2257 3670 Κύριος
2300 3597 2458 3653 δώσει
2501 3598 2652 3668 ῥῆμα
2704 3599 2814 3660 τοῖς
2859 3596 3362 3666 εὐαγγελιζομένοις
3407 3596 3571 3650 δυνά-

1999 3705 2090 3758 μει
2122 3687 2286 3758 πολλῇ
2308 3704 2320 3717 ·
2353 3690 2381 3741 6
2415 3686 2664 3757 βασιλεὺς
2694 3686 2802 3739 τῶν
2829 3687 3106 3757 δυνάμεων
3136 3686 3228 3739 τοῦ
3260 3684 3570 3755 ἀγαπητοῦ,

1996 3783 2061 3852 τῇ
2092 3780 2382 3852 ὡραιότητι
2414 3778 2505 3833 τοῦ
2550 3780 2697 3835 οίκου
2740 3778 3009 3835 διελέσθαι
3050 3779 3241 3834 σκῦλα.
3284 3799 3302 3830 ι
3332 3779 3573 3841 Εἰκότως

1996 3874 2283 3944 τοιγαροῦν
2333 3874 2426 3927 καὶ
2476 3872 2709 3929 ἐνταῦθα
2762 3874 2891 3945 περὶ
2934 3872 3026 3928 τοῦ
3086 3871 3323 3945 Χριστοῦ
3366 3887 3569 3944 φησιν’

2002 3983 2021 4016 ι
2060 3965 2159 4018 Διά
2198 3964 2352 4019 τοῦτο
2406 3965 2568 4028 αὐτὸς
2614 3965 3009 4036 κληρονομήσει
3054 3965 3303 4029 πολλοὺς,
3329 3964 3426 4023 καὶ
3463 3963 3573 4017 τῶν

2001 4056 2234 4128 ἰσχυρῶν
2286 4058 2464 4128 μεριεῖ
2493 4055 2687 4110 σκῦλα.
2720 4076 2738 4107 ι
2765 4057 2863 4111 Διὰ
2896 4059 3045 4111 ποῖον
3087 4057 3143 4113 δὲ
3186 4057 3362 4119 τοῦτο,
3410 4056 3574 4111 πάλιν

1998 4147 2124 4218 ἑξῆς
2153 4148 2414 4210 διδάσκει,
2451 4149 2645 4220 φήσας·
2684 4167 2703 4199 ι
2729 4149 2868 4201 Ἀνθ’
2898 4142 2972 4203 ὧν
2999 4148 3264 4220 παρεδόθη
3296 4151 3376 4212 εἰς
3403 4147 3577 4201 θάνα-

1996 4259 2087 4296 τον
2116 4243 2148 4312 ὴ
2175 4241 2320 4312 ψυχὴ
2347 4240 2533 4304 αὑτοῦ,
2571 4242 2665 4295 καὶ
2683 4243 2739 4293 ἐν
2770 4243 2881 4306 τοῖς
2912 4240 3132 4312 ἀνόμοις
3162 4239 3412 4311 ἐλογίσθη
3434 4258 3449 4270 ο
3478 4239 3573 4293 καὶ

1998 4333 2158 4397 αὐτὸς
2192 4332 2465 4404 ἁμαρτίας
2490 4332 2697 4386 πολλῶν
2718 4333 2983 4402 ἀνήνεγκε
3006 4350 3018 4365 ο
3044 4334 3137 4385 καί
3158 4332 3245 4388 διά
3273 4330 3370 4395 τὰς
3392 4333 3576 4404 ἀμαρ-

1998 4425 2119 4489 τίας
2160 4424 2338 4481 αὐτῶν
2398 4424 2691 4496 παρεδόθη.
2729 4443 2747 4475 ι
2796 4426 2942 4479 Ἀντὶ
2982 4424 3183 4479 τούτων
3210 4426 3318 4496 γὰρ
3351 4425 3576 4496 ἀμειϐό-

2004 4534 2162 4588 μενος
2217 4517 2379 4570 αὐτὸν
2408 4519 2436 4569 6
2468 4517 2658 4588 Πατὴρ
2703 4516 2801 4587 τῆς
2838 4516 3083 4586 ὑπακοῆς
3124 4517 3219 4570 καὶ
3249 4517 3346 4587 τῆς
3368 4518 3576 4589 ὑπομο-

324 4606 478 4671 lexit,
515 4622 640 4661 cum
672 4607 810 4661 dixit
841 4621 854 4658 :
891 4623 912 4657 ι
962 4602 1191 4673 Propter
1227 4605 1330 4659 hoc
1383 4604 1500 4675 ipse
1556 4604 1893 4660 hmreditabit

2000 4608 2097 4678 νῆς
2116 4608 2297 4671 ἕνεκα,
2330 4607 2626 4679 δεδώρηται
2650 4607 2799 4679 αὐτῷ
2816 4607 2884 4661 τὰ
2910 4608 3222 4678 ὲγκείμενα.
3249 4608 3445 4677 Γέγονε
3466 4610 3576 4682 γὰρ

324 4703 549 4761 multos,
573 4704 666 4753 iet
691 4696 942 4767 adjungit
977 4715 990 4753 :
1024 4715 1043 4746 ‹
1074 4694 1140 4749 Ει
1170 4694 1394 4751 fortium
1425 4694 1632 4751 dividet
1662 4696 1892 4765 spolia.

2001 4698 2238 4770 ὑπήκοος
2274 4697 2351 4769 τῷ
2381 4700 2555 4771 Ha.th
2598 4698 2760 4769 μέχρι
2787 4697 3017 4753 θανάτου
3037 4716 3050 4729 ο
3091 4699 3171 4752 διὸ
3197 4701 3289 4752 καὶ
3316 4700 3577 4772 κληρονο-

246 4826 250 4831 ς
328 4789 610 4859 Siquidem
642 4804 671 4842 a
707 4788 1073 4859 potestatibus
1112 4787 1425 4850 contrariis,
1455 4802 1576 4857 qua:
1617 4787 1771 4856 prius
1818 4787 1902 4843 in-

326 4892 410 4937 ter
440 4889 630 4951 gentes
656 4881 1105 4943 dominabantur,
1138 4879 1230 4934 ubi
1266 4879 1543 4949 subjectas
1588 4880 1801 4935 animas
1833 4878 1901 4932 li-

323 4972 554 5040 beravit,
571 4981 683 5025 tum
710 4973 868 5042 quasi
894 4972 1068 5040 spolia
1096 4971 1343 5042 quaedam
1377 4969 1494 5026 suis
1526 4970 1711 5025 divisit
1736 4971 1903 5027 disci-

324 5065 492 5134 pulis.
523 5061 761 5118 Proinde
808 5063 981 5118 Isaias
1030 5062 1106 5117 ait
1130 5063 1197 5117 de
1223 5063 1331 5119 illis
1362 5082 1377 5121 :
1414 5081 1433 5113 ‹
1472 5061 1539 5116 Et
1570 5063 1904 5118 laetabuntur

328 5171 515 5212 coram
545 5162 620 5218 te,
635 5154 779 5210 sicut
808 5155 903 5224 qui
929 5153 1181 5209 dividunt
1206 5155 1381 5225 spolia
1404 5156 1469 5208 ⁸⁵.
1511 5174 1533 5207 ι
1569 5152 1631 5209 Et
1652 5153 1897 5210 Psalmo—

326 5262 451 5303 rum
507 5254 747 5300 auctor:
808 5262 828 5296 ι
898 5242 1182 5305 Dominus.
1214 5243 1412 5315 inquit,
1465 5244 1615 5299 dabit
1670 5245 1896 5301 verbum

325 5335 830 5408 evangelizantibus
869 5335 1071 5393 virtute
1122 5337 1290 5392 multa
1323 5355 1336 5391 :
1373 5352 1470 5391 rex
1504 5337 1767 5391 virtutum
1808 5336 1895 5392 di-

326 5428 476 5495 lecti,
506 5428 708 5499 speciei
731 5427 930 5491 domus
958 5426 1201 5483 dividere
1229 5429 1405 5498 spolia
1420 5429 1488 5482 ⁸⁵.
1521 5448 1539 5480 ι
1570 5427 1762 5483 Merito
1792 5428 1896 5498 igi-

326 5530 417 5581 tur
437 5520 526 5577 hic
552 5508 769 5591 quoque
801 5518 870 5576 de
915 5519 1134 5603 Christo
1185 5520 1308 5575 ait:
1356 5518 1584 5589 Propter
1633 5520 1737 5576 hoc
1782 5520 1900 5592 ipse

2000 4787 2164 4858 μήσει
2194 4787 2441 4850 πολλοὺς,
2464 4789 2556 4842 καὶ
2575 4787 2636 4840 οὺ
2673 4787 2961 4860 πρότερον,
2981 4788 3116 4842 ἀλλά
3147 4788 3286 4859 μετά
3299 4788 3361 4841 τὺ
3392 4806 3576 4861 παρα-

1995 4880 2213 4951 δοθῆναι
2238 4881 2319 4943 είς
2336 4879 2563 4936 θάνατον
2580 4879 2676 4952 τὴν
2693 4879 2870 4951 ψυχὴν
2907 4879 3096 4944 αὐτοῦ,
3132 4881 3227 4933 καὶ
3245 4882 3303 4934 ἐν
3327 4883 3442 4946 τοῖς
3461 4882 3579 4936 ἀνό·

2000 4988 2119 5042 μοις
2148 4971 2482 5042 λογισθῆναι,
2514 4969 2850 5036 θεσπίζεται.
2885 4971 2984 5024 Διὰ
3010 4970 3185 5026 ταῦτα
3217 4971 3326 5044 γὰρ
3353 4975 3573 5043 εἴρηται

1999 5065 2426 5137 κληρονομήσειν
2442 5063 2689 5127 πολλοὺς,
2717 5062 2812 5116 καὶ
2836 5062 2945 5117 τῶν
2967 5061 3206 5137 ἰσχυρῶν
3238 5064 3489 5134 μερίσειν
3508 5065 3577 5117 τὰ

1996 5155 2471 5228 σκῦλα.Ἠγοῦμαι
2498 5156 2556 5210 δὲ
2577 5155 2967 5226 ἀναμφιλόγως
2995 5155 3094 5228 τὴν
3125 5157 3190 5209 ἐκ
3206 5154 3416 5227 νεκρῶν
3446 5154 3579 5209 ἀνά-

1994 5267 2184 5307 στασιν
2214 5248 2309 5304 τοῦ
2342 5247 2819 5321 προφητευομένου
2838 5247 2927 5302 διὰ
2957 5247 3162 5302 τούτων
3186 5246 3574 5318 παρίστασθαι.

1995 5342 2120 5406 Πῶς
2151 5342 2261 5414 γὰρ
2290 5339 2463 5403 άλλως
2491 5339 2773 5411 ἐπινοῆσαι
2804 5340 3024 5393 δυνατὸν
3058 5340 3133 5403 ὡς
3175 5337 3447 5411 πρόϐατον
3486 5338 3579 5392 ἐπὶ⁵

1996 5430 2210 5501 σφαγὴν
2257 5428 2511 5500 ἀχθέντα,
2563 5430 2656 5485 καὶ
2706 5429 2819 5485 ἀπὺ
2864 5429 2973 5483 τῶν
3023 5427 3263 5500 ἀνομιῶν
3310 5426 3403 5482 τοῦ
3447 5428 3579 5481 ’1ουσο

1995 5519 2159 5574 δαίων
2190 5518 2321 5573 λαοῦ
2354 5519 2567 5591 θανάτῳ
2608 5518 3001 5593 παραδοθέντα,
3044 5520 3137 5573 καὶ
3178 5518 3313 5591 μετά
3359 5518 3581 5588 ἀνόμων

399 5676 445 5710 ³⁸
474 5676 578 5735 lsa.
607 5691 727 5744 Lm,
755 5676 843 5735 10.
918 5676 961 5709 ⁸¹
994 5675 1128 5733 ibid.
1162 5676 1246 5733 12.
1324 5675 1370 5708 ³⁸
1405 5673 1547 5731 Psal.
1578 5674 1714 5741 11,2.
1792 5675 1836 5706 ⁸³
1870 5675 1893 5728 i‘

1994 5716 1999 5727 .
2035 5673 2147 5732 7,8.
2226 5673 2272 5705 “
2297 5674 2404 5729 lsa.
2437 5689 2511 5737 ix,
2545 5674 2596 5728 5.
2671 5675 2717 5707 ⁸⁸
2740 5671 3076 5736 νωιιινιι,
3114 5671 3202 5729 ιε.
