3828 6216
174 279 282 335 IRS

1076 272 1739 331 DEMONSTRATIONIS
1776 272 2240 329 EVANGEUCAS
2279 262 2413 329 LIB.
2454 271 2545 328 Ill.

3349 273 3452 332 l86

170 395 515 465 λογισθέντα,
532 397 676 466 ταφῇ
695 411 753 448 τε
778 392 1151 466 παραδοθέντα
1164 411 1178 426 ’
1197 389 1313 448 εἶτα
1334 392 1767 466 καθαριζόμενον
1794 406 1812 455 Α

1871 390 2211 449 haereditabit
2243 392 2467 456 multos,
2479 397 2536 447 et
2564 388 2785 445 fortium
2818 388 3024 446 dividet
3051 389 3245 460 spolia.
3268 388 3440 456 Quam

169 488 279 540 ὑπὸ
301 486 399 540 τοῦ
443 486 673 557 Κυρίου,
705 485 799 539 καλ⁵
839 486 956 555 φῶς
987 486 1119 557 παρ’
1153 484 1304 556 αύτῷ
1346 484 1631 556 ὀψόμενον,
1666 486 1760 541 καὶ

171 578 613 651 κληρονομοῦντα
641 577 889 642 πολλοὺς,
917 578 1012 632 καὶ
1054 576 1229 633 σκῦλα
1262 581 1373 641 τοίς
1403 576 1622 641 οἰκείοις
1649 577 1763 631 δια-

169 669 445 738 νέμοντας
476 668 587 722 Καὶ
627 668 800 734 ἄλλως
840 669 898 722 δὲ
942 669 1073 741 περὶ
1109 669 1209 740 τῆς
1241 668 1377 740 μετά
1408 668 1500 722 τὸν
1532 668 1762 722 θάνατον

170 760 527 825 ἀναϐιώσεως
558 760 723 815 αὑτοῦ
768 761 914 830 λέγει
954 779 1054 814 που
1097 759 1455 832 προφητεύων
1492 762 1558 814 ὲκ
1588 778 1759 833 προσ-

169 851 324 905 ώπου
369 852 463 906 τοῦ
510 851 748 924 Χριστοῦ
807 855 835 906 ό
879 853 1076 907 Δαδίδ⁸
1118 872 1138 904 ι
1179 854 1295 906 Οὐκ
1345 852 1760 922 ἐγκαταλείψεις

167 941 272 1013 τὴν
307 942 488 1014 ψυχήν
527 960 629 1013 μου
675 944 756 1007 εἰς
782 943 932 1015 ᾅδην,
961 944 1083 997 οὐδὲ
1112 942 1303 1007 δώσεις
1327 943 1472 997 ὅσιόν
1507 960 1598 997 σου
1633 944 1759 998 ίδεῐν

165 1031 490 1104 διαφθοράν.
529 1054 548 1085 ι
582 1034 692 1087 Καὶ
724 1034 911 1089 πάλιν·
948 1054 967 1086 ι
1001 1034 1194 1106 Κύριε,
1236 1037 1514 1107 ἀνήγαγες
1546 1036 1605 1103 ἐξ
1631 1037 1758 1109 ᾅδου

165 1127 271 1196 τὴν
304 1125 484 1198 ψυχήν
527 1144 649 1196 μου,
689 1126 898 1191 ἔσωσας
933 1145 1002 1200 με
1043 1128 1153 1182 ἀπὸ
1179 1129 1288 1182 τῶν
1323 1128 1759 1185 καταϐαινόντων

164 1219 254 1282 είς
283 1217 503 1272 λάκκον.
544 1238 564 1269 ι
606 1219 717 1272 Καὶ
744 1219 939 1273 πάλινο
976 1239 996 1271 ι
1049 1221 1108 1273 '0
1140 1220 1293 1291 ὑψῶν
1328 1238 1396 1291 με
1425 1223 1489 1274 ὲκ
1515 1221 1623 1274 τῶν
1657 1238 1760 1274 πυ-

166 1307 282 1361 λῶν
308 1309 405 1363 τοῦ
441 1309 695 1374 θανάτου,
723 1311 873 1376 ὅπως
907 1312 975 1365 ἂν
1005 1311 1304 1382 ὲξαγγείλω
1337 1314 1518 1377 πάσας
1553 1313 1652 1377 τάς
1682 1316 1760 1366 αί-

164 1402 348 1466 νέσεις
378 1420 495 1456 σου.
538 1423 557 1455 »
599 1403 822 1468 Τούτοις
858 1404 914 1458 δὲ
961 1406 1126 1458 πᾶσιν
1154 1405 1471 1476 ἀντιϐλέψαι
1500 1406 1758 1461 δύνασθαι

165 1491 292 1544 οὐδὲ
322 1492 454 1556 τοὺς
501 1494 706 1565 σφόδρα
756 1495 1271 1565 ἀγνωμονεστάτους
1316 1496 1574 1568 ἡγοῦμαι.
1610 1497 1758 1569 Πλὴν

164 1581 305 1636 ἀλλά
355 1584 456 1653 τῆς
489 1585 709 1639 Ἡσαΐου
757 1585 1094 1657 προφητείας
1136 1585 1199 1639 τὸ
1246 1587 1621 1659 συμπέρασμα
1658 1587 1756 1659 τὴν

163 1674 339 1728 πάλαι
366 1676 586 1747 στεῖραν
616 1677 712 1729 καὶ
736 1675 941 1748 ἔρημον
971 1675 1108 1729 Θεοῦ
1137 1676 1336 1747 ψυχὴν,
1364 1677 1396 1749 ἢ
1431 1678 1525 1731 καὶ
1557 1677 1756 1748 μᾶλλον

1867 494 2050 545 autem
2085 487 2158 542 ob
2192 501 2310 542 rem
2341 487 2448 541 hoc
2476 483 2556 540 illi
2602 483 2793 539 datum
2836 483 2944 548 sit,
2973 483 3136 538 docet
3162 481 3442 552 deinceps,

1866 578 1962 633 ubi
1990 579 2067 632 ait
2093 596 2107 632 :
2147 597 2166 629 ι
2199 576 2309 632 Pro
2328 592 2395 632 eo
2415 574 2563 646 quod
2597 575 2798 629 tradita
2819 585 2903 631 est
2930 575 2985 629 in
3009 581 3239 629 mortem
3264 573 3442 628 anima

1866 670 2010 741 ejus,
2044 676 2098 724 et
2123 685 2249 724 cum
2284 669 2491 739 iniquis
2515 668 2815 739 deputatus
2845 674 2930 728 est
2956 686 2969 722 :
2999 677 3055 722 et
3081 666 3198 737 ipse
3221 676 3444 736 peccata

1809 776 1814 781 '
1867 762 2163 817 multorum
2197 761 2348 824 tulit,
2386 769 2440 815 et
2478 769 2698 831 propter
2728 767 2952 829 peccata
2978 774 3168 813 eorum
3212 757 3444 814 traditus

1866 860 1950 905 est
1975 850 2045 905 ⁸⁸.
2085 870 2105 902 ι
2142 848 2250 904 Pro
2287 849 2374 904 his
2406 851 2551 905 enim
2583 864 2945 905 remunerans
2979 849 3130 902 illum
3161 847 3343 912 Pater.
3377 863 3444 904 eo

1866 939 2013 1011 quod
2044 940 2193 995 dicto
2239 940 2468 994 audiens
2519 938 2684 994 fuerit
2742 935 3445 1006 sustinueritque,donavit

1867 1032 2019 1086 illum
2062 1030 2130 1087 iis
2152 1047 2276 1101 quae
2321 1030 2569 1101 exposita
2608 1038 2757 1085 sunt.
2793 1028 2995 1085 Factus
3021 1028 3168 1083 enim
3196 1036 3282 1083 est
3312 1028 3444 1085 obe-

1852 1123 2022 1179 ‘diens
2068 1123 2215 1178 Patri
2273 1137 2449 1192 usque
2508 1121 2576 1175 ad
2629 1129 2897 1176 mortem:
2934 1134 3106 1190 quare
3146 1120 3442 1174 multorum

1864 1231 2085 1286 quoque
2150 1214 2525 1271 liaareditatem
2578 1220 3009 1269 consecuturum
3058 1213 3213 1267 illum
3270 1212 3440 1273 cauit,

1866 1323 1974 1364 non
2000 1309 2152 1379 prius
2182 1315 2369 1364 tamen
2401 1324 2564 1379 quam
2597 1309 2797 1363 tradita
2830 1306 2994 1362 fuerit
3022 1309 3203 1361 anima
3231 1305 3352 1375 ejus
3385 1304 3441 1359 in

1865 1410 2117 1466 mortem,
2149 1412 2347 1457 etcum
2376 1401 2580 1472 iniquis
2616 1402 2690 1457 sit
2725 1401 3041 1470 deputatus.
3072 1396 3301 1468 Pr0pter
3326 1396 3442 1452 haec

1863 1492 2007 1547 enim
2024 1490 2230 1545 dictum
2246 1499 2352 1555 est,
2372 1492 2525 1545 illum
2549 1489 2996 1546 haereditaturum
3020 1487 3242 1552 multos,
3260 1493 3316 1541 et
3333 1484 3446 1542 for-

1865 1586 1997 1638 tium
2031 1582 2334 1640 divisurum
2368 1583 2564 1653 spolia.
2607 1580 2749 1635 Puto
2796 1588 2976 1636 autem
3010 1578 3315 1634 indubitate
3354 1591 3439 1633 re-

1863 1672 2167 1729 versionem
2194 1672 2314 1741 ejus
2341 1687 2372 1726 a
2390 1670 2622 1725 mortuis
2643 1668 2936 1740 signiﬁcari
2952 1667 3151 1721 talibus
3168 1663 3438 1721 oraculis:

162 1764 266 1834 τὴν
308 1763 371 1829 ἐξ
412 1764 584 1818 ἐθνῶν
627 1766 951 1837 Ἐκκλησίαν
982 1766 1411 1837 εὐαγγελίζεται,
1453 1768 1763 1834 ἀκολούθως
1794 1761 1812 1816 1

1869 1762 2022 1832 ιοι
2055 1763 2149 1833 qui
2174 1762 2318 1817 enim
2363 1760 2482 1816 ﬁeri
2531 1767 2731 1831 potest,
2769 1767 2828 1813 ut
2861 1759 3019 1813 aliter
3041 1756 3109 1812 de
3140 1771 3206 1812 eo
3238 1755 3438 1811 intelli-

164 1857 232 1925 τῇ
281 1854 489 1926 θεωρίᾳ
532 1855 641 1908 τῶν
689 1856 1015 1927 εἰρημένων.
1064 1858 1281 1930 Ἐπειδὴ
1312 1859 1421 1932 γὰρ
1467 1860 1535 1915 τὰ
1582 1862 1761 1916 πάντα

160 1945 231 1997 δι’
286 1947 459 2017 αὐτὴν
509 1949 538 2001 ὁ
586 1948 819 2019 Χριστὸς
860 1948 1172 2018 ὑπέμεινεν,
1213 1951 1436 2016 εἰκότως
1485 1952 1626 2023 μετὰ
1661 1954 1761 2016 τὰς

163 2037 299 2108 περὶ
340 2038 507 2091 αὐτοῦ
534 2042 870 2111 προρρήσεις
913 2041 1166 2113 ἐπιφέρει
1210 2042 1416 2111 λέγων·
1450 2062 1469 2093 ι
1507 2045 1759 2115 Εὐφράν-

160 2128 292 2197 θητι
333 2130 523 2201 στείρα
553 2133 587 2202 ἡ
619 2132 682 2184 οὑ
721 2131 1000 2195 τίκτουσα,
1034 2134 1194 2204 ῥῆξον
1233 2136 1326 2187 καὶ
1359 2133 1551 2206 βόησον
1585 2137 1618 2206 ἡ
1657 2137 1759 2189 ούκ

156 2223 460 2276 ὠδίνουσα·
499 2225 582 2278 ὅτι
616 2225 784 2279 πο)λά
816 2226 885 2280 τά
920 2227 1087 2281 τέκνα
1125 2227 1226 2298 τῆς
1258 2228 1466 2299 ἐρήμου
1497 2229 1696 2299 μᾶλλον
1722 2229 1755 2301 ἢ

154 2316 262 2384 τῆς
295 2316 530 2387 ἐχούσης
561 2318 653 2371 τὸν
684 2318 874 2391 ἄνδρα.
902 2315 1039 2372 Εἷπε
1076 2319 1187 2391 γάρ
1217 2320 1447 2390 Κύριος’
1484 2319 1759 2375 Πλάτυνον

154 2406 252 2459 τὸν
289 2409 456 2464 τόπον
482 2408 584 2478 τῆς
608 2410 813 2480 σκηνῆς
842 2427 936 2464 σου
970 2413 1065 2465 καὶ
1094 2411 1204 2464 τῶν
1233 2412 1470 2466 αύλαιῶν
1498 2431 1613 2479 σου,
1651 2414 1754 2486 πῆ-

158 2498 272 2563 ξον,
321 2498 398 2570 μὴ
445 2501 610 2574 φείσῃ
641 2518 656 2532 ·
688 2502 953 2556 πλὰτυνον
999 2503 1069 2557 τὰ
1111 2505 1469 2576 σχοινίσματά
1498 2523 1611 2570 σου,
1660 2509 1756 2563 καὶ

154 2591 288 2653 τοὺς
314 2591 626 2655 πασσάλους
658 2609 752 2645 σου
781 2595 1134 2667 κατίσχυσον⁶
1167 2595 1246 2651 ἔτι
1282 2599 1362 2660 είς
1394 2599 1460 2652 τά
1488 2598 1638 2667 δεξιά
1662 2602 1755 2655 καὶ

157 2684 241 2745 είς
273 2681 343 2734 τά
372 2684 640 2755 ἀριστερά
679 2685 999 2749 ἐκπέτασον,
1032 2688 1126 2745 καὶ
1160 2688 1220 2741 τὸ
1251 2690 1473 2762 σπέρμα
1500 2710 1593 2745 σου
1626 2693 1751 2767 ἔθνη

155 2773 585 2846 κληρονομήσει.
621 2795 639 2826 ι
685 2777 950 2832 Ἐνταῦθα
985 2779 1044 2833 δὲ
1090 2779 1189 2851 τὴν
1224 2780 1284 2846 ἐξ
1315 2782 1493 2839 ὲθνῶν
1525 2785 1756 2857 Ἐκκλη-

159 2867 285 2920 σίαν
311 2866 434 2919 καθ’
461 2866 591 2934 ὅλης
610 2867 710 2938 τῆς
739 2869 1064 2940 οίκουμένης
1097 2871 1490 2946 ὲξηπλωμένην
1523 2877 1618 2929 καὶ
1647 2877 1754 2932 ἀπὸ

156 2961 439 3016 ἀνατολῶν
462 2962 615 3032 ἡλίου
645 2963 807 3034 μέχρι
832 2963 1050 3034 δυσμῶν
1081 2967 1516 3038 παρατείνουσαν
1541 2970 1570 3022 ὁ
1595 2970 1753 3040 λόγος

156 3053 598 3121 εὐαγγελίζεται,
636 3054 949 3123 σαφέστατα
998 3055 1158 3110 τοῦτο
1202 3060 1473 3129 παριστὰς
1499 3060 1587 3114 διὰ
1618 3061 1713 3116 τοῦ
1735 3081 1749 3094 ο

161 3165 185 3197 ι
222 3146 334 3198 Καὶ
357 3146 424 3198 τὸ
458 3146 679 3217 σπέρμα
722 3162 817 3200 σου
841 3146 968 3219 ἔθνη
1004 3148 1422 3223 κληρονομήσει.
1455 3172 1474 3203 ι
1500 3153 1752 3220 ΙΙλείονος

156 3237 216 3291 δὲ
238 3235 564 3308 ἐξεργασίας
592 3238 859 3309 δεομένων
885 3239 994 3293 τῶν
1023 3240 1166 3295 κατά
1191 3243 1283 3296 τὸν
1305 3244 1490 3310 τόπον,
1521 3247 1752 3318 ἀρκούν-

154 3346 269 3392 τως
314 3331 412 3382 ἐπὶ
463 3329 560 3383 τοῦ
626 3332 894 3403 παρόντος
943 3332 1098 3387 ταῦθ’
1159 3337 1292 3406 ἡμῖν
1344 3338 1747 3411 ὲπιτετμήσθω.

158 3420 397 3474 Πλεῖπα
422 3421 468 3475 δ’
497 3421 564 3475 ἂν
599 3424 692 3475 καὶ
716 3423 878 3487 αὐτὸς
902 3425 997 3478 ἐπὶ
1047 3428 1243 3499 σχολῆς
1275 3430 1635 3496 ἀναλέξασθαι
1662 3433 1752 3486 δύ-

156 3530 279 3567 ναιο
318 3515 449 3584 περὶ
476 3512 573 3567 τοῦ
608 3516 988 3587 προκειμένου.
1025 3518 1136 3571 Καὶ
1172 3522 1204 3590 ἡ
1239 3522 1489 3592 παροῦσα
1518 3523 1575 3578 δὲ
1605 3541 1750 3599 πρα-

156 3606 404 3675 γματεὶα
445 3607 547 3677 τῆς
587 3607 948 3679 εὐαγγελικῆς
996 3609 1325 3679 ἀποδείξεως
1373 3615 1516 3672 κατά
1561 3616 1749 3687 καιρὸν

158 3696 371 3751 ἕκαστα
426 3696 807 3768 παραδώσεταί
860 3715 919 3751 τε
972 3699 1066 3751 καὶ
1118 3700 1468 3771 ἑρμηνεύσει.
1507 3703 1658 3767 Τέως
1692 3703 1749 3756 δὲ

104 3790 111 3794 ’
158 3789 256 3841 ἰπὶ
283 3787 379 3841 τοῦ
414 3788 678 3859 παρόντος
716 3788 818 3860 τῆς
844 3788 954 3842 τῶν
996 3791 1294 3861 προφητῶν
1346 3793 1475 3862 περὶ
1514 3794 1615 3865 τῆς
1652 3794 1747 3848 τοῦ

158 3880 416 3951 Σωτῆρος
434 3879 591 3951 ἡμῶν
620 3882 1001 3953 προρρήσεως,
1029 3883 1223 3947 καὶσώς
1254 3886 1417 3938 πᾶσιν
1441 3885 1750 3959 ἀνθρώποις

155 3973 258 4043 τὴν
287 3971 400 4025 τῶν
435 3971 736 4042 μελλόντων
764 3973 984 4042 ἀγαθῶν
1014 3976 1313 4046 παρουσίαν
1345 3976 1745 4047 εὐηγγελίζετο,

160 4063 363 4128 ἱκανῶς
393 4064 509 4134 ἔχει
532 4064 602 4117 τά
626 4067 745 4137 είρη
756 4065 912 4134 μένα,
939 4068 1430 4138 πρωναφωνοῦντα
1468 4070 1746 4141 προφήτου

154 4156 301 4219 τινὸς
325 4155 531 4226 ἄφιξιν,
564 4157 659 4210 καὶ
689 4158 969 4213 εὐσέϐειαν
996 4160 1285 4231 νομοθέτου
1316 4162 1542 4215 Μωύσεί
1572 4179 1749 4235 παρα-

155 4247 411 4319 πλησίου,
441 4248 598 4316 γένος
628 4266 687 4302 τε
722 4249 906 4314 αὑτοῦ,
949 4249 1043 4302 καὶ
1087 4250 1279 4320 φυλὴν,
1308 4251 1401 4304 καὶ
1438 4250 1600 4304 τόπον
1626 4251 1747 4305 ὅθεν

158 4340 569 4411 προελεύσεται,
595 4342 784 4413 χρόνον
822 4356 883 4394 τε
914 4342 1039 4396 καθ’
1061 4342 1120 4395 ὃν
1146 4343 1287 4413 ἡξει,
1346 4344 1746 4415 προφητεύεται

1779 3106 1826 3167 C

1862 1878 2078 1933 gamus.
2111 1862 2204 1933 qui
2226 1869 2488 1932 tanquam
2513 1860 2632 1916 ovis
2671 1860 2738 1915 ad
2766 1859 3099 1917 occisionem
3129 1858 3202 1914 sit
3219 1857 3439 1922 ductus,

1861 1965 1917 2011 et
1962 1957 2034 2011 ab
2084 1956 2468 2026 iniquitatibus
2511 1953 2726 2009 Judaici
2751 1952 2938 2023 populi
2964 1951 3198 2007 traditus
3249 1949 3323 2004 sit
3369 1948 3440 2003 ad

1861 2055 2113 2114 mortem,
2141 2056 2196 2102 et
2226 2062 2350 2102 cum
2388 2047 2592 2117 iniquis
2642 2046 2938 2115 deputatus
2962 2083 2978 2107 .
3036 2042 3443 2112 sepultumque

1860 2137 2277 2194 commendatus
2313 2176 2328 2200 ,
2365 2135 2565 2192 deinde
2591 2142 2857 2205 purgatus
2897 2148 2928 2188 a
2965 2131 3242 2188 Domino?
3270 2140 3325 2187 et
3351 2132 3442 2186 lu-

1858 2244 1977 2283 cem
2003 2243 2170 2298 penes
2193 2244 2253 2284 se
2273 2228 2497 2283 visurus
2527 2227 2622 2290 sit,
2652 2232 2709 2280 et
2733 2224 3032 2280 multorum
3064 2221 3438 2278 haereditatem

1858 2326 2283 2385 consecuturus,
2309 2328 2364 2373 et
2394 2317 2512 2375 suis
2542 2317 2719 2387 spolia
2753 2315 3036 2372 divisurus
3071 2314 3095 2370 i
3142 2312 3252 2370 Sed
3282 2315 3442 2369 aliter

1858 2425 2079 2482 quoque
2109 2409 2176 2464 de
2200 2410 2350 2465 illius
2378 2408 2561 2463 reditu
2588 2408 2646 2462 in
2670 2407 2862 2470 vitam,
2892 2412 3018 2476 post
3053 2410 3282 2460 mortem
3306 2403 3443 2458 dicit

1858 2504 2095 2575 quodam
2128 2504 2249 2557 loco
2287 2502 2597 2557 vaticinans
2621 2499 2791 2554 David
2820 2517 2886 2556 ex
2925 2513 3159 2570 persona
3179 2497 3384 2554 Christi
3420 2515 3435 2552 :

1863 2617 1881 2648 ε
1918 2596 2038 2651 Non
2067 2597 2347 2666 relinques
2376 2595 2618 2649 animam
2677 2609 2854 2648 meam
2906 2592 2963 2648 in
2994 2592 3232 2657 inferno,
3263 2606 3441 2661 neque

1856 2690 2014 2745 dabis
2045 2696 2297 2744 sanctum
2342 2703 2494 2743 tuum
2526 2688 2714 2743 videre
2747 2687 3157 2757 corruptionem
3190 2684 3259 2738 "'.
3318 2699 3340 2735 ι
3374 2681 3440 2735 Et

1856 2782 1984 2837 alibi
2020 2799 2067 2836 ει
2099 2779 2349 2845 Domine,
2366 2780 2609 2835 eduxisti
2637 2779 2707 2832 ab
2730 2778 2946 2833 inferno
2973 2778 3211 2831 animam
3239 2789 3437 2836 meam.

1857 2870 2079 2926 salvasti
2129 2885 2216 2924 me
2256 2884 2287 2924 a
2337 2868 2808 2925 descendentibus
2863 2868 2921 2921 in
2966 2867 3148 2921 lacum
3186 2866 3258 2921 ⁸³.
3314 2884 3333 2918 ι
3370 2863 3439 2918 Et

1854 2961 1983 3016 alibi
2012 2980 2025 3016 :
2058 2979 2077 3012 ι
2112 2960 2216 3041 Qui
2242 2961 2451 3016 cxaltas
2483 2975 2570 3015 me
2596 2959 2664 3015 de
2686 2960 2859 3029 portis
2892 2958 3103 3023 mortis,
3136 2962 3196 3012 ut
3221 2971 3438 3011 annun-

1855 3055 1983 3110 tiem
2036 3069 2228 3109 omnes
2292 3053 2637 3109 laudationes
2704 3060 2829 3108 tuas
2863 3053 2934 3107 ⁸⁸.
2988 3071 3008 3105 ι
3062 3051 3266 3107 Contra
3317 3064 3438 3104 om-

1854 3147 1946 3202 nia
1992 3147 2109 3202 baac
2153 3145 2441 3201 intendere
2470 3146 2636 3199 ullam
2684 3145 2882 3207 aciem,
2918 3159 2988 3200 ne
3022 3143 3437 3211 inimicissimos

1851 3238 2073 3310 quidem
2105 3248 2268 3307 atque
2298 3238 2704 3308 ingratissimos
2721 3252 2882 3308 posse
2910 3237 3167 3291 arbitror.
3205 3233 3436 3290 Verum-

1853 3337 2034 3386 tamen
2063 3330 2186 3400 ejus
2225 3330 2522 3402 prOplietia:
2553 3331 2863 3394 conclusio,
2893 3330 3053 3399 cujus
3080 3338 3274 3387 auctor
3320 3326 3438 3384 Isa-

1853 3425 1956 3489 ias,
1999 3424 2240 3480 sterilem
2267 3424 2414 3478 illam
2443 3423 2721 3493 quondam
2752 3431 2808 3479 et
2833 3423 3105 3479 desertam
3135 3438 3165 3477 a
3190 3421 3302 3477 Deo
3323 3422 3437 3477 ani-

1853 3530 2019 3579 mam,
2049 3523 2144 3570 aut
2172 3517 2353 3585 potius
2379 3514 2681 3569 Ecclesiam
2723 3515 2791 3569 de
2816 3513 3073 3584 gentibus
3123 3514 3433 3577 collectam,

1853 3608 1991 3663 laetis
2026 3608 2276 3671 vocibus,
2336 3608 2598 3677 bonoque
2640 3607 2835 3661 nuntio
2867 3607 3245 3677 prosequitur,
3305 3620 3434 3660 cum

1852 3701 1961 3756 illis
1993 3700 2182 3771 utique
2204 3701 2665 3770 recordans,quae
2686 3700 2799 3769 jam
2835 3700 3186 3770 contemplati
3218 3713 3431 3755 sumus.

1850 3790 1986 3846 Nam
2049 3808 2173 3847 cum
2215 3800 2439 3863 propter
2459 3807 2584 3847 eam
2614 3792 2869 3847 Christus
2910 3792 3095 3846 omnia
3120 3791 3427 3860 pertulerit,

1851 3884 2047 3941 merito
2090 3892 2214 3955 post
2252 3899 2314 3939 ea
2346 3923 2363 3949 ,
2418 3899 2540 3955 quas
2569 3884 2637 3939 de
2666 3885 2760 3939 illo
2793 3884 3045 3955 praedixit
3066 3922 3083 3948 ,
3133 3881 3380 3952 adjungit
3410 3895 3429 3938 :

1856 3994 1876 4027 ι
1906 3974 2139 4040 Laztare,
2174 3976 2374 4045 inquit,
2411 3976 2613 4031 sterilis
2644 3991 2768 4046 qua;
2795 3991 2904 4030 non
2926 3975 3100 4046 paris,
3130 3974 3433 4030 vociferare

1848 4077 1904 4123 et
1932 4069 2132 4131 clama,
2174 4082 2296 4137 qua:
2328 4083 2436 4121 non
2471 4069 2713 4138 parturis
2748 4082 2761 4120 :
2812 4069 3073 4138 quoniam
3126 4069 3282 4122 multi
3333 4068 3431 4123 lilii

1848 4159 2080 4216 deserta:
2108 4162 2303 4231 magis,
2335 4175 2500 4232 quam
2553 4162 2675 4231 ejus
2701 4177 2824 4232 quae
2860 4162 3025 4217 habet
3053 4162 3254 4216 virum.
3288 4160 3432 4217 Dixit

1849 4253 1993 4306 enim
2035 4253 2339 4309 Dominus:
2378 4254 2555 4308 Dilata
2594 4257 2777 4309 locum
2813 4254 3034 4309 tentorii
3094 4255 3198 4319 tui,
3225 4264 3280 4308 et
3309 4255 3427 4323 pel-

1849 4345 1929 4400 les
1954 4345 2438 4402 tabernaculorum
2476 4355 2693 4402 tuorum
2724 4346 2847 4416 ﬁge,
2878 4362 2948 4401 ne
2980 4361 3214 4416 parcas:
3260 4346 3427 4399 dilata

156 4436 253 4486 καὶ
281 4435 521 4502 γένεσιν,
558 4438 654 4490 καὶ
682 4437 959 4510 τελευτὴν,
992 4441 1084 4492 καὶ
1106 4440 1421 4505 ἀναϐίωσιν,
1452 4444 1545 4496 καὶ
1574 4444 1745 4515 ἀρχὴν
1778 4455 1812 4509 ι]

1854 4436 2126 4491 funiculos
2161 4445 2306 4501 tuos,
2331 4447 2386 4491 et
2436 4438 2620 4493 clavos
2646 4449 2766 4493 tuos
2804 4439 3134 4493 corrobora:
3192 4439 3429 4508 amplius

152 4524 255 4595 τὴν
282 4524 429 4578 κατά
466 4526 684 4580 πάντων
712 4526 912 4581 ἐθνῶν·
956 4528 993 4583 ἀ
1033 4529 1096 4598 δὴ
1144 4530 1320 4583 πάντα
1352 4532 1619 4604 παρέστη,
1648 4535 1742 4587 καὶ

155 4615 236 4669 ἔτι
272 4615 474 4686 μᾶλλον
495 4616 585 4670 διά
608 4618 716 4671 τῶν
743 4619 870 4689 ἑξῆς
901 4622 1312 4693 παραστήσεται
1346 4624 1439 4676 ἐπὶ
1468 4625 1626 4695 μόνον
1651 4625 1742 4677 τὸν

154 4708 388 4780 Σωτῆρα
419 4709 515 4762 καὶ
554 4710 756 4783 Κύριον
807 4712 963 4784 ήμῶν
1008 4718 1533 4788 συμπεπερασμένα.
1583 4718 1743 4775 Ἀλλὰ

153 4799 330 4853 ταῦτα
363 4800 463 4871 μὲν
506 4803 613 4855 ἀπὸ
652 4804 761 4857 τῶν
804 4804 962 4879 ἱερῶν
1006 4806 1201 4875 λογίων
1252 4812 1365 4873 τοῖς
1396 4812 1742 4867 πιστεύουσιν

153 4892 341 4955 αὐτοῖς
376 4893 831 4965 παρατεθήσεται·
857 4899 969 4960 τοῖς
1000 4897 1044 4949 δ’
1067 4897 1351 4952 ἀπειθοῦσι
1381 4905 1500 4965 ταῖς
1530 4919 1742 4976 προφη-

154 4986 336 5047 τικαίς
366 4984 612 5055 Γραφαῖς
656 4986 801 5050 ίδίως
834 4988 1238 5061 ἀπαντήσομεν,
1280 4992 1356 5056 ὡς
1384 4995 1515 5065 περὶ
1546 4995 1740 5068 ἀνδρὸς

155 5076 358 5141 κοινοῦ,
392 5077 488 5130 καὶ
520 5081 631 5142 τοῖς
664 5078 874 5143 λοιποῖς
902 5082 1281 5154 παραπλησίου
1312 5084 1450 5149 τέως
1480 5086 1580 5159 τὴν
1619 5088 1737 5153 ἐξέ-

154 5188 311 5226 τασιν
338 5174 652 5246 ποιούμενοι
669 5193 683 5207 ’
708 5176 817 5242 ἵνα,
841 5179 1039 5232 ὁπόταν
1075 5180 1292 5234 πάντων
1326 5181 1434 5236 τῶν
1461 5183 1519 5250 ἐξ
1545 5185 1736 5250 αἰῶνος

157 5262 459 5333 βοηθέντων
480 5267 536 5318 ἐν
570 5265 899 5337 ἀνθρώποις,
948 5270 1081 5325 πολὺ
1127 5259 1392 5343 κρείττων
1422 5276 1737 5349 ἀσυγκρίτῳ

154 5354 396 5426 ὑπεροχῇ
430 5356 524 5410 καὶ
560 5357 834 5431 διαφέρων
876 5362 1143 5433 ἀναφανῇ,
1183 5365 1500 5435 τοτηνικόιδε
1532 5368 1627 5421 καὶ
1668 5368 1736 5423 τά

157 5447 282 5516 περὶ
306 5446 410 5517 τῆς
437 5447 714 5522 θειοτέρας
745 5452 911 5505 αὑτοῦ
940 5456 1151 5523 φύσεως
1182 5457 1323 5510 κατά
1347 5459 1536 5530 καιρὸν
1561 5460 1735 5515 διαλά-

155 5534 358 5605 ϐωμεν,
393 5535 453 5603 ἐξ
484 5538 730 5611 ἐναργῶν
757 5539 864 5594 τιῖιν
889 5542 1213 5608 ἀποδείξεων
1239 5546 1629 5615 παριστῶντες,
1658 5546 1733 5610 ὡς

1847 4530 1915 4585 ad
1946 4528 2191 4585 dextram
2217 4540 2270 4587 et
2293 4530 2361 4586 ad
2392 4531 2670 4586 sinistram
2697 4530 2946 4595 extende,
2976 4538 3031 4585 et
3062 4546 3245 4585 semen
3275 4538 3427 4585 tuum

1846 4637 2036 4698 gentes
2092 4624 2433 4680 liaareditabit
2461 4625 2526 4677 ³ο.
2573 4643 2591 4674 ι
2628 4623 2726 4679 llis
2778 4632 2958 4678 autem
3014 4623 3199 4678 verbis
3240 4622 3428 4677 Eccle-

1848 4721 1988 4775 siam
2020 4719 2089 4774 de
2112 4717 2368 4790 gentibus
2400 4716 2710 4779 collectam,
2738 4726 2793 4771 et
2846 4724 2963 4769 toto
2991 4716 3122 4769 orbe
3153 4724 3423 4769 terrarum

1846 4810 2126 4874 diﬂ'usam,
2157 4819 2211 4863 et
2243 4809 2313 4863 ab
2341 4814 2463 4861 ortu
2522 4807 2656 4862 solis
2701 4806 2767 4860 ad
2814 4821 3071 4862 occasum
3121 4814 3422 4869 extentam,

1846 4901 2131 4957 oraculum
2162 4901 2332 4956 laetari
2360 4900 2536 4969 jubet,
2563 4899 2882 4969 planissime
2905 4898 3008 4952 lloe
3034 4898 3212 4968 ipsum
3254 4898 3426 4968 signi-

1846 4995 2039 5061 ﬁcans,
2069 4995 2159 5049 ubi
2214 4996 2325 5048 ait:
2367 5011 2386 5044 ι
2424 4993 2490 5046 Ει
2518 5008 2703 5047 semen
2730 5003 2883 5045 tuum
2915 4999 3106 5062 gentes
3136 4991 3426 5047 haeredita-

1845 5085 1943 5140 bit.
1985 5106 2004 5138 ι
2038 5084 2173 5139 Cum
2204 5092 2385 5140 autem
2410 5085 2706 5154 longiorem
2732 5082 3170 5153 explanationem
3205 5082 3425 5138 deside-

1846 5186 1966 5234 rent
1984 5194 2068 5244 ea,
2098 5194 2220 5250 quae
2246 5179 2313 5233 ad
2364 5178 2510 5231 hunc
2542 5177 2722 5232 locum
2755 5184 3025 5246 spectant,
3071 5175 3286 5238 abunde
3323 5191 3421 5231 no-

1844 5272 1928 5326 bis
1959 5271 2075 5325 haec
2098 5270 2409 5341 compendii
2446 5271 2626 5324 locum
2666 5268 2984 5338 explebunt.
3028 5266 3163 5321 Nam
3186 5262 3258 5321 ἰο
3280 5282 3420 5337 quo-

1840 5376 1947 5430 que
1969 5375 2067 5430 per
2091 5360 2262 5415 otium
2286 5360 2457 5412 multa
2489 5359 2646 5429 plura
2671 5357 2938 5428 colligere
2950 5357 3174 5426 poteris,
3203 5371 3326 5426 qua:
3348 5357 3412 5411 ad

1841 5454 1982 5509 idem
2016 5453 2356 5524 propositum
2381 5459 2650 5521 spectent.
2683 5449 2787 5506 Sed
2805 5453 2981 5520 ipsum
3002 5465 3219 5522 quoque
3251 5463 3416 5503 evan-

1841 5547 2027 5619 gelicae
2061 5545 2548 5601 demonstrationis
2613 5546 2952 5614 propositum
2996 5543 3143 5615 quod
3176 5556 3322 5597 nunc
3354 5540 3413 5597 in

220 5695 270 5727 “
296 5697 404 5753 Isa.
435 5697 662 5767 1.11512.
739 5700 784 5732 "
814 5697 958 5755 Psal.
986 5718 1076 5769 xv,
1111 5702 1197 5757 10.
1275 5704 1321 5735 ⁸⁸
1342 5701 1484 5760 Psal.
1509 5705 1726 5767 κκιτμί.
1806 5706 1812 5735 ⁴

1876 5701 2018 5760 Psal.
2054 5719 2129 5768 Ix.
2160 5705 2245 5760 μ’».
2323 5704 2368 5735 ⁶⁰
2391 5705 2491 5760 lsa.
2515 5719 2624 5769 LI",
2656 5703 2771 5758 1-3.
