3828 6216
460 300 569 355 187

1143 306 1413 361 EUSEB"
1451 304 1929 362 CESARIENSIS
1968 306 2119 363 OPP.
2155 305 2338 360 PARS
2366 306 2432 361 ll.
2469 325 2537 346 -'-
2576 305 3073 362 APOLOGETICA.

3604 308 3707 366 £88

454 416 710 470 manibus
738 422 845 481 est,
872 417 1048 471 tradet
1085 435 1186 473 suo
1213 427 1457 491 tempore
1487 430 1652 489 atque
1691 426 1995 494 interpreta

2099 476 2100 480 η
2128 422 2228 474 οὐκ
2256 419 2599 491 ἀνθρωπείας
2631 421 2739 493 ἄρα
2771 417 2839 492 ἦν
2878 421 3092 490 φύσεως
3128 423 3161 492 ἡ
3190 421 3315 494 περὶ
3358 421 3519 476 αὐτὸν
3548 422 3706 479 δῦναι

452 506 602 562 bitur
628 507 863 577 singula.
910 508 1129 563 Interim
1179 526 1311 565 vero
1336 512 1480 582 quod
1530 514 1595 567 ad
1621 513 2025 584 praedictionem

452 597 960 669 divinationemque
1015 602 1392 671 propheticam
1425 604 1494 658 de
1524 603 1807 661 Salvatore
1834 615 2024 661 nostro

451 688 705 756 pertinet,
740 689 995 759 quodque
1027 690 1152 744 item
1180 692 1246 745 ad
1277 693 1331 747 id
1360 694 1504 763 quod
1530 710 1593 748 ea
1617 694 1897 764 praedictio
1912 710 2023 749 om-

450 794 553 834 nes
583 780 836 835 homines
886 797 1077 836 eorum
1120 782 1384 837 bonorum
1421 785 1576 854 102
1617 785 1853 840 adventu
1885 802 2022 856 gau-

449 869 578 926 dere
601 872 826 941 jubebat
850 887 972 942 quae
1002 875 1476 941 exspectabantur,
1506 876 1574 930 iis
1591 892 1711 945 quae
1728 876 1843 944 jam
1866 875 2013 931 dicta

448 969 579 1015 sunt
617 964 862 1016 contenti
917 979 1040 1018 esse
1092 979 1421 1033 possumus:
1453 981 1575 1037 quae
1612 967 1833 1034 quidem
1860 969 2020 1038 plane

449 1057 737 1110 enuntiant
763 1058 1041 1127 prophetae
1074 1058 1360 1126 cujusdam
1393 1058 1710 1124 adventum,
1737 1069 1792 1115 et
1840 1062 2018 1131 legum

447 1149 691 1202 auctoris
719 1149 971 1217 pietatem
1002 1150 1094 1218 qui
1126 1149 1257 1203 Mosi
1287 1150 1484 1206 similis
1522 1150 1736 1206 futurus
1766 1153 1857 1217 sit,
1891 1168 2021 1207 nec-

2135 530 2254 585 μις·
2285 508 2368 576 οἷς
2401 512 2705 576 ἀκολούθως
2735 514 2830 567 καὶ
2858 512 2928 567 τὰ
2949 514 3048 584 τῆς
3075 515 3197 567 κατ’
3220 514 3380 567 αὐτὸν
3407 513 3700 584 θεολογίας,

2129 606 2206 670 ὡς
2231 601 2342 660 οἷόν
2366 622 2427 658 τε
2455 606 2601 659 ἐστὶν
2627 608 2759 675 ἡμῖν
2780 604 3130 669 ἐποπτεῦσαι,
3160 605 3515 676 ποιησόμεθα.
3553 607 3700 660 Ἐπεὶ

2125 697 2305 750 τοίνυν
2323 697 2431 751 τῶν
2456 697 2699 750 ἀπίστων
2719 698 2768 750 οἱ
2798 697 3016 760 πλείους
3038 697 3209 767 γόητα
3232 697 3324 749 καὶ
3340 695 3547 751 πλάνον
3569 699 3701 752 ἀπο-

2127 788 2434 852 καλοῦντες,
2470 789 2563 843 καὶ
2594 789 2816 859 μυρίαις
2855 788 3041 852 ἄλλαις
3075 788 3430 859 κακηγορίαις
3465 787 3701 861 βλασφη-

2128 879 2354 951 μοῦντες
2395 880 2575 943 αὐτὸν,
2610 879 2763 933 οῦπω
2808 881 2900 933 καὶ
2946 879 3040 934 νῦν
3085 880 3368 941 παύονται,
3411 880 3565 951 φέρε,
3608 880 3699 934 καὶ

2124 971 2262 1041 πρὸς
2302 971 2522 1035 τούτους
2555 970 2997 1043 ἀποκρινώμεθα,
3039 969 3247 1024 οἴκοθεν
3289 971 3386 1041 μὲν
3430 970 3599 1035 οὐδὲν,
3640 969 3699 1038 ἐξ

2123 1060 2303 1115 αὐτῶν
2329 1061 2383 1114 δὲ
2417 1061 2525 1115 τῶν
2555 1061 2718 1116 αὑτοῦ
2758 1062 2970 1131 φωνῶν,
3006 1063 3096 1115 καὶ
3135 1058 3202 1133 ἦς
3245 1061 3527 1133 παρέδωκε
3553 1060 3699 1114 διδα-

2126 1152 2354 1217 σκαλίας
2375 1155 2475 1217 τὰς
2502 1152 2833 1225 παραθέσεις
2859 1152 3192 1223 ποιούμενοι.

446 1255 555 1294 non
614 1240 858 1309 ejusdem
918 1259 1108 1313 genus,
1156 1252 1211 1299 et
1272 1245 1496 1310 tribum,
1549 1254 1604 1301 et
1643 1247 1820 1300 locum
1875 1248 2019 1303 unde
2063 1249 2312 1303 exiturus
2346 1288 2360 1311 ,
2412 1257 2466 1303 et
2511 1256 2722 1319 tempus
2754 1264 2865 1318 quo
2908 1257 3170 1345 venturus
3227 1249 3318 1303 sit.
3353 1245 3699 1345 Vaticinatur

453 1337 719 1400 praeterea
743 1338 797 1387 et
827 1340 1033 1396 ortum,
1066 1344 1121 1388 et
1141 1342 1393 1397 mortem,
1446 1343 1499 1388 et
1528 1335 1761 1389 reditum
1791 1337 1846 1388 in
1866 1335 2055 1399 vitam,
2098 1342 2155 1390 et
2181 1336 2546 1405 principatum
2580 1336 2635 1389 in
2659 1337 2916 1390 omnibus
2943 1336 3217 1406 gentibus,
3246 1351 3367 1405 quae
3403 1349 3535 1389 sane
3582 1335 3698 1401 jam

445 1436 678 1476 evenere
740 1424 966 1476 omnia:
1004 1432 1059 1477 et
1091 1425 1265 1494 magis
1317 1426 1483 1480 etiam
1543 1426 1804 1495 deinceps
1838 1440 1897 1481 ex
1940 1426 2027 1489 iis,
2071 1441 2195 1495 quae
2255 1426 2508 1481 dicentur
2559 1427 2875 1494 constabit,
2924 1428 2979 1481 in
3039 1443 3149 1481 uno
3183 1425 3463 1481 Salvatore
3496 1441 3561 1480 ac
3586 1424 3698 1480 Do-

444 1514 596 1568 mino
632 1525 823 1570 nostro
878 1531 942 1570 ea
1013 1518 1175 1571 linem
1225 1519 1524 1588 accepisse.
1577 1518 1683 1574 Sed
1719 1520 1833 1574 haec
1874 1535 1996 1589 quae
2027 1520 2094 1574 de
2131 1520 2338 1576 sanctis
2364 1520 2605 1576 oraculis
2626 1531 2849 1590 accepta
2871 1522 3056 1587 vides,
3097 1522 3166 1576 iis
3188 1521 3280 1590 qui
3311 1522 3559 1584 credunt,
3594 1536 3697 1574 ex-

440 1606 617 1675 posita
668 1614 838 1662 sunt:
872 1611 939 1665 iis
975 1620 1155 1664 autem
1204 1611 1298 1680 qui
1354 1626 1464 1665 non
1515 1612 1766 1677 credunt,
1802 1626 2052 1667 seorsum
2093 1613 2307 1668 obviam
2362 1615 2584 1684 scriptis
2627 1616 2960 1686 propheticis
2993 1617 3213 1682 ibimus,
3250 1626 3413 1688 atque
3476 1617 3697 1672 interim

440 1707 696 1767 tauquam
724 1697 791 1753 de
818 1701 1093 1754 communi
1122 1703 1260 1766 viro,
1298 1710 1353 1758 et
1381 1704 1474 1772 qui
1514 1704 1739 1773 reliquis
1764 1702 1928 1759 fuerit
1958 1705 2156 1760 similis
2200 1706 2547 1777 inquiremus
2591 1728 2604 1763 :
2649 1717 2708 1763 ut
2758 1726 2881 1764 cum
2931 1711 3190 1766 omnibus
3237 1713 3331 1781 qui
3374 1726 3616 1779 unquam
3667 1726 3697 1763 a

438 1789 662 1846 condito
689 1804 805 1843 aevo
855 1790 996 1845 inter
1032 1791 1282 1847 homines
1320 1793 1577 1847 celebrati
1614 1794 1726 1847 sint
1755 1831 1772 1856 ,
1823 1795 1995 1848 multo
2035 1796 2384 1864 prazstantior
2416 1806 2469 1851 et
2519 1797 2932 1868 incomparabili
2992 1799 3227 1868 quadam
3283 1800 3576 1855 eminentia
3608 1816 3701 1854 su.

438 1882 619 1953 perior
675 1882 1009 1950 apparuerit,
1050 1898 1174 1937 cum
1203 1899 1267 1938 ea
1293 1900 1513 1955 quoque
1553 1900 1675 1955 quae
1718 1885 1787 1939 ad
1829 1885 2149 1941 diviniorem
2189 1888 2309 1957 ejus
2336 1896 2589 1942 naturam
2642 1897 2895 1960 spectant
2936 1898 3330 1959 pertractemus
3368 1911 3381 1947 :
3431 1899 3487 1947 et
3544 1892 3697 1963 quod

436 1966 615 2021 virtus
652 1984 774 2037 quae
813 1970 869 2024 in
911 1972 1005 2027 illo
1052 1982 1173 2029 erat
1223 1976 1371 2029 nulla
1424 1977 1662 2030 humana
1693 1986 1892 2031 natura
1945 1988 2242 2045 constaret,
2273 1981 2597 2037 certissimis
2638 1981 3194 2039 demonstrationibus
3222 1985 3642 2055 comprobemus
3677 2003 3694 2041 :

434 2056 628 2113 ordine
678 2060 935 2131 deinceps
966 2074 1245 2134 sequetur,
1278 2076 1339 2121 ut
1369 2082 1433 2122 ea
1467 2083 1833 2137 proponamus
1855 2070 2272 2140 contemplanda
2296 2087 2397 2140 pro
2426 2072 2655 2131 viribus.
2684 2087 2805 2142 quae
2858 2074 2926 2128 ad
2977 2089 3095 2129 eam
3147 2075 3473 2145 theologiam
3524 2079 3698 2146 perti-

435 2157 586 2210 nent,
618 2165 738 2219 qua:
777 2148 937 2206 illum
970 2156 1249 2224 complexa
1278 2164 1383 2212 est.
1430 2157 1696 2224 Quoniam
1736 2159 1901 2229 igitur
1932 2160 2107 2228 major
2159 2175 2285 2229 pars
2319 2177 2505 2215 eorum
2536 2161 2630 2231 qui
2679 2178 2788 2217 non
2835 2165 3088 2231 credunt,
3121 2175 3318 2221 vocant
3346 2169 3497 2222 illum
3548 2184 3695 2239 pra-

414 2240 774 2309 ‘stigiatorem
829 2258 893 2296 ac
942 2245 1322 2314 seductorem,
1383 2251 1627 2320 aliasque
1661 2251 2089 2308 innumerabiles
2126 2252 2430 2308 calumnias
2473 2252 2529 2307 in
2560 2254 2711 2308 illum
2762 2257 3173 2312 exsecrabiliter
3222 2259 3453 2326 jactant,
3498 2277 3563 2315 ac
3621 2278 3693 2317 ne

434 2350 583 2389 nunc
614 2337 833 2406 quidem
881 2337 1142 2394 desinunt
1179 2343 1453 2411 ejusmodi
1476 2347 1673 2415 probra
1701 2348 2033 2417 contingere,
2076 2355 2290 2416 tempus
2314 2347 2427 2416 jam
2459 2349 2674 2402 videtur
2727 2365 2849 2405 esse
2907 2360 2967 2406 ut
3002 2355 3164 2408 etiam
3197 2355 3321 2410 istis
3348 2358 3686 2426 respondea-

433 2441 577 2491 mus,
615 2429 684 2483 de
735 2440 923 2487 nostro
974 2434 1192 2503 quidem
1240 2437 1377 2492 nihil
1406 2438 1719 2506 aﬂerentes,
1780 2443 1875 2497 sed
1904 2442 1972 2497 de
2016 2441 2266 2498 doctrina
2301 2458 2463 2513 quam
2494 2444 2612 2514 ipse
2658 2445 2956 2515 publicavit
2987 2459 3366 2518 assumentes,
3405 2454 3551 2523 quod
3593 2454 3691 2508 hic

434 2534 794 2589 apponamus.

431 2633 519 2689 Ill.
549 2635 811 2692 Adversus
847 2655 934 2693 eos
965 2642 1055 2710 qui
1084 2641 1351 2725 leristum
1373 2646 1466 2700 Dei
1486 2648 1809 2704 seductorem
1828 2651 1993 2720 fuisse

2099 2644 2167 2699 Γ.
2203 2643 2358 2711 Πρὸς
2380 2642 2521 2709 τοὺς
2543 2642 3221 2731 πέάνονεύπειέῖηέοότίις
3244 2655 3548 2723 γεγονέναι
3575 2661 3689 2716 τὸν

1039 2714 1371 2768 existimant.

497 2794 875 2870 lnterrogandi
913 2802 1078 2871 igitur
1098 2813 1248 2871 sunt,
1286 2822 1416 2860 num
1442 2809 1567 2878 quis
1596 2826 1836 2881 unquam
1855 2812 1996 2867 alius

431 2888 558 2943 huic
589 2890 783 2948 similis
816 2892 1077 2949 seductor
1105 2913 1173 2950 ex
1205 2898 1454 2955 historiis
1486 2902 1731 2971 ipsorum
1762 2904 1997 2973 proferri

429 2982 625 3049 possit,
654 2984 749 3054 qui
778 2986 1240 3058 mansuetudinis,
1258 2993 1570 3061 probitatis,
1600 2999 1993 3066 temperantiae,

426 3073 716 3144 omnisque
742 3078 966 3146 reliqua:
1007 3080 1225 3137 virtutis
1268 3084 1335 3140 iis
1383 3101 1523 3155 quos
1569 3090 1845 3144 seduxerit
1883 3108 1997 3146 ma—

427 3167 598 3236 gister
626 3175 680 3221 et
709 3177 903 3223 auctor
932 3174 1203 3228 exstiterit
1230 3195 1242 3229 :
1279 3185 1333 3231 et
1360 3187 1541 3233 utrum
1565 3180 1649 3236 fas
1676 3185 1748 3238 sit
1798 3185 1866 3240 iis
1896 3201 1997 3241 no-

427 3256 668 3311 minibus
703 3273 899 3314 vocare
924 3276 1069 3315 eum:
1107 3265 1199 3333 qui
1232 3281 1302 3320 ne
1332 3267 1533 3324 intueri
1599 3273 1818 3341 quidem
1870 3291 1994 3331 mu-

426 3346 615 3400 lierem
648 3362 771 3402 cum
800 3352 1064 3419 petulanti
1097 3356 1398 3424 cupiditate
1445 3362 1741 3429 permittit:
1774 3372 1829 3418 et
1863 3382 1992 3421 num

426 3435 476 3489 is
527 3437 803 3502 seductor,
836 3441 927 3508 qui
968 3457 1243 3499 summum
1302 3447 1658 3520 philosophiae
1718 3453 1991 3526 fastigium

425 3526 760 3592 tradiderit,
825 3531 1237 3605 discipulosque
1291 3554 1423 3595 suos
1485 3543 1780 3610 docuerit,
1845 3563 1993 3617 quze-

409 3616 640 3690 'cunque
707 3623 1043 3692 possideant}
1086 3628 1265 3694 bona,
1344 3633 1714 3703 indigentibus
1792 3638 1994 3709 imper-

426 3709 539 3773 tiri,
581 3717 634 3764 et
684 3711 887 3767 laboris
940 3715 1181 3770 studium
1254 3734 1320 3774 ac
1356 3721 1766 3779 beneﬁcentiam
1836 3728 1991 3800 103

423 3801 642 3868 plurimi
707 3803 886 3859 facere
944 3824 959 3859 :
1020 3815 1073 3860 et
1125 3816 1304 3863 utrum
1359 3813 1614 3870 seductor
1667 3818 1733 3881 is,
1793 3821 1887 3887 qui
1936 3821 1989 3874 in

423 3892 770 3948 multitudine
825 3897 1076 3965 populari
1125 3939 1142 3963 ,
1197 3901 1249 3954 in
1292 3903 1503 3971 plebeio
1567 3907 1989 3980 turbulentoque

418 3995 584 4050 grege
614 3985 816 4041 versari
848 3987 1119 4054 prohibet,
1155 3992 1330 4044 solum
1361 4001 1541 4061 autem
1577 4011 1758 4050 rerum
1787 3999 1991 4054 divina-
2016 4022 2058 4078 ο

419 4087 539 4125 rum
569 4074 811 4128 studium
845 4092 942 4130 sua
983 4078 1237 4134 doctrina
1285 4086 1649 4139 commendat.
1687 4086 1791 4152 Qui
1826 4104 1988 4158 porro

416 4161 534 4215 tieri
567 4160 766 4230 potest,
804 4173 863 4217 ut
909 4166 955 4219 is
1001 4168 1197 4221 merito
1237 4170 1552 4225 nominetur
1584 4171 1862 4240 seductor,
1893 4177 1985 4245 qui

414 4259 470 4305 et
515 4252 585 4306 ab
625 4254 772 4307 omni
826 4257 1110 4312 mendacio
1152 4259 1447 4325 deterreat,
1494 4272 1547 4316 et
1591 4263 1658 4317 ad
1701 4268 1984 4323 veritatem

414 4353 608 4410 praeter
631 4356 825 4400 cuncta
856 4348 960 4401 alia
988 4352 1421 4419 amplectendam
1445 4354 1805 4412 adhortetur?
1833 4366 1892 4413 ut
1917 4376 1986 4415 ne

406 4430 533 4499 jure
578 4435 796 4502 quidem
837 4436 1075 4505 jurando
1127 4440 1255 4494 velit
1302 4458 1402 4497 nos
1452 4445 1736 4516 indigere?
1779 4458 1984 4518 quanto

410 4532 591 4577 autem
637 4527 816 4582 minus
863 4530 1138 4598 perjurio?
1171 4553 1189 4583 ι
1220 4531 1301 4587 Sit
1345 4536 1490 4590 enim
1538 4554 1718 4595 sermo
1754 4550 1976 4599 vester:

414 4609 529 4675 Est,
561 4622 645 4667 est
673 4633 685 4668 :
714 4632 839 4680 non,
877 4634 986 4671 non
1011 4621 1052 4650 ⁸³
1080 4639 1094 4673 :
1132 4639 1152 4671 ι
1189 4631 1243 4674 et
1271 4624 1401 4691 quid
1430 4641 1515 4680 me
1541 4628 1695 4696 plura
1729 4632 1981 4701 colligere

407 4711 644 4774 oportet,
682 4722 805 4761 cum
839 4724 902 4762 ex
940 4709 1029 4774 iis,
1061 4728 1184 4780 qua:
1217 4713 1328 4782 jam
1363 4716 1509 4771 dicta
1543 4727 1690 4784 sunt,
1724 4722 1884 4790 plane
1915 4725 1980 4777 li-

406 4803 526 4850 ceat
557 4797 790 4864 discere,
822 4802 1098 4870 quodnam
1130 4806 1295 4863 fuerit
1321 4809 1441 4878 ejus
1475 4812 1788 4881 reipublicae
1817 4815 1978 4869 insti~

405 4893 604 4951 tutum,
637 4906 760 4959 quae
806 4893 875 4947 ab
921 4895 1016 4949 illo
1046 4897 1189 4952 inter
1222 4900 1469 4958 homines
1501 4904 1568 4958 ad
1604 4906 1729 4960 vitae
1766 4908 1976 4961 utilita-

404 4984 507 5031 tem
533 4978 885 5038 disseminata
918 4988 1039 5041 est?
1066 5005 1133 5044 ex
1160 5007 1289 5060 qua,
1324 5009 1432 5048 non
1467 4995 1627 5051 modo
1670 5012 1778 5053 non
1810 5000 1975 5055 sedu-

403 5075 638 5134 ctorem,
663 5073 756 5127 sed
790 5091 913 5129 vere
940 5078 1180 5135 divinum
1203 5086 1513 5152 quemdam,
1543 5096 1598 5143 et
1630 5089 1825 5145 divina:
1862 5091 1975 5160 pie-

2586 2715 2849 2781 Χριστὸν
2877 2717 2984 2771 τοῦ
3019 2715 3191 2775 Θεοῦ.

2170 2805 2434 2858 Πευστέον
2474 2805 2538 2877 δὴ
2610 2806 2787 2859 αὐτῶν
2845 2808 3026 2862 εἴποτὲ
3080 2829 3164 2875 τις
3226 2814 3384 2880 ἄλλος
3442 2820 3686 2887 τοιοῦτος

2098 2896 2296 2960 πλάνος
2323 2897 2597 2968 ἱστόρηται
2625 2898 2947 2969 πραότητος,
2982 2902 3074 2955 καὶ
3119 2905 3438 2973 ἐπιεικείας,
3467 2929 3687 2985 σωφροο

2099 2988 2264 3058 σύνης
2314 3005 2373 3041 τε
2433 2990 2526 3042 καὶ
2568 2990 2669 3059 τῆς
2723 2990 2886 3063 ἄλλης
2930 2994 3130 3066 ἀρετῆς
3178 2998 3497 3067 διδάσκαλος
3564 3011 3684 3072 τοῖς

2098 3080 2475 3151 ἀπατωμένοις
2518 3081 2755 3151 γεγονὼς
2804 3084 3003 3148 αἴτιος·
3052 3088 3147 3141 καὶ
3197 3093 3246 3143 εί
3296 3091 3518 3163 θεμιτὸν
3565 3099 3684 3152 τού·

2097 3189 2208 3235 τοις
2256 3172 2551 3228 ἀποκαλεῖν
2604 3178 2715 3239 τοῖς
2768 3177 2994 3248 ὀνόμασι
3049 3196 3139 3233 τον
3199 3184 3333 3254 μηδὲ
3384 3187 3684 3256 ἐμϐλέπειν

2100 3263 2236 3334 μετὰ
2304 3264 2598 3336 ἐπιθυμίας
2637 3267 2937 3322 ἀκολάστου
2986 3271 3228 3338 γυναιξιν
3271 3276 3679 3351 ἐπιτρέψαντα.-

2096 3355 2188 3406 καὶ
2238 3355 2285 3406 εί
2338 3353 2534 3417 πλάνος
2576 3357 2604 3408 6
2654 3355 2752 3426 τὴν
2796 3360 2882 3421 ἐἰς
2928 3358 3095 3430 ἄκρον
3139 3362 3414 3432 παραδοὺς
3458 3368 3681 3435 φιλοσο-

2096 3445 2223 3514 φίαν
2255 3448 2312 3499 ὲν
2337 3446 2413 3517 τῷ
2440 3448 2566 3507 τοὺς
2595 3448 2853 3519 φοιτητὰς
2885 3451 3157 3505 παιδεύειν
3187 3454 3294 3506 τῶν
3321 3457 3680 3529 ὑπαρχόντων

2094 3533 2294 3586 ὲνδεέσι
2338 3539 2633 3598 κοινωνεῖν,
2680 3540 2773 3590 καὶ
2810 3539 2873 3591 τὸ
2906 3540 3186 3607 φιλόπονον
3233 3545 3325 3596 καὶ
3360 3552 3680 3603 κοινωνικὸν

2093 3625 2222 3696 περὶ
2256 3624 2450 3679 πολλοῦ
2484 3626 2745 3681 τίθεσθαι·
2777 3630 2870 3682 καὶ
2909 3632 2958 3683 εἰ
3003 3633 3201 3707 πλάνος
3243 3636 3272 3686 6
3322 3638 3421 3706 τῆς
3471 3640 3681 3711 πανδή-

2095 3732 2218 3785 μου,
2257 3718 2352 3771 καὶ
2390 3717 2665 3787 ἀγελαίου,
2710 3720 2804 3774 καὶ
2846 3720 3181 3793 θορυϐώδους
3235 3729 3522 3792 συνουσίας
3554 3731 3679 3784 ἁνε-

2091 3806 2311 3877 γείρων,
2336 3807 2599 3863 διδάσκων
2630 3809 2685 3862 δὲ
2714 3811 2879 3882 μόνην
2917 3812 3256 3878 ἀσπάζεσθαι
3297 3817 3395 3888 τὴν
3435 3823 3566 3891 περὶ
3605 3824 3679 3877 τὰ

2091 3896 2209 3951 θεῖα
2233 3899 2387 3968 λόγια
2420 3901 2634 3973 σχολήν.
2677 3903 2734 3955 '0
2783 3901 2841 3956 δὲ
2875 3906 3073 3970 παντὸς
3116 3908 3215 3977 μὲν
3266 3910 3502 3979 ψεύδους
3533 3916 3676 3969 ἁπο-

2090 3992 2326 4059 τρέπων,
2365 3994 2462 4064 τὴν
2497 3994 2543 4046 δ’
2584 3994 2836 4065 ἀλήθειαν
2885 3997 2987 4067 πρὸ
3024 4002 3224 4064 παντὸς
3261 4006 3424 4075 τιμᾷν
3464 4023 3672 4078 παραι-

2090 4080 2214 4134 νῶψ
2240 4083 2314 4146 ὡς
2345 4085 2466 4154 μηδ’
2489 4085 2739 4155 εὐορκίας
2768 4086 2993 4150 δεῖσθαι,
3029 4091 3223 4145 πολλοῦ
3251 4094 3333 4148 δεῖ
3363 4097 3671 4169 ἐπιορκείνο

2094 4189 2112 4221 ι
2142 4173 2320 4226 Ἔστω
2348 4174 2455 4246 γὰρ
2494 4176 2645 4246 ὑμῶν
2690 4176 2751 4229 τὸ
2780 4179 2888 4230 Ναὶ
2931 4181 3037 4244 ναὶ,
3076 4184 3136 4237 τὸ
3171 4185 3231 4238 οὓ
3267 4185 3346 4239 οῦ·
3390 4208 3409 4240 ι
3446 4191 3566 4254 πῶς
3603 4193 3674 4245 ἂν

2088 4262 2286 4329 πλάνος
2317 4266 2539 4332 ἐνδίκως
2571 4268 2932 4343 ὀνομασθείη;
2967 4275 3076 4327 Καὶ
3112 4276 3165 4327 τί
3202 4294 3268 4346 με
3300 4278 3405 4351 χρὴ
3445 4282 3672 4337 πλείονα

2085 4355 2178 4408 νῦν
2233 4356 2429 4426 λέγειν,
2477 4362 2650 4432 παρὸν
2688 4366 2752 4417 ὲκ
2806 4365 2913 4418 τῶν
2965 4367 3198 4436 πρόσθεν
3236 4371 3545 4441 εἰρημένων
3584 4377 3672 4439 τίς

2085 4462 2215 4499 ποτε
2255 4444 2323 4518 ἦν
2361 4450 2560 4521 τρόπος
2596 4453 2798 4520 γνῶναι
2839 4455 2937 4525 τῆς
2973 4457 3063 4509 ὑπ’
3094 4458 3259 4512 αὐτοῦ
3291 4465 3671 4535 κατασπαρεί-

2085 4557 2183 4613 σης
2205 4542 2280 4611 τῷ
2303 4541 2402 4612 βίῳ
2434 4542 2724 4607 πολιτείας,
2749 4546 2839 4614 ἀφ’
2871 4542 2938 4618 ἦς
2965 4549 3062 4618 οὐχ
3091 4549 3240 4613 ὅπως
3265 4552 3485 4617 πλάνον,
3525 4556 3669 4610 ἀλλά

2080 4649 2199 4685 τινα
2227 4633 2366 4686 θεῖον
2390 4634 2465 4697 ὡς
2492 4634 2723 4705 ἀληθῶς,
2761 4638 2853 4690 καὶ
2895 4638 3065 4703 θείας,
3103 4642 3195 4694 καὶ
3230 4643 3511 4708 εὐσεϐοῦς,
3547 4648 3666 4701 ἀλλ’

2079 4726 2141 4777 οὐ
2173 4725 2270 4795 τῆς
2312 4726 2496 4795 κοινῆς
2539 4727 2631 4778 καὶ
2673 4728 2950 4800 πανδήμου
3001 4730 3315 4802 φιλοσοφίας
3359 4738 3666 4809 εἰσηγητὴν

2078 4818 2186 4879 πᾶς
2223 4818 2251 4868 6
2303 4816 2600 4890 φιλαλήθης
2636 4820 2797 4872 αὐτὸν
2843 4822 3173 4895 ὁμολογήσαι
3210 4825 3309 4891 ἄνς
3370 4826 3474 4880 Τὸν
3528 4830 3663 4897 γοῦν

2078 4910 2190 4980 βίον
2220 4911 2327 4964 τῶν
2358 4911 2521 4965 πάλαι
2550 4912 2815 4982 θεοφιλῶν
2856 4914 3122 4985 Ἐϐραίων
3155 4916 3252 4988 ἤδη
3298 4934 3416 4982 πως
3461 4917 3525 4985 ἐξ
3567 4923 3664 4974 άν-

2077 5000 2307 5072 θρώπων
2355 5003 2669 5056 ἀπολωλότα
2725 5005 2885 5075 μόνος
2931 5007 3396 5079 ἀνανεωσάμενος,
3436 5013 3541 5066 οὐκ
3577 5017 3661 5080 είς

2076 5094 2297 5165 βραχεῖς
2337 5097 2430 5149 καὶ
2477 5098 2747 5167 μετρίους,
2801 5099 2913 5151 ἀλλ’
2945 5102 3025 5162 είς
3061 5100 3178 5153 ὅλον
3213 5103 3539 5171 ἐφαπλῶσαι
3565 5108 3661 5160 τὸν

400 5164 675 5229 tatemque
704 5165 962 5233 amplexae
994 5170 1371 5243 philosophiae,
1418 5193 1527 5232 non
1570 5182 1878 5238 communis
1910 5184 1974 5237 il-

2099 5164 2275 5258 ιόσμον
2305 5164 2678 5242 ἀποδέδεικται
2717 5190 2803 5243 διὰ
2834 5191 2928 5244 τοῦ
2971 5190 3184 5263 πρώτου
3220 5164 3659 5267 συγγράμματος

398 5249 504 5304 lius
555 5258 608 5305 et
660 5255 902 5345 vulgaris
952 5259 1423 5329 introductorem,
1483 5273 1663 5327 omnis
1722 5275 1970 5330 veritatis

2103 5249 2478 5352 ﬁc'rtapoﬁsq;
2507 5282 2835 5346 ὑποθέσεως·
2870 5284 2937 5337 δι’
2965 5249 3027 5336 οῦ
3056 5249 3318 5357 πάρεστιν
3336 5249 3658 5359 ’άνθιρίῦποιςῖ

396 5348 610 5395 amator
655 5333 730 5399 sit
761 5346 1137 5408 confessurus.
1195 5355 1328 5410 Nam
1382 5360 1527 5429 quod
1579 5363 1711 5416 illud
1753 5364 1966 5420 vivendi

2124 5333 2164 5351 ι·
2207 5333 2232 5334 π
2280 5333 2291 5352 ι
2433 5333 2475 5352 ου
2519 5333 2813 5346 νηνη--νπ
2877 5333 2920 5337 ’ν
2975 5333 3021 5336 --
3063 5333 3311 5357 ’νήτη-’ν
3345 5333 3655 5359 ν”Τ-ηννν

2104 5372 2165 5423 πὶ
2189 5372 2418 5444 σπείρας
2454 5376 2567 5436 τοῖς
2598 5373 2719 5427 καθ’
2755 5375 2881 5446 ὅλης
2923 5378 3021 5448 τῆς
3057 5380 3380 5452 οἰκουμένης
3418 5383 3512 5436 τὸν
3543 5386 3655 5439 τῶν

396 5428 748 5498 institutum,
818 5453 927 5508 quo
989 5440 1338 5500 Hebragorum
1399 5428 1806 5522 antiquissimi,
1863 5456 1959 5511 Dei

2103 5428 2332 5532 εοφιλῶν
2356 5428 2576 5519 ἐκείνων
2607 5467 2748 5536 ἀμφὶ
2769 5428 3139 5542 τδῖοΑέῥαὰμ
3165 5428 3391 5543 μῦρίους
3411 5492 3473 5528 τε
3493 5478 3655 5543 ὅσους

396 5520 577 5588 amici,
618 5523 718 5580 viri
764 5529 1080 5600 utebantur,
1113 5539 1366 5609 quodque
1394 5540 1505 5612 jam
1537 5520 1606 5601 ex
1648 5520 1959 5607 hominibus

2099 5520 2314 5622 ἠλωτὰς
2344 5555 2445 5611 οὐκ
2476 5553 2534 5619 ἐξ
2572 5520 2834 5628 Ἐλληνων

465 5673 507 5703 ⁶¹
558 5674 746 5734 Matth.
774 5698 826 5743 ν,
867 5683 956 5739 57.
