3828 6216
138 308 246 366 189

1068 304 1729 364 DEMONSTRATIONlS
1769 302 2232 360 EVANGELICE
2274 303 2401 358 LIB.
2439 302 2527 358 Ill.

3306 299 3414 357 190

140 429 241 499 τῆς
264 428 495 481 ἐκείνων
524 426 810 492 θεοσεϐοῦς
837 426 1112 490 πολιτείας
1140 425 1436 492 ἀποδεῖξαι.
1485 423 1648 477 Ἀλλά
1666 422 1735 477 τά

1836 423 2239 493 quodammodo
2290 422 2607 485 interierat,
2654 421 2807 476 solus
2865 418 2983 488 ipse
3034 417 3411 481 renovaverit,

143 519 244 589 μὲν
272 517 586 589 ἠθικώτερα
611 518 711 589 τῆς
736 517 1085 581 διδασκαλίας
1114 515 1280 570 αὑτοῦ
1311 515 1556 569 τοιαῦτα.
1598 514 1735 587 Φέρε

137 609 196 663 δὲ
232 607 567 680 σκεψώμεθα
620 611 693 681 μὴ
740 610 852 683 ἄρα
884 610 1018 662 ποτὲ
1044 611 1072 662 ὁ
1103 608 1302 672 πλάνος
1331 606 1482 678 αὐτῷ
1513 607 1642 679 περὶ
1667 606 1736 660 τά

139 702 457 774 κυριώτατα
490 702 600 755 τῶν
652 702 938 773 δογμάτων
969 701 1304 770 κατεγίνετο.
1331 694 1459 772 Ἆρ’
1494 694 1588 753 οὖν
1616 699 1737 770 οὐχὶ

143 795 293 865 μόνῳ
320 795 400 865 τῷ
435 793 771 865 παμϐασιλεῖ
798 795 919 866 Θεῷ
961 792 1040 865 τῷ
1082 793 1177 847 καὶ
1196 791 1451 864 οὐρανοῦ,
1483 792 1577 845 καὶ
1608 791 1734 862 γῆς,

140 888 238 940 καὶ
299 886 394 939 τοῦ
457 885 770 957 σύμπαντος
828 887 1032 957 κόσμου
1096 883 1412 957 δημιουργῷ
1456 883 1616 947 αὐτός
1674 899 1735 936 τε

138 978 502 1048 ἀνακείμενος
535 979 626 1031 καὶ
652 979 778 1041 τοὺς
811 976 1070 1049 φοιτητὰς
1104 977 1394 1048 προσάγων
1425 976 1755 1046 άναγέγραέ

140 1085 311 1134 πται;
347 1070 532 1123 Είσέτι
566 1086 626 1122 τε
661 1071 756 1125 καὶ
786 1069 946 1140 δεῦρο
986 1070 1035 1122 oi
1070 1070 1171 1139 τῆς
1194 1068 1542 1130 διδασκαλίας
1568 1065 1734 1120 αὑτοῦ

138 1159 289 1228 λόγοι
321 1162 501 1215 πάντα
536 1161 770 1233 Ἕλληνα
800 1163 893 1214 καὶ
923 1161 1196 1233 βάρϐαρον
1225 1161 1336 1214 άνω
1371 1159 1469 1231 τὴν
1497 1158 1734 1213 διάνοιαν

139 1252 280 1323 πρὸς
308 1252 404 1305 τὸν
435 1254 696 1306 ἀνωτάτω
721 1253 854 1306 Θεὸν
881 1254 1164 1322 ἀνάγουσι,
1201 1254 1386 1307 πᾶσαν
1411 1250 1613 1322 ὁρατὴν
1634 1250 1736 1319 φύ-

141 1361 227 1398 σιν
260 1345 633 1416 ὑπερόψαντα.
663 1342 809 1418 τΑρα
842 1342 935 1400 οὖν
979 1346 1052 1417 μὴ
1094 1346 1266 1409 οὕτως
1290 1342 1358 1417 ἦν
1388 1347 1416 1398 ό
1447 1344 1663 1408 πλάνος,
1698 1343 1731 1414 ἦ

136 1436 221 1489 ὅτι
252 1437 328 1508 μὴ
356 1438 458 1508 καὶ
483 1437 700 1501 πλείους
737 1438 913 1491 σέϐειν
944 1438 1101 1501 θεοὺς
1131 1439 1197 1490 ὲκ
1223 1438 1323 1507 τῆς
1360 1435 1618 1490 ἀνωτάτω
1639 1435 1733 1489 καὶ

142 1506 325 1597 μόνης
339 1506 577 1598 ἀληθοῦς
602 1528 880 1598 θεολογίας
910 1530 999 1582 τὸν
1021 1529 1097 1592 ὠς
1125 1506 1338 1599 άληθῶς
1367 1528 1567 1582 πλάνον
1594 1545 1731 1600 τρα-

136 1619 467 1689 ῃλισθέντα
495 1625 802 1693 συγχωρεῖ;
848 1621 987 1673 Ἀλλ’
1023 1614 1178 1684 οὗτος
1211 1622 1272 1674 οὐ
1307 1620 1591 1693 νεώτερος,
1622 1620 1732 1674 οὐδ’

138 1712 341 1774 οἰκεῖος
375 1711 527 1783 αὐτῷ
547 1712 724 1781 λόγος,
747 1717 860 1777 τοῖς
887 1713 930 1766 δ’
965 1715 1030 1765 ὲκ
1067 1712 1279 1784 μακροῦ
1308 1712 1469 1766 πάλιν
1493 1710 1733 1781 θεοφιλέ-

139 1818 226 1854 σιν
267 1802 544 1874 Ἑϐραίοις
564 1805 885 1876 προσφιλὴς,
910 1804 1194 1876 ὼσπεροῦν
1226 1804 1491 1859 δέδεικται
1517 1804 1730 1874 διάττῆς

138 1896 680 1965 Προπαρασκευῆς,
706 1898 837 1969 παρ’
865 1890 939 1951 ὧν
969 1897 1068 1967 ἤδη
1091 1896 1314 1951 καὶτῶν
1344 1897 1478 1950 νέων
1517 1895 1730 1966 φιλοσό-

138 2002 254 2053 φων
288 1987 482 2051 παῖδες
505 1987 573 2041 τά
609 1988 818 2059 μεγάλα
849 1988 1208 2059 ὠφελημένοι,
1239 1987 1318 2059 τῷ
1337 1988 1563 2059 δόγματι
1600 2004 1728 2040 συν-

134 2077 471 2148 ηρέσθησαν.
505 2081 863 2151 Σεμνύνονται
896 2084 960 2150 γέ
993 2098 1075 2134 τοι
1133 2081 1228 2134 καὶ
1250 2080 1429 2133 αὐτῶν
1461 2080 1727 2151 Ἐλλήνων

137 2168 192 2220 οἱ
229 2168 552 2237 λογιώτατοι
598 2172 692 2225 ἐπὶ
738 2173 1006 2242 χρησμοῖς
1041 2171 1151 2225 τῶν
1180 2171 1396 2225 οἰκείων
1438 2170 1596 2234 θεῶν,
1626 2163 1728 2223 ὧδέ

133 2273 258 2321 πως
291 2259 557 2331 Ἑϐραίων
582 2262 1028 2333 μνημονεύουσιν·

1841 534 2021 589 neque
2064 518 2120 571 in
2156 529 2361 587 paucos
2393 521 2449 569 et
2480 513 2748 576 modicos,
2794 513 2890 568 sed
2914 512 2978 565 in
3011 518 3186 565 totum
3223 512 3414 566 orbem

1838 609 2137 674 diﬂuderit,
2166 608 2221 662 in
2255 607 2434 678 primo
2466 605 2634 675 hujus
2661 605 2844 673 aperis
2877 603 3017 658 libro
3041 603 3178 658 satis
3201 616 3231 655 a
3253 602 3413 657 nobis

1839 711 2123 758 ostensum
2167 710 2251 756 est
2286 720 2300 755 :
2336 715 2432 770 per
2477 714 2638 769 quem
2688 698 2878 766 utique
2918 697 3045 750 licet
3098 695 3413 751 hominibus

1834 792 1947 862 jam
1982 790 2259 846 turmatim
2291 789 2345 843 in
2378 795 2495 842 toto
2526 787 2678 849 orbe,
2714 786 2859 840 illius
2891 783 3036 846 vita,
3066 782 3412 851 religionem-

1838 899 1944 955 que
1988 883 2252 952 amplexa
2297 879 2627 949 reipublicae,
2664 893 2827 948 quant
2865 883 2921 930 et
2970 876 3087 945 ipse
3132 874 3409 928 Abraham

1836 985 1889 1030 et
1919 975 2011 1045 qui
2054 989 2150 1043 per
2191 973 2329 1027 idem
2369 980 2584 1039 tempus
2617 969 2800 1023 vixere
2839 966 3031 1022 sectati
3066 972 3216 1029 sunt,
3247 966 3410 1019 innu—

1836 1068 2127 1123 merabiles
2158 1081 2268 1119 non
2301 1064 2478 1118 solum
2511 1078 2576 1117 ex
2603 1060 2828 1121 Gracis,
2871 1058 2967 1114 sed
2997 1058 3161 1112 etiam
3189 1073 3254 1110 ex
3283 1058 3409 1111 bar-

1836 1161 2006 1225 baris,
2037 1159 2385 1214 aemulatores
2421 1156 2728 1210 ostendere.
2758 1152 2822 1205 Et
2871 1153 3017 1206 illius
3050 1151 3270 1220 quidem
3302 1150 3405 1204 do-

1835 1253 2026 1307 ctrina
2075 1265 2201 1320 pars
2232 1262 2352 1318 quae
2394 1246 2461 1300 ad
2503 1260 2682 1299 mores
2723 1245 2956 1313 pertinet
3013 1242 3207 1312 magis,
3258 1242 3409 1310 ejus-

1836 1343 2004 1398 modi.
2036 1340 2192 1395 Nunc
2221 1339 2507 1394 videamus
2538 1344 2720 1388 utrum
2747 1332 3055 1387 seductoris
3085 1345 3304 1395 nomen,
3329 1329 3405 1382 illi

1835 1437 1891 1490 in
1919 1450 1984 1489 eo
2012 1448 2208 1504 genere
2238 1438 2633 1501 praceptorum
2657 1425 2967 1487 conveniat,
3002 1423 3145 1493 quod
3170 1422 3407 1477 maxime

1834 1524 2165 1579 dominatur.
2208 1519 2400 1574 Nonne
2448 1518 2613 1587 igitur
2661 1514 2728 1569 de
2775 1515 2866 1568 illo
2907 1515 3084 1584 palam
3140 1514 3406 1581 scriptum

1833 1622 1943 1680 est,
1975 1611 2432 1684 quemadmodum
2464 1610 2568 1664 soli
2597 1607 2842 1662 omnium
2874 1605 2989 1677 regi
3030 1604 3161 1667 Deo,
3193 1612 3249 1658 et
3279 1603 3406 1658 caeli

1835 1724 1899 1762 ac
1925 1715 2108 1769 terra,
2138 1704 2433 1772 mundique
2463 1702 2705 1755 universi
2736 1699 2940 1768 opiﬁci,
2967 1707 3021 1753 et
3045 1695 3404 1767 ipse'deditus

1763 1779 1803 1832 Β
1834 1801 2020 1866 fuerit,
2055 1808 2109 1854 et
2132 1797 2519 1852 commendare
2550 1808 2680 1848 suos
2704 1791 3004 1862 discipulos
3027 1786 3406 1844 consueverit?

1837 1891 1942 1947 Sed
1986 1904 2169 1944 nonne
2221 1888 2386 1942 etiam
2429 1899 2576 1938 nunc
2634 1884 2784 1937 illius
2826 1881 3090 1936 doctrina
3136 1888 3407 1949 praecepta

1832 1996 2048 2045 omnes,
2076 1988 2132 2035 et
2172 1977 2392 2032 Graecos
2412 1985 2466 2030 et
2497 1974 2764 2029 barbaros
2801 1973 2868 2026 ad
2896 1986 3211 2041 supremum
3238 1968 3404 2023 Deum

1832 2088 2054 2129 sursum
2091 2077 2274 2125 mente
2304 2069 2594 2136 animoque
2627 2064 3058 2135 percipiendum,
3103 2069 3157 2116 et
3187 2074 3407 2115 omnem

1833 2163 2102 2219 visibilem
2158 2167 2409 2214 naturam
2459 2155 2861 2226 despiciendam
2911 2150 3217 2207 extollunt?
3274 2164 3404 2203 num

1834 2256 2002 2326 igitur
2022 2254 2111 2308 hic
2134 2251 2233 2306 fuit
2256 2249 2547 2306 seductor?
2585 2262 2655 2300 an
2689 2260 2818 2302 vero
2848 2245 2993 2314 quod
3019 2243 3204 2312 plures
3227 2242 3407 2295 colere

136 2349 273 2403 deos
309 2330 760 2420 exsupremaﬂet
799 2353 915 2407 sola
959 2367 1087 2406 vera
1121 2350 1392 2420 theologia
1432 2364 1579 2414 eum,
1646 2349 1740 2418 qui
1776 2361 1967 2402 revera
1998 2345 2054 2399 in
2091 2357 2333 2397 errorem
2390 2354 2632 2410 praceps
2672 2339 2743 2393 sit
2794 2337 2981 2406 lapsus
3039 2348 3147 2389 non
3183 2330 3409 2402 permit-

135 2441 244 2495 tit?
266 2448 323 2494 at
350 2442 440 2497 hic
468 2458 577 2496 non
612 2458 828 2507 recens,
859 2459 1035 2514 neque
1058 2444 1206 2498 illius
1230 2444 1490 2513 proprius
1514 2456 1719 2504 sermo,
1787 2439 1885 2496 sed
1921 2455 1989 2494 ex
2034 2437 2207 2492 multo
2258 2442 2505 2504 tempore
2549 2432 2746 2502 priscis
2804 2428 2896 2483 Dei
2943 2427 3245 2482 cultoribus
3298 2424 3405 2479 He-

139 2533 303 2588 brais
332 2547 655 2597 consuetus,
699 2537 1155 2605 quemadmodum
1181 2544 1235 2592 et
1269 2536 1325 2590 in
1351 2535 1753 2605 Prwparatione
1792 2539 2075 2589 ostensum
2114 2537 2218 2592 est,
2252 2543 2318 2581 ex
2377 2541 2484 2594 qua
2512 2526 2623 2595 jam
2673 2536 2820 2577 nunc
2844 2536 2969 2575 cum
3015 2530 3264 2574 recentes
3292 2518 3411 2587 phi-

138 2626 361 2698 losophi
430 2643 683 2698 magnam
754 2631 1041 2684 utilitatem
1099 2634 1427 2700 acceperint,
1482 2631 1661 2701 ipsum
1727 2627 1992 2683 doctrina
2065 2638 2239 2695 genus
2286 2621 2799 2691 comprobaverunt.
2848 2617 3116 2673 Caterum
3158 2616 3401 2686 ipsorum

137 2721 303 2773 etiam
340 2720 501 2792 ιοά,
523 2719 838 2776 Graecorum
880 2722 1185 2778 doctissimi
1229 2738 1455 2779 suorum
1522 2723 1752 2777 deorum
1816 2718 2057 2775 oraculis
2111 2715 2435 2801 gloriantur,
2484 2714 2553 2769 de
2610 2714 2851 2770 Hebraeis
2900 2715 2954 2768 in
2999 2713 3145 2767 hunc
3182 2708 3403 2765 modum

138 2817 474 2869 mentionem
508 2814 837 2871 facientibus
870 2834 884 2871 :

1836 2923 1977 2980 Solis
2016 2920 2279 2978 Chaldaeis
2307 2921 2567 2990 sapientia
2589 2920 2823 2989 conligit,
2859 2929 3017 2990 atque

1836 2996 2099 3055 Hebrwis,
2127 2995 2217 3056 qui
2241 3007 2306 3047 ea:
2328 3009 2382 3045 se
2404 2993 2655 3062 genitum,
2689 3006 2958 3060 regemque
2986 2990 3243 3062 deumque

1836 3066 1984 3119 Pura
2016 3074 2185 3118 mente
2209 3058 2421 3127 colunt,
2446 3072 2601 3132 atque
2635 3058 2795 3114 unum
2827 3058 3016 3114 numen
3046 3058 3293 3114 adorant.

137 3170 444 3236 Χαλδαίους
483 3171 541 3225 δὲ
583 3173 712 3237 τοὺς
759 3173 955 3235 αὐτοὺς
983 3172 1070 3226 διὰ
1096 3174 1189 3227 τὸν
1233 3172 1483 3244 Ἀϐραάμ
1513 3173 1727 3245 ὠνόμα-

1827 3175 2114 3230 Chaldaeos
2142 3181 2323 3228 autem
2345 3173 2565 3229 eosdem
2595 3181 2818 3243 propter
2841 3173 3114 3226 Abraham
3148 3170 3400 3225 nomina-

142 3281 253 3327 σεν,
294 3264 420 3317 ἐπεὶ
448 3264 715 3327 Χαλδαῖος
757 3260 926 3336 ἦν-τὸ
964 3265 1141 3333 γένος,
1191 3267 1267 3330 ὡς
1306 3269 1616 3337 ἱστορεῖται.
1661 3268 1724 3320 Εἰ

1828 3268 1926 3331 vit,
1963 3270 2078 3337 qui,
2134 3277 2193 3321 ut
2231 3270 2505 3323 memoria
2534 3270 2809 3338 proditum
2842 3276 2948 3331 est,
2999 3282 3198 3338 genere
3236 3265 3402 3321 Chal-

140 2927 370 2981 Μοῦνοι
394 2926 678 2980 Χαλδαῖοι
704 2927 930 2995 σοφίην
956 2927 1170 2996 λάχον,
1203 2926 1297 2995 ἠδ’
1321 2926 1413 2996 ἄρ’
1456 2927 1723 2995 Ἑϐραῖοι,

128 2999 582 3065 Δῠτογένεθλον
612 2997 845 3051 ἄνακτα
871 2996 1251 3067 σεϐαζόμενοι
1286 2999 1435 3051 Θεὸν
1464 2996 1682 3067 ἁγνῶς.

139 3357 203 3429 δὴ
240 3353 336 3410 οὖν
368 3358 462 3410 καὶ
502 3357 776 3428 πρόπαλαι
817 3357 1005 3420 παῖδες
1047 3357 1311 3430 Ἑϐραίων
1336 3358 1442 3413 τῶν
1463 3358 1527 3429 δὴ
1570 3356 1727 3429 μάλι-

142 3465 265 3510 στα,
292 3448 551 3519 καὶπρὸς
580 3449 688 3501 τῶν
729 3449 995 3520 χρησμῶν
1042 3451 1134 3502 ἐπὶ
1167 3451 1327 3521 σοφία
1370 3467 1726 3521 μεμαρτυρη-

143 3541 319 3610 μένων
354 3540 449 3592 ἐπὶ
481 3541 639 3611 μόνον
682 3540 772 3593 τὸν
810 3540 1027 3594 πάντων
1059 3542 1387 3613 δημιουργὸν
1421 3542 1550 3594 Θεὸν
1594 3541 1726 3611 άνῆ-

139 3649 236 3700 γον
268 3633 331 3685 τὸ
380 3632 568 3696 σέϐας*
600 3633 651 3687 τί
692 3635 774 3686 δεῖ
806 3634 1024 3698 πλάνον,
1054 3635 1172 3704 οὐχὶ
1205 3634 1262 3687 δὲ
1295 3634 1607 3705 θαυμαστὸν
1637 3635 1726 3686 εὑ-

142 3725 361 3787 σεὸείας
388 3724 706 3779 διδάσκαλον
726 3725 1005 3796 ὁμολογεῖν
1028 3726 1246 3792 τοῦτον;
1269 3726 1328 3790 ὃς
1351 3727 1420 3779 τά
1448 3725 1723 3797 πρόπαλαι

142 3815 305 3884 μόνος
336 3819 450 3879 τοῖς
476 3815 776 3885 θεοφιλέσιν
822 3817 1093 3888 Ἑϐραίοις
1136 3819 1453 3887 ἐγνωσμένα
1487 3818 1567 3881 είς
1591 3818 1726 3871 πάν·-

136 3922 238 3969 τας
267 3904 591 3977 ἀνθρώπους
634 3906 848 3979 ἀοράτῳ
882 3910 983 3962 καί
1009 3908 1178 3979 ἐνθέῳ
1217 3908 1441 3978 δυνάμει
1482 3926 1726 3981 προαγα-

138 3999 254 4066 γὼν
286 3997 621 4068 ὲξήπλωσενο
654 3998 795 4052 ὥστε
833 4000 1030 4072 μηκέτι
1057 4001 1197 4053 κατὰ
1223 4000 1283 4054 τὸ
1317 4000 1541 4057 παλαιὸν
1588 4001 1723 4074 βρα-

138 4092 255 4161 χεῖς
275 4107 429 4153 τινας
464 4090 556 4142 καὶ
582 4090 796 4163 ἀριθμῷ
828 4092 1067 4163 ληπτοὺς
1094 4092 1258 4164 ὀρθάς
1291 4094 1417 4164 περὶ
1458 4093 1592 4146 Θεοῦ
1638 4095 1726 4163 φέ-

140 4197 258 4251 ρειν
294 4180 475 4244 δόξας,
503 4180 639 4234 άλλά
674 4182 840 4252 μυρία
870 4182 1051 4253 πλήθη
1092 4182 1379 4254 βαρϐάρων
1412 4183 1518 4236 τῶν
1557 4184 1723 4239 πάλαι

138 4272 609 4342 θηριωδεστάτων,
645 4273 840 4342 λογίων
870 4291 930 4327 τε
964 4275 1058 4328 καὶ
1114 4275 1379 4347 Ἑλλήνων
1412 4277 1640 4347 ἀνδρῶν,
1674 4279 1723 4332 οἳ

135 4368 252 4427 τοῖς
286 4364 455 4418 πάλαι
494 4369 798 4438 προφήταις
820 4367 915 4420 καὶ
937 4367 1166 4431 δικαίοις
1187 4369 1445 4440 ἀνδράσιν
1477 4371 1722 4424 εὐσεϐεῖν

1826 3357 1977 3413 daus
2006 3358 2126 3414 fuit.
2169 3357 2228 3413 Si
2260 3360 2425 3429 igitur
2453 3361 2617 3414 etiam
2664 3360 2735 3414 ab
2771 3361 3013 3430 antiquis
3050 3374 3224 3429 usque
3261 3366 3403 3414 tem-

1827 3449 2076 3518 poribus,
2118 3449 2352 3514 Hebrai,
2403 3453 2497 3521 qui
2536 3452 2771 3506 maxime
2807 3451 2878 3505 ab
2909 3450 3148 3505 oraculis
3183 3464 3401 3520 quoque

1825 3541 2108 3611 sapientia
2147 3543 2519 3596 testimonium
2570 3550 2923 3613 acceperunt,
2963 3543 3019 3596 in
3052 3557 3220 3597 unum
3270 3555 3393 3594 om-

1824 3633 1977 3686 nium
2022 3649 2207 3688 rerum
2262 3634 2510 3704 opiﬁcem
2556 3633 2727 3690 Deum
2778 3634 3151 3688 adoratinnem
3196 3633 3401 3703 dirige-

1825 3726 1978 3791 bant,
2018 3740 2120 3780 cur
2153 3727 2501 3782 seductorem
2553 3726 2810 3796 amplius,
2843 3741 2907 3780 ac
2937 3741 3047 3780 non
3081 3725 3261 3795 potius
3295 3725 3400 3778 mi-

1826 3817 2055 3871 rabilem
2094 3817 2379 3887 religionis
2420 3818 2764 3888 magistrum,
2799 3819 2944 3872 hunc
2963 3817 3075 3887 jam
3112 3817 3284 3872 fuisse
3317 3817 3398 3870 fa-

1823 3909 2078 3964 teamur?
2121 3911 2214 3979 qui
2263 3925 2327 3965 ea
2381 3925 2503 3980 qua
2545 3912 2820 3981 quondam
2874 3912 3007 3966 solis
3053 3910 3149 3964 Dei
3203 3910 3397 3966 amicis

1824 3999 2067 4056 Hebrais
2100 4003 2319 4072 cognita
2346 4011 2522 4067 erant,
2556 4003 2611 4056 in
2652 4010 2882 4057 cunctos
2918 4002 3168 4057 homines
3205 4001 3398 4056 invisi-

1825 4094 1943 4158 bili,
1970 4094 2263 4165 divinaque
2306 4097 2506 4169 vii'tute
2536 4096 2763 4167 protulit
2789 4112 2853 4150 ac
2884 4096 3163 4152 delitavit?
3198 4102 3256 4149 ut
3288 4110 3398 4148 non

1824 4184 2079 4253 amplius,
2121 4185 2264 4239 sicut
2298 4186 2451 4253 prius
2474 4186 2632 4254 pauci
2663 4184 2885 4254 quidam
2921 4191 2974 4239 et
3007 4182 3395 4244 numerabiles,

1826 4285 2004 4330 rectas
2033 4275 2102 4330 de
2133 4273 2244 4329 Deo
2274 4275 2509 4330 habeant
2532 4276 2840 4344 opiniones,
2864 4275 2959 4330 sed
2983 4283 3286 4329 conventus
3313 4274 3399 4326 in-

1824 4368 2193 4423 numerabiles
2239 4376 2347 4421 tam
2391 4368 2671 4422 hominum
2716 4370 3095 4434 barbarorum,
3139 4369 3233 4435 qui
3264 4367 3397 4422 olim

133 4457 341 4526 ὁμοίως
372 4456 460 4510 διὰ
483 4458 649 4528 μόνης
678 4459 776 4528 τῆς
810 4457 973 4511 αὑτοῦ
1001 4459 1283 4530 δυνάμεως
1303 4461 1720 4531 ἐπαιδεύθησαν.

1829 4458 2086 4515 ferissimi
2116 4468 2294 4524 erant,
2318 4476 2479 4530 quam
2505 4462 2834 4530 sapientium
2860 4469 2914 4515 et
2942 4458 3276 4525 Gracorum,
3301 4459 3397 4528 qui

147 4547 313 4600 Ἀλλά
356 4547 420 4619 δὴ
461 4547 523 4600 τὸ
570 4549 750 4620 τρίτον
800 4548 1148 4620 σκεψώμεθα,
1182 4553 1255 4622 μή
1298 4554 1416 4605 ποτ’
1438 4553 1546 4624 ἄρα
1577 4554 1722 4607 τοῦτ’

133 4636 204 4712 ἦν
222 4641 290 4693 δι’
311 4640 342 4694 δ
379 4640 579 4693 πλάνον
604 4642 763 4695 αὐτόν
793 4659 979 4714 φησιν,
1004 4644 1087 4696 ὅτι
1122 4644 1194 4715 μὴ
1240 4644 1547 4714 βουθυσίαις
1589 4648 1724 4719 μηδὲ

135 4733 293 4798 ζώων
323 4734 536 4801 ἀλόγων
589 4738 823 4804 σφαγαῖς
863 4735 983 4807 μηδ’
1030 4737 1225 4807 αἵμασι
1266 4740 1360 4792 καὶ
1399 4741 1552 4811 πυρὶ,
1590 4740 1723 4812 μηδὲ

134 4828 248 4887 τοῖς
275 4827 386 4879 ἀπὸ
428 4826 531 4895 γῆς
558 4827 1026 4899 ἁναθυμιωμένοις
1064 4830 1125 4882 τὸ
1159 4830 1299 4883 θεῖον
1333 4833 1498 4902 τιμᾷν
1546 4833 1722 4886 διετά-

133 4916 285 4982 ξατο.
316 4918 563 4971 Ταπεινά
592 4920 688 4989 μὲν
720 4921 812 4972 καὶ
844 4920 1017 4991 γεώδη
1048 4920 1217 4974 ταῦτα
1251 4923 1345 4976 καὶ
1390 4926 1489 4995 τῆς
1518 4925 1719 4979 ἀθανά-

133 5025 228 5061 του
256 5010 477 5078 φύσεως
507 5011 755 5081 οὐδαμῶς
800 5014 976 5066 οἰκεῖα
1018 5013 1392 5086 λογισάμενος,
1429 5018 1618 5089 κρίνας
1663 5020 1720 5072 δὲ

136 5100 317 5170 πάσης
356 5100 548 5164 θυσίας
601 5105 1045 5175 προσηνεστάτην
1091 5107 1184 5159 καὶ
1232 5107 1414 5178 ἡδεῖαν
1459 5105 1599 5164 εἶναι
1641 5111 1719 5182 τῷ

134 5191 254 5262 Θεῷ
283 5191 387 5263 τὴν
434 5192 545 5245 τῶν
583 5193 798 5247 οίκείων
843 5196 1073 5251 ἐντολῶν
1117 5200 1474 5270 κατόρθωσιν,
1523 5203 1591 5256 δι’
1643 5197 1719 5257 ὧν

134 5282 285 5354 αὐτῷ
313 5283 529 5354 σώματι
565 5286 660 5338 καὶ
691 5285 837 5356 ψυχῇ
857 5286 1317 5359 κεκαθαρμένους,
1348 5290 1424 5361 νῷ
1462 5309 1521 5344 τε
1569 5291 1718 5345 διαυ-

134 5375 219 5440 γεῖ
237 5372 335 5426 καὶ
366 5372 630 5443 δόγμασιν
656 5375 931 5430 εὐσεϐέσιν
960 5380 1424 5449 κεκοσμημένους,
1450 5381 1547 5451 τὴν
1580 5383 1718 5454 πρὸς

134 5466 222 5518 τὸν
252 5465 388 5519 Θεὸν
428 5466 747 5536 ἐξομοίωσιν
777 5469 1170 5541 ἀπομιμεῖσθαι
1199 5473 1463 5539 ἐδίδασκε,
1490 5474 1715 5547 διαρρή-

136 5556 229 5627 δην
258 5558 504 5626 φάσκωνθ
547 5578 567 5611 ι
618 5559 843 5614 Ἐσεσθε
888 5562 1103 5625 τέλειοι,
1138 5564 1213 5627 ὡς
1253 5565 1282 5616 ὁ
1328 5564 1513 5636 [Ιατὴρ
1563 5566 1715 5637 ὑμῶν

138 5647 337 5712 τέλιιὸς
361 5652 527 5705 ἐστιν.
568 5668 588 5700 ι
621 5650 684 5704 Ei
715 5650 779 5722 δὴ
817 5653 991 5706 ταῦτά
1034 5671 1118 5718 τις
1171 5653 1434 5727 Ἑλλήνων
1472 5656 1713 5728 αίτιῷτο,

140 5739 268 5793 ἴστω
296 5740 373 5815 μὴ
400 5740 530 5813 φίλα
552 5743 664 5807 τοῖς
692 5743 912 5808 οἰκείοις
938 5744 1277 5810 διδασκάλοις
1309 5747 1539 5817 φρονῶν,
1576 5749 1710 5816 οἵγε,

1826 4554 2177 4623 antiquorum
2230 4554 2653 4623 prophetarum,
2701 4554 3088 4624 justorumque
3150 4552 3394 4607 virorum

1824 4646 2140 4715 religionem
2167 4647 2442 4717 amplecti,
2467 4648 2581 4702 sola
2616 4647 2763 4701 illius
2789 4648 2991 4701 virtute
3025 4646 3204 4701 edocti
3231 4643 3399 4700 sunt?

1826 4737 1932 4793 Sed
1970 4739 2083 4809 jam
2137 4739 2357 4792 tertium
2407 4739 2539 4793 illud
2577 4740 3032 4808 contemplemur,
3084 4754 3215 4791 num
3271 4752 3395 4791 vere

1823 4831 1976 4884 illum
2026 4831 2371 4886 seductorem
2422 4832 2712 4900 appellent,
2757 4830 2903 4900 quod
2950 4844 3061 4884 non
3107 4828 3395 4883 sacriﬁciis

1822 4922 2009 4986 boum,
2050 4937 2228 4992 neque
2262 4923 2549 4977 brutorum
2593 4924 2910 4978 animalium
2949 4922 3391 4982 mactationibus,

1821 5029 1999 5082 neque
2026 5015 2318 5069 cruoribus
2369 5024 2532 5085 atque
2566 5016 2709 5083 igne,
2746 5031 2923 5086 neque
2961 5015 3029 5069 iis
3067 5014 3232 5069 rebus
3274 5028 3396 5082 qua

1819 5105 1887 5159 de
1911 5113 2056 5160 terra
2088 5116 2393 5162 nascuntur
2429 5109 2692 5172 incensis,
2725 5109 3066 5162 divinitatem
3097 5107 3277 5160 colere
3309 5105 3395 5158 in-

1818 5199 2043 5256 stituit:
2080 5216 2276 5270 nempe
2310 5201 2537 5254 humilia
2589 5201 2704 5254 hac
2747 5209 2800 5254 et
2834 5208 3071 5263 terrena,
3119 5199 3397 5253 immorta-

1817 5292 1968 5360 lique
1998 5299 2210 5346 natura
2254 5292 2407 5346 nullo
2443 5293 2604 5346 modo
2635 5291 3015 5346 convenientia
3045 5291 3389 5352 existimans,

1813 5382 2180 5453 judicansque
2224 5384 2375 5437 omni
2420 5383 2693 5439 sacriﬁcio
2747 5384 2955 5454 gratius
2981 5383 3391 5452 jucundiusque

1816 5474 1930 5530 Deo
1961 5491 2164 5531 munus
2196 5476 2400 5539 olferri,
2444 5491 2569 5530 cum
2603 5477 2728 5546 quis
2768 5478 2913 5532 illius
2946 5486 3213 5547 praecepta
3233 5476 3392 5545 plene

1816 5565 2212 5630 observaverit,
2240 5581 2335 5636 per
2358 5580 2479 5635 qua
2511 5566 2631 5636 ipso
2660 5580 2912 5634 corpore,
2949 5565 3239 5634 animaque
3263 5580 3393 5634 pur—

1817 5662 1995 5725 gatos,
2028 5663 2318 5727 menteque
2345 5656 2517 5711 nitida
2558 5671 2622 5712 ac
2649 5656 2885 5712 decretis
2914 5657 3186 5726 religiosis
3213 5656 3393 5710 imbu-

1817 5755 1923 5816 tos,
1960 5749 2087 5804 dum
2117 5764 2179 5804 ea
2212 5749 2414 5804 imitati
2458 5748 2635 5812 docet,
2672 5763 2789 5818 qua
2835 5751 3042 5806 similes
3076 5749 3183 5805 Deo
3214 5749 3387 5803 homio
