3828 6216
414 279 517 333 tat
1079 276 1351 332 susssn
1391 276 1874 334 cmsanmnsm
1905 277 2057 335 opp.
2096 279 2275 335 mas
2307 281 2375 335 ιι.
2413 312 2484 323 ..-
2520 279 3024 339 APOLOGETICA.
3573 267 3683 323 49!

416 413 517 453 nes
542 394 800 461 efficiant,
833 409 966 451 suos
986 396 1166 465 palam
1199 395 1458 461 instituit,
1493 396 1686 452 dicens
1713 414 1727 451 :
1759 415 1777 449 ι
1805 395 1994 452 Estote

2124 400 2173 461 ὸς
2202 398 2369 462 είκὸς,
2400 400 2459 467 ἐξ
2495 400 2655 472 ἡμῶν
2695 399 3036 471 ἀφελόμενοι,
3074 393 3196 449 ἐπεὶ
3237 397 3331 447 καὶ
3372 389 3491 463 μεθ’
3528 394 3682 462 ἡμᾶς

417 487 670 561 perfecti,
697 487 842 541 sicut
871 485 1036 541 Pater
1061 495 1240 542 vester
1260 486 1536 557 perfectus
1575 495 1661 542 est
1680 487 1748 543 ⁸³.
1779 506 1800 538 ι
1832 486 1989 553 Quod

2124 491 2348 559 ἐγόνασι
2372 495 2485 556 τοῖς
2515 492 2744 563 χρόνοις,
2777 492 2923 560 λέγω
2968 490 3027 544 δὲ
3067 486 3203 558 μετὰ
3232 485 3331 556 τὴν
3379 483 3683 555 προϐεϐλη-

417 583 467 636 si
515 581 641 649 quis
687 577 999 632 Graecorum
1056 579 1170 633 haec
1218 578 1604 649 reprehendat,
1653 580 1701 634 is
1749 577 1888 633 sciat
1932 593 1992 634 se

2124 585 2270 654 ιένην
2296 587 2430 655 ἡμῖν
2456 584 2562 640 ὑπὸ
2588 584 2681 638 τοῦ
2710 586 2961 656 Σωτῆρος
2991 582 3148 655 ἡμῶν
3184 577 3550 641 διδασκαλίαν,
3590 572 3682 630 οἷα

418 672 581 724 etiam
616 669 1045 739 praeceptoribus
1080 669 1198 723 suis
1218 668 1492 723 contraria
1518 669 1741 730 sentire,
1778 668 1873 739 qui
1912 669 1994 722 vi-

2124 674 2161 745 ῐὴ
2192 677 2484 747 ἐγγράφως
2506 676 2840 749 ὡμολόγουν.

418 763 638 821 delicet,
679 769 739 816 ut
786 776 884 831 par
923 771 1026 824 est,
1088 761 1255 815 multa
1310 777 1339 815 a
1384 762 1541 815 nobis
1597 762 1754 816 utilia
1796 760 2000 827 edocti,
2029 767 2233 837 quippe
2279 771 2372 840 qui
2419 772 2578 826 nobis
2638 774 2802 827 etiam
2839 779 3082 838 tempore
3146 768 3353 823 fuerint
3408 765 3686 838 posterio-

417 871 530 919 res,
565 856 691 911 dico
725 865 905 908 autem
931 869 994 908 ea
1020 854 1273 908 doctrina
1293 869 1417 924 qua:
1448 855 1606 910 nobis
1636 870 1666 909 a
1709 853 1993 910 Salvatore
2026 868 2220 915 nostro
2240 869 2505 934 exposita
2523 872 2628 929 est,
2655 864 2914 935 audijam
2947 878 3093 918 nunc
3135 863 3317 933 qualia
3379 862 3511 926 sint,
3559 874 3688 931 qua:

420 951 628 1020 scripto
660 948 953 1003 fateantur.

423 1063 582 1137 105
600 1062 886 1137 Quod‘nihi
890 1062 907 1113 ι
926 1077 1103 1137 eorum
1120 1075 1238 1129 qua:
1252 1059 1316 1113 de
1334 1068 1475 1137 terra
1490 1059 1995 1137 prodeunt,_op0rtet

2124 1042 2246 1137 Ότι),
2257 1042 2439 1137 οὐδέν
2468 1042 2586 1122 τῶν
2608 1044 2728 1137 ἀπὸ
2756 1044 2871 1137 γῆς
2896 1043 3124 1137 χρὴξῷ
3145 1043 3258 1137 lenti
3291 1041 3534 1137 πάξ-των
3562 1045 3690 1130 est?)

492 1130 697 1190 su'mmo
732 1133 843 1204 Deo
869 1130 1140 1204 incendere
1169 1141 1262 1204 aut
1296 1133 1624 1201 sacriﬁcare.
1656 1132 1737 1185 Ex
1764 1133 1998 1204 Porphy-

492 1208 573 1259 rio
598 1204 674 1257 De
706 1203 1029 1257 abstinentia
1057 1200 1121 1253 ab
1149 1201 1424 1256 animatis.

495 1331 517 1364 ι
558 1313 667 1367 Deo
711 1326 948 1373 summo,
997 1312 1140 1365 sicut
1175 1310 1398 1379 quidam
1437 1310 1522 1365 vir
1565 1312 1787 1382 sapiens
1836 1313 1996 1379 dixit,

421 1403 559 1458 nihil
594 1418 784 1459 eorum
817 1417 937 1473 quae
979 1402 1047 1455 ad
1083 1418 1282 1459 sensus
1327 1405 1601 1473 pertinent
1643 1406 1760 1460 sive
1803 1404 1997 1459 incen-

419 1495 631 1557 dentes,
675 1495 793 1550 sive
825 1494 1244 1550 denominantes
1288 1495 1448 1566 (nihil
1481 1497 1627 1550 enim
1666 1504 1753 1551 est
1781 1510 1997 1561 eorum,

2178 1115 2316 1167 οὔτε
2362 1114 2580 1182 θυμιᾷν
2608 1114 2978 1169 οὕτεθύειν.
3021 1114 3163 1168 Ἀπὸ
3188 1114 3306 1168 τῶν
3342 1116 3689 1183 Πορφυρὼυ

2176 1183 2317 1252 Περὶ
2347 1184 2637 1253 ἐμψύχων
2664 1184 2905 1255 ἀποχῆς
2935 1185 3034 1254 (l).
3130 1249 3138 1256 .

2180 1315 2199 1348 ι
2230 1295 2348 1368 Θεῷ
2393 1299 2490 1367 μὲν
2526 1296 2603 1368 τῷ
2642 1297 2736 1351 ἐπὶ
2778 1298 2965 1362 πᾶσιν,
3004 1290 3080 1361 ὥς
3117 1313 3203 1359 τις
3232 1292 3373 1368 ἀνὴρ
3414 1298 3578 1366 σοφὸς
3609 1298 3690 1366 (‘2)

2106 1391 2209 1461 ἔφη
2229 1433 2243 1456 ,
2281 1391 2444 1462 μηδὲν
2472 1391 2581 1444 τῶν
2613 1389 2887 1462 αἰσθητῶν
2922 1391 3058 1462 μήτε
3091 1388 3309 1453 θύοντες
3341 1390 3464 1459 μήτ’
3499 1391 3695 1444 ἐπονο-

2109 1484 2391 1555 μάζοντες,
2429 1483 2600 1554 (οὐδὲν
2637 1482 2745 1555 γάρ
2781 1482 2986 1547 ἐνυλον,
3028 1482 3058 1536 ὃ
3108 1484 3180 1554 μὴ
3223 1482 3299 1554 τῷ
3338 1482 3487 1554 άΰλῳ
3525 1482 3696 1546 εὐθύς

420 1601 544 1658 quae
570 1586 800 1641 materia
829 1594 1109 1651 constant,
1135 1585 1282 1656 quod
1308 1601 1415 1641 non
1443 1588 1695 1657 protinus
1726 1588 1775 1642 ei
1802 1587 1875 1643 sit
1904 1588 2003 1640 im-

2124 1594 2253 1630 ιστιν
2297 1575 2624 1647 ἀκάθαρτον.
2663 1575 2754 1628 Διὸ
2796 1574 2917 1627 οὐδὲ
2961 1573 3115 1643 λόγος
3158 1573 3307 1645 αὐτῷ
3343 1574 3456 1628 οὗθ’
3483 1576 3515 1628 ὁ
3546 1577 3697 1628 κατὰ

420 1679 712 1744 mundum,
749 1678 843 1747 qui
875 1694 1072 1749 expers
1104 1687 1190 1734 est
1222 1680 1402 1732 omnis
1428 1681 1686 1734 materiae.
1720 1677 1901 1746 Quare
1932 1694 2002 1733 ne

2124 1667 2288 1739 ρωνὴν
2320 1670 2535 1731 οἰκεῖος,
2589 1665 2702 1720 οὗθ’
2739 1669 2768 1719 ό
2807 1665 2974 1729 ἔνδον,
3010 1665 3085 1718 ὅτ’
3117 1665 3183 1719 ἂν
3229 1667 3390 1720 πάθει
3441 1666 3629 1737 ψυχῆς

424 1770 652 1824 verbum
680 1769 900 1839 quidem
936 1770 1129 1834 ullum,
1166 1771 1282 1825 sive
1314 1771 1368 1825 id
1396 1772 1570 1837 dicas,
1602 1772 1749 1842 quod
1786 1772 1841 1826 in
1868 1786 2002 1826 voce

2124 1760 2566 1833 ιεμολυσμένοςο)
2595 1759 2684 1812 διὰ
2720 1759 2776 1812 δὲ
2810 1759 2969 1829 σιγῆς
3000 1758 3248 1832 καθαρᾶς
3275 1758 3368 1813 καὶ
3403 1758 3515 1812 τῶν
3562 1759 3697 1830 περὶ

425 1860 702 1925 consistit,
747 1860 863 1916 sive
910 1860 965 1916 id
1010 1861 1154 1931 quod
1201 1862 1535 1918 intrinsecus
1578 1863 1787 1934 concipi
1839 1864 1999 1928 solet,

2124 1855 2273 1910 ιὺτοῦ
2293 1852 2549 1924 καθαρῶν
2571 1849 2787 1904 ἐννοιῶν
2807 1849 3216 1922 θρησκεύσομεν
3239 1851 3420 1905 αὐτόν.
3442 1853 3538 1903 Δεῖ
3558 1851 3695 1921 ἄρα,

424 1964 551 2006 cum
584 1951 752 2005 animi
783 1952 967 2021 aliquo
994 1953 1129 2006 vitio
1166 1961 1252 2008 est
1284 1953 1739 2015 contaminatum,
1768 1953 1844 2008 illi
1868 1968 2003 2008 con-

2124 1946 2478 2017 ςυναφθὲντας
2503 1946 2597 1997 καὶ
2624 1942 2987 2014 όμοιωθέντας
3017 1941 3186 2013 αὐτῷ,
3215 1944 3313 2012 τὴν
3337 1943 3516 1996 αὐτῶν
3546 1943 3697 2010 ἀγω-

426 2043 652 2113 veniat),
690 2043 785 2098 sed
816 2044 1033 2098 silentio
1064 2060 1223 2114 puro,
1256 2047 1519 2116 purisquc
1548 2046 1615 2101 de
1647 2046 1766 2115 ipso
1792 2046 2002 2116 cogita—

2124 2042 2214 2111 τὴν
2239 2038 2429 2092 θυσίαν
2461 2037 2612 2108 ἱερὰν
2640 2038 3010 2106 προσαγαγεῖν
3039 2034 3176 2107 Θεῷ·
3201 2034 3296 2107 τὴν
3325 2034 3493 2106 αὐτὴν
3515 2033 3575 2087 δὲ
3597 2035 3698 2087 καὶ

425 2135 668 2191 tionibus
683 2135 834 2189 illum
851 2139 1119 2192 colamus.
1137 2137 1364 2207 Oportet
1385 2138 1551 2208 igitur
1573 2137 1648 2192 illi
1678 2138 2003 2208 coniunctos

2124 2132 2276 2202 ὅμνον
2309 2126 2475 2184 οὖσαν
2532 2130 2627 2183 καὶ
2657 2128 2814 2201 ἡμῶν
2851 2128 3121 2200 σωτηρίαν
3152 2129 3211 2181 ὲν
3261 2127 3501 2200 ἀπαθείᾳ
3560 2128 3695 2199 ἀρε-

422 2224 746 2295 similesque
777 2225 971 2290 factos,
1003 2226 1146 2281 hanc
1171 2227 1298 2282 vita:
1343 2237 1549 2283 nostrae
1592 2227 1858 2282 rationem
1891 2227 2003 2283 Deo

2124 2224 2211 2294 τῆς
2247 2222 2446 2293 ψυχῆς.
2475 2221 2582 2275 Τοῦ
2613 2221 2669 2274 δὲ
2703 2220 2840 2274 Θεοῦ
2871 2220 3074 2292 θεωρίᾳ
3104 2220 3139 2292 ἡ
3168 2218 3329 2274 θυσία
3357 2218 3496 2291 αῦτη
3528 2219 3698 2273 τελεῖ-

423 2314 618 2371 aﬁ'erre
644 2332 742 2386 pro
774 2317 1065 2373 sacrilicio.
1103 2319 1305 2374 Eadem
1337 2334 1468 2374 vero
1495 2326 1550 2374 et
1580 2318 1731 2374 illius
1759 2319 2002 2374 laudatio
2106 2334 2217 2371 ται.
2278 2335 2297 2368 ›

421 2406 547 2467 erit,
578 2413 633 2459 et
662 2413 852 2461 nostra
876 2408 1263 2463 conservatio:
1309 2408 1567 2464 aﬁ'eretur
1623 2411 1771 2465 enim
1830 2424 1957 2464 cum
2025 2409 2321 2464 stabilitate
2359 2416 2413 2464 et
2445 2407 2631 2478 quiete
2673 2405 2895 2463 virtutis
2943 2405 3133 2462 animi.
3192 2403 3366 2475 Ipsius
3414 2419 3552 2460 vero
3600 2402 3696 2459 Dei

424 2498 885 2566 contemplatione
913 2500 1017 2554 hoc
1047 2498 1378 2555 sacriﬁcium
1415 2500 1718 2571 perﬁcitur.
1759 2521 1779 2554 ι

461 2610 600 2669 Item
625 2612 689 2668 de
719 2615 899 2670 eodem
931 2631 997 2671 ea:
1026 2615 1295 2686 Apollonii
1330 2617 1625 2688 Tyanensis
1660 2617 1963 2688 Tlteotogia.

503 2814 525 2849 ε
560 2798 635 2852 Ex
659 2813 767 2869 quo
797 2798 964 2869 igitur
995 2799 1229 2853 maxime
1256 2797 1380 2869 quis
1409 2806 1622 2854 natura:
1651 2798 1852 2853 divina
1875 2812 2009 2853 con-

427 2887 733 2943 venientem
786 2904 975 2943 curam
1031 2886 1319 2955 adhibeat,
1372 2905 1441 2944 ex
1476 2905 1543 2944 eo
1578 2890 1814 2944 maxime
1857 2890 2006 2944 illam

429 2979 719 3049 propitiam
752 2980 1154 3050 benignamque
1186 2982 1449 3037 obtineat.
1487 2980 1601 3037 Hoc
1641 2981 1860 3051 quidem
1909 2997 2002 3052 pe-

2110 2617 2234 2668 Ἔτι
2267 2612 2401 2682 περὶ
2430 2611 2638 2675 αὑτοῦ,
2680 2610 2750 2663 ἐκ
2788 2610 2898 2678 τῆς
2944 2610 3343 2664 Ἀπολλωνίου
3383 2608 3491 2663 τοῦ
3548 2614 3696 2666 Tua-

2634 2681 2785 2747 νέως
2818 2683 3159 2750 Θεολογίας.

2184 2815 2202 2846 ι
2245 2793 2401 2849 Οὕτω
2464 2793 2645 2847 τοίνυν
2682 2793 2917 2865 μάλιστα
2946 2794 3011 2848 ἄν
3043 2811 3128 2857 τις
3165 2793 3264 2865 τὴν
3310 2795 3699 2866 φοσήκουσαν

2110 2886 2430 2957 ἐπιμέλειαν
2464 2888 2670 2939 ποιοῖτο
2717 2885 2810 2938 τοῦ
2846 2886 3035 2949 Θείου,
3078 2887 3333 2957 τυγχάνοι
3373 2904 3430 2939 τε
3467 2887 3698 2941 αὐτόθεν

2114 2977 2241 3032 ἵλεώ
2271 2995 2332 3031 τε
2370 2978 2465 3032 καὶ
2494 2975 2757 3047 εὐμενοῦς
2785 2976 2949 3031 αὐτοῦ
2984 2979 3115 3049 παρ’
3149 2976 3425 3032 ὁντιναοῦν
3459 2978 3574 3033 τῶν
3608 2980 3699 3033 ἁν-

432 3085 531 3125 nes
563 3071 812 3140 quemvis
852 3071 1135 3125 hominum
1179 3073 1368 3143 viget:
1403 3072 1567 3142 idque
1610 3073 1789 3142 ipsum
1833 3089 2006 3129 unus-

2124 3068 2367 3141 θρώπων,
2403 3071 2452 3121 εί
2480 3068 2599 3140 Θεῷ
2636 3069 2755 3139 μὲν,
2778 3069 2835 3122 ὃν
2863 3067 2925 3141 δὴ
2947 3068 3127 3139 φαμὲν
3146 3069 3354 3132 τοῦτον,
3389 3071 3468 3123 ἑνί
3492 3088 3555 3124 τε
3585 3072 3698 3125 δντι

428 3160 662 3230 quisque
684 3160 997 3229 complebit,
1030 3161 1076 3215 si
1100 3176 1288 3216 eorum
1311 3178 1433 3232 quze
1453 3163 1555 3218 sub
1581 3163 1757 3218 visum
1781 3164 2008 3228 cadunt,

431 3251 615 3320 qualia
648 3259 777 3305 sunt
803 3251 938 3314 haec,
966 3258 1090 3322 qua:
1111 3253 1281 3323 digito
1301 3254 1764 3319 demonstramus,
1790 3256 1865 3309 illi
1891 3271 2012 3326 qme

431 3355 540 3395 una
569 3348 673 3401 est,
708 3350 763 3396 et
796 3343 865 3396 ab
895 3344 1152 3398 omnibus
1184 3346 1348 3401 rebus
1380 3355 1655 3417 separata,
1707 3349 2010 3403 secundum

432 3449 597 3503 quam
642 3435 850 3504 reliqua
894 3436 1076 3489 omnia
1106 3452 1441 3507 cognoscere
1473 3455 1701 3494 necesse
1733 3447 1839 3503 est,
1876 3440 2009 3494 niiil

433 3526 658 3580 omnino
712 3526 1005 3589 sacriﬁcet,
1059 3543 1236 3597 neque
1285 3530 1462 3600 ignem
1516 3530 1793 3597 incendat,
1835 3548 2013 3603 neque

431 3628 661 3687 prorSus
692 3617 990 3686 quidquam
1029 3619 1120 3673 illa
1150 3623 1408 3689 postulet,
1448 3637 1516 3677 ne
1549 3638 1579 3676 a
1611 3625 2012 3692 praastantiori-

431 3707 537 3761 bus
584 3705 804 3776 quidem
849 3723 1014 3777 quam
1070 3723 1171 3763 nos
1220 3723 1412 3766 sumus
1447 3732 1461 3767 :
1501 3728 1678 3786 neque
1719 3713 1889 3767 ullum
1928 3721 2013 3768 est

431 3798 632 3870 plantae
676 3812 850 3866 genus
892 3797 1039 3867 quod
1081 3799 1151 3853 ab
1196 3799 1354 3855 initio
1399 3809 1545 3856 terra
1591 3804 1789 3872 pariat,
1837 3820 2013 3874 neque

433 3889 688 3943 animalis
712 3890 858 3959 quod
888 3891 1076 3945 eadem
1108 3893 1339 3954 nutriat,
1375 3893 1463 3948 cui
1492 3896 1744 3964 protinus
1777 3895 2013 3949 immun-

430 3977 594 4032 dities
623 3993 732 4032 non
764 3977 928 4042 adsit,
969 3979 1066 4034 sed
1099 3988 1285 4035 utatur
1306 3997 1434 4051 erga
1462 3983 1610 4037 illam
1644 3985 1764 4039 solo
1798 3985 2009 4039 meliori

429 4069 620 4133 verbo,
652 4068 777 4123 dico
806 4077 989 4125 autem
1023 4087 1132 4125 non
1166 4087 1232 4127 eo
1276 4074 1421 4142 quod
1456 4088 1550 4128 ore
1592 4055 1881 4141 emittitur,
1918 4077 2011 4131 sed

431 4159 578 4229 quod
615 4159 685 4214 ab
715 4160 924 4230 optimo
956 4176 1145 4216 eorum
1178 4178 1299 4233 quae
1338 4177 1465 4219 sunt
1495 4166 1885 4235 proﬁciscitur,
1916 4183 2014 4237 per

431 4251 698 4319 optimum
731 4267 920 4305 eorum
952 4269 1074 4322 quae
1102 4253 1156 4307 in
1186 4254 1345 4310 nobis
1375 4263 1502 4311 sunt
1528 4256 1821 4314 bonorum.
1860 4257 2013 4314 Mens

432 4350 614 4398 autem
655 4343 768 4398 haec
796 4353 900 4407 est,
939 4361 1059 4415 quae
1089 4346 1453 4402 instrumento
1493 4365 1599 4403 non
1633 4351 1856 4420 indiget.
1896 4372 1914 4403 ι
1953 4350 2010 4406 Si

2113 3163 2208 3214 καὶ
2236 3162 2626 3231 κεχωρισμένῳ
2656 3160 2893 3225 πάντων,
2939 3160 3057 3231 μεθ’
3086 3158 3145 3214 ὃν
3178 3160 3543 3231 γνωρίζεσθαι
3574 3165 3699 3227 τοὺς

2113 3250 2329 3313 λοιποὺς
2365 3251 2680 3318 ἀναγκαῖον,
2720 3251 2795 3321 μὴ
2825 3251 2941 3304 θύοι
2964 3268 3016 3303 τι
3040 3251 3138 3323 τὴν
3173 3251 3367 3324 ἀρχὴν,
3405 3255 3548 3325 μήτε
3571 3255 3702 3308 ἀνά-

2113 3360 2233 3396 πτοι
2258 3342 2390 3414 πῦρ,
2421 3344 2559 3415 μήτε
2582 3361 2635 3395 τι
2658 3342 2886 3396 καθόλου
2907 3343 3016 3396 τῶν
3043 3343 3316 3416 αἰσθητῶν
3343 3346 3698 3417 ὲπονομάζοι.

2113 3436 2295 3487 Δεῖται
2328 3433 2435 3504 γάρ
2464 3432 2676 3496 οὐδενὸς
2700 3432 2820 3485 οὐδὲ
2850 3433 3000 3504 παρὰ
3028 3434 3135 3485 τῶν
3165 3434 3514 3504 κρειττόνων,
3540 3436 3703 3505 οῖπρ

2113 3528 2275 3595 ἡμεῖς
2310 3527 2496 3595 ἐσμεν·
2525 3524 2635 3577 οὐδ’
2658 3524 2804 3577 ἔστιν
2837 3524 2865 3576 ὃ
2897 3524 2996 3594 τὴν
3019 3523 3192 3595 ἀρχὴν
3225 3523 3297 3594 γῆ
3323 3524 3506 3596 ἀνίησι
3533 3525 3703 3594 φυτὸν

2113 3617 2367 3689 ῆτρὲφει
2401 3614 2538 3680 ζῶον
2585 3616 2618 3687 ἢ
2665 3615 2796 3688 ἀὴρ,
2860 3609 2905 3683 ᾧ
2945 3615 3007 3668 οὐ
3058 3616 3319 3687 πρόσεστι
3351 3633 3415 3685 γε
3456 3617 3698 3687 μίασμαο

2117 3708 2265 3779 μόνῳ
2294 3708 2349 3760 δὲ
2384 3706 2565 3779 χρῷτο
2597 3706 2734 3778 πρὸς
2765 3707 2927 3761 αὑτὸν
2972 3709 3062 3763 ἀεὶ
3107 3706 3187 3778 τῷ
3225 3707 3495 3779 κρείττονι
3530 3708 3701 3780 λόγῳ,

2113 3800 2255 3869 λέγω
2282 3798 2338 3852 δὲ
2367 3797 2443 3870 τῷ
2466 3798 2540 3870 μὴ
2573 3798 2662 3852 διὰ
2692 3798 2957 3870 στόματος
2989 3800 3142 3865 ίέντι,
3178 3798 3330 3872 παρὰ
3358 3799 3414 3851 δὲ
3443 3797 3541 3852 τοῦ
3578 3800 3701 3853 καλ-

2112 3889 2294 3944 λίστου
2322 3888 2426 3942 τῶν
2445 3890 2612 3943 ὄντων
2645 3887 2736 3942 διὰ
2754 3888 2848 3942 τοῦ
2872 3889 3159 3942 καλλίστου
3186 3888 3281 3941 τοῦ
3311 3891 3369 3942 ὲν
3393 3891 3527 3960 ἡμῖν
3561 3889 3703 3942 δόντι

2112 3982 2180 4036 τὰ
2207 3982 2410 4052 ἀγαθά.
2438 3982 2582 4046 Νοῦς
2602 3981 2660 4036 δέ
2697 3984 2842 4035 ἐστιν
2870 3976 3023 4045 οὗτος
3054 3981 3286 4053 ὀργάνου
3329 3982 3403 4052 μὴ
3421 3981 3698 4051 δεόμενος.

2105 4075 2176 4128 Ἐί
2212 4073 2276 4146 δὴ
2302 4069 2394 4126 οὖν
2423 4072 2594 4126 ταῦτα
2624 4072 2717 4124 καὶ
2749 4071 2885 4142 πρὸς
2913 4069 3019 4123 τῶν
3053 4071 3183 4141 παρ’
3219 4069 3442 4140 Ἕλλησι
3471 4069 3701 4141 διαπρε-

2113 4162 2232 4215 πῶν
2277 4161 2582 4232 φιλοσόφων
2621 4177 2681 4213 τε
2736 4159 2830 4212 καὶ
2877 4158 3141 4227 θεολόγων
3177 4159 3538 4230 ὁμολογεῖται,
3586 4159 3701 4222 πῶς

2114 4254 2181 4309 ἂν
2210 4254 2293 4324 εἴη
2328 4252 2526 4316 πλάνος
2562 4254 2591 4306 ὁ
2633 4251 2706 4322 μὴ
2739 4252 2898 4322 μόνον
2931 4250 3140 4319 λόγους,
3183 4250 3297 4302 ἀλλ’
3318 4250 3455 4322 ἔργα
3479 4249 3595 4303 τῶν
3620 4251 3705 4303 λό-

2113 4363 2224 4414 γων
2247 4345 2382 4398 πολὺ
2407 4344 2667 4416 πρότερον
2691 4348 2801 4406 τοῖς
2826 4345 3108 4414 φοιτηταῖς
3130 4342 3372 4394 ἐκτελεῖν
3398 4341 3701 4413 παραδοὺς,

434 4435 602 4506 igitur
634 4435 949 4490 Graecorum
978 4453 1194 4507 quoque
1236 4439 1501 4503 illustres,
1539 4449 1651 4495 tam
1701 4443 2008 4513 philosophi

2124 4441 2184 4493 δι’
2212 4435 2286 4493 ὧν
2332 4437 2475 4492 κατὰ
2512 4437 2603 4490 τὸν
2641 4436 2800 4508 ὀρθὸν
2832 4435 2987 4505 λόγον
3028 4434 3249 4506 ἔμελλον
3284 4435 3613 4506 θεραπεύειν
3642 4434 3702 4488 τὸ

430 4543 598 4599 quam
629 4529 890 4600 theologi,
919 4530 1035 4585 haec
1064 4530 1416 4596 conﬁtentur,
1447 4549 1685 4602 quonam
1722 4534 1886 4589 modo
1920 4552 2007 4591 se-

431 4620 629 4675 ductor
673 4621 780 4676 erit
837 4622 884 4676 is
941 4623 1035 4692 qui
1102 4638 1209 4677 non
1244 4624 1420 4677 solum
1482 4625 1672 4686 verba,
1730 4625 1826 4680 sed
1862 4627 2004 4682 facta

432 4712 606 4766 multo
671 4712 824 4783 prius
883 4730 1047 4782 quam
1117 4716 1282 4768 verba
1343 4715 1459 4770 suis
1509 4715 1817 4785 discipulis,
1883 4718 2012 4787 qui-

430 4802 534 4858 bus
578 4803 934 4875 fungerentur
990 4805 1305 4860 tradiderit!
1372 4814 1426 4860 et
1461 4807 1684 4877 quibus,
1747 4817 1808 4862 ut
1864 4817 2013 4865 recta

431 4896 573 4950 ratio
613 4896 791 4964 jubet,
829 4896 997 4952 Deum
1042 4897 1220 4967 ipsum
1268 4906 1453 4952 essent
1489 4899 1844 4952 veneraturi?
1894 4898 2015 4964 Quo

433 4992 615 5039 autem
650 4988 835 5051 modo,
867 4997 922 5043 et
951 4989 1152 5059 quibus
1180 4990 1489 5045 rationibus
1522 4991 1606 5046 usi
1639 4992 1692 5045 in
1727 4991 2014 5047 sacriﬁciis

432 5073 687 5129 dicantur
710 5079 881 5146 prisci
910 5078 1143 5147 Hebrzci,
1172 5080 1226 5134 in
1255 5080 1434 5151 primo
1469 5082 1634 5151 hujus
1664 5084 1846 5152 operis
1876 5082 2015 5137 libro

433 5162 798 5222 disseruimus
825 5187 838 5223 :
874 5176 1039 5239 atque
1060 5171 1128 5225 iis
1155 5188 1278 5241 quae
1305 5173 1418 5229 illic
1447 5174 1594 5229 dicta
1619 5181 1746 5229 sunt
1770 5174 2014 5229 contenti

433 5272 559 5312 esse
598 5258 757 5329 106
797 5258 1084 5318 debemus.
1122 5261 1326 5319 Verum
1370 5265 1630 5336 quoniam
1684 5273 1882 5336 praeter
1924 5265 2016 5320 illa

434 5365 557 5417 quae
577 5350 691 5419 jam
717 5351 994 5421 disputata
1027 5364 1175 5420 sunt,
1210 5357 1465 5413 novimus
1498 5357 1575 5428 (id
1608 5358 1752 5428 quod
1789 5373 1819 5412 a
1847 5357 2013 5412 Chri-

435 5449 522 5499 sto
561 5442 877 5516 didicimus)
934 5445 1138 5503 factum
1186 5464 1309 5506 esse
1358 5451 1645 5517 mundum,
1703 5451 2013 5524 cmlumque

511 5581 555 5612 "
606 5579 797 5637 Matth.
849 5583 1022 5645 v.48.

512 5690 587 5758 (l)
629 5690 745 5747 Lib.
792 5707 851 5746 ll.

2114 4531 2300 4595 Θεῖον;
2332 4530 2518 4592 Ὅπως
2548 4529 2625 4591 δὲ,
2655 4529 2747 4581 καὶ
2773 4527 2882 4580 τίσι
2912 4526 3090 4596 λόγοις
3119 4528 3168 4579 οί
3197 4526 3416 4580 παλαιοὶ
3455 4525 3699 4598 Ἑϐραῖοι

2116 4620 2264 4674 θύειν
2300 4617 2746 4692 μνημονεύονται,
2777 4616 3111 4687 διειληφότες
3141 4620 3200 4670 ὲν
3232 4614 3307 4687 τῷ
3335 4615 3539 4688 πρώτῳ
3568 4635 3701 4686 συγ-

2116 4715 2404 4783 γράμματι
2444 4711 2544 4782 τῆς
2584 4711 2867 4781 παρούσης
2904 4706 3230 4771 ὑποθέσεως,
3267 4708 3501 4771 ἐκείνοις
3530 4710 3699 4780 ἀρκε-

2118 4803 2445 4875 σθησόμεθα.
2486 4802 2639 4855 Ἐπεὶ
2662 4802 2718 4855 δὲ
2744 4802 2881 4874 πρὸς
2901 4803 3014 4864 τοῖς
3040 4800 3426 4871 ὲξητασμένοις
3452 4799 3700 4871 ἔγνωμεν

2118 4897 2268 4967 παρὰ
2298 4896 2395 4949 τοῦ
2438 4896 2674 4969 Χριστοῦ
2719 4895 3000 4966 μαθόντες,
3035 4894 3119 4946 ὅτι
3146 4893 3373 4963 γενητὸς
3405 4895 3434 4946 ό
3472 4894 3695 4965 κόσμος,

2118 4988 2212 5040 καὶ
2250 4989 2333 5040 ὅτι
2375 4988 2606 5060 οὐρανὸς
2654 4986 2816 5050 αὐτὸς
2858 4986 2953 5040 καὶ
2995 4985 3166 5056 ἥλιος,
3208 4986 3302 5039 καὶ
3347 4985 3568 5057 σελήνη,
3608 4988 3698 5040 καὶ

2117 5079 2310 5152 ἄστρα,
2356 5078 2493 5151 ἔργα
2526 5079 2661 5132 Θεοῦ
2699 5078 2976 5149 τυγχάνει,
3023 5078 3118 5133 καὶ
3148 5079 3229 5131 ὅτι
3259 5078 3365 5150 χρὴ
3401 5077 3478 5149 μὴ
3504 5079 3694 5141 ταῦτα,

2119 5171 2256 5226 ἀλλὰ
2274 5172 2365 5227 τὸν
2384 5171 2613 5242 ποιητὴν
2635 5170 2814 5225 αὐτῶν
2842 5171 3039 5229 σέϐειν,
3069 5169 3368 5241 σκέψασθαι
3387 5170 3471 5223 δεῖ
3496 5170 3571 5243 μὴ
3592 5171 3695 5243 ἄρα

2118 5262 2478 5334 ἠπατήμεθα,
2524 5262 2710 5315 τοῦτον
2739 5262 2869 5334 παρ’
2906 5261 3072 5316 αὐτοῦ
3108 5260 3449 5331 διδαχθέντες
3481 5263 3695 5333 φρονεῖν

2116 5351 2209 5407 τὸν
2229 5353 2447 5425 τρόπον.
2474 5354 2585 5406 Καὶ
2616 5355 2722 5426 μὴν
2762 5352 3028 5425 Ἐϐραίων
3057 5354 3151 5406 καὶ
3180 5348 3335 5416 οὗτος
3362 5348 3431 5422 ἧν
3463 5353 3494 5405 ὁ
3517 5353 3693 5422 λόγος’

2120 5447 2213 5500 καὶ
2258 5445 2560 5515 φιλοσόφων
2604 5446 2660 5499 δὲ
2701 5447 2749 5499 οἱ
2801 5446 3036 5517 μάλιστα
3064 5445 3342 5514 διαφανεῖς
3371 5447 3487 5508 τοῖς
3516 5447 3695 5509 αὐτοῖς

2192 5686 2272 5756 (2)
2312 5687 2633 5756 Apollonius
2659 5688 2936 5755 Tyaneus,
2969 5695 3024 5743 ut
3054 5703 3119 5744 ex
3145 5666 3505 5755 sequentibus
3526 5691 3689 5757 patet.
