3828 6216
138 322 236 376 195

1061 319 1720 378 ΒΕΜΟΝΞΤΒΑἨΟΝΙΞ
1754 319 2213 378 EV’ANGELICE
2254 321 2379 376 LIB.
2419 319 2504 376 ιιι.

3281 321 3386 380 {9-5

134 437 560 508 συνηνέχθησαν,
594 438 820 509 γενητὸν
852 439 948 491 καὶ
992 437 1153 491 αὑτὸν
1192 436 1283 490 τὸν
1323 437 1573 508 οὐρανὸν,
1615 437 1709 489 καὶ

1814 436 1989 504 ipsum
2015 443 2068 489 et
2092 437 2283 501 solem,
2313 447 2366 492 et
2393 439 2598 500 lunam,
2621 445 2675 492 et
2697 437 2884 492 stellas
2909 452 3073 507 opera
3101 437 3190 492 Dei
3211 455 3337 498 esse
3363 461 3380 498 :

135 527 297 596 ἥλιον,
334 529 432 582 καὶ⁵
472 530 722 600 σελήνην,
769 531 864 583 καὶ
899 529 1095 600 ἄστρα,
1146 529 1241 582 καὶ
1287 527 1378 580 τὸν
1423 527 1711 596 σύμπαντα

133 619 332 689 κόσμον
365 620 499 691 πρὸς
528 621 622 674 τοῦ
651 621 760 673 τῶν
782 622 917 674 ὅλων
947 620 1171 691 ποιητοῦ
1206 619 1466 688 γεγονότα
1500 619 1713 687 ἀποφηο

132 713 370 782 νάμενοι.
419 713 581 765 Ἀλλά
618 714 713 766 καὶ
757 713 1085 776 συντέλειαν,
1133 713 1228 765 καὶ
1276 710 1580 782 μεταϐολὴν
1611 709 1712 780 τὴν

130 805 218 855 ἐπὶ
247 804 320 856 τὰ.
351 805 586 874 κρείττω
609 803 763 858 τοῦδε
795 804 888 857 τοῦ
921 805 1120 866 παντὸς
1154 803 1373 856 ἔσεσθαι
1407 802 1710 872 προσδοκᾷν

129 896 384 963 ἐδίδαξεν,
419 899 539 961 ταῖς
585 897 849 968 Ἐϐραίων
894 897 988 949 καὶ
1019 896 1178 949 τοῦτο
1211 893 1526 955 ἀκολούθως
1570 893 1610 943 Γ
1614 910 1712 962 ρα-

129 993 272 1056 φαῖς.
304 991 370 1042 Τί
395 986 528 1055 οὖν;
567 991 688 1061 ούχὶ
722 992 814 1044 καὶ
845 992 873 1043 ὁ
909 988 1136 1042 Πλάτων
1179 988 1389 1056 φύσεως
1421 985 1587 1056 λυτῆς
1618 985 1711 1037 καὶ

125 1082 375 1152 φθαρτῆς
404 1079 544 1136 οἶδεν
573 1082 736 1136 αὐτόν
769 1099 828 1134 τε
856 1081 1105 1152 οὐρανὸν,
1147 1082 1244 1134 καὶ
1280 1080 1452 1150 ἦλιον,
1497 1081 1590 1134 καὶ
1622 1097 1710 1132 σε·

124 1174 313 1244 λήνην,
355 1175 450 1228 καὶ
482 1177 609 1238 τοὺς
633 1174 855 1236 λοιποὺς
882 1173 1142 1242 ἀστέρας,
1177 1174 1225 1224 εἰ
1251 1173 1345 1226 καὶ
1375 1173 1448 1244 μὴ
1477 1171 1708 1243 λυθήσε-

125 1266 247 1319 σθαί
283 1283 417 1337 φησι
451 1266 642 1328 ταῦτα,
665 1266 742 1337 τῷ
773 1265 844 1336 μὴ
875 1266 967 1318 τὸν
1002 1264 1361 1336 συμπήξαντα
1391 1264 1704 1334 βούλεσθαι;

120 1360 166 1410 εί
195 1357 239 1410 δ’
264 1359 378 1429 ἀρα
413 1358 696 1432 βουληθείη
722 1357 860 1414 εἷναι
889 1359 1103 1428 φύσεως
1130 1357 1407 1428 τοιαύτης,
1443 1357 1618 1426 ψυχὴν
1649 1355 1706 1406 δὲ

119 1448 390 1503 ἀθάνατον
416 1451 561 1522 ἔχειν
584 1454 730 1522 ἡμᾶς
756 1453 874 1506 κατ’
899 1450 1050 1504 οὐδὲν
1080 1451 1176 1520 μὲν
1206 1449 1418 1519 ἐμφερῆ
1444 1450 1555 1510 τοῖς
1579 1446 1705 1499 ἀλό-

119 1560 232 1610 γοις
263 1542 447 1607 ζώοις,
473 1542 584 1596 τῶν
605 1544 664 1597 δὲ
687 1542 780 1596 τοῦ
802 1542 934 1596 Θεοῦ
954 1543 1234 1612 δυνάμεων
1259 1543 1529 1612 φέρουσαν
1552 1541 1707 1592 ἀπει-

118 1634 446 1703 κονίσματα,
473 1633 688 1698 διδάξας
711 1633 980 1703 ἡγεῖσθαι,
1007 1632 1180 1696 οὕτως
1207 1632 1254 1684 τ’
1281 1631 1447 1702 ἔχειν,
1475 1631 1568 1684 καὶ
1591 1631 1706 1683 δια-

120 1725 354 1789 κεῖσθαι,
405 1727 500 1778 καὶ
545 1730 761 1797 φρονεῖν
801 1727 979 1780 πάντα
1025 1725 1318 1798 βάρϐαρον,
1356 1725 1450 1778 καὶ
1487 1723 1700 1794 ἰδιώτην

1813 543 1990 596 neque
2021 528 2159 592 haec,
2191 530 2287 584 sed
2330 531 2524 584 horum
2556 542 2834 585 auctorem
2881 531 3062 585 colere
3108 541 3382 602 oportere,

1813 619 2274 674 considerandum
2325 638 2448 677 esse
2492 623 2710 677 videtur
2755 639 2884 678 num
2927 625 3138 693 decepti
3187 627 3384 690 simus,

1811 712 1957 780 quod
1999 713 2052 766 in
2102 713 2249 768 hunc
2286 714 2504 768 modum
2538 715 2606 770 de
2638 724 2831 769 natura
2869 731 3049 770 rerum
3083 719 3286 772 sentire
3317 717 3389 774 ab

1811 803 1904 856 illo
1931 803 2077 857 docti
2111 821 2302 860 sumus
2329 825 2341 860 :
2377 807 2524 875 atqui
2557 823 2665 860 non
2687 809 2861 861 solum
2895 807 3244 862 Hebraeorum
3270 809 3389 864 haec

1811 899 1914 952 fuit
1960 902 2160 965 oratio,
2210 903 2304 958 sed
2357 904 2805 974 philosOphorum
2856 920 3092 974 quoque,
3149 905 3386 963 maxime

1811 989 2107 1044 illustrium
2141 1010 2152 1044 :
2183 994 2274 1061 qui
2308 1010 2431 1048 eum
2467 993 2710 1050 ilebra-is
2741 997 3168 1062 consentientes,
3200 1005 3383 1052 ortum

1810 1081 2011 1136 habere
2034 1091 2088 1138 et
2109 1086 2307 1139 coelum
2334 1087 2532 1156 ipsum,
2561 1095 2615 1140 et
2637 1088 2830 1151 solem,
2857 1095 2910 1142 et
2937 1088 3144 1154 lunam,
3172 1096 3226 1142 et
3253 1089 3384 1143 stel-

1810 1174 1913 1237 las,
1939 1175 2364 1246 universumque
2394 1178 2654 1232 mundum
2683 1179 2752 1232 ah
2781 1186 3004 1233 auclore
3023 1181 3264 1232 omnium
3295 1195 3384 1234 rev

1809 1279 1928 1317 rum
1969 1265 2170 1319 factum
2211 1282 2333 1322 esse
2380 1267 2820 1323 afﬁrmaverunt:
2861 1279 3115 1323 caeterum
3156 1270 3296 1324 idem
3326 1278 3382 1326 et

1807 1359 2335 1413 consummationem
2383 1367 2438 1414 et
2485 1362 2838 1415 mutationem
2894 1362 2946 1415 in
2984 1363 3198 1427 melius,
3255 1363 3381 1416 uni-

1809 1448 1948 1501 versi
1975 1448 2136 1517 hujus
2163 1449 2398 1504 futuram
2423 1459 2482 1504 ut
2506 1460 2945 1520 exspectaremus
2969 1453 3174 1516 docuit,
3193 1455 3246 1506 iu
3278 1455 3380 1510 hoc

1805 1555 2025 1608 quoque
2078 1540 2427 1596 Hebraeorum
2475 1543 2767 1611 scripturis
2803 1543 3155 1597 consentiens
3193 1563 3206 1596 :
3244 1545 3377 1613 quid

1807 1629 2007 1698 igitur?
2046 1647 2227 1686 nonne
2262 1634 2426 1687 etiam
2450 1624 2625 1687 'Plato
2669 1642 2862 1703 suapte
2889 1644 3084 1686 natura
3114 1642 3168 1688 et
3199 1633 3378 1703 ipsum

1807 1722 2028 1784 cmlum,
2064 1731 2119 1776 et
2151 1725 2343 1786 solem,
2374 1731 2427 1776 et
2460 1725 2666 1787 lunam,
2723 1739 2786 1778 ac
2815 1725 3020 1795 reliqua
3053 1725 3255 1787 sidera,
3287 1741 3382 1781 so.

119 1818 440 1880 παιδεύσαςο
475 1814 563 1889 ἆρ’
606 1820 726 1890 οὐχὶ
776 1819 1115 1890 σοφωτέρους
1162 1819 1526 1889 ἀπείργασται
1577 1819 1702 1881 τοὺς

1809 1813 1996 1866 lutioui
2025 1815 2478 1884 eorruptionique
2513 1815 2746 1868 obnoxia
2785 1832 2910 1870 esse
2938 1817 3093 1879 vidit,
3125 1819 3378 1886 quamvis

117 1909 242 1984 καθξ
265 1909 396 1981 δλης
431 1914 530 1980 τῆς
563 1911 885 1982 οἰκουμένης
916 1912 984 1964 τά
1016 1911 1178 1966 αὐτοῦ
1211 1911 1561 1982 φρονοῦντας,
1596 1910 1704 1962 τῶν

115 2005 212 2067 τὰς
252 2003 428 2075 ὀφρῦς
463 2003 880 2068 ἀνεσπακότων;
921 2004 970 2056 οἳ
1008 2003 1176 2074 μηδὲν
1202 2002 1344 2057 κατά
1377 2003 1474 2074 τὴν
1515 2003 1702 2056 οὐσίαν

114 2095 395 2163 διαφέρειν
417 2096 762 2166 ἀπεφήναντο
782 2095 1006 2166 ἐμπίδος
1026 2114 1086 2148 τε
1109 2097 1204 2149 καὶ
1226 2097 1403 2166 εύλῆς,
1421 2096 1516 2148 καὶ
1541 2095 1702 2166 μυίας

114 2187 211 2256 τὴν
245 2187 303 2236 ὲν
338 2185 648 2257 ἀνθρώποις
685 2187 884 2257 ψυχὴν,
928 2185 1063 2239 ἀλλὰ
1092 2187 1188 2239 καὶ
1215 2187 1411 2255 ὄφεως,
1461 2186 1554 2238 καὶ
1593 2186 1703 2255 ἐχί-

112 2279 265 2347 δνης.
295 2279 500 2348 ἄρκτου
536 2295 593 2330 τε
623 2279 715 2330 καὶ
743 2277 1080 2349 παρδάλεως,
1106 2278 1200 2330 καὶ
1227 2279 1354 2340 συὸς
1376 2277 1555 2348 ψυχῆς
1579 2274 1700 2329 κατ’

111 2366 287 2428 οὐδὲν,
319 2367 446 2418 δσον
473 2366 566 2417 ἐπὶ
593 2366 736 2436 λόγῳ
764 2365 978 2435 φύσεώς
1002 2384 1061 2418 τε
1083 2368 1177 2419 καὶ
1201 2366 1406 2432 οὐσίας,
1432 2366 1530 2437 τὴν
1553 2366 1700 2434 σφῶν

110 2457 296 2509 αὐτῶν
345 2457 456 2510 τῶν
505 2456 957 2525 φιλοσοφωτάτων
1003 2458 1181 2528 ψυχὴν
1223 2458 1576 2512 διαλλάττεινο
1607 2459 1702 2512 καὶ

110 2550 258 2602 θείου
291 2550 351 2604 δὲ
383 2551 522 2622 πρὸς
555 2553 764 2615 τούτοις
807 2552 1190 2622 δικαιωτηρίου
1228 2552 1469 2622 συνεχῶς
1501 2553 1702 2624 ὑπομι-

112 2646 399 2713 μνήσκων,
431 2644 526 2697 καὶ
573 2643 871 2715 μελλούσης
910 2643 1128 2697 ἔσεσθαι
1155 2645 1410 2716 κρίσεως,
1449 2645 1701 2708 κολάσεις

107 2752 167 2789 τε
199 2737 298 2788 καὶ
325 2737 599 2807 τιμωρίας
622 2738 1024 2808 ἀπαραιτήτους
1045 2740 1156 2800 τοῖς
1185 2738 1435 2790 ἀσεϐέσιν
1463 2739 1702 2811 ὑπογρά-

107 2844 249 2895 φων,
275 2831 390 2890 τοῖς
412 2844 470 2879 τε
495 2827 772 2880 εύσεϐέσιν
796 2829 1124 2897 ἐπαγγελίας
1142 2827 1276 2882 Θεοῦ
1296 2830 1514 2882 αἰωνίου
1531 2829 1696 2901 ζωῆς,

105 2920 202 2970 καὶ
225 2919 473 2990 οὐρανῶν
503 2918 801 2988 βασιλείας,
827 2922 922 2973 καὶ
950 2922 1045 2974 σὺν
1067 2921 1186 2991 Θεῷ
1213 2921 1488 2992 μακαρίας
1507 2921 1700 2988 διαγω-

103 3009 231 3080 γῆς,
264 3011 386 3063 τίνα
415 3011 480 3064 ἂν
511 3011 852 3083 πλανήσειεν,
881 3013 1000 3083 οὐχὶ
1021 3011 1077 3065 δὲ
1112 3012 1309 3082 μᾶλλον
1332 3013 1699 3084 προτρέψαιτο

1803 1920 1866 1960 ea
1917 1922 2025 1960 non
2073 1906 2426 1962 dissolvenda
2476 1907 2847 1972 allirmaverit,
2899 1917 3183 1978 preptcrea
3229 1908 3376 1978 quod

1806 1997 1951 2050 norit
1996 1999 2106 2063 ille,
2153 2000 2246 2069 qui
2292 2015 2356 2055 ea
2387 2001 2732 2070 composuit?
2777 2001 2932 2066 Quod
2976 2002 3022 2056 si
3057 2003 3151 2056 tali
3183 2010 3376 2057 natura

1804 2099 2058 2146 constare
2081 2108 2201 2156 nos,
2231 2093 2703 2164 immortalemque
2733 2095 2932 2149 habere
2963 2095 3220 2154 animam,
3253 2095 3379 2148 nul-

1804 2183 1964 2250 laque
1995 2182 2048 2235 in
2085 2194 2240 2252 parte
2281 2184 2460 2239 brutis
2503 2185 2832 2240 animalibus
2878 2185 3131 2248 similem,
3180 2187 3374 2249 voluit,

1801 2280 1855 2327 et
1885 2275 2144 2329 virtutum
2172 2290 2292 2344 quae
2317 2276 2369 2328 in
2400 2275 2510 2331 Deo
2542 2284 2670 2330 sunt
2699 2275 2997 2331 simulacra
3028 2277 3081 2330 in
3114 2292 3172 2331 se
3196 2281 3376 2332 conti-

1803 2380 1932 2418 nere
1962 2365 2108 2418 illam
2138 2366 2394 2420 arbitrari
2420 2382 2520 2421 nos
2545 2367 2754 2430 docuit,
2779 2367 2966 2436 sicque
2991 2367 3190 2422 habere
3213 2375 3375 2436 atque

1802 2456 1943 2510 allici
1967 2467 2021 2511 et
2052 2473 2243 2527 sapere
2270 2473 2484 2520 omnes,
2523 2466 2578 2513 et
2619 2458 2884 2513 barbaros
2911 2466 2966 2512 et
2997 2460 3248 2526 vulgares
3283 2461 3371 2514 in-

1802 2548 1984 2602 stituit
2021 2567 2033 2602 :
2069 2564 2252 2602 nonne
2300 2550 2574 2618 sapientes
2622 2550 2795 2620 magis
2840 2550 2894 2604 in
2927 2557 3040 2604 toto
3074 2553 3207 2606 orbe
3241 2567 3374 2606 suos

1803 2647 2105 2694 sectatores
2135 2639 2396 2701 reddidit,
2431 2655 2594 2710 quam
2622 2641 2659 2694 ii
2693 2641 2785 2711 qui
2822 2642 3114 2712 supercilia
3145 2652 3370 2697 eontra-

1800 2739 1886 2784 cta
1918 2738 2221 2796 ostentant,
2256 2732 2300 2787 si
2333 2732 2468 2785 nihil
2508 2733 2666 2802 plane
2712 2747 2774 2787 ea
2813 2743 2968 2802 parte
2998 2749 3104 2802 qua
3137 2739 3240 2795 est,
3268 2733 3374 2788 dif-

1802 2823 1945 2878 ferre
1977 2840 2007 2878 a
2050 2825 2246 2888 culice,
2294 2833 2384 2879 aut
2431 2825 2751 2886 vermiculo,
2788 2834 2881 2878 aut
2915 2841 3101 2880 musca
3133 2827 3370 2881 animam

1802 2914 2092 2968 humanam
2128 2916 2446 2970 affirmant?
2492 2926 2584 2969 aut
2615 2917 2660 2970 si
2695 2933 2762 2970 ne
2791 2931 2820 2969 a
2847 2919 3118 2986 serpentis
3149 2913 3380 2987 quidem'

1799 3013 1893 3060 aut
1917 3008 2134 3076 viperae,
2167 3015 2261 3062 aut
2290 3009 2422 3071 ursi,
2467 3016 2561 3061 aut
2602 3007 2862 3077 pardalis,
2899 3017 2990 3061 aut
3024 3008 3140 3062 suis
3165 3008 3369 3074 anima,

106 3102 366 3155 σπεύδειν
402 3104 502 3172 μὲν
543 3104 635 3156 ἐπὶ
668 3104 866 3174 ἀρετὴν
899 3103 1006 3158 τῶν
1036 3105 1500 3176 προσδοκωμένων
1533 3105 1694 3159 ἕνεκα

1801 3102 1908 3152 ωηο
1958 3115 2185 3168 prorsus
2219 3101 2272 3153 in
2322 3107 2496 3168 parte,
2531 3114 2684 3153 suam
2718 3100 2958 3166 ipsorum
2986 3099 3245 3164 animam,
3275 3097 3370 3168 qui

102 3195 217 3254 τοῖς
267 3193 552 3246 εὐσεϐέσιν
599 3195 877 3260 ἐπάθλων,
939 3194 1344 3267 ἀποτρέπεσθαι
1400 3195 1458 3248 δὲ
1512 3197 1691 3266 πάσης

103 3283 306 3346 κακίας
358 3283 447 3336 διὰ
496 3285 594 3347 τὰς
645 3285 1030 3354 ὲπηρτημένας
1081 3288 1192 3348 τοῖς
1243 3286 1466 3340 ἀσεϐέσι
1519 3304 1691 3356 τιμω-

106 3375 260 3443 ρίας;
322 3376 414 3427 Ἑν
447 3379 558 3438 τοῖς
591 3375 936 3446 δογματικοῖς
963 3375 1072 3428 τῶν
1100 3376 1263 3429 αὐτοῦ
1293 3377 1466 3446 λόγων
1496 3394 1691 3450 παρει-

101 3465 363 3536 λήφαμεν
407 3463 544 3518 εἶναί
590 3485 741 3530 τινας
783 3467 918 3538 μετά
968 3467 1058 3520 τὸν
1106 3468 1368 3521 ἀνωτάτω
1421 3469 1554 3522 Θεὸν
1601 3470 1692 3522 δυ-

100 3557 338 3626 νάμεις,
401 3559 727 3627 ἀσωμάτους
780 3559 880 3628 τὴν
937 3560 1098 3628 φύσιν
1158 3561 1251 3612 καὶ
1309 3560 1538 3630 νοεράς,
1599 3560 1688 3612 λο-

100 3647 270 3715 γικάς
319 3663 382 3699 τε
420 3647 515 3700 καὶ
558 3648 928 3718 παναρέτους,
962 3648 1054 3700 τὸν
1115 3648 1462 3719 παμϐασιλέα
1501 3665 1691 3718 χορευ-

98 3738 304 3801 ούσας,
379 3731 457 3790 ὧν
509 3738 724 3803 πλείους
802 3741 894 3792 καὶ
965 3739 1125 3809 μέχρι
1188 3738 1490 3810 ἀνθρώπων
1569 3738 1690 3792 νεύ-

102 3846 234 3898 ματι
282 3827 379 3881 τοῦ
433 3830 648 3900 Πατρὸς
702 3830 790 3884 διά
841 3847 992 3893 τινας
1040 3831 1340 3901 σωτηρίους
1381 3830 1689 3900 οἰκονομίας

98 3922 472 3975 ἀπεστάλθαι·
518 3923 585 3986 ἃς
633 3923 696 3994 δὴ
750 3923 1036 3994 γνωρίζειν
1084 3924 1178 3975 καὶ
1225 3925 1389 3993 τιμᾷν
1443 3925 1584 3976 κατά
1628 3925 1689 3976 τὸ

101 4014 304 4086 μέτρον
341 4015 443 4084 τῆς
473 4013 629 4077 ἀξίας
659 4013 1032 4084 ἐδιδάχθημεν,
1071 4015 1216 4085 μόνῳ
1244 4014 1320 4084 τῷ
1358 4015 1690 4084 παμϐασιλεῖ

96 4105 219 4174 Θεῴ
267 4105 370 4176 τὴν
427 4105 722 4177 σεϐάσμιον
766 4107 930 4177 τιμὴν
977 4106 1355 4176 ἀπονέμοντες.
1389 4108 1506 4158 Ἔτι
1550 4107 1716 4178 πρὸς-

95 4195 313 4256 τούτοις
345 4194 590 4264 ἔγνωμεν
639 4197 766 4261 παρ’
797 4195 957 4247 αὑτοῦ
991 4195 1252 4265 μαθόντες
1296 4196 1559 4266 πολεμίας
1601 4213 1684 4248 τι-

94 4289 193 4350 νάς
241 4291 340 4342 καὶ
389 4289 590 4360 ἐχθρὰς
633 4291 726 4343 τοῦ
779 4290 1114 4363 ἀνθρωπείου
1163 4292 1352 4359 γένους
1401 4292 1544 4362 ἀμφὶ
1593 4291 1684 4343 τὸν

95 4379 228 4448 περὶ
282 4380 388 4450 γῆν
451 4380 590 4450 ἀέρα
642 4381 944 4444 πωτᾶσθαι,
990 4383 1083 4435 καὶ
1133 4383 1227 4435 σὺν
1270 4384 1383 4444 τοῖς
1423 4385 1682 4452 πονηροῖς

92 4471 400 4543 διατρίϐειν
432 4472 690 4541 δυνάμεις
717 4471 999 4542 δαιμόνων,
1031 4474 1122 4526 καὶ
1149 4475 1474 4543 πνευμάτων
1519 4491 1683 4544 πονη-
1716 4470 1720 4521 J

1796 4468 1946 4537 [07
1983 4469 2181 4523 choros
2233 4477 2522 4523 exerceant
2577 4486 2592 4524 :

93 4561 231 4632 ρῶν,
266 4562 363 4614 καὶ
400 4563 510 4613 τῶν
541 4564 599 4613 ὲν
623 4562 833 4624 τούτοις
863 4563 1160 4634 ἀρχόντων,
1192 4562 1285 4624 οὒς
1315 4563 1476 4614 παντὶ
1505 4562 1682 4614 σθένει

91 4652 323 4722 φεύγειν
382 4653 817 4724 πεπαιδεύμεθα·
875 4657 923 4707 εἰ
955 4655 1048 4707 καὶ
1110 4655 1192 4706 ὅτι
1256 4653 1488 4724 μάλιστα
1545 4653 1682 4708 θεῶν

90 4746 473 4818 προσηγορίας
518 4750 613 4800 καὶ
662 4749 826 4818 τιμὰς
865 4750 1076 4812 ἑαυτοῖς
1110 4749 1509 4820 ὑφαρπάζουσι·
1551 4748 1682 4802 ταύ-

90 4855 191 4908 της
236 4839 286 4892 δ’
318 4836 413 4893 οῦν
465 4839 545 4893 ἔτι
583 4840 779 4910 μᾶλλον
820 4843 917 4909 τῆς
949 4842 1245 4912 θεομαχίας
1294 4842 1388 4894 καὶ
1435 4843 1533 4913 τῆς
1565 4842 1682 4895 θεο-

90 4943 320 5013 εχθρίας
367 4942 554 4997 ἕνεκεν
595 4945 1002 5016 ἀπατρεπταίας
1051 4941 1210 5010 εἶναι,
1255 4944 1376 4998 καθ’
1410 4945 1476 5008 ἃς
1513 4946 1571 4998 ὲν
1610 4948 1678 5015 τῇ

89 5043 576 5113 Προπαρασκευῇ
631 5047 976 5118 πεποιήμεθα
1014 5045 1102 5100 διὰ
1147 5045 1411 5099 πλείστων
1459 5046 1678 5098 ἀποδεί-

90 5143 223 5209 ξεις.
263 5144 504 5198 Τοιαῦτα
531 5143 667 5199 ἄττα
703 5145 956 5215 τυγχάνει
987 5146 1081 5198 καὶ
1114 5146 1170 5198 ὲν
1196 5147 1306 5208 τοῖς
1329 5144 1678 5215 δογματικοῖς

93 5248 380 5320 μαθήμασι
402 5247 498 5300 τοῦ
518 5247 769 5318 Σωτῆρος
792 5245 950 5316 ἡμῶν
973 5246 1371 5316 ἀναφερόμενα,
1405 5247 1675 5315 Ἐϐραίων

88 5351 196 5406 τῶν
223 5351 394 5405 πάλαι
428 5347 689 5416 θεοφιλῶν
722 5347 931 5417 ἀνδρῶν
969 5363 1028 5398 τε
1070 5347 1163 5400 καὶ
1203 5349 1494 5418 προφητῶν
1529 5348 1676 5402 ἄντι-

91 5465 226 5518 κρυς
281 5449 476 5517 εὐσεϐῆ
532 5444 892 5516 παιδεύματα.
931 5447 994 5498 Εἰ
1023 5445 1087 5517 δὴ
1133 5442 1224 5499 οῦν
1261 5447 1431 5500 ταῦτα
1475 5448 1670 5520 σεμνὰ,

93 5551 139 5600 οἱ
166 5548 442 5618 ὠφέλιμα,
474 5549 523 5599 εί
552 5547 834 5616 φιλόσοφα,
864 5547 914 5598 εί
954 5545 1154 5616 ἀρετῆς
1199 5547 1389 5616 μεστὰ,
1423 5548 1562 5601 τίσιν
1605 5547 1672 5602 ἂν

93 5649 322 5717 εὐλόγως
365 5651 395 5702 ὁ
446 5648 656 5702 τούτων
705 5648 1024 5712 διδάσκαλος
1073 5649 1429 5720 ὲπιγράφοιτο
1475 5652 1534 5705 τὸ
1576 5651 1670 5706 τοῦ

96 5750 288 5806 πλάνου
309 5751 518 5820 δνομα;
562 5748 722 5803 Ἀλλά
747 5750 917 5804 ταῦτα
973 5749 1074 5822 μὲν
1095 5749 1172 5813 ὡς
1205 5753 1335 5822 περὶ
1361 5751 1538 5806 κοινοῦ
1567 5753 1670 5824 τὴν

1800 3191 2188 3259 sapientissimi
2222 3189 2446 3254 fuerint,
2478 3200 2749 3261 quatenus
2788 3199 3040 3245 naturam
3083 3191 3245 3246 habet
3288 3199 3374 3244 at-

1797 3298 1903 3352 que
1932 3293 2036 3343 est,
2082 3282 2356 3337 diversam
2403 3285 2566 3338 esse?
2595 3284 2662 3338 ad
2704 3283 2838 3346 haec,
2877 3299 3001 3337 eum
3040 3282 3141 3336 fori
3174 3283 3367 3346 divini,

1790 3374 2094 3443 judiciique
2125 3373 2294 3428 futuri
2329 3374 2607 3429 assiduam
2638 3376 2966 3428 mentionem
2999 3373 3212 3437 fecerit,
3247 3389 3372 3444 sup-

1796 3467 2064 3537 plieiaque
2090 3481 2152 3520 ac
2185 3481 2376 3536 ptenas
2407 3465 2750 3521 inevitabiles
2784 3464 2967 3535 impiis
2990 3465 3366 3534 descripserit,

1788 3559 1954 3628 justis
1985 3573 2112 3612 vero
2153 3565 2413 3612 αξιοι-ηοω
2456 3573 2485 3610 a
2522 3555 2632 3611 Deo
2672 3557 2834 3610 vitam
2882 3556 3144 3626 promitti,
3183 3564 3238 3609 et
3275 3571 3366 3610 reo

1792 3664 1956 3717 gnum
1991 3649 2238 3709 caeleste,
2282 3652 2336 3700 et
2385 3645 2594 3700 felicem
2633 3661 2756 3700 eum
2809 3646 2928 3714 ipso
2977 3644 3087 3700 Deo
3137 3645 3365 3710 victum,

1793 3739 2043 3793 docuerit
2076 3759 2088 3793 :
2121 3755 2280 3808 quem
2307 3739 2523 3792 tandem
2547 3737 2799 3806 decipere
2824 3737 3036 3806 potuit?
3065 3750 3246 3790 nonne
3268 3750 3369 3805 po-

1795 3830 1904 3884 tius
1929 3829 2250 3884 adhortattis
2275 3839 2358 3884 est
2381 3844 2570 3883 eorum
2593 3829 2937 3898 praemiorum
2962 3842 3152 3888 causa,
3185 3842 3307 3896 qua:
3333 3840 3365 3880 a

1786 3920 1953 3988 justis
1983 3927 2374 3989 exspectantur
2397 3920 2450 3972 in
2478 3920 2734 3973 virtutem
2754 3917 3188 3972 incumbere?ab
3215 3917 3363 3971 omni

1792 4026 1919 4065 vero
1951 4012 2154 4064 malitia
2189 4013 2474 4074 deterruit,
2509 4019 2747 4080 propter.
2776 4010 3150 4081 impendentes
3181 4011 3365 4081 impiis

1790 4106 2023 4176 pmnas?
2058 4103 2230 4159 Porro
2267 4113 2447 4159 autem
2479 4121 2543 4159 ex
2586 4105 2732 4160 illius
2769 4105 3004 4159 decretis
3050 4105 3362 4174 accepimus

1786 4213 1910 4253 esse
1945 4199 2209 4266 quasdam
2245 4208 2365 4268 post
2391 4212 2703 4267 supremum
2737 4195 2902 4252 Deum
2939 4204 3237 4266 potestates
3261 4211 3361 4249 na-

1787 4297 1909 4342 tura
1959 4291 2333 4359 ineorporeas,
2397 4289 2781 4358 intelligentes,
2843 4289 3136 4342 rationales
3183 4289 3363 4341 omni-

1787 4396 1892 4448 que
1925 4383 2126 4433 virtute
2170 4380 2450 4450 praeditas,
2501 4394 2622 4450 quae
2665 4383 2871 4434 circum
2905 4395 3084 4449 regem
3119 4379 3361 4434 universi

2646 4485 2876 4539 quarum
2950 4469 3135 4539 plures
3196 4471 3361 4523 etiam

1790 4575 1964 4629 usque
1993 4560 2059 4638 ad
2100 4561 2351 4617 homines
2387 4562 2558 4630 ipsius
2591 4563 2764 4632 patris
2806 4569 2965 4623 nutu,
2997 4561 3236 4630 quadam
3269 4577 3360 4615 sa-

1788 4653 1952 4706 lutari
2004 4653 2365 4722 dispositione
2414 4655 2722 4716 mittantur,
2765 4669 3010 4723 quasque
3059 4661 3114 4708 et
3162 4669 3362 4723 cogno-

1788 4761 1963 4809 scere,
1997 4757 2051 4802 et
2085 4747 2332 4801 venerari
2368 4755 2466 4817 pro
2497 4747 2728 4811 ratione,
2762 4746 3042 4816 graduque
3077 4746 3362 4816 dignitatis

1787 4838 1962 4892 edocti
2011 4853 2224 4902 sumus,
2266 4845 2326 4891 ut
2366 4838 2466 4893 soli
2505 4837 2634 4900 Deo,
2669 4840 2761 4908 qui
2809 4854 2905 4892 rex
2954 4847 3040 4893 est
3092 4838 3357 4900 universi,

1787 4931 2126 4986 adorationis
2173 4932 2436 4986 honorem
2481 4933 2810 4985 tribuamus.
2846 4930 2930 4983 Ab
2979 4929 3172 4984 eodem
3219 4943 3359 4998 pra:-

1787 5029 1930 5077 terea
1960 5023 2273 5085 didicimus,
2305 5023 2529 5077 hostiles
2559 5022 2822 5092 quasdam
2864 5021 3223 5090 inimicasque
3249 5021 3356 5075 hu-

1785 5114 1930 5166 mani
1965 5115 2201 5183 generis,
2238 5129 2333 5183 per
2360 5114 2524 5173 hunc.
2567 5113 2660 5183 qui
2693 5113 2900 5166 circum
2942 5120 3142 5166 terram
3171 5127 3358 5168 versa-

1784 5213 1894 5271 tur,
1926 5220 2126 5268 aerem,
2161 5208 2344 5260 volare
2367 5213 2667 5274 potestates
2690 5206 2996 5260 dazmonum
3027 5205 3352 5275 spirituum-

1781 5311 1888 5365 que
1919 5296 2207 5358 malorum,
2252 5310 2571 5364 eorumque,
2606 5297 2700 5366 qui
2732 5297 2788 5350 in
2838 5296 2944 5352 illis
2986 5296 3350 5366 principatum

1781 5397 1986 5450 tenent,
2017 5403 2136 5459 quae
2164 5403 2287 5442 eum
2326 5390 2484 5444 malis
2521 5389 2832 5444 hominibus
2869 5398 3175 5455 versentur,
3215 5404 3354 5458 quas

1779 5489 1839 5533 ut
1875 5483 2020 5534 omni
2057 5491 2256 5536 conatu
2287 5481 2581 5551 fugiamus,
2626 5482 2680 5534 in
2719 5484 3006 5552 praeceptis
3047 5483 3349 5536 habemus:

1778 5572 1996 5626 tametsi
2022 5573 2107 5626 vel
2149 5587 2312 5642 quam
2349 5574 2582 5628 maxime
2610 5573 2836 5626 deorqu
2871 5574 3262 5643 appellationes
3297 5580 3353 5626 et

1776 5664 1958 5718 cultus
1987 5664 2090 5718 sibi
2115 5665 2250 5734 ipsis
2273 5674 2551 5736 arrogant,
2582 5666 2860 5736 multoque
2889 5666 3050 5719 etiam
3081 5665 3253 5736 magis
3279 5664 3349 5719 ab

1776 5752 1885 5809 illis
1941 5769 2065 5810 esse
2103 5755 2511 5820 declinandum,
2553 5763 2776 5826 propter
2816 5755 2958 5811 hanc
3005 5757 3176 5825 ipsam
3220 5771 3345 5810 eum
