3828 6216
445 310 549 373 135

1083 312 1355 369 EUSEBII
1386 310 1873 368 CESARIENSIS
1905 310 2057 368 OPP.
2098 307 2284 365 PARS
2316 307 2384 364 ll.
2426 338 2497 352 -
2535 304 3040 363 APOLOGETICA.
3602 303 3695 359 I96

445 433 555 484 Deo
585 428 1022 500 repugnantiam,
1054 428 1266 498 basque
1311 425 1577 481 adversus
1625 425 1794 480 Deum
1842 424 2020 480 inimi-

2131 426 2284 496 φύσιν
2329 422 2620 497 ἀνθρώπου
2662 423 2800 483 τέως
2832 420 3133 492 ἐξητάσθω,
3175 432 3560 493 παραστατικα
3604 422 3692 492 τῆς

445 521 603 576 sitias
634 519 1128 591 :quemadmodum
1167 519 1333 573 latius
1378 519 1430 572 in
1476 517 1880 586 Prwparatione
1922 518 2020 573 de-

446 614 892 669 monstravimus.
953 611 1099 667 Sane
1146 610 1530 680 hujuscemodi
1577 617 1729 674 sunt,
1780 625 1905 681 quae
1962 610 2018 665 in

2126 518 2330 589 σεμνῆς
2356 516 2450 571 καὶ
2468 514 2762 586 βιωφελοῦς
2787 512 3129 577 διδασκαλίας
3156 512 3322 567 αὑτοῦ
3349 512 3679 583 τυγχάνοντα

2124 613 2282 683 Φέρε,
2314 610 2379 681 δὴ
2412 609 2507 663 καὶ
2539 608 2608 663 τὰ
2633 608 2880 679 θειότερα
2914 604 3263 677 σκεψώμεθα.

445 706 725 776 praeceptis
786 714 950 775 atque
1013 706 1283 761 institutis
1328 702 1630 759 Salvatoris
1694 704 1869 759 nostri
1922 704 2191 772 l‘eruntnr,
2243 720 2371 760 vere
2421 704 2728 773 priscorum
2793 701 3163 763 Hebraeorum,
3217 702 3310 771 qui
3368 699 3480 757 Deo
3555 697 3695 771 grati

445 795 617 859 fuere,
661 805 775 851 tum
807 797 1071 861 virorum,
1131 804 1245 852 tum
1286 797 1695 868 prophetarum,
1740 798 1829 868 pia
1886 808 2184 868 sanctaque
2236 798 2583 852 documenta.
2615 794 2770 861 Quod
2837 795 2885 850 si
2948 795 3063 849 haec
3105 796 3425 864 gravitatem
3474 793 3696 854 habent,

444 892 489 945 si
543 891 858 955 utilitatem,
919 890 965 945 si
1019 890 1259 945 studium
1308 890 1611 958 sapientiae,
1670 889 1716 943 si
1771 888 2006 958 denique
2044 891 2192 943 omni
2253 888 2455 943 virtute
2512 886 2715 942 referta
2746 892 2918 941 sunt-z
2957 900 3066 955 quo
3092 885 3308 939 tandem
3343 885 3483 953 jure.
3520 900 3693 954 quave

445 980 658 1036 ratione
702 981 774 1047 ei,
827 981 921 1050 qui
961 981 1090 1034 talia
1136 980 1406 1043 docuerit,
1456 981 1769 1035 ascribatur
1814 994 2013 1034 nomen
2054 979 2394 1036 seductoris?
2427 985 2482 1034 et
2514 979 2627 1033 haec
2673 976 2893 1048 quidem
2933 985 3192 1047 tanquam
3228 976 3297 1032 de
3345 991 3410 1031 eo
3453 977 3693 1042 homine,

446 1075 540 1144 qui
605 1091 633 1129 a
675 1074 888 1129 caeteris
935 1080 1131 1127 natura
1179 1088 1289 1127 non
1322 1074 1558 1138 dilferat,
1594 1074 1870 1145 disputata
1920 1076 2052 1140 sint,
2096 1090 2217 1145 qum
2255 1073 2510 1129 videlicet
2541 1080 2596 1128 et
2647 1088 2889 1144 gravem,
2937 1079 2991 1126 et
3040 1071 3146 1141 ipsi
3176 1070 3300 1125 vitae
3326 1071 3515 1127 utilem
3555 1074 3697 1129 illius

451 1167 758 1222 doctrinam
798 1163 1091 1219 exhibeant
1121 1182 1136 1218 :
1170 1180 1318 1219 nunc
1359 1181 1423 1221 ea
1462 1181 1584 1237 quae
1629 1170 1804 1237 magis
1837 1168 2023 1223 divina
2058 1169 2188 1233 sint,
2218 1164 2653 1221 consideremus.

729 1301 818 1357 IV.
861 1302 937 1356 De
962 1302 1304 1358 divinioribus
1333 1303 1533 1359 Christi
1559 1306 1738 1375 gestis.

517 1418 599 1473 Ac
632 1420 867 1489 primum
890 1420 1131 1474 omnium
1158 1420 1610 1489 contemplemur,
1641 1434 1751 1489 quo
1780 1426 2024 1490 tempore

447 1518 698 1566 versatus
718 1517 803 1565 est
842 1525 967 1564 cum
1008 1511 1342 1573 hominibus,
1374 1518 1530 1580 quot,
1564 1512 1857 1581 qualiaque
1886 1512 2022 1576 sint,

448 1617 570 1671 quae
599 1600 921 1654 mirabiliter
965 1599 1215 1669 gesserit,
1264 1615 1411 1652 nunc
1443 1599 1663 1668 quidem
1704 1600 1911 1669 lepram
1954 1599 2022 1655 de

447 1692 771 1764 corporibus
797 1692 1044 1756 eiiciens,
1075 1706 1253 1761 eaque
1281 1692 1549 1747 divinitus
1581 1707 1841 1762 purgans,
1872 1707 2021 1747 nunc

2157 1306 2229 1358 A'.
2264 1302 2403 1370 Περὶ
2433 1300 2554 1355 τῶν
2585 1300 2895 1368 θειοτέρων
2944 1300 3133 1369 ἔργων
3162 1296 3349 1353 αὑτοῦ
3386 1294 3669 1367 Χριστοῦ.

2192 1418 2302 1472 Καὶ
2325 1417 2388 1489 δὴ
2422 1416 2769 1488 σκεψώμεθα,
2806 1417 2946 1470 ὅσων
2982 1416 3075 1469 καὶ
3103 1416 3228 1469 οἴων
3260 1417 3356 1469 σὺν
3396 1414 3701 1487 ἀνθρώποις

2121 1510 2219 1573 τὰς
2246 1509 2525 1581 διατριϐὰς
2554 1509 2944 1579 πεποιημένος,
2976 1506 3299 1581 παραδόξων
3329 1508 3521 1576 γέγονε
3549 1525 3697 1577 ποιη-

2122 1595 2218 1667 τὴς
2250 1596 2449 1668 ἔργων,
2479 1597 2600 1650 τοτὲ
2641 1597 2740 1668 μὲν
2773 1597 3007 1668 λεπροὺς
3046 1597 3107 1649 τὸ
3140 1597 3296 1667 σῶμα
3325 1597 3552 1668 δυνάμει
3581 1596 3704 1668 θείᾳ

2121 1689 2420 1762 καθαίρων,
2471 1690 2594 1743 τοτὲ
2657 1689 2715 1743 δὲ
2787 1689 3163 1760 προστάγματι
3237 1690 3392 1758 λόγου
3448 1691 3575 1753 τοὺς
3647 1691 3704 1745 ὲν

446 1799 580 1839 vero
601 1785 763 1853 jussu
788 1783 939 1837 verbi
963 1783 1239 1837 daemonas
1264 1797 1328 1836 ex
1364 1782 1679 1837 hominibus
1700 1785 1978 1853 expellens
2003 1802 2016 1837 :

2131 1781 2429 1853 ἀνθρώποις
2461 1781 2721 1853 δαίμονας
2757 1780 3018 1846 ἐλαύνων,
3058 1783 3154 1836 καὶ
3186 1782 3374 1836 ἄλλοτε
3423 1784 3585 1837 πάλιν
3614 1801 3705 1838 νο-

449 1876 585 1931 alias
624 1889 818 1929 rursus
844 1874 1261 1943 aegrotantibus,
1296 1874 1554 1942 omnique
1583 1874 1905 1943 languorum
1934 1891 2025 1943 ge-

447 1981 581 2021 nere
620 1965 1018 2026 laborantibus,
1052 1965 1342 2018 sanitatem
1395 1962 1611 2017 abunde
1645 1964 2021 2033 suppeditans.

448 2056 696 2123 Quodam
763 2071 892 2110 vero
942 2062 1188 2125 tempore
1253 2055 1418 2109 etiam
1483 2055 1785 2125 paralytico
1841 2055 2021 2108 dixit:

457 2166 477 2199 ι
508 2147 749 2219 Surgens
776 2148 905 2203 tolle
944 2150 1230 2218 grabatum
1270 2153 1421 2201 tuum
1452 2154 1507 2201 et
1537 2147 1755 2201 ambula
1783 2146 1851 2210 “,
1885 2165 1904 2199 ι
1939 2155 2023 2199 at-

446 2256 557 2309 que
604 2241 693 2295 ille
736 2239 882 2309 quod
929 2240 1256 2309 imperatum
1298 2250 1383 2294 est
1422 2237 1571 2294 fecit.
1604 2238 1819 2294 Rursus
1860 2240 2023 2296 caecis

449 2334 559 2386 alio
578 2340 842 2402 tempore,
872 2331 1121 2386 videndae
1151 2332 1293 2386 lucis
1324 2330 1638 2387 facultatem
1665 2332 1897 2402 largitus
1918 2342 2020 2387 est.

448 2421 588 2477 Olim
628 2438 757 2477 vero
802 2421 997 2476 mulier
1041 2436 1163 2491 quae
1195 2421 1479 2490 sanguinis
1526 2420 1674 2476 [luxu
1711 2421 2016 2483 laborabat,

446 2523 502 2569 ct
533 2528 707 2568 annos
732 2513 999 2582 plurimos
1033 2528 1097 2566 eo
1126 2527 1327 2581 genere
1366 2512 1542 2567 morbi
1577 2513 1898 2577 vexabatur,
1929 2513 2020 2568 ubi

447 2606 585 2663 vidit
640 2606 1093 2661 innumerabilem
1144 2607 1350 2661 circum
1397 2606 1549 2659 illum
1595 2605 2020 2668 multitudinem,

446 2713 570 2769 qua:
603 2713 875 2767 nusquam
928 2698 1277 2768 permittebat
1329 2706 1390 2751 ut
1424 2697 1491 2752 ad
1536 2697 1688 2750 illum
1739 2697 2022 2752 accederet

450 2806 518 2846 ac
561 2792 916 2861 supplicaret,
950 2792 1442 2862 liberationemque
1489 2806 1520 2844 a
1560 2792 1750 2845 morbo
1789 2796 2018 2860 peteret,

446 2890 750 2938 extremum
803 2884 951 2938 illius
1007 2888 1385 2938 vestimentum
1444 2883 1710 2952 attingere
1759 2881 2023 2935 duntaxat

447 2975 727 3044 cogitavit,
769 2975 930 3045 108
956 2983 1119 3044 atque
1172 2975 1245 3028 ita
1295 2974 1497 3042 subiit;
1529 2974 1860 3043 limbumque
1894 2987 2018 3026 cum

445 3067 920 3137 apprehendisset,
950 3082 1057 3120 una
1101 3083 1224 3121 cum
1263 3082 1328 3122 eo
1372 3067 1710 3121 curationem
1751 3065 2017 3120 malorum

2131 1875 2509 1946 σηλευομένοις
2540 1876 2814 1939 παντοίοις
2836 1876 3127 1929 ἀσθενειῶν
3166 1876 3331 1929 εἴδεσι
3359 1893 3708 1932 καταπονου-

2131 1968 2315 2037 μένοις
2340 1966 2439 2038 τὴν
2471 1968 2613 2021 ἴασιν
2640 1967 2886 2037 ἀφθόνως
2909 1968 3267 2038 δωρούμενος.
3299 1971 3408 2023 Καὶ
3438 1971 3571 2024 ποτὲ
3604 1971 3707 2040 μὲν

2128 2058 2296 2128 ἔφησε
2330 2057 2684 2129 παραλυτικῷ
2704 2076 2718 2089 ·
2760 2078 2777 2109 ι
2820 2059 3078 2122 Ἀναστὰς
3110 2054 3241 2130 ἆρον
3273 2061 3363 2113 τὸν
3391 2061 3708 2132 κράὸὀατόν

2130 2167 2244 2215 σου,
2272 2153 2365 2204 καὶ
2391 2150 2679 2222 περιπάτει
2708 2166 2721 2178 ·
2755 2168 2773 2199 ι
2811 2152 2839 2202 ό
2865 2150 2921 2204 δὲ
2961 2150 3021 2203 τὸ
3050 2150 3336 2204 κελευσθὲν
3366 2152 3559 2205 ὲποίει.
3596 2154 3709 2205 Τυ-

2129 2245 2279 2314 φλοῖς
2306 2244 2363 2297 δὲ
2396 2243 2555 2297 πάλιν
2580 2242 2767 2296 ἄλλοτε
2808 2242 2875 2295 τά
2910 2242 3174 2312 βλεπτικά
3199 2242 3292 2295 τοῦ
3319 2243 3494 2312 φωτὸς
3519 2246 3710 2315 ἐχαρίι

2129 2336 2269 2401 ζετο.
2299 2335 2437 2405 Ἤδη
2470 2334 2529 2387 δέ
2566 2352 2696 2387 ποτε
2739 2335 2832 2387 καὶ
2875 2334 3246 2407 αἱμορροοῦσα
3291 2335 3427 2406 γυνὴ
3465 2339 3710 2406 μακραῖς

2127 2427 2264 2480 ἐτῶν
2311 2427 2577 2498 περιόδοις
2614 2426 2751 2497 πρὸς
2801 2426 2896 2481 τοῦ
2955 2426 3161 2490 πάθους
3216 2428 3707 2498 κατατρυχομένη,

2129 2520 2312 2591 ἐπειδὴ
2347 2518 2490 2591 ἐώρα
2526 2519 2695 2590 μυρία
2727 2518 2900 2590 πλήθη
2926 2518 3230 2572 κυκλοῦντα
3262 2518 3446 2582 αὑτὸν,
3472 2519 3568 2572 καὶ
3602 2537 3710 2589 pr;-

2125 2612 2312 2681 δαμῶς
2336 2610 2701 2683 ἐπιτρέποντα
2726 2610 2863 2680 αὐτῇ
2892 2608 3257 2679 γονυπετήσαι
3289 2607 3670 2681 προσελθούσῃ
3692 2648 3706 2672 ,

2126 2704 2220 2758 τοῦ
2268 2722 2326 2758 τε
2373 2704 2575 2767 πάθους
2607 2702 2705 2773 τὴν
2749 2701 3069 2773 ἀπαλλαγὴν
3095 2699 3518 2772 ἐξαιτήσασθαι,
3567 2699 3710 2755 ἀλὶὶ

2127 2798 2222 2851 καὶ
2247 2798 2416 2869 ἄκρου
2438 2795 2532 2848 τοῦ
2556 2794 2769 2865 ἱματίου
2792 2793 3139 2865 προσ-ψαῦσαι
3161 2794 3322 2864 μόνον
3336 2793 3707 2864 διανοηθεῖσα,

2126 2888 2396 2952 ὑποδύνει,
2418 2888 2513 2942 καὶ
2544 2886 2638 2940 τοῦ
2669 2885 2977 2958 κρασπέδου
3008 2885 3370 2957 ἐπιλαϐομένη
3389 2927 3403 2951 ,
3438 2884 3577 2956 ὁμοῦ
3615 2886 3710 2939 καὶ

2125 2981 2225 3049 τῆς
2268 2980 2376 3033 τῶν
2409 2978 2597 3034 κακῶν
2650 2980 2844 3042 ἰάσεως
2888 2977 3214 3043 ἐπελάϐετο,
3254 2977 3602 3050 παραχρῆμά
3648 2994 3710 3032 τε

2127 3070 2285 3142 ὑγιὴς
2316 3066 2383 3142 ἦν
2403 3111 2419 3135 ,
2450 3070 2549 3141 τῆς
2595 3068 2690 3123 τοῦ
2729 3069 2982 3139 Σωτῆρος
3012 3068 3169 3139 ἡμῶν
3198 3067 3382 3122 ἐνθέου
3418 3068 3711 3140 δυνάμεως

448 3157 831 3226 apprehendit,
876 3165 1041 3227 atque
1074 3158 1220 3211 illico
1262 3173 1396 3212 sana
1445 3158 1644 3221 evasit,
1684 3156 1766 3213 sic
1800 3155 2019 3226 quidem

2131 3162 2319 3233 δεῖγμα
2347 3163 2600 3233 μέγιστον
2634 3159 3087 3231 ὲπικομιζομένη.
3132 3159 3321 3224 ’Λλλος
3347 3160 3405 3213 δέ
3433 3177 3519 3223 τις
3549 3160 3710 3230 βασι-

446 3249 645 3306 divina:
677 3250 981 3305 Salvatoris
1013 3252 1189 3305 nostri
1217 3252 1438 3306 virtutis
1468 3252 1764 3305 maximum
1806 3251 2024 3321 signum

444 3350 758 3410 reportans.
782 3343 937 3398 Alius
959 3353 1140 3399 autem
1165 3344 1388 3414 quidam
1421 3345 1507 3397 vir
1534 3345 1778 3415 regulus,
1810 3358 1934 3398 cum
1956 3341 2024 3395 ad

444 3427 575 3501 {esu
612 3433 777 3501 pedes
813 3434 1124 3497 cecidisset,
1160 3434 1327 3488 (ilium
1361 3435 1455 3505 qui
1491 3435 1792 3507 mgrotabat
1819 3434 2023 3490 evesti-

446 3524 536 3592 gio
566 3538 761 3578 sanum
802 3527 1030 3596 recepit.
1075 3526 1264 3591 Filiam
1308 3527 1437 3582 item
1470 3528 1632 3591 alius,
1667 3527 1760 3597 qui
1783 3524 2025 3580 Iudaicae

450 3610 748 3685 Synagogae
788 3616 1041 3687 princeps
1081 3626 1217 3683 erat,
1265 3628 1320 3673 et
1355 3618 1445 3672 hic
1485 3618 1702 3688 quidem
1725 3618 1834 3687 jam
1876 3631 2025 3670 mor-

445 3717 617 3761 tuam.
644 3706 781 3773 Quid
814 3724 942 3763 vero
970 3708 1176 3775 dicam,
1200 3711 1347 3780 quod
1371 3711 1512 3766 alius
1536 3712 1647 3780 jam
1671 3709 2021 3780 quatriduum

445 3809 719 3862 mortuus,
766 3800 966 3857 virtute
993 3801 1123 3856 Jesu
1174 3804 1444 3859 excitatus
1487 3805 1607 3859 est?
1639 3805 1720 3858 vel
1767 3803 1912 3873 quod
1966 3803 2021 3856 in

445 3889 584 3942 mari
617 3896 889 3963 tanquam‘
912 3893 967 3947 in
996 3902 1140 3948 terra
1184 3910 1293 3964 qua
1318 3896 1538 3964 publice
1567 3895 1681 3950 itur
1709 3896 1839 3950 olim
1866 3893 2023 3965 pedi-

443 3978 552 4036 bus
587 3980 867 4050 ingressus
905 3993 1009 4048 est,
1057 3986 1230 4055 ipsius
1270 3987 1489 4042 interim
1530 3987 1821 4057 discipulis
1867 3987 2021 4040 navi-

443 4072 739 4141 gantibus?
785 4082 839 4130 et
885 4077 1030 4145 quod
1063 4077 1225 4132 iidem
1264 4093 1391 4132 cum
1425 4078 1656 4134 adversa
1698 4085 2022 4148 tempestate

445 4163 805 4234 agitarentur,
846 4184 1018 4237 mare,
1042 4169 1271 4234 ﬂuctus,
1309 4179 1501 4227 ventos
1532 4172 1828 4242 increpuit,
1857 4180 2021 4241 atque

443 4255 629 4325 omnia
659 4259 910 4326 protinus
947 4269 1208 4331 tanquam
1249 4262 1463 4317 Domini
1499 4279 1685 4319 vocem
1720 4263 2022 4318 formidan-

445 4347 521 4401 tia
571 4350 960 4406 constiterunt.
1023 4351 1161 4408 Cum
1204 4369 1335 4409 vero
1376 4357 1618 4426 quinque
1659 4356 1829 4410 millia
1868 4356 2019 4410 viro-

443 4457 589 4507 rum,
650 4458 756 4498 una
822 4459 947 4498 cum
1000 4444 1385 4502 innumerabili
1440 4447 1766 4502 feminarum
1819 4463 2016 4518 puero-

444 4551 676 4606 rumque
702 4536 1055 4591 multitudine
1094 4539 1338 4609 quinque
1378 4555 1489 4593 non
1520 4540 1754 4610 amplius
1783 4541 2016 4610 panibus

443 4629 657 4684 abunde
686 4630 958 4698 quondam
990 4631 1342 4694 saturaverit,
1375 4630 1534 4695 adeo,
1566 4640 1626 4686 ut
1659 4647 1782 4702 quae
1817 4647 2014 4702 supera

2126 3254 2274 3318 λικὸς
2300 3254 2437 3326 ἀνὴρ
2481 3254 2666 3318 κακῶς
2699 3253 2889 3324 ἔχοντα
2920 3253 3010 3305 τὸν
3039 3252 3234 3318 παῖδα,
3269 3252 3598 3322 προσπεσὼν
3631 3253 3713 3322 τῷ

2136 3345 2332 3417 Ἰησοῦ,
2366 3346 2708 3418 παραχρῆμα
2739 3344 2874 3398 σῶον
2903 3344 3274 3414 ἀπελάμϐανε.
3298 3343 3406 3397 Καὶ
3427 3344 3713 3415 θυγατέρα

2125 3439 2283 3493 πάλιν
2303 3438 2483 3502 ἄλλος,
2525 3436 2791 3491 Ἰουδαίων
2817 3436 2873 3489 δὲ
2900 3435 3346 3508 ἀρχισυνάγωγος
3366 3430 3456 3506 ἦν,
3476 3435 3593 3488 ἀλλ’
3619 3428 3715 3488 οὗ.

2124 3547 2213 3593 τος
2244 3530 2344 3601 ἤδη
2377 3530 2470 3583 καὶ
2500 3526 2790 3581 θανοῦσαν.
2825 3527 2889 3578 Τί
2929 3527 3010 3580 δεῖ
3050 3526 3229 3594 λέγειν
3272 3526 3347 3588 ὡς
3386 3530 3715 3598 temptato;

2123 3620 2280 3684 ἄλλος
2307 3621 2535 3691 δυνάμει
2558 3620 2653 3673 τοῦ
2689 3617 2864 3688 Ἰησοῦ
2891 3618 3082 3688 νεκρὸς
3114 3618 3401 3689 ήγείρετο;
3435 3617 3469 3689 ἦ
3499 3619 3579 3681 ὼς
3611 3619 3713 3670 ἐπὶ

2125 3713 2413 3782 θαλάττης,
2435 3707 2523 3765 οἷα
2544 3712 2636 3765 ἐπὶ
2655 3711 2931 3783 λεωφόρου
2955 3712 3077 3781 γῆς,
3097 3710 3323 3782 πορείας
3344 3710 3505 3781 ήνυεν
3528 3710 3716 3763 ποιοόο

2127 3824 2309 3878 μενος,
2332 3805 2439 3859 τῶν
2470 3803 2631 3857 αὐτοῦ
2665 3802 2921 3876 μαθητῶν
2951 3802 3329 3873 ὲμπλεόντωνς
3361 3802 3453 3854 καὶ
3483 3802 3562 3863 ὡς
3592 3820 3715 3871 χει-

2125 3897 2438 3969 μασθέντων
2474 3894 2787 3966 ἐπετίμησε
2817 3897 2883 3965 τῇ
2927 3893 3171 3966 θαλάσσῃ
3215 3895 3310 3946 καὶ
3349 3892 3427 3963 τῷ
3467 3892 3716 3949 κλύδωνι

2122 3990 2217 4042 καὶ¹
2261 3990 2371 4051 τοῖς
2408 3987 2631 4058 ἀνέμοις
2654 4027 2669 4051 ,
2722 3987 2816 4040 καὶ
2848 3986 3024 4040 πάντα
3055 4002 3121 4053 γε
3154 3984 3285 4054 ἔστη
3318 3983 3674 4054 παραχρῆμα
3695 4022 3713 4044 ,

2120 4076 2209 4134 οἷα
2233 4079 2492 4133 δεσπότου
2525 4078 2709 4149 φωνὴν
2736 4076 3200 4148 καταπτήξαντα;
3238 4076 3407 4128 Πέντε
3434 4075 3491 4128 δὲ
3523 4075 3715 4146 χιλιά-

2119 4173 2215 4235 δας
2237 4171 2446 4243 ἀνδρῶν
2476 4170 2931 4242 συνεπιπαρόντος
2952 4169 3144 4241 μυρίου
3164 4168 3322 4225 ἄλλου
3339 4170 3617 4238 γυναικῶν
3650 4185 3717 4226 τε

2120 4266 2215 4318 xui.
2243 4264 2449 4317 παίδων
2474 4261 2732 4333 πλήθους,
2755 4263 2820 4315 ὲκ
2840 4261 3000 4314 πέντε
3029 4260 3121 4313 τὸν
3150 4258 3381 4332 ἀριθμὸν
3408 4260 3594 4330 ἀρτων
3625 4262 3714 4324 εἰς

2121 4357 2280 4429 κόρον
2329 4354 2657 4427 πληρώσας,
2706 4354 2789 4425 ὡς
2846 4354 2940 4408 καὶ
2990 4354 3220 4425 περιττά
3275 4352 3549 4417 τοσαῦτα,
3606 4357 3716 4408 ὅσα

2125 4448 2284 4503 ἱκανά
2304 4444 2371 4519 ἦν
2393 4448 2679 4519 πληρῶσαι
2708 4445 2914 4500 δώδεκα
2935 4445 3189 4515 κοφίνους
3215 4443 3422 4511 λαϐεῖν,
3452 4446 3585 4499 τίνα
3609 4448 3720 4499 οὐκ

2121 4539 2187 4593 ἂν
2234 4538 2491 4610 ἐκπλήξει
2512 4579 2526 4601 ,
2561 4539 2652 4592 καὶ
2687 4537 2780 4590 ἐπὶ
2814 4535 3040 4606 ζήτησίν
3081 4553 3145 4604 γε
3189 4536 3412 4599 εἰκότως
3444 4536 3550 4605 τῆς
3585 4540 3713 4590 κατ’

2121 4634 2283 4687 αὐτὸν
2316 4634 2628 4703 ἀπορρήτου
2668 4630 2949 4700 δυνάμεως
2993 4628 3381 4692 ὲκκαλέσεται;
3425 4628 3571 4681 Ἀλλ’
3621 4631 3717 4683 ἵνα

446 4722 668 4778 fuerunt
712 4722 979 4791 reliquiae,
1019 4722 1307 4777 duodecim
1347 4723 1613 4792 cophinos
1653 4725 1880 4795 implere
1917 4740 2018 4794 po-

2131 4727 2197 4798 μή
2237 4744 2325 4797 μοι
2357 4726 2424 4778 τὰ
2452 4724 2547 4780 νῦν
2578 4727 2607 4777 ό
2632 4724 2787 4791 λόγος
2815 4725 2896 4785 εἰς
2940 4720 3147 4791 μακρὸν
3182 4721 3355 4791 μῆκος
3381 4722 3714 4785 ὲκτείνοιτο.

446 4812 672 4873 tuerint,
732 4826 891 4880 quem
949 4826 1059 4865 non
1106 4819 1330 4880 stupore
1377 4811 1655 4867 alfrccrit?
1708 4824 1803 4868 aut
1851 4831 2013 4886 quem

2131 4820 2215 4871 ἐπὶ
2247 4820 2409 4871 πᾶσιν
2440 4815 2708 4870 ἐκκείσθω
2738 4818 2767 4868 ό
2797 4813 2960 4866 αὐτοῦ
2988 4811 3216 4875 θάνατος
3235 4852 3250 4874 .
3285 4813 3347 4866 οὐ
3380 4811 3565 4876 κοινὸς
3596 4818 3717 4877 τοῖς

444 4915 553 4954 non
587 4899 784 4954 merito
817 4900 883 4953 ad
932 4899 1283 4968 quaerendum
1330 4900 1398 4955 de
1452 4902 1624 4971 ipsius
1671 4918 1873 4958 arcana
1918 4919 2016 4959 oc-

2131 4913 2325 4974 λοιποῖς
2365 4907 2673 4979 ἀνθρώποις
2716 4905 3101 4977 γεγενημένος.
3147 4906 3220 4958 Οὐ
3271 4904 3381 4975 γάρ
3407 4905 3554 4974 νόσῳ
3585 4905 3714 4958 δια-

443 4993 700 5060 cultaque
726 4993 931 5047 virtute
974 4993 1332 5048 excitaverit?
1379 4994 1474 5049 sed
1516 5011 1584 5049 ne
1616 4996 1748 5050 mihi
1783 5013 1928 5053 nunc
1961 4998 2016 5053 in

2131 5002 2366 5073 pOapatq,
2397 5000 2512 5053 ἀλλ’
2542 4998 2662 5052 οὐδὲ
2692 4997 2872 5069 βρόχῳ
2898 4998 3128 5066 πνιγεὶς,
3151 4996 3269 5049 οὐδὲ
3296 4995 3400 5067 μὴν
3422 4996 3545 5048 κατ’
3574 4997 3717 5049 αὐτὸ

446 5083 665 5151 longum
720 5083 884 5137 nimis
925 5084 1162 5138 ducatur
1209 5085 1406 5149 oratio,
1451 5096 1726 5156 postrema
1770 5092 2013 5145 omnium

2131 5094 2211 5148 τοῦ
2248 5090 2479 5163 σταυροῦ
2503 5089 2562 5144 τὸ
2582 5089 2839 5161 τρόπαιον
2858 5086 3058 5158 ὁμοίως
3082 5089 3194 5150 τοῖς
3222 5087 3427 5148 λοιποῖς
3462 5086 3717 5157 κακούρ-

443 5172 591 5226 illius
629 5188 777 5228 mors
817 5184 1140 5243 exponatur,
1178 5192 1299 5245 qua:
1324 5193 1433 5231 non
1461 5181 1736 5235 communi
1778 5181 2019 5251 reliquo-

2131 5202 2234 5254 γοις
2268 5182 2598 5254 ὑποτμηθεὶς
2632 5180 2833 5251 σιδήρῳ
2876 5177 2945 5231 τά
3001 5178 3195 5247 σκέλη,
3245 5177 3366 5230 οὐδὲ
3398 5176 3537 5239 ὅλως
3569 5180 3718 5247 πρός

442 5278 563 5317 rum
597 5263 876 5318 hominum
910 5281 1060 5322 more
1088 5269 1318 5325 exstitit.
1344 5270 1459 5325 Non
1491 5272 1637 5326 enim
1665 5273 1858 5327 morbo
1885 5289 2020 5328 con-

2131 5278 2261 5338 masc
2292 5273 2592 5346 ἀνθρώπων
2636 5269 2822 5325 παθών
2865 5285 2918 5321 τι
2960 5266 3069 5321 τῶν
3114 5270 3357 5339 ἀναιρεῖν
3393 5266 3715 5331 εἰωθότων,

442 5362 718 5424 sumptus,
759 5371 823 5410 ac
859 5372 927 5411 ne
959 5358 1154 5428 laqueo
1203 5360 1447 5430 quidem,
1498 5370 1593 5417 aut
1644 5363 1807 5433 igne:
1835 5379 2013 5433 neque

2131 5368 2292 5438 βίαιον
2330 5367 2590 5436 ὑπέμεινε
2615 5362 2869 5433 τελευτὴν
2891 5402 2906 5427 ,
2937 5360 3050 5413 ἀλλ’
3090 5360 3166 5423 ὡς
3193 5360 3324 5413 αὑτὸ
3355 5360 3515 5431 μόνον
3560 5359 3713 5419 ἑκὼν

442 5460 574 5500 vero
614 5444 685 5500 ad
733 5461 940 5502 morem
977 5450 1335 5520 reliquorum,
1379 5454 1472 5523 qui
1513 5454 1586 5509 ob
1632 5458 1839 5512 scelera
1886 5472 2011 5520 sua,

2131 5461 2408 5532 παρεδίδου
2455 5461 2568 5522 τοῖς
2622 5456 3029 5512 ἐπιϐουλεύουσι
3062 5454 3123 5508 τὸ
3159 5453 3340 5524 σῶμα,
3389 5453 3720 5524 ἀνωρθοῦτο

443 5544 623 5599 crucis
663 5546 930 5616 supplicio
960 5548 1096 5603 allici
1127 5549 1329 5618 solent,
1367 5552 1625 5612 cruribus
1652 5554 1839 5611 itidem
1865 5553 2012 5612 ferro

2131 5556 2221 5626 μὲν
2253 5553 2360 5607 ἀπὸ
2380 5554 2480 5624 γῆς
2502 5552 2719 5617 αὐτίκα,
2745 5550 2982 5606 κᾶπειτα
3005 5548 3099 5603 ἐπὶ
3122 5545 3217 5600 τοῦ
3244 5546 3421 5619 ἰκρίου
3442 5548 3719 5620 φωνήσαις

514 5720 560 5751 ⁸³
590 5718 755 5775 Marc.
792 5737 853 5787 n,
878 5722 950 5778 9-
970 5722 1062 5778 ll.
