  <div class='ocr_page' id='page_1' title='image "/cluster/home/n/w/nwhite01/storage/ocr_20150623/22/nnc1.0046978372/114.png"; bbox 0 0 3828 6216; ppageno 0'>
   <div class='ocr_carea' id='block_1_1' title="bbox 132 312 226 365">
    <p class='ocr_par' dir='ltr' id='par_1_1' title="bbox 132 312 226 365">
     <span class='ocr_line' id='line_1_1' title="bbox 132 312 226 365; baseline 0 0"><span class='ocrx_word' id='word_1_1' title='bbox 132 312 226 365; x_wconf 77' lang='lat' dir='ltr'><strong>I97</strong></span> 
     </span>
    </p>
   </div>
   <div class='ocr_carea' id='block_1_2' title="bbox 1058 306 2517 367">
    <p class='ocr_par' dir='ltr' id='par_1_2' title="bbox 1058 306 2517 367">
     <span class='ocr_line' id='line_1_2' title="bbox 1058 306 2517 367; baseline 0.001 -2"><span class='ocrx_word' id='word_1_2' title='bbox 1058 308 1723 367; x_wconf 78' lang='lat' dir='ltr'><strong>DEMONSTRATIONIS</strong></span> <span class='ocrx_word' id='word_1_3' title='bbox 1763 306 2226 365; x_wconf 67' lang='grc' dir='ltr'><strong>ΕνλΝςΕιιςΑς</strong></span> <span class='ocrx_word' id='word_1_4' title='bbox 2255 309 2383 365; x_wconf 79' lang='lat' dir='ltr'><strong>LIB.</strong></span> <span class='ocrx_word' id='word_1_5' title='bbox 2427 308 2517 367; x_wconf 86' lang='lat' dir='ltr'><strong>lll.</strong></span> 
     </span>
    </p>
   </div>
   <div class='ocr_carea' id='block_1_3' title="bbox 3301 308 3403 370">
    <p class='ocr_par' dir='ltr' id='par_1_3' title="bbox 3301 308 3403 370">
     <span class='ocr_line' id='line_1_3' title="bbox 3301 308 3403 370; baseline 0.029 -3"><span class='ocrx_word' id='word_1_6' title='bbox 3301 308 3403 370; x_wconf 71' lang='lat'><strong>{98</strong></span> 
     </span>
    </p>
   </div>
   <div class='ocr_carea' id='block_1_4' title="bbox 130 423 1831 499">
    <p class='ocr_par' dir='ltr' id='par_1_4' title="bbox 130 423 1831 499">
     <span class='ocr_line' id='line_1_4' title="bbox 130 423 1831 499; baseline 0.002 -22"><span class='ocrx_word' id='word_1_7' title='bbox 130 426 268 496; x_wconf 70' lang='grc' dir='ltr'>μέγα</span> <span class='ocrx_word' id='word_1_8' title='bbox 289 464 307 483; x_wconf 88' lang='grc'><strong>.</strong></span> <span class='ocrx_word' id='word_1_9' title='bbox 338 428 437 479; x_wconf 72' lang='grc' dir='ltr'>καὶ</span> <span class='ocrx_word' id='word_1_10' title='bbox 467 423 547 495; x_wconf 83' lang='grc' dir='ltr'>τῷ</span> <span class='ocrx_word' id='word_1_11' title='bbox 591 425 768 497; x_wconf 79' lang='grc' dir='ltr'>Πατρὶ</span> <span class='ocrx_word' id='word_1_12' title='bbox 810 425 1133 497; x_wconf 79' lang='grc' dir='ltr'>παρατιθεὶς</span> <span class='ocrx_word' id='word_1_13' title='bbox 1162 427 1223 481; x_wconf 80' lang='grc' dir='ltr'><strong>τὸ</strong></span> <span class='ocrx_word' id='word_1_14' title='bbox 1255 428 1504 499; x_wconf 81' lang='grc' dir='ltr'>πνεῦμα,</span> <span class='ocrx_word' id='word_1_15' title='bbox 1553 427 1724 481; x_wconf 72' lang='grc' dir='ltr'>εἰπὼν</span> <span class='ocrx_word' id='word_1_16' title='bbox 1751 434 1797 491; x_wconf 83' lang='grc' dir='ltr'><strong>Α</strong></span> <span class='ocrx_word' id='word_1_17' title='bbox 1826 444 1831 480; x_wconf 68' lang='grc' dir='ltr'><em>ε</em></span> 
     </span>
    </p>
   </div>
   <div class='ocr_carea' id='block_1_5' title="bbox 1818 423 3407 499">
    <p class='ocr_par' dir='ltr' id='par_1_5' title="bbox 1826 424 3407 497">
     <span class='ocr_line' id='line_1_5' title="bbox 1826 424 3407 497; baseline 0 -15"><span class='ocrx_word' id='word_1_18' title='bbox 1826 426 2081 490; x_wconf 81' lang='lat' dir='ltr'><strong>succisis,</strong></span> <span class='ocrx_word' id='word_1_19' title='bbox 2130 440 2310 497; x_wconf 90' lang='lat' dir='ltr'><strong>neque</strong></span> <span class='ocrx_word' id='word_1_20' title='bbox 2360 426 2588 481; x_wconf 86' lang='lat' dir='ltr'><strong>omnino</strong></span> <span class='ocrx_word' id='word_1_21' title='bbox 2621 425 2919 497; x_wconf 82' lang='lat' dir='ltr'><strong>quidquam</strong></span> <span class='ocrx_word' id='word_1_22' title='bbox 2964 424 3034 482; x_wconf 86' lang='lat' dir='ltr'><strong>ab</strong></span> <span class='ocrx_word' id='word_1_23' title='bbox 3079 425 3190 480; x_wconf 90' lang='lat' dir='ltr'><strong>ullo</strong></span> <span class='ocrx_word' id='word_1_24' title='bbox 3221 427 3407 482; x_wconf 63' lang='lat' dir='ltr'><strong>homia</strong></span> 
     </span>
    </p>
   </div>
   <div class='ocr_carea' id='block_1_6' title="bbox 127 517 1718 591">
    <p class='ocr_par' dir='ltr' id='par_1_6' title="bbox 127 517 1718 591">
     <span class='ocr_line' id='line_1_6' title="bbox 127 517 1718 591; baseline 0.003 -22"><span class='ocrx_word' id='word_1_25' title='bbox 127 517 312 581; x_wconf 79' lang='grc' dir='ltr'>αὐτοῖς</span> <span class='ocrx_word' id='word_1_26' title='bbox 354 518 634 588; x_wconf 80' lang='grc' dir='ltr'>ῥήμασιν’</span> <span class='ocrx_word' id='word_1_27' title='bbox 669 536 687 569; x_wconf 73' lang='grc' dir='ltr'><strong>ι</strong></span> <span class='ocrx_word' id='word_1_28' title='bbox 717 517 901 588; x_wconf 84' lang='grc' dir='ltr'>Πάτερ</span> <span class='ocrx_word' id='word_1_29' title='bbox 920 557 937 582; x_wconf 89' lang='grc'><strong>,</strong></span> <span class='ocrx_word' id='word_1_30' title='bbox 968 520 1049 582; x_wconf 86' lang='grc' dir='ltr'><strong>είς</strong></span> <span class='ocrx_word' id='word_1_31' title='bbox 1083 519 1269 589; x_wconf 88' lang='grc' dir='ltr'>χεῖράς</span> <span class='ocrx_word' id='word_1_32' title='bbox 1302 537 1397 573; x_wconf 90' lang='grc' dir='ltr'><strong>σου</strong></span> <span class='ocrx_word' id='word_1_33' title='bbox 1424 519 1718 591; x_wconf 83' lang='grc' dir='ltr'>παρατίθε-</span> 
     </span>
    </p>
   </div>
   <div class='ocr_carea' id='block_1_7' title="bbox 131 608 1719 683">
    <p class='ocr_par' dir='ltr' id='par_1_7' title="bbox 131 608 1719 683">
     <span class='ocr_line' id='line_1_7' title="bbox 131 608 1719 683; baseline 0.002 -22"><span class='ocrx_word' id='word_1_34' title='bbox 131 624 227 679; x_wconf 88' lang='grc' dir='ltr'><strong>μαι</strong></span> <span class='ocrx_word' id='word_1_35' title='bbox 263 608 328 662; x_wconf 84' lang='grc' dir='ltr'>τὸ</span> <span class='ocrx_word' id='word_1_36' title='bbox 361 608 584 680; x_wconf 86' lang='grc' dir='ltr'>πνεῦμά</span> <span class='ocrx_word' id='word_1_37' title='bbox 619 626 721 680; x_wconf 82' lang='grc' dir='ltr'><strong>μου</strong></span> <span class='ocrx_word' id='word_1_38' title='bbox 745 648 761 672; x_wconf 83' lang='grc'><strong>,</strong></span> <span class='ocrx_word' id='word_1_39' title='bbox 794 629 813 661; x_wconf 75' lang='grc' dir='ltr'><strong>ι</strong></span> <span class='ocrx_word' id='word_1_40' title='bbox 848 609 1024 673; x_wconf 74' lang='grc' dir='ltr'>οὕτως</span> <span class='ocrx_word' id='word_1_41' title='bbox 1056 611 1256 680; x_wconf 77' lang='grc' dir='ltr'>ἄφετος</span> <span class='ocrx_word' id='word_1_42' title='bbox 1300 611 1395 664; x_wconf 75' lang='grc' dir='ltr'>καὶ</span> <span class='ocrx_word' id='word_1_43' title='bbox 1437 610 1719 683; x_wconf 74' lang='grc' dir='ltr'>ἐλεύθερος</span> 
     </span>
    </p>
   </div>
   <div class='ocr_carea' id='block_1_8' title="bbox 126 697 1716 772">
    <p class='ocr_par' dir='ltr' id='par_1_8' title="bbox 126 697 1716 772">
     <span class='ocr_line' id='line_1_8' title="bbox 126 697 1716 772; baseline 0.001 -19"><span class='ocrx_word' id='word_1_44' title='bbox 126 697 291 762; x_wconf 79' lang='grc' dir='ltr'>αὐτὸς</span> <span class='ocrx_word' id='word_1_45' title='bbox 341 699 439 768; x_wconf 73' lang='grc' dir='ltr'><strong>ἀφ’</strong></span> <span class='ocrx_word' id='word_1_46' title='bbox 467 698 664 753; x_wconf 79' lang='grc' dir='ltr'>ἑαυτοῦ</span> <span class='ocrx_word' id='word_1_47' title='bbox 692 699 792 770; x_wconf 80' lang='grc' dir='ltr'><strong>τὴν</strong></span> <span class='ocrx_word' id='word_1_48' title='bbox 824 702 889 753; x_wconf 83' lang='grc' dir='ltr'>ὲκ</span> <span class='ocrx_word' id='word_1_49' title='bbox 921 699 1017 753; x_wconf 79' lang='grc' dir='ltr'><strong>τοῦ</strong></span> <span class='ocrx_word' id='word_1_50' title='bbox 1051 698 1303 771; x_wconf 90' lang='grc' dir='ltr'>σώματος</span> <span class='ocrx_word' id='word_1_51' title='bbox 1332 700 1716 772; x_wconf 83' lang='grc' dir='ltr'><strong>ἀναχώρησιν,</strong></span> 
     </span>
    </p>
   </div>
   <div class='ocr_carea' id='block_1_9' title="bbox 126 786 1718 862">
    <p class='ocr_par' dir='ltr' id='par_1_9' title="bbox 126 786 1718 862">
     <span class='ocr_line' id='line_1_9' title="bbox 126 786 1718 862; baseline 0.003 -20"><span class='ocrx_word' id='word_1_52' title='bbox 126 791 285 844; x_wconf 64' lang='grc' dir='ltr'><strong>ταυτί¹</strong></span> <span class='ocrx_word' id='word_1_53' title='bbox 316 790 576 861; x_wconf 78' lang='grc' dir='ltr'><strong>πρόσθες,</strong></span> <span class='ocrx_word' id='word_1_54' title='bbox 612 792 868 844; x_wconf 74' lang='grc' dir='ltr'>ἐποιεῖτο.</span> <span class='ocrx_word' id='word_1_55' title='bbox 900 786 1034 844; x_wconf 78' lang='grc' dir='ltr'>Εἶτα</span> <span class='ocrx_word' id='word_1_56' title='bbox 1060 790 1118 843; x_wconf 84' lang='grc' dir='ltr'>δὲ</span> <span class='ocrx_word' id='word_1_57' title='bbox 1142 791 1238 844; x_wconf 81' lang='grc' dir='ltr'>τοῦ</span> <span class='ocrx_word' id='word_1_58' title='bbox 1270 790 1522 862; x_wconf 83' lang='grc' dir='ltr'>σώματος</span> <span class='ocrx_word' id='word_1_59' title='bbox 1552 792 1718 846; x_wconf 79' lang='grc' dir='ltr'>αὑτοῦ</span> 
     </span>
    </p>
   </div>
   <div class='ocr_carea' id='block_1_10' title="bbox 127 882 1717 956">
    <p class='ocr_par' dir='ltr' id='par_1_10' title="bbox 127 882 1717 956">
     <span class='ocr_line' id='line_1_10' title="bbox 127 882 1717 956; baseline 0.001 -21"><span class='ocrx_word' id='word_1_60' title='bbox 127 882 431 953; x_wconf 79' lang='grc' dir='ltr'><strong>ληφθέντος</strong></span> <span class='ocrx_word' id='word_1_61' title='bbox 456 883 594 952; x_wconf 74' lang='grc' dir='ltr'>πρὸς</span> <span class='ocrx_word' id='word_1_62' title='bbox 619 882 727 936; x_wconf 90' lang='grc' dir='ltr'><strong>τῶν</strong></span> <span class='ocrx_word' id='word_1_63' title='bbox 767 882 1062 953; x_wconf 82' lang='grc' dir='ltr'><strong>γνωρίμων</strong></span> <span class='ocrx_word' id='word_1_64' title='bbox 1081 923 1095 947; x_wconf 90' lang='grc'><strong>,</strong></span> <span class='ocrx_word' id='word_1_65' title='bbox 1124 883 1220 936; x_wconf 79' lang='grc' dir='ltr'><strong>καὶ</strong></span> <span class='ocrx_word' id='word_1_66' title='bbox 1257 887 1324 955; x_wconf 78' lang='grc' dir='ltr'>τῇ</span> <span class='ocrx_word' id='word_1_67' title='bbox 1365 885 1717 956; x_wconf 71' lang='grc' dir='ltr'><strong>προσηκούσῃ</strong></span> 
     </span>
    </p>
   </div>
   <div class='ocr_carea' id='block_1_11' title="bbox 129 970 1718 1047">
    <p class='ocr_par' dir='ltr' id='par_1_11' title="bbox 129 970 1718 1047">
     <span class='ocr_line' id='line_1_11' title="bbox 129 970 1718 1047; baseline 0.001 -19"><span class='ocrx_word' id='word_1_68' title='bbox 129 975 531 1047; x_wconf 77' lang='grc' dir='ltr'>παραδοθέντος</span> <span class='ocrx_word' id='word_1_69' title='bbox 596 977 742 1045; x_wconf 78' lang='grc' dir='ltr'>ταφῇ</span> <span class='ocrx_word' id='word_1_70' title='bbox 765 1015 780 1039; x_wconf 91' lang='grc'><strong>,</strong></span> <span class='ocrx_word' id='word_1_71' title='bbox 842 977 1084 1046; x_wconf 78' lang='grc' dir='ltr'><strong>τριταῖος</strong></span> <span class='ocrx_word' id='word_1_72' title='bbox 1142 970 1300 1040; x_wconf 84' lang='grc' dir='ltr'>αὖθις</span> <span class='ocrx_word' id='word_1_73' title='bbox 1365 974 1718 1046; x_wconf 82' lang='grc' dir='ltr'>ἀπελάμϐανε</span> 
     </span>
    </p>
   </div>
   <div class='ocr_carea' id='block_1_12' title="bbox 126 1066 1721 1139">
    <p class='ocr_par' dir='ltr' id='par_1_12' title="bbox 126 1066 1721 1139">
     <span class='ocr_line' id='line_1_12' title="bbox 126 1066 1721 1139; baseline 0.001 -20"><span class='ocrx_word' id='word_1_74' title='bbox 126 1066 286 1119; x_wconf 74' lang='grc' dir='ltr'>τοῦτο</span> <span class='ocrx_word' id='word_1_75' title='bbox 308 1106 326 1130; x_wconf 88' lang='grc'><strong>,</strong></span> <span class='ocrx_word' id='word_1_76' title='bbox 392 1066 423 1118; x_wconf 81' lang='grc' dir='ltr'><strong>ὃ</strong></span> <span class='ocrx_word' id='word_1_77' title='bbox 473 1066 605 1137; x_wconf 79' lang='grc' dir='ltr'>πρὶν</span> <span class='ocrx_word' id='word_1_78' title='bbox 655 1067 1018 1139; x_wconf 83' lang='grc' dir='ltr'><strong>ἀναχωρήσας</strong></span> <span class='ocrx_word' id='word_1_79' title='bbox 1069 1067 1211 1121; x_wconf 81' lang='grc' dir='ltr'>ἑκὼν</span> <span class='ocrx_word' id='word_1_80' title='bbox 1279 1067 1557 1121; x_wconf 81' lang='grc' dir='ltr'>κατέθετο.</span> <span class='ocrx_word' id='word_1_81' title='bbox 1608 1068 1721 1121; x_wconf 83' lang='grc' dir='ltr'><strong>Καὶ</strong></span> 
     </span>
    </p>
   </div>
   <div class='ocr_carea' id='block_1_13' title="bbox 126 1157 1718 1230">
    <p class='ocr_par' dir='ltr' id='par_1_13' title="bbox 126 1157 1718 1230">
     <span class='ocr_line' id='line_1_13' title="bbox 126 1157 1718 1230; baseline 0.001 -20"><span class='ocrx_word' id='word_1_82' title='bbox 126 1157 368 1211; x_wconf 80' lang='grc' dir='ltr'>δείκνυσί</span> <span class='ocrx_word' id='word_1_83' title='bbox 418 1174 482 1226; x_wconf 95' lang='grc' dir='ltr'><strong>γε</strong></span> <span class='ocrx_word' id='word_1_84' title='bbox 536 1157 698 1211; x_wconf 84' lang='grc' dir='ltr'>πάλιν</span> <span class='ocrx_word' id='word_1_85' title='bbox 746 1158 907 1223; x_wconf 77' lang='grc' dir='ltr'>αὐτὸς</span> <span class='ocrx_word' id='word_1_86' title='bbox 954 1158 1144 1212; x_wconf 77' lang='grc' dir='ltr'>ἑαυτὸν</span> <span class='ocrx_word' id='word_1_87' title='bbox 1194 1158 1487 1230; x_wconf 77' lang='grc' dir='ltr'>ἐνσαρκον,</span> <span class='ocrx_word' id='word_1_88' title='bbox 1549 1157 1718 1212; x_wconf 76' lang='grc' dir='ltr'>ἐνσώ-</span> 
     </span>
    </p>
   </div>
   <div class='ocr_carea' id='block_1_14' title="bbox 130 1243 1718 1322">
    <p class='ocr_par' dir='ltr' id='par_1_14' title="bbox 130 1243 1718 1322">
     <span class='ocr_line' id='line_1_14' title="bbox 130 1243 1718 1322; baseline 0.002 -22"><span class='ocrx_word' id='word_1_89' title='bbox 130 1266 229 1318; x_wconf 87' lang='grc' dir='ltr'><strong>μον</strong></span> <span class='ocrx_word' id='word_1_90' title='bbox 248 1289 264 1311; x_wconf 92' lang='grc'><strong>,</strong></span> <span class='ocrx_word' id='word_1_91' title='bbox 319 1249 489 1302; x_wconf 82' lang='grc' dir='ltr'>αὑτὸν</span> <span class='ocrx_word' id='word_1_92' title='bbox 548 1250 756 1302; x_wconf 74' lang='grc' dir='ltr'>ἐκεῖνον</span> <span class='ocrx_word' id='word_1_93' title='bbox 777 1289 793 1313; x_wconf 87' lang='grc'><strong>,</strong></span> <span class='ocrx_word' id='word_1_94' title='bbox 848 1243 961 1313; x_wconf 76' lang='grc' dir='ltr'>οἷος</span> <span class='ocrx_word' id='word_1_95' title='bbox 1019 1250 1116 1304; x_wconf 72' lang='grc' dir='ltr'><strong>καὶ</strong></span> <span class='ocrx_word' id='word_1_96' title='bbox 1157 1250 1219 1303; x_wconf 78' lang='grc' dir='ltr'>τὸ</span> <span class='ocrx_word' id='word_1_97' title='bbox 1276 1252 1405 1321; x_wconf 75' lang='grc' dir='ltr'>πρὶν</span> <span class='ocrx_word' id='word_1_98' title='bbox 1458 1247 1555 1322; x_wconf 86' lang='grc' dir='ltr'>ἦν,</span> <span class='ocrx_word' id='word_1_99' title='bbox 1605 1253 1718 1316; x_wconf 86' lang='grc' dir='ltr'>τοῖς</span> 
     </span>
    </p>
   </div>
   <div class='ocr_carea' id='block_1_15' title="bbox 125 1338 1718 1415">
    <p class='ocr_par' dir='ltr' id='par_1_15' title="bbox 125 1338 1718 1415">
     <span class='ocr_line' id='line_1_15' title="bbox 125 1338 1718 1415; baseline 0.003 -23"><span class='ocrx_word' id='word_1_100' title='bbox 125 1340 353 1403; x_wconf 72' lang='grc' dir='ltr'>οἰκείοις</span> <span class='ocrx_word' id='word_1_101' title='bbox 388 1341 691 1411; x_wconf 82' lang='grc' dir='ltr'><strong>μαθηταῖς,</strong></span> <span class='ocrx_word' id='word_1_102' title='bbox 715 1338 796 1404; x_wconf 79' lang='grc' dir='ltr'>οἷς</span> <span class='ocrx_word' id='word_1_103' title='bbox 826 1343 922 1395; x_wconf 74' lang='grc' dir='ltr'>καὶ</span> <span class='ocrx_word' id='word_1_104' title='bbox 964 1342 1058 1396; x_wconf 75' lang='grc' dir='ltr'>ἐπὶ</span> <span class='ocrx_word' id='word_1_105' title='bbox 1091 1343 1265 1414; x_wconf 82' lang='grc' dir='ltr'>βραχὺ</span> <span class='ocrx_word' id='word_1_106' title='bbox 1293 1343 1593 1415; x_wconf 82' lang='grc' dir='ltr'>ὁμιλήσας,</span> <span class='ocrx_word' id='word_1_107' title='bbox 1626 1345 1718 1397; x_wconf 88' lang='grc' dir='ltr'><strong>καί</strong></span> 
     </span>
    </p>
   </div>
   <div class='ocr_carea' id='block_1_16' title="bbox 126 1417 1716 1505">
    <p class='ocr_par' dir='ltr' id='par_1_16' title="bbox 126 1417 1716 1505">
     <span class='ocr_line' id='line_1_16' title="bbox 126 1417 1716 1505; baseline 0.002 -21"><span class='ocrx_word' id='word_1_108' title='bbox 126 1449 249 1485; x_wconf 85' lang='grc' dir='ltr'>τινα</span> <span class='ocrx_word' id='word_1_109' title='bbox 312 1432 702 1503; x_wconf 75' lang='grc' dir='ltr'>συνδιατρίψας</span> <span class='ocrx_word' id='word_1_110' title='bbox 747 1434 939 1504; x_wconf 85' lang='grc' dir='ltr'>χρόνον</span> <span class='ocrx_word' id='word_1_111' title='bbox 962 1472 978 1496; x_wconf 90' lang='grc'><strong>,</strong></span> <span class='ocrx_word' id='word_1_112' title='bbox 1020 1417 1226 1488; x_wconf 84' lang='grc' dir='ltr'>ἄνεισιν</span> <span class='ocrx_word' id='word_1_113' title='bbox 1273 1433 1395 1487; x_wconf 81' lang='grc' dir='ltr'>ὅθεν</span> <span class='ocrx_word' id='word_1_114' title='bbox 1455 1435 1551 1487; x_wconf 72' lang='grc' dir='ltr'><strong>καὶ</strong></span> <span class='ocrx_word' id='word_1_115' title='bbox 1573 1450 1716 1505; x_wconf 88' lang='grc' dir='ltr'>παρ-</span> 
     </span>
    </p>
   </div>
   <div class='ocr_carea' id='block_1_17' title="bbox 125 1524 1718 1598">
    <p class='ocr_par' dir='ltr' id='par_1_17' title="bbox 125 1524 1718 1598">
     <span class='ocr_line' id='line_1_17' title="bbox 125 1524 1718 1598; baseline 0.003 -23"><span class='ocrx_word' id='word_1_116' title='bbox 125 1525 227 1593; x_wconf 84' lang='grc' dir='ltr'><strong>ἦν.</strong></span> <span class='ocrx_word' id='word_1_117' title='bbox 252 1524 348 1576; x_wconf 83' lang='grc' dir='ltr'><strong>ὑπ’</strong></span> <span class='ocrx_word' id='word_1_118' title='bbox 376 1524 678 1595; x_wconf 71' lang='grc' dir='ltr'>ὀφθαλμοῖς</span> <span class='ocrx_word' id='word_1_119' title='bbox 712 1525 893 1579; x_wconf 77' lang='grc' dir='ltr'>αὐτῶν</span> <span class='ocrx_word' id='word_1_120' title='bbox 924 1525 1023 1596; x_wconf 84' lang='grc' dir='ltr'><strong>τὴν</strong></span> <span class='ocrx_word' id='word_1_121' title='bbox 1078 1528 1160 1590; x_wconf 89' lang='grc' dir='ltr'><strong>είς</strong></span> <span class='ocrx_word' id='word_1_122' title='bbox 1203 1527 1466 1597; x_wconf 78' lang='grc' dir='ltr'>οὐρανοὺς</span> <span class='ocrx_word' id='word_1_123' title='bbox 1494 1526 1718 1598; x_wconf 85' lang='grc' dir='ltr'>πορείαν</span> 
     </span>
    </p>
   </div>
   <div class='ocr_carea' id='block_1_18' title="bbox 128 1609 1718 1687">
    <p class='ocr_par' dir='ltr' id='par_1_18' title="bbox 128 1609 1718 1687">
     <span class='ocr_line' id='line_1_18' title="bbox 128 1609 1718 1687; baseline 0.001 -21"><span class='ocrx_word' id='word_1_124' title='bbox 128 1614 516 1684; x_wconf 84' lang='grc' dir='ltr'>στειλάμενος’</span> <span class='ocrx_word' id='word_1_125' title='bbox 552 1609 636 1678; x_wconf 76' lang='grc' dir='ltr'>οἷς</span> <span class='ocrx_word' id='word_1_126' title='bbox 681 1614 746 1685; x_wconf 80' lang='grc' dir='ltr'>δὴ</span> <span class='ocrx_word' id='word_1_127' title='bbox 780 1615 874 1667; x_wconf 69' lang='grc' dir='ltr'>καὶ</span> <span class='ocrx_word' id='word_1_128' title='bbox 920 1614 1201 1687; x_wconf 81' lang='grc' dir='ltr'>ὑποθήκας</span> <span class='ocrx_word' id='word_1_129' title='bbox 1252 1616 1381 1686; x_wconf 67' lang='grc' dir='ltr'><strong>περὶ¹</strong></span> <span class='ocrx_word' id='word_1_130' title='bbox 1429 1614 1539 1668; x_wconf 87' lang='grc' dir='ltr'><strong>τῶν</strong></span> <span class='ocrx_word' id='word_1_131' title='bbox 1573 1631 1718 1685; x_wconf 87' lang='grc' dir='ltr'>πρα-</span> 
     </span>
    </p>
   </div>
   <div class='ocr_carea' id='block_1_19' title="bbox 126 1705 1718 1776">
    <p class='ocr_par' dir='ltr' id='par_1_19' title="bbox 126 1705 1718 1776">
     <span class='ocr_line' id='line_1_19' title="bbox 126 1705 1718 1776; baseline 0.001 -18"><span class='ocrx_word' id='word_1_132' title='bbox 126 1705 306 1759; x_wconf 83' lang='grc' dir='ltr'>κτέων</span> <span class='ocrx_word' id='word_1_133' title='bbox 350 1705 651 1776; x_wconf 86' lang='grc' dir='ltr'>παραδοὺς,</span> <span class='ocrx_word' id='word_1_134' title='bbox 697 1706 1050 1771; x_wconf 76' lang='grc' dir='ltr'>διδασκάλους</span> <span class='ocrx_word' id='word_1_135' title='bbox 1096 1706 1205 1760; x_wconf 90' lang='grc' dir='ltr'><strong>τῶν</strong></span> <span class='ocrx_word' id='word_1_136' title='bbox 1248 1707 1418 1760; x_wconf 76' lang='grc' dir='ltr'>ἐθνῶν</span> <span class='ocrx_word' id='word_1_137' title='bbox 1460 1707 1718 1760; x_wconf 83' lang='grc' dir='ltr'>ἁπάντων</span> 
     </span>
    </p>
   </div>
   <div class='ocr_carea' id='block_1_20' title="bbox 124 1783 1793 1870">
    <p class='ocr_par' dir='ltr' id='par_1_20' title="bbox 124 1783 1793 1870">
     <span class='ocr_line' id='line_1_20' title="bbox 124 1783 1793 1870; baseline 0.001 -21"><span class='ocrx_word' id='word_1_138' title='bbox 124 1796 225 1869; x_wconf 83' lang='grc' dir='ltr'>τῆς</span> <span class='ocrx_word' id='word_1_139' title='bbox 248 1796 517 1850; x_wconf 82' lang='grc' dir='ltr'>ἀνωτάτω</span> <span class='ocrx_word' id='word_1_140' title='bbox 549 1796 855 1861; x_wconf 82' lang='grc' dir='ltr'>θεοσεϐείας</span> <span class='ocrx_word' id='word_1_141' title='bbox 883 1798 1150 1869; x_wconf 78' lang='grc' dir='ltr'>ἀπέφηνε.</span> <span class='ocrx_word' id='word_1_142' title='bbox 1194 1797 1431 1851; x_wconf 79' lang='grc' dir='ltr'>Τοιαῦτα</span> <span class='ocrx_word' id='word_1_143' title='bbox 1465 1801 1498 1870; x_wconf 84' lang='grc' dir='ltr'><strong>ή</strong></span> <span class='ocrx_word' id='word_1_144' title='bbox 1509 1799 1624 1869; x_wconf 87' lang='grc' dir='ltr'><strong>μῶν</strong></span> <span class='ocrx_word' id='word_1_145' title='bbox 1646 1797 1716 1851; x_wconf 87' lang='grc' dir='ltr'><strong>τὰ</strong></span> <span class='ocrx_word' id='word_1_146' title='bbox 1752 1783 1793 1838; x_wconf 80' lang='grc' dir='ltr'>Β</span> 
     </span>
    </p>
   </div>
   <div class='ocr_carea' id='block_1_21' title="bbox 126 1887 1720 1960">
    <p class='ocr_par' dir='ltr' id='par_1_21' title="bbox 126 1887 1720 1960">
     <span class='ocr_line' id='line_1_21' title="bbox 126 1887 1720 1960; baseline 0.001 -18"><span class='ocrx_word' id='word_1_147' title='bbox 126 1887 487 1959; x_wconf 72' lang='grc' dir='ltr'>πολυύμνητα</span> <span class='ocrx_word' id='word_1_148' title='bbox 539 1888 640 1960; x_wconf 86' lang='grc' dir='ltr'><strong>τῆς</strong></span> <span class='ocrx_word' id='word_1_149' title='bbox 684 1888 887 1959; x_wconf 82' lang='grc' dir='ltr'>ἀρετῆς</span> <span class='ocrx_word' id='word_1_150' title='bbox 947 1887 1236 1960; x_wconf 74' lang='grc' dir='ltr'>θαύματαο</span> <span class='ocrx_word' id='word_1_151' title='bbox 1282 1887 1455 1943; x_wconf 81' lang='grc' dir='ltr'>ταῦτα</span> <span class='ocrx_word' id='word_1_152' title='bbox 1505 1889 1603 1960; x_wconf 83' lang='grc' dir='ltr'>τῆς</span> <span class='ocrx_word' id='word_1_153' title='bbox 1660 1892 1720 1943; x_wconf 81' lang='grc' dir='ltr'>ὲν</span> 
     </span>
    </p>
   </div>
   <div class='ocr_carea' id='block_1_22' title="bbox 126 1975 1720 2051">
    <p class='ocr_par' dir='ltr' id='par_1_22' title="bbox 126 1975 1720 2051">
     <span class='ocr_line' id='line_1_22' title="bbox 126 1975 1720 2051; baseline 0.001 -20"><span class='ocrx_word' id='word_1_154' title='bbox 126 1979 277 2050; x_wconf 81' lang='grc' dir='ltr'>αὐτῷ</span> <span class='ocrx_word' id='word_1_155' title='bbox 311 1979 567 2051; x_wconf 81' lang='grc' dir='ltr'>θεότητος</span> <span class='ocrx_word' id='word_1_156' title='bbox 617 1980 688 2033; x_wconf 88' lang='grc' dir='ltr'><strong>τά</strong></span> <span class='ocrx_word' id='word_1_157' title='bbox 732 1980 1036 2051; x_wconf 80' lang='grc' dir='ltr'>τεκμήρια’</span> <span class='ocrx_word' id='word_1_158' title='bbox 1078 1975 1254 2033; x_wconf 80' lang='grc' dir='ltr'>ταῦτα</span> <span class='ocrx_word' id='word_1_159' title='bbox 1300 1980 1396 2033; x_wconf 73' lang='grc' dir='ltr'>καὶ</span> <span class='ocrx_word' id='word_1_160' title='bbox 1439 1980 1595 2032; x_wconf 74' lang='grc' dir='ltr'>αὐτοὶ</span> <span class='ocrx_word' id='word_1_161' title='bbox 1632 1979 1720 2033; x_wconf 66' lang='grc' dir='ltr'>λος-</span> 
     </span>
    </p>
   </div>
   <div class='ocr_carea' id='block_1_23' title="bbox 127 2071 1720 2144">
    <p class='ocr_par' dir='ltr' id='par_1_23' title="bbox 127 2071 1720 2144">
     <span class='ocr_line' id='line_1_23' title="bbox 127 2071 1720 2144; baseline 0.001 -20"><span class='ocrx_word' id='word_1_162' title='bbox 127 2071 314 2143; x_wconf 81' lang='grc' dir='ltr'>γισμῷ</span> <span class='ocrx_word' id='word_1_163' title='bbox 348 2071 590 2143; x_wconf 83' lang='grc' dir='ltr'>σώφρονι</span> <span class='ocrx_word' id='word_1_164' title='bbox 618 2071 1067 2143; x_wconf 80' lang='grc' dir='ltr'>τεθαυμάκαμεν,</span> <span class='ocrx_word' id='word_1_165' title='bbox 1089 2071 1525 2144; x_wconf 79' lang='grc' dir='ltr'>βεϐασανισμὲνῃ</span> <span class='ocrx_word' id='word_1_166' title='bbox 1546 2089 1603 2126; x_wconf 90' lang='grc' dir='ltr'><strong>τε</strong></span> <span class='ocrx_word' id='word_1_167' title='bbox 1624 2073 1720 2126; x_wconf 75' lang='grc' dir='ltr'><strong>καὶ</strong></span> 
     </span>
    </p>
   </div>
   <div class='ocr_carea' id='block_1_24' title="bbox 126 2164 1718 2237">
    <p class='ocr_par' dir='ltr' id='par_1_24' title="bbox 126 2164 1718 2237">
     <span class='ocr_line' id='line_1_24' title="bbox 126 2164 1718 2237; baseline 0.001 -20"><span class='ocrx_word' id='word_1_168' title='bbox 126 2165 481 2236; x_wconf 73' lang='grc' dir='ltr'>ἐξητασμένη</span> <span class='ocrx_word' id='word_1_169' title='bbox 511 2165 693 2237; x_wconf 90' lang='grc' dir='ltr'>κρίσει</span> <span class='ocrx_word' id='word_1_170' title='bbox 737 2164 1165 2236; x_wconf 79' lang='grc' dir='ltr'>κατεδεξάμεθα.</span> <span class='ocrx_word' id='word_1_171' title='bbox 1214 2164 1537 2236; x_wconf 86' lang='grc' dir='ltr'>Ἐξήτασται</span> <span class='ocrx_word' id='word_1_172' title='bbox 1590 2168 1718 2236; x_wconf 85' lang='grc' dir='ltr'>παρ’</span> 
     </span>
    </p>
   </div>
   <div class='ocr_carea' id='block_1_25' title="bbox 125 2255 1718 2329">
    <p class='ocr_par' dir='ltr' id='par_1_25' title="bbox 125 2255 1718 2329">
     <span class='ocr_line' id='line_1_25' title="bbox 125 2255 1718 2329; baseline -0.001 -19"><span class='ocrx_word' id='word_1_173' title='bbox 125 2259 260 2327; x_wconf 81' lang='grc' dir='ltr'>ἡμῖν</span> <span class='ocrx_word' id='word_1_174' title='bbox 305 2257 407 2310; x_wconf 73' lang='grc' dir='ltr'>καὶ</span> <span class='ocrx_word' id='word_1_175' title='bbox 453 2255 842 2326; x_wconf 79' lang='grc' dir='ltr'>βεϐασάνισται</span> <span class='ocrx_word' id='word_1_176' title='bbox 889 2258 984 2310; x_wconf 60' lang='grc' dir='ltr'><strong>καὶ¹</strong></span> <span class='ocrx_word' id='word_1_177' title='bbox 1022 2256 1091 2309; x_wconf 81' lang='grc' dir='ltr'>δι’</span> <span class='ocrx_word' id='word_1_178' title='bbox 1133 2256 1334 2329; x_wconf 78' lang='grc' dir='ltr'>ἐτέρων</span> <span class='ocrx_word' id='word_1_179' title='bbox 1377 2256 1718 2328; x_wconf 84' lang='grc' dir='ltr'>πραγμάτων</span> 
     </span>
    </p>
   </div>
   <div class='ocr_carea' id='block_1_26' title="bbox 126 2343 1720 2421">
    <p class='ocr_par' dir='ltr' id='par_1_26' title="bbox 126 2343 1720 2421">
     <span class='ocr_line' id='line_1_26' title="bbox 126 2343 1720 2421; baseline 0.001 -20"><span class='ocrx_word' id='word_1_180' title='bbox 126 2348 381 2421; x_wconf 77' lang='grc' dir='ltr'>ἐναργῶν</span> <span class='ocrx_word' id='word_1_181' title='bbox 413 2350 595 2402; x_wconf 89' lang='grc' dir='ltr'>πάντα</span> <span class='ocrx_word' id='word_1_182' title='bbox 633 2350 1016 2403; x_wconf 84' lang='grc' dir='ltr'>καλυπτόντων</span> <span class='ocrx_word' id='word_1_183' title='bbox 1049 2350 1226 2418; x_wconf 80' lang='grc' dir='ltr'>λόγον,</span> <span class='ocrx_word' id='word_1_184' title='bbox 1260 2350 1329 2402; x_wconf 84' lang='grc' dir='ltr'>δι’</span> <span class='ocrx_word' id='word_1_185' title='bbox 1380 2343 1454 2403; x_wconf 80' lang='grc' dir='ltr'>ὧν</span> <span class='ocrx_word' id='word_1_186' title='bbox 1495 2350 1657 2414; x_wconf 86' lang='grc' dir='ltr'>αὐτὸς</span> <span class='ocrx_word' id='word_1_187' title='bbox 1689 2350 1720 2402; x_wconf 85' lang='grc' dir='ltr'>ὁ</span> 
     </span>
    </p>
   </div>
   <div class='ocr_carea' id='block_1_27' title="bbox 128 2436 1719 2513">
    <p class='ocr_par' dir='ltr' id='par_1_27' title="bbox 128 2436 1719 2513">
     <span class='ocr_line' id='line_1_27' title="bbox 128 2436 1719 2513; baseline -0.001 -19"><span class='ocrx_word' id='word_1_188' title='bbox 128 2441 338 2513; x_wconf 79' lang='grc' dir='ltr'>Κύριος</span> <span class='ocrx_word' id='word_1_189' title='bbox 380 2441 540 2512; x_wconf 79' lang='grc' dir='ltr'>ἡμῶν</span> <span class='ocrx_word' id='word_1_190' title='bbox 572 2442 740 2495; x_wconf 80' lang='grc' dir='ltr'>εἰσέτι</span> <span class='ocrx_word' id='word_1_191' title='bbox 766 2442 860 2495; x_wconf 75' lang='grc' dir='ltr'><strong>καὶ</strong></span> <span class='ocrx_word' id='word_1_192' title='bbox 899 2441 994 2495; x_wconf 83' lang='grc' dir='ltr'>νῦν</span> <span class='ocrx_word' id='word_1_193' title='bbox 1026 2436 1108 2505; x_wconf 76' lang='grc' dir='ltr'>οἷς</span> <span class='ocrx_word' id='word_1_194' title='bbox 1139 2441 1207 2494; x_wconf 80' lang='grc' dir='ltr'><strong>ἂν</strong></span> <span class='ocrx_word' id='word_1_195' title='bbox 1239 2442 1496 2511; x_wconf 81' lang='grc' dir='ltr'>κρίνειεν,</span> <span class='ocrx_word' id='word_1_196' title='bbox 1547 2442 1719 2512; x_wconf 79' lang='grc' dir='ltr'>μικρά</span> 
     </span>
    </p>
   </div>
   <div class='ocr_carea' id='block_1_28' title="bbox 126 2532 1717 2605">
    <p class='ocr_par' dir='ltr' id='par_1_28' title="bbox 126 2532 1717 2605">
     <span class='ocr_line' id='line_1_28' title="bbox 126 2532 1717 2605; baseline 0.003 -21"><span class='ocrx_word' id='word_1_197' title='bbox 126 2550 252 2586; x_wconf 87' lang='grc' dir='ltr'>τινα</span> <span class='ocrx_word' id='word_1_198' title='bbox 279 2533 382 2604; x_wconf 86' lang='grc' dir='ltr'>τῆς</span> <span class='ocrx_word' id='word_1_199' title='bbox 427 2533 596 2586; x_wconf 81' lang='grc' dir='ltr'>αὐτοῦ</span> <span class='ocrx_word' id='word_1_200' title='bbox 623 2533 905 2604; x_wconf 86' lang='grc' dir='ltr'>δυνάμεως</span> <span class='ocrx_word' id='word_1_201' title='bbox 944 2534 1307 2605; x_wconf 83' lang='grc' dir='ltr'>παραφαίνειν</span> <span class='ocrx_word' id='word_1_202' title='bbox 1345 2532 1526 2586; x_wconf 81' lang='grc' dir='ltr'>εἴωθε.</span> <span class='ocrx_word' id='word_1_203' title='bbox 1569 2533 1717 2605; x_wconf 86' lang='grc' dir='ltr'>Πλὴν</span> 
     </span>
    </p>
   </div>
   <div class='ocr_carea' id='block_1_29' title="bbox 122 2624 1718 2697">
    <p class='ocr_par' dir='ltr' id='par_1_29' title="bbox 122 2624 1718 2697">
     <span class='ocr_line' id='line_1_29' title="bbox 122 2624 1718 2697; baseline -0.001 -19"><span class='ocrx_word' id='word_1_204' title='bbox 122 2624 265 2678; x_wconf 81' lang='grc' dir='ltr'>ἀλλὰ</span> <span class='ocrx_word' id='word_1_205' title='bbox 293 2626 391 2678; x_wconf 80' lang='grc' dir='ltr'>καὶ</span> <span class='ocrx_word' id='word_1_206' title='bbox 429 2628 496 2696; x_wconf 84' lang='grc' dir='ltr'>τῇ</span> <span class='ocrx_word' id='word_1_207' title='bbox 530 2624 867 2697; x_wconf 69' lang='grc' dir='ltr'>λογικωτέρα</span> <span class='ocrx_word' id='word_1_208' title='bbox 911 2624 1138 2696; x_wconf 84' lang='grc' dir='ltr'>μεθόδῳ,</span> <span class='ocrx_word' id='word_1_209' title='bbox 1167 2625 1237 2696; x_wconf 82' lang='grc' dir='ltr'>ἢν</span> <span class='ocrx_word' id='word_1_210' title='bbox 1262 2625 1558 2697; x_wconf 87' lang='grc' dir='ltr'>προσάγειν</span> <span class='ocrx_word' id='word_1_211' title='bbox 1591 2624 1718 2678; x_wconf 83' lang='grc' dir='ltr'>εἰώ-</span> 
     </span>
    </p>
   </div>
   <div class='ocr_carea' id='block_1_30' title="bbox 122 2712 1716 2788">
    <p class='ocr_par' dir='ltr' id='par_1_30' title="bbox 122 2712 1716 2788">
     <span class='ocr_line' id='line_1_30' title="bbox 122 2712 1716 2788; baseline 0.001 -22"><span class='ocrx_word' id='word_1_212' title='bbox 122 2712 302 2785; x_wconf 83' lang='grc' dir='ltr'>θαμεν</span> <span class='ocrx_word' id='word_1_213' title='bbox 327 2717 447 2777; x_wconf 90' lang='grc' dir='ltr'>τοῖς</span> <span class='ocrx_word' id='word_1_214' title='bbox 486 2715 548 2767; x_wconf 81' lang='grc' dir='ltr'><strong>οὐ</strong></span> <span class='ocrx_word' id='word_1_215' title='bbox 586 2714 1051 2785; x_wconf 85' lang='grc' dir='ltr'>παραδεχομένοις</span> <span class='ocrx_word' id='word_1_216' title='bbox 1080 2714 1149 2769; x_wconf 84' lang='grc' dir='ltr'>τὰ</span> <span class='ocrx_word' id='word_1_217' title='bbox 1182 2715 1574 2788; x_wconf 79' lang='grc' dir='ltr'>προειρημένα,</span> <span class='ocrx_word' id='word_1_218' title='bbox 1601 2714 1716 2770; x_wconf 85' lang='grc' dir='ltr'>ἀλλ’</span> 
     </span>
    </p>
   </div>
   <div class='ocr_carea' id='block_1_31' title="bbox 121 2804 1716 2878">
    <p class='ocr_par' dir='ltr' id='par_1_31' title="bbox 121 2804 1716 2878">
     <span class='ocr_line' id='line_1_31' title="bbox 121 2804 1716 2878; baseline -0.001 -19"><span class='ocrx_word' id='word_1_219' title='bbox 121 2806 249 2877; x_wconf 75' lang='grc' dir='ltr'>ἦτοι</span> <span class='ocrx_word' id='word_1_220' title='bbox 281 2804 566 2870; x_wconf 82' lang='grc' dir='ltr'>παντελῶς</span> <span class='ocrx_word' id='word_1_221' title='bbox 589 2806 908 2859; x_wconf 82' lang='grc' dir='ltr'>ἀπιστοῦσιν</span> <span class='ocrx_word' id='word_1_222' title='bbox 933 2806 1135 2870; x_wconf 79' lang='grc' dir='ltr'>αὐτοῖς,</span> <span class='ocrx_word' id='word_1_223' title='bbox 1168 2807 1263 2860; x_wconf 82' lang='grc' dir='ltr'><strong>καὶ</strong></span> <span class='ocrx_word' id='word_1_224' title='bbox 1294 2805 1464 2878; x_wconf 76' lang='grc' dir='ltr'>μηδὲν</span> <span class='ocrx_word' id='word_1_225' title='bbox 1486 2804 1716 2859; x_wconf 86' lang='grc' dir='ltr'>καθόλου</span> 
     </span>
    </p>
   </div>
   <div class='ocr_carea' id='block_1_32' title="bbox 120 2897 1720 2969">
    <p class='ocr_par' dir='ltr' id='par_1_32' title="bbox 120 2897 1720 2969">
     <span class='ocr_line' id='line_1_32' title="bbox 120 2897 1720 2969; baseline 0 -17"><span class='ocrx_word' id='word_1_226' title='bbox 120 2900 411 2967; x_wconf 85' lang='grc' dir='ltr'>γεγονέναι</span> <span class='ocrx_word' id='word_1_227' title='bbox 436 2898 678 2952; x_wconf 79' lang='grc' dir='ltr'>τοιοῦτον</span> <span class='ocrx_word' id='word_1_228' title='bbox 707 2897 843 2969; x_wconf 82' lang='grc' dir='ltr'>πρὸς</span> <span class='ocrx_word' id='word_1_229' title='bbox 876 2898 1041 2952; x_wconf 74' lang='grc' dir='ltr'>αὐτοῦ</span> <span class='ocrx_word' id='word_1_230' title='bbox 1074 2897 1396 2968; x_wconf 80' lang='grc' dir='ltr'>φάσκουσιν,</span> <span class='ocrx_word' id='word_1_231' title='bbox 1435 2898 1468 2968; x_wconf 85' lang='grc' dir='ltr'>ἦ</span> <span class='ocrx_word' id='word_1_232' title='bbox 1499 2898 1720 2967; x_wconf 78' lang='grc' dir='ltr'>γεγονέ-</span> 
     </span>
    </p>
   </div>
   <div class='ocr_carea' id='block_1_33' title="bbox 120 2988 1718 3061">
    <p class='ocr_par' dir='ltr' id='par_1_33' title="bbox 120 2988 1718 3061">
     <span class='ocr_line' id='line_1_33' title="bbox 120 2988 1718 3061; baseline -0.001 -17"><span class='ocrx_word' id='word_1_233' title='bbox 120 3008 215 3044; x_wconf 85' lang='grc' dir='ltr'><strong>ναι</strong></span> <span class='ocrx_word' id='word_1_234' title='bbox 252 2991 375 3061; x_wconf 79' lang='grc' dir='ltr'>μὲν,</span> <span class='ocrx_word' id='word_1_235' title='bbox 408 2991 644 3061; x_wconf 87' lang='grc' dir='ltr'>γοητικά</span> <span class='ocrx_word' id='word_1_236' title='bbox 688 2990 744 3043; x_wconf 84' lang='grc' dir='ltr'>δὲ</span> <span class='ocrx_word' id='word_1_237' title='bbox 776 2990 949 3054; x_wconf 82' lang='grc' dir='ltr'>ἄλλως</span> <span class='ocrx_word' id='word_1_238' title='bbox 987 2989 1082 3043; x_wconf 77' lang='grc' dir='ltr'><strong>ἐπὶ</strong></span> <span class='ocrx_word' id='word_1_239' title='bbox 1115 2989 1291 3061; x_wconf 81' lang='grc' dir='ltr'>πλάνῃ</span> <span class='ocrx_word' id='word_1_240' title='bbox 1324 2988 1432 3043; x_wconf 89' lang='grc' dir='ltr'><strong>τῶν</strong></span> <span class='ocrx_word' id='word_1_241' title='bbox 1465 2988 1718 3061; x_wconf 86' lang='grc' dir='ltr'>ὁρώντων</span> 
     </span>
    </p>
   </div>
   <div class='ocr_carea' id='block_1_34' title="bbox 1797 518 3401 588">
    <p class='ocr_par' dir='ltr' id='par_1_34' title="bbox 1797 518 3401 588">
     <span class='ocr_line' id='line_1_34' title="bbox 1797 518 3401 588; baseline 0.002 -17"><span class='ocrx_word' id='word_1_242' title='bbox 1797 532 1955 572; x_wconf 85' lang='lat' dir='ltr'><strong>num</strong></span> <span class='ocrx_word' id='word_1_243' title='bbox 1987 532 2206 588; x_wconf 89' lang='lat' dir='ltr'><strong>passus,</strong></span> <span class='ocrx_word' id='word_1_244' title='bbox 2240 533 2431 573; x_wconf 90' lang='lat' dir='ltr'><strong>eorum</strong></span> <span class='ocrx_word' id='word_1_245' title='bbox 2463 518 2557 588; x_wconf 88' lang='lat' dir='ltr'><strong>qui</strong></span> <span class='ocrx_word' id='word_1_246' title='bbox 2588 519 2726 575; x_wconf 89' lang='lat' dir='ltr'><strong>alios</strong></span> <span class='ocrx_word' id='word_1_247' title='bbox 2750 532 2950 574; x_wconf 88' lang='lat' dir='ltr'><strong>necare</strong></span> <span class='ocrx_word' id='word_1_248' title='bbox 2977 529 3401 583; x_wconf 84' lang='lat' dir='ltr'><strong>consueverunt,</strong></span> 
     </span>
    </p>
   </div>
   <div class='ocr_carea' id='block_1_35' title="bbox 1820 600 3405 679">
    <p class='ocr_par' dir='ltr' id='par_1_35' title="bbox 1820 600 3405 679">
     <span class='ocr_line' id='line_1_35' title="bbox 1820 600 3405 679; baseline 0.004 -19"><span class='ocrx_word' id='word_1_249' title='bbox 1820 608 2075 663; x_wconf 66' lang='lat' dir='ltr'><strong>violentae</strong></span> <span class='ocrx_word' id='word_1_250' title='bbox 2135 608 2333 664; x_wconf 89' lang='lat' dir='ltr'><strong>mortis</strong></span> <span class='ocrx_word' id='word_1_251' title='bbox 2384 624 2558 679; x_wconf 77' lang='lat' dir='ltr'><strong>genus</strong></span> <span class='ocrx_word' id='word_1_252' title='bbox 2603 610 2774 663; x_wconf 90' lang='lat' dir='ltr'><strong>ullum</strong></span> <span class='ocrx_word' id='word_1_253' title='bbox 2839 609 3083 679; x_wconf 84' lang='lat' dir='ltr'><strong>pertulit.</strong></span> <span class='ocrx_word' id='word_1_254' title='bbox 3143 607 3251 665; x_wconf 85' lang='lat' dir='ltr'><strong>Sed</strong></span> <span class='ocrx_word' id='word_1_255' title='bbox 3309 600 3405 666; x_wconf 77' lang='lat' dir='ltr'><strong>ubi</strong></span> 
     </span>
    </p>
   </div>
   <div class='ocr_carea' id='block_1_36' title="bbox 1822 698 3405 771">
    <p class='ocr_par' dir='ltr' id='par_1_36' title="bbox 1822 698 3405 771">
     <span class='ocr_line' id='line_1_36' title="bbox 1822 698 3405 771; baseline 0.002 -18"><span class='ocrx_word' id='word_1_256' title='bbox 1822 698 2005 770; x_wconf 90' lang='lat' dir='ltr'><strong>ipsum</strong></span> <span class='ocrx_word' id='word_1_257' title='bbox 2035 700 2302 755; x_wconf 89' lang='lat' dir='ltr'><strong>duntaxat</strong></span> <span class='ocrx_word' id='word_1_258' title='bbox 2329 708 2525 770; x_wconf 89' lang='lat' dir='ltr'><strong>sponte</strong></span> <span class='ocrx_word' id='word_1_259' title='bbox 2555 702 2788 771; x_wconf 72' lang='lat' dir='ltr'><strong>praebuit</strong></span> <span class='ocrx_word' id='word_1_260' title='bbox 2819 700 3060 755; x_wconf 89' lang='lat' dir='ltr'><strong>inimicis</strong></span> <span class='ocrx_word' id='word_1_261' title='bbox 3091 700 3405 756; x_wconf 88' lang='lat' dir='ltr'><strong>insidianti-</strong></span> 
     </span>
    </p>
   </div>
   <div class='ocr_carea' id='block_1_37' title="bbox 1818 792 3403 864">
    <p class='ocr_par' dir='ltr' id='par_1_37' title="bbox 1818 792 3403 864">
     <span class='ocr_line' id='line_1_37' title="bbox 1818 792 3403 864; baseline 0.001 -16"><span class='ocrx_word' id='word_1_262' title='bbox 1818 792 1925 850; x_wconf 86' lang='lat' dir='ltr'><strong>bus</strong></span> <span class='ocrx_word' id='word_1_263' title='bbox 1955 809 2179 864; x_wconf 90' lang='lat' dir='ltr'><strong>corpus,</strong></span> <span class='ocrx_word' id='word_1_264' title='bbox 2210 800 2327 847; x_wconf 89' lang='lat' dir='ltr'><strong>tum</strong></span> <span class='ocrx_word' id='word_1_265' title='bbox 2367 801 2585 849; x_wconf 87' lang='lat' dir='ltr'><strong>erectus</strong></span> <span class='ocrx_word' id='word_1_266' title='bbox 2612 802 2692 849; x_wconf 90' lang='lat' dir='ltr'><strong>est</strong></span> <span class='ocrx_word' id='word_1_267' title='bbox 2731 807 2762 847; x_wconf 92' lang='lat' dir='ltr'><strong>a</strong></span> <span class='ocrx_word' id='word_1_268' title='bbox 2802 803 2945 849; x_wconf 89' lang='lat' dir='ltr'><strong>terra</strong></span> <span class='ocrx_word' id='word_1_269' title='bbox 2993 794 3161 850; x_wconf 86' lang='lat' dir='ltr'><strong>illico.</strong></span> <span class='ocrx_word' id='word_1_270' title='bbox 3198 792 3403 849; x_wconf 87' lang='lat' dir='ltr'><strong>Deinde</strong></span> 
     </span>
    </p>
   </div>
   <div class='ocr_carea' id='block_1_38' title="bbox 1819 884 3400 956">
    <p class='ocr_par' dir='ltr' id='par_1_38' title="bbox 1819 884 3400 956">
     <span class='ocr_line' id='line_1_38' title="bbox 1819 884 3400 956; baseline -0.001 -15"><span class='ocrx_word' id='word_1_271' title='bbox 1819 886 1877 941; x_wconf 92' lang='lat' dir='ltr'><strong>in</strong></span> <span class='ocrx_word' id='word_1_272' title='bbox 1908 887 2058 956; x_wconf 77' lang='lat' dir='ltr'><strong>ligno</strong></span> <span class='ocrx_word' id='word_1_273' title='bbox 2097 899 2295 956; x_wconf 76' lang='lat' dir='ltr'><strong>magna</strong></span> <span class='ocrx_word' id='word_1_274' title='bbox 2343 900 2481 940; x_wconf 88' lang='lat' dir='ltr'><strong>voce</strong></span> <span class='ocrx_word' id='word_1_275' title='bbox 2511 886 2778 949; x_wconf 85' lang='lat' dir='ltr'><strong>clamans,</strong></span> <span class='ocrx_word' id='word_1_276' title='bbox 2839 893 2895 940; x_wconf 88' lang='lat' dir='ltr'><strong>et</strong></span> <span class='ocrx_word' id='word_1_277' title='bbox 2940 884 3092 939; x_wconf 84' lang='lat' dir='ltr'><strong>Patri</strong></span> <span class='ocrx_word' id='word_1_278' title='bbox 3145 887 3400 955; x_wconf 85' lang='lat' dir='ltr'><strong>spiritum</strong></span> 
     </span>
    </p>
   </div>
   <div class='ocr_carea' id='block_1_39' title="bbox 1820 975 3402 1046">
    <p class='ocr_par' dir='ltr' id='par_1_39' title="bbox 1820 975 3402 1046">
     <span class='ocr_line' id='line_1_39' title="bbox 1820 975 3402 1046; baseline -0.002 -12"><span class='ocrx_word' id='word_1_279' title='bbox 1820 976 2235 1043; x_wconf 90' lang='lat' dir='ltr'><strong>commendans,</strong></span> <span class='ocrx_word' id='word_1_280' title='bbox 2273 983 2437 1046; x_wconf 89' lang='lat' dir='ltr'><strong>atque</strong></span> <span class='ocrx_word' id='word_1_281' title='bbox 2463 976 2580 1031; x_wconf 69' lang='lat' dir='ltr'><strong>hanc</strong></span> <span class='ocrx_word' id='word_1_282' title='bbox 2609 976 2678 1030; x_wconf 89' lang='lat' dir='ltr'><strong>ad</strong></span> <span class='ocrx_word' id='word_1_283' title='bbox 2723 977 2950 1032; x_wconf 78' lang='lat' dir='ltr'><strong>verbum</strong></span> <span class='ocrx_word' id='word_1_284' title='bbox 2982 977 3171 1032; x_wconf 88' lang='lat' dir='ltr'><strong>dicens</strong></span> <span class='ocrx_word' id='word_1_285' title='bbox 3197 994 3212 1031; x_wconf 89' lang='lat'><strong>:</strong></span> <span class='ocrx_word' id='word_1_286' title='bbox 3245 995 3263 1027; x_wconf 73' lang='grc' dir='ltr'><strong>ι</strong></span> <span class='ocrx_word' id='word_1_287' title='bbox 3294 975 3402 1031; x_wconf 87' lang='lat' dir='ltr'><strong>Pa-</strong></span> 
     </span>
    </p>
   </div>
   <div class='ocr_carea' id='block_1_40' title="bbox 1820 1069 3398 1138">
    <p class='ocr_par' dir='ltr' id='par_1_40' title="bbox 1820 1069 3398 1138">
     <span class='ocr_line' id='line_1_40' title="bbox 1820 1069 3398 1138; baseline -0.002 -13"><span class='ocrx_word' id='word_1_288' title='bbox 1820 1079 1924 1134; x_wconf 90' lang='lat' dir='ltr'><strong>ter,</strong></span> <span class='ocrx_word' id='word_1_289' title='bbox 1951 1072 2008 1125; x_wconf 89' lang='lat' dir='ltr'><strong>in</strong></span> <span class='ocrx_word' id='word_1_290' title='bbox 2036 1083 2233 1124; x_wconf 89' lang='lat' dir='ltr'><strong>manus</strong></span> <span class='ocrx_word' id='word_1_291' title='bbox 2264 1076 2389 1123; x_wconf 91' lang='lat' dir='ltr'><strong>tuas</strong></span> <span class='ocrx_word' id='word_1_292' title='bbox 2419 1069 2745 1125; x_wconf 89' lang='lat' dir='ltr'><strong>commendo</strong></span> <span class='ocrx_word' id='word_1_293' title='bbox 2772 1069 3023 1138; x_wconf 87' lang='lat' dir='ltr'><strong>spiritum</strong></span> <span class='ocrx_word' id='word_1_294' title='bbox 3056 1084 3235 1124; x_wconf 91' lang='lat' dir='ltr'><strong>meum</strong></span> <span class='ocrx_word' id='word_1_295' title='bbox 3261 1069 3307 1102; x_wconf 78' lang='lat'><strong>°&quot;</strong></span> <span class='ocrx_word' id='word_1_296' title='bbox 3336 1090 3349 1124; x_wconf 90' lang='lat'><strong>:</strong></span> <span class='ocrx_word' id='word_1_297' title='bbox 3377 1089 3398 1122; x_wconf 73' lang='grc' dir='ltr'><strong>ι</strong></span> 
     </span>
    </p>
   </div>
   <div class='ocr_carea' id='block_1_41' title="bbox 1821 1161 3405 1231">
    <p class='ocr_par' dir='ltr' id='par_1_41' title="bbox 1821 1161 3405 1231">
     <span class='ocr_line' id='line_1_41' title="bbox 1821 1161 3405 1231; baseline -0.001 -15"><span class='ocrx_word' id='word_1_298' title='bbox 1821 1162 1895 1216; x_wconf 91' lang='lat' dir='ltr'><strong>ita</strong></span> <span class='ocrx_word' id='word_1_299' title='bbox 1941 1161 2155 1215; x_wconf 90' lang='lat' dir='ltr'><strong>solutus</strong></span> <span class='ocrx_word' id='word_1_300' title='bbox 2195 1175 2260 1214; x_wconf 90' lang='lat' dir='ltr'><strong>ac</strong></span> <span class='ocrx_word' id='word_1_301' title='bbox 2302 1161 2463 1225; x_wconf 84' lang='lat' dir='ltr'><strong>liber,</strong></span> <span class='ocrx_word' id='word_1_302' title='bbox 2511 1161 2628 1231; x_wconf 88' lang='lat' dir='ltr'><strong>ipse</strong></span> <span class='ocrx_word' id='word_1_303' title='bbox 2674 1175 2773 1230; x_wconf 89' lang='lat' dir='ltr'><strong>per</strong></span> <span class='ocrx_word' id='word_1_304' title='bbox 2813 1161 3054 1229; x_wconf 90' lang='lat' dir='ltr'><strong>seipsum</strong></span> <span class='ocrx_word' id='word_1_305' title='bbox 3104 1174 3135 1214; x_wconf 92' lang='lat' dir='ltr'><strong>a</strong></span> <span class='ocrx_word' id='word_1_306' title='bbox 3170 1175 3405 1230; x_wconf 89' lang='lat' dir='ltr'><strong>corpore</strong></span> 
     </span>
    </p>
   </div>
   <div class='ocr_carea' id='block_1_42' title="bbox 1821 1250 3403 1326">
    <p class='ocr_par' dir='ltr' id='par_1_42' title="bbox 1821 1250 3403 1326">
     <span class='ocr_line' id='line_1_42' title="bbox 1821 1250 3403 1326; baseline -0.001 -19"><span class='ocrx_word' id='word_1_307' title='bbox 1821 1252 2072 1308; x_wconf 84' lang='lat' dir='ltr'><strong>secessit.</strong></span> <span class='ocrx_word' id='word_1_308' title='bbox 2107 1250 2313 1306; x_wconf 87' lang='lat' dir='ltr'><strong>Deinde</strong></span> <span class='ocrx_word' id='word_1_309' title='bbox 2363 1267 2489 1306; x_wconf 93' lang='lat' dir='ltr'><strong>cum</strong></span> <span class='ocrx_word' id='word_1_310' title='bbox 2525 1266 2727 1321; x_wconf 89' lang='lat' dir='ltr'><strong>corpus</strong></span> <span class='ocrx_word' id='word_1_311' title='bbox 2761 1251 2938 1320; x_wconf 87' lang='lat' dir='ltr'><strong>ipsius</strong></span> <span class='ocrx_word' id='word_1_312' title='bbox 2966 1250 3279 1326; x_wconf 80' lang='lat' dir='ltr'><strong>familiares</strong></span> <span class='ocrx_word' id='word_1_313' title='bbox 3310 1267 3403 1305; x_wconf 87' lang='lat' dir='ltr'><strong>ac-</strong></span> 
     </span>
    </p>
   </div>
   <div class='ocr_carea' id='block_1_43' title="bbox 1819 1346 3400 1417">
    <p class='ocr_par' dir='ltr' id='par_1_43' title="bbox 1819 1346 3400 1417">
     <span class='ocr_line' id='line_1_43' title="bbox 1819 1346 3400 1417; baseline -0.001 -16"><span class='ocrx_word' id='word_1_314' title='bbox 1819 1346 2116 1416; x_wconf 83' lang='lat' dir='ltr'><strong>cepissent,</strong></span> <span class='ocrx_word' id='word_1_315' title='bbox 2143 1353 2307 1417; x_wconf 90' lang='lat' dir='ltr'><strong>atque</strong></span> <span class='ocrx_word' id='word_1_316' title='bbox 2330 1346 2573 1401; x_wconf 72' lang='lat' dir='ltr'><strong>honestze</strong></span> <span class='ocrx_word' id='word_1_317' title='bbox 2589 1347 2882 1416; x_wconf 66' lang='lat' dir='ltr'><strong>sepulturae</strong></span> <span class='ocrx_word' id='word_1_318' title='bbox 2898 1347 3400 1412; x_wconf 82' lang='lat' dir='ltr'><strong>commendassem,</strong></span> 
     </span>
    </p>
   </div>
   <div class='ocr_carea' id='block_1_44' title="bbox 1820 1423 3404 1507">
    <p class='ocr_par' dir='ltr' id='par_1_44' title="bbox 1820 1423 3404 1507">
     <span class='ocr_line' id='line_1_44' title="bbox 1820 1423 3404 1507; baseline 0 -16"><span class='ocrx_word' id='word_1_319' title='bbox 1820 1438 1980 1491; x_wconf 90' lang='lat' dir='ltr'><strong>tertio</strong></span> <span class='ocrx_word' id='word_1_320' title='bbox 2023 1437 2112 1492; x_wconf 91' lang='lat' dir='ltr'><strong>die</strong></span> <span class='ocrx_word' id='word_1_321' title='bbox 2159 1451 2354 1492; x_wconf 87' lang='lat' dir='ltr'><strong>rursus</strong></span> <span class='ocrx_word' id='word_1_322' title='bbox 2386 1437 2518 1491; x_wconf 93' lang='lat' dir='ltr'><strong>illud</strong></span> <span class='ocrx_word' id='word_1_323' title='bbox 2551 1437 2729 1507; x_wconf 90' lang='lat' dir='ltr'><strong>ipsum</strong></span> <span class='ocrx_word' id='word_1_324' title='bbox 2765 1438 2994 1507; x_wconf 88' lang='lat' dir='ltr'><strong>recepit,</strong></span> <span class='ocrx_word' id='word_1_325' title='bbox 3026 1438 3178 1506; x_wconf 90' lang='lat' dir='ltr'><strong>quod</strong></span> <span class='ocrx_word' id='word_1_326' title='bbox 3208 1423 3404 1493; x_wconf 75' lang='lat' dir='ltr'><strong>videli-</strong></span> 
     </span>
    </p>
   </div>
   <div class='ocr_carea' id='block_1_45' title="bbox 1820 1528 3401 1600">
    <p class='ocr_par' dir='ltr' id='par_1_45' title="bbox 1820 1528 3401 1600">
     <span class='ocr_line' id='line_1_45' title="bbox 1820 1528 3401 1600; baseline 0.003 -18"><span class='ocrx_word' id='word_1_327' title='bbox 1820 1537 1907 1582; x_wconf 90' lang='lat' dir='ltr'><strong>cet</strong></span> <span class='ocrx_word' id='word_1_328' title='bbox 1942 1536 2138 1598; x_wconf 91' lang='lat' dir='ltr'><strong>sponte</strong></span> <span class='ocrx_word' id='word_1_329' title='bbox 2166 1528 2483 1599; x_wconf 85' lang='lat' dir='ltr'><strong>reliquerat.</strong></span> <span class='ocrx_word' id='word_1_330' title='bbox 2533 1528 2599 1581; x_wconf 88' lang='lat' dir='ltr'><strong>Et</strong></span> <span class='ocrx_word' id='word_1_331' title='bbox 2632 1529 2713 1584; x_wconf 91' lang='lat' dir='ltr'><strong>sic</strong></span> <span class='ocrx_word' id='word_1_332' title='bbox 2751 1545 2968 1592; x_wconf 89' lang='lat' dir='ltr'><strong>rursus,</strong></span> <span class='ocrx_word' id='word_1_333' title='bbox 3006 1529 3125 1600; x_wconf 88' lang='lat' dir='ltr'><strong>ipse</strong></span> <span class='ocrx_word' id='word_1_334' title='bbox 3154 1531 3401 1600; x_wconf 90' lang='lat' dir='ltr'><strong>seipsum</strong></span> 
     </span>
    </p>
   </div>
   <div class='ocr_carea' id='block_1_46' title="bbox 1820 1618 3402 1691">
    <p class='ocr_par' dir='ltr' id='par_1_46' title="bbox 1820 1618 3402 1691">
     <span class='ocr_line' id='line_1_46' title="bbox 1820 1618 3402 1691; baseline 0.003 -19"><span class='ocrx_word' id='word_1_335' title='bbox 1820 1619 1876 1672; x_wconf 91' lang='lat' dir='ltr'><strong>in</strong></span> <span class='ocrx_word' id='word_1_336' title='bbox 1936 1633 2143 1683; x_wconf 87' lang='lat' dir='ltr'><strong>carne,</strong></span> <span class='ocrx_word' id='word_1_337' title='bbox 2196 1618 2251 1672; x_wconf 93' lang='lat' dir='ltr'><strong>in</strong></span> <span class='ocrx_word' id='word_1_338' title='bbox 2312 1633 2578 1688; x_wconf 90' lang='lat' dir='ltr'><strong>corpore,</strong></span> <span class='ocrx_word' id='word_1_339' title='bbox 2637 1620 2817 1689; x_wconf 87' lang='lat' dir='ltr'><strong>ipsum</strong></span> <span class='ocrx_word' id='word_1_340' title='bbox 2875 1620 3028 1674; x_wconf 91' lang='lat' dir='ltr'><strong>illum</strong></span> <span class='ocrx_word' id='word_1_341' title='bbox 3096 1623 3190 1691; x_wconf 89' lang='lat' dir='ltr'><strong>qui</strong></span> <span class='ocrx_word' id='word_1_342' title='bbox 3249 1624 3402 1691; x_wconf 90' lang='lat' dir='ltr'><strong>prius</strong></span> 
     </span>
    </p>
   </div>
   <div class='ocr_carea' id='block_1_47' title="bbox 1822 1711 3402 1797">
    <p class='ocr_par' dir='ltr' id='par_1_47' title="bbox 1822 1711 3402 1797">
     <span class='ocr_line' id='line_1_47' title="bbox 1822 1711 3402 1797; baseline 0.003 -34"><span class='ocrx_word' id='word_1_343' title='bbox 1822 1713 2020 1774; x_wconf 80' lang='lat' dir='ltr'><strong>Inerat,</strong></span> <span class='ocrx_word' id='word_1_344' title='bbox 2076 1711 2193 1766; x_wconf 89' lang='lat' dir='ltr'><strong>suis</strong></span> <span class='ocrx_word' id='word_1_345' title='bbox 2233 1711 2475 1766; x_wconf 88' lang='lat' dir='ltr'><strong>ostendit</strong></span> <span class='ocrx_word' id='word_1_346' title='bbox 2503 1711 2811 1780; x_wconf 86' lang='lat' dir='ltr'><strong>discipulis,</strong></span> <span class='ocrx_word' id='word_1_347' title='bbox 2856 1712 3058 1781; x_wconf 84' lang='lat' dir='ltr'><strong>quibus</strong></span> <span class='ocrx_word' id='word_1_348' title='bbox 3104 1728 3230 1767; x_wconf 91' lang='lat' dir='ltr'><strong>cum</strong></span> <span class='ocrx_word' id='word_1_349' title='bbox 3264 1728 3402 1797; x_wconf 78' lang='lat' dir='ltr'><strong>pau-</strong></span> 
     </span>
    </p>
   </div>
   <div class='ocr_carea' id='block_1_48' title="bbox 1821 1799 3400 1871">
    <p class='ocr_par' dir='ltr' id='par_1_48' title="bbox 1821 1799 3400 1871">
     <span class='ocr_line' id='line_1_48' title="bbox 1821 1799 3400 1871; baseline 0.004 -18"><span class='ocrx_word' id='word_1_350' title='bbox 1821 1814 1917 1854; x_wconf 89' lang='lat' dir='ltr'><strong>cos</strong></span> <span class='ocrx_word' id='word_1_351' title='bbox 1969 1799 2090 1853; x_wconf 91' lang='lat' dir='ltr'><strong>dies</strong></span> <span class='ocrx_word' id='word_1_352' title='bbox 2147 1808 2435 1863; x_wconf 82' lang='lat' dir='ltr'><strong>versatus,</strong></span> <span class='ocrx_word' id='word_1_353' title='bbox 2486 1807 2541 1854; x_wconf 89' lang='lat' dir='ltr'><strong>et</strong></span> <span class='ocrx_word' id='word_1_354' title='bbox 2595 1815 2693 1869; x_wconf 91' lang='lat' dir='ltr'><strong>per</strong></span> <span class='ocrx_word' id='word_1_355' title='bbox 2750 1801 2974 1870; x_wconf 89' lang='lat' dir='ltr'><strong>aliquod</strong></span> <span class='ocrx_word' id='word_1_356' title='bbox 3029 1813 3247 1871; x_wconf 88' lang='lat' dir='ltr'><strong>tempus</strong></span> <span class='ocrx_word' id='word_1_357' title='bbox 3297 1818 3400 1859; x_wconf 92' lang='lat' dir='ltr'><strong>suo</strong></span> 
     </span>
    </p>
   </div>
   <div class='ocr_carea' id='block_1_49' title="bbox 1822 1890 3398 1960">
    <p class='ocr_par' dir='ltr' id='par_1_49' title="bbox 1822 1890 3398 1960">
     <span class='ocr_line' id='line_1_49' title="bbox 1822 1890 3398 1960; baseline 0.002 -16"><span class='ocrx_word' id='word_1_358' title='bbox 1822 1890 1986 1944; x_wconf 86' lang='lat' dir='ltr'><strong>etiam</strong></span> <span class='ocrx_word' id='word_1_359' title='bbox 2058 1904 2315 1945; x_wconf 85' lang='lat' dir='ltr'><strong>sermone</strong></span> <span class='ocrx_word' id='word_1_360' title='bbox 2389 1890 2692 1960; x_wconf 78' lang='lat' dir='ltr'><strong>dignatus,</strong></span> <span class='ocrx_word' id='word_1_361' title='bbox 2758 1892 2891 1945; x_wconf 91' lang='lat' dir='ltr'><strong>illuc</strong></span> <span class='ocrx_word' id='word_1_362' title='bbox 2959 1907 3213 1947; x_wconf 80' lang='lat' dir='ltr'><strong>reversus</strong></span> <span class='ocrx_word' id='word_1_363' title='bbox 3272 1902 3398 1958; x_wconf 87' lang='lat' dir='ltr'><strong>est,</strong></span> 
     </span>
    </p>
   </div>
   <div class='ocr_carea' id='block_1_50' title="bbox 1822 1981 3400 2053">
    <p class='ocr_par' dir='ltr' id='par_1_50' title="bbox 1822 1981 3400 2053">
     <span class='ocr_line' id='line_1_50' title="bbox 1822 1981 3400 2053; baseline 0.004 -19"><span class='ocrx_word' id='word_1_364' title='bbox 1822 1981 1967 2035; x_wconf 89' lang='lat' dir='ltr'><strong>unde</strong></span> <span class='ocrx_word' id='word_1_365' title='bbox 2005 1981 2186 2038; x_wconf 89' lang='lat' dir='ltr'><strong>oculis</strong></span> <span class='ocrx_word' id='word_1_366' title='bbox 2220 1982 2438 2036; x_wconf 90' lang='lat' dir='ltr'><strong>illorum</strong></span> <span class='ocrx_word' id='word_1_367' title='bbox 2497 1997 2557 2037; x_wconf 90' lang='lat' dir='ltr'><strong>se</strong></span> <span class='ocrx_word' id='word_1_368' title='bbox 2607 1982 2904 2047; x_wconf 86' lang='lat' dir='ltr'><strong>obtulerat,</strong></span> <span class='ocrx_word' id='word_1_369' title='bbox 2953 1984 3143 2053; x_wconf 88' lang='lat' dir='ltr'><strong>sicque</strong></span> <span class='ocrx_word' id='word_1_370' title='bbox 3179 1985 3283 2040; x_wconf 87' lang='lat' dir='ltr'><strong>iter</strong></span> <span class='ocrx_word' id='word_1_371' title='bbox 3329 1986 3400 2040; x_wconf 89' lang='lat' dir='ltr'><strong>ad</strong></span> 
     </span>
    </p>
   </div>
   <div class='ocr_carea' id='block_1_51' title="bbox 1822 2072 3401 2147">
    <p class='ocr_par' dir='ltr' id='par_1_51' title="bbox 1822 2072 3401 2147">
     <span class='ocr_line' id='line_1_51' title="bbox 1822 2072 3401 2147; baseline 0.003 -20"><span class='ocrx_word' id='word_1_372' title='bbox 1822 2072 1983 2142; x_wconf 80' lang='lat'><strong>109</strong></span> <span class='ocrx_word' id='word_1_373' title='bbox 2020 2074 2221 2128; x_wconf 72' lang='lat' dir='ltr'><strong>cmlum</strong></span> <span class='ocrx_word' id='word_1_374' title='bbox 2258 2074 2478 2128; x_wconf 84' lang='lat' dir='ltr'><strong>direxit.</strong></span> <span class='ocrx_word' id='word_1_375' title='bbox 2524 2073 2718 2129; x_wconf 90' lang='lat' dir='ltr'><strong>Iisdem</strong></span> <span class='ocrx_word' id='word_1_376' title='bbox 2756 2089 2910 2138; x_wconf 89' lang='lat' dir='ltr'><strong>vero,</strong></span> <span class='ocrx_word' id='word_1_377' title='bbox 2944 2090 3070 2129; x_wconf 89' lang='lat' dir='ltr'><strong>cum</strong></span> <span class='ocrx_word' id='word_1_378' title='bbox 3127 2084 3401 2147; x_wconf 69' lang='lat' dir='ltr'><strong>praecepta</strong></span> 
     </span>
    </p>
   </div>
   <div class='ocr_carea' id='block_1_52' title="bbox 1818 2165 3401 2240">
    <p class='ocr_par' dir='ltr' id='par_1_52' title="bbox 1818 2165 3401 2240">
     <span class='ocr_line' id='line_1_52' title="bbox 1818 2165 3401 2240; baseline 0.006 -23"><span class='ocrx_word' id='word_1_379' title='bbox 1818 2179 2037 2234; x_wconf 90' lang='lat' dir='ltr'><strong>quoque</strong></span> <span class='ocrx_word' id='word_1_380' title='bbox 2066 2165 2134 2219; x_wconf 93' lang='lat' dir='ltr'><strong>de</strong></span> <span class='ocrx_word' id='word_1_381' title='bbox 2160 2165 2326 2220; x_wconf 86' lang='lat' dir='ltr'><strong>rebus</strong></span> <span class='ocrx_word' id='word_1_382' title='bbox 2359 2165 2585 2235; x_wconf 79' lang='lat' dir='ltr'><strong>agendis</strong></span> <span class='ocrx_word' id='word_1_383' title='bbox 2616 2165 2957 2233; x_wconf 89' lang='lat' dir='ltr'><strong>tradidisset,</strong></span> <span class='ocrx_word' id='word_1_384' title='bbox 2996 2168 3220 2224; x_wconf 89' lang='lat' dir='ltr'><strong>eosdem</strong></span> <span class='ocrx_word' id='word_1_385' title='bbox 3254 2170 3401 2240; x_wconf 90' lang='lat' dir='ltr'><strong>apud</strong></span> 
     </span>
    </p>
   </div>
   <div class='ocr_carea' id='block_1_53' title="bbox 1819 2257 3401 2327">
    <p class='ocr_par' dir='ltr' id='par_1_53' title="bbox 1819 2257 3401 2327">
     <span class='ocr_line' id='line_1_53' title="bbox 1819 2257 3401 2327; baseline 0.004 -18"><span class='ocrx_word' id='word_1_386' title='bbox 1819 2271 2010 2311; x_wconf 89' lang='lat' dir='ltr'><strong>omnes</strong></span> <span class='ocrx_word' id='word_1_387' title='bbox 2060 2265 2251 2326; x_wconf 81' lang='lat' dir='ltr'><strong>gentes</strong></span> <span class='ocrx_word' id='word_1_388' title='bbox 2287 2272 2557 2327; x_wconf 71' lang='lat' dir='ltr'><strong>suprema:</strong></span> <span class='ocrx_word' id='word_1_389' title='bbox 2601 2257 2882 2327; x_wconf 81' lang='lat' dir='ltr'><strong>religionis</strong></span> <span class='ocrx_word' id='word_1_390' title='bbox 2915 2258 3179 2315; x_wconf 85' lang='lat' dir='ltr'><strong>doctores</strong></span> <span class='ocrx_word' id='word_1_391' title='bbox 3212 2260 3401 2315; x_wconf 78' lang='lat' dir='ltr'><strong>decla-</strong></span> 
     </span>
    </p>
   </div>
   <div class='ocr_carea' id='block_1_54' title="bbox 1817 2346 3402 2421">
    <p class='ocr_par' dir='ltr' id='par_1_54' title="bbox 1817 2346 3402 2421">
     <span class='ocr_line' id='line_1_54' title="bbox 1817 2346 3402 2421; baseline 0.004 -19"><span class='ocrx_word' id='word_1_392' title='bbox 1817 2349 1979 2402; x_wconf 83' lang='lat' dir='ltr'><strong>ravit.</strong></span> <span class='ocrx_word' id='word_1_393' title='bbox 2024 2346 2151 2403; x_wconf 65' lang='lat' dir='ltr'><strong>Haec</strong></span> <span class='ocrx_word' id='word_1_394' title='bbox 2192 2364 2325 2404; x_wconf 88' lang='lat' dir='ltr'><strong>sane</strong></span> <span class='ocrx_word' id='word_1_395' title='bbox 2380 2357 2511 2404; x_wconf 89' lang='lat' dir='ltr'><strong>sunt</strong></span> <span class='ocrx_word' id='word_1_396' title='bbox 2550 2349 2808 2416; x_wconf 87' lang='lat' dir='ltr'><strong>virtutis,</strong></span> <span class='ocrx_word' id='word_1_397' title='bbox 2851 2366 2975 2421; x_wconf 82' lang='lat' dir='ltr'><strong>quae</strong></span> <span class='ocrx_word' id='word_1_398' title='bbox 3014 2352 3069 2406; x_wconf 92' lang='lat' dir='ltr'><strong>in</strong></span> <span class='ocrx_word' id='word_1_399' title='bbox 3118 2352 3402 2410; x_wconf 86' lang='lat' dir='ltr'><strong>Salvatore</strong></span> 
     </span>
    </p>
   </div>
   <div class='ocr_carea' id='block_1_55' title="bbox 1820 2441 3401 2511">
    <p class='ocr_par' dir='ltr' id='par_1_55' title="bbox 1820 2441 3401 2511">
     <span class='ocr_line' id='line_1_55' title="bbox 1820 2441 3401 2511; baseline 0.004 -17"><span class='ocrx_word' id='word_1_400' title='bbox 1820 2448 2010 2495; x_wconf 86' lang='lat' dir='ltr'><strong>nostro</strong></span> <span class='ocrx_word' id='word_1_401' title='bbox 2054 2448 2194 2504; x_wconf 89' lang='lat' dir='ltr'><strong>erat,</strong></span> <span class='ocrx_word' id='word_1_402' title='bbox 2248 2442 2496 2511; x_wconf 88' lang='lat' dir='ltr'><strong>apprime</strong></span> <span class='ocrx_word' id='word_1_403' title='bbox 2548 2441 2876 2496; x_wconf 87' lang='lat' dir='ltr'><strong>celebranda</strong></span> <span class='ocrx_word' id='word_1_404' title='bbox 2919 2442 3187 2498; x_wconf 87' lang='lat' dir='ltr'><strong>miracula</strong></span> <span class='ocrx_word' id='word_1_405' title='bbox 3230 2463 3243 2499; x_wconf 90' lang='lat'><strong>:</strong></span> <span class='ocrx_word' id='word_1_406' title='bbox 3283 2446 3401 2500; x_wconf 70' lang='lat' dir='ltr'><strong>haec</strong></span> 
     </span>
    </p>
   </div>
   <div class='ocr_carea' id='block_1_56' title="bbox 1818 2529 3400 2605">
    <p class='ocr_par' dir='ltr' id='par_1_56' title="bbox 1818 2529 3400 2605">
     <span class='ocr_line' id='line_1_56' title="bbox 1818 2529 3400 2605; baseline 0.004 -21"><span class='ocrx_word' id='word_1_407' title='bbox 1818 2529 2144 2595; x_wconf 88' lang='lat' dir='ltr'><strong>divinitatis,</strong></span> <span class='ocrx_word' id='word_1_408' title='bbox 2175 2546 2299 2601; x_wconf 83' lang='lat' dir='ltr'><strong>quae</strong></span> <span class='ocrx_word' id='word_1_409' title='bbox 2328 2532 2384 2585; x_wconf 88' lang='lat' dir='ltr'><strong>in</strong></span> <span class='ocrx_word' id='word_1_410' title='bbox 2420 2531 2515 2585; x_wconf 93' lang='lat' dir='ltr'><strong>illo</strong></span> <span class='ocrx_word' id='word_1_411' title='bbox 2553 2538 2672 2584; x_wconf 87' lang='lat' dir='ltr'><strong>erat</strong></span> <span class='ocrx_word' id='word_1_412' title='bbox 2711 2529 2913 2585; x_wconf 90' lang='lat' dir='ltr'><strong>indicia</strong></span> <span class='ocrx_word' id='word_1_413' title='bbox 2942 2547 2956 2583; x_wconf 88' lang='lat'><strong>:</strong></span> <span class='ocrx_word' id='word_1_414' title='bbox 2986 2532 3103 2586; x_wconf 84' lang='lat' dir='ltr'><strong>haec</strong></span> <span class='ocrx_word' id='word_1_415' title='bbox 3133 2533 3238 2604; x_wconf 90' lang='lat' dir='ltr'><strong>ipsi</strong></span> <span class='ocrx_word' id='word_1_416' title='bbox 3256 2550 3400 2605; x_wconf 89' lang='lat' dir='ltr'><strong>quo-</strong></span> 
     </span>
    </p>
   </div>
   <div class='ocr_carea' id='block_1_57' title="bbox 1817 2621 3401 2695">
    <p class='ocr_par' dir='ltr' id='par_1_57' title="bbox 1817 2621 3401 2695">
     <span class='ocr_line' id='line_1_57' title="bbox 1817 2621 3401 2695; baseline 0.004 -22"><span class='ocrx_word' id='word_1_417' title='bbox 1817 2635 1926 2689; x_wconf 92' lang='lat' dir='ltr'><strong>que</strong></span> <span class='ocrx_word' id='word_1_418' title='bbox 1960 2629 2113 2676; x_wconf 89' lang='lat' dir='ltr'><strong>casta</strong></span> <span class='ocrx_word' id='word_1_419' title='bbox 2150 2622 2514 2676; x_wconf 66' lang='lat' dir='ltr'><strong>aestimatione</strong></span> <span class='ocrx_word' id='word_1_420' title='bbox 2551 2621 2806 2675; x_wconf 87' lang='lat' dir='ltr'><strong>admirati</strong></span> <span class='ocrx_word' id='word_1_421' title='bbox 2843 2637 3056 2688; x_wconf 87' lang='lat' dir='ltr'><strong>sumus,</strong></span> <span class='ocrx_word' id='word_1_422' title='bbox 3085 2626 3401 2695; x_wconf 79' lang='lat' dir='ltr'><strong>explorato-</strong></span> 
     </span>
    </p>
   </div>
   <div class='ocr_carea' id='block_1_58' title="bbox 1817 2713 3400 2786">
    <p class='ocr_par' dir='ltr' id='par_1_58' title="bbox 1817 2713 3400 2786">
     <span class='ocr_line' id='line_1_58' title="bbox 1817 2713 3400 2786; baseline 0.004 -20"><span class='ocrx_word' id='word_1_423' title='bbox 1817 2728 1924 2782; x_wconf 90' lang='lat' dir='ltr'><strong>que</strong></span> <span class='ocrx_word' id='word_1_424' title='bbox 1952 2720 2114 2783; x_wconf 82' lang='lat' dir='ltr'><strong>atque</strong></span> <span class='ocrx_word' id='word_1_425' title='bbox 2159 2714 2435 2783; x_wconf 88' lang='lat' dir='ltr'><strong>exquisito</strong></span> <span class='ocrx_word' id='word_1_426' title='bbox 2479 2713 2691 2782; x_wconf 88' lang='lat' dir='ltr'><strong>judicio</strong></span> <span class='ocrx_word' id='word_1_427' title='bbox 2737 2713 3068 2783; x_wconf 84' lang='lat' dir='ltr'><strong>recepimus.</strong></span> <span class='ocrx_word' id='word_1_428' title='bbox 3112 2715 3400 2786; x_wconf 81' lang='lat' dir='ltr'><strong>Exquisita</strong></span> 
     </span>
    </p>
   </div>
   <div class='ocr_carea' id='block_1_59' title="bbox 1819 2805 3399 2879">
    <p class='ocr_par' dir='ltr' id='par_1_59' title="bbox 1819 2805 3399 2879">
     <span class='ocr_line' id='line_1_59' title="bbox 1819 2805 3399 2879; baseline 0.003 -20"><span class='ocrx_word' id='word_1_429' title='bbox 1819 2819 1951 2859; x_wconf 86' lang='lat' dir='ltr'><strong>sane</strong></span> <span class='ocrx_word' id='word_1_430' title='bbox 1980 2805 2096 2859; x_wconf 69' lang='lat' dir='ltr'><strong>haec</strong></span> <span class='ocrx_word' id='word_1_431' title='bbox 2125 2821 2155 2858; x_wconf 90' lang='lat' dir='ltr'><strong>a</strong></span> <span class='ocrx_word' id='word_1_432' title='bbox 2192 2805 2373 2869; x_wconf 86' lang='lat' dir='ltr'><strong>nobis,</strong></span> <span class='ocrx_word' id='word_1_433' title='bbox 2403 2807 2793 2875; x_wconf 81' lang='lat' dir='ltr'><strong>explorataque</strong></span> <span class='ocrx_word' id='word_1_434' title='bbox 2824 2814 2974 2870; x_wconf 91' lang='lat' dir='ltr'><strong>sunt,</strong></span> <span class='ocrx_word' id='word_1_435' title='bbox 3025 2807 3151 2862; x_wconf 90' lang='lat' dir='ltr'><strong>aliis</strong></span> <span class='ocrx_word' id='word_1_436' title='bbox 3179 2824 3399 2879; x_wconf 86' lang='lat' dir='ltr'><strong>quoque</strong></span> 
     </span>
    </p>
   </div>
   <div class='ocr_carea' id='block_1_60' title="bbox 1817 2896 3401 2967">
    <p class='ocr_par' dir='ltr' id='par_1_60' title="bbox 1817 2896 3401 2967">
     <span class='ocr_line' id='line_1_60' title="bbox 1817 2896 3401 2967; baseline 0.002 -17"><span class='ocrx_word' id='word_1_437' title='bbox 1817 2896 2166 2951; x_wconf 84' lang='lat' dir='ltr'><strong>evidentibus</strong></span> <span class='ocrx_word' id='word_1_438' title='bbox 2224 2897 2389 2951; x_wconf 86' lang='lat' dir='ltr'><strong>rebus</strong></span> <span class='ocrx_word' id='word_1_439' title='bbox 2420 2936 2436 2961; x_wconf 89' lang='lat'><strong>,</strong></span> <span class='ocrx_word' id='word_1_440' title='bbox 2483 2911 2812 2967; x_wconf 91' lang='lat' dir='ltr'><strong>omnemque</strong></span> <span class='ocrx_word' id='word_1_441' title='bbox 2882 2898 3253 2966; x_wconf 86' lang='lat' dir='ltr'><strong>aperientibus</strong></span> <span class='ocrx_word' id='word_1_442' title='bbox 3307 2915 3401 2953; x_wconf 82' lang='lat' dir='ltr'><strong>ra-</strong></span> 
     </span>
    </p>
   </div>
   <div class='ocr_carea' id='block_1_61' title="bbox 1819 2988 3397 3059">
    <p class='ocr_par' dir='ltr' id='par_1_61' title="bbox 1819 2988 3397 3059">
     <span class='ocr_line' id='line_1_61' title="bbox 1819 2988 3397 3059; baseline 0.002 -17"><span class='ocrx_word' id='word_1_443' title='bbox 1819 2989 2045 3053; x_wconf 82' lang='lat' dir='ltr'><strong>tionem,</strong></span> <span class='ocrx_word' id='word_1_444' title='bbox 2074 2990 2274 3059; x_wconf 87' lang='lat' dir='ltr'><strong>quibus</strong></span> <span class='ocrx_word' id='word_1_445' title='bbox 2294 2990 2410 3059; x_wconf 90' lang='lat' dir='ltr'><strong>ipse</strong></span> <span class='ocrx_word' id='word_1_446' title='bbox 2440 2988 2706 3045; x_wconf 89' lang='lat' dir='ltr'><strong>Dominus</strong></span> <span class='ocrx_word' id='word_1_447' title='bbox 2735 2997 2922 3044; x_wconf 88' lang='lat' dir='ltr'><strong>noster</strong></span> <span class='ocrx_word' id='word_1_448' title='bbox 2945 2991 3111 3045; x_wconf 87' lang='lat' dir='ltr'><strong>etiam</strong></span> <span class='ocrx_word' id='word_1_449' title='bbox 3135 3007 3282 3045; x_wconf 91' lang='lat' dir='ltr'><strong>nunc</strong></span> <span class='ocrx_word' id='word_1_450' title='bbox 3305 2992 3397 3057; x_wconf 89' lang='lat' dir='ltr'><strong>iis,</strong></span> 
     </span>
    </p>
   </div>
   <div class='ocr_carea' id='block_1_62' title="bbox 117 3080 1831 3158">
    <p class='ocr_par' dir='ltr' id='par_1_62' title="bbox 117 3082 1831 3158">
     <span class='ocr_line' id='line_1_62' title="bbox 117 3082 1831 3158; baseline -0.001 -20"><span class='ocrx_word' id='word_1_451' title='bbox 117 3085 276 3139; x_wconf 77' lang='grc' dir='ltr'>ὠσάν</span> <span class='ocrx_word' id='word_1_452' title='bbox 300 3087 397 3139; x_wconf 79' lang='grc' dir='ltr'>ὑπ’</span> <span class='ocrx_word' id='word_1_453' title='bbox 428 3085 624 3158; x_wconf 79' lang='grc' dir='ltr'>ἀνδρὸς</span> <span class='ocrx_word' id='word_1_454' title='bbox 654 3084 858 3139; x_wconf 88' lang='grc' dir='ltr'>πλάνου</span> <span class='ocrx_word' id='word_1_455' title='bbox 903 3085 1197 3153; x_wconf 89' lang='grc' dir='ltr'>ἀναγκαῖον</span> <span class='ocrx_word' id='word_1_456' title='bbox 1228 3082 1531 3137; x_wconf 74' lang='grc' dir='ltr'>ἐπιθέσθαι.</span> <span class='ocrx_word' id='word_1_457' title='bbox 1562 3084 1627 3137; x_wconf 81' lang='lat' dir='ltr'><strong>El</strong></span> <span class='ocrx_word' id='word_1_458' title='bbox 1657 3082 1715 3137; x_wconf 80' lang='grc' dir='ltr'>δὲ</span> <span class='ocrx_word' id='word_1_459' title='bbox 1742 3139 1782 3158; x_wconf 58' lang='grc' dir='ltr'>η</span> <span class='ocrx_word' id='word_1_460' title='bbox 1816 3096 1831 3135; x_wconf 78' lang='lat' dir='ltr'><strong>t</strong></span> 
     </span>
    </p>
   </div>
   <div class='ocr_carea' id='block_1_63' title="bbox 1818 3080 3400 3158">
    <p class='ocr_par' dir='ltr' id='par_1_63' title="bbox 1818 3080 3400 3152">
     <span class='ocr_line' id='line_1_63' title="bbox 1818 3080 3400 3152; baseline 0.002 -18"><span class='ocrx_word' id='word_1_461' title='bbox 1818 3096 1956 3151; x_wconf 92' lang='lat' dir='ltr'><strong>quos</strong></span> <span class='ocrx_word' id='word_1_462' title='bbox 1985 3081 2182 3152; x_wconf 77' lang='lat' dir='ltr'><strong>dignos</strong></span> <span class='ocrx_word' id='word_1_463' title='bbox 2210 3082 2501 3151; x_wconf 87' lang='lat' dir='ltr'><strong>putaverit,</strong></span> <span class='ocrx_word' id='word_1_464' title='bbox 2537 3080 2732 3150; x_wconf 80' lang='lat' dir='ltr'><strong>exigua</strong></span> <span class='ocrx_word' id='word_1_465' title='bbox 2761 3080 3010 3151; x_wconf 61' lang='lat' dir='ltr'><strong>quaedam</strong></span> <span class='ocrx_word' id='word_1_466' title='bbox 3039 3096 3152 3135; x_wconf 66' lang='lat' dir='ltr'><strong>sua:</strong></span> <span class='ocrx_word' id='word_1_467' title='bbox 3178 3082 3400 3137; x_wconf 88' lang='lat' dir='ltr'><strong>virtutis</strong></span> 
     </span>
    </p>
   </div>
   <div class='ocr_carea' id='block_1_64' title="bbox 116 3139 1831 3249">
    <p class='ocr_par' dir='ltr' id='par_1_64' title="bbox 116 3139 1831 3249">
     <span class='ocr_line' id='line_1_64' title="bbox 116 3139 1831 3249; baseline -0.002 -18"><span class='ocrx_word' id='word_1_468' title='bbox 116 3180 231 3249; x_wconf 79' lang='grc' dir='ltr'>χρὴ</span> <span class='ocrx_word' id='word_1_469' title='bbox 271 3179 371 3231; x_wconf 80' lang='grc' dir='ltr'><strong>καὶ</strong></span> <span class='ocrx_word' id='word_1_470' title='bbox 396 3178 491 3230; x_wconf 74' lang='grc' dir='ltr'>ἐπὶ</span> <span class='ocrx_word' id='word_1_471' title='bbox 658 3178 924 3248; x_wconf 83' lang='grc' dir='ltr'>παρόντος</span> <span class='ocrx_word' id='word_1_472' title='bbox 968 3139 1174 3248; x_wconf 77' lang='grc' dir='ltr'>βραχέα</span> <span class='ocrx_word' id='word_1_473' title='bbox 1215 3174 1354 3246; x_wconf 84' lang='grc' dir='ltr'>πρὸς</span> <span class='ocrx_word' id='word_1_474' title='bbox 1399 3174 1526 3240; x_wconf 84' lang='grc' dir='ltr'>τοὺς</span> <span class='ocrx_word' id='word_1_475' title='bbox 1562 3174 1713 3245; x_wconf 78' lang='grc' dir='ltr'>δεδηο</span> <span class='ocrx_word' id='word_1_476' title='bbox 1740 3139 1784 3196; x_wconf 74' lang='lat' dir='ltr'><strong>C</strong></span> <span class='ocrx_word' id='word_1_477' title='bbox 1817 3188 1831 3228; x_wconf 82' lang='grc' dir='ltr'><strong>ε</strong></span> 
     </span>
    </p>
   </div>
   <div class='ocr_carea' id='block_1_65' title="bbox 1818 3139 3399 3249">
    <p class='ocr_par' dir='ltr' id='par_1_65' title="bbox 1818 3171 3399 3243">
     <span class='ocr_line' id='line_1_65' title="bbox 1818 3171 3399 3243; baseline 0 -14"><span class='ocrx_word' id='word_1_478' title='bbox 1818 3173 1972 3243; x_wconf 79' lang='lat' dir='ltr'><strong>signa</strong></span> <span class='ocrx_word' id='word_1_479' title='bbox 2005 3173 2297 3229; x_wconf 85' lang='lat' dir='ltr'><strong>ostendere</strong></span> <span class='ocrx_word' id='word_1_480' title='bbox 2318 3173 2624 3228; x_wconf 88' lang='lat' dir='ltr'><strong>consuevit.</strong></span> <span class='ocrx_word' id='word_1_481' title='bbox 2655 3171 2799 3239; x_wconf 88' lang='lat' dir='ltr'><strong>Quin</strong></span> <span class='ocrx_word' id='word_1_482' title='bbox 2821 3173 2988 3227; x_wconf 89' lang='lat' dir='ltr'><strong>etiam</strong></span> <span class='ocrx_word' id='word_1_483' title='bbox 3018 3172 3305 3229; x_wconf 78' lang='lat' dir='ltr'><strong>subtiliore</strong></span> <span class='ocrx_word' id='word_1_484' title='bbox 3333 3188 3399 3229; x_wconf 88' lang='lat' dir='ltr'><strong>ac</strong></span> 
     </span>
    </p>
   </div>
   <div class='ocr_carea' id='block_1_66' title="bbox 116 3263 1831 3341">
    <p class='ocr_par' dir='ltr' id='par_1_66' title="bbox 116 3267 1831 3341">
     <span class='ocr_line' id='line_1_66' title="bbox 116 3267 1831 3341; baseline -0.002 -17"><span class='ocrx_word' id='word_1_485' title='bbox 116 3269 406 3341; x_wconf 79' lang='grc' dir='ltr'>λωμένους</span> <span class='ocrx_word' id='word_1_486' title='bbox 463 3271 747 3340; x_wconf 75' lang='grc' dir='ltr'>ἐνστῆναι,</span> <span class='ocrx_word' id='word_1_487' title='bbox 808 3269 909 3322; x_wconf 80' lang='grc' dir='ltr'>οὐκ</span> <span class='ocrx_word' id='word_1_488' title='bbox 961 3268 1367 3339; x_wconf 73' lang='grc' dir='ltr'>ἀπολειψόμεθα</span> <span class='ocrx_word' id='word_1_489' title='bbox 1434 3267 1670 3339; x_wconf 82' lang='grc' dir='ltr'>σπουδῆς</span> <span class='ocrx_word' id='word_1_490' title='bbox 1692 3283 1707 3296; x_wconf 74' lang='grc' dir='ltr'><strong>ο</strong></span> <span class='ocrx_word' id='word_1_491' title='bbox 1817 3283 1831 3320; x_wconf 82' lang='lat' dir='ltr'><strong>t</strong></span> 
     </span>
    </p>
   </div>
   <div class='ocr_carea' id='block_1_67' title="bbox 1818 3263 3397 3341">
    <p class='ocr_par' dir='ltr' id='par_1_67' title="bbox 1818 3263 3397 3333">
     <span class='ocr_line' id='line_1_67' title="bbox 1818 3263 3397 3333; baseline -0.003 -11"><span class='ocrx_word' id='word_1_492' title='bbox 1818 3267 2052 3322; x_wconf 87' lang='lat' dir='ltr'><strong>certiore</strong></span> <span class='ocrx_word' id='word_1_493' title='bbox 2073 3267 2328 3321; x_wconf 86' lang='lat' dir='ltr'><strong>doctrina</strong></span> <span class='ocrx_word' id='word_1_494' title='bbox 2368 3265 2511 3320; x_wconf 94' lang='lat' dir='ltr'><strong>idem</strong></span> <span class='ocrx_word' id='word_1_495' title='bbox 2548 3280 2578 3318; x_wconf 90' lang='lat' dir='ltr'><strong>a</strong></span> <span class='ocrx_word' id='word_1_496' title='bbox 2602 3265 2761 3320; x_wconf 88' lang='lat' dir='ltr'><strong>nobis</strong></span> <span class='ocrx_word' id='word_1_497' title='bbox 2791 3263 3047 3318; x_wconf 67' lang='lat' dir='ltr'><strong>eﬁ‘ectum</strong></span> <span class='ocrx_word' id='word_1_498' title='bbox 3074 3271 3159 3319; x_wconf 90' lang='lat' dir='ltr'><strong>est</strong></span> <span class='ocrx_word' id='word_1_499' title='bbox 3185 3281 3199 3317; x_wconf 91' lang='lat'><strong>:</strong></span> <span class='ocrx_word' id='word_1_500' title='bbox 3233 3278 3397 3333; x_wconf 90' lang='lat' dir='ltr'><strong>quam</strong></span> 
     </span>
    </p>
   </div>
   <div class='ocr_carea' id='block_1_68' title="bbox 117 3356 1831 3432">
    <p class='ocr_par' dir='ltr' id='par_1_68' title="bbox 117 3362 1831 3432">
     <span class='ocr_line' id='line_1_68' title="bbox 117 3362 1831 3432; baseline -0.001 -16"><span class='ocrx_word' id='word_1_501' title='bbox 117 3362 302 3427; x_wconf 76' lang='grc' dir='ltr'>ἄλλως</span> <span class='ocrx_word' id='word_1_502' title='bbox 322 3362 382 3415; x_wconf 74' lang='grc' dir='ltr'>δέ</span> <span class='ocrx_word' id='word_1_503' title='bbox 408 3379 526 3425; x_wconf 86' lang='grc' dir='ltr'><strong>πως</strong></span> <span class='ocrx_word' id='word_1_504' title='bbox 559 3363 740 3424; x_wconf 76' lang='grc' dir='ltr'>αὐτοῖς</span> <span class='ocrx_word' id='word_1_505' title='bbox 768 3362 1183 3432; x_wconf 87' lang='grc' dir='ltr'>ἀπαντήσομεν;</span> <span class='ocrx_word' id='word_1_506' title='bbox 1814 3375 1831 3414; x_wconf 88' lang='grc'><strong>(</strong></span> 
     </span>
    </p>
   </div>
   <div class='ocr_carea' id='block_1_69' title="bbox 1818 3356 3399 3432">
    <p class='ocr_par' dir='ltr' id='par_1_69' title="bbox 1818 3356 3399 3429">
     <span class='ocr_line' id='line_1_69' title="bbox 1818 3356 3399 3429; baseline -0.003 -16"><span class='ocrx_word' id='word_1_507' title='bbox 1818 3358 2036 3429; x_wconf 89' lang='lat' dir='ltr'><strong>quidem</strong></span> <span class='ocrx_word' id='word_1_508' title='bbox 2076 3358 2145 3413; x_wconf 90' lang='lat' dir='ltr'><strong>iis</strong></span> <span class='ocrx_word' id='word_1_509' title='bbox 2173 3358 2433 3412; x_wconf 87' lang='lat' dir='ltr'><strong>adhibere</strong></span> <span class='ocrx_word' id='word_1_510' title='bbox 2456 3357 2865 3423; x_wconf 86' lang='lat' dir='ltr'><strong>consuevimus,</strong></span> <span class='ocrx_word' id='word_1_511' title='bbox 2899 3360 2993 3426; x_wconf 89' lang='lat' dir='ltr'><strong>qui</strong></span> <span class='ocrx_word' id='word_1_512' title='bbox 3016 3370 3081 3411; x_wconf 84' lang='lat' dir='ltr'><strong>ea</strong></span> <span class='ocrx_word' id='word_1_513' title='bbox 3101 3371 3225 3426; x_wconf 69' lang='lat' dir='ltr'><strong>qua:</strong></span> <span class='ocrx_word' id='word_1_514' title='bbox 3249 3356 3399 3409; x_wconf 77' lang='lat' dir='ltr'><strong>dicta</strong></span> 
     </span>
    </p>
   </div>
   <div class='ocr_carea' id='block_1_70' title="bbox 117 3446 3396 3525">
    <p class='ocr_par' dir='ltr' id='par_1_70' title="bbox 117 3446 3396 3525">
     <span class='ocr_line' id='line_1_70' title="bbox 117 3446 3396 3525; baseline -0.004 -14"><span class='ocrx_word' id='word_1_515' title='bbox 117 3463 254 3512; x_wconf 84' lang='lat' dir='ltr'><strong>sunt</strong></span> <span class='ocrx_word' id='word_1_516' title='bbox 298 3472 414 3511; x_wconf 93' lang='lat' dir='ltr'><strong>non</strong></span> <span class='ocrx_word' id='word_1_517' title='bbox 459 3456 789 3518; x_wconf 88' lang='lat' dir='ltr'><strong>concedunt,</strong></span> <span class='ocrx_word' id='word_1_518' title='bbox 834 3455 929 3510; x_wconf 89' lang='lat' dir='ltr'><strong>sed</strong></span> <span class='ocrx_word' id='word_1_519' title='bbox 968 3456 1175 3509; x_wconf 87' lang='lat' dir='ltr'><strong>nullam</strong></span> <span class='ocrx_word' id='word_1_520' title='bbox 1205 3469 1435 3525; x_wconf 88' lang='lat' dir='ltr'><strong>prorsus</strong></span> <span class='ocrx_word' id='word_1_521' title='bbox 1474 3455 1543 3511; x_wconf 90' lang='lat' dir='ltr'><strong>iis</strong></span> <span class='ocrx_word' id='word_1_522' title='bbox 1580 3452 1740 3509; x_wconf 91' lang='lat' dir='ltr'><strong>ﬁdem</strong></span> <span class='ocrx_word' id='word_1_523' title='bbox 1780 3453 2006 3515; x_wconf 89' lang='lat' dir='ltr'><strong>habent,</strong></span> <span class='ocrx_word' id='word_1_524' title='bbox 2039 3466 2218 3520; x_wconf 91' lang='lat' dir='ltr'><strong>neque</strong></span> <span class='ocrx_word' id='word_1_525' title='bbox 2246 3451 2469 3504; x_wconf 91' lang='lat' dir='ltr'><strong>omnino</strong></span> <span class='ocrx_word' id='word_1_526' title='bbox 2508 3450 2805 3520; x_wconf 86' lang='lat' dir='ltr'><strong>quidquam</strong></span> <span class='ocrx_word' id='word_1_527' title='bbox 2853 3449 2959 3504; x_wconf 86' lang='lat' dir='ltr'><strong>tale</strong></span> <span class='ocrx_word' id='word_1_528' title='bbox 2992 3449 3062 3502; x_wconf 88' lang='lat' dir='ltr'><strong>ab</strong></span> <span class='ocrx_word' id='word_1_529' title='bbox 3087 3463 3154 3503; x_wconf 91' lang='lat' dir='ltr'><strong>eo</strong></span> <span class='ocrx_word' id='word_1_530' title='bbox 3191 3446 3396 3523; x_wconf 70' lang='lat' dir='ltr'><strong>factum</strong></span> 
     </span>
    </p>
   </div>
   <div class='ocr_carea' id='block_1_71' title="bbox 114 3542 3400 3618">
    <p class='ocr_par' dir='ltr' id='par_1_71' title="bbox 114 3542 3400 3618">
     <span class='ocr_line' id='line_1_71' title="bbox 114 3542 3400 3618; baseline -0.003 -14"><span class='ocrx_word' id='word_1_531' title='bbox 114 3564 245 3604; x_wconf 87' lang='lat' dir='ltr'><strong>esse</strong></span> <span class='ocrx_word' id='word_1_532' title='bbox 278 3549 638 3613; x_wconf 87' lang='lat' dir='ltr'><strong>conﬁtentur,</strong></span> <span class='ocrx_word' id='word_1_533' title='bbox 677 3556 772 3603; x_wconf 92' lang='lat' dir='ltr'><strong>aut</strong></span> <span class='ocrx_word' id='word_1_534' title='bbox 803 3548 1081 3604; x_wconf 82' lang='lat' dir='ltr'><strong>exstitisse</strong></span> <span class='ocrx_word' id='word_1_535' title='bbox 1112 3549 1204 3603; x_wconf 84' lang='lat' dir='ltr'><strong>illa</strong></span> <span class='ocrx_word' id='word_1_536' title='bbox 1236 3548 1456 3618; x_wconf 88' lang='lat' dir='ltr'><strong>quidem</strong></span> <span class='ocrx_word' id='word_1_537' title='bbox 1500 3563 1611 3601; x_wconf 92' lang='lat' dir='ltr'><strong>non</strong></span> <span class='ocrx_word' id='word_1_538' title='bbox 1652 3555 1872 3618; x_wconf 75' lang='lat' dir='ltr'><strong>negant,</strong></span> <span class='ocrx_word' id='word_1_539' title='bbox 1901 3561 2092 3602; x_wconf 88' lang='lat' dir='ltr'><strong>verum</strong></span> <span class='ocrx_word' id='word_1_540' title='bbox 2135 3544 2364 3613; x_wconf 76' lang='lat' dir='ltr'><strong>magicis</strong></span> <span class='ocrx_word' id='word_1_541' title='bbox 2404 3544 2716 3614; x_wconf 59' lang='lat' dir='ltr'><strong>praestigiis,</strong></span> <span class='ocrx_word' id='word_1_542' title='bbox 2749 3543 2815 3597; x_wconf 91' lang='lat' dir='ltr'><strong>ad</strong></span> <span class='ocrx_word' id='word_1_543' title='bbox 2874 3556 3119 3599; x_wconf 90' lang='lat' dir='ltr'><strong>errorem</strong></span> <span class='ocrx_word' id='word_1_544' title='bbox 3177 3542 3400 3595; x_wconf 85' lang='lat' dir='ltr'><strong>intuen-</strong></span> 
     </span>
    </p>
   </div>
   <div class='ocr_carea' id='block_1_72' title="bbox 117 3634 3398 3712">
    <p class='ocr_par' dir='ltr' id='par_1_72' title="bbox 117 3634 3398 3712">
     <span class='ocr_line' id='line_1_72' title="bbox 117 3634 3398 3712; baseline -0.002 -17"><span class='ocrx_word' id='word_1_545' title='bbox 117 3642 263 3696; x_wconf 86' lang='lat' dir='ltr'><strong>tium</strong></span> <span class='ocrx_word' id='word_1_546' title='bbox 311 3649 575 3712; x_wconf 89' lang='lat' dir='ltr'><strong>tanquam</strong></span> <span class='ocrx_word' id='word_1_547' title='bbox 610 3657 642 3695; x_wconf 86' lang='lat' dir='ltr'><strong>a</strong></span> <span class='ocrx_word' id='word_1_548' title='bbox 667 3642 786 3695; x_wconf 83' lang='lat' dir='ltr'><strong>viro</strong></span> <span class='ocrx_word' id='word_1_549' title='bbox 823 3641 1112 3696; x_wconf 76' lang='lat' dir='ltr'><strong>seductore</strong></span> <span class='ocrx_word' id='word_1_550' title='bbox 1156 3641 1432 3711; x_wconf 88' lang='lat' dir='ltr'><strong>imposita,</strong></span> <span class='ocrx_word' id='word_1_551' title='bbox 1473 3641 1619 3710; x_wconf 91' lang='lat' dir='ltr'><strong>quod</strong></span> <span class='ocrx_word' id='word_1_552' title='bbox 1652 3642 1700 3695; x_wconf 79' lang='lat' dir='ltr'><strong>si</strong></span> <span class='ocrx_word' id='word_1_553' title='bbox 1739 3642 1903 3696; x_wconf 89' lang='lat' dir='ltr'><strong>etiam</strong></span> <span class='ocrx_word' id='word_1_554' title='bbox 1936 3641 1991 3694; x_wconf 93' lang='lat' dir='ltr'><strong>in</strong></span> <span class='ocrx_word' id='word_1_555' title='bbox 2014 3637 2266 3710; x_wconf 67' lang='lat' dir='ltr'><strong>praesenti</strong></span> <span class='ocrx_word' id='word_1_556' title='bbox 2297 3636 2562 3691; x_wconf 87' lang='lat' dir='ltr'><strong>adversus</strong></span> <span class='ocrx_word' id='word_1_557' title='bbox 2600 3637 2739 3692; x_wconf 91' lang='lat' dir='ltr'><strong>tales</strong></span> <span class='ocrx_word' id='word_1_558' title='bbox 2782 3650 2955 3707; x_wconf 88' lang='lat' dir='ltr'><strong>pauca</strong></span> <span class='ocrx_word' id='word_1_559' title='bbox 2986 3635 3234 3706; x_wconf 68' lang='lat' dir='ltr'><strong>quredam</strong></span> <span class='ocrx_word' id='word_1_560' title='bbox 3280 3634 3398 3689; x_wconf 85' lang='lat' dir='ltr'><strong>dis-</strong></span> 
     </span>
    </p>
   </div>
   <div class='ocr_carea' id='block_1_73' title="bbox 117 3725 3397 3803">
    <p class='ocr_par' dir='ltr' id='par_1_73' title="bbox 117 3725 3397 3803">
     <span class='ocr_line' id='line_1_73' title="bbox 117 3725 3397 3803; baseline -0.002 -16"><span class='ocrx_word' id='word_1_561' title='bbox 117 3744 322 3803; x_wconf 83' lang='lat' dir='ltr'><strong>putare</strong></span> <span class='ocrx_word' id='word_1_562' title='bbox 350 3749 494 3803; x_wconf 85' lang='lat' dir='ltr'><strong>opus</strong></span> <span class='ocrx_word' id='word_1_563' title='bbox 524 3733 619 3798; x_wconf 89' lang='lat' dir='ltr'><strong>sit,</strong></span> <span class='ocrx_word' id='word_1_564' title='bbox 674 3747 784 3787; x_wconf 90' lang='lat' dir='ltr'><strong>non</strong></span> <span class='ocrx_word' id='word_1_565' title='bbox 821 3732 1140 3788; x_wconf 83' lang='lat' dir='ltr'><strong>deseremus</strong></span> <span class='ocrx_word' id='word_1_566' title='bbox 1179 3733 1420 3788; x_wconf 83' lang='lat' dir='ltr'><strong>studium</strong></span> <span class='ocrx_word' id='word_1_567' title='bbox 1482 3732 1758 3803; x_wconf 89' lang='lat' dir='ltr'><strong>inceptum</strong></span> <span class='ocrx_word' id='word_1_568' title='bbox 1797 3749 1810 3784; x_wconf 92' lang='lat'>:</span> <span class='ocrx_word' id='word_1_569' title='bbox 1853 3731 2055 3801; x_wconf 88' lang='lat' dir='ltr'><strong>alioqui</strong></span> <span class='ocrx_word' id='word_1_570' title='bbox 2086 3743 2215 3784; x_wconf 90' lang='lat' dir='ltr'><strong>vero</strong></span> <span class='ocrx_word' id='word_1_571' title='bbox 2259 3743 2498 3798; x_wconf 91' lang='lat' dir='ltr'><strong>quonam</strong></span> <span class='ocrx_word' id='word_1_572' title='bbox 2540 3735 2702 3798; x_wconf 89' lang='lat' dir='ltr'><strong>pacto</strong></span> <span class='ocrx_word' id='word_1_573' title='bbox 2749 3727 2951 3782; x_wconf 88' lang='lat' dir='ltr'><strong>ibimus</strong></span> <span class='ocrx_word' id='word_1_574' title='bbox 2996 3726 3105 3779; x_wconf 90' lang='lat' dir='ltr'><strong>illis</strong></span> <span class='ocrx_word' id='word_1_575' title='bbox 3140 3725 3397 3780; x_wconf 82' lang='lat' dir='ltr'><strong>obviam?</strong></span> 
     </span>
    </p>
   </div>
   <div class='ocr_carea' id='block_1_74' title="bbox 1802 3837 3386 3915">
    <p class='ocr_par' dir='ltr' id='par_1_74' title="bbox 1802 3837 3386 3915">
     <span class='ocr_line' id='line_1_74' title="bbox 1802 3837 3386 3915; baseline -0.006 -17"><span class='ocrx_word' id='word_1_576' title='bbox 1802 3844 1863 3900; x_wconf 74' lang='grc' dir='ltr'>ν.</span> <span class='ocrx_word' id='word_1_577' title='bbox 1895 3844 2156 3915; x_wconf 81' lang='lat' dir='ltr'><strong>Adversus</strong></span> <span class='ocrx_word' id='word_1_578' title='bbox 2205 3862 2292 3901; x_wconf 87' lang='lat' dir='ltr'><strong>eos</strong></span> <span class='ocrx_word' id='word_1_579' title='bbox 2344 3847 2436 3915; x_wconf 82' lang='lat' dir='ltr'><strong>qui</strong></span> <span class='ocrx_word' id='word_1_580' title='bbox 2472 3861 2575 3898; x_wconf 86' lang='lat' dir='ltr'><strong>non</strong></span> <span class='ocrx_word' id='word_1_581' title='bbox 2614 3844 2831 3897; x_wconf 80' lang='lat' dir='ltr'><strong>credunt</strong></span> <span class='ocrx_word' id='word_1_582' title='bbox 2872 3841 3165 3898; x_wconf 77' lang='lat' dir='ltr'><strong>Salvatoris</strong></span> <span class='ocrx_word' id='word_1_583' title='bbox 3215 3837 3386 3891; x_wconf 76' lang='lat' dir='ltr'><strong>nostri</strong></span> 
     </span>
    </p>
   </div>
   <div class='ocr_carea' id='block_1_75' title="bbox 1872 3914 3380 4039">
    <p class='ocr_par' dir='ltr' id='par_1_75' title="bbox 1872 3914 3380 4039">
     <span class='ocr_line' id='line_1_75' title="bbox 1872 3914 3380 4039; baseline -0.007 -68"><span class='ocrx_word' id='word_1_584' title='bbox 1872 3914 2174 4039; x_wconf 39' lang='lat' dir='ltr'><strong>discipulis,</strong></span> <span class='ocrx_word' id='word_1_585' title='bbox 2216 3914 2565 3970; x_wconf 77' lang='lat' dir='ltr'><strong>admirabiles</strong></span> <span class='ocrx_word' id='word_1_586' title='bbox 2604 3915 2753 3968; x_wconf 80' lang='lat' dir='ltr'><strong>illius</strong></span> <span class='ocrx_word' id='word_1_587' title='bbox 2811 3930 2893 3967; x_wconf 80' lang='lat' dir='ltr'><strong>res</strong></span> <span class='ocrx_word' id='word_1_588' title='bbox 2933 3923 3106 3983; x_wconf 77' lang='lat' dir='ltr'><strong>gestas</strong></span> <span class='ocrx_word' id='word_1_589' title='bbox 3146 3924 3380 3963; x_wconf 84' lang='lat' dir='ltr'><strong>narran-</strong></span> 
     </span>
     <span class='ocr_line' id='line_1_76' title="bbox 1899 4002 2037 4039; baseline 0 -1"><span class='ocrx_word' id='word_1_590' title='bbox 1899 4002 1915 4038; x_wconf 82' lang='grc' dir='ltr'><strong>ι</strong></span> <span class='ocrx_word' id='word_1_591' title='bbox 1953 4002 2037 4039; x_wconf 83' lang='lat' dir='ltr'><strong>us.</strong></span> 
     </span>
    </p>
   </div>
   <div class='ocr_carea' id='block_1_76' title="bbox 188 4085 1831 4173">
    <p class='ocr_par' dir='ltr' id='par_1_76' title="bbox 188 4095 1709 4173">
     <span class='ocr_line' id='line_1_77' title="bbox 188 4095 1709 4173; baseline -0.005 -16"><span class='ocrx_word' id='word_1_592' title='bbox 188 4102 261 4157; x_wconf 82' lang='grc' dir='ltr'>Ει</span> <span class='ocrx_word' id='word_1_593' title='bbox 300 4100 366 4173; x_wconf 82' lang='grc' dir='ltr'>δὴ</span> <span class='ocrx_word' id='word_1_594' title='bbox 411 4100 618 4170; x_wconf 80' lang='grc' dir='ltr'>λέγοιεν</span> <span class='ocrx_word' id='word_1_595' title='bbox 657 4100 822 4171; x_wconf 81' lang='grc' dir='ltr'>μηδὲν</span> <span class='ocrx_word' id='word_1_596' title='bbox 864 4101 965 4172; x_wconf 81' lang='grc' dir='ltr'>τὴν</span> <span class='ocrx_word' id='word_1_597' title='bbox 994 4099 1169 4172; x_wconf 81' lang='grc' dir='ltr'>ἀρχὴν</span> <span class='ocrx_word' id='word_1_598' title='bbox 1217 4096 1573 4168; x_wconf 83' lang='grc' dir='ltr'>πεποιηκέναι</span> <span class='ocrx_word' id='word_1_599' title='bbox 1612 4095 1709 4150; x_wconf 81' lang='grc' dir='ltr'>τὸν</span> 
     </span>
    </p>
   </div>
   <div class='ocr_carea' id='block_1_77' title="bbox 1818 4085 3393 4173">
    <p class='ocr_par' dir='ltr' id='par_1_77' title="bbox 1880 4085 3393 4148">
     <span class='ocr_line' id='line_1_78' title="bbox 1880 4085 3393 4148; baseline -0.003 -2"><span class='ocrx_word' id='word_1_600' title='bbox 1880 4092 2017 4147; x_wconf 88' lang='lat' dir='ltr'><strong>Nam</strong></span> <span class='ocrx_word' id='word_1_601' title='bbox 2046 4092 2094 4148; x_wconf 90' lang='lat' dir='ltr'><strong>si</strong></span> <span class='ocrx_word' id='word_1_602' title='bbox 2127 4091 2314 4147; x_wconf 86' lang='lat' dir='ltr'><strong>dicant</strong></span> <span class='ocrx_word' id='word_1_603' title='bbox 2340 4090 2478 4145; x_wconf 87' lang='lat' dir='ltr'><strong>nihil</strong></span> <span class='ocrx_word' id='word_1_604' title='bbox 2508 4088 2735 4146; x_wconf 91' lang='lat' dir='ltr'><strong>omnino</strong></span> <span class='ocrx_word' id='word_1_605' title='bbox 2776 4086 3102 4142; x_wconf 90' lang='lat' dir='ltr'><strong>admirabile</strong></span> <span class='ocrx_word' id='word_1_606' title='bbox 3142 4085 3393 4141; x_wconf 80' lang='lat' dir='ltr'><strong>Salvato-</strong></span> 
     </span>
    </p>
   </div>
   <div class='ocr_carea' id='block_1_78' title="bbox 118 4181 1831 4265">
    <p class='ocr_par' dir='ltr' id='par_1_78' title="bbox 118 4181 1831 4265">
     <span class='ocr_line' id='line_1_79' title="bbox 118 4181 1831 4265; baseline -0.004 -16"><span class='ocrx_word' id='word_1_607' title='bbox 118 4194 360 4265; x_wconf 80' lang='grc' dir='ltr'>Σωτῆρα</span> <span class='ocrx_word' id='word_1_608' title='bbox 412 4194 571 4265; x_wconf 77' lang='grc' dir='ltr'>ήμῶν</span> <span class='ocrx_word' id='word_1_609' title='bbox 608 4192 942 4264; x_wconf 75' lang='grc' dir='ltr'>θαυμαστὸν,</span> <span class='ocrx_word' id='word_1_610' title='bbox 996 4191 1131 4262; x_wconf 82' lang='grc' dir='ltr'>μηδέ</span> <span class='ocrx_word' id='word_1_611' title='bbox 1183 4206 1237 4242; x_wconf 87' lang='grc' dir='ltr'><strong>τι</strong></span> <span class='ocrx_word' id='word_1_612' title='bbox 1285 4188 1586 4260; x_wconf 75' lang='grc' dir='ltr'>παράδοξον</span> <span class='ocrx_word' id='word_1_613' title='bbox 1634 4181 1711 4240; x_wconf 84' lang='grc' dir='ltr'>ὧν</span> <span class='ocrx_word' id='word_1_614' title='bbox 1809 4203 1831 4242; x_wconf 82' lang='lat' dir='ltr'><strong>r</strong></span> 
     </span>
    </p>
   </div>
   <div class='ocr_carea' id='block_1_79' title="bbox 1818 4181 3388 4265">
    <p class='ocr_par' dir='ltr' id='par_1_79' title="bbox 1818 4181 3388 4254">
     <span class='ocr_line' id='line_1_80' title="bbox 1818 4181 3388 4254; baseline -0.004 -13"><span class='ocrx_word' id='word_1_615' title='bbox 1818 4201 1924 4242; x_wconf 90' lang='lat' dir='ltr'><strong>rem</strong></span> <span class='ocrx_word' id='word_1_616' title='bbox 1962 4193 2233 4249; x_wconf 90' lang='lat' dir='ltr'><strong>nostrum,</strong></span> <span class='ocrx_word' id='word_1_617' title='bbox 2264 4199 2443 4254; x_wconf 89' lang='lat' dir='ltr'><strong>neque</strong></span> <span class='ocrx_word' id='word_1_618' title='bbox 2471 4183 2769 4254; x_wconf 89' lang='lat' dir='ltr'><strong>quidquam</strong></span> <span class='ocrx_word' id='word_1_619' title='bbox 2812 4181 2958 4251; x_wconf 89' lang='lat' dir='ltr'><strong>quod</strong></span> <span class='ocrx_word' id='word_1_620' title='bbox 2996 4188 3217 4251; x_wconf 87' lang='lat' dir='ltr'><strong>superet</strong></span> <span class='ocrx_word' id='word_1_621' title='bbox 3236 4183 3388 4251; x_wconf 78' lang='lat' dir='ltr'><strong>Cogi-</strong></span> 
     </span>
    </p>
   </div>
   <div class='ocr_carea' id='block_1_80' title="bbox 118 4271 1831 4355">
    <p class='ocr_par' dir='ltr' id='par_1_80' title="bbox 118 4277 1831 4355">
     <span class='ocr_line' id='line_1_81' title="bbox 118 4277 1831 4355; baseline -0.004 -18"><span class='ocrx_word' id='word_1_622' title='bbox 118 4284 518 4355; x_wconf 80' lang='grc' dir='ltr'>ὲμαρτύρησαν</span> <span class='ocrx_word' id='word_1_623' title='bbox 566 4285 616 4335; x_wconf 82' lang='grc' dir='ltr'>οἱ</span> <span class='ocrx_word' id='word_1_624' title='bbox 661 4280 947 4354; x_wconf 80' lang='grc' dir='ltr'>γνώριμοι,</span> <span class='ocrx_word' id='word_1_625' title='bbox 982 4277 1309 4350; x_wconf 82' lang='grc' dir='ltr'>σκεψώμεθα</span> <span class='ocrx_word' id='word_1_626' title='bbox 1345 4280 1394 4330; x_wconf 81' lang='grc' dir='ltr'><strong>εἰ</strong></span> <span class='ocrx_word' id='word_1_627' title='bbox 1427 4277 1650 4341; x_wconf 86' lang='grc' dir='ltr'>πιθανὸς</span> <span class='ocrx_word' id='word_1_628' title='bbox 1677 4278 1706 4329; x_wconf 80' lang='grc' dir='ltr'><strong>ὁ</strong></span> <span class='ocrx_word' id='word_1_629' title='bbox 1809 4285 1831 4330; x_wconf 94' lang='lat' dir='ltr'><strong>t</strong></span> 
     </span>
    </p>
   </div>
   <div class='ocr_carea' id='block_1_81' title="bbox 1818 4271 3389 4355">
    <p class='ocr_par' dir='ltr' id='par_1_81' title="bbox 1818 4271 3389 4341">
     <span class='ocr_line' id='line_1_82' title="bbox 1818 4271 3389 4341; baseline -0.003 -11"><span class='ocrx_word' id='word_1_630' title='bbox 1818 4276 2072 4330; x_wconf 82' lang='lat' dir='ltr'><strong>tationem</strong></span> <span class='ocrx_word' id='word_1_631' title='bbox 2105 4275 2400 4328; x_wconf 84' lang='lat' dir='ltr'><strong>humanam</strong></span> <span class='ocrx_word' id='word_1_632' title='bbox 2431 4271 2651 4339; x_wconf 79' lang='lat' dir='ltr'><strong>fecisse,</strong></span> <span class='ocrx_word' id='word_1_633' title='bbox 2695 4271 2877 4341; x_wconf 85' lang='lat' dir='ltr'><strong>qualia</strong></span> <span class='ocrx_word' id='word_1_634' title='bbox 2911 4278 3042 4326; x_wconf 89' lang='lat' dir='ltr'><strong>sunt</strong></span> <span class='ocrx_word' id='word_1_635' title='bbox 3081 4285 3203 4340; x_wconf 69' lang='lat' dir='ltr'><strong>quae</strong></span> <span class='ocrx_word' id='word_1_636' title='bbox 3240 4271 3389 4326; x_wconf 82' lang='lat' dir='ltr'><strong>illius</strong></span> 
     </span>
    </p>
   </div>
   <div class='ocr_carea' id='block_1_82' title="bbox 119 4363 1831 4446">
    <p class='ocr_par' dir='ltr' id='par_1_82' title="bbox 119 4364 1831 4446">
     <span class='ocr_line' id='line_1_83' title="bbox 119 4364 1831 4446; baseline -0.006 -17"><span class='ocrx_word' id='word_1_637' title='bbox 119 4378 283 4446; x_wconf 86' lang='grc' dir='ltr'>λόγος</span> <span class='ocrx_word' id='word_1_638' title='bbox 304 4377 490 4440; x_wconf 74' lang='grc' dir='ltr'>αὐτοῖς</span> <span class='ocrx_word' id='word_1_639' title='bbox 516 4375 689 4441; x_wconf 83' lang='grc' dir='ltr'>ἕσται,</span> <span class='ocrx_word' id='word_1_640' title='bbox 715 4374 788 4446; x_wconf 83' lang='grc' dir='ltr'>μὴ</span> <span class='ocrx_word' id='word_1_641' title='bbox 808 4375 908 4446; x_wconf 83' lang='grc' dir='ltr'>τὴν</span> <span class='ocrx_word' id='word_1_642' title='bbox 936 4374 1109 4427; x_wconf 80' lang='grc' dir='ltr'>αἰτίαν</span> <span class='ocrx_word' id='word_1_643' title='bbox 1141 4372 1351 4443; x_wconf 79' lang='grc' dir='ltr'>ἔχουσιν</span> <span class='ocrx_word' id='word_1_644' title='bbox 1375 4369 1703 4434; x_wconf 87' lang='grc' dir='ltr'>ἀποδιδόναι,</span> <span class='ocrx_word' id='word_1_645' title='bbox 1744 4445 1751 4446; x_wconf 14' lang='lat'><em>7</em></span> <span class='ocrx_word' id='word_1_646' title='bbox 1812 4364 1831 4419; x_wconf 68' lang='grc' dir='ltr'><strong><em>ἲ</em></strong></span> 
     </span>
    </p>
   </div>
   <div class='ocr_carea' id='block_1_83' title="bbox 1818 4363 3388 4446">
    <p class='ocr_par' dir='ltr' id='par_1_83' title="bbox 1818 4363 3388 4429">
     <span class='ocr_line' id='line_1_84' title="bbox 1818 4363 3388 4429; baseline -0.001 -10"><span class='ocrx_word' id='word_1_647' title='bbox 1818 4364 2112 4420; x_wconf 77' lang='lat' dir='ltr'><strong>familiares</strong></span> <span class='ocrx_word' id='word_1_648' title='bbox 2139 4363 2415 4419; x_wconf 87' lang='lat' dir='ltr'><strong>testiﬁcati</strong></span> <span class='ocrx_word' id='word_1_649' title='bbox 2445 4371 2595 4426; x_wconf 93' lang='lat' dir='ltr'><strong>sunt,</strong></span> <span class='ocrx_word' id='word_1_650' title='bbox 2642 4363 2929 4429; x_wconf 85' lang='lat' dir='ltr'><strong>videamus</strong></span> <span class='ocrx_word' id='word_1_651' title='bbox 2965 4378 3096 4417; x_wconf 92' lang='lat' dir='ltr'><strong>num</strong></span> <span class='ocrx_word' id='word_1_652' title='bbox 3122 4363 3230 4418; x_wconf 85' lang='lat' dir='ltr'><strong>illis</strong></span> <span class='ocrx_word' id='word_1_653' title='bbox 3258 4364 3388 4418; x_wconf 89' lang='lat' dir='ltr'><strong>talia</strong></span> 
     </span>
    </p>
   </div>
   <div class='ocr_carea' id='block_1_84' title="bbox 118 4445 1831 4539">
    <p class='ocr_par' dir='ltr' id='par_1_84' title="bbox 118 4445 1831 4539">
     <span class='ocr_line' id='line_1_85' title="bbox 118 4445 1831 4539; baseline -0.005 -17"><span class='ocrx_word' id='word_1_654' title='bbox 118 4470 186 4521; x_wconf 81' lang='grc' dir='ltr'>δι’</span> <span class='ocrx_word' id='word_1_655' title='bbox 221 4471 294 4539; x_wconf 65' lang='grc' dir='ltr'>ἢν</span> <span class='ocrx_word' id='word_1_656' title='bbox 320 4470 370 4521; x_wconf 79' lang='grc' dir='ltr'>οἱ</span> <span class='ocrx_word' id='word_1_657' title='bbox 404 4469 502 4538; x_wconf 80' lang='grc' dir='ltr'><strong>μὲν</strong></span> <span class='ocrx_word' id='word_1_658' title='bbox 535 4445 793 4538; x_wconf 74' lang='grc' dir='ltr'>μαθηταὶ,</span> <span class='ocrx_word' id='word_1_659' title='bbox 827 4469 856 4520; x_wconf 84' lang='grc' dir='ltr'>ὁ</span> <span class='ocrx_word' id='word_1_660' title='bbox 883 4466 940 4519; x_wconf 83' lang='grc' dir='ltr'>δὲ</span> <span class='ocrx_word' id='word_1_661' title='bbox 966 4465 1286 4527; x_wconf 86' lang='grc' dir='ltr'>διδάσκαλος</span> <span class='ocrx_word' id='word_1_662' title='bbox 1317 4464 1705 4536; x_wconf 75' lang='grc' dir='ltr'>ἐχρημάτισεν.</span> <span class='ocrx_word' id='word_1_663' title='bbox 1741 4445 1784 4499; x_wconf 81' lang='grc' dir='ltr'><strong>Ῑ)</strong></span> <span class='ocrx_word' id='word_1_664' title='bbox 1811 4457 1831 4511; x_wconf 69' lang='lat' dir='ltr'><strong>t</strong></span> 
     </span>
    </p>
   </div>
   <div class='ocr_carea' id='block_1_85' title="bbox 1818 4445 3393 4539">
    <p class='ocr_par' dir='ltr' id='par_1_85' title="bbox 1818 4454 3393 4526">
     <span class='ocr_line' id='line_1_86' title="bbox 1818 4454 3393 4526; baseline -0.002 -15"><span class='ocrx_word' id='word_1_665' title='bbox 1818 4456 2125 4512; x_wconf 84' lang='lat' dir='ltr'><strong>dicentibus</strong></span> <span class='ocrx_word' id='word_1_666' title='bbox 2150 4456 2299 4510; x_wconf 90' lang='lat' dir='ltr'><strong>credi</strong></span> <span class='ocrx_word' id='word_1_667' title='bbox 2332 4456 2442 4510; x_wconf 92' lang='lat' dir='ltr'><strong>ullo</strong></span> <span class='ocrx_word' id='word_1_668' title='bbox 2469 4454 2631 4509; x_wconf 89' lang='lat' dir='ltr'><strong>modo</strong></span> <span class='ocrx_word' id='word_1_669' title='bbox 2662 4454 2857 4523; x_wconf 89' lang='lat' dir='ltr'><strong>possit,</strong></span> <span class='ocrx_word' id='word_1_670' title='bbox 2883 4454 3089 4526; x_wconf 90' lang='lat' dir='ltr'><strong>quippe</strong></span> <span class='ocrx_word' id='word_1_671' title='bbox 3139 4456 3230 4524; x_wconf 92' lang='lat' dir='ltr'><strong>qui</strong></span> <span class='ocrx_word' id='word_1_672' title='bbox 3268 4458 3393 4510; x_wconf 84' lang='lat' dir='ltr'><strong>nul-</strong></span> 
     </span>
    </p>
   </div>
   <div class='ocr_carea' id='block_1_86' title="bbox 121 4546 1831 4630">
    <p class='ocr_par' dir='ltr' id='par_1_86' title="bbox 121 4548 1831 4630">
     <span class='ocr_line' id='line_1_87' title="bbox 121 4548 1831 4630; baseline -0.008 -15"><span class='ocrx_word' id='word_1_673' title='bbox 121 4562 190 4615; x_wconf 89' lang='lat'><strong>&#39;0</strong></span> <span class='ocrx_word' id='word_1_674' title='bbox 240 4577 303 4615; x_wconf 82' lang='grc' dir='ltr'><strong>τε</strong></span> <span class='ocrx_word' id='word_1_675' title='bbox 355 4560 466 4630; x_wconf 89' lang='grc' dir='ltr'><strong>γάρ</strong></span> <span class='ocrx_word' id='word_1_676' title='bbox 508 4558 772 4613; x_wconf 83' lang='grc' dir='ltr'>διδάσκων</span> <span class='ocrx_word' id='word_1_677' title='bbox 816 4559 1148 4627; x_wconf 76' lang='grc' dir='ltr'>ἐπαγγελίαν</span> <span class='ocrx_word' id='word_1_678' title='bbox 1199 4556 1522 4628; x_wconf 85' lang='grc' dir='ltr'>μαθήματός</span> <span class='ocrx_word' id='word_1_679' title='bbox 1564 4572 1709 4618; x_wconf 89' lang='grc' dir='ltr'>τινος</span> <span class='ocrx_word' id='word_1_680' title='bbox 1806 4548 1831 4601; x_wconf 92' lang='lat' dir='ltr'><strong>l:</strong></span> 
     </span>
    </p>
   </div>
   <div class='ocr_carea' id='block_1_87' title="bbox 1818 4546 3389 4630">
    <p class='ocr_par' dir='ltr' id='par_1_87' title="bbox 1818 4546 3389 4617">
     <span class='ocr_line' id='line_1_88' title="bbox 1818 4546 3389 4617; baseline -0.001 -16"><span class='ocrx_word' id='word_1_681' title='bbox 1818 4549 1914 4602; x_wconf 68' lang='lat' dir='ltr'><strong>iam</strong></span> <span class='ocrx_word' id='word_1_682' title='bbox 1953 4547 2167 4617; x_wconf 88' lang='lat' dir='ltr'><strong>possint</strong></span> <span class='ocrx_word' id='word_1_683' title='bbox 2211 4547 2494 4617; x_wconf 79' lang='lat' dir='ltr'><strong>assignare</strong></span> <span class='ocrx_word' id='word_1_684' title='bbox 2533 4560 2781 4609; x_wconf 87' lang='lat' dir='ltr'><strong>causam,</strong></span> <span class='ocrx_word' id='word_1_685' title='bbox 2825 4553 3279 4616; x_wconf 81' lang='lat' dir='ltr'><strong>propterquam,</strong></span> <span class='ocrx_word' id='word_1_686' title='bbox 3332 4546 3389 4600; x_wconf 88' lang='lat' dir='ltr'><strong>hi</strong></span> 
     </span>
    </p>
   </div>
   <div class='ocr_carea' id='block_1_88' title="bbox 118 4637 1831 4735">
    <p class='ocr_par' dir='ltr' id='par_1_88' title="bbox 118 4647 1831 4722">
     <span class='ocr_line' id='line_1_89' title="bbox 118 4647 1831 4722; baseline -0.004 -16"><span class='ocrx_word' id='word_1_687' title='bbox 118 4651 553 4721; x_wconf 71' lang='grc' dir='ltr'>ἐπαγγέλλεται·</span> <span class='ocrx_word' id='word_1_688' title='bbox 586 4651 641 4704; x_wconf 80' lang='grc' dir='ltr'><strong>οἵ</strong></span> <span class='ocrx_word' id='word_1_689' title='bbox 660 4668 720 4704; x_wconf 84' lang='grc' dir='ltr'><strong>τε</strong></span> <span class='ocrx_word' id='word_1_690' title='bbox 752 4647 819 4705; x_wconf 78' lang='grc' dir='ltr'>αὖ</span> <span class='ocrx_word' id='word_1_691' title='bbox 855 4651 1114 4722; x_wconf 80' lang='grc' dir='ltr'>μαθηταὶ,</span> <span class='ocrx_word' id='word_1_692' title='bbox 1152 4650 1489 4721; x_wconf 86' lang='grc' dir='ltr'>μαθημάτων</span> <span class='ocrx_word' id='word_1_693' title='bbox 1521 4649 1710 4719; x_wconf 86' lang='grc' dir='ltr'>ὀρεγό-</span> <span class='ocrx_word' id='word_1_694' title='bbox 1805 4655 1831 4708; x_wconf 88' lang='lat' dir='ltr'><strong>q</strong></span> 
     </span>
    </p>
   </div>
   <div class='ocr_carea' id='block_1_89' title="bbox 1818 4637 3391 4735">
    <p class='ocr_par' dir='ltr' id='par_1_89' title="bbox 1818 4637 3391 4735">
     <span class='ocr_line' id='line_1_90' title="bbox 1818 4637 3391 4735; baseline -0.001 -44"><span class='ocrx_word' id='word_1_695' title='bbox 1818 4638 2025 4709; x_wconf 61' lang='lat' dir='ltr'><strong>quidem</strong></span> <span class='ocrx_word' id='word_1_696' title='bbox 2059 4638 2214 4735; x_wconf 64' lang='lat' dir='ltr'><strong>illius</strong></span> <span class='ocrx_word' id='word_1_697' title='bbox 2258 4637 2538 4707; x_wconf 82' lang='lat' dir='ltr'><strong>discipuli,</strong></span> <span class='ocrx_word' id='word_1_698' title='bbox 2575 4637 2664 4692; x_wconf 89' lang='lat' dir='ltr'><strong>ille</strong></span> <span class='ocrx_word' id='word_1_699' title='bbox 2713 4652 2847 4692; x_wconf 89' lang='lat' dir='ltr'><strong>vero</strong></span> <span class='ocrx_word' id='word_1_700' title='bbox 2888 4638 3093 4707; x_wconf 85' lang='lat' dir='ltr'><strong>horum</strong></span> <span class='ocrx_word' id='word_1_701' title='bbox 3128 4637 3391 4708; x_wconf 82' lang='lat' dir='ltr'><strong>magister</strong></span> 
     </span>
    </p>
   </div>
   <div class='ocr_carea' id='block_1_90' title="bbox 118 4728 1831 4817">
    <p class='ocr_par' dir='ltr' id='par_1_90' title="bbox 118 4741 1831 4817">
     <span class='ocr_line' id='line_1_91' title="bbox 118 4741 1831 4817; baseline -0.005 -20"><span class='ocrx_word' id='word_1_702' title='bbox 118 4761 301 4817; x_wconf 82' lang='grc' dir='ltr'>μενοι,</span> <span class='ocrx_word' id='word_1_703' title='bbox 339 4746 482 4812; x_wconf 75' lang='grc' dir='ltr'>σφᾶς</span> <span class='ocrx_word' id='word_1_704' title='bbox 512 4744 707 4807; x_wconf 77' lang='grc' dir='ltr'>αὐτοὺς</span> <span class='ocrx_word' id='word_1_705' title='bbox 729 4743 807 4814; x_wconf 80' lang='grc' dir='ltr'><strong>τῷ</strong></span> <span class='ocrx_word' id='word_1_706' title='bbox 828 4743 1131 4813; x_wconf 80' lang='grc' dir='ltr'>διδασκάλῳ</span> <span class='ocrx_word' id='word_1_707' title='bbox 1165 4741 1566 4814; x_wconf 83' lang='grc' dir='ltr'>προσφέροντες</span> <span class='ocrx_word' id='word_1_708' title='bbox 1588 4741 1711 4792; x_wconf 65' lang='grc' dir='ltr'>ἐπι-</span> <span class='ocrx_word' id='word_1_709' title='bbox 1804 4747 1831 4787; x_wconf 88' lang='lat' dir='ltr'><strong>e</strong></span> 
     </span>
    </p>
   </div>
   <div class='ocr_carea' id='block_1_91' title="bbox 1818 4728 3390 4817">
    <p class='ocr_par' dir='ltr' id='par_1_91' title="bbox 1818 4728 3390 4799">
     <span class='ocr_line' id='line_1_92' title="bbox 1818 4728 3390 4799; baseline -0.003 -12"><span class='ocrx_word' id='word_1_710' title='bbox 1818 4728 2095 4787; x_wconf 66' lang='lat' dir='ltr'><strong>exstiterit.</strong></span> <span class='ocrx_word' id='word_1_711' title='bbox 2121 4730 2258 4784; x_wconf 86' lang='lat' dir='ltr'><strong>Nam</strong></span> <span class='ocrx_word' id='word_1_712' title='bbox 2283 4739 2339 4784; x_wconf 90' lang='lat' dir='ltr'><strong>et</strong></span> <span class='ocrx_word' id='word_1_713' title='bbox 2365 4729 2458 4799; x_wconf 90' lang='lat' dir='ltr'><strong>qui</strong></span> <span class='ocrx_word' id='word_1_714' title='bbox 2483 4729 2666 4794; x_wconf 90' lang='lat' dir='ltr'><strong>docet,</strong></span> <span class='ocrx_word' id='word_1_715' title='bbox 2703 4729 2938 4798; x_wconf 88' lang='lat' dir='ltr'><strong>alicujus</strong></span> <span class='ocrx_word' id='word_1_716' title='bbox 2957 4728 3259 4798; x_wconf 67' lang='lat' dir='ltr'><strong>disciplinae</strong></span> <span class='ocrx_word' id='word_1_717' title='bbox 3280 4744 3390 4782; x_wconf 61' lang='lat' dir='ltr'><strong>ma.</strong></span> 
     </span>
    </p>
   </div>
   <div class='ocr_carea' id='block_1_92' title="bbox 113 4821 1831 4906">
    <p class='ocr_par' dir='ltr' id='par_1_92' title="bbox 113 4829 1831 4906">
     <span class='ocr_line' id='line_1_93' title="bbox 113 4829 1831 4906; baseline -0.005 -16"><span class='ocrx_word' id='word_1_718' title='bbox 113 4838 406 4906; x_wconf 79' lang='grc' dir='ltr'>τρέπουσι.</span> <span class='ocrx_word' id='word_1_719' title='bbox 438 4835 572 4889; x_wconf 85' lang='grc' dir='ltr'>Τίνα</span> <span class='ocrx_word' id='word_1_720' title='bbox 586 4830 678 4888; x_wconf 84' lang='grc' dir='ltr'><strong>οὖν</strong></span> <span class='ocrx_word' id='word_1_721' title='bbox 704 4835 853 4887; x_wconf 73' lang='grc' dir='ltr'>ἐστὶν</span> <span class='ocrx_word' id='word_1_722' title='bbox 883 4836 1060 4887; x_wconf 84' lang='grc' dir='ltr'>εἰπεῖν</span> <span class='ocrx_word' id='word_1_723' title='bbox 1084 4833 1260 4886; x_wconf 84' lang='grc' dir='ltr'>αἰτίαν</span> <span class='ocrx_word' id='word_1_724' title='bbox 1280 4832 1387 4886; x_wconf 82' lang='grc' dir='ltr'><strong>τῶν</strong></span> <span class='ocrx_word' id='word_1_725' title='bbox 1402 4831 1496 4885; x_wconf 84' lang='grc' dir='ltr'>τοῦ</span> <span class='ocrx_word' id='word_1_726' title='bbox 1530 4829 1705 4903; x_wconf 88' lang='grc' dir='ltr'><strong>Ἰησοῦ</strong></span> <span class='ocrx_word' id='word_1_727' title='bbox 1802 4840 1831 4897; x_wconf 72' lang='grc' dir='ltr'><strong>ε</strong></span> 
     </span>
    </p>
   </div>
   <div class='ocr_carea' id='block_1_93' title="bbox 1818 4821 3389 4906">
    <p class='ocr_par' dir='ltr' id='par_1_93' title="bbox 1818 4821 3389 4897">
     <span class='ocr_line' id='line_1_94' title="bbox 1818 4821 3389 4897; baseline -0.001 -20"><span class='ocrx_word' id='word_1_728' title='bbox 1818 4824 2036 4897; x_wconf 71' lang='grc' dir='ltr'>ςίειτυῐῐι</span> <span class='ocrx_word' id='word_1_729' title='bbox 2072 4838 2132 4879; x_wconf 91' lang='lat' dir='ltr'><strong>se</strong></span> <span class='ocrx_word' id='word_1_730' title='bbox 2156 4822 2446 4893; x_wconf 90' lang='lat' dir='ltr'><strong>proﬁtetur</strong></span> <span class='ocrx_word' id='word_1_731' title='bbox 2475 4840 2488 4875; x_wconf 91' lang='lat'><strong>:</strong></span> <span class='ocrx_word' id='word_1_732' title='bbox 2516 4828 2570 4875; x_wconf 88' lang='lat' dir='ltr'><strong>et</strong></span> <span class='ocrx_word' id='word_1_733' title='bbox 2609 4822 2870 4891; x_wconf 81' lang='lat' dir='ltr'><strong>discipuli</strong></span> <span class='ocrx_word' id='word_1_734' title='bbox 2912 4822 3040 4876; x_wconf 89' lang='lat' dir='ltr'><strong>talis</strong></span> <span class='ocrx_word' id='word_1_735' title='bbox 3083 4821 3389 4889; x_wconf 73' lang='lat' dir='ltr'><strong>disciplina:</strong></span> 
     </span>
    </p>
   </div>
   <div class='ocr_carea' id='block_1_94' title="bbox 119 4913 1831 4999">
    <p class='ocr_par' dir='ltr' id='par_1_94' title="bbox 119 4923 1831 4999">
     <span class='ocr_line' id='line_1_95' title="bbox 119 4923 1831 4999; baseline -0.006 -18"><span class='ocrx_word' id='word_1_736' title='bbox 119 4927 387 4999; x_wconf 81' lang='grc' dir='ltr'>μαθητῶν</span> <span class='ocrx_word' id='word_1_737' title='bbox 403 4927 502 4997; x_wconf 80' lang='grc' dir='ltr'>τῆς</span> <span class='ocrx_word' id='word_1_738' title='bbox 517 4927 612 4980; x_wconf 78' lang='grc' dir='ltr'><strong>σὺν</strong></span> <span class='ocrx_word' id='word_1_739' title='bbox 643 4924 1103 4997; x_wconf 78' lang='grc' dir='ltr'>αὑτῷδιατριῦῆς,</span> <span class='ocrx_word' id='word_1_740' title='bbox 1137 4924 1230 4979; x_wconf 74' lang='grc' dir='ltr'><strong>καὶ</strong></span> <span class='ocrx_word' id='word_1_741' title='bbox 1259 4924 1313 4976; x_wconf 81' lang='grc' dir='ltr'><strong>τί</strong></span> <span class='ocrx_word' id='word_1_742' title='bbox 1334 4923 1702 4992; x_wconf 79' lang='grc' dir='ltr'>τὸάναγκαῖον</span> <span class='ocrx_word' id='word_1_743' title='bbox 1809 4931 1831 4971; x_wconf 80' lang='lat' dir='ltr'><strong>c</strong></span> 
     </span>
    </p>
   </div>
   <div class='ocr_carea' id='block_1_95' title="bbox 1818 4913 3389 4999">
    <p class='ocr_par' dir='ltr' id='par_1_95' title="bbox 1818 4913 3389 4986">
     <span class='ocr_line' id='line_1_96' title="bbox 1818 4913 3389 4986; baseline -0.002 -15"><span class='ocrx_word' id='word_1_744' title='bbox 1818 4916 1996 4986; x_wconf 86' lang='lat' dir='ltr'><strong>cupidi</strong></span> <span class='ocrx_word' id='word_1_745' title='bbox 2020 4916 2342 4985; x_wconf 79' lang='lat' dir='ltr'><strong>magistrum</strong></span> <span class='ocrx_word' id='word_1_746' title='bbox 2365 4914 2657 4976; x_wconf 88' lang='lat' dir='ltr'><strong>adeuntes,</strong></span> <span class='ocrx_word' id='word_1_747' title='bbox 2687 4913 2900 4982; x_wconf 88' lang='lat' dir='ltr'><strong>seipsos</strong></span> <span class='ocrx_word' id='word_1_748' title='bbox 2925 4913 3000 4966; x_wconf 88' lang='lat' dir='ltr'><strong>illi</strong></span> <span class='ocrx_word' id='word_1_749' title='bbox 3034 4913 3389 4968; x_wconf 80' lang='lat' dir='ltr'><strong>instruendus</strong></span> 
     </span>
    </p>
   </div>
   <div class='ocr_carea' id='block_1_96' title="bbox 112 5003 1831 5091">
    <p class='ocr_par' dir='ltr' id='par_1_96' title="bbox 112 5014 1831 5091">
     <span class='ocr_line' id='line_1_97' title="bbox 112 5014 1831 5091; baseline -0.003 -20"><span class='ocrx_word' id='word_1_750' title='bbox 112 5021 221 5091; x_wconf 78' lang='grc' dir='ltr'>τῆς</span> <span class='ocrx_word' id='word_1_751' title='bbox 254 5019 389 5091; x_wconf 78' lang='grc' dir='ltr'>περὶ</span> <span class='ocrx_word' id='word_1_752' title='bbox 419 5020 582 5072; x_wconf 73' lang='grc' dir='ltr'>αὐτὸν</span> <span class='ocrx_word' id='word_1_753' title='bbox 623 5018 893 5088; x_wconf 74' lang='grc' dir='ltr'>σπουδῆςς</span> <span class='ocrx_word' id='word_1_754' title='bbox 936 5018 1098 5071; x_wconf 84' lang='grc' dir='ltr'>τίνων</span> <span class='ocrx_word' id='word_1_755' title='bbox 1143 5017 1199 5070; x_wconf 85' lang='grc' dir='ltr'>δὲ</span> <span class='ocrx_word' id='word_1_756' title='bbox 1245 5017 1339 5070; x_wconf 77' lang='grc' dir='ltr'><strong>καὶ</strong></span> <span class='ocrx_word' id='word_1_757' title='bbox 1385 5014 1704 5068; x_wconf 86' lang='grc' dir='ltr'>διδάσκαλον</span> <span class='ocrx_word' id='word_1_758' title='bbox 1809 5024 1831 5063; x_wconf 82' lang='lat' dir='ltr'><strong>c</strong></span> 
     </span>
    </p>
   </div>
   <div class='ocr_carea' id='block_1_97' title="bbox 1818 5003 3384 5091">
    <p class='ocr_par' dir='ltr' id='par_1_97' title="bbox 1818 5003 3384 5076">
     <span class='ocr_line' id='line_1_98' title="bbox 1818 5003 3384 5076; baseline -0.004 -14"><span class='ocrx_word' id='word_1_759' title='bbox 1818 5007 2178 5063; x_wconf 80' lang='lat' dir='ltr'><strong>committunt.</strong></span> <span class='ocrx_word' id='word_1_760' title='bbox 2202 5005 2375 5072; x_wconf 84' lang='lat' dir='ltr'><strong>Quam</strong></span> <span class='ocrx_word' id='word_1_761' title='bbox 2400 5006 2566 5076; x_wconf 77' lang='lat' dir='ltr'><strong>igitur</strong></span> <span class='ocrx_word' id='word_1_762' title='bbox 2580 5019 2803 5059; x_wconf 86' lang='lat' dir='ltr'><strong>causam</strong></span> <span class='ocrx_word' id='word_1_763' title='bbox 2820 5004 2910 5060; x_wconf 89' lang='lat' dir='ltr'><strong>isti</strong></span> <span class='ocrx_word' id='word_1_764' title='bbox 2925 5003 3118 5058; x_wconf 80' lang='lat' dir='ltr'><strong>aﬁ&#39;erre</strong></span> <span class='ocrx_word' id='word_1_765' title='bbox 3133 5013 3384 5074; x_wconf 88' lang='lat' dir='ltr'><strong>possunt,</strong></span> 
     </span>
    </p>
   </div>
   <div class='ocr_carea' id='block_1_98' title="bbox 114 5094 1831 5184">
    <p class='ocr_par' dir='ltr' id='par_1_98' title="bbox 114 5106 1831 5184">
     <span class='ocr_line' id='line_1_99' title="bbox 114 5106 1831 5184; baseline -0.004 -18"><span class='ocrx_word' id='word_1_766' title='bbox 114 5113 501 5184; x_wconf 78' lang='grc' dir='ltr'>ἐπεγράφοντο</span> <span class='ocrx_word' id='word_1_767' title='bbox 552 5110 923 5183; x_wconf 85' lang='grc' dir='ltr'>μαθημάτων;</span> <span class='ocrx_word' id='word_1_768' title='bbox 957 5111 1029 5163; x_wconf 84' lang='grc' dir='ltr'><em>Ἣ</em></span> <span class='ocrx_word' id='word_1_769' title='bbox 1059 5108 1215 5162; x_wconf 76' lang='grc' dir='ltr'>τοῦτο</span> <span class='ocrx_word' id='word_1_770' title='bbox 1246 5106 1436 5176; x_wconf 86' lang='grc' dir='ltr'>δῆλον;</span> <span class='ocrx_word' id='word_1_771' title='bbox 1488 5106 1702 5171; x_wconf 87' lang='grc' dir='ltr'>πάντως</span> <span class='ocrx_word' id='word_1_772' title='bbox 1810 5117 1831 5172; x_wconf 68' lang='grc' dir='ltr'>ς</span> 
     </span>
    </p>
   </div>
   <div class='ocr_carea' id='block_1_99' title="bbox 1818 5094 3386 5184">
    <p class='ocr_par' dir='ltr' id='par_1_99' title="bbox 1818 5094 3386 5172">
     <span class='ocr_line' id='line_1_100' title="bbox 1818 5094 3386 5172; baseline -0.003 -17"><span class='ocrx_word' id='word_1_773' title='bbox 1818 5116 1980 5172; x_wconf 83' lang='lat' dir='ltr'><strong>quare</strong></span> <span class='ocrx_word' id='word_1_774' title='bbox 2009 5101 2093 5155; x_wconf 85' lang='lat' dir='ltr'><strong>sui</strong></span> <span class='ocrx_word' id='word_1_775' title='bbox 2118 5114 2242 5153; x_wconf 90' lang='lat' dir='ltr'><strong>cum</strong></span> <span class='ocrx_word' id='word_1_776' title='bbox 2263 5096 2394 5152; x_wconf 85' lang='lat' dir='ltr'><strong>Jesu</strong></span> <span class='ocrx_word' id='word_1_777' title='bbox 2416 5097 2674 5167; x_wconf 88' lang='lat' dir='ltr'><strong>discipuli</strong></span> <span class='ocrx_word' id='word_1_778' title='bbox 2702 5096 2926 5163; x_wconf 85' lang='lat' dir='ltr'><strong>versati,</strong></span> <span class='ocrx_word' id='word_1_779' title='bbox 2960 5094 3386 5166; x_wconf 83' lang='lat' dir='ltr'><strong>frequentesque</strong></span> 
     </span>
    </p>
   </div>
   <div class='ocr_carea' id='block_1_100' title="bbox 112 5194 1708 5275">
    <p class='ocr_par' dir='ltr' id='par_1_100' title="bbox 112 5194 1708 5275">
     <span class='ocr_line' id='line_1_101' title="bbox 112 5194 1708 5275; baseline -0.005 -19"><span class='ocrx_word' id='word_1_780' title='bbox 112 5205 231 5275; x_wconf 77' lang='grc' dir='ltr'><strong>γάρ</strong></span> <span class='ocrx_word' id='word_1_781' title='bbox 256 5219 366 5255; x_wconf 86' lang='grc' dir='ltr'><strong>που</strong></span> <span class='ocrx_word' id='word_1_782' title='bbox 395 5194 470 5255; x_wconf 80' lang='grc' dir='ltr'>ὧν</span> <span class='ocrx_word' id='word_1_783' title='bbox 490 5203 620 5273; x_wconf 86' lang='grc' dir='ltr'>παρ’</span> <span class='ocrx_word' id='word_1_784' title='bbox 650 5199 815 5254; x_wconf 77' lang='grc' dir='ltr'>αὐτοῦ</span> <span class='ocrx_word' id='word_1_785' title='bbox 851 5199 1110 5271; x_wconf 85' lang='grc' dir='ltr'>μαθόντες</span> <span class='ocrx_word' id='word_1_786' title='bbox 1130 5199 1209 5262; x_wconf 83' lang='grc' dir='ltr'><strong>εἰς</strong></span> <span class='ocrx_word' id='word_1_787' title='bbox 1235 5197 1454 5269; x_wconf 80' lang='grc' dir='ltr'>ἐτέρους</span> <span class='ocrx_word' id='word_1_788' title='bbox 1484 5195 1708 5267; x_wconf 81' lang='grc' dir='ltr'>ἐξήνεγ-</span> 
     </span>
    </p>
   </div>
   <div class='ocr_carea' id='block_1_101' title="bbox 118 3843 1713 3915">
    <p class='ocr_par' dir='ltr' id='par_1_101' title="bbox 118 3843 1713 3915">
     <span class='ocr_line' id='line_1_102' title="bbox 118 3843 1713 3915; baseline -0.001 -14"><span class='ocrx_word' id='word_1_789' title='bbox 118 3848 193 3901; x_wconf 81' lang='grc' dir='ltr'><strong>Ε’.</strong></span> <span class='ocrx_word' id='word_1_790' title='bbox 223 3846 388 3915; x_wconf 80' lang='grc' dir='ltr'>Πρὸς</span> <span class='ocrx_word' id='word_1_791' title='bbox 421 3846 566 3913; x_wconf 81' lang='grc' dir='ltr'>τοὺς</span> <span class='ocrx_word' id='word_1_792' title='bbox 592 3846 988 3912; x_wconf 75' lang='grc' dir='ltr'>ἀπειθοῦντας</span> <span class='ocrx_word' id='word_1_793' title='bbox 1013 3845 1093 3914; x_wconf 79' lang='grc' dir='ltr'>τῇ</span> <span class='ocrx_word' id='word_1_794' title='bbox 1130 3844 1250 3898; x_wconf 79' lang='grc' dir='ltr'>τῶν</span> <span class='ocrx_word' id='word_1_795' title='bbox 1290 3844 1399 3898; x_wconf 84' lang='grc' dir='ltr'>τοῦ</span> <span class='ocrx_word' id='word_1_796' title='bbox 1442 3843 1713 3914; x_wconf 75' lang='grc' dir='ltr'>Σωτῆρος</span> 
     </span>
    </p>
   </div>
   <div class='ocr_carea' id='block_1_102' title="bbox 190 3915 1637 3986">
    <p class='ocr_par' dir='ltr' id='par_1_102' title="bbox 190 3915 1637 3986">
     <span class='ocr_line' id='line_1_103' title="bbox 190 3915 1637 3986; baseline -0.001 -15"><span class='ocrx_word' id='word_1_797' title='bbox 190 3917 370 3986; x_wconf 62' lang='grc' dir='ltr'>ἡμῶν*</span> <span class='ocrx_word' id='word_1_798' title='bbox 390 3919 524 3986; x_wconf 80' lang='grc' dir='ltr'>περὶ</span> <span class='ocrx_word' id='word_1_799' title='bbox 541 3916 661 3970; x_wconf 79' lang='grc' dir='ltr'>τῶν</span> <span class='ocrx_word' id='word_1_800' title='bbox 680 3916 1035 3985; x_wconf 79' lang='grc' dir='ltr'>παραδόξων</span> <span class='ocrx_word' id='word_1_801' title='bbox 1048 3915 1324 3985; x_wconf 77' lang='grc' dir='ltr'>πράξεων</span> <span class='ocrx_word' id='word_1_802' title='bbox 1340 3915 1637 3985; x_wconf 79' lang='grc' dir='ltr'>διηγήσει.</span> 
     </span>
    </p>
   </div>
   <div class='ocr_carea' id='block_1_103' title="bbox 1811 5187 3388 5260">
    <p class='ocr_par' dir='ltr' id='par_1_103' title="bbox 1811 5187 3388 5260">
     <span class='ocr_line' id='line_1_104' title="bbox 1811 5187 3388 5260; baseline -0.003 -13"><span class='ocrx_word' id='word_1_803' title='bbox 1811 5192 2054 5247; x_wconf 78' lang='lat' dir='ltr'><strong>iuerint?</strong></span> <span class='ocrx_word' id='word_1_804' title='bbox 2073 5199 2170 5246; x_wconf 90' lang='lat' dir='ltr'><strong>aut</strong></span> <span class='ocrx_word' id='word_1_805' title='bbox 2200 5190 2463 5260; x_wconf 88' lang='lat' dir='ltr'><strong>quidnam</strong></span> <span class='ocrx_word' id='word_1_806' title='bbox 2484 5189 2640 5253; x_wconf 90' lang='lat' dir='ltr'><strong>illud,</strong></span> <span class='ocrx_word' id='word_1_807' title='bbox 2666 5203 2874 5258; x_wconf 60' lang='lat' dir='ltr'><strong>quaso,</strong></span> <span class='ocrx_word' id='word_1_808' title='bbox 2907 5194 3048 5252; x_wconf 90' lang='lat' dir='ltr'><strong>erat,</strong></span> <span class='ocrx_word' id='word_1_809' title='bbox 3090 5187 3236 5258; x_wconf 86' lang='lat' dir='ltr'><strong>quod</strong></span> <span class='ocrx_word' id='word_1_810' title='bbox 3265 5188 3388 5243; x_wconf 90' lang='lat' dir='ltr'><strong>illos</strong></span> 
     </span>
    </p>
   </div>
   <div class='ocr_carea' id='block_1_104' title="bbox 112 5287 1704 5366">
    <p class='ocr_par' dir='ltr' id='par_1_104' title="bbox 112 5287 1704 5366">
     <span class='ocr_line' id='line_1_105' title="bbox 112 5287 1704 5366; baseline -0.005 -16"><span class='ocrx_word' id='word_1_811' title='bbox 112 5312 254 5350; x_wconf 71' lang='grc' dir='ltr'>καν-</span> <span class='ocrx_word' id='word_1_812' title='bbox 304 5292 672 5366; x_wconf 85' lang='grc' dir='ltr'>παραγγελίαι</span> <span class='ocrx_word' id='word_1_813' title='bbox 719 5292 764 5346; x_wconf 86' lang='grc' dir='ltr'>δ’</span> <span class='ocrx_word' id='word_1_814' title='bbox 790 5287 932 5365; x_wconf 79' lang='grc' dir='ltr'>ἦσαν</span> <span class='ocrx_word' id='word_1_815' title='bbox 960 5291 1108 5363; x_wconf 82' lang='grc' dir='ltr'>αὐτῷ</span> <span class='ocrx_word' id='word_1_816' title='bbox 1138 5291 1428 5360; x_wconf 83' lang='grc' dir='ltr'>φιλοσόφου</span> <span class='ocrx_word' id='word_1_817' title='bbox 1472 5288 1611 5359; x_wconf 88' lang='grc' dir='ltr'>βίου,</span> <span class='ocrx_word' id='word_1_818' title='bbox 1644 5288 1704 5342; x_wconf 82' lang='grc' dir='ltr'>ὃν</span> 
     </span>
    </p>
   </div>
   <div class='ocr_carea' id='block_1_105' title="bbox 114 5380 1703 5459">
    <p class='ocr_par' dir='ltr' id='par_1_105' title="bbox 114 5380 1703 5459">
     <span class='ocr_line' id='line_1_106' title="bbox 114 5380 1703 5459; baseline -0.005 -18"><span class='ocrx_word' id='word_1_819' title='bbox 114 5386 461 5459; x_wconf 57' lang='grc' dir='ltr'>ὑπογράφων</span> <span class='ocrx_word' id='word_1_820' title='bbox 504 5387 688 5447; x_wconf 79' lang='grc' dir='ltr'>αὐτοῖς</span> <span class='ocrx_word' id='word_1_821' title='bbox 734 5384 907 5454; x_wconf 79' lang='grc' dir='ltr'>ἔλεγε·</span> <span class='ocrx_word' id='word_1_822' title='bbox 949 5402 968 5435; x_wconf 73' lang='grc' dir='ltr'><strong>ι</strong></span> <span class='ocrx_word' id='word_1_823' title='bbox 1020 5383 1112 5454; x_wconf 84' lang='grc' dir='ltr'><strong>Μὴ</strong></span> <span class='ocrx_word' id='word_1_824' title='bbox 1161 5380 1436 5453; x_wconf 79' lang='grc' dir='ltr'>κτήσησθε</span> <span class='ocrx_word' id='word_1_825' title='bbox 1481 5380 1703 5451; x_wconf 88' lang='grc' dir='ltr'>χρυσίον</span> 
     </span>
    </p>
   </div>
   <div class='ocr_carea' id='block_1_106' title="bbox 119 5469 1696 5549">
    <p class='ocr_par' dir='ltr' id='par_1_106' title="bbox 119 5469 1696 5549">
     <span class='ocr_line' id='line_1_107' title="bbox 119 5469 1696 5549; baseline -0.007 -17"><span class='ocrx_word' id='word_1_826' title='bbox 119 5476 262 5549; x_wconf 70' lang='grc' dir='ltr'>μηδὶ</span> <span class='ocrx_word' id='word_1_827' title='bbox 293 5478 536 5548; x_wconf 76' lang='grc' dir='ltr'>ἄργυρον</span> <span class='ocrx_word' id='word_1_828' title='bbox 567 5477 647 5539; x_wconf 86' lang='grc' dir='ltr'>εἰς</span> <span class='ocrx_word' id='word_1_829' title='bbox 678 5474 776 5539; x_wconf 82' lang='grc' dir='ltr'>τὰς</span> <span class='ocrx_word' id='word_1_830' title='bbox 804 5473 1000 5539; x_wconf 82' lang='grc' dir='ltr'>ζώνας,</span> <span class='ocrx_word' id='word_1_831' title='bbox 1040 5472 1114 5545; x_wconf 83' lang='grc' dir='ltr'>μὴ</span> <span class='ocrx_word' id='word_1_832' title='bbox 1153 5474 1333 5545; x_wconf 79' lang='grc' dir='ltr'>πήραν</span> <span class='ocrx_word' id='word_1_833' title='bbox 1376 5471 1456 5533; x_wconf 86' lang='grc' dir='ltr'><strong>είς</strong></span> <span class='ocrx_word' id='word_1_834' title='bbox 1485 5469 1632 5522; x_wconf 73' lang='grc' dir='ltr'>ὁδόψ</span> <span class='ocrx_word' id='word_1_835' title='bbox 1675 5488 1696 5521; x_wconf 71' lang='grc' dir='ltr'><strong>ι</strong></span> 
     </span>
    </p>
   </div>
   <div class='ocr_carea' id='block_1_107' title="bbox 115 5564 1704 5645">
    <p class='ocr_par' dir='ltr' id='par_1_107' title="bbox 115 5564 1704 5645">
     <span class='ocr_line' id='line_1_108' title="bbox 115 5564 1704 5645; baseline -0.004 -21"><span class='ocrx_word' id='word_1_836' title='bbox 115 5571 221 5624; x_wconf 74' lang='grc' dir='ltr'><strong>καὶ</strong></span> <span class='ocrx_word' id='word_1_837' title='bbox 272 5572 346 5625; x_wconf 87' lang='grc' dir='ltr'><strong>τά</strong></span> <span class='ocrx_word' id='word_1_838' title='bbox 400 5571 649 5626; x_wconf 78' lang='grc' dir='ltr'>τοιαῦτα.</span> <span class='ocrx_word' id='word_1_839' title='bbox 690 5572 771 5645; x_wconf 82' lang='grc' dir='ltr'>Τῇ</span> <span class='ocrx_word' id='word_1_840' title='bbox 817 5573 875 5627; x_wconf 81' lang='grc' dir='ltr'>δὲ</span> <span class='ocrx_word' id='word_1_841' title='bbox 930 5571 1108 5625; x_wconf 87' lang='grc' dir='ltr'>πάντα</span> <span class='ocrx_word' id='word_1_842' title='bbox 1148 5567 1422 5641; x_wconf 78' lang='grc' dir='ltr'>διοικούσῃ</span> <span class='ocrx_word' id='word_1_843' title='bbox 1475 5564 1704 5639; x_wconf 79' lang='grc' dir='ltr'>προνοίᾳ,</span> 
     </span>
    </p>
   </div>
   <div class='ocr_carea' id='block_1_108' title="bbox 116 5653 1703 5733">
    <p class='ocr_par' dir='ltr' id='par_1_108' title="bbox 116 5653 1703 5733">
     <span class='ocr_line' id='line_1_109' title="bbox 116 5653 1703 5733; baseline -0.002 -21"><span class='ocrx_word' id='word_1_844' title='bbox 116 5658 323 5722; x_wconf 73' lang='grc' dir='ltr'>αὐτοὺς</span> <span class='ocrx_word' id='word_1_845' title='bbox 378 5659 678 5723; x_wconf 81' lang='grc' dir='ltr'>ἀναθέντας</span> <span class='ocrx_word' id='word_1_846' title='bbox 695 5699 711 5724; x_wconf 95' lang='grc'><strong>,</strong></span> <span class='ocrx_word' id='word_1_847' title='bbox 771 5660 936 5733; x_wconf 84' lang='grc' dir='ltr'>μηδὲν</span> <span class='ocrx_word' id='word_1_848' title='bbox 997 5660 1265 5732; x_wconf 78' lang='grc' dir='ltr'>μεριμνᾷν</span> <span class='ocrx_word' id='word_1_849' title='bbox 1323 5657 1433 5714; x_wconf 88' lang='grc' dir='ltr'><strong>τῶν</strong></span> <span class='ocrx_word' id='word_1_850' title='bbox 1501 5653 1703 5729; x_wconf 85' lang='grc' dir='ltr'>χρειῶν</span> 
     </span>
    </p>
   </div>
   <div class='ocr_carea' id='block_1_109' title="bbox 198 5769 697 5839">
    <p class='ocr_par' dir='ltr' id='par_1_109' title="bbox 198 5769 697 5839">
     <span class='ocr_line' id='line_1_110' title="bbox 198 5769 697 5839; baseline 0.002 -14"><span class='ocrx_word' id='word_1_851' title='bbox 198 5771 243 5802; x_wconf 70' lang='grc'><strong>⁸⁵</strong></span> <span class='ocrx_word' id='word_1_852' title='bbox 274 5769 405 5825; x_wconf 80' lang='lat' dir='ltr'><strong>Luc.</strong></span> <span class='ocrx_word' id='word_1_853' title='bbox 431 5786 586 5839; x_wconf 79' lang='lat' dir='ltr'><strong>nm,</strong></span> <span class='ocrx_word' id='word_1_854' title='bbox 606 5770 697 5826; x_wconf 73' lang='lat'><strong>46.</strong></span> 
     </span>
    </p>
   </div>
   <div class='ocr_carea' id='block_1_110' title="bbox 1807 5280 3389 5352">
    <p class='ocr_par' dir='ltr' id='par_1_110' title="bbox 1807 5280 3389 5352">
     <span class='ocr_line' id='line_1_111' title="bbox 1807 5280 3389 5352; baseline -0.004 -12"><span class='ocrx_word' id='word_1_855' title='bbox 1807 5285 1904 5340; x_wconf 89' lang='lat' dir='ltr'><strong>tali</strong></span> <span class='ocrx_word' id='word_1_856' title='bbox 1940 5284 2059 5339; x_wconf 90' lang='lat' dir='ltr'><strong>viro</strong></span> <span class='ocrx_word' id='word_1_857' title='bbox 2081 5285 2213 5338; x_wconf 87' lang='lat' dir='ltr'><strong>dare</strong></span> <span class='ocrx_word' id='word_1_858' title='bbox 2243 5296 2465 5352; x_wconf 89' lang='lat' dir='ltr'><strong>operam</strong></span> <span class='ocrx_word' id='word_1_859' title='bbox 2498 5281 2754 5351; x_wconf 80' lang='lat' dir='ltr'><strong>cogeret?</strong></span> <span class='ocrx_word' id='word_1_860' title='bbox 2779 5295 3011 5350; x_wconf 90' lang='lat' dir='ltr'><strong>quarum</strong></span> <span class='ocrx_word' id='word_1_861' title='bbox 3034 5294 3200 5350; x_wconf 88' lang='lat' dir='ltr'><strong>porro</strong></span> <span class='ocrx_word' id='word_1_862' title='bbox 3220 5280 3389 5336; x_wconf 83' lang='lat' dir='ltr'><strong>disci-</strong></span> 
     </span>
    </p>
   </div>
   <div class='ocr_carea' id='block_1_111' title="bbox 1808 5370 3391 5447">
    <p class='ocr_par' dir='ltr' id='par_1_111' title="bbox 1808 5370 3391 5447">
     <span class='ocr_line' id='line_1_112' title="bbox 1808 5370 3391 5447; baseline -0.003 -17"><span class='ocrx_word' id='word_1_863' title='bbox 1808 5378 2082 5447; x_wconf 87' lang='lat' dir='ltr'><strong>plinarum</strong></span> <span class='ocrx_word' id='word_1_864' title='bbox 2133 5373 2416 5428; x_wconf 90' lang='lat' dir='ltr'><strong>doctorem</strong></span> <span class='ocrx_word' id='word_1_865' title='bbox 2466 5371 2620 5426; x_wconf 88' lang='lat' dir='ltr'><strong>illum</strong></span> <span class='ocrx_word' id='word_1_866' title='bbox 2677 5370 2851 5427; x_wconf 84' lang='lat' dir='ltr'><strong>fuisse</strong></span> <span class='ocrx_word' id='word_1_867' title='bbox 2897 5370 3120 5426; x_wconf 81' lang='lat' dir='ltr'><strong>dicent?</strong></span> <span class='ocrx_word' id='word_1_868' title='bbox 3161 5387 3231 5427; x_wconf 93' lang='lat' dir='ltr'><strong>an</strong></span> <span class='ocrx_word' id='word_1_869' title='bbox 3282 5371 3391 5425; x_wconf 82' lang='lat' dir='ltr'><strong>hoc</strong></span> 
     </span>
    </p>
   </div>
   <div class='ocr_carea' id='block_1_112' title="bbox 1807 5462 3387 5540">
    <p class='ocr_par' dir='ltr' id='par_1_112' title="bbox 1807 5462 3387 5540">
     <span class='ocr_line' id='line_1_113' title="bbox 1807 5462 3387 5540; baseline -0.004 -17"><span class='ocrx_word' id='word_1_870' title='bbox 1807 5468 2027 5540; x_wconf 88' lang='lat' dir='ltr'><strong>quidem</strong></span> <span class='ocrx_word' id='word_1_871' title='bbox 2070 5463 2275 5519; x_wconf 87' lang='lat' dir='ltr'><strong>nemini</strong></span> <span class='ocrx_word' id='word_1_872' title='bbox 2320 5462 2547 5517; x_wconf 89' lang='lat' dir='ltr'><strong>dubium</strong></span> <span class='ocrx_word' id='word_1_873' title='bbox 2602 5477 2726 5518; x_wconf 88' lang='lat' dir='ltr'><strong>esse</strong></span> <span class='ocrx_word' id='word_1_874' title='bbox 2780 5463 2996 5533; x_wconf 87' lang='lat' dir='ltr'><strong>potest?</strong></span> <span class='ocrx_word' id='word_1_875' title='bbox 3029 5464 3191 5533; x_wconf 87' lang='lat' dir='ltr'><strong>plane</strong></span> <span class='ocrx_word' id='word_1_876' title='bbox 3237 5462 3387 5518; x_wconf 90' lang='lat' dir='ltr'><strong>enim</strong></span> 
     </span>
    </p>
   </div>
   <div class='ocr_carea' id='block_1_113' title="bbox 1810 5551 3385 5624">
    <p class='ocr_par' dir='ltr' id='par_1_113' title="bbox 1810 5551 3385 5624">
     <span class='ocr_line' id='line_1_114' title="bbox 1810 5551 3385 5624; baseline -0.006 -8"><span class='ocrx_word' id='word_1_877' title='bbox 1810 5573 1998 5616; x_wconf 87' lang='lat' dir='ltr'><strong>earum</strong></span> <span class='ocrx_word' id='word_1_878' title='bbox 2022 5570 2207 5612; x_wconf 89' lang='lat' dir='ltr'><strong>rerum</strong></span> <span class='ocrx_word' id='word_1_879' title='bbox 2235 5554 2513 5608; x_wconf 89' lang='lat' dir='ltr'><strong>doctorem</strong></span> <span class='ocrx_word' id='word_1_880' title='bbox 2534 5551 2707 5608; x_wconf 83' lang='lat' dir='ltr'><strong>fuisse</strong></span> <span class='ocrx_word' id='word_1_881' title='bbox 2734 5568 2963 5609; x_wconf 89' lang='lat' dir='ltr'><strong>necesse</strong></span> <span class='ocrx_word' id='word_1_882' title='bbox 2992 5560 3097 5619; x_wconf 89' lang='lat' dir='ltr'><strong>est,</strong></span> <span class='ocrx_word' id='word_1_883' title='bbox 3132 5568 3275 5624; x_wconf 85' lang='lat' dir='ltr'><strong>quas</strong></span> <span class='ocrx_word' id='word_1_884' title='bbox 3291 5552 3385 5622; x_wconf 86' lang='lat' dir='ltr'><strong>qui</strong></span> 
     </span>
    </p>
   </div>
   <div class='ocr_carea' id='block_1_114' title="bbox 1813 5645 3382 5718">
    <p class='ocr_par' dir='ltr' id='par_1_114' title="bbox 1813 5645 3382 5718">
     <span class='ocr_line' id='line_1_115' title="bbox 1813 5645 3382 5718; baseline -0.005 -10"><span class='ocrx_word' id='word_1_885' title='bbox 1813 5652 1882 5710; x_wconf 91' lang='lat' dir='ltr'><strong>ab</strong></span> <span class='ocrx_word' id='word_1_886' title='bbox 1916 5650 2011 5707; x_wconf 92' lang='lat' dir='ltr'><strong>illo</strong></span> <span class='ocrx_word' id='word_1_887' title='bbox 2047 5648 2376 5714; x_wconf 89' lang='lat' dir='ltr'><strong>didicerunt,</strong></span> <span class='ocrx_word' id='word_1_888' title='bbox 2421 5645 2491 5702; x_wconf 87' lang='lat' dir='ltr'><strong>ad</strong></span> <span class='ocrx_word' id='word_1_889' title='bbox 2535 5645 2779 5718; x_wconf 88' lang='lat' dir='ltr'><strong>reliquos</strong></span> <span class='ocrx_word' id='word_1_890' title='bbox 2824 5646 3074 5703; x_wconf 89' lang='lat' dir='ltr'><strong>homines</strong></span> <span class='ocrx_word' id='word_1_891' title='bbox 3101 5646 3382 5702; x_wconf 80' lang='lat' dir='ltr'><strong>attulere:</strong></span> 
     </span>
    </p>
   </div>
  </div>
