3828 6216
441 274 542 329 199

1112 269 1379 326 EUSEBH
1418 269 1898 327 CESARIENSIS
1935 270 2083 327 OPP.
2127 269 2306 324 PARS
2345 270 2407 324 il.
2446 299 2515 310 --
2553 266 3054 324 APOLOGETICA.

3595 268 3698 326 200

434 392 583 462 atqui
611 377 877 462 praecepta
911 397 1068 445 erant
1109 390 1224 444 haec
1252 390 1644 460 philosophicas
1673 391 1814 454 vitae,
1845 404 2008 459 quam

2121 389 2294 442 ἕνεκα.
2338 389 2578 460 Παρῂνει
2627 386 2671 438 δ’
2733 389 2916 450 αὐτοῖς
2968 388 3060 438 καὶ
3107 386 3217 444 τῶν
3271 385 3541 449 Ἰουδαίοις
3592 387 3697 439 ὑπὸ

435 483 543 538 illis
566 483 884 537 describens
923 479 1178 536 dicebat:
1211 505 1228 531 ς
1264 480 1444 535 Nolite
1480 480 1759 550 possidere
1795 494 2012 539 aurum.

434 590 614 645 neque
673 580 959 643 argentum
1005 573 1061 626 in
1104 574 1261 628 zonis
1309 573 1534 634 vestris,
1591 586 1700 626 non
1743 586 1927 640 peram
1958 573 2014 624 in

435 668 520 720 via
542 667 607 730 “,
645 685 664 718 ι
694 674 749 720 et
776 664 878 717 alia
899 663 1190 732 ejusmodi.
1234 663 1455 731 Seipsos
1486 677 1612 716 vero
1639 661 1862 730 jubebat
1888 676 2017 729 pro-

433 758 703 823 videntize,
721 773 842 828 quas
866 758 1048 814 omnia
1067 758 1354 826 gubernat,
1372 755 1837 817 commendantes,
1863 763 1917 808 et
1947 753 2013 807 ad

435 851 582 905 illam
615 850 932 913 referentes,
976 865 1246 920 nusquam
1279 851 1550 904 sollicitos
1588 863 1712 902 esse
1745 846 1811 901 de
1847 847 2013 900 rebus

433 944 785 999 necessariis.
811 943 1152 996 Admonebat
1189 943 1354 996 etiam
1396 957 1512 1004 eos,
1554 947 1613 993 ut
1649 941 1814 994 altius
1851 954 2011 1008 sape-

435 1045 558 1091 rent
606 1039 713 1103 iis,
756 1054 878 1107 quan
908 1035 1112 1092 Judzeis
1161 1053 1190 1091 a
1233 1036 1383 1091 Mose
1427 1041 1698 1106 praecepta
1743 1034 1959 1088 fuerant
1996 1048 2008 1081 :

439 1130 764 1198 110illum
783 1129 926 1182 enim
959 1131 1129 1199 legem
1154 1129 1264 1184 illis
1298 1127 1568 1198 posuisse,
1602 1141 1712 1180 non
1739 1125 2008 1189 occidere,

434 1231 694 1291 tanquam
743 1221 1083 1291 proelivibus
1137 1221 1204 1274 ad
1258 1219 1617 1274 occidendum
1660 1236 1674 1272 :
1724 1220 1848 1271 item
1901 1232 2009 1270 non

433 1311 720 1373 mrechari,
773 1321 1030 1380 tanquam
1071 1311 1138 1365 iis
1179 1310 1272 1380 qui
1317 1308 1691 1371 lascivissimi,
1744 1317 1908 1376 atque
1956 1307 2011 1360 in

433 1403 712 1457 libidinem
756 1402 1173 1472 propensissimi
1203 1410 1405 1456 essent.
1443 1401 1655 1457 Rursus
1684 1414 1790 1453 non
1817 1397 2008 1460 furari,

431 1502 692 1563 tanquam
733 1496 932 1550 servile
962 1494 1198 1548 maxime
1238 1494 1515 1563 ingenium
1545 1507 1656 1563 prae
1694 1506 1754 1546 se
1783 1489 2011 1545 ferenti-

431 1588 554 1642 bus.
588 1588 742 1656 Ipsos
777 1589 910 1641 vero
957 1595 1213 1656 oportere
1263 1585 1543 1646 arbitrari,
1596 1584 1694 1638 has
1734 1583 1838 1638 sibi
1877 1581 2011 1652 ipsis

430 1693 700 1748 nusquam
729 1693 853 1734 esse
886 1678 1321 1732 accommodatas
1354 1677 1520 1746 leges,
1557 1676 1654 1729 sed
1684 1673 1850 1728 animi
1879 1673 2012 1726 libe-

2118 481 2394 544 Μωῦσέως
2446 479 2914 550 παρηγγελμένων
2974 479 3256 551 κρείττονα
3305 482 3541 552 φρονεῖν.
3595 479 3698 534 Τὸν

2122 572 2219 642 μὲν
2263 571 2392 643 γάρ,
2428 565 2515 624 οἷα
2545 571 2856 642 προχείροις
2885 573 2965 634 είς
2993 571 3369 642 ἀνδροφονίας,
3404 574 3700 644 νομοθετῆ-

2119 680 2207 715 σαι
2242 663 2317 734 μὴ
2346 662 2616 732 φονεύεινο
2653 663 2913 726 ὡσαύτως
2939 663 2996 715 δὲ
3030 664 3124 716 καὶ
3169 663 3243 735 μὴ
3278 664 3570 735 μοιχεύειν,
3611 661 3700 719 οἷα

2117 754 2526 823 λαγνιστάτοις,
2568 755 2660 807 καὶ
2705 755 3219 826 καταφερεστάτοις.
3262 759 3371 811 Καὶ
3415 755 3482 812 αὖ
3538 759 3700 813 πάλιν

2120 848 2195 920 μὴ
2226 847 2500 911 κλέπτειν,
2528 843 2616 900 οἷα
2647 847 3218 920 δουλοπρεπεστάτοις.
3253 851 3462 914 Αὐτοὺς
3493 851 3550 905 δὲ
3587 852 3700 905 δεῖν

2114 939 2337 1002 τούτους
2382 939 2478 1009 μὲν
2514 939 2763 1010 ἡγεῖσθαι
2806 939 2880 1010 μὴ
2914 941 3210 1011 προσήκειν
3247 942 3430 1005 αὑτοῖς
3459 944 3584 1006 τοὺς
3611 945 3700 997 νό-

2118 1047 2274 1101 μους,
2309 1029 2370 1082 τὸ
2402 1030 2444 1082 δ’
2473 1029 2680 1094 ἀπαθὲς
2708 1031 2806 1100 τῆς
2837 1030 3017 1101 ψυχῆς
3041 1033 3167 1102 περὶ
3191 1030 3384 1084 πολλοῦ
3419 1035 3698 1104 προτιμᾷν

2116 1123 2355 1178 κάτωθεν
2390 1125 2454 1177 ὲκ
2477 1123 2671 1193 βάθους
2692 1123 2857 1192 αὐτῆς
2882 1121 3138 1186 διανοίας,
3164 1122 3352 1194 ὥσπερ
3377 1123 3484 1176 ἀπὸ
3507 1123 3695 1193 ῥιζῶν,

2113 1216 2181 1269 τά
2196 1217 2294 1286 τῆς
2318 1216 2514 1278 κακίας
2537 1215 2940 1285 ἀποτέμνοντας
2959 1213 3158 1285 βλαστή
3169 1232 3328 1284 μάται’
3351 1217 3444 1268 καὶ
3473 1220 3697 1286 κρατεῖν

2117 1309 2213 1378 μὲν
2241 1307 2410 1379 ὀργῆς
2445 1307 2539 1360 καὶ
2570 1307 2750 1376 πάσης
2791 1308 3022 1378 αἰσχρᾶς
3055 1306 3351 1376 ἐπιθυμίας
3378 1307 3694 1377 πειρᾶσθαι,

2116 1399 2314 1470 μᾶλλον
2355 1400 2411 1452 δὲ
2465 1400 2597 1469 μηδὲ
2645 1399 2959 1470 ὀργίζεσθαι
3005 1399 3072 1451 δι’
3103 1399 3279 1469 ἄκραν
3323 1398 3501 1468 ψυχῆς
3553 1399 3701 1450 ἀπά-

2114 1490 2286 1558 θειαν,
2338 1491 2472 1562 μηδὲ
2525 1491 2885 1562 προσϐλέπειν
2932 1494 3164 1558 γυναῖκα
3218 1490 3352 1560 μετά
3403 1490 3700 1560 ἐπιθυμίας

2112 1582 2441 1636 ἀκολάστου·
2496 1583 2630 1654 μηδὲ
2687 1582 2959 1647 κλέπτειν,
3007 1582 3316 1634 τούναντίον
3361 1583 3438 1644 δὲ,
3489 1585 3583 1634 καὶ
3630 1583 3703 1635 τὰ

2112 1676 2285 1726 οἰκεῖα
2315 1673 2601 1744 προΐεσθαι
2651 1675 2763 1734 τοῖς
2807 1672 3115 1742 δεομένοις·
3163 1671 3298 1724 ἀλλά
3328 1673 3463 1744 μηδὲ
3497 1672 3704 1742 σεμνύ-

430 1771 697 1823 rationern
730 1770 798 1823 ab
819 1769 969 1823 omni
1002 1769 1192 1822 morbo
1230 1768 1451 1838 plurimi
1478 1767 1678 1830 facere,
1711 1773 1766 1821 et
1789 1766 1858 1820 ab
1886 1766 2008 1818 imis

2121 1764 2296 1817 νεσθαι
2320 1767 2410 1818 ἐπὶ
2439 1764 2516 1834 τῷ
2551 1763 2625 1835 μὴ
2659 1766 3003 1835 ἀποστερεῖν,
3031 1763 3142 1816 ἀλλ’
3168 1765 3263 1816 ἐπὶ
3293 1765 3371 1834 τῷ
3399 1764 3526 1827 τοὺς
3555 1765 3704 1832 σφᾶς

431 1862 680 1930 partibus
700 1878 762 1916 ac
793 1861 862 1916 de
891 1860 1162 1931 profundo
1186 1861 1556 1930 cogitationis,
1579 1867 1837 1928 tanquam
1862 1873 1892 1910 a
1922 1874 2010 1911 ra—

429 1953 648 2009 dicibus
699 1953 966 2006 malitiam
1012 1953 1370 2022 pullulantem
1421 1967 1705 2017 resecare,
1762 1952 2010 2020 iramque

429 2051 596 2115 alente
625 2059 844 2098 omnem
872 2043 1058 2099 minus
1093 2043 1380 2097 honestam
1411 2041 1764 2111 cupiditatem
1790 2042 2010 2095 vincere

433 2137 708 2200 coronari,
745 2151 809 2189 ac
839 2136 1022 2205 potius
1057 2151 1120 2190 ex
1161 2149 1375 2190 summa
1413 2136 1577 2188 animi
1617 2134 2011 2204 tranquillitate

444 2243 512 2280 ne
541 2226 700 2281 irasci
725 2226 964 2295 quidem,
991 2240 1169 2294 neque
1197 2225 1480 2279 mulierem
1514 2239 1638 2278 cum
1672 2225 1898 2278 libidine
1926 2224 2010 2276 in-

443 2319 603 2381 tueri,
635 2333 699 2372 ac
747 2333 854 2372 non
885 2317 1046 2371 modo
1103 2332 1210 2370 non
1263 2315 1459 2382 furari,
1508 2315 1603 2370 sed
1653 2323 1877 2380 contra,
1921 2331 2010 2368 res

439 2412 602 2466 etiam
629 2425 760 2464 suas
795 2409 1163 2479 indigentibus
1194 2423 1442 2477 erogare.
1466 2405 1653 2476 Neque
1692 2423 1820 2461 vero
1852 2407 1906 2460 in
1944 2420 2011 2459 eo

437 2502 682 2573 gloriari,
733 2500 877 2570 quod
921 2500 1096 2554 aliena
1140 2499 1283 2553 inter
1324 2515 1384 2554 se
1423 2515 1533 2553 non
1583 2498 1880 2562 auferrent,
1915 2499 2010 2554 sed

432 2593 577 2662 quod
621 2592 724 2655 eis,
765 2591 857 2662 qui
905 2606 966 2645 se
1006 2589 1167 2659 primi
1220 2589 1572 2659 spoliassent,
1616 2605 1830 2644 omnem
1863 2589 2009 2657 inju-

430 2683 571 2737 riam
595 2682 950 2735 remitterent.
973 2679 1038 2732 Et
1063 2681 1194 2749 quid
1225 2695 1366 2750 opus
1401 2689 1486 2735 est
1514 2695 1599 2734 me
1633 2679 1815 2732 omnia
1855 2693 2011 2746 repe-

430 2784 567 2836 tere,
603 2786 944 2843 quaacunque
973 2778 1068 2825 aut
1100 2771 1189 2826 ille
1213 2772 1422 2837 docuit,
1445 2779 1539 2825 aut
1562 2770 1638 2824 illi
1667 2769 2011 2823 didicerunt?

431 2881 558 2920 nam
591 2873 785 2935 ιιι-αξιοι*
807 2871 1027 2926 caetera,
1053 2864 1177 2918 illos
1204 2865 1277 2917 ita
1295 2865 1578 2918 veritatem
1612 2861 1865 2932 amplecti
1888 2861 2011 2916 hor-

427 2957 673 3020 tabatur,
711 2963 769 3010 ut
801 2971 868 3010 ne
909 2955 1033 3024 jure
1061 2955 1279 3025 quidem
1307 2955 1546 3024 jurando
1590 2954 1918 3025 indigerent,
1947 2969 2010 3009 ac

427 3050 600 3104 multo
633 3047 854 3119 quidem
893 3047 1076 3102 minus
1107 3046 1372 3116 perjurio.
1418 3048 1497 3099 lta
1531 3062 1661 3101 vero
1692 3062 1752 3102 se
1807 3047 1916 3101 vita
1945 3062 2012 3101 ac

428 3140 674 3196 moribus
705 3152 1044 3208 comparare,
1086 3147 1141 3192 ut
1192 3138 1338 3208 quod
1369 3138 1634 3203 dicerent,
1678 3139 1829 3194 omni
1856 3139 2008 3208 jure-
2037 3123 2078 3178 C

424 3233 661 3304 jurando
690 3234 898 3286 certius
934 3231 1249 3292 haberetur,
1277 3233 1692 3300 progredientes
1720 3232 1788 3286 ad
1818 3233 1870 3286 id
1913 3249 2009 3287 us-

429 3340 538 3394 que
587 3321 856 3379 sermonis
887 3329 944 3374 ut
977 3337 1074 3390 pro
1103 3321 1460 3376 aﬂirmatione
1499 3323 1762 3392 dicerent,
1789 3323 1964 3377 Etiam
1991 3343 2004 3378 :

427 3432 528 3486 pro
555 3417 864 3486 negatione,
891 3413 1010 3468 Non
1041 3433 1054 3467 :
1086 3422 1141 3468 et
1169 3431 1290 3468 cum
1328 3416 1552 3470 veritate
1579 3416 1892 3485 hujusmodi
1916 3432 2011 3470 vo.

429 3510 588 3563 cibus
616 3516 923 3562 uterentur.
954 3507 1360 3576 lnterrogemus
1387 3507 1574 3577 igitur,
1611 3523 1774 3577 quam
1808 3507 2006 3576 proba-

432 3603 699 3657 bilitatem
741 3600 961 3663 habeat,
986 3598 1176 3652 talium
1210 3597 1666 3652 documentorum
1703 3599 2003 3662 auditores,

431 3708 496 3747 ac
519 3695 698 3763 potius
717 3692 828 3762 jam
859 3690 1150 3759 magistros
1166 3688 1408 3752 elfectos,
1429 3689 1697 3758 suspicari
1727 3690 2004 3752 mentitos,

431 3801 771 3856 quaecunque
807 3798 967 3839 suum
1013 3790 1402 3852 praeceptorem
1444 3779 1692 3836 eﬂecisse
1729 3781 2007 3836 testilicati

433 3875 598 3932 sunt?
627 3883 720 3928 aut
750 3889 913 3944 quam
948 3871 1284 3928 credibiliter
1324 3871 1548 3936 faciant,
1587 3871 1634 3926 si
1669 3879 1862 3941 putent
1885 3871 2006 3928 illos

431 3983 623 4022 omnes
656 3965 759 4020 sibi
788 3966 929 4018 inter
960 3979 1020 4019 se
1045 3963 1396 4019 consensisse
1427 3964 1483 4016 in
1515 3961 1835 4016 mendacio?
1866 3961 2006 4015 duo-

2109 1863 2433 1930 ἀποστερεῖν
2488 1859 2970 1931 προηγουμένους,
3025 1856 3422 1926 ἀμνησικάκως
3484 1857 3698 1926 φέρειν.

2111 1951 2220 2003 Καὶ
2261 1951 2313 2002 τί
2355 1967 2421 2020 με
2471 1952 2576 2022 χρὴ
2626 1951 2953 2016 συναγαγεῖν
3002 1948 3161 2001 πάνθ’
3201 1949 3300 2000 ὅσα
3327 1949 3355 1999 ὁ
3393 1948 3488 2017 μὲν
3519 1947 3704 2000 ἐδίδα-

2113 2060 2259 2108 σκεν,
2295 2045 2344 2096 οἱ
2383 2043 2427 2095 δ’
2477 2042 2778 2112 ἐμάνθανον
2805 2059 2818 2106 ;
2849 2041 3081 2112 παρῄνει
3121 2040 3166 2093 δ’
3203 2041 3385 2102 αὐτοῖς
3417 2040 3555 2110 πρὸς
3582 2041 3704 2101 τοῖς

2110 2137 2287 2198 ἄλλοις
2331 2136 2432 2205 τῆς
2462 2134 2717 2205 ἀληθείας
2762 2133 2934 2196 οὕτως
2982 2133 3222 2204 ἔχεσθαι,
3257 2133 3332 2195 ὡς
3376 2133 3500 2202 μηδ’
3537 2133 3704 2203 εὐορ-

2111 2228 2236 2290 κίας
2277 2227 2505 2290 δεῖσθαι,
2543 2225 2739 2279 πολλοῦ
2780 2225 2862 2278 δεῖ
2898 2228 3200 2297 ἐπιορκεῖν·
3253 2224 3703 2296 παρασκευάζειν

2109 2319 2166 2371 δὲ
2197 2319 2287 2370 τὸν
2331 2319 2531 2388 τρόπον
2579 2318 2778 2381 παντὸς
2817 2319 2981 2388 ὅρκου
3027 2317 3343 2387 πιστότερον
3387 2315 3700 2384 φαίνεσθαι,

2115 2411 2275 2482 μέχρι
2318 2410 2412 2462 τοῦ
2445 2409 2551 2463 Ναὶ
2583 2410 2680 2464 καὶ
2731 2411 2825 2462 τοῦ
2861 2407 2936 2462 Οὓ
2977 2409 3308 2480 χωροῦντας,
3343 2409 3440 2461 σὺν
3467 2406 3704 2478 ἀληθεία

2111 2507 2222 2565 τοῖς
2273 2503 2480 2572 ῥήμασι
2525 2501 2858 2571 χρωμένους.
2900 2500 3170 2552 Πευστέον
3211 2499 3414 2561 τοίνυν,
3460 2498 3586 2550 τίνα
3634 2497 3703 2550 ἂν

2111 2593 2224 2664 ἔχοι
2261 2593 2419 2661 λόγον
2455 2592 2583 2654 τοὺς
2617 2590 2724 2644 τῶν
2775 2592 2986 2645 τοιωνδὶ
3025 2592 3322 2664 ἀκροατᾲς,
3355 2591 3456 2660 ἤδη
3499 2590 3559 2642 δὲ
3603 2592 3704 2643 καὶ

2110 2681 2456 2742 διδασκάλους
2493 2679 2601 2733 τῶν
2633 2679 2811 2732 αὐτῶν
2848 2679 3050 2748 φύντας
3082 2680 3444 2750 μαθημάτων,
3478 2679 3701 2732 πεπλά-

2114 2773 2235 2826 σθαι
2287 2774 2564 2837 ὑπονοεῖν,
2615 2772 2714 2824 ὄσα
2769 2771 3168 2842 διαπράξασθαι
3224 2771 3314 2824 τὸν
3375 2770 3703 2824 διδάσκαλον

2113 2862 2518 2935 ἐμαρτύρησαν.
2549 2862 2612 2914 Τί
2653 2862 2710 2915 δὲ
2735 2863 2795 2915 τὸ
2829 2863 3054 2916 πιθανὸν
3081 2863 3174 2916 τοῦ
3205 2863 3446 2934 νομίζειν
3471 2863 3704 2933 superda-

2113 2972 2217 3018 νως
2253 2954 2498 3017 ἅπαντας
2541 2953 2863 3024 ψεύσασθαι,
2908 2954 3119 3008 δώδεκα
3163 2954 3323 3017 ὄντας
3348 2955 3438 3007 τὸν
3461 2954 3704 3026 ἀριθμὸν

2111 3047 2236 3108 τοὺς
2277 3043 2583 3114 ἐκκρίτους,
2630 3043 3000 3114 ἐϐδομήκοντα
3039 3043 3094 3095 δὲ
3139 3044 3266 3105 τοὺς
3303 3041 3558 3106 λοιπούς;
3601 3039 3704 3104 οὓς

2113 3140 2206 3192 καὶ
2227 3137 2542 3190 ἀποστεῖλαι
2562 3136 2778 3204 λέγεται
2807 3135 2912 3188 ἀνὰ
2942 3135 3032 3187 δύο
3058 3135 3164 3206 πρὸ
3188 3134 3481 3206 προσώπου
3507 3135 3701 3198 αὑτοῦ,

2114 3231 2193 3291 εἰς
2227 3227 2402 3280 πάντα
2430 3225 2593 3278 τόπον
2621 3225 2714 3277 καὶ
2745 3222 2928 3295 χώραν
2965 3217 3024 3276 οὗ
3074 3223 3296 3294 ἔμελλεν
3342 3223 3506 3286 αὐτὸς
3543 3222 3706 3293 ἔρχει

2115 3317 2258 3370 σθαι.
2316 3315 2456 3368 Ἀλλ’
2490 3315 2664 3378 οὐδεὶς
2707 3316 2850 3385 αἱρεῖ
2877 3313 3030 3382 λόγος
3081 3312 3424 3366 ἀπιστεῖσθαι
3472 3313 3706 3365 τοσοῦτο

2117 3405 2320 3476 πλῆθος
2369 3404 2580 3476 ἀνδρῶν
2612 3404 2810 3474 εὐσεϐῆ
2844 3405 2936 3457 καὶ
2965 3405 3160 3473 σεμνὸν
3209 3404 3320 3474 βίον
3370 3404 3705 3473 ἀσπασαμέ-

2117 3516 2244 3562 νων,
2280 3497 2374 3552 καὶ
2426 3499 2644 3550 πάντων
2701 3495 2796 3567 μὲν
2835 3497 2944 3548 τῶν
2992 3496 3204 3550 οἰκείων
3239 3496 3702 3567 ὠλιγωρηκότων,

2114 3593 2234 3645 ἀντὶ
2262 3591 2318 3644 δὲ
2353 3590 2461 3642 τῶν
2499 3589 2790 3658 φιλτάτων,
2827 3589 3086 3658 γυναικὸς
3127 3587 3289 3656 λέγω,
3335 3588 3427 3640 καὶ
3464 3587 3703 3649 παίδων,

2115 3686 2208 3737 καὶ
2233 3684 2434 3747 παντὸς
2473 3682 2687 3750 γένους,
2718 3682 2807 3733 τὸν
2852 3681 3136 3751 ἀκτήμονά
3169 3681 3368 3751 τρόπον
3402 3680 3704 3750 ἑλομένων,

2116 3776 2211 3830 καὶ
2239 3776 2338 3847 τὴν
2377 3777 2504 3846 περὶ
2541 3773 2634 3827 τοῦ
2674 3772 2995 3827 διδασκάλου
3029 3773 3332 3843 μαρτυρίαν
3383 3771 3702 3843 σύμφωνον,

2111 3867 2187 3932 ὡς
2215 3870 2306 3936 ἀφ’
2333 3868 2452 3930 ἐνὸς
2491 3867 2776 3937 στόματος,
2812 3867 2892 3928 εἰς
2915 3865 3124 3928 πάντας
3153 3863 3476 3936 ἀνθρώπους
3510 3864 3706 3934 ἐξενη-

2114 3977 2366 4030 νοχοτων.

433 4058 608 4112 decim
639 4056 856 4126 quidem
899 4055 968 4111 de
1007 4057 1157 4110 omni
1208 4069 1437 4109 numero
1462 4055 1690 4118 electos,
1723 4055 2065 4124 septuaginta
2109 4064 2288 4107 autem
2317 4053 2600 4122 reliquos?
2639 4053 2789 4118 Quos
2822 4052 2984 4105 etiam
3021 4049 3181 4104 binos
3230 4050 3450 4104 misisse
3493 4049 3705 4104 dicitur

435 4159 560 4204 ante
591 4148 782 4202 faciem
813 4163 990 4213 suam,
1023 4146 1091 4200 ad
1133 4161 1350 4200 omnem
1404 4147 1582 4200 locum
1617 4155 1672 4201 et
1698 4148 1998 4217 regionem,
2035 4161 2146 4214 quo
2172 4154 2291 4201 erat
2317 4147 2434 4216 ipse
2491 4154 2778 4201 venturus.
2806 4143 2911 4198 Sed
2945 4143 3095 4196 nulla
3130 4157 3374 4211 unquam
3437 4142 3710 4196 afferetur

436 4243 595 4305 ratio,
625 4256 796 4310 quare
830 4248 994 4294 tantae
1035 4239 1370 4293 multitudini
1403 4240 1684 4293 hominum
1734 4241 2068 4295 credendum
2110 4257 2220 4295 non
2262 4242 2355 4304 sit,
2389 4240 2483 4310 qui
2521 4238 2742 4309 quidem
2790 4236 3102 4306 religiosam
3156 4248 3489 4304 gravemque
3528 4233 3706 4286 vitam

435 4334 667 4404 amplexi
709 4333 839 4396 sint,
899 4347 1096 4401 resque
1142 4347 1334 4386 omnes
1393 4349 1523 4387 suas
1560 4334 1857 4402 aspernati,
1884 4345 1938 4390 et
1968 4351 2069 4404 pro
2102 4335 2464 4397 charissimis,
2501 4348 2692 4394 uxore,
2727 4331 2978 4401 inquam,
3011 4335 3066 4383 et
3114 4328 3308 4383 liberis
3339 4337 3394 4382 et
3424 4329 3582 4381 omni
3611 4343 3710 4396 ge-

434 4441 584 4486 nere,
628 4426 843 4493 inopem
877 4424 1083 4478 victum
1125 4424 1407 4492 elegerint,
1428 4439 1493 4480 ac
1521 4424 1590 4480 de
1616 4441 1718 4480 suo
1751 4436 2085 4497 praeceptore
2117 4443 2351 4482 concors
2384 4425 2776 4488 testimonium,
2814 4431 3073 4492 tanquam
3106 4437 3217 4474 uno
3259 4435 3374 4484 ore,
3405 4419 3462 4473 in
3507 4435 3711 4475 omnes

433 4520 680 4579 homines
711 4517 1054 4586 protulerint.

501 4609 762 4680 Princeps
785 4610 950 4680 igitur
975 4609 1089 4663 haec
1115 4619 1167 4664 et
1190 4611 1364 4680 prima
1382 4618 1437 4664 et
1465 4627 1591 4666 vera
1610 4612 1682 4667 sit
1710 4613 1873 4668 ratio.
1902 4610 2009 4667 Sed
2046 4619 2088 4673 D

431 4703 761 4757 contrariam
790 4717 1008 4772 quoque
1047 4712 1356 4771 spectemus
1391 4723 1403 4758 :
1441 4706 1494 4758 in
1525 4719 1630 4773 qua
1668 4705 1859 4759 saltem
1890 4704 2007 4774 pri-

432 4810 580 4848 mum
598 4794 730 4849 illud
747 4802 980 4860 constet,
996 4793 1264 4862 nobisque
1278 4810 1400 4848 cum
1423 4796 1531 4850 illis
1543 4796 2008 4859 conveniat,hunc

432 4889 651 4960 quidem
697 4887 866 4944 fuisse
911 4899 1322 4960 pmceptorem,
1362 4890 1484 4944 illos
1530 4907 1658 4945 vero
1682 4891 2003 4961 discipulos.

440 4979 595 5047 111
625 4977 828 5032 Deinde
852 4980 1121 5048 fingamus
1150 4979 1300 5032 illum
1339 4995 1445 5034 non
1470 4996 1533 5034 ca
1565 4996 1686 5051 qua:
1713 4981 1826 5051 jam
1859 4982 2005 5035 dicta

435 5078 585 5133 sunt,
614 5069 888 5134 docuisse,
911 5070 1006 5124 sed
1041 5071 1148 5125 illis
1187 5071 1346 5140 plane
1383 5073 1664 5126 contraria
1696 5073 1898 5139 facere,
1919 5075 2006 5127 vi-

433 5163 631 5218 delicet
653 5171 844 5216 contra
874 5163 1038 5232 leges,
1073 5162 1237 5232 impie
1267 5162 1574 5233 injusteque
1633 5180 1814 5234 agere,
1851 5181 2014 5234 supe-

433 5270 579 5317 rare,
611 5255 843 5322 spoliare
891 5261 1136 5319 caeteros,
1165 5261 1220 5308 et
1253 5255 1298 5308 si
1349 5256 1478 5323 quid
1516 5255 1698 5324 aliud,
1763 5256 1908 5326 quod
1946 5257 2011 5310 ad

435 5344 696 5398 malitiam
733 5343 1022 5412 pertineat,
1049 5343 1156 5398 dici
1187 5352 1366 5414 potest
1399 5361 1413 5398 :
1448 5345 1615 5398 latere
1659 5357 1840 5399 autem
1876 5345 2014 5400 iniis

442 5431 700 5486 omnibus
757 5432 969 5496 conari,
1024 5441 1074 5488 et
1105 5434 1378 5502 ejusmodi
1435 5449 1615 5488 mores
1668 5434 2016 5488 simulatione

435 5523 702 5579 doctrina:
723 5523 1012 5595 gravioris,
1043 5533 1096 5581 et
1119 5541 1260 5582 nova
1289 5525 1634 5598 professione
1668 5526 1893 5597 pietatis
1914 5525 2014 5579 ob—-

507 5681 552 5712 "
579 5677 710 5735 Luc.
742 5694 796 5744 ι,
828 5679 880 5732 ι.

2196 4605 2254 4658 'U
2319 4605 2415 4676 μὲν
2479 4598 2570 4656 οὖν
2633 4602 2820 4674 κύριος
2890 4601 2985 4654 καὶ
3046 4599 3262 4668 πρῶτος
3326 4598 3421 4652 καὶ
3491 4600 3710 4672 ἀληθὴς

2111 4699 2268 4768 λόγος
2322 4699 2407 4769 εἴη
2453 4697 2520 4750 ἃν
2571 4691 2744 4758 οὗτος.
2791 4691 3128 4762 Σκεψώμεθα
3169 4691 3226 4744 δὲ
3272 4691 3366 4744 καῖ⁵
3405 4691 3498 4744 τὸν
3549 4694 3711 4746 ἐνανα

2111 4791 2245 4845 τίον.
2296 4791 2476 4843 Ἔστω
2518 4788 2626 4858 γὰρ
2668 4789 2696 4840 ὁ
2751 4786 2849 4857 μὲν
2894 4784 3233 4848 διδάσκαλος,
3263 4785 3313 4836 οἱ
3345 4783 3402 4836 δὲ
3435 4783 3708 4856 μαθηταί.

2112 4879 2226 4936 Εἶθ’
2255 4882 2330 4944 ὡς
2363 4881 2421 4933 ὲν
2439 4877 2692 4932 ὑποθέσει
2725 4877 2905 4946 λόγου,
2941 4877 2968 4928 ὁ
2993 4874 3090 4946 μὲν
3115 4874 3188 4946 μὴ
3209 4874 3278 4927 τὰ
3294 4873 3712 4946 προλελεγμένα

2111 4973 2426 5036 διδασκέτω,
2474 4971 2542 5023 τὰ
2587 4969 2632 5020 δ’
2667 4968 2894 5030 ἐκείνοις
2950 4966 3188 5029 ἐναντία,
3233 4970 3582 5036 παρανομεῖν
3616 4968 3712 5038 δη-

2111 5067 2262 5138 λαδὴ,
2298 5067 2393 5119 καὶ
2426 5063 2663 5126 ἀσεϐεῖν,
2699 5061 2793 5114 καὶ
2827 5060 3050 5121 ἀδικεῖν,
3080 5060 3174 5112 καὶ
3201 5057 3572 5124 πλεονεκτεῖν,
3613 5064 3712 5115 καὶ

2107 5159 2447 5228 ἀποστερεῖν,
2484 5155 2574 5208 καὶ
2606 5154 2657 5206 εί
2689 5171 2741 5205 τι
2779 5152 2966 5223 ἓτερον
3000 5150 3169 5203 κακὸν
3212 5148 3427 5217 λέγοιτο
3449 5167 3461 5178 ·
3497 5149 3711 5204 λανθά-

2107 5267 2218 5302 νειν
2269 5250 2313 5302 δ’
2357 5248 2449 5300 ἐπὶ
2501 5248 2634 5298 πᾶσι
2687 5245 2896 5307 τούτοις
2945 5240 3288 5304 σπουδάζειν,
3330 5241 3427 5294 καὶ
3468 5241 3532 5294 τὸ
3575 5238 3713 5313 ἦθος

2110 5341 2233 5412 μάλ’
2259 5339 2474 5408 εὐφυῶς
2523 5334 2953 5408 ἐπικρύπτεσθαι
3001 5333 3349 5404 προσχήματι
3381 5331 3597 5402 σεμνῆς
3634 5333 3712 5385 δι-

2106 5431 2404 5494 δασκαλίας
2456 5430 2551 5481 καὶ
2587 5428 2870 5489 εὐσεϐείας
2916 5423 3218 5494 ἐπαγγελίᾳ
3267 5423 3482 5492 καινῆς.
3533 5424 3605 5476 Οἱ
3659 5423 3714 5476 δὶ

2106 5522 2278 5578 ταῦτα
2311 5519 2782 5593 μετερχέσθωσαν,
2827 5519 2923 5571 κα)⁸
2968 5515 3036 5569 τὰ
3069 5514 3276 5569 τούτων
3310 5513 3392 5568 ἔτι
3421 5513 3713 5586 μοχθηρό-
