3846 6214
207 331 313 386 201

1137 318 1800 380 DEMONSTBATIONIS
1838 316 2297 374 EVANGELIC.‘E
2339 316 2468 372 LIB.
2507 313 2597 371 Ill.

3371 319 3481 377 202

207 458 368 512 τερα,
402 440 494 494 διὰ
526 441 588 494 τὸ
633 439 872 511 προαλὲς
913 439 1016 509 τῆς
1051 441 1251 504 κακίας
1292 439 1388 494 καὶ¹
1427 437 1809 492 αὐτοδίδακτον

1914 443 2110 505 legere.
2154 435 2264 504 Ipsi
2316 449 2446 490 vero
2485 434 2742 504 discipuli
2790 443 2844 488 et
2896 434 2984 490 his
3004 443 3385 504 exerceantur,
3425 449 3480 495 et

207 532 412 603 αὐτῆς·
455 532 553 584 ἐπὶ
597 531 740 602 μέγα
782 531 839 583 δὲ
881 531 1137 593 πλαστοῖς
1182 531 1422 601 ῥήμασιν
1470 528 1805 600 ἐπαιρόντων

206 625 302 678 τὸν
333 623 676 686 διδάσκαλον,
722 622 953 693 μηδενὸς
983 620 1212 691 ψευδοῦς
1259 619 1562 691 φειδόμενοι
1602 619 1762 686 λόγου
1786 633 1801 647 °

207 715 392 768 πάντα
423 714 483 767 δὲ
504 713 657 783 αὑτῷ
689 713 759 766 τὰ
793 712 1070 785 παράδοξα
1103 713 1197 766 καὶ
1230 713 1330 775 τὰς
1361 710 1806 782 θαυματουργίας

207 806 614 876 πεπλασμένως
644 804 1082 876 ἐπιγραφόντων,
1116 805 1193 868 ὡς
1230 803 1295 857 ἂν
1329 803 1692 874 θαυμάζοιντο
1711 803 1806 856 καὶ

207 901 385 964 αὐτοὶ,
428 898 531 952 καὶ⁸
568 896 973 970 μακαρίζοιντο,
1010 893 1098 950 οἷα
1135 897 1372 968 μαθηταὶ
1411 895 1618 950 τοιοῦδε
1649 895 1804 964 γενέ-

207 991 331 1044 σθαι
365 989 686 1060 ἠξιωμένοι.
730 989 872 1060 Φέρε
905 985 999 1042 οὖν
1034 989 1255 1059 ἴδωμεν,
1295 991 1344 1041 εί
1381 987 1610 1041 τοιοῖσδε
1655 982 1805 1040 οὖσιν

204 1083 398 1146 αὑτοῖς
444 1081 709 1151 συστῆναι
750 1078 864 1133 οἷόν
901 1097 962 1134 τε
997 1076 1068 1152 ἦν
1113 1081 1175 1134 τὸ
1221 1080 1579 1152 ἐπιχείρημα.
1632 1077 1806 1148 Κακῷ

201 1173 272 1246 δὴ
302 1173 478 1227 κακὸν
502 1172 564 1227 οῦ
591 1189 755 1243 φασιν
783 1168 924 1225 εἶναι
952 1172 1127 1241 φίλον,
1161 1171 1279 1225 ἀλλ’
1310 1171 1430 1225 οὐδὲ
1457 1169 1665 1241 ἀγαθῷ.
1696 1169 1804 1223 Πό-

211 1265 306 1318 θεν
334 1261 431 1319 οὖν
467 1267 526 1318 ἐν
553 1264 749 1336 πλήθει
787 1264 1018 1317 τοσῶνδε
1059 1263 1266 1334 ἀνδρῶν
1291 1265 1324 1334 ἡ
1351 1263 1462 1316 τῶν
1500 1262 1686 1316 κακῶν
1714 1261 1804 1315 εῦ-

212 1373 384 1428 ρηται
420 1357 744 1428 συμφωνία;
780 1355 943 1409 πόθεν
975 1356 1008 1426 ἡ
1039 1353 1300 1426 περὶτῶν
1338 1352 1514 1407 αὐτῶν
1548 1355 1605 1406 ἐν
1639 1355 1804 1408 πᾶσιν

207 1449 402 1512 αὐτοῖς
433 1450 718 1519 ὁμόφωνος
768 1447 1074 1518 μαρτυρία;
1111 1447 1144 1516 ἡ
1193 1445 1353 1516 μέχρι
1401 1444 1629 1498 θανάτου
1673 1447 1804 1515 ὁμο-

204 1538 494 1611 φροσύνης
524 1539 678 1609 ἀνδρὶ
720 1539 777 1592 δὲ
808 1539 964 1608 γόητι
994 1537 1172 1590 τοιάδε
1213 1536 1687 1607 ἐπαγγελλομένῳ,
1717 1537 1803 1600 τίς

204 1631 276 1684 ἆν
327 1630 432 1701 τὴν
482 1629 659 1700 ἀρχὴν
693 1629 967 1700 προσέσχε
1010 1627 1102 1680 τὸν
1152 1626 1312 1693 νοῦν;
1351 1627 1540 1690 Εἴποις
1583 1627 1668 1691 ἂν,
1721 1627 1802 1679 ὅτι

203 1722 408 1792 γόητες
433 1721 591 1774 αὐτοὶ
622 1719 774 1772 οὐδὲν
805 1716 967 1791 ἧττον
995 1718 1088 1771 τοῦ
1132 1716 1442 1789 καθηγητοῦ
1481 1713 1640 1788 ἦσαν.
1674 1713 1801 1788 'Ap‘

202 1808 302 1866 οὖν
334 1811 449 1864 οἵδε
493 1811 556 1864 τὸ
579 1811 732 1872 τέλος
781 1812 844 1862 οὐ
882 1810 1298 1880 συνεωράκεσαν
1329 1809 1423 1862 τοῦ
1461 1809 1800 1873 διδασκάλου,

202 1905 303 1956 καὶ
336 1903 438 1971 οἴῳ
472 1901 710 1972 κέχρητο
748 1900 994 1970 θανάτῳ;
1031 1901 1096 1952 Τί
1131 1900 1266 1970 δῆτα
1303 1896 1396 1954 οῦν
1440 1902 1533 1954 καὶ⁴
1568 1900 1704 1972 μετὰ
1741 1902 1804 1954 τὸ

204 1998 494 2064 αἴσχιστον
535 1996 712 2048 ἐκεῖνο
743 1994 894 2058 τέλος
946 1992 1115 2046 αὑτοῦ
1159 1993 1449 2064 ἐπέμενον,
1481 1994 1572 2048 τὸν
1617 1996 1674 2047 ἐν
1711 2011 1800 2048 νε-

205 2091 365 2158 κροῖς
400 2087 803 2156 θεολογοῦντες,
840 2086 909 2140 τά
943 2086 1034 2139 ἴσα
1086 2085 1308 2148 παθείν;
1342 2087 1452 2138 Καὶ
1480 2087 1563 2150 τίς
1595 2086 1802 2142 πώποτ’

201 2183 294 2233 ἐπ’
323 2180 510 2234 οὐδενὶ
541 2180 687 2251 λόγῳ
716 2180 984 2251 πρόδηλον
1015 2178 1189 2232 ἕλοιτο
1219 2178 1476 2251 τοιαύτην
1499 2182 1799 2252 τιμωρίαν;

204 2274 320 2326 Καὶ
358 2275 470 2344 μὴν
506 2273 740 2326 δεδόσθω
773 2274 937 2344 τιμᾷν
973 2272 1134 2324 αὑτὸν
1175 2273 1398 2327 συνόντα
1433 2273 1510 2325 ἔτι
1544 2273 1635 2326 καὶ
1674 2290 1801 2327 συν-

201 2364 579 2434 διατρίϐοντα,
612 2364 705 2416 καὶ
732 2364 799 2417 δι’
835 2364 1048 2435 ἀπάτης
1081 2364 1294 2429 αὐτοὺς,
1327 2363 1402 2428 ὡς
1429 2365 1496 2419 ἂν
1528 2365 1660 2435 φαίη
1693 2381 1797 2429 τις,

203 2454 637 2508 ἁποπλανῶντα.
671 2456 735 2507 Τί
776 2451 890 2518 οῦν,
925 2456 1006 2508 ὃτι
1055 2456 1149 2508 καὶ
1197 2457 1334 2526 μετὰ
1375 2456 1474 2524 τὴν
1522 2455 1796 2528 τελευτὴν,

201 2546 302 2598 καὶ
343 2545 486 2598 πολὺ
520 2545 721 2616 μᾶλλον
751 2547 872 2599 τότε
915 2547 948 2616 ἦ
984 2547 1246 2618 πρότερον
1271 2547 1435 2600 αὑτὸν
1473 2547 1796 2617 τεθνηκότα,

201 2637 612 2706 τετιμήκασιν;
638 2636 762 2688 ἐπεὶ
828 2637 924 2690 σὺν
958 2635 1266 2706 ἀνθρώποις
1295 2636 1524 2706 μένοντα
1552 2637 1799 2705 λέγονται

201 2729 302 2780 καὶ
336 2727 695 2799 άπηρνῆσθαί
731 2745 880 2791 ποτε,
915 2730 1004 2782 ὅτε
1039 2730 1190 2800 αὐτῷ
1219 2731 1287 2784 τὰ
1325 2731 1426 2801 τῆς
1468 2747 1531 2798 γε
1573 2730 1796 2784 ἐπιδου-

200 2819 306 2888 λῆς
334 2819 707 2891 ἐσκευώρητα
740 2821 891 2875 Μετὰ
921 2822 977 2876 δὲ
1009 2822 1071 2876 τὸ
1099 2824 1158 2890 ἐξ
1191 2820 1493 2892 ἀνθρώπων
1525 2822 1795 2890 γενέσθαι,
1826 2826 1833 2832 ”

198 2902 466 2978 ἀσμένως
491 2911 648 2962 αὐτοὶ
675 2909 926 2981 θνήσκειν
962 2913 1161 2982 μᾶλλον
1192 2913 1441 2984 ᾑροῦντο,
1469 2913 1502 2983 ἢ
1534 2913 1634 2982 τῆς
1659 2915 1798 2984 ὑπὲρ

200 2999 376 3052 αὑτοῦ
416 3002 723 3072 μαρτυρίας
759 3001 971 3073 ἄγαθῆς
996 3003 1330 3067 ἐξίστασθαι.
1358 3005 1422 3057 Et
1462 3003 1526 3075 δὴ
1564 3001 1658 3058 οὖν
1689 3023 1796 3076 μη-

1907 539 2070 595 quam
2107 525 2224 580 haec
2245 535 2392 588 sunt,
2423 527 2588 581 etiam
2637 527 3014 597 aequioribus.
3047 525 3352 599 Propterea
3393 532 3480 585 vi-o

1906 617 2101 672 delicet
2154 617 2299 686 quod
2343 631 2542 690 magna
2575 625 2662 674 est
2708 617 2776 672 ad
2809 619 3072 674 malitiam
3115 621 3433 690 proclivitas
3464 661 3480 685 ,

1905 723 2138 780 eamque
2168 710 2251 764 vel
2282 710 2438 765 nullo
2469 716 2805 781 praeceptore
2829 710 3043 767 discere
3075 711 3236 769 facile
3255 724 3341 769 est
3374 733 3388 769 :
3424 717 3481 770 in

1907 802 2140 857 sublime
2167 817 2300 856 vero
2350 818 2510 857 suum
2560 811 2948 873 praeceptorem
3009 804 3154 860 fictis
3178 805 3361 862 verbis
3387 821 3484 862 ex-

1906 891 2123 954 tollant,
2178 892 2424 962 nullique
2484 894 2774 948 mendacio
2813 903 3086 963 parcant:
3136 896 3321 950 omnia
3352 913 3482 952 vero

1906 982 1985 1035 illi
2041 982 2305 1037 miracula
2332 991 2386 1037 et
2417 993 2691 1054 portenta,
2725 999 2852 1038 cum
2902 985 3272 1053 simulatione,
3327 988 3482 1044 falsi-

1907 1079 2122 1141 tateque
2175 1074 2454 1128 ascribant
2479 1112 2494 1137 ,
2539 1081 2600 1128 ut
2632 1074 2733 1143 ipsi
2775 1089 2993 1145 quoque
3021 1076 3075 1130 in
3119 1076 3483 1135 admiratione

1906 1166 2232 1230 habeantur,
2263 1166 2522 1237 beatique
2549 1166 2893 1236 iudicentur,
2927 1169 3020 1241 qui
3052 1169 3320 1240 ejusmodi
3339 1187 3480 1241 pra:—

1904 1259 2142 1326 ceptoris
2187 1257 2440 1329 discipuli
2471 1260 2802 1316 exstiterint.
2856 1258 3151 1318 Videamus
3182 1263 3351 1333 igitur
3384 1264 3478 1335 qui

1905 1348 2142 1414 potuerit
2175 1347 2282 1402 illis
2319 1357 2427 1402 tam
2491 1350 2668 1403 audax
2717 1349 3011 1419 incoeptum
3057 1353 3397 1420 consistere,
3432 1357 3479 1410 si

1904 1439 2040 1494 tales
2070 1439 2239 1495 fuere.
2276 1442 2466 1510 quales
2492 1440 2754 1509 descripti
2785 1449 2934 1498 sunt.
2961 1441 3097 1497 Nam
3127 1445 3333 1499 malum
3362 1461 3480 1501 ma-

1907 1527 1978 1590 lo,
2007 1527 2184 1595 aiunt,
2231 1530 2469 1584 amicum
2502 1547 2611 1586 non
2649 1541 2775 1588 est:
2823 1549 2887 1588 ac
2917 1550 2987 1590 ne
3038 1536 3181 1591 bono
3231 1537 3474 1608 quidem.

1905 1619 2061 1676 Unde
2078 1609 2256 1691 igitur
2283 1621 2338 1675 in
2363 1630 2513 1676 tanta
2539 1624 2783 1678 virorum
2827 1626 3196 1693 multitudine,
3245 1643 3480 1686 concor-

1903 1712 1993 1766 dia
2044 1714 2267 1768 malitiae
2295 1725 2509 1786 reperta
2553 1718 2682 1770 est?
2713 1717 2854 1772 unde
2882 1719 2937 1773 in
2959 1719 3067 1774 illis
3102 1720 3379 1787 omnibus,
3407 1723 3478 1780 de

1906 1802 2099 1858 iisdem
2156 1806 2324 1859 rebus
2358 1820 2591 1861 concors
2622 1808 3041 1863 testimonium?
3088 1820 3142 1866 et
3167 1810 3355 1868 eadem
3381 1829 3477 1868 us-

1903 1910 2010 1964 que
2041 1896 2108 1950 ad
2131 1906 2360 1951 mortem
2413 1899 2685 1953 sententia
2715 1901 2737 1952 ?
2766 1900 2896 1956 Viro
2944 1910 3128 1958 autem
3179 1905 3475 1976 praestigiis

1904 1987 2076 2040 utenti
2101 1995 2154 2042 et
2175 1986 2430 2056 fallaciis,
2463 1991 2558 2060 qui
2592 1991 2722 2044 talia
2758 1991 3013 2056 doceret,
3060 2009 3125 2049 ac
3152 1995 3282 2050 talia
3306 1998 3475 2066 profi-

1903 2085 2130 2140 teretur,
2159 2079 2286 2150 quis
2316 2082 2384 2135 ab
2413 2082 2572 2137 initio
2617 2085 2919 2140 studuisset
2947 2085 2970 2138 ?
3005 2084 3184 2152 Dices,
3213 2087 3358 2158 quod
3384 2085 3476 2144 alii

1901 2187 2116 2243 quoque
2138 2173 2233 2228 illo
2262 2183 2594 2244 praeceptore
2623 2192 2728 2231 non
2757 2177 2938 2234 minus
2957 2181 3354 2252 praestigiarum
3384 2197 3480 2245 cu-

1901 2265 2049 2336 pidi:
2086 2279 2216 2336 ergo
2264 2266 2342 2319 illi
2391 2269 2745 2337 praeceptoris
2797 2270 2884 2324 sui
2945 2272 3153 2326 exitum
3181 2289 3293 2328 non
3324 2274 3478 2331 vide-

1900 2366 2028 2412 runt
2054 2359 2078 2411 Ἰ
2098 2369 2154 2413 et
2176 2360 2326 2430 quali
2353 2367 2529 2416 morte
2551 2360 2718 2416 fuerit
2751 2362 2980 2419 affectus
2998 2364 3022 2417 ?
3041 2380 3142 2420 cur
3167 2367 3337 2437 igitur
3351 2376 3477 2438 post

1901 2451 2048 2505 illam
2069 2451 2442 2522 turpissimam
2473 2454 2621 2510 illius
2657 2469 2868 2520 necem,
2914 2457 2983 2512 de
3007 2472 3073 2512 eo
3105 2460 3200 2529 qui
3226 2469 3476 2517 mortuus

1906 2554 2052 2597 esset
2066 2559 2262 2599 novam
2280 2545 2606 2617 theologiam
2633 2548 3080 2606 constantissime
3101 2553 3474 2621 protulerunt,

1900 2647 2003 2688 nec
2032 2634 2102 2688 ab
2132 2636 2372 2706 incoapto
2398 2637 2661 2693 deterreri
2690 2641 3026 2708 potuerunt?
3049 2651 3144 2696 aut
3166 2643 3299 2714 quid
3323 2659 3388 2698 ex
3409 2660 3476 2700 ea

1900 2739 1960 2780 re
1992 2726 2209 2781 tandem
2243 2727 2496 2798 petebant
2520 2729 2543 2782 ?
2564 2744 2694 2783 num
2729 2740 2792 2784 ut
2834 2731 3025 2785 eodem
3056 2733 3328 2804 supplicio
3358 2734 3474 2789 alli-

1898 2825 2155 2872 cerentur
2179 2818 2202 2870 ‘i
2231 2818 2327 2874 sed
2358 2820 2481 2890 quis
2513 2821 2624 2874 ullo
2643 2837 2883 2892 unquam
2914 2831 3177 2893 tempore,
3212 2826 3359 2880 nulla
3378 2842 3476 2897 spe

1899 2911 2177 2978 proposita
2207 2912 2478 2980 ejusmodi
2523 2914 2851 2983 supplicium
2907 2915 3259 2972 manifestum
3306 2919 3476 2990 eligeo

1898 3001 2024 3054 ret?
2075 3001 2345 3056 Caeterum
2402 3003 2598 3059 demus
2659 3005 2781 3061 illos
2825 3006 2978 3060 illum
3009 3021 3134 3062 esse
3160 3020 3474 3073 veneratos.

199 3091 292 3146 δὲν
325 3093 540 3160 ἀγαθὸν
573 3094 970 3161 συνεγνωκότες
997 3095 1074 3166 τῷ
1103 3095 1423 3167 διδασκάλῳ,
1455 3096 1528 3166 μὴ
1559 3095 1690 3166 βίον,
1721 3097 1795 3168 μὴ

1901 3095 2160 3165 quamdiu
2208 3108 2334 3149 cum
2385 3095 2521 3166 ipsis
2565 3106 2822 3154 versatus
2873 3108 3355 3172 cormnoratusque
3376 3104 3472 3167 sit,

203 3183 466 3255 μάθημα,
507 3184 583 3255 μὴ
630 3184 851 3255 πρᾶξιν,
889 3185 962 3257 μὴ
994 3186 1155 3258 ἔργον
1187 3187 1410 3241 ἐπαίνου
1454 3187 1621 3253 ἄξιον,
1661 3187 1795 3258 μηδέ

205 3279 316 3349 μὴν
338 3280 490 3332 κατά
523 3297 574 3332 τι
605 3279 944 3350 ὠφελημένοι
979 3280 1164 3346 αὑτοῦ,
1194 3281 1226 3352 ἢ
1260 3282 1383 3335 ὅσον
1409 3282 1670 3353 πονηρίαν
1703 3282 1796 3335 καὶ

198 3371 422 3442 ἀνδρῶν
469 3371 702 3441 πλάνην,
739 3371 856 3434 πῶς
888 3371 1148 3443 ἔθνησκον
1172 3372 1465 3444 προθύμως
1510 3374 1578 3427 τὰ
1624 3374 1796 3444 σεμνά

201 3465 299 3516 καὶ
322 3463 552 3529 ἐπίδοξα
586 3465 718 3535 περὶ
738 3464 902 3516 αὑτοῦ
940 3465 1358 3537 μαρτυροῦντες,
1388 3466 1563 3536 παρὸν
1581 3465 1795 3535 ἑκάστῳ

203 3555 307 3624 ζῇν
352 3555 753 3625 ἀπραγμόνως,
796 3557 891 3609 καὶ
934 3558 1027 3609 ἐπὶ
1061 3557 1159 3629 τῆς
1189 3559 1394 3621 οἰκείας
1440 3557 1622 3620 ἑστίας
1658 3557 1795 3628 μετὰ

201 3644 314 3698 τῶν
356 3645 638 3713 φιλτάτων
665 3647 757 3699 τὸν
784 3648 1062 3701 ἀκίνδυνον
1095 3648 1302 3718 διάγειν
1331 3648 1444 3719 βίον
1465 3666 1480 3713 ;
1505 3649 1703 3702 Πλάνοι
1735 3647 1794 3701 δέ

203 3738 408 3810 ἄνδρες
451 3740 550 3792 καὶ
594 3739 907 3804 ἀπατεῶνες
949 3740 1064 3805 πῶς
1109 3741 1393 3812 ἀγαπητὸν
1434 3740 1666 3812 ἡγοῦντο
1702 3740 1794 3793 τὸν

203 3829 352 3899 ὑπὲρ
384 3830 473 3882 ἑτέ
481 3847 576 3900 ρου
599 3829 847 3894 θάνατον,
869 3830 928 3882 δν
949 3829 1194 3900 ἀκριϐῶς
1223 3830 1440 3882 πάντων
1463 3828 1662 3900 μᾶλλον
1687 3829 1795 3896 ἐγί-

203 3939 422 3976 νωσκον
444 3923 659 3986 οὐδενὸς
693 3924 790 3992 μὲν
822 3923 1020 3986 αὐτοῖς,
1041 3923 1117 3986 ὡς
1142 3922 1209 3976 ἂν
1236 3921 1368 3993 φαίη
1398 3939 1501 3985 τις,
1531 3921 1793 3990 γεγονότα

204 4014 507 4084 παραίτιον
559 4013 786 4082 ἀγαθοῦ,
848 4015 1030 4083 πάσης
1078 4013 1136 4066 δὲ
1191 4013 1388 4077 κακίας
1437 4011 1791 4076 διδάσκαλον;

219 4107 394 4176 Ἀνὴρ
427 4105 530 4176 μὲν
566 4106 676 4178 γὰρ
719 4105 978 4175 λογισμοῦ
1021 4106 1113 4158 καὶ
1143 4104 1347 4176 ἀρετῆς
1389 4103 1614 4174 μέτοχος
1654 4103 1793 4172 ὑπὲρ

206 4197 424 4265 ἀγαθοῦ
477 4197 898 4269 κατορθώματος
940 4197 1043 4251 κᾶν
1088 4197 1323 4265 εὐλόγως
1367 4198 1497 4251 ποτὲ
1543 4197 1636 4250 τὸν
1676 4195 1792 4267 μετ’

177 4272 468 4353 δεύκλείας
516 4289 742 4343 θάνατον
782 4289 1124 4358 ὑπομείνειεν
1155 4305 1168 4319 ·
1205 4291 1235 4342 ό
1287 4289 1342 4342 δὲ
1394 4288 1663 4360 μοχθηρὸς
1701 4288 1793 4340 τὸν

206 4383 438 4454 τρόπον,
478 4382 779 4453 φιλοπαθής
817 4399 901 4446 τις
940 4384 1034 4436 καὶ
1067 4383 1344 4454 φιλήδονος
1384 4380 1482 4441 ὢν.
1531 4381 1698 4450 μόνην
1735 4379 1792 4432 δέ

1901 3190 1958 3237 et
1974 3184 2235 3253 quamdiu
2269 3185 2498 3240 fallaciis
2525 3201 2642 3252 eos,
2673 3199 2732 3241 ut
2761 3203 3013 3245 sermone
3060 3189 3291 3246 istorum
3329 3200 3472 3256 utar,

1903 3275 2156 3345 decipere
2199 3277 2456 3346 potuerit.
2495 3277 2608 3333 Cur
2655 3279 2820 3350 igitur
2847 3290 2973 3351 post
3017 3291 3248 3338 mortem
3299 3285 3475 3340 multo

1902 3366 2078 3438 magis
2109 3382 2274 3438 quam
2327 3378 2454 3425 ante
2476 3411 2492 3436 ,
2527 3370 2682 3424 illum
2733 3370 2986 3426 admirati
3042 3374 3218 3428 sunt?
3254 3389 3379 3429 nam
3418 3376 3473 3430 in

1904 3457 2157 3514 humanis
2189 3460 2472 3532 degentem
2507 3469 2562 3515 et
2596 3461 2909 3519 deseruisse
2936 3472 2990 3518 et
3017 3465 3320 3536 abnegasse
3343 3467 3476 3522 olim

1901 3552 2178 3617 dicuntur,
2231 3566 2356 3606 cum
2399 3553 2476 3607 illi
2508 3553 2758 3608 videlicet
2818 3555 3032 3611 insidiae.
3097 3556 3253 3612 factae
3319 3567 3471 3614 sunt.

1901 3638 2193 3710 Postquam
2228 3657 2358 3696 vero
2409 3641 2551 3697 inter
2608 3642 2859 3698 homines
2890 3658 3014 3699 esse
3046 3644 3230 3710 desiit,
3263 3647 3474 3702 alacres

1902 3728 2007 3799 ipsi
2032 3731 2171 3784 mori
2202 3732 2500 3798 malebant,
2530 3748 2696 3803 quam
2745 3748 2776 3787 a
2808 3750 2935 3790 vera
2977 3735 3045 3790 de
3083 3737 3177 3790 illo
3211 3737 3476 3794 testiﬁca-

1901 3821 2048 3875 tione
2067 3822 2328 3876 amoveri.
2361 3821 2417 3876 Si
2448 3823 2613 3893 igitur
2643 3827 2960 3895 przeceptori
2993 3841 3096 3881 suo
3124 3829 3327 3886 nullius
3343 3830 3472 3885 boni

1900 3912 2109 3967 conscii
2141 3923 2318 3977 erant,
2369 3929 2478 3968 non
2514 3916 2658 3980 vitae,
2694 3932 2802 3971 non
2862 3916 3203 3988 disciplinae,
3242 3936 3352 3976 non
3381 3935 3474 3976 ac-

1899 4003 2087 4068 tionis,
2119 4019 2230 4059 non
2258 4006 2442 4075 operis
2465 4007 2700 4077 alicujus
2733 4009 2947 4064 laudem
2979 4013 3261 4075 merentis,
3295 4028 3474 4084 neque

1899 4107 2030 4148 vero
2060 4093 2359 4164 quidquam
2409 4096 2479 4149 ab
2532 4097 2626 4151 illo
2657 4099 3008 4153 emolumenti
3064 4110 3420 4172 perceperant
3452 4142 3470 4168 ,

1899 4191 2096 4248 praeter
2126 4200 2288 4239 unam
2324 4187 2585 4241 malitiam
2633 4195 2689 4241 et
2735 4189 2966 4244 aliorum
3003 4191 3284 4272 hominum
3310 4194 3473 4250 dece-

1899 4274 2161 4342 ptionem,
2213 4276 2371 4345 112
2407 4292 2569 4346 quam
2601 4279 2672 4332 ob
2706 4295 2818 4332 rem
2847 4288 2957 4335 tam
2988 4291 3238 4352 prompte
3269 4285 3473 4339 morie-

1900 4363 2121 4430 bantur,
2150 4366 2448 4421 dummodo
2465 4367 2532 4423 de
2549 4369 2640 4423 illo
2662 4385 2852 4425 severa
2881 4372 3128 4440 quaedam
3153 4381 3208 4428 et
3233 4375 3470 4446 insignia

207 4474 312 4545 τὴν
357 4473 696 4544 πρόσκαιρον
738 4473 961 4542 ταυτηνὶ
1000 4471 1166 4542 ζωὴν,
1211 4473 1305 4524 καὶ
1341 4470 1441 4534 τὰς
1474 4471 1592 4522 κατ’
1627 4469 1796 4538 αὐτὴν

1901 4455 2261 4524 praedicarent
2289 4459 2312 4511 ?
2353 4474 2474 4514 cum
2503 4460 2722 4515 interim
2755 4463 2974 4517 illorum
3004 4464 3304 4536 unicuique
3335 4467 3470 4522 lice-

205 4564 549 4637 ἡδυπαθείας
577 4565 944 4633 μεταδιώκων,
966 4565 1068 4616 οὐκ
1088 4563 1151 4616 ἄν
1169 4579 1300 4615 ποτε
1323 4562 1492 4614 ἕλοιτο
1523 4561 1628 4630 πρὸ
1651 4559 1798 4629 ζωῆς

205 4656 470 4718 θάνατον,
517 4656 626 4708 οὐδ’
658 4657 800 4728 ὑπὲρ
832 4657 1045 4710 οἰκείων
1085 4655 1177 4708 καὶ
1225 4654 1495 4724 φιλτάτων
1527 4652 1797 4724 τιμωρίας

206 4747 555 4818 ὑπομείνειε,
583 4748 777 4818 μήτιγε
795 4747 932 4820 ὑπὲρ
965 4746 1058 4800 τοῦ
1087 4747 1395 4818 φαυλότητα
1417 4746 1797 4815 κατεγνωσμέ-

208 4857 328 4893 νου.
386 4839 513 4902 Πῶς
555 4835 648 4892 οῦν
693 4841 742 4891 οἱ
774 4838 866 4892 τοῦ
910 4839 1244 4909 δηλουμένου
1289 4837 1549 4909 μαθηταὶ,
1589 4838 1639 4889 εἰ
1689 4836 1797 4908 ἄρα

211 4931 423 4994 πλάνος
454 4925 523 5002 ἦν
554 4930 650 4983 καὶ
683 4931 836 5000 γόης,
862 4929 961 4983 οὐκ
988 4927 1308 4996 ἀγνοοῦντες
1350 4927 1512 4980 αὐτὸν
1535 4925 1794 4990 τοιοῦτον,

209 5024 356 5077 om
385 5023 481 5077 καὶ
517 5023 691 5089 αὐτοὶ,
718 5023 918 5092 χείρονι
955 5021 1254 5092 μοχθηρίας
1277 5020 1464 5091 τρόπῳ
1494 5020 1592 5082 τὰς
1621 5018 1796 5088 ψυχὰς

211 5111 596 5184 ἐνεσχημένοι,
641 5113 910 5182 ὐτέμενον
959 5112 1096 5183 πρὸς
1143 5111 1252 5165 τῶν
1295 5109 1566 5180 ὁμοεθνῶν
1615 5109 1796 5171 πάσας

211 5207 428 5269 αἰκίας,
454 5208 549 5259 καὶ
573 5208 684 5259 πᾶν
711 5206 986 5277 τιμωριῶν
1011 5203 1147 5269 εἶδος
1170 5205 1310 5275 ὑπὲρ
1334 5205 1434 5274 τῆς
1459 5202 1625 5257 αὐτοῦ
1655 5219 1796 5273 μαρ-

209 5296 411 5366 τυρίας
443 5293 818 5364 ἀναδέχεσθαι,
859 5293 962 5347 οὐκ
1002 5293 1062 5346 ὃν
1092 5292 1257 5347 τοῦτο
1293 5291 1399 5367 τῆς,
1426 5291 1537 5344 τῶν
1578 5288 1796 5358 φαύλων

210 5389 419 5442 οίκεῖον
449 5385 703 5454 φύσεως;
743 5385 864 5439 Ἐτι
895 5386 953 5439 δὲ
990 5386 1084 5438 καὶ
1119 5385 1304 5454 τούτῳ
1341 5383 1606 5454 πρόσχες·
1643 5381 1694 5433 εἰ
1730 5379 1796 5450 δὴ

213 5481 312 5533 καὶ
341 5477 500 5531 αὐτοὶ
521 5476 711 5529 πλάνοι
742 5477 838 5530 καὶ
868 5475 1182 5539 ἀπατεῶνες
1208 5474 1525 5545 ἐτύγχανον,
1562 5469 1796 5542 πρόσθες

213 5569 259 5620 δ’
288 5570 374 5621 ὅτι
415 5567 516 5619 καὶ
545 5565 860 5619 ἀπαίδευτοι
895 5565 990 5622 καὶ
1031 5563 1310 5628 παντελῶς
1333 5562 1562 5627 ίδιῶται,
1598 5560 1796 5632 μᾶλλον

212 5659 272 5712 δὲ
297 5659 385 5711 ὅτι
403 5657 502 5710 καὶ
522 5654 808 5728 βάρϐαροι,
841 5657 936 5708 καί
959 5657 1057 5726 τῆς
1084 5655 1271 5728 Σύρων
1297 5655 1359 5709 οὒ
1392 5653 1553 5708 πλέον
1578 5652 1794 5706 ἐπαΐον-

213 5765 308 5813 τες
335 5747 545 5818 φωνῆς,
570 5748 668 5801 καὶ
699 5746 816 5810 πῶς
856 5747 950 5799 ἐπὶ
984 5747 1165 5801 πᾶσαν
1203 5747 1471 5820 προῆλθον
1499 5745 1594 5818 τὴν
1617 5745 1810 5824 οἰκον-⁶

535 5842 809 5904 Parnm“
869 5839 990 5904 Gn.
1044 5837 1251 5902 XXII.

1899 4555 1982 4602 ret
2007 4550 2182 4604 otiose
2211 4550 2414 4614 vivere,
2441 4559 2495 4606 et
2525 4553 2578 4606 in
2613 4554 2835 4623 prepria
2863 4555 3025 4610 domo
3065 4572 3173 4611 una
3203 4573 3329 4613 cum
3362 4559 3468 4615 sibi

1899 4640 2263 4704 charissimis,
2315 4644 2655 4700 securiorem
2711 4646 2883 4700 multo
2915 4647 3281 4718 tutioremque
3301 4652 3470 4705 vitam

1899 4745 2060 4800 agere
2087 4732 2111 4784 ?
2142 4730 2364 4788 fallaces
2391 4743 2570 4789 autem
2584 4735 2834 4792 homines
2863 4746 2918 4791 et
2952 4739 3008 4792 in
3035 4739 3326 4797 fraudibus
3345 4758 3472 4797 ver-

1899 4829 2108 4887 santes,
2141 4825 2416 4893 quomodo
2451 4825 2800 4884 affectassent
2823 4833 2963 4883 mori
2997 4844 3094 4900 pro
3124 4833 3232 4887 alio
3252 4872 3266 4897 ,
3307 4849 3472 4903 quem

1899 4913 2002 4982 ipsi
2031 4917 2274 4969 omnium
2302 4918 2583 4972 hominum
2637 4921 2874 4976 maxime
2906 4923 3323 4994 certissimeque
3369 4942 3472 4982 no-

1899 5005 2106 5059 vissent
2137 5005 2478 5075 ?praasertim
2535 5009 2626 5078 qui
2656 5008 2816 5078 ipsis,
2849 5017 2908 5062 ut
2935 5025 3189 5067 sermone
3237 5013 3467 5068 istorum

1899 5102 2044 5159 utar,
2067 5097 2273 5153 nullius
2296 5098 2424 5153 boni
2447 5109 2644 5154 auctor
2667 5102 2879 5164 fuisset,
2908 5102 3002 5158 sed
3038 5111 3231 5158 contra
3264 5104 3474 5171 potius,

1897 5187 2076 5243 omnis
2103 5188 2323 5244 malitiae
2350 5193 2784 5263 praeceptor?vir
2810 5194 2955 5250 enim
2977 5204 3032 5250 et
3061 5197 3468 5267 rationispsum

1898 5279 2126 5344 habens,
2164 5289 2220 5336 et
2260 5283 2462 5339 virtute
2491 5285 2774 5355 prazditus,
2809 5287 2934 5341 boni
2971 5287 3280 5358 cujuspiam
3310 5287 3469 5341 oﬂicii

1896 5372 2070 5440 gratia
2101 5387 2496 5445 nonnunquam
2550 5377 2905 5446 probabiliter
2933 5386 3160 5434 mortem
3195 5394 3321 5434 cum
3367 5379 3471 5433 ho-

1897 5465 2112 5520 nestate
2150 5474 2206 5520 et
2245 5468 2421 5536 gloria
2466 5469 2720 5524 subierit.
2775 5470 2879 5536 Qui
2902 5486 3032 5526 vero
3063 5469 3312 5526 moribus
3343 5486 3469 5541 per-

1897 5559 2072 5612 versis
2104 5558 2198 5621 sit,
2227 5568 2284 5614 et
2312 5560 2602 5618 affectibus
2657 5563 3138 5633 voluptatibusque
3181 5569 3328 5617 totus
3359 5562 3472 5615 de—

1898 5651 2068 5711 ditus.
2101 5651 2384 5723 solamque
2412 5654 2553 5710 hanc
2606 5657 2990 5727 temporariam
3018 5655 3220 5720 vitam,-
3247 5661 3303 5710 et
3347 5668 3470 5726 qua:

1901 5743 1968 5798 ad
2004 5757 2120 5798 eam
2173 5753 2420 5813 spectant
2473 5745 2727 5801 libidines
2759 5761 3092 5818 persequens
3119 5785 3134 5814 ,
3186 5758 3463 5815 nunquam

2989 5836 3025 5896 ’ἲ
