3828 6216
350 260 462 320 203
493 289 496 292 ’

992 264 1260 322 EUSEBII
1299 264 1789 322 CfESARlENSiS
1825 265 1980 322 OPP.
2030 266 2233 323 PARS.
2279 265 2437 324 ll.-—
2477 268 2986 327 APOLOGETICA.

3522 276 3640 337 εοι.

349 379 596 454 proiecto
627 381 752 438 vita:
781 387 1012 441 mortem
1043 385 1425 454 praiposuerit,
1454 398 1518 438 ac
1545 400 1615 440 ne
1658 384 1926 439 domesti—

2039 383 2242 454 μένην;
2279 383 2310 454 ἢ
2343 384 2470 455 ποία
2526 385 2686 438 τοῦτο
2717 384 2925 456 διανοίᾳ
2982 383 3400 458 ἐφαντάσθησαν
3429 391 3624 464 τολμῆο

347 489 543 530 corum
573 473 818 543 quidem,
845 481 901 528 et
932 470 1388 530 charissimorum
1418 489 1583 530 causa
1609 476 1938 546 supplicium

348 567 558 632 tulerit,
600 567 800 622 nedum
824 581 926 637 pro
953 581 1040 630 eo,
1072 567 1165 637 qui
1197 568 1456 637 nequitia:
1487 569 1561 623 sit
1592 569 1935 623 condemna-

348 667 463 717 tus.
501 660 677 727 Quam
717 676 848 732 ergo
868 660 1172 731 probabile,
1211 670 1271 716 ut
1301 662 1450 718 illius
1481 661 1549 716 de
1579 677 1693 732 quo
1724 663 1936 718 dictum

349 759 460 818 est,
511 751 793 821 discipuli,
843 754 892 806 si
925 750 1090 806 modo
1119 752 1211 808 ille
1245 750 1504 807 seductor
1543 753 1940 824 praestigiator-

353 860 463 915 que
492 843 614 909 fuit,
648 859 778 899 cum
811 843 964 898 illum
994 844 1157 900 talem
1193 859 1317 899 esse
1343 859 1455 899 non
1479 844 1820 916 ignorarent,
1855 853 1940 899 at-

347 952 459 1008 que
479 936 584 1006 ipsi
616 937 781 992 etiam
814 935 1147 1006 improbiore
1168 935 1355 1006 ﬂagitii
1380 951 1578 1006 genere
1603 937 1816 992 animos
1841 936 1940 990 ha-

349 1032 546 1087 berent
593 1031 910 1102 implicitos,
943 1045 976 1084 a
1005 1045 1121 1086 suae
1149 1032 1328 1102 gentis
1359 1032 1494 1087 viris
1523 1032 1707 1087 omnia
1738 1032 1938 1102 probra

349 1124 496 1180 ferre
543 1137 652 1178 non
703 1124 1108 1188 recusaverint,
1143 1131 1198 1178 et
1227 1139 1390 1178 omne
1451 1124 1710 1194 supplicii
1763 1139 1938 1194 genus

348 1229 452 1286 pro
504 1215 820 1270 testimonio
855 1213 935 1269 illi
969 1213 1248 1268 reddendo
1307 1214 1622 1270 subierint?
1654 1230 1766 1270 non
1803 1229 1938 1270 con-

347 1309 500 1362 venit
557 1307 660 1362 hoc
689 1320 813 1362 cum
848 1314 1046 1362 natura
1083 1307 1482 1377 improborum,
1522 1307 1840 1378 longissime
1867 1309 1937 1363 ab

347 1416 411 1456 ea
451 1399 672 1471 refugit.
703 1400 974 1455 Czeterum
1028 1401 1132 1456 hoc
1175 1417 1393 1473 quoque
1440 1402 1730 1472 diligenter
1754 1401 1937 1459 consi-

349 1493 530 1546 dera:
569 1506 697 1546 nam
744 1493 794 1547 si
848 1491 952 1563 ipsi
1013 1501 1068 1547 et
1121 1494 1444 1550 seductores
1499 1502 1554 1548 et
1607 1495 1935 1564 impostorcs

342 1591 528 1648 erant,
565 1593 619 1638 et
641 1594 912 1654 praeterea
939 1585 1179 1655 imperiti
1199 1586 1536 1657 omninoque
1556 1586 1833 1658 vulgares,
1875 1596 1936 1642 ut

347 1683 587 1740 constat,
627 1675 762 1747 quin
791 1675 958 1731 etiam
993 1677 1236 1741 barbari,
1264 1685 1319 1731 et
1345 1678 1440 1748 qui
1469 1694 1577 1734 non
1611 1679 1736 1748 plus
1768 1693 1931 1750 quam

2044 490 2172 540 dat;
2210 477 2337 548 ποίᾳ
2383 477 2439 530 δέ
2471 477 2698 547 δυνάμει
2742 477 2802 531 τὸ
2838 479 3186 550 ἐπιχειρηθέν
3211 479 3626 550 ’κατώρθωσαν;

2045 565 2227 619 Ἔστω
2279 568 2389 639 γάρ
2444 569 2539 622 ἐπὶ
2592 569 2694 638 τῆς
2746 569 2955 633 οἰκείας
3011 570 3117 640 γῆς
3179 572 3626 648 καλινδουμένους

2039 658 2334 730 ἀγροίκους
2364 659 2563 731 ἄνδρας
2587 661 2796 733 πλανᾷν
2825 662 2919 716 καὶ
2947 662 3274 729 πλανᾶσθαι,
3307 664 3402 718 καὶ
3429 665 3504 738 μὴ
3542 668 3624 737 ἐφ’

2039 753 2269 825 ἡσυχίας
2299 751 2585 822 βάλλεσθαι
2609 752 2671 804 τὸ
2698 753 2959 824 πρᾶγμαο
2994 752 3288 824 κηρύττειν
3314 753 3358 806 δ’
3386 757 3466 819 εἰς
3494 757 3622 810 πάν-

2036 863 2138 910 τας
2154 845 2214 898 τὸ
2230 843 2324 900 τοῦ
2366 843 2538 914 Ἰησοῦ
2567 845 2758 916 ὄνομα,
2789 845 2886 899 καὶ
2908 845 3007 908 τὰς
3041 845 3377 917 παραδόξους
3402 847 3625 919 πράξεις

2037 938 2204 993 αὐτοῦ
2247 938 2393 992 κατά
2433 955 2495 990 τε
2538 938 2744 1010 ἀγροὺς
2779 939 2878 992 καὶ
2933 939 3077 992 κατά
3118 939 3274 993 πόλιν
3319 940 3622 1010 διδάσκειντ

2039 1032 2281 1094 καὶτοὺς
2313 1031 2414 1102 μὲν
2446 1030 2626 1084 αὐτῶν
2664 1031 2763 1102 τὴν
2800 1031 3089 1103 Ῥωμαίων
3111 1032 3288 1104 ἀρχὴν
3319 1035 3414 1088 καὶ
3456 1009 3627 1105 αύτήδ

2037 1141 2096 1176 τε
2139 1123 2239 1195 τὴν
2277 1122 2711 1194 βασιλικωτάτην
2743 1123 2898 1176 πόλιν
2943 1124 3255 1194 νείμασθαι,
3288 1127 3415 1190 τοὺς
3437 1127 3496 1179 δὲ
3526 1127 3623 1197 τὴν

2037 1213 2287 1285 Περσῶν,
2313 1215 2438 1276 τοὺς
2463 1213 2519 1266 δὲ
2547 1215 2647 1282 τὴν
2684 1213 3007 1285 Ἀρμενίων,
3034 1215 3257 1285 ἐτέρους
3295 1217 3353 1270 δὲ
3385 1217 3448 1270 τὸ
3477 1218 3626 1288 Πάρι

2037 1303 2146 1356 θων
2190 1303 2361 1367 ἔθνος,
2406 1303 2501 1357 καὶ
2538 1300 2606 1356 αὖ
2646 1304 2810 1358 πάλιν
2853 1304 2913 1357 τὸ
2957 1305 3207 1372 Σκυθῶν,
3242 1309 3394 1388 τινάς
3419 1310 3476 1364 δὲ
3519 1311 3622 1382 ήδη

2037 1392 2131 1446 καὶ
2177 1394 2264 1444 ἐπ’
2309 1392 2448 1445 αὐτὰ
2499 1393 2596 1463 τῆς
2637 1394 2959 1466 οἰκουμένης
2999 1395 3172 1450 ἐλθεῖν
3218 1399 3286 1452 τά
3330 1401 3497 1470 ἄκρα,
3529 1399 3624 1453 ἐπί

2035 1500 2096 1536 τε
2151 1482 2250 1555 τὴν
2306 1484 2480 1538 Ἰνδῶν
2534 1483 2735 1554 φθάσαι
2788 1487 3002 1558 χώραν,
3061 1491 3157 1544 καὶ
3212 1493 3430 1564 ἐτέρους
3481 1495 3624 1567 ὑπὲρ

2035 1575 2126 1630 τὸν
2168 1576 2420 1629 Ὠκεανὸν
2456 1577 2748 1648 παρελθεῖν
2789 1581 2883 1634 ἐπὶ
2925 1582 3024 1646 τὰς
3071 1584 3408 1656 καλουμένας
3457 1587 3624 1658 Βρετ-

2035 1667 2262 1731 τανικὰς
2290 1669 2505 1740 νήσους,
2536 1668 2706 1724 ταῦτα
2759 1671 2940 1725 οὐκέτ’
2994 1672 3169 1743 ἔγωγε
3201 1677 3442 1748 ἡγοῦμαι
3481 1678 3628 1732 κατά

349 1765 612 1838 Syrorum
636 1767 876 1839 linguam
908 1780 1155 1834 nossent,
1179 1769 1456 1839 quomodo
1487 1770 1543 1825 in
1581 1776 1755 1825 totum
1805 1785 1933 1840 pro-

2039 1758 2323 1830 ᾶνθρωπον
2355 1759 2516 1826 εἶναι,
2553 1762 2746 1833 μήτιγε
2783 1761 2923 1817 κατά
2969 1766 3206 1830 εὐτελεῖς
3251 1770 3345 1822 καὶ
3385 1769 3622 1833 ἰδιώτας,

345 1861 534 1930 gressi'
553 1870 684 1915 sunt
716 1870 992 1916 terrarum
1028 1861 1218 1916 orbem
1248 1866 1272 1920 ?
1323 1862 1408 1915 vel
1437 1875 1547 1932 qua
1570 1850 1734 1917 istud
1761 1863 1936 1916 soler-

346 1956 422 2008 tia
443 1953 845 2023 excogitarunt,
872 1953 1065 2008 ausive
1091 1961 1221 2009 sunt
1251 1955 1276 2008 ?
1304 1953 1508 2023 quibus
1536 1968 1703 2022 porro
1723 1953 1936 2008 viribus

345 2042 402 2096 id
444 2043 589 2113 quod
636 2044 757 2115 ausi
803 2049 933 2097 sunt
974 2042 1382 2113 perfecerunt?
1426 2041 1556 2098 Esto
1581 2046 1751 2108 enim,
1784 2045 1936 2100 viros

343 2134 587 2190 rusticos
612 2134 667 2188 in
693 2143 840 2188 terra
863 2134 1086 2204 propria
1128 2143 1439 2202 versantes,
1470 2133 1725 2204 decipere
1756 2143 1811 2190 et
1837 2150 1936 2189 va-

344 2225 485 2296 gari,
499 2240 617 2280 nec
635 2226 814 2280 otiose
839 2233 934 2278 aut
962 2225 1167 2280 frustra
1188 2240 1305 2281 rem
1333 2240 1538 2280 serere.
1560 2227 1629 2278 At
1645 2240 1774 2280 vero
1792 2227 1936 2296 apud

345 2327 539 2372 omnes
560 2332 759 2372 nomen
793 2315 922 2372 Iesu
959 2317 1282 2386 praedicare,
1303 2315 1759 2387 admirabiliaque
1787 2317 1936 2372 illius

343 2415 522 2478 gesta,
553 2409 688 2464 etin
718 2410 950 2464 urbibus
981 2417 1038 2462 et
1063 2409 1118 2462 in
1146 2409 1294 2480 agris
1317 2408 1516 2464 docere
1542 2427 1554 2463 :
1577 2419 1634 2464 et
1652 2410 1790 2465 alios
1811 2411 1935 2480 qui-

343 2501 468 2556 dem
500 2516 713 2566 eorum,
740 2499 1044 2571 «imperium
1093 2499 1401 2556 Romanum
1422 2540 1438 2565 ,
1495 2500 1783 2572 ipsamque
1816 2517 1936 2555 om-

343 2594 498 2646 nium
541 2594 759 2649 urbium
809 2593 1055 2663 reginam
1113 2591 1393 2647 civitatem
1448 2591 1760 2648 invadere:
1795 2593 1934 2646 alios

344 2685 642 2741 Persarum
691 2699 945 2755 regnum,
979 2685 1118 2740 alios
1145 2684 1558 2752 Armeniorum,
1602 2685 1932 2739 Parthorum

347 2777 485 2832 alios
517 2779 842 2834 nationem:
897 2777 1027 2832 item
1073 2777 1212 2832 alios
1263 2775 1620 2848 Scytharum,
1664 2777 1934 2848 quosdam

345 2871 509 2924 etiam
525 2870 593 2925 ad
610 2871 761 2942 ipsos
788 2870 940 2927 orbis
955 2879 1116 2926 terra:
1139 2870 1356 2926 venisse
1382 2870 1543 2936 lines,
1565 2868 1934 2940 lndorumﬁue

345 2963 624 3035 regionem
659 2971 1016 3033 penetrasse:
1071 2963 1212 3018 alios
1250 2978 1416 3034 porro
1451 2972 1604 3019 trans
1651 2962 1934 3020 Oceanum

346 3055 614 3121 evasisse,
647 3055 717 3108 ad
749 3069 846 3110 eas
869 3055 1082 3110 insulas
1109 3070 1231 3124 quae
1269 3055 1601 3111 Britanniam
1617 3063 1890 3112 vocantur
1917 3075 1928 3114 :

348 3143 466 3198 haec
493 3158 628 3198 sane
655 3156 758 3211 ego
788 3156 1069 3211 nunquam
1122 3140 1363 3194 humana
1387 3142 1439 3194 vi
1475 3139 1668 3196 aﬂ‘ecta
1713 3149 1938 3211 putave-

345 3237 478 3298 rim,
502 3235 703 3291 nedum
730 3242 932 3291 conatu
968 3234 1170 3289 levium
1185 3234 1607 3306 vulgariumque
1629 3235 1936 3302 hominum,

351 3327 510 3399 113
549 3342 614 3382 ac
655 3327 827 3382 multo
880 3328 1063 3381 minus
1111 3326 1491 3393 seductorum,
1527 3327 1936 3397 prastigiisque

348 3421 641 3476 utentium.
671 3419 777 3485 Qui
819 3434 950 3474 vero
1004 3417 1359 3488 ﬂagitiosum,
1406 3425 1802 3490 versutumque
1834 3417 1938 3472 du-

345 3520 556 3567 ctorem
590 3509 802 3580 experti
833 3516 1041 3574 essent,
1084 3517 1138 3563 et
1161 3509 1282 3578 ejus
1339 3509 1548 3563 exitum
1594 3507 1721 3565 vita:
1771 3507 1937 3562 talem

347 3605 779 3676 perspexissent,
833 3602 1036 3672 quibus
1085 3602 1305 3657 tandem
1350 3601 1534 3657 verbis
1580 3615 1939 3670 assequeren-

347 3706 460 3759 tur,
493 3705 551 3751 ut
587 3695 737 3751 inter
766 3710 828 3752 se
856 3695 926 3751 de
970 3695 1064 3750 illo
1098 3702 1469 3750 consentanea
1508 3693 1814 3764 ﬁngerent?
1858 3694 1936 3748 si-

346 3785 570 3857 quidem
601 3799 712 3840 uno
739 3798 835 3840 ore
866 3799 1060 3839 omnes
1090 3791 1145 3838 et
1181 3784 1523 3854 leprosorum
1556 3783 1934 3854 purgationes,

345 3890 403 3936 et
461 3879 761 3951 ejectiones
800 3869 1222 3940 daamonum,et
1273 3875 1636 3931 excitationes
1687 3882 1936 3928 mortuo-

346 3987 494 4037 rum,
513 3981 568 4028 et
597 3986 867 4028 caecorum
900 3972 1234 4032 saltationes,
1255 3975 1312 4022 et
1338 3967 1766 4022 innumerabiles
1796 3968 1935 4023 alias

345 4062 729 4134 mgrotantium
762 4061 1032 4125 medelas,
1061 4074 1200 4130 quas
1231 4061 1323 4114 ille
1355 4058 1709 4129 praestiterat,
1739 4059 1936 4113 testiﬁ-

344 4160 644 4222 cabantur;
691 4167 1143 4226 posuemumque
1191 4152 1476 4215 omnium,
1537 4151 1684 4221 quod
1738 4151 1934 4220 primis

345 4250 454 4305 sibi
488 4259 616 4320 post
659 4254 914 4310 mortem,
949 4245 1168 4301 reditus
1190 4244 1339 4299 illius
1370 4245 1425 4300 in
1462 4243 1630 4299 vitam
1657 4243 1731 4300 sit
1753 4245 1928 4300 visus.

343 4340 475 4396 Hac
500 4343 705 4411 itaque,
736 4354 917 4408 neque
942 4338 1083 4392 facta
1114 4353 1295 4407 neque
1318 4337 1504 4390 audita
1539 4351 1781 4407 unquam
1814 4336 1930 4392 suis

2038 1852 2232 1906 πολλοῦ
2262 1853 2342 1908 δεῖ
2373 1857 2511 1909 κατά
2543 1858 2778 1922 πλάνους
2814 1860 2910 1912 καὶ
2941 1859 3157 1932 γόητας.
3193 1863 3256 1914 Οἱ
3285 1861 3344 1916 δὲ
3372 1861 3628 1918 διδασκά-

2037 1942 2132 1997 λου
2165 1945 2368 2014 φαύλου
2398 1949 2492 2001 xui
2520 1949 2892 2021 διαστροφέως
2926 1952 3346 2024 πεπειραμένοι,
3379 1955 3475 2008 καὶ
3499 1954 3628 2007 τού-

2036 2054 2128 2090 του
2164 2037 2260 2108 τὴν
2293 2038 2516 2092 ἔκϐασιν
2547 2041 2648 2112 τῆς
2676 2042 2935 2112 τελευτῆς
2973 2043 3410 2115 καθεωρακότες,
3446 2046 3626 2110 ποίοις

2037 2128 2146 2200 ἄρα
2171 2130 2348 2198 λόγοις
2375 2133 2676 2204 ἐχρήσαντο
2698 2135 2838 2207 πρὸς
2861 2136 3144 2206 ἀλλήλους,
3170 2140 3250 2202 εἰς
3271 2137 3334 2192 τὸ
3356 2139 3627 2211 σύμφωνα

2038 2220 2166 2291 περὶ
2209 2222 2375 2276 αὑτοῦ
2425 2223 2769 2292 πλάσασθαι;
2828 2227 2886 2295 ἐξ
2931 2229 3050 2291 ἐνὸς
3101 2229 3209 2301 γὰρ
3260 2230 3526 2301 στόματος
3572 2233 3626 2283 oi

2038 2313 2260 2378 πάντες,
2295 2315 2390 2369 καὶ
2427 2315 2646 2389 λεπρῶν
2700 2319 3016 2391 καθάρσεις,
3064 2321 3159 2375 καὶ
3198 2321 3470 2392 δαιμόνων
3512 2324 3624 2376 ἀπ-

2038 2405 2279 2472 ελάσεις,
2329 2407 2537 2488 νεκρῶν
2568 2427 2629 2462 τε
2660 2411 3006 2475 ἀναϐιώσεις,
3057 2412 3249 2483 πηρῶν
3293 2431 3352 2466 τε
3395 2414 3626 2467 ἀναϐλέ-

2034 2498 2176 2567 ψεις,
2214 2499 2306 2551 καὶ
2343 2500 2542 2571 μυρίας
2573 2501 2738 2566 άλλας
2757 2505 3057 2558 νοσούντων
3083 2507 3255 2568 ἰάσεις
3284 2507 3422 2578 πρὸς
3453 2506 3626 2562 αὐτοῦ

2036 2588 2288 2655 γενέσθαι
2316 2591 2726 2663 ἐμαρτύρησαν,
2754 2595 2848 2647 καὶ
2877 2595 2970 2650 ἐπὶ
2997 2597 3129 2650 πᾶσι
3158 2599 3258 2668 τὴν
3289 2595 3454 2650 αὑτοῦ
3483 2597 3630 2666 μετά

2035 2679 2124 2732 τὸν
2167 2679 2396 2734 θάνατον
2429 2683 2725 2739 ἀναϐίωσιν
2772 2685 3011 2757 πρώτοις
3049 2691 3234 2753 αὐτοῖς
3275 2691 3627 2762 ἐωραμένην.

2037 2771 2223 2824 Ταῦτα
2251 2772 2382 2844 γὰρ,
2409 2773 2482 2845 μὴ
2497 2776 2788 2847 γενόμενα,
2824 2779 2950 2849 μηδ’
2975 2781 3308 2836 ἀκουσθέντα
3340 2799 3447 2847 πω,
3479 2783 3628 2836 κατὰ

2034 2865 2161 2926 τοὺς
2193 2863 2373 2918 αὐτῶν
2417 2866 2642 2937 χρόνους
2687 2869 2807 2932 πῶς
2837 2871 2895 2938 ἐξ
2924 2873 3043 2936 ἐνὸς
3078 2875 3344 2945 στόματος
3375 2875 3628 2946 ἐμαρτύο

2038 2953 2483 3023 ρουνγεγονέναι,
2505 2957 2665 3028 μέχρι
2689 2959 2782 3010 καὶ
2833 2958 3063 3015 θανάτου
3116 2970 3470 3035 πιστούμενοι
3524 2964 3629 3035 τὴν

1963 3082 2006 3139 C
2038 3044 2348 3115 ὁμολογίαν,
2391 3049 2440 3100 εί
2481 3048 2692 3120 μήποτε
2733 3049 2861 3121 ἄρα,
2902 3051 3248 3118 συνελθόντες
3280 3056 3627 3126 συνωμοσίαν

2040 3153 2098 3189 τε
2132 3135 2273 3190 κατά
2300 3137 2360 3189 τὸ
2387 3138 2522 3190 αὐτὸ
2553 3139 2932 3210 πεποιημένοι,
2967 3142 3237 3213 συνθήκας
3269 3143 3454 3199 ἔθεντο
3486 3147 3630 3220 πρὸς

2039 3228 2298 3300 ἀλλήλους
2330 3229 2662 3297 πλάσασθαι,
2691 3233 2786 3285 καὶ
2815 3235 3258 3304 καταψεύσασθαι
3289 3238 3396 3292 τῶν
3433 3239 3510 3310 μὴ
3533 3257 3631 3308 γε-

2037 3323 2311 3391 γονότων;
2343 3325 2436 3378 καὶ
2479 3325 2654 3388 ποίοις
2694 3327 2802 3398 ἄρα
2835 3326 3060 3382 πιθανὸν
3109 3331 3282 3384 εἰπεῖν
3315 3332 3629 3402 χρήσασθαι

2038 3415 2236 3478 αὐτοὺς
2277 3413 2457 3484 λόγοις
2503 3415 2594 3468 ἐπὶ
2631 3420 2752 3480 ταῖς
2797 3419 3113 3490 συνθήκαις,
3155 3421 3205 3473 εἰ
3235 3422 3310 3492 μή
3344 3439 3478 3476 ποτε
3512 3427 3629 3488 τοῖς

2038 3507 2299 3572 τοιοῖσδε;
2332 3508 2559 3579 ’Ἄνδρες
2594 3509 2755 3578 φίλοι,
2784 3509 2876 3562 τὸν
2921 3511 3018 3580 μὲν
3049 3511 3112 3584 δὴ
3138 3511 3266 3583 χθὲς
3304 3515 3399 3569 καὶ
3432 3515 3630 3586 πρώην

2037 3598 2350 3663 ἀπατεῶνα,
2378 3600 2476 3654 καὶ
2530 3600 2740 3672 πλάνης
2799 3601 3143 3670 διδάσκαλον,
3181 3604 3272 3656 ὑπ’
3323 3606 3631 3678 ὀφθαλμοῖς

2036 3693 2292 3747 ἁπάντων
2323 3696 2356 3766 ἡ
2367 3694 2482 3764 μῶν
2509 3695 2609 3765 τὴν
2641 3694 2878 3766 ἐσχάτην
2919 3695 3292 3766 ὑπομείναντα
3324 3700 3628 3769 τιμωρίαν,

2035 3786 2182 3850 ὅστις
2210 3785 2340 3839 ποτὲ
2363 3782 2452 3857 ἦν,
2481 3789 2700 3841 πάντων
2723 3788 2884 3857 ἡμεῖς
2912 3787 3146 3858 μάλιστα
3169 3790 3414 3860 ἀκριϐῶς
3440 3793 3629 3863 ἴσμεν,

2035 3871 2122 3930 οἷα
2159 3876 2358 3947 μύσται
2385 3877 2493 3931 τῶν
2526 3879 2854 3950 ἀπορρήτων
2886 3880 3047 3933 αὐτοῦ
3093 3884 3476 3952 γεγενημένοι·
3538 3902 3630 3937 σε-

2040 3969 2173 4040 μνὸς
2209 3969 2311 4040 μέν
2342 3988 2427 4034 τις
2457 3974 2569 4035 τοῖς
2595 3972 2807 4035 πολλοῖς
2837 3973 3168 4041 ἐφαντάζετο
3186 4015 3202 4037 ,
3247 3976 3340 4028 καί
3379 3993 3434 4028 τι
3463 3978 3632 4029 πλέον

2035 4060 2180 4132 ἔχειν
2207 4063 2360 4133 παρά
2387 4064 2510 4127 τοὺς
2538 4064 2766 4128 πολλοὺς
2800 4067 3039 4138 ἐφρόνει,
3071 4064 3224 4119 οὐδὲν
3247 4065 3304 4118 δὲ
3330 4065 3475 4136 μέγα
3506 4068 3634 4121 οὐδὲ

2033 4154 2135 4224 τῆς
2163 4155 2513 4219 ἀναστάσεως
2559 4155 2705 4220 ἄξιον
2734 4157 2991 4226 ἐπήγετο,
3022 4161 3069 4211 εί
3100 4161 3173 4230 μή
3206 4175 3290 4222 τις
3316 4157 3378 4211 τὸ
3403 4158 3633 4230 δολερὸν

2035 4246 2130 4298 καὶ⁴
2162 4245 2392 4300 ὓπουλον
2420 4247 2567 4316 λέγει
2607 4247 2699 4301 τοῦ
2733 4248 2957 4317 τρόπου,
2994 4251 3089 4303 καὶ
3119 4251 3182 4304 τὸ
3212 4251 3515 4322 διάστροφα
3548 4252 3634 4304 δι-

2033 4333 2188 4401 δάξαι
2227 4338 2376 4406 ἡμᾶς
2416 4337 2634 4401 αὐτοὺς,
2663 4338 2754 4391 τόν
2790 4356 2852 4392 τε
2892 4339 2958 4393 δι’
2993 4340 3211 4412 ἀπάτης
3251 4340 3440 4410 τῦφον.
3479 4340 3632 4394 ’Δνθ’

344 4436 708 4506 temporibus,
727 4431 1006 4504 quomodo
1030 4445 1141 4485 uno
1164 4446 1260 4485 ore
1292 4431 1437 4484 facta
1464 4428 1634 4485 fuisse
1663 4429 1933 4485 aﬂirmare

2039 4420 2133 4491 ὧν,
2170 4428 2325 4498 φέρε,
2354 4427 2536 4495 δεξιὰς
2574 4429 2754 4493 δόντες
2784 4429 3055 4500 ἀλλήλοις,
3086 4431 3223 4501 ὁμοῦ
3263 4431 3467 4496 πάντες
3501 4449 3636 4486 συν-

346 4529 466 4582 ausi
494 4535 701 4593 essent,
738 4532 915 4580 morte
940 4538 1159 4596 quoque
1184 4523 1304 4592 ipsa
1336 4521 1760 4592 comprobantes
1784 4521 1932 4591 quod

340 4621 630 4677 dicerent?
659 4618 923 4689 numquid
960 4618 1089 4672 olim
1113 4615 1397 4687 congressi
1431 4622 1487 4670 et
1524 4615 1935 4685 conspiratione

347 4711 416 4764 ad
450 4710 594 4765 idem
646 4706 996 4764 sentiendum
1057 4706 1224 4764 facta,
1260 4703 1440 4758 fcedus
1485 4701 1630 4758 inter
1673 4717 1733 4757 se
1781 4701 1935 4772 pepi-

347 4809 566 4873 gerunt,
592 4815 704 4870 quo
737 4799 1003 4869 ﬁngerent
1033 4797 1539 4864 ementirenturque
1563 4809 1626 4848 ea
1651 4809 1771 4862 quae
1799 4808 1934 4848 nus-

346 4909 513 4964 quam
561 4892 703 4948 l‘acta
735 4890 956 4946 essent?
981 4899 1034 4945 et
1064 4889 1266 4959 quibus
1300 4887 1599 4942 verisimile
1639 4887 1788 4942 dictu
1824 4893 1932 4950 est,

344 4988 474 5042 illos
498 5001 622 5041 esse
652 4999 785 5039 usos
813 4983 1000 5038 verbis
1031 4982 1087 5036 in
1124 4981 1370 5036 foedere?
1398 4994 1529 5034 num
1559 4979 1787 5034 forsitan
1809 4979 1934 5033 tali-

347 5079 490 5134 bus?
519 5075 633 5130 Viri
693 5075 878 5139 amici,
915 5078 1207 5144 quisquam
1254 5071 1420 5128 fuerit
1459 5072 1552 5126 ille
1586 5071 1679 5142 qui
1712 5071 1828 5126 heri
1867 5085 1934 5126 ac

348 5184 525 5239 nuper
555 5167 874 5231 seducebat,
907 5180 972 5219 ac
995 5163 1332 5234 deceptionis
1362 5169 1480 5218 erat
1509 5162 1790 5233 magister,
1819 5161 1936 5232 qui-

347 5276 458 5332 que
488 5259 545 5313 in
574 5257 752 5313 oculis
786 5256 1033 5310 omnium
1066 5255 1271 5309 nostris
1301 5261 1605 5310 extremum
1629 5252 1778 5308 dedit
1803 5267 1935 5321 sup-

349 5352 597 5422 plicium,
633 5349 734 5418 ipsi
771 5347 1090 5418 planissime
1114 5344 1654 5416 exquisitissimeque
1685 5343 1930 5398 omnium

348 5445 628 5506 novimus,
663 5448 870 5511 utpote,
904 5441 997 5510 qui
1036 5447 1092 5494 et
1121 5439 1400 5508 discipuli,
1427 5447 1481 5492 et
1517 5437 1666 5492 illius
1704 5449 1934 5490 arcano-

347 5551 474 5592 rum
519 5535 730 5590 conscii
780 5533 1046 5588 fuerimtts
1075 5546 1088 5580 τ
1121 5529 1322 5601 dignus
1357 5529 1448 5584 ille
1491 5529 1714 5599 quidem
1750 5527 1932 5596 aliqua

349 5630 700 5686 veneratione
737 5643 766 5682 a
795 5626 984 5684 multis
1023 5625 1370 5692 censebatur,
1401 5623 1499 5682 sed
1531 5629 1712 5679 tamen
1752 5623 1932 5678 omnis

2036 4519 2259 4592 θώμεθα
2285 4523 2413 4594 περὶ
2438 4521 2605 4575 αὐτοῦ
2638 4523 2927 4593 σύμφωνον
2959 4521 3267 4592 ἐξενεγκεῖν
3291 4523 3373 4589 είς
3412 4524 3636 4587 πάντας

2036 4612 2357 4685 ἀνθρώπους
2401 4614 2630 4685 πλάνην,
2678 4617 2773 4669 καὶ
2804 4616 3053 4687 λέγωμεν
3102 4614 3408 4688 ἑωρακέναι
3457 4617 3637 4671 αὑτὸν

2035 4706 2254 4775 τυφλοῖς
2281 4706 2342 4759 τὸ
2365 4706 2582 4777 βλέπειν
2609 4709 3026 4780 κεχαρισμένον,
3052 4708 3081 4761 ὃ
3108 4708 3284 4770 οὐδείς
3311 4707 3434 4761 ποθ’
3463 4710 3637 4780 ἡμῶν

2039 4797 2290 4869 ίστόρησε
2309 4815 2324 4828 ι
2358 4799 2455 4853 καὶ
2482 4802 2688 4868 κωφοῖς
2714 4801 2813 4872 τὴν
2841 4799 3010 4870 ἀκοὴν
3040 4801 3364 4869 παρασχεῖν,
3393 4797 3424 4850 ὃ
3449 4799 3637 4863 οὐδείς

2037 4888 2157 4941 ποθ’
2187 4889 2344 4960 ήμῶν
2391 4890 2621 4961 ἤκουσε·
2665 4890 2897 4962 λεπρούς
2938 4905 3000 4942 τε
3037 4889 3357 4962 καθαρίσαι,
3400 4892 3500 4944 καὶ
3538 4909 3635 4944 νε·-

2035 4981 2204 5052 κροὺς
2228 4982 2471 5053 ἐγεῖραι·
2503 4983 2598 5036 καὶ
2628 4982 2929 5054 συλλήϐδην
2952 4983 3150 5049 εἰπεῖν,
3179 4981 3215 5036 ὃ.
3246 4983 3383 5053 μήτε
3407 4983 3638 5054 εἴδομεν

2035 5075 2176 5145 πρὸς
2205 5075 2371 5128 αὐτοῦ
2415 5075 2750 5148 πραχθέντα,
2795 5077 2932 5147 μήτε
2984 5075 3304 5147 ἠκούσαμεν
3333 5075 3635 5145 λεχθέντα,

2033 5167 2205 5220 ταῦτα
2239 5169 2314 5232 ὡς
2349 5167 2566 5239 ἀληθῶς
2599 5168 2965 5240 πεπραγμένα
3005 5166 3423 5238 διατεινώμεθα.
3485 5169 3635 5223 Ἀλλ’

2035 5261 2158 5313 ἐπεὶ⁵
2199 5261 2293 5313 καὶ
2334 5262 2368 5330 ἡ
2412 5259 2617 5332 ἐσχάτη
2653 5261 2818 5315 αὑτοῦ
2858 5261 3084 5332 τελευτὴ
3137 5259 3467 5332 περιϐόητον
3499 5262 3641 5331 ἔσχε

2039 5354 2136 5403 καὶ
2191 5349 2421 5420 διαφανῆ
2471 5351 2563 5405 τὸν
2609 5351 2858 5414 θάνατον,
2911 5351 2987 5416 ὡς
3034 5352 3109 5424 μὴ
3159 5351 3422 5406 δύνασθαι
3461 5354 3642 5407 αὐτὸν

2041 5440 2470 5510 ἐπικρύψασθαι,
2508 5441 2643 5494 ἀλλὰ
2685 5443 2780 5495 καὶ
2813 5441 3002 5495 τοῦτον
3044 5443 3205 5513 ἡμεῖς
3247 5442 3643 5514 ἀδωτρέπτως

2039 5532 2410 5604 ἐπιλυώμεθα,
2443 5535 2847 5607 μαρτυροῦντες
2871 5529 2930 5588 εὖ
2974 5535 3120 5607 μάλα
3151 5535 3406 5600 ἀναιδῶς,
3446 5536 3531 5588 ὅτι
3562 5535 3643 5605 δὴ

2043 5625 2207 5680 πᾶσιν
2242 5627 2377 5696 ἡμῖν
2413 5626 2553 5698 μετά
2592 5626 2656 5681 τὸ
2692 5629 2756 5682 ὲκ
2798 5625 3009 5699 νεκρῶν
3054 5626 3355 5682 ἀναϐιῶναι
3403 5628 3649 5697 συνεγέ-
