3828 6216
203 306 311 364 105

1133 303 1796 364 DEMONSTRATIONIS
1834 301 2292 366 EVANGELICIE
2333 303 2462 363 LIB.
2499 301 2593 362 1η.

3373 307 3482 364 206

209 439 349 488 νετο,
380 422 570 488 ἑστίας
586 440 647 476 τε
666 422 768 478 καὶ
785 422 995 495 τροφῆς
1027 426 1290 496 συνήθους
1313 424 1660 496 ἐκοινώνησε.
1687 426 1791 478 Φυ-
1821 433 1855 488 Α

1901 424 2048 495 illius
2100 439 2256 480 mens
2309 433 2449 490 erat,
2484 432 2546 479 ut
2587 423 2740 479 omni
2783 437 2967 479 rerum
3012 436 3208 496 genere
3250 435 3479 480 caeteros

203 515 487 568 λαττέσθω
513 515 560 568 δ’
598 518 736 587 ἡμῖν
761 519 898 570 πᾶσι
930 517 991 570 τὸ
1028 518 1243 582 ἀναιδὲς
1272 519 1365 571 καὶ
1411 518 1794 589 ἀδιάτρεπτον,

205 607 420 677 μενέτω
441 607 499 661 δὲ
527 606 782 671 ἔκστασις
817 608 980 680 μέχρι
1013 608 1246 664 θανάτου
1265 625 1280 640 ⁸
1321 609 1376 662 τί
1405 610 1516 681 γὰρ
1548 609 1642 664 καὶ
1674 609 1797 662 ἄτο·

204 716 304 752 πον
339 699 483 770 ὑπὲρ
506 699 604 752 τοῦ
633 699 864 772 μηδενὸς
896 700 1296 772 ἀποθνήσκειν;
1325 701 1464 756 τίδὲ
1496 701 1591 755 καὶ
1613 701 1794 764 λυπεῖ,

205 789 438 862 μηδενὸς
469 790 694 859 εὐλόγου
721 792 904 865 χάριν,
931 792 1204 864 μάστιγας
1232 793 1327 848 καὶ
1357 793 1626 864 βασάνους
1653 792 1797 847 κατά

199 883 298 936 τοῦ
329 883 584 955 σώματος
611 885 830 955 λαϐεῖν;
859 889 908 941 εί
934 888 991 942 δὲ
1017 887 1127 942 δέοι
1151 889 1243 942 καὶ
1264 888 1657 959 δεσμωτηρίων
1684 903 1796 940 πει-

202 975 428 1047 ρᾶσθαι,
459 977 696 1048 ἀτιμιῶν
732 996 792 1032 τε
840 980 934 1033 καὶ
979 979 1189 1053 ὕϐρεων
1224 980 1365 1051 ὑπὲρ
1405 979 1621 1044 οὐδενὸς
1663 979 1798 1050 ἀλη-

201 1081 349 1145 θοῦς,
385 1083 479 1137 καὶ
511 1083 659 1136 τοῦθ’
693 1085 825 1155 ἡμῖν
856 1085 959 1157 ήδη
997 1085 1405 1158 μεμελετήσθω.
1451 1084 1797 1156 Ψευδώμεθα

200 1174 268 1245 δὴ
302 1175 508 1239 πάντες
535 1174 673 1245 ὁμοῦ
705 1176 1037 1248 συμφώνως,
1065 1178 1160 1232 καὶ
1187 1176 1556 1249 πλαττώμεθα
1596 1177 1684 1230 ἐπ’
1712 1177 1796 1230 οὐ·

198 1276 351 1341 δενὸς
404 1277 674 1349 ὠφελείᾳ,
716 1277 831 1332 οὗθ’
867 1279 1061 1351 ἡμῶν,
1095 1278 1220 1334 οὔτε
1250 1280 1358 1335 τῶν
1396 1279 1793 1351 ἀπατωμένων,

198 1368 323 1422 οὐδὲ
349 1368 459 1440 μὴν
485 1370 651 1423 αὐτοῦ
677 1369 772 1423 τοῦ
799 1371 866 1425 τὰ
888 1372 1062 1443 ψευδῆ
1087 1372 1224 1446 πρὸς
1256 1372 1414 1445 ήμῶν
1443 1372 1795 1444 ὲκθειαζομέ-

200 1478 320 1515 νου.
367 1461 648 1534 Τείνωμεν
692 1464 751 1518 δὲ
796 1465 858 1518 τὸ
909 1465 1123 1536 ψεῦδος,
1176 1466 1252 1538 μὴ
1289 1467 1384 1520 ἐπὶ
1422 1468 1623 1538 μόνους
1667 1467 1796 1530 τοὺς

200 1555 505 1624 ὁμοεθνεῖς,
538 1557 677 1612 ἀλλά
707 1557 802 1612 καὶ
834 1560 916 1623 εἰς
957 1559 1165 1624 πάντας
1198 1559 1555 1633 προελθόντες
1587 1557 1796 1630 ἀνθρώ-

201 1663 364 1712 πους,
408 1649 503 1703 καὶ
543 1650 839 1721 σύμπασαν
865 1651 965 1723 τὴν
992 1653 1322 1724 οἰκουμένην
1355 1651 1795 1723 καταπλήσωμεν

201 1742 313 1796 τῶν
370 1743 501 1814 περὶ
545 1742 711 1796 αὑτοῦ
759 1744 1180 1815 συντιθεμένων.
1234 1743 1374 1816 Ἤδη
1429 1743 1487 1798 δὲ
1546 1742 1794 1796 ἐντεῦθεν

203 1835 593 1906 νομοθετῶμεν
625 1837 759 1891 πᾶσι
799 1839 911 1900 τοῖς
954 1835 1164 1892 ἔθνεσιν
1199 1837 1534 1909 ἀντίστροφα
1574 1839 1696 1898 ταῖς
1734 1834 1796 1902 ἐξ

203 1929 404 1992 αἰῶνος
428 1933 556 2002 παρ’
592 1931 776 1994 αὐτοῖς
803 1931 934 2001 περὶ
962 1929 1072 1984 τῶν
1101 1931 1372 2003 πατρῴων
1417 1931 1554 1985 θεῶν
1590 1930 1791 1994 δόξαις.

203 2034 535 2105 Κελεύωμεν
572 2034 866 2106 Ῥωμαίοις
907 2035 1091 2099 αὐτοῖς
1124 2034 1410 2107 πρώτιστα
1451 2035 1670 2090 πάντων
1715 2036 1794 2107 μὴ

206 2127 389 2180 σέϐειν
419 2125 515 2189 οὓς
554 2125 786 2197 ἡγοῦντο
817 2125 974 2191 θεοὺς
1004 2129 1052 2180 οί
1094 2129 1460 2200 προπάτορες.
1497 2127 1795 2200 Παρίωμεν

201 2217 261 2271 δὲ
291 2220 389 2272 καὶ
427 2218 521 2271 ὲπὶ
549 2217 650 2289 τὴν
684 2217 932 2284 Ἐλλάδα,
975 2219 1073 2272 καὶ
1102 2222 1216 2282 τοῖς
1249 2219 1454 2273 τούτων
1495 2222 1678 2290 σοφοῖς
1703 2220 1797 2272 ἀν-

201 2311 655 2384 ⁸τωιηρύττωμεψ
727 2311 850 2383 μηδ’
916 2313 1246 2381 Αἰγυπτίους
1316 2313 1564 2384 ἀνῶμεν,
1638 2312 1796 2366 πολε-

205 2402 407 2474 μῶμεν
457 2402 517 2456 δὲ
571 2402 667 2458 καὶ
709 2403 836 2466 τοὺς
896 2404 1104 2457 τούτων
1166 2403 1356 2468 θεοὺς,
1424 2404 1500 2476 μὴ
1555 2405 1624 2458 τὰ
1668 2406 1801 2458 Μω-

205 2497 346 2560 σέως
383 2494 625 2568 πρόσθεν
671 2498 795 2550 κατ’
836 2497 1017 2551 αὐτῶν
1061 2497 1331 2567 γενόμενα
1370 2498 1794 2568 ἀνατεινόμενοι,

196 2589 297 2642 τὸν
337 2588 396 2641 δὲ
428 2587 524 2642 τοῦ
554 2589 824 2661 ἡμετέρου
852 2589 1172 2643 διδασκάλου
1219 2590 1470 2654 θάνατον,
1513 2589 1702 2662 ῶσπερ
1743 2608 1797 2643 τι

204 2680 503 2751 φόϐητρόν,
530 2680 716 2743 αὐτοῖς
750 2681 1181 2744 ἀντιτάττοντες·
1219 2683 1314 2735 καὶ
1340 2682 1440 2752 τὴν
1473 2683 1566 2736 ἀπ’
1601 2681 1797 2747 αἰῶνος

204 2770 267 2836 ἐξ
292 2771 478 2826 αὐτῶν
515 2772 596 2836 είς
633 2772 843 2835 πάντας
884 2771 1208 2843 ἀνθρώπους
1252 2773 1623 2845 προελθοῦσαν
1669 2775 1800 2843 περὶ

205 2863 349 2917 θεῶν
392 2865 604 2936 φήμην,
647 2864 724 2935 μὴ
770 2865 1062 2935 ῥηματίοις
1099 2868 1196 2920 καὶ
1228 2865 1432 2935 λόγοις,
1472 2866 1697 2936 δυνάμει
1741 2867 1799 2919 δὲ

204 2956 302 3010 τοῦ
324 2956 736 3028 σταυρωθέντος
759 2958 1080 3012 διδασκάλου
1106 2959 1484 3030 καταλύωμεν.
1522 2957 1798 3030 Ἀπίωμεν

206 3050 302 3107 καὶ
337 3049 438 3102 ἐπὶ
473 3049 576 3120 τὴν
612 3048 780 3118 ἄλλην
821 3049 1098 3124 βάρϐαρον
1127 3051 1250 3123 γῆν,
1279 3053 1374 3106 καὶ
1404 3052 1472 3108 τά
1506 3051 1658 3123 παρὰ
1686 3054 1800 3116 τοῖς

207 3142 378 3194 πᾶσιν
425 3142 847 3213 ἀνατρέπωμεν.
899 3143 1239 3215 Πωθυμίαις
1297 3144 1353 3198 δὲ
1407 3145 1595 3215 μηδεὶς
1640 3144 1869 3216 quam

209 3231 512 3286 ktdww'
540 3232 665 3286 οὔτε
694 3235 804 3306 γὰρ
829 3235 1022 3307 μικρὸς
1043 3238 1071 3288 ό
1090 3232 1252 3300 ἆθλος
1278 3237 1387 3290 τῶν
1413 3237 1798 3308 τολμωμένων,

210 3325 335 3378 ἐπεὶ
362 3324 442 3396 μὴ
465 3325 536 3378 τά
562 3327 796 3396 τυχόντα
828 3327 1057 3398 βραδεῖα
1085 3329 1232 3398 ἡμᾶς
1258 3329 1559 3396 ἐκδέξεται,
1593 3328 1709 3383 ἀλλ’
1741 3331 1801 3384 αἱ

210 3415 319 3468 ἀπὸ
351 3416 464 3468 τῶν
499 3419 632 3487 παρ’
661 3419 934 3482 ἑκάστοις,
969 3420 1046 3482 ὡς
1077 3420 1260 3484 εἰκὸς,
1304 3422 1484 3492 νόμων
1513 3423 1798 3494 τιμωρίαι,

206 3505 386 3578 δεσμὰ
413 3507 618 3580 δηλαδὴ
661 3511 757 3565 καὶ
795 3511 1019 3582 βάσανοι
1050 3513 1146 3566 καὶ
1180 3513 1444 3582 φυλακαὶ,
1474 3513 1587 3586 πῦρ
1618 3532 1674 3568 τε
1707 3517 1802 3570 καὶ

212 3599 457 3671 σίδηρος,
489 3603 586 3656 καὶ
612 3602 857 3674 σταυροὶ,
885 3606 982 3658 καὶ
1009 3605 1200 3676 θῆρες,
1228 3598 1304 3662 ὧν
1328 3607 1565 3677 μάλιστα
1596 3607 1804 3679 προθυ-

212 3708 439 3779 μητέον,
474 3709 720 3775 καὶπῶς
759 3714 951 3776 κακοῖς
979 3713 1146 3784 ὁμόσε
1183 3714 1459 3785 χωρητέον
1494 3716 1802 3786 ὑπόδειγμα

207 3798 303 3851 τὸν
342 3798 668 3854 διδάσκαλον
712 3803 1088 3874 κεκτημένοις.
1121 3803 1187 3855 Τί
1219 3804 1328 3874 γὰρ
1360 3803 1566 3858 τούτων
1601 3804 1800 3872 γένοιτ’

209 3891 279 3945 ἂν
325 3891 573 3959 κάλλιον,
615 3893 844 3966 ἐχθροὺς
883 3896 978 3949 καὶ
1026 3895 1170 3960 θεοῖς
1209 3898 1306 3951 καὶ
1349 3897 1660 3968 ἀνθρώποις
1710 3897 1799 3951 ἐπ’

209 3981 392 4036 οὐδενὶ
454 3983 600 4054 λόγῳ
663 3984 1006 4056 καταστῆναι
1063 3988 1161 4041 καὶ
1199 3989 1408 4058 μήποτε
1452 3987 1608 4058 ἡδέος
1661 3987 1803 4041 ἀπο-

208 4072 409 4127 λαῦσαι
439 4091 607 4140 τινος,
637 4077 776 4147 μήτε
802 4075 912 4130 τῶν
936 4077 1205 4147 φιλτάτων
1230 4079 1479 4144 ὄνασθαι,
1503 4083 1641 4153 μήτε
1668 4099 1802 4152 χρη-

214 4165 406 4237 μάτων
438 4169 644 4238 τυχεῖν,
674 4171 812 4240 μήτε
839 4169 986 4234 τινὸς
1015 4171 1222 4240 ἀγαθοῦ
1249 4172 1309 4225 τὸ
1333 4174 1590 4244 παράπαν
1613 4174 1802 4227 ἐλπίδα

211 4258 546 4329 κτήσασθαι,
569 4259 692 4330 εἰκῆ
712 4260 769 4313 δὲ
791 4262 888 4314 καὶ
914 4260 1092 4334 μάτην
1117 4264 1422 4320 πλανᾶσθαι
1446 4267 1541 4320 καὶ⁵
1571 4265 1800 4338 πλανᾷν;

209 4347 391 4404 Τοῦτο
421 4348 534 4420 γάρ
565 4345 634 4420 ἦν
654 4349 718 4403 τὸ
747 4353 1048 4426 συμφέρον,
1083 4355 1176 4408 καὶ
1211 4354 1273 4408 τὸ
1301 4355 1562 4427 φέρεσθαι
1589 4356 1802 4422 ἐξενανο

1897 523 2203 588 superaret,
2250 530 2314 572 ac
2351 532 2421 573 nc
2465 531 2724 588 magnum
2773 517 2991 588 quidem
3044 530 3274 588 prorsus
3317 519 3481 588 quid-

1896 623 2061 681 quam
2105 609 2206 672 illi,
2239 617 2335 665 aut
2382 609 2560 666 reditu
2595 609 2653 665 in
2693 611 2860 665 vitam
2894 609 3121 681 dignum
3159 617 3344 665 actum
3371 618 3478 674 est,

1896 700 2007 756 nisi
2034 699 2160 770 quis
2198 698 2340 756 dolis
2378 700 2640 770 omnique
2681 701 3035 757 simulatione
3062 699 3300 756 refertos
3329 701 3480 757 illius

1904 792 2114 848 referat
2187 807 2413 858 mores,
2470 801 2526 849 et
2593 794 2743 865 quod
2801 794 2952 864 ipsos
3009 807 3112 848 nos
3149 807 3312 848 usum
3353 808 3482 852 ver--

1897 884 2190 950 sutiarum,
2240 886 2572 956 inanemque
2613 885 2938 957 iactantiam
2987 899 3087 957 per
3135 884 3384 940 fraudem
3416 901 3482 940 ac

1897 977 2085 1032 dolum
2108 977 2378 1035 docuerit.
2412 978 2686 1045 Quocirca
2721 978 2940 1043 demus,
2968 993 3177 1049 quaeso,
3205 979 3349 1035 inter
3377 995 3482 1036 nos

1897 1068 2142 1135 dextras,
2176 1069 2448 1140 simulque
2484 1085 2674 1125 omnes
2707 1071 2886 1128 imdus
2913 1072 3281 1141 paciscamur,
3313 1080 3376 1127 ut
3409 1072 3480 1129 de

1896 1158 1992 1212 illo
2017 1158 2072 1212 in
2101 1166 2332 1214 cunctos
2361 1159 2611 1215 homines
2635 1159 3013 1231 deceptionem
3036 1177 3337 1218 consonam
3360 1178 3482 1232 pro-

1898 1247 2574 1322 feramus,narremusque
2602 1250 2807 1307 vidisse
2835 1267 2938 1310 nos
2971 1253 3126 1308 illum
3155 1253 3286 1311 dum
3316 1255 3480 1310 caecis

1895 1339 2074 1396 visum
2109 1340 2423 1413 largiretur,
2460 1341 2678 1398 tametsi
2721 1341 2909 1398 nullus
2939 1353 3186 1412 unquam
3223 1350 3482 1401 nostrum

1896 1433 2001 1492 hoc
2041 1433 2194 1498 vidit,
2229 1443 2283 1490 et
2317 1434 2448 1489 dum
2492 1434 2677 1490 surdis
2723 1433 2969 1490 auditum
3000 1435 3295 1506 praeberet,
3331 1435 3482 1505 quod

1895 1527 2115 1597 quidem
2164 1527 2351 1582 nullus
2395 1542 2636 1598 unquam
2688 1536 2938 1583 nostrum
2989 1529 3219 1594 audivit,
3250 1538 3306 1585 et
3346 1530 3483 1585 dum

1896 1619 2143 1690 leprosos
2176 1628 2454 1692 purgaret,
2473 1627 2830 1692 mortuosque
2857 1621 2926 1676 ad
2949 1622 3117 1676 vitam
3140 1622 3480 1677 restitueret.

1896 1712 2141 1784 Denique
2169 1728 2232 1768 ea
2263 1729 2386 1784 qum
2412 1722 2603 1784 ‘nequo
2630 1713 2773 1768 facta
2810 1714 2880 1769 ab
2921 1713 3017 1768 illo
3050 1714 3328 1777 novimus,
3367 1730 3482 1768 ne-

1826 1796 1871 1851 Β
1896 1820 2002 1875 que
2025 1805 2173 1858 dicta
2201 1805 2534 1870 audivimus,
2559 1813 2822 1877 tanquam
2845 1818 2974 1862 vere
3001 1813 3154 1878 gesta
3181 1805 3483 1869 contenda-

1896 1911 2041 1951 mus.
2102 1894 2304 1952 Verum
2357 1897 2619 1966 quoniam
2673 1905 2982 1952 extremum
3034 1898 3187 1954 illius
3236 1906 3478 1968 tempus,

1859 2044 1863 2048 .
1894 1989 2164 2044 celebrem
2215 1989 2406 2043 habuit
2433 1998 2488 2044 et
2517 1989 2866 2059 perspicuum
2898 1989 3202 2054 interitum,
3239 1997 3297 2044 ut
3333 2006 3486 2046 nus-

1895 2095 2060 2150 quam
2102 2081 2171 2136 ab
2210 2080 2303 2134 illo
2334 2079 2601 2136 occultari
2631 2081 2894 2150 potuerit,
2939 2095 3040 2137 nos
3097 2080 3225 2136 huic
3262 2095 3484 2152 quoque

1895 2171 2246 2228 incommodo
2276 2180 2425 2228 recta
2463 2179 2751 2243 pergentes
2790 2185 3180 2239 occurramus;
3215 2171 3482 2230 testiﬁce-

1895 2279 2131 2334 murque
2180 2265 2342 2334 plane
2394 2264 2534 2319 bene
2575 2263 2940 2336 impudenter,
2975 2265 3130 2319 illum
3185 2272 3485 2335 postquam

1901 2356 2062 2430 114
2092 2372 2122 2410 a
2155 2363 2332 2412 morte
2361 2356 2429 2411 ad
2456 2356 2624 2411 vitam
2650 2355 2896 2419 redierit,
2929 2356 3075 2412 inter
3097 2369 3200 2411 nos
3222 2369 3347 2412 esse
3365 2371 3486 2410 ver-

1897 2458 2100 2514 satum,
2151 2448 2444 2520 iocumque
2499 2457 2554 2503 et
2595 2449 2787 2504 cibum
2815 2457 3142 2504 consuetum
3192 2447 3484 2507 nobiscum

1895 2556 2217 2613 usurpasse.
2262 2541 2636 2597 Conservetur
2684 2549 2865 2596 autem
2910 2540 2983 2594 ab
3032 2541 3290 2596 omnibus
3322 2540 3486 2596 nobis

1896 2633 2252 2702 impudentia:
2324 2630 2897 2702 immutabilitatisque
2937 2639 3117 2698 tenor,
3161 2638 3216 2690 et
3262 2639 3486 2688 maneat

1898 2724 2015 2778 haec
2047 2724 2247 2780 mentis
2278 2723 2534 2780 alienatio
2567 2739 2742 2794 usque
2775 2723 2845 2778 ad
2876 2731 3139 2789 mortem;
3173 2724 3306 2795 quid
3333 2725 3484 2781 enim

1898 2813 2122 2869 absurdi
2155 2813 2315 2869 habet
2343 2827 2442 2884 pro
2475 2813 2649 2868 nihilo
2678 2814 2839 2880 mori,
2868 2821 2964 2868 aut
3005 2814 3139 2884 quid
3169 2815 3488 2885 quempiam

1897 2904 2155 2972 oﬁ‘endat,
2169 2907 2318 2960 nulla
2348 2905 2618 2976 probabili
2643 2920 2831 2971 causa,
2852 2907 3078 2962 verbera
3099 2914 3486 2977 tormentaque

1897 2999 1956 3053 in
1986 3013 2236 3070 corpore,
2267 3007 2322 3053 et
2370 2999 2418 3053 si
2466 3012 2607 3070 opus
2654 2997 2748 3060 sit,
2784 2997 3004 3052 vincula
3029 3013 3248 3069 quoque
3273 3006 3329 3054 et
3358 3013 3488 3054 car-

1901 3106 2076 3156 ceres,
2101 3106 2203 3147 nec
2238 3105 2348 3146 non
2381 3090 2747 3146 contumelias
2764 3099 2819 3145 et
2861 3091 3065 3161 probra
3100 3092 3305 3149 nullius
3341 3108 3488 3148 vera:

1903 3185 1981 3240 rei
2022 3184 2196 3256 gratia
2244 3183 2522 3254 experiri?
2561 3181 2677 3237 Hoc
2713 3181 2880 3252 igitur
2905 3182 3019 3252 jam
3057 3197 3208 3238 nunc
3252 3184 3488 3242 medite-

1903 3293 2046 3344 mur,
2098 3277 2538 3346 mentiamurque
2587 3290 2782 3330 omnes
2813 3290 2927 3330 uno
2957 3289 3076 3340 ore,
3107 3285 3162 3332 et
3215 3276 3486 3348 ﬁngamus

1903 3385 1989 3438 ea,
2019 3385 2142 3442 qua:
2194 3384 2372 3440 neque
2405 3369 2571 3424 alicui
2622 3376 2875 3424 nostrum
2931 3370 3085 3424 utilia
3127 3370 3313 3427 futura
3348 3371 3486 3436 sint,

1903 3479 2080 3536 neque
2129 3465 2290 3520 alicui
2340 3479 2532 3520 eorum
2590 3479 2732 3534 quos
2787 3465 3146 3535 decipiemus,
3188 3477 3254 3520 ac
3297 3481 3367 3522 ne
3406 3467 3490 3521 illi

1903 3558 2122 3628 quidem
2173 3559 2267 3628 qui
2313 3571 2345 3611 a
2394 3556 2554 3612 nobis
2611 3556 2902 3612 mendacio
2953 3559 3268 3616 extollitur.
3297 3566 3352 3613 et
3383 3574 3490 3630 pro

1903 3649 2015 3705 Deo
2041 3647 2479 3705 commendatur.
2513 3648 2684 3704 Porro
2711 3657 2893 3705 autem
2923 3651 3270 3706 mendacium
3306 3651 3489 3708 inten-

1903 3740 2103 3795 damus
2156 3755 2267 3794 non
2329 3739 2493 3795 modo
2535 3741 2592 3795 in
2634 3749 2840 3796 nostra;
2872 3743 3048 3812 gentis
3086 3741 3357 3807 homines,
3386 3745 3486 3803 sed

1905 3833 1960 3888 in
2001 3847 2164 3888 omne
2209 3832 2438 3888 omnino
2489 3831 2776 3889 hominum
2820 3847 3016 3904 genus,
3059 3841 3347 3906 totumque
3391 3852 3488 3891 or-

1901 3927 2026 3983 bem
2077 3935 2352 3982 terrarum
2373 3926 2481 3982 hoc
2507 3941 2718 3998 errore,
2753 3927 2932 3996 iisque
2969 3943 3091 3998 quae
3113 3928 3181 3984 de
3209 3928 3305 3984 illo
3339 3929 3486 3985 inter

1903 4035 2006 4075 nos
2051 4021 2464 4091 composuimus
2523 4020 2870 4091 impleamus.
2931 4019 3162 4091 Jamque
3224 4021 3487 4092 deinceps

1902 4115 2050 4185 leges
2080 4115 2218 4168 alias
2243 4114 2458 4169 cunctis
2477 4113 2732 4185 gentibus
2764 4114 3130 4184 imponamus,
3150 4128 3270 4183 qua:
3293 4129 3487 4170 omnes

1902 4203 2151 4258 omnium
2195 4203 2263 4259 de
2313 4204 2510 4274 patriis
2560 4204 2806 4275 ipsorum
2846 4204 2955 4260 diis
2985 4205 3278 4275 opiniones
3310 4219 3488 4275 oppu-

1904 4306 2073 4369 gnent
2105 4305 2271 4368 atque
2317 4303 2590 4360 evertant,
2632 4312 2992 4367 quascunque
3020 4313 3050 4350 a
3094 4297 3315 4351 condito
3369 4311 3488 4350 aevo

1904 4390 2219 4454 habuerint,
2246 4389 2690 4460 imperemusque
2705 4389 2899 4459 primis
2924 4389 3170 4444 omnium
3198 4386 3484 4448 Romanis.

210 4455 337 4520 τίας
368 4457 505 4510 πᾶσι
526 4459 639 4520 τοῖς
660 4456 860 4523 ἔθνεσι,
888 4457 1068 4543 καὶτὸ
1093 4458 1236 4523 θεοῖς
1259 4460 1360 4530 μὲν
1377 4463 1491 4526 τοῖς
1519 4461 1580 4527 ἐξ
1607 4462 1802 4528 αἰῶνος
1834 4499 1855 4554 ι

1907 4496 1976 4536 ne
2025 4483 2212 4536 colant
2263 4455 2403 4553 quos
2450 4455 2988 4551 majores—ipsorum
3046 4480 3184 4536 deos
3238 4479 3490 4536 arbitrati

214 4549 371 4620 παρά
428 4551 596 4603 πᾶσιν
649 4536 1098 4624 ὡμολογημένοις
1139 4555 1418 4624 πολεμεῖν,
1483 4555 1575 4608 τὸν
1613 4555 1662 4608 δ’
1709 4557 1802 4610 ὑπ’

213 4641 521 4713 ὀφθαλμοῖς
563 4642 722 4714 ήμῶν
751 4645 932 4699 αὐτῶν
961 4644 1300 4711 διδάσκαλον,
1335 4647 1472 4700 Θεὸν
1517 4644 1678 4711 εἶναι,
1709 4647 1805 4702 καὶ

212 4733 354 4788 Θεοῦ
385 4734 552 4788 παῖδα
581 4735 894 4808 κηρύττειν,
945 4738 1086 4809 ὑπὲρ
1118 4733 1180 4792 οὗ
1207 4740 1301 4792 καὶ
1327 4740 1526 4803 αὐτοὺς
1551 4738 1804 4811 θνήσκειν

216 4823 477 4895 ἑτοίμους
513 4819 677 4892 εῖναι,
709 4826 880 4898 μηδὲν
907 4826 1105 4900 ἀληθὲς
1131 4828 1262 4903 παρ’
1304 4829 1470 4883 αὐτοῦ
1501 4830 1626 4901 μηδ’
1661 4830 1804 4899 ὠφέ-

215 4915 379 4989 λιμον
410 4917 822 4990 μεμαθηκότας.
859 4921 1043 4992 Ταύτῃ
1076 4923 1122 4976 δ’
1151 4919 1246 4978 οὖν
1277 4925 1371 4978 καὶ
1413 4924 1612 4995 μᾶλλον
1641 4943 1805 4998 τιμη-

216 5025 345 5079 τέον
367 5023 556 5090 αὐτὸν,
593 5027 643 5079 εί
677 5026 844 5098 μηδὲν
878 5028 1026 5098 ἡμᾶς
1058 5028 1256 5100 ὢνησε,
1293 5029 1473 5083 πάντα
1502 5047 1562 5084 τε
1604 5031 1696 5084 ἐπὶ
1726 5030 1804 5101 τῷ

216 5116 443 5183 δοξάσαι
471 5117 637 5172 αὐτοῦ
665 5119 765 5191 τὴν
793 5120 1164 5191 προσηγορίαν
1191 5124 1459 5192 ποιητέον,
1492 5125 1586 5178 καὶ
1623 5125 1804 5188 πάσας

219 5209 411 5283 ὕϐρεις
441 5211 538 5264 καὶ
567 5213 837 5284 τιμωρίας
870 5215 1259 5288 ὁπομενητέον,
1297 5218 1475 5273 πάντα
1504 5235 1565 5271 τε
1602 5219 1804 5292 τρόπον

219 5302 546 5358 ἀναδεκτέον
583 5303 837 5372 θανάτου,
881 5307 1023 5382 ὑπὲρ
1063 5307 1290 5381 μηδενὸς
1325 5309 1576 5382 ἀληθοῦς,
1617 5310 1804 5365 Κακὺν

219 5395 330 5469 γὰρ
360 5396 494 5462 ἴσως
536 5398 785 5471 ἀλήθεια,
821 5400 884 5455 τὸ
922 5402 981 5456 δὲ
1025 5401 1218 5473 ψεῦδος
1257 5402 1370 5475 ἔχει
1401 5403 1496 5457 τοῦ
1531 5403 1706 5458 κακοῦ
1739 5405 1803 5456 τὸ

220 5489 494 5545 ἐναντίον·
523 5491 608 5545 διὸ
638 5491 888 5565 λέγωμεν
906 5535 921 5560 ,
956 5495 1045 5547 ὅτι
1073 5496 1170 5548 καὶ
1198 5496 1426 5567 νεκροὺς
1457 5496 1673 5568 ἤγειρε,
1707 5497 1804 5550 καὶ

223 5581 459 5654 λεπροὺς
485 5585 803 5658 ἐκαθάρισε,
826 5590 922 5642 καὶ
942 5587 1200 5660 δαίμονας
1223 5590 1411 5662 ἤλασε,
1443 5591 1539 5644 καὶ
1567 5589 1676 5644 τῶν
1708 5589 1804 5644 ἄλ⁴

224 5671 328 5726 λων
370 5676 690 5746 παραδόξων
732 5676 908 5748 ἔργων
948 5679 1140 5749 γέγονε
1187 5682 1439 5752 ποιητὴς,
1487 5681 1658 5752 μηδὲν
1705 5679 1804 5751 μὲν

223 5767 460 5825 τοιοῦτον
508 5769 660 5842 αὐτῷ
699 5775 1118 5842 συνεγνωκότες,
1152 5776 1362 5838 ἑαυτοῖς
1412 5774 1468 5830 δὲ
1519 5776 1586 5830 τά
1627 5774 1806 5835 πάντα

1907 4579 2059 4627 sunt.
2092 4571 2152 4625 In
2193 4569 2461 4627 Graeciam
2500 4587 2719 4644 quoque
2766 4579 3136 4642 penetremus,
3176 4580 3231 4627 et
3268 4570 3490 4641 sapien-

1904 4663 2054 4718 tibus
2090 4664 2184 4735 qui
2210 4665 2320 4719 illic
2352 4672 2480 4720 sunt
2508 4665 2783 4722 contraria
2817 4665 3032 4734 publice
3061 4663 3386 4727 doceamus,
3422 4669 3518 4718 ae‘

1905 4772 1974 4810 ne
2002 4755 2290 4828 Egyptios
2319 4757 2542 4828 quidem
2567 4758 2912 4823 omittamus,
2944 4756 3042 4813 sed
3079 4757 3322 4826 ipsorum
3347 4769 3491 4828 quo-

1907 4863 2014 4918 que
2049 4850 2183 4905 deos
2235 4853 2444 4921 patrios
2482 4866 2884 4922 oppugnemus,
2931 4864 3043 4905 non
3091 4847 3331 4904 Mosaica
3373 4861 3489 4900 am-

1905 4942 2050 5012 plius
2083 4958 2205 5012 quae
2241 4944 2372 4998 olim
2418 4943 2563 5014 apud
2597 4943 2722 4998 illos
2766 4950 2918 5014 gesta
2951 4949 3081 4999 sunt
3119 4939 3488 5011 proferentes.

1907 5038 2003 5092 sed
2039 5036 2212 5092 nostri
2243 5033 2597 5107 praeceptoris
2654 5033 2934 5089 interitum
2967 5032 3077 5086 illis
3120 5029 3282 5103 quasi
3315 5030 3494 5101 quod-

1906 5132 2031 5187 dam
2085 5129 2298 5200 insigne
2335 5128 2565 5183 terroris
2602 5125 2947 5194 objicientes.
2980 5122 3116 5190 Quae
3140 5137 3273 5179 vero
3301 5124 3491 5193 opinio

1906 5230 1963 5278 et
1985 5221 2127 5275 fama
2157 5220 2225 5275 ab
2247 5218 2405 5273 initio
2434 5219 2504 5272 ab
2540 5217 2673 5280 illis,
2697 5215 2765 5269 ad
2799 5230 2996 5270 omnes
3019 5213 3270 5271 homines
3293 5211 3362 5267 de
3383 5211 3493 5266 diis

1905 5313 2178 5388 pervenit,
2206 5313 2348 5368 hanc
2384 5325 2485 5367 nos
2514 5325 2625 5365 non
2654 5308 2866 5363 voculis
2900 5304 3232 5377 quibusdam
3271 5311 3368 5358 aut
3401 5318 3493 5358 ra-

1905 5409 2172 5470 tionibus,
2220 5404 2316 5460 sed
2370 5401 2724 5474 praeceptoris
2777 5399 3031 5455 cruciﬁxi
3076 5399 3132 5452 vi
3184 5397 3488 5452 diluamus.

1904 5497 2328 5569 Progrediamur
2368 5509 2499 5550 vero
2543 5491 2711 5550 etiam
2757 5493 2813 5547 in
2864 5491 3136 5563 reliquam
3190 5489 3487 5545 barbaram

1907 5597 2138 5654 terram,
2176 5596 2232 5645 et
2258 5603 2378 5660 qua:
2413 5584 2557 5658 apud
2611 5597 2808 5642 omnes
2853 5584 3074 5640 decreta
3104 5591 3239 5637 sunt
3274 5589 3492 5637 everta-

1907 5695 2034 5735 mus
2071 5699 2086 5734 :
2121 5695 2298 5751 neque
2325 5693 2455 5735 vero
2493 5676 2786 5748 quisquam
2817 5683 3072 5731 nostrum
3105 5673 3273 5729 animi
3309 5671 3496 5727 inten-

1908 5774 2117 5831 tionem
2168 5773 2433 5831 remittat.
2459 5767 2581 5827 Non
2629 5769 2778 5829 enim
2828 5768 3084 5840 exiguum
3129 5774 3226 5822 aut
3258 5777 3489 5838 parvum
