3828 6216
337 318 442 376 207
1005 320 1273 378 EUSEBII
1317 319 1794 377 CASSARIENSIS
1831 320 1981 376 OPP.
2019 322 2198 377 PARS
2235 322 2300 378 ll.
2342 325 2915 384 -—APOLOGETICA.

341 447 444 498 riet
477 441 640 512 hujus
685 439 926 496 audaciae
979 442 1284 512 praemium,
1335 441 1604 511 siquidem
1649 457 1758 496 non
1803 442 1922 496 vul-
1944 475 1994 532 Α

339 551 499 609 gares
537 550 639 591 nos
673 550 774 606 pro
805 535 973 588 tantis
1005 535 1398 589 certaminibus
1429 544 1651 589 manent
1673 549 1910 595 coronae.

340 623 436 680 sed
488 638 609 694 qua:
649 622 919 693 supplicia
953 623 1208 677 videlicet
1235 623 1497 692 alegihus
1527 624 1774 678 omnium
1812 624 1915 679 ho-

3490 331 3595 386 208

2027 441 2403 515 πλαττόμενοι,
2441 447 2533 498 καὶ
2565 445 2874 511 πλανῶντες
2911 449 3010 520 μὲν
3035 447 3128 514 οὓς
3165 449 3420 504 δυνατόν’
3461 452 3508 502 εί
3539 451 3596 504 δὲ

2026 534 2099 606 μὴ
2126 533 2364 588 πείθοιτό
2387 553 2489 599 τις,
2514 537 2628 588 ἀλλ’
2651 537 2799 590 αὐτοί
2820 555 2903 606 γε,
2937 540 3074 612 ὑπὲρ
3090 533 3164 592 ὧν
3192 539 3594 610 συντεθείμεθα,

2025 625 2318 697 τάπίχειρα
2349 625 2449 696 τῆς
2481 627 2689 698 πλάνης
2722 629 2843 681 καθ’
2879 631 3086 683 ἑαυτῶν
3120 629 3490 701 ἐφελκόμενοι.

336 715 569 779 minum,
596 721 653 768 ut
685 729 782 784 par
811 723 917 780 est,
941 713 1448 772 contradicentibus
1487 716 1736 786 i'njuncta
1765 723 1916 780 sunt,
1955 717 2170 771 vincula
2203 718 2431 784 scilicet,
2464 726 2756 786 tormenta,
2824 735 3075 775 carceres
3111 739 3123 775 :
3159 735 3369 775 necnon
3434 719 3596 789 ignis.

333 817 390 864 et
441 809 672 872 ferrum,
711 815 766 862 et
827 823 1040 872 cruces,
1078 816 1132 862 et
1187 808 1380 863 belluas
1417 827 1430 864 :
1467 809 1533 864 ad
1583 825 1704 880 quae
1734 810 1916 864 omnia
1955 811 2364 880 promptissimo
2426 811 2611 866 animo
2633 820 2717 868 est
2744 812 3136 875 accedendum,
3187 811 3365 880 iisque
3385 809 3595 863 obviam

333 903 494 958 malis
519 905 755 959 eundum
818 901 1108 972 intrepide,
1149 919 1270 974 qua?
1306 901 1701 976 praceptorem'
1737 913 1986 960 nostrum
2028 906 2185 960 nobis
2212 921 2311 976 pro
2327 906 2574 977 exemplo
2607 914 2904 961 ostentant.
2932 905 3074 972 Quid
3102 905 3247 960 enim
3279 903 3597 974 pulchrius,

331 1011 495 1064 quam
529 997 678 1050 nulla
712 999 921 1051 ratione
943 1004 996 1050 et
1022 996 1130 1051 diis
1158 1005 1211 1050 et
1241 997 1557 1052 hominibus
1607 997 1723 1052 ﬁeri
1789 997 2069 1064 inimicos;
2105 1013 2281 1068 neque
2327 998 2436 1052 ulla
2499 1013 2742 1069 unquam
2791 1013 3018 1068 prorsus
3075 997 3181 1051 l'rui
3230 995 3595 1067 jucunditate.

336 1088 495 1159 115
525 1104 701 1158 neque
749 1087 1090 1142 charissimis
1145 1085 1311 1141 rebus
1369 1086 1632 1141 oblectari
1660 1127 1676 1152 ,
1730 1102 1906 1156 neque
1943 1101 2264 1157 comparare
2299 1088 2581 1158 pecunias,
2617 1103 2718 1143 nec
2752 1089 2919 1143 ullius
2976 1102 3205 1158 prorsus
3249 1086 3378 1143 boni
3445 1099 3596 1155 spem

331 1182 437 1239 sibi
469 1181 733 1251 reliquam
765 1179 943 1234 facere
977 1199 988 1233 :
1024 1187 1230 1234 temere
1286 1186 1468 1233 autem
1499 1185 1555 1232 et
1587 1178 1828 1234 inaniter
1892 1193 2078 1234 errare
2119 1193 2184 1234 ac
2229 1179 2521 1250 decipere?
2566 1179 2683 1235 Hoc
2734 1180 2883 1236 enim
2927 1181 3267 1251 praecipuum
3328 1187 3413 1234 est
3451 1176 3597 1247 quod

330 1286 639 1348 spectemus
667 1295 679 1330 2
707 1289 770 1328 ac
795 1281 1055 1344 praeterea
1089 1274 1344 1328 omnibus
1404 1273 1717 1329 nationibus
1780 1273 2081 1338 adversari,
2118 1282 2174 1330 et
2217 1274 2372 1340 deos,
2403 1275 2498 1346 qui
2534 1290 2565 1329 a
2607 1275 2832 1330 condito
2879 1290 2996 1332 aevo
3027 1275 3172 1346 apud
3229 1289 3422 1328 omnes
3477 1287 3600 1328 ocr-

330 1372 530 1428 tissimi
572 1371 744 1426 habiti
778 1377 908 1426 sunt
939 1384 1274 1441 oppugnare.
1324 1367 1718 1440 Praeceptorem
1755 1385 1906 1434 vero,
1962 1385 2127 1440 quem
2176 1371 2352 1426 oculis
2401 1371 2611 1427 nostris
2673 1372 2944 1442 supplicio
2994 1371 3132 1426 allici
3187 1371 3448 1434 vidimus,
3496 1382 3599 1438 pro

331 1461 442 1518 Deo
473 1470 527 1518 et
557 1476 654 1530 pro
688 1459 784 1514 Dei
823 1457 963 1514 Filio
991 1458 1307 1528 praedicare.
1341 1456 1449 1512 Pro
1491 1475 1598 1528 quo
1628 1467 1683 1513 et
1732 1461 1835 1531 ipsi
1867 1463 2006 1516 mori
2041 1462 2214 1532 parati
2256 1463 2449 1526 simus,
2482 1464 2699 1518 tametsi
2749 1465 2817 1518 ab
2863 1463 2956 1518 illo
3015 1479 3192 1534 neque
3248 1465 3364 1518 veri
3421 1477 3598 1530 neque

330 1554 480 1610 utilis
514 1560 607 1607 aut
629 1549 904 1607 commodi
939 1549 1236 1620 quidquam
1269 1548 1584 1605 didicimus.
1613 1548 1728 1605 Hoc
1760 1551 1905 1605 enim
1943 1551 2061 1621 ipso
2091 1553 2182 1608 ille
2209 1554 2382 1624 pluris
2412 1562 2497 1610 est
2527 1553 2831 1620 faciendus,
2863 1554 3007 1624 quod
3063 1553 3201 1607 nihil
3261 1552 3423 1608 nobis
3465 1568 3596 1623 pro-

329 1646 514 1702 fuerit.
569 1643 766 1699 Omnia
795 1657 928 1698 vero
970 1643 1134 1697 nobis
1179 1640 1429 1696 facienda
1479 1649 1629 1706 sunt,
1675 1653 1734 1696 ut
1791 1643 1937 1699 illius
2001 1660 2200 1700 nomen
2265 1647 2476 1703 illustre
2551 1647 2959 1717 gloriosumque
3033 1646 3348 1702 reddamus.
3399 1645 3596 1702 Omnia

327 1746 549 1818 probra,
583 1743 766 1798 omnia
817 1739 1082 1810 supplicia
1117 1738 1360 1804 ferenda,
1426 1755 1588 1795 omne
1630 1753 1802 1810 genus
1834 1741 2026 1797 mortis
2071 1742 2414 1798 subeundum
2445 1757 2543 1813 pro
2586 1757 2650 1797 ea
2687 1756 2766 1805 re,
2803 1757 2926 1812 quae
2955 1741 3103 1794 nulla
3163 1741 3220 1794 in
3263 1749 3416 1810 parte
3466 1755 3596 1794 vera

327 1848 434 1897 est.
491 1838 703 1895 Malum
749 1836 896 1892 enim
941 1833 1177 1890 forsitan
1223 1823 1452 1899 veritas,
1516 1842 1570 1889 et
1632 1835 1761 1888 mali
1825 1836 2161 1891 contrarium
2217 1837 2274 1892 in
2339 1837 2628 1892 mendacio
2677 1855 2689 1892 :
2745 1850 2914 1906 quare
2966 1834 3294 1888 allirmemus
3339 1833 3491 1886 illum
3539 1840 3598 1886 et

327 1941 574 1987 mortuos
624 1929 920 1993 excitasse,
971 1937 1024 1982 et
1066 1927 1316 1996 leprosos
1385 1941 1685 1998 purgasse,
1757 1936 1812 1982 et
1875 1928 2151 1985 daemonas
2182 1930 2428 2000 ejecisse,
2471 1937 2526 1984 et
2563 1930 2670 1984 alia
2715 1926 3082 1990 incredibilia,
3143 1940 3470 1996 omnemque
3525 1925 3594 1980 ti-

327 2027 450 2083 dem
479 2025 796 2096 superantia
819 2022 1040 2087 fecisse,
1071 2035 1303 2091 quarum
1334 2020 1554 2090 quidem
1602 2036 1785 2076 rerum
1844 2023 2061 2079 nullius
2107 2023 2182 2078 illi
2231 2041 2334 2081 nos
2388 2024 2598 2080 conscii
2664 2039 2877 2089 sumus,
2945 2021 3039 2078 sed
3085 2022 3352 2076 arbitratu
3402 2030 3598 2078 nostro

327 2132 526 2176 cuncta
579 2116 850 2189 ﬁngentes
883 2135 896 2170 :
925 2123 980 2171 et
1013 2114 1352 2184 decipiamus
1379 2113 1597 2183 quidem
1632 2130 1771 2185 quos
1810 2131 2126 2186 possumus,
2172 2118 2218 2173 si
2255 2120 2342 2173 cui
2373 2135 2501 2174 vero
2526 2133 2635 2173 non
2664 2117 3122 2187 persuaserimus,
3183 2123 3296 2170 tum
3337 2115 3441 2187 ipsi
3494 2133 3598 2188 pro

327 2220 398 2277 iis
427 2234 549 2291 quae
582 2219 722 2272 inter
751 2229 850 2269 nos
881 2212 1294 2282 composuimus
1326 2210 1532 2266 erroris
1561 2211 1892 2276 mercedem,
1936 2213 2201 2269 adversus
2237 2230 2337 2270 nos
2361 2215 2516 2283 ipsos
2549 2215 2854 2268 eliciamus.
3605 2228 3613 2284 ι

400 2311 742 2366 Videnturne
779 2306 876 2360 tibi
915 2303 1199 2359 credibilia
1239 2302 1376 2366 haec,
1411 2311 1506 2357 aut
1554 2303 1653 2358 ulli
1687 2319 1816 2359 vero
1843 2304 1905 2359 si-

2087 2301 2236 2376 Ἀρά
2261 2324 2342 2361 σοι
2369 2305 2570 2359 πιθανά
2594 2305 2766 2360 ταῦτα
2789 2306 2822 2376 ἢ
2853 2305 2946 2359 καὶ
2975 2304 3216 2377 ἀληθοῦς.
3236 2305 3472 2378 ἐχόμενα
3506 2307 3599 2361 λό-

326 2404 522 2460 milia?
562 2399 830 2473 ignobiles
874 2398 1236 2467 vulgaresque
1284 2395 1556 2460 homines,
1615 2403 1907 2466 postquam

326 2497 456 2552 talia
482 2493 759 2556 ﬁnxerint,
791 2497 956 2560 atque
983 2491 1126 2544 inter
1159 2504 1219 2544 se
1248 2487 1679 2557 composuerint,
1714 2487 1910 2542 Roma-

329 2605 460 2645 num
495 2589 782 2658 imperium
833 2582 1139 2640 invasisse?
1170 2589 1264 2636 aut
1293 2581 1590 2636 humanam
1631 2588 1906 2644 naturam,

327 2694 450 2751 quae
497 2678 625 2734 vita:
678 2690 922 2731 amorem
979 2689 1044 2730 ac
1106 2672 1347 2728 studium
1404 2672 1560 2741 quasi
1627 2673 1910 2742 proprium

326 2771 589 2842 quiddam
633 2768 898 2839 possidet,
949 2766 1192 2836 potuisse
1225 2779 1466 2835 unquam
1506 2763 1617 2818 ulla
1659 2763 1909 2819 mercede

325 2862 696 2920 voluntarium
728 2859 918 2915 subire
948 2857 1252 2922 interitum,
1285 2853 1746 2927 quemadmodum
1783 2852 1907 2908 Sal-

324 2956 531 3011 vatoris
569 2952 746 3010 nostri
776 2951 1032 3022 discipuli
1063 2950 1331 3022 potuere?
1375 2947 1526 3016 Quos
1561 2946 1643 3002 sic
1685 2945 1907 3016 quidem

323 3063 390 3106 eo
415 3047 658 3118 stuporis
685 3044 902 3100 venisse
932 3043 1146 3108 credas,
1178 3049 1238 3096 ut
1264 3055 1389 3095 cum
1420 3040 1489 3094 ab
1517 3039 1612 3093 illo
1651 3037 1789 3092 nihil
1817 3036 1904 3092 di-

327 3155 495 3212 gnum
529 3135 893 3192 admiratione
924 3141 1136 3205 gestum
1183 3134 1544 3203 inspexerint,
1581 3131 1686 3200 ipsi
1727 3141 1907 3186 tamen

329 3248 400 3288 ex
449 3228 754 3299 composito
803 3236 1003 3282 cuncta
1057 3225 1177 3295 ejus
1229 3225 1445 3296 generis
1503 3224 1908 3280 conﬁnxerint?

326 3322 522 3381 deinde
560 3321 723 3392 nugis
761 3319 1086 3390 quibusdam
1125 3317 1193 3373 de
1233 3317 1326 3371 illo
1357 3317 1679 3389 corrOgatis,
1711 3331 1810 3388 pro
1839 3316 1906 3372 iis

323 3428 490 3470 omne
519 3426 694 3484 genus
720 3410 915 3464 mortis
955 3407 1143 3464 subire
1171 3407 1368 3478 parati,
1404 3407 1753 3479 promptique
1790 3405 1908 3462 ίίιε-

323 3507 474 3564 rint?
497 3513 557 3559 tu
579 3518 710 3560 vero
741 3501 872 3572 quid
899 3500 982 3556 ais
1033 3499 1253 3555 tandem
1284 3499 1548 3558 adversus
1568 3500 1684 3555 hate
1702 3500 1725 3554 ?
1744 3498 1909 3554 Nem-

326 3615 397 3671 pe
460 3597 588 3652 illos
622 3609 799 3664 neque
848 3593 1101 3662 opinatos
1158 3590 1362 3658 fuisse,
1417 3605 1594 3661 neque
1652 3602 1906 3661 sperasse

2008 2415 2130 2466 γου,
2163 2397 2238 2460 ὡς
2280 2397 2351 2451 τά
2387 2397 2612 2451 τοιαῦτα
2642 2397 2979 2468 πλασάμενοι
3012 2399 3109 2451 καὶ
3143 2398 3459 2469 συνθέμενοι
3497 2401 3598 2455 άλ-

2015 2488 2198 2558 λήλοις
2215 2488 2451 2552 εὐτελεῖς
2473 2489 2666 2559 ἄνδρες
2691 2488 2786 2541 καὶ
2819 2487 3046 2551 ίδιῶται,
3063 2488 3347 2559 παρῄεσαν
3374 2490 3470 2542 ἐπὶ
3494 2490 3598 2562 τὴν

2020 2580 2307 2651 Ῥωμαίων
2331 2582 2528 2653 άρχήν;
2549 2581 2582 2652 ἢ
2613 2581 2688 2643 ὡς
2711 2579 3022 2651 ἀνθρωπεία
3039 2579 3222 2650 φύσις,
3241 2581 3306 2634 τὸ
3332 2579 3599 2647 φιλόζωον

2009 2673 2207 2727 οἰκεῖον
2238 2673 2574 2744 κεκτημένη,
2605 2671 2804 2725 δύναιτ’
2834 2672 2899 2725 ἄν
2930 2672 3049 2724 ποθ’
3073 2673 3212 2744 ὑπὲρ
3234 2671 3330 2726 τοῦ
3365 2655 3598 2743 μηδενὸς

2009 2763 2329 2836 αὐθαίρετον
2352 2765 2638 2834 ὑπομεῖναι
2659 2761 2952 2834 τελευτήν;
2979 2761 3012 2832 ἢ
3042 2762 3118 2825 ὡς
3145 2766 3194 2815 οἱ
3221 2762 3314 2816 τοῦ
3339 2763 3598 2834 Σωτῆρος

2008 2856 2166 2928 ἡμῶν
2212 2855 2453 2927 μαθηταὶ
2502 2856 2582 2919 εἰς
2627 2853 2896 2925 τοσαύτην
2941 2853 3247 2926 ὑπερϐολὴν
3292 2854 3600 2927 ὲκπληξίας

2009 2949 2236 3020 ἤλασαν,
2263 2949 2339 3012 ὡς
2375 2948 2540 3019 μηδὲν
2565 2948 2664 3020 μὲν
2696 2949 2789 3001 ὑπ’
2817 2947 2984 3000 αὑτοῦ
3011 2947 3315 3018 παράδοξον
3344 2947 3599 3019 πραχθὲν

2009 3041 2334 3112 ἑωρακέναι,
2363 3041 2561 3106 αὐτοὺς
2594 3041 2640 3094 δ’
2673 3042 2739 3094 ὲκ
2771 3039 3112 3111 συνθήματος
3143 3039 3279 3110 ὁμοῦ
3309 3039 3492 3093 πάντα
3523 3039 3602 3093 τὰ

2008 3133 2234 3188 τοιαῦτα
2291 3132 2630 3198 πεπλάσθαι,
2697 3132 2891 3187 ἔπειτα
2949 3133 3193 3204 ῥημάτια
3245 3131 3376 3203 περὶ
3423 3129 3599 3185 αὐτοῦ

2005 3227 2178 3298 ψευδῆ
2232 3223 2852 3300 συντάξαμένους,ύπὲρ
2903 3226 3109 3278 τούτων
3156 3225 3414 3296 θνήσκειν
3463 3225 3603 3277 ὑπο-

2013 3321 2195 3392 μένειν
2247 3320 2478 3392 ἑτοίμως
2532 3320 2710 3390 ἔχειν;
2767 3318 2926 3372 Ἀλλὰ
2972 3319 3027 3371 τί
3068 3319 3210 3389 φῄςς
3251 3317 3326 3389 μὴ
3358 3317 3598 3390 προσδο-

2007 3414 2174 3484 κῆσαι
2211 3413 2407 3476 αὐτοὺς
2452 3412 2586 3484 μηδὲ
2629 3409 2846 3464 ἐλπίσαι
2894 3411 3064 3464 δεινόν
3105 3428 3159 3463 τι
3201 3409 3486 3463 πείσεσθαι
3523 3409 3597 3462 ὲκ

2006 3506 2106 3577 τῆς
2151 3504 2405 3576 περὶτοῦ
2449 3503 2624 3575 Ἰησοῦ
2661 3503 2985 3574 μαρτυρίας,
3037 3502 3118 3555 διὸ
3146 3501 3241 3556 καὶ
3279 3500 3458 3565 ἀδεῶς
3499 3500 3600 3555 ἐπὶ

2006 3601 2069 3654 τὸ
2093 3600 2224 3671 περὶ
2251 3597 2416 3651 αὑτοῦ
2460 3599 2723 3670 κήρυγμα
2764 3597 3082 3669 προελθεῖν;
3139 3595 3278 3647 Ἀλλ’
3309 3595 3410 3647 οὐκ
3443 3594 3600 3658 εἰκὸς

324 3690 626 3762 quidquam
657 3685 930 3757 ejusmodi
965 3683 1037 3737 ob
1065 3682 1596 3738 commendationem
1623 3680 1754 3736 Jesu
1783 3695 1901 3751 per-

2020 3683 2076 3758 ἣν
2115 3686 2414 3740 άπελπίσαι
2458 3686 2528 3739 τὰ
2559 3687 2736 3740 πάντα
2767 3687 2859 3740 ὑπ’
2892 3685 3072 3739 αὐτῶν
3106 3683 3415 3748 πείσεσθαι,
3463 3685 3599 3749 τοὺς

326 3797 610 3854 pessuros.
641 3777 823 3846 Quare
852 3787 958 3831 tam
992 3773 1262 3847 intrepide
1303 3774 1369 3830 ad
1406 3771 1809 3846 praedicandum
1839 3770 1907 3827 de

324 3875 419 3930 illo
463 3881 752 3946 provectos
804 3889 818 3925 :
869 3878 926 3924 at
969 3868 1113 3924 istuc
1152 3881 1391 3940 quonam
1435 3873 1597 3936 pacto
1639 3864 1907 3920 concede-

323 3965 456 4020 tur?
489 3964 614 4020 illos
643 3976 754 4018 non
780 3974 1033 4032 sperasse
1068 3973 1169 4029 pro
1195 3957 1288 4012 illo
1312 3972 1372 4012 se
1395 3957 1578 4010 omnia
1607 3952 1907 4026 passuros?

324 4056 418 4128 qui
451 4062 506 4111 et
559 4053 701 4126 apud
751 4049 1051 4115 Romanos,
1087 4056 1142 4104 et
1196 4049 1341 4118 apud
1398 4044 1638 4109 Graecos,
1674 4053 1730 4099 et
1759 4043 1905 4113 apud

323 4148 610 4209 barbaros,
645 4144 874 4200 deorum
901 4142 1239 4198 eversionem
1269 4145 1454 4195 essent
1486 4135 1794 4192 invecturi?
1835 4134 1905 4187 At

323 4239 469 4293 enim
495 4235 726 4292 historia
758 4249 880 4304 qua:
907 4236 976 4288 de
1008 4233 1118 4286 illis
1144 4238 1342 4295 exstat,
1373 4235 1558 4299 aperte
1584 4229 1690 4284 hoc
1716 4227 1902 4292 habet,

327 4329 490 4400 116
519 4329 642 4383 illos
671 4335 796 4398 post
824 4322 1188 4394 Praeceptoris
1227 4321 1528 4385 interitum,
1569 4319 1640 4376 ab
1672 4318 1903 4374 insidia-

324 4419 539 4472 toribus
587 4415 918 4486 quibusdam
951 4421 1142 4483 captos
1188 4411 1380 4475 fuisse,
1411 4417 1466 4464 et
1498 4409 1734 4480 primum
1781 4408 1905 4479 qui-

324 4509 448 4564 dem
493 4510 548 4563 in
585 4521 864 4562 carcerem
894 4505 1196 4574 conjectos,
1237 4501 1436 4558 deinde
1470 4515 1598 4555 vero
1621 4500 1900 4564 dimissos,

325 4607 440 4653 tum
471 4598 540 4653 iis
564 4599 889 4669 imperatum
918 4611 988 4651 ne
1018 4594 1115 4649 ulli
1133 4595 1417 4648 hominum
1445 4593 1500 4646 in
1531 4592 1750 4648 nomine
1773 4590 1904 4647 Jesu

326 4691 702 4760 loquerentur.
760 4685 960 4742 Postea
1009 4700 1138 4741 vero
1187 4700 1311 4739 cum
1363 4685 1441 4740 illi
1495 4685 1596 4740 hos
1638 4684 1904 4740 vidissent

325 4780 471 4850 apud
500 4779 908 4834 multitudinem
935 4778 1112 4847 palam
1146 4776 1214 4831 de
1239 4776 1332 4831 illo
1364 4776 1560 4831 iterum
1594 4776 1900 4847 loquentes,

325 4877 610 4940 correptos
648 4868 1028 4930 verberarunt,
1059 4882 1263 4937 eosque
1307 4867 1378 4921 ob
1411 4867 1674 4922 doctrinae
1732 4883 1903 4939 genus

326 4967 701 5028 mcreparunt.
737 4959 858 5024 Quo
895 4966 1141 5029 tempore
1181 4957 1436 5013 videlicet
1479 4974 1672 5015 rursus
1709 4959 1786 5013 illi
1817 4975 1904 5015 re-

2019 3779 2315 3850 Ῥωμαίοις
2363 3777 2500 3851 ὁμοῦ
2555 3779 2650 3832 καὶ
2699 3778 2926 3849 Ἕλλησι
2975 3778 3070 3832 καὶ
3113 3777 3410 3850 βαρϐάροις
3451 3776 3599 3830 θεῶν

2007 3871 2324 3942 ἀνατροπὴν
2363 3869 2870 3942 εἰσηγησαμένουςς
2927 3871 2990 3923 Ἦ
3035 3869 3092 3922 δέ
3123 3885 3189 3938 γε
3236 3870 3364 3938 περὶ
3407 3866 3600 3921 αὐτῶν

2008 3961 2219 4031 ἱστορία
2257 3960 2441 4029 σαφῶς
2467 3962 2757 4026 δείκνυσιν,
2797 3960 2873 4024 ὡς
2905 3959 3042 4032 μετὰ
3073 3958 3178 4030 τὴν
3207 3958 3302 4012 τοῦ
3334 3957 3600 4011 διδασκά-

2006 4051 2102 4105 λου
2149 4050 2402 4123 τελευτὴν
2447 4049 2722 4104 ἐπίϐουλοι
2764 4066 2932 4115 τινες,
2969 4049 3322 4112 συλλαϐόντες
3363 4049 3599 4114 αὐτοὺς,

2006 4142 2200 4216 πρῶτα
2230 4142 2330 4213 μὲν
2360 4142 2684 4212 παρέδωκαν
2713 4142 2951 4213 φυλακῇ,
2989 4140 3178 4193 ἔπειτα
3205 4139 3262 4193 δὲ
3285 4135 3598 4203 ἀπέλυσαν,

2008 4234 2477 4306 παραγγείλαντες
2514 4234 2702 4305 μηδενὶ
2747 4233 2930 4287 λαλεῖν
2993 4232 3089 4285 ἐπὶ
3121 4231 3202 4303 τῷ
3233 4231 3462 4302 ὀνόματι
3492 4230 3599 4284 τοῦ

2018 4320 2212 4393 Ἰησοῦ.
2247 4321 2471 4385 Γνόντες
2502 4321 2560 4374 δὲ
2597 4321 2796 4386 αὐτοὺς
2832 4321 2970 4392 μετὰ
3009 4320 3203 4384 ταῦτα,
3236 4320 3477 4392 δημοσίᾳ
3513 4321 3604 4392 τῷ

2007 4413 2202 4486 πλήθει
2239 4415 2306 4468 τά
2339 4416 2468 4485 περὶ
2506 4415 2670 4468 αὐτοῦ
2702 4413 3135 4486 διαλεγομένους,
3169 4413 3605 4484 ἀναρπάσαντες

2006 4505 2338 4576 ἐμάστιζον,
2387 4506 2748 4578 ἐπιτιμῶντες
2805 4507 2899 4560 ἐπὶ
2945 4509 3012 4578 τῇ
3059 4505 3402 4575 διδασκαλίᾳ.
3461 4507 3601 4559 "Urs

2004 4599 2328 4671 ἀποκριθεὶς
2359 4596 2515 4663 αὖθις
2542 4601 2728 4663 αὐτοῖς
2758 4601 2786 4652 ὁ
2821 4599 3028 4670 Πέτρος
3070 4594 3223 4651 εἶπεν
3243 4615 3257 4628 ·
3293 4617 3311 4650 ‹
3349 4597 3606 4669 Πειθαρ-

2005 4696 2121 4764 χεῖν
2156 4695 2238 4748 δεῖ
2275 4693 2393 4765 Θεῷ
2433 4694 2631 4764 μᾶλλον
2663 4693 2695 4766 ἢ
2727 4693 3055 4765 ἀνθρώποις.
3096 4713 3115 4745 ι
3148 4693 3304 4748 Μετὰ
3325 4693 3384 4746 δὲ
3414 4694 3610 4747 ταῦτα.

2006 4786 2175 4851 λίθοις
2225 4787 2440 4858 βληθεὶς
2473 4788 2777 4858 ἀναιρεῖται
2821 4786 3111 4856 Στέφανος,
3159 4786 3253 4839 ἐπὶ
3296 4784 3394 4838 τοῦ
3454 4786 3604 4839 Ἰου-

2005 4879 2167 4934 δαίων
2194 4879 2430 4951 πλήθους
2461 4879 3002 4952 παρρησιασάμενος,
3036 4880 3130 4932 καὶ
3158 4877 3399 4948 διωγμὸς
3430 4878 3532 4949 οὐχ
3568 4881 3608 4932 ὁ

2005 4969 2184 5039 τυχὼν
2224 4970 2580 5024 ἐπανίσταται
2613 4971 2724 5034 τοῖς
2767 4968 3130 5041 πρεσϐεύουσι
3163 4969 3222 5022 τὸ
3250 4968 3343 5021 τοῦ
3408 4969 3605 5039 Ἰησοῦ

327 5048 606 5121 spondens
631 5050 828 5106 Petrus
872 5049 1008 5105 dixit
1034 5069 1047 5104 :
1083 5067 1103 5101 ι
1132 5048 1364 5106 Obedire
1391 5058 1606 5122 oportet
1650 5049 1762 5106 Deo
1790 5065 1905 5104 ma-

2020 5062 2198 5133 5νομα.
2231 5061 2342 5114 Καὶ
2386 5061 2548 5114 πάλιν
2587 5061 2774 5115 ἄλλοτε
2819 5061 3064 5134 Ἡρώδης
3104 5062 3132 5113 ὁ
3167 5060 3274 5114 τῶν
3321 5062 3606 5118 Ἰουδαίων

328 5144 412 5212 gis
441 5155 604 5211 quam
633 5139 950 5195 hominibus
981 5139 1048 5194 ⁸⁸.
1086 5157 1106 5190 ι
1143 5136 1300 5191 [laud
1337 5139 1412 5192 ita
1449 5139 1623 5193 multo
1668 5145 1794 5210 post
1822 5139 1903 5192 la-

329 5234 548 5304 pidibus
592 5233 795 5304 petitus
841 5230 1151 5302 Stephanus
1200 5231 1546 5297 interﬁcitur,
1593 5247 1720 5286 cum
1759 5230 1903 5302 apud

328 5325 645 5380 Judaaorum
685 5324 1089 5379 multitudinem
1135 5323 1406 5394 intrepide
1457 5325 1900 5387 concionaretur,

330 5426 494 5487 atque
544 5416 832 5471 insertatio
878 5432 988 5471 non
1045 5417 1337 5472 mediocris
1367 5423 1484 5470 orta
1532 5425 1614 5471 est
1642 5417 1903 5472 adversus

308 5525 450 5586 ,eos,
480 5511 576 5580 qui
618 5517 820 5565 nomen
853 5507 982 5564 Iesu
1015 5509 1230 5579 publice
1259 5508 1738 5564 commendabant.
1782 5509 1905 5562 Alio

331 5618 526 5658 rursus
569 5610 812 5673 tempore
857 5601 1130 5667 Herodes,
1161 5602 1256 5674 qui
1299 5599 1609 5656 Iudaeorum
1642 5617 1737 5656 rex
1763 5608 1902 5664 erat,

329 5692 594 5749 Iacobum
647 5693 872 5752 fratrem
918 5694 1146 5753 Joannis
1181 5694 1403 5770 _occidit
1439 5695 1640 5768 gladio.
1681 5692 1902 5751 Petrum

403 5785 448 5816 “
478 5785 602 5844 Act.
634 5805 686 5856 γ,
712 5789 802 5845 29.

2011 5153 2263 5225 βασιλεὺς
2286 5153 2494 5207 ἀνεῖλεν
2525 5154 2616 5206 τὸν
2653 5153 2905 5208 Ἰάκωϐον
2935 5153 3024 5206 τὸν
3057 5151 3284 5223 ἀδελφὸν
3335 5153 3605 5208 Ἰωάννου

2013 5241 2277 5313 μαχαίρᾳ,
2304 5241 2395 5294 τόν
2423 5258 2482 5294 τε
2512 5241 2716 5311 Πέτρον
2747 5244 2775 5295 ὁ
2805 5242 2965 5305 αὐτὸς
2992 5241 3207 5312 δεσμοῖς
3241 5241 3606 5312 περιέϐαλεν,

2010 5332 2086 5395 ὡς
2114 5334 2172 5384 ἐν
2193 5334 2314 5396 ταῖς
2339 5331 2577 5404 Πράξεσι
2618 5331 2728 5385 τῶν
2766 5331 3077 5386 άποστόλών
3100 5331 3435 5402 γέγραπται.
3478 5331 3613 5385 Καὶ

2010 5421 2215 5478 τούτων
2243 5422 2414 5477 ταῦτα
2444 5423 2809 5488 πεπονθότων,
2839 5425 2888 5476 οἱ
2923 5421 3100 5476 λοιποὶ
3137 5421 3379 5492 μαθηταὶ
3419 5419 3616 5488 ἀπρὶξ

2011 5509 2256 5581 ἐχόμενοι
2288 5509 2380 5562 τοῦ
2425 5510 2623 5582 Ἰησοῦ,
2664 5511 2968 5582 παρέμενον
2999 5510 3077 5563 ἔτι
3104 5509 3304 5582 μᾶλλον
3335 5511 3420 5574 είς
3462 5510 3616 5564 πάν-

2009 5617 2108 5664 τας
2139 5601 2298 5656 αὐτόν
2331 5619 2387 5654 τε
2418 5605 2511 5657 καὶ
2553 5603 2652 5666 τὰς
2687 5602 3144 5676 παραδοξοποιίας
3176 5600 3341 5655 αὑτοῦ
3378 5618 3612 5669 καταγ-

2011 5692 2310 5762 γέλλοντες.
2353 5695 2476 5750 Ἐπὶ
2501 5695 2712 5761 τούτοις
2759 5694 3015 5759 Ἰάκωϐος
3036 5697 3066 5750 ὀ
3096 5692 3324 5764 ἀδελφὸς
3350 5691 3444 5746 τοῦ
3483 5691 3620 5746 Κυ-
