3828 6216
236 382 342 441 που

1157 381 1813 440 DEMONSTBATIONIS
1838 380 2296 438 EVANGELICE
2336 381 2466 438 LIB.
2506 379 2598 436 lli.

3381 383 3484 441 210

242 493 382 568 ρίου,
423 493 484 547 ὃν
512 495 564 548 οἱ
601 493 769 548 πάλαι
801 493 870 547 τὰ
908 493 1252 568 Ἰεροσόλυμα
1285 497 1558 563 οἰκοῦντες
1593 498 1820 554 ἐκάλουν

1909 501 2052 554 ’vero
2101 499 2154 552 in
2201 497 2417 552 vincula
2459 495 2710 564 conjecit,
2749 499 2808 549 iit
2837 495 2890 549 in
2932 482 3090 549 Actis
3118 497 3487 566 apostolorum

237 589 448 643 δίκαιον
474 584 564 644 διὰ
592 585 661 638 τά
683 585 785 655 τῆς
811 586 1010 656 ἀρετῆς
1038 587 1502 660 πλεονεκτήματα,
1525 589 1821 661 ἐρωτηθεὶς

239 681 376 753 πρὸς
413 678 524 732 τὼν
566 677 867 749 ἀρχιερέων
909 679 1005 732 καὶ
1042 678 1375 732 διδασκάλων
1403 679 1497 733 τοῦ
1554 681 1820 736 Ἰουδαίων

239 773 446 835 ἔθνους,
474 769 596 822 τίνα
635 771 766 840 περὶ
804 769 900 822 τοῦ
938 769 1174 842 Χριστοῦ
1214 770 1328 841 ἔχοι
1365 771 1545 837 δόξαν,
1584 772 1820 828 κᾶπειτα

237 862 710 934 ἀποκρινάμενος,
748 861 829 913 ὃτι
871 861 984 924 υἱὸς
1018 861 1154 915 Θεοῦ
1187 863 1292 933 εἴη,
1327 863 1494 927 λίθοις
1530 865 1624 917 καὶ
1658 866 1818 932 αὐτὸς

236 956 373 1028 πρὸς
418 955 600 1008 αὐτῶν
639 954 910 1024 βάλλεται.
954 954 1065 1007 Καὶ
1107 953 1313 1026 Πέτρος
1354 955 1410 1008 δὲ
1459 957 1551 1009 ἐπὶ
1603 956 1818 1029 Ῥώμης

233 1047 381 1102 κατὰ
417 1047 662 1117 κεφαλῆς
696 1045 1041 1118 σταυροῦται,
1078 1046 1290 1110 Παῦλος
1325 1064 1385 1100 τε
1428 1049 1816 1120 ἀποτέμνεται,

245 1139 509 1212 Ἰωάννης
544 1157 606 1194 τε
649 1140 798 1210 νήσῳ
832 1139 1202 1211 παραδίδοται.
1244 1140 1354 1195 Καὶ
1398 1141 1603 1196 τούτων
1645 1143 1818 1197 ταῦτα

233 1231 542 1296 παθόντων,
576 1232 748 1295 οὐδεὶς
779 1231 887 1285 τῶν
911 1231 1115 1285 λοιπῶν
1139 1232 1331 1304 ἐξέστη
1359 1233 1461 1304 τῆς
1486 1234 1813 1306 προθέσεως,

228 1323 300 1375 δι’
329 1325 497 1394 εὐχῆς
522 1324 581 1377 δὲ
603 1323 873 1394 τιθέμενοι
903 1324 996 1377 καὶ
1017 1325 1171 1378 αὐτοὶ
1197 1325 1303 1378 τῶν
1331 1327 1461 1380 ἴσων
1489 1331 1602 1391 τοῖς
1627 1345 1816 1399 προει-

233 1417 497 1487 ρημένοις
529 1417 627 1488 τῆς
671 1419 752 1481 εἰς
787 1417 850 1470 τὸ
895 1416 1050 1472 Θεῖον
1095 1418 1377 1481 εὐσεϐείας
1409 1417 1572 1471 ἕνεκα
1607 1421 1812 1488 τυχεῖν,

231 1507 316 1560 ἔτι
375 1507 577 1577 μᾶλλον
626 1507 706 1578 τῷ
761 1506 935 1580 Ἰησοῦ
988 1509 1082 1561 καὶ
1119 1511 1230 1572 τοῖς
1270 1508 1593 1578 παραδόξοις
1636 1509 1814 1581 ἔργοις

230 1597 401 1650 αὑτοῦ
434 1598 571 1668 μετὰ
615 1599 928 1670 παρρησίας
968 1599 1330 1670 ἐμαρτύρουν.
1372 1599 1480 1652 Καὶ
1512 1599 1618 1672 μὴν
1656 1599 1814 1672 εἴπερ

229 1691 520 1762 ψεύσματα
570 1686 640 1762 ἦν
692 1690 835 1746 κατὰ
891 1691 1164 1762 συνθήκην
1202 1692 1385 1754 αὐτοῖς
1430 1690 1811 1763 πεπλασμένα,

232 1782 536 1856 θαυμάζειν
570 1784 741 1851 ἄξιον,
771 1786 920 1848 ὅπως
953 1783 1176 1838 τοσοῦτο
1207 1784 1411 1854 πλῆθος
1451 1785 1552 1856 τὴν
1591 1802 1811 1856 συμφω-

229 1875 353 1930 νίαν
384 1877 478 1929 ἐπὶ
517 1879 628 1940 τοῖς
668 1877 948 1948 πλάσμασι
979 1879 1071 1932 καὶ
1112 1878 1274 1950 μέχρι
1305 1876 1532 1930 θανάτου
1563 1878 1814 1947 διεφύλα-

230 1965 344 2032 ξεν,
388 1967 564 2031 οὐδείς
612 1984 673 2021 τε
721 1968 899 2021 αὐτῶν
961 1968 1180 2024 πώποτε
1240 1968 1310 2023 τά
1364 1969 1648 2040 συμϐάντα
1702 1973 1813 2033 τοῖς

232 2054 709 2128 προανῃρημένοις
782 2057 1018 2128 τρέσας,
1093 2057 1288 2130 ἐξέστη
1359 2059 1461 2129 τῆς
1535 2060 1809 2130 ἑταιρίας,

226 2145 340 2199 οὐδ’
384 2145 720 2218 άντεκήρυξε
769 2150 881 2212 τοῖς
930 2148 1133 2213 ἄλλοις,
1191 2150 1272 2210 είς
1314 2149 1429 2220 φῶς
1481 2150 1701 2220 ἀγαγὼν
1743 2151 1811 2205 τά

227 2237 641 2306 συντεθειμένα.
715 2237 876 2290 Ἀλλά
918 2240 1012 2292 καὶ
1053 2241 1082 2292 ό
1132 2236 1309 2303 ζῶντα
1360 2240 1649 2313 προδοῦναι
1691 2243 1810 2295 τολ-

223 2328 412 2397 μήσας
453 2327 636 2393 αὑτὸν,
665 2327 982 2399 αὐτοχειρίᾳ.
1043 2328 1164 2382 καθ’
1221 2329 1414 2384 ἑαυτοῦ
1473 2331 1812 2403 παραχρῆμα

220 2417 324 2486 τὴν
351 2416 509 2488 δίκην
551 2418 924 2473 ἐπεσπάσατο.
974 2419 1212 2472 Κάκεῖνο
1256 2420 1312 2472 δὲ
1356 2419 1474 2484 πῶς
1507 2422 1567 2474 οὐ
1616 2421 1811 2493 μεστὸν

220 2506 564 2578 ἐκπλήξεως,
609 2507 671 2560 τὸ
710 2508 942 2571 πλάνους
984 2509 1184 2582 ἄνδρας
1224 2510 1320 2562 καὶ
1378 2509 1613 2575 ἰδιώτας,
1673 2512 1810 2583 μήτε

218 2595 429 2664 λαλεῖν,
468 2598 608 2668 μήτε
671 2599 890 2652 ἀκούειν
949 2599 1108 2654 πλέον
1181 2602 1280 2672 τῆς
1342 2603 1573 2675 πατρίου
1627 2603 1811 2673 φωνῆς

221 2689 639 2758 ἐπισταμένους,
718 2691 793 2761 μὴ
871 2682 1051 2762 μόνον
1105 2691 1452 2764 διανοηθῆναι
1541 2695 1809 2766 τολμῆσαι

223 2780 512 2852 προελθεῖν
568 2781 660 2835 ἐπὶ
703 2781 802 2853 τὴν
852 2781 962 2838 τῶν
1011 2783 1179 2840 ἐθνῶν
1233 2786 1487 2839 ἁπάντων
1540 2787 1807 2857 περίοδον,

221 2867 361 2922 ἀλλὰ
449 2871 544 2923 καὶ
613 2870 976 2942 προελθόντας
1058 2873 1402 2946 κατορθῶσαι
1486 2876 1549 2929 τὸ
1623 2877 1811 2947 ἐπιτή-

218 2958 399 3028 δευμα
426 2976 442 3024 ;
471 2959 679 3030 Σκέψαι
710 2961 767 3014 δὲ
807 2962 989 3016 ὁποῖόν
1017 2964 1134 3017 ἐστι
1166 2965 1259 3018 καὶ
1298 2965 1359 3018 τὺ
1405 2966 1607 3037 μηδένα
1640 2965 1810 3036 μηδα-

228 3047 334 3119 μοῦ
361 3049 630 3120 διάφωνον
664 3051 968 3121 ἐξενεγκεῖν
1002 3056 1129 3126 περὶ
1160 3055 1266 3108 τῶν
1292 3056 1544 3128 πράξεων
1569 3055 1662 3109 τοῦ
1700 3058 1805 3128 Ἰη-

1924 593 2186 662 scriptum
2216 597 2301 645 est
2337 589 2404 644 °".
2443 587 2508 641 Et
2539 603 2662 643 cum
2694 587 2749 640 hi
2788 588 2918 641 talia
2945 588 3318 658 pertulissent,
3360 591 3489 644 reli-

1921 685 2015 755 qui
2047 682 2300 752 discipuli
2335 679 2778 737 constantissime
2815 677 2946 734 Jesu
2988 694 3090 734 suo
3122 681 3486 746 adlimrentes,

1920 775 2078 845 longe
2104 773 2268 828 etiam
2291 771 2464 842 magis
2486 785 2649 840 quam
2681 778 2809 824 ante
2835 777 3253 840 perseverarunt
3280 771 3336 825 in
3365 787 3490 842 pro-

1919 866 2120 936 posito,
2156 864 2301 934 apud
2340 864 2627 918 universos
2656 862 2857 933 ubique
2886 869 2941 918 et
2962 851 3116 918 illum
3143 871 3196 925 et
3224 865 3489 918 miracula

1919 958 2066 1012 illius
2114 942 2494 1027 praedicantes.
2548 954 2744 1011 Postea
2793 955 3030 1012 Jacobus
3072 954 3241 1012 frater
3275 955 3489 1012 Domini

1918 1048 2013 1118 qui
2038 1047 2193 1102 abiis
2221 1047 2314 1117 qui
2344 1047 2474 1102 olim
2506 1045 2884 1119 Hierosolyma
2912 1047 3244 1112 incolebant,
3274 1048 3345 1102 ob
3370 1047 3479 1101 vir-

1918 1137 2051 1193 tutis
2071 1134 2650 1193 excellentianiJustus
2672 1137 2992 1203 vocabatur,
3011 1149 3041 1190 a
3064 1137 3412 1207 pontiﬁcibus
3431 1142 3489 1194 et

1916 1226 2155 1284 Iudaicae
2186 1229 2362 1299 gentis
2388 1229 2665 1299 magistris
2703 1229 3095 1300 interrogatus,
3121 1230 3384 1300 quidnam
3417 1229 3488 1285 de

1914 1318 2043 1376 Jesu
2076 1321 2323 1382 sentiret,
2365 1335 2488 1374 cum
2517 1321 2676 1390 plane
2701 1320 2852 1374 illum
2893 1336 3017 1376 esse
3049 1319 3246 1375 Filium
3275 1321 3372 1376 Dei
3400 1338 3488 1377 reo

1917 1411 2250 1483 spondisset,
2294 1412 2410 1482 ipse
2437 1426 2656 1482 quoque
2695 1411 2968 1482 lapidibus
3020 1413 3090 1467 ab
3138 1413 3248 1468 illis
3287 1414 3489 1484 petitur

1916 1513 2080 1576 atque
2111 1503 2453 1561 interficitur.
2498 1503 2692 1559 Petrus
2739 1513 2919 1559 autem
2967 1503 3152 1560 Romae
3203 1507 3380 1577 capite
3429 1507 3488 1562 in

1913 1608 2114 1655 terram
2154 1613 2314 1653 verso
2348 1597 2499 1651 cruci
2530 1595 2783 1666 alligitur.
2817 1595 2987 1652 Paulo
3026 1612 3156 1653 vero
3187 1605 3351 1670 caput
3390 1599 3489 1655 ab-

1915 1690 2205 1754 scinditur,
2245 1696 2298 1744 et
2327 1687 2566 1744 Joannes
2607 1687 2662 1742 in
2701 1688 2936 1743 insulam
2969 1689 3262 1760 relegatur.
3309 1688 3488 1760 Hique

1916 1795 2039 1836 cum
2065 1781 2196 1834 talia
2221 1782 2368 1851 passi
2402 1785 2605 1845 essent,
2635 1779 2819 1834 nullus
2849 1781 3185 1850 reliquorum
3220 1781 3288 1836 ab
3313 1781 3488 1836 inemo

1913 1880 2008 1942 pto
2037 1871 2264 1928 destitit.
2297 1869 2441 1937 Quin
2491 1872 2655 1927 etiam
2684 1871 2826 1926 votis
2854 1873 3231 1941 unusquisque
3262 1879 3484 1942 expete-

1913 1962 2027 2029 bat,
2062 1962 2280 2032 pietatis
2344 1961 2624 2032 divinique
2662 1961 2844 2018 cultus
2892 1963 3087 2034 gratia,
3120 1961 3223 2017 sibi
3268 1977 3486 2032 quoque

1914 2053 2120 2123 aliquid
2154 2054 2259 2108 tale
2279 2054 2613 2124 contingere.
2633 2052 2753 2119 Quo
2775 2054 2938 2107 etiam
2962 2054 3306 2108 constantius
3322 2062 3487 2125 atque

1913 2146 2194 2200 ardentius
2242 2152 2296 2202 et
2346 2145 2449 2215 ipsi
2479 2145 2630 2211 Jesu,
2666 2153 2720 2200 et
2771 2143 3188 2203 admirabilibus
3236 2145 3485 2214 ejusdem

1913 2237 2080 2308 gestis
2124 2237 2498 2291 testimonium
2544 2236 2860 2291 ail'erebant.
2917 2236 3072 2303 Quod
3110 2238 3155 2292 si
3201 2237 3486 2292 mendacia

1911 2329 2028 2384 haec
2058 2337 2216 2384 erant
2253 2344 2374 2398 quae
2419 2329 2498 2382 illi
2525 2343 2591 2382 ex
2626 2329 2930 2397 composito
2964 2325 3268 2391 ﬁnxissent,
3304 2343 3484 2398 operae

1910 2423 2144 2492 pretium
2177 2421 2282 2476 erit
2311 2420 2592 2486 admirari,
2618 2435 2858 2490 quonam
2887 2427 3049 2491 pacto
3079 2427 3264 2474 tantus
3295 2435 3486 2475 nume-

1910 2529 2030 2579 rus,
2063 2527 2395 2569 consensum
2423 2512 2574 2566 illum
2612 2513 2754 2567 inter
2780 2526 2839 2568 se
2884 2511 2941 2565 in
2984 2511 3150 2566 rebus
3189 2511 3348 2580 (ictis,
3400 2512 3485 2568 vel

1913 2621 2086 2676 usque
2112 2605 2181 2660 ad
2218 2616 2446 2660 mortem
2481 2604 2801 2672 servaverit,
2843 2619 3020 2674 neque
3043 2604 3187 2659 ullus
3217 2619 3479 2675 unquam,

1909 2711 2096 2751 earum
2125 2712 2308 2752 rerum
2335 2695 2627 2751 formidine
2651 2709 2774 2764 quae
2802 2694 2932 2758 illis,
2979 2695 3072 2764 qui
3103 2695 3255 2764 prius
3280 2693 3483 2748 sublati

1909 2797 2067 2844 erant
2093 2787 2443 2852 accidissent,
2471 2801 2503 2840 a
2534 2787 2796 2842 societate
2839 2785 3149 2852 desciverit,
3191 2804 3367 2858 neque
3395 2803 3484 2843 re-

1909 2881 2075 2952 liquis
2108 2881 2325 2952 publice
2348 2880 2763 2947 contradixerit,
2797 2882 3033 2952 prodens
3076 2896 3142 2936 ea
3170 2896 3291 2951 quae
3340 2882 3484 2936 inter

1909 2973 2062 3044 ipsos
2085 2974 2544 3043 composuissent.
2571 2974 2711 3039 Quin
2728 2981 2782 3028 et
2800 2988 2942 3028 unus
2957 2987 3168 3036 eorum,
3188 2973 3280 3043 qui
3297 2973 3482 3026 vivum

1913 3072 2300 3134 praeceptorem
2345 3063 2574 3134 prodere
2605 3079 2773 3119 ausus
2803 3071 2907 3128 est,
2945 3063 3091 3117 illico
3119 3077 3338 3117 manum
3375 3061 3481 3116 sibi

221 3134 320 3189 σοῦ
346 3136 525 3205 λόγον.
550 3139 615 3191 Et
645 3139 758 3212 γὰρ
793 3129 884 3193 ἐπὶ
914 3142 1130 3197 πάντων
1156 3145 1640 3216 άμφιγνοουμένων
1668 3164 1802 3218 πρα-

1909 3129 2008 3230 ipsi
2039 3129 2387 3214 conscisceus
2409 3197 2425 3221 ,
2472 3156 2717 3212 debitum
2741 3156 3068 3228 supplicium
3091 3156 3317 3210 invenit.
3342 3154 3482 3209 illud

220 3230 474 3300 γμάτων,
511 3231 569 3284 ἐν
600 3249 660 3284 τε
694 3237 806 3296 τοῖς
835 3235 976 3288 κατὰ
1003 3236 1201 3306 νόμους
1231 3237 1600 3312 δικαστηρίοις
1632 3243 1725 3296 καὶ
1749 3245 1807 3297 ὲν

217 3324 345 3385 ταῖς
383 3327 592 3387 κοιναῖς
623 3325 1218 3398 άμφισϐητήσεσι,’τῶν
1253 3331 1547 3402 μαρτύρων
1584 3351 1808 3406 συμφω-

217 3413 312 3466 νία
356 3418 517 3485 κυροῖ
545 3416 606 3468 τὸ
646 3418 1117 3490 ἀμφιγνοούμενον
1187 3422 1299 3493 (ἐπὶ
1347 3425 1610 3496 στόματος
1637 3427 1681 3480 δ’
1714 3425 1807 3482 οῦν

214 3504 315 3557 δύο
343 3505 438 3557 καὶ
459 3506 624 3576 τριῶν
655 3510 946 3582 μαρτύρων
973 3513 1282 3568 συνίσταται
1313 3517 1419 3569 πᾶν
1456 3518 1664 3588 ῥῆμα),
1689 3520 1806 3584 πῶς

216 3597 324 3649 οὐκ
369 3597 502 3670 ἆνή
547 3599 774 3670 ἀλήθεια
820 3605 911 3656 καὶ
957 3605 1050 3657 ἐπὶ
1097 3606 1262 3660 τῶνδε
1308 3595 1557 3681 συσταίη,
1600 3611 1807 3666 δώδεκα

222 3686 327 3756 μὲν
381 3688 552 3741 ὅντων
609 3691 939 3760 ἀποστόλων,
990 3696 1358 3769 ἐϐδομήκοντα
1402 3700 1460 3753 δὲ
1523 3702 1802 3774 μαθητῶν,

223 3783 424 3853 μυρίου
450 3800 509 3835 τε
539 3784 776 3855 πλήθους
800 3788 1005 3842 τούτων
1029 3791 1206 3854 ἐκτὸς,
1236 3793 1453 3847 πάντων
1487 3793 1804 3868 θαυμαστὴν

219 3875 544 3945 συμφωνίαν
589 3878 1062 3952 ἐπιδεδειγμένων,
1106 3885 1200 3937 καὶ
1241 3887 1710 3958 μαρτυρησάντων
1739 3907 1803 3958 γε

215 3967 335 4028 τοῖς
385 3965 492 4018 ὑπὸ
537 3967 630 4020 τοῦ
678 3969 851 4038 Ἰησοῦ
898 3973 1330 4044 πεπραγμένοις,
1379 3977 1482 4030 οὐκ
1527 3977 1800 4049 ἀνιδρωτὶ,

214 4054 308 4108 διὰ
349 4054 406 4108 δὲ
434 4056 682 4126 βασάνων
709 4059 1009 4131 ὑπομονῆς,
1043 4064 1136 4116 καὶ
1163 4063 1344 4136 πάσης
1372 4066 1556 4130 αἰκίας
1586 4069 1679 4120 καὶ
1711 4067 1805 4122 θα-

216 4150 406 4208 νάτου.
436 4151 529 4203 καὶ
557 4151 649 4204 ἐπὶ
686 4154 850 4206 πᾶσιν
875 4155 980 4207 ὑπὸ
1008 4154 1100 4208 τοῦ
1135 4157 1269 4210 Θεοῦ
1314 4159 1801 4231 μαρτυρηθέντων;

222 4243 322 4306 Ὃς
355 4242 449 4294 τὸν
482 4243 573 4296 ὑπ’
601 4243 764 4296 αὑτοῦ
801 4247 1242 4316 καταγγελθέντα
1265 4250 1418 4318 λόγον
1450 4251 1530 4305 ἔτι
1561 4253 1655 4305 καὶ
1681 4252 1796 4319 νῦν,

215 4335 317 4388 καί
351 4337 432 4397 εἰς
455 4335 575 4389 ὅλον
602 4337 694 4391 τὸν
732 4339 902 4392 αἰῶνα
931 4341 1208 4411 κρατύνει.
1241 4342 1427 4397 Ταῦτα
1455 4344 1554 4415 μὲν
1585 4340 1679 4398 οὖν
1704 4348 1802 4417 ἀρ-

216 4426 320 4494 χῆς
349 4426 550 4480 ἀτόπου
583 4427 724 4482 κατὰ
771 4429 1116 4501 συγχώρησιν
1141 4432 1384 4503 δοθείσης
1412 4435 1795 4505 γεγυμνάσθω.

215 4514 294 4570 Τὸ
325 4518 435 4589 γὰρ
464 4522 575 4583 τοῖς
599 4522 895 4590 ἐγγράφοις
918 4523 1175 4576 τάναντία
1217 4525 1524 4591 ὑπολαϐεῖν,
1560 4529 1656 4580 καὶ
1691 4529 1796 4597 φά-
1831 4507 1875 4561 D

212 4627 309 4663 ναι
342 4611 440 4664 τὸν
485 4613 688 4682 Ἰησοῦν
721 4614 1040 4670 διδάσκαλον
1075 4618 1356 4686 γεγονέναι
1395 4621 1468 4693 μὴ
1503 4623 1797 4694 σωφρόνων

213 4701 414 4770 λόγων,
444 4705 658 4769 ἀδικίας
689 4705 745 4758 δὲ
789 4709 880 4760 καὶ
909 4709 1218 4776 πλεονεξίας
1252 4712 1345 4764 καί⁵
1389 4714 1570 4784 πάσης
1602 4715 1800 4768 ἀκολα-

216 4789 366 4855 σίας,
395 4793 520 4856 τούς
550 4794 880 4864 τεξμαθητὰς
912 4798 1081 4868 αύτῷ,
1105 4799 1330 4854 τοιαῦτα
1353 4801 1795 4872 δεδιδαγμένους,

215 4885 592 4955 τοαντορὲκτας
636 4890 915 4956 γεγονέναι
965 4891 1059 4944 καὶ
1097 4895 1487 4966 παμπονήρους
1527 4895 1636 4949 τῶν
1684 4897 1799 4950 πώ-

219 4989 353 5026 ποτε
399 4974 724 5046 ἀνθρώπων,
771 4980 892 5033 καθ’
935 4981 1189 5035 ὑπόθεσιν
1223 4984 1352 5054 ἡμῖν
1400 4990 1794 5059 συνεχωρεῖτο·

212 5067 358 5136 ὅπερ
379 5059 448 5136 ἦν
487 5068 688 5126 παντὸς
719 5071 1063 5126 ἀτοπώτατον
1097 5074 1279 5145 ὅμοιον
1313 5075 1389 5139 ὡς
1432 5079 1480 5130 εἰ
1513 5079 1624 5142 καὶ,
1681 5077 1799 5132 Μω-

214 5155 360 5218 σέως
401 5158 460 5210 ὲν
490 5160 603 5222 τοῖς
630 5159 814 5231 νόμοις
845 5163 1112 5231 λέγοντος,
1152 5166 1225 5219 Οὐ
1262 5167 1560 5236 φονεύσεις,
1587 5171 1648 5223 οὑ
1681 5189 1798 5241 μοι-

211 5248 459 5320 χεύσεις,
491 5251 554 5304 οὐ
587 5252 829 5322 κλέψεις,
864 5256 924 5308 ού
953 5256 1507 5330 ψευδομαρτυρήσεις,
1533 5278 1797 5332 συκοφαν-

212 5340 324 5391 τῶν
357 5341 520 5394 αὐτδν
567 5341 808 5396 διέϐαλλέ
839 5363 942 5412 τις,
979 5347 1151 5416 λέγων
1195 5351 1447 5422 εἰρωνεία
1486 5352 1659 5407 ταῦτα
1693 5354 1796 5422 φά-

212 5447 303 5483 ναι
337 5432 433 5484 καὶ
468 5437 852 5506 προσποιήσει.
897 5437 1188 5493 Βούλεσθαι
1235 5442 1334 5511 μὲν
1364 5442 1473 5514 γάρ
1504 5446 1628 5508 τοὺς
1663 5447 1797 5516 ὑπη-

211 5522 397 5587 κόους,
451 5525 546 5579 καὶ
593 5527 856 5596 φονεύειν,
911 5532 1003 5584 καὶ
1054 5533 1345 5604 μοιχεύειν,
1401 5534 1493 5587 καὶ
1538 5536 1800 5591 τάναντία

214 5616 482 5684 πράττειν
514 5612 596 5681 οἷς
629 5621 924 5689 νομοθετεῖ,
969 5625 1384 5694 προσποιεῖσθαι
1427 5625 1483 5677 δὲ
1534 5628 1800 5697 σχηματί-

215 5707 428 5772 ζεσθαι,
461 5712 558 5764 καὶ
589 5713 1076 5785 καθυποκρὶνεσθαι
1102 5719 1192 5772 τδν
1227 5718 1419 5788 σεμνὸν
1451 5718 1579 5788 βίον.
1616 5720 1802 5792 Ταύτῃ

289 5823 332 5852 ⁸⁷
371 5822 492 5879 Act.
533 5839 630 5886 xu.
662 5825 780 5881 2-4.

1913 3249 2070 3319 117
2099 3263 2264 3320 porro
2284 3249 2379 3320 qui
2413 3247 2530 3303 fieri
2557 3255 2756 3319 potest,
2789 3259 2847 3304 ut
2888 3263 2996 3303 non
3029 3262 3246 3302 omnem
3283 3247 3483 3302 habeat

1909 3348 2219 3412 stuporem,
2262 3339 2510 3395 homines
2551 3338 2872 3396 seductores
2923 3348 3087 3408 atque
3139 3338 3480 3401 illitteratos,

1907 3429 2000 3500 qui
2035 3445 2211 3500 neque
2254 3429 2406 3500 loqui
2453 3443 2631 3497 neque
2671 3425 2862 3481 audire
2920 3425 3252 3496 quidquam,
3285 3430 3482 3494 praeter

1907 3537 2072 3576 unam
2103 3521 2335 3593 patriam
2375 3520 2614 3589 linguam
2643 3517 3084 3580 consuevissent,
3134 3531 3252 3571 non
3300 3515 3479 3572 solum

1905 3615 2245 3684 excogitasse
2292 3611 2575 3668 audaciam
2627 3611 2951 3682 peragrandi
2996 3609 3186 3664 orbem
3233 3609 3478 3662 omnium

1906 3705 2209 3770 nationum,
2241 3704 2336 3760 sed
2364 3719 2491 3759 cum
2523 3702 2933 3774 peragraverint
2955 3739 2971 3767 ,
3004 3699 3303 3770 perfecisse
3332 3697 3480 3767 quod

1905 3797 2318 3869 cogitaverant?
2357 3796 2743 3868 Contemplare
2796 3801 3058 3866 przeterea
3119 3797 3384 3861 quantum
3424 3795 3482 3845 et

1905 3887 2213 3958 cuiusmodi
2244 3889 2334 3950 sit,
2367 3885 2491 3940 illos
2530 3885 2598 3939 de
2639 3885 2812 3940 rebus
2838 3882 3007 3953 gestis
3042 3879 3210 3945 Jesu‘,
3266 3880 3479 3936 nullum
3503 3893 3522 3913 ο

1904 3995 2136 4051 usquam
2164 3979 2482 4048 discrepans
2519 3977 2744 4032 verbum
2787 3974 3101 4046 protulisse.
3144 3971 3201 4027 Si
3231 3973 3378 4028 enim
3420 3975 3480 4028 in

1903 4073 2159 4129 omnibus
2191 4071 2356 4126 rebus
2383 4069 2450 4124 de
2477 4068 2678 4138 quibus
2715 4066 3032 4136 ambigitur,
3056 4073 3219 4136 atque
3252 4067 3308 4120 in
3327 4063 3478 4135 judi-

1903 4167 2006 4222 ciis
2060 4179 2181 4236 quae
2221 4180 2286 4218 ex
2326 4163 2536 4234 legibus
2566 4168 2929 4226 exercentur,
2985 4159 3479 4230 communibusque

1903 4254 2311 4320 controversiis,
2341 4267 2644 4308 consensus
2685 4252 2901 4306 testium
2937 4256 3147 4304 certum
3190 4256 3478 4318 ratumque

1903 4348 1956 4402 id
1974 4346 2135 4403 efficit
2165 4345 2232 4401 de
2263 4343 2372 4417 quo
2403 4344 2696 4414 ambigitur
2725 4345 2803 4413 (in
2835 4358 2932 4398 ore
2965 4341 3112 4396 enim
3135 4342 3368 4397 duorum
3391 4341 3476 4395 vel

1901 4439 2067 4493 trium
2101 4437 2322 4493 testium
2353 4437 2609 4491 consistit
2650 4450 2812 4490 omne
2837 4436 3122 4505 verbum),
3164 4450 3264 4490 cur
3293 4435 3350 4489 in
3388 4435 3476 4490 his

1903 4544 2120 4600 quoque
2167 4529 2369 4584 veritas
2428 4542 2538 4582 non
2593 4526 2890 4582 consistat?
2937 4541 3061 4581 cum
3090 4533 3144 4581 et
3188 4524 3476 4580 duodecim

1907 4619 2138 4690 apostoli
2170 4618 2388 4684 fuerint,
2417 4625 2472 4673 et
2504 4617 2846 4688 septuaginta
2875 4617 3160 4686 discipuli,
3215 4623 3268 4671 et
3313 4616 3476 4670 innu-

1904 4711 2186 4766 merabilis
2221 4718 2374 4765 extra
2409 4710 2553 4765 hunc
2585 4725 2873 4764 numerum
2903 4709 3225 4773 multitudo,
3255 4708 3349 4779 qui
3381 4708 3477 4761 ad-

1905 4801 2210 4855 mirabilem
2243 4802 2299 4855 in
2336 4801 2591 4857 omnibus
2637 4816 2967 4856 consensum
3018 4801 3386 4864 servaverint,
3421 4806 3476 4854 et

1907 4886 1975 4941 de
1997 4888 2156 4944 rebus
2171 4889 2241 4944 ab
2267 4888 2398 4944 Jesu
2413 4891 2582 4960 gestis
2604 4893 2972 4948 testimonium
3021 4892 3270 4949 dederint
3287 4933 3303 4957 ,
3363 4909 3479 4950 non-

1904 4980 2036 5035 illud
2088 4981 2307 5051 quidem
2347 4983 2466 5038 sine
2504 4982 2721 5047 sudore,
2769 4984 2865 5039 sed
2909 4999 3032 5039 cum
3076 4993 3474 5040 tormentorum

1903 5073 2190 5143 omnisque
2224 5073 2438 5142 injuriae
2475 5089 2539 5129 ac
2574 5074 2808 5144 denique
2842 5077 3036 5134 mortis
3088 5079 3470 5148 perpessione,

1903 5171 1958 5220 et
1980 5180 2118 5235 quos
2148 5174 2423 5234 postremo
2451 5167 2614 5220 etiam
2643 5164 2784 5221 Deus
2818 5169 3060 5225 vicissim
3091 5184 3192 5223 suo
3222 5167 3473 5224 testimo-

1901 5261 1995 5316 nio
2021 5262 2476 5332 comprobaverit,
2510 5262 2602 5332 qui
2633 5263 2859 5318 verbum
2889 5265 3034 5335 quod
3059 5265 3126 5319 ab
3155 5264 3263 5318 illis
3288 5264 3475 5332 prodi-

1903 5360 2016 5406 tum
2064 5353 2449 5423 vulgatumque
2476 5361 2590 5416 est,
2639 5352 2706 5407 ad
2739 5354 2884 5408 hunc
2928 5370 3099 5422 usque
3125 5355 3289 5418 diem,
3324 5360 3379 5408 et
3416 5356 3472 5408 in

1899 5459 2062 5499 omne
2103 5458 2277 5497 aevum
2309 5445 2590 5499 continuat
2629 5452 2794 5514 atque
2821 5453 3102 5516 propagat.
3149 5445 3276 5500 Haec
3307 5445 3472 5515 igitur

1907 5538 2042 5592 satis
2086 5551 2152 5592 ex
2181 5537 2534 5593 concessione
2567 5545 2674 5592 tam
2707 5537 2928 5592 absurdi
2971 5539 3262 5608 principii,
3310 5537 3472 5592 nobis

1905 5628 2160 5683 meditata
2193 5628 2319 5682 sint.
2352 5627 2637 5682 Contraria
2664 5629 2809 5682 enim
2844 5628 2911 5683 iis
2944 5644 3064 5698 quae
3111 5627 3312 5698 scripta
3341 5635 3468 5683 sunt

1903 5720 2136 5792 opinari,
2165 5729 2216 5778 et
2253 5717 2438 5777 Iesum
2467 5719 2648 5778 dicere
2676 5735 2788 5777 non
2819 5720 3118 5778 honestatis
3147 5727 3238 5775 aut
3267 5717 3476 5775 sobrie-
