  <div class='ocr_page' id='page_1' title='image "/cluster/home/n/w/nwhite01/storage/ocr_20150623/22/nnc1.0046978372/121.png"; bbox 0 0 3828 6216; ppageno 0'>
   <div class='ocr_carea' id='block_1_1' title="bbox 339 345 443 403">
    <p class='ocr_par' dir='ltr' id='par_1_1' title="bbox 339 345 443 403">
     <span class='ocr_line' id='line_1_1' title="bbox 339 345 443 403; baseline -0.01 0"><span class='ocrx_word' id='word_1_1' title='bbox 339 345 443 403; x_wconf 73' lang='grc'><strong>211</strong></span> 
     </span>
    </p>
   </div>
   <div class='ocr_carea' id='block_1_2' title="bbox 1019 345 2954 412">
    <p class='ocr_par' dir='ltr' id='par_1_2' title="bbox 1019 345 2954 412">
     <span class='ocr_line' id='line_1_2' title="bbox 1019 345 2954 412; baseline 0.004 -8"><span class='ocrx_word' id='word_1_2' title='bbox 1019 345 1291 406; x_wconf 83' lang='lat' dir='ltr'><strong>EUSEBII</strong></span> <span class='ocrx_word' id='word_1_3' title='bbox 1327 349 1808 412; x_wconf 66' lang='lat' dir='ltr'><strong>CASSARIENSIS</strong></span> <span class='ocrx_word' id='word_1_4' title='bbox 1846 352 1995 411; x_wconf 84' lang='lat' dir='ltr'><strong>OPP.</strong></span> <span class='ocrx_word' id='word_1_5' title='bbox 2040 352 2221 411; x_wconf 77' lang='lat' dir='ltr'><strong>PARS</strong></span> <span class='ocrx_word' id='word_1_6' title='bbox 2260 353 2325 411; x_wconf 87' lang='lat' dir='ltr'><strong>II.</strong></span> <span class='ocrx_word' id='word_1_7' title='bbox 2354 380 2426 397; x_wconf 88' lang='lat'><strong>--</strong></span> <span class='ocrx_word' id='word_1_8' title='bbox 2450 351 2954 412; x_wconf 80' lang='lat' dir='ltr'><strong>APOLOGETICA.</strong></span> 
     </span>
    </p>
   </div>
   <div class='ocr_carea' id='block_1_3' title="bbox 3494 354 3605 411">
    <p class='ocr_par' dir='ltr' id='par_1_3' title="bbox 3494 354 3605 411">
     <span class='ocr_line' id='line_1_3' title="bbox 3494 354 3605 411; baseline 0.018 -1"><span class='ocrx_word' id='word_1_9' title='bbox 3494 354 3605 411; x_wconf 66' lang='lat' dir='ltr'><strong>2f!</strong></span> 
     </span>
    </p>
   </div>
   <div class='ocr_carea' id='block_1_4' title="bbox 332 452 1905 548">
    <p class='ocr_par' dir='ltr' id='par_1_4' title="bbox 332 465 1905 544">
     <span class='ocr_line' id='line_1_4' title="bbox 332 465 1905 544; baseline 0.006 -25"><span class='ocrx_word' id='word_1_10' title='bbox 332 465 462 520; x_wconf 89' lang='lat' dir='ltr'><strong>tatis</strong></span> <span class='ocrx_word' id='word_1_11' title='bbox 496 473 884 536; x_wconf 66' lang='lat' dir='ltr'><strong>praeceptorem</strong></span> <span class='ocrx_word' id='word_1_12' title='bbox 915 465 1118 535; x_wconf 81' lang='lat' dir='ltr'><strong>fuisse,</strong></span> <span class='ocrx_word' id='word_1_13' title='bbox 1155 468 1254 527; x_wconf 88' lang='lat' dir='ltr'><strong>sed</strong></span> <span class='ocrx_word' id='word_1_14' title='bbox 1283 470 1570 541; x_wconf 63' lang='lat' dir='ltr'><strong>iniustitiae</strong></span> <span class='ocrx_word' id='word_1_15' title='bbox 1616 479 1673 529; x_wconf 90' lang='lat' dir='ltr'><strong>et</strong></span> <span class='ocrx_word' id='word_1_16' title='bbox 1724 486 1905 544; x_wconf 89' lang='lat' dir='ltr'><strong>super-</strong></span> 
     </span>
    </p>
   </div>
   <div class='ocr_carea' id='block_1_5' title="bbox 2025 452 3602 548">
    <p class='ocr_par' dir='ltr' id='par_1_5' title="bbox 2025 472 3602 548">
     <span class='ocr_line' id='line_1_5' title="bbox 2025 472 3602 548; baseline -0.002 -19"><span class='ocrx_word' id='word_1_17' title='bbox 2025 475 2131 548; x_wconf 86' lang='grc' dir='ltr'><strong>γάρ</strong></span> <span class='ocrx_word' id='word_1_18' title='bbox 2163 475 2259 530; x_wconf 69' lang='grc' dir='ltr'><strong>καὶ¹</strong></span> <span class='ocrx_word' id='word_1_19' title='bbox 2289 474 2388 539; x_wconf 80' lang='grc' dir='ltr'><strong>τὰς</strong></span> <span class='ocrx_word' id='word_1_20' title='bbox 2423 475 2533 531; x_wconf 91' lang='grc' dir='ltr'><strong>τῶν</strong></span> <span class='ocrx_word' id='word_1_21' title='bbox 2559 476 2690 547; x_wconf 78' lang='grc' dir='ltr'><strong>παρ’</strong></span> <span class='ocrx_word' id='word_1_22' title='bbox 2720 473 2947 545; x_wconf 85' lang='grc' dir='ltr'><strong>Ἕλλησι</strong></span> <span class='ocrx_word' id='word_1_23' title='bbox 2978 472 3285 542; x_wconf 79' lang='grc' dir='ltr'><strong>φιλοσόφων</strong></span> <span class='ocrx_word' id='word_1_24' title='bbox 3318 472 3602 545; x_wconf 81' lang='grc' dir='ltr'><strong>ὑποθήκας</strong></span> 
     </span>
    </p>
   </div>
   <div class='ocr_carea' id='block_1_6' title="bbox 331 556 1913 642">
    <p class='ocr_par' dir='ltr' id='par_1_6' title="bbox 331 556 1913 642">
     <span class='ocr_line' id='line_1_6' title="bbox 331 556 1913 642; baseline 0.008 -32"><span class='ocrx_word' id='word_1_25' title='bbox 331 556 436 612; x_wconf 70' lang='lat' dir='ltr'><strong>hia:</strong></span> <span class='ocrx_word' id='word_1_26' title='bbox 462 557 759 642; x_wconf 74' lang='lat' dir='ltr'><strong>omnisque</strong></span> <span class='ocrx_word' id='word_1_27' title='bbox 787 559 1244 631; x_wconf 67' lang='lat' dir='ltr'><strong>intemperantiae,</strong></span> <span class='ocrx_word' id='word_1_28' title='bbox 1268 567 1326 619; x_wconf 87' lang='lat' dir='ltr'><strong>et</strong></span> <span class='ocrx_word' id='word_1_29' title='bbox 1349 561 1498 621; x_wconf 90' lang='lat' dir='ltr'><strong>illius</strong></span> <span class='ocrx_word' id='word_1_30' title='bbox 1525 564 1824 635; x_wconf 75' lang='lat' dir='ltr'><strong>discipulos</strong></span> <span class='ocrx_word' id='word_1_31' title='bbox 1844 567 1913 623; x_wconf 90' lang='lat' dir='ltr'><strong>ab</strong></span> 
     </span>
    </p>
   </div>
   <div class='ocr_carea' id='block_1_7' title="bbox 329 648 1914 725">
    <p class='ocr_par' dir='ltr' id='par_1_7' title="bbox 329 648 1914 725">
     <span class='ocr_line' id='line_1_7' title="bbox 329 648 1914 725; baseline 0.008 -24"><span class='ocrx_word' id='word_1_32' title='bbox 329 648 425 703; x_wconf 86' lang='lat' dir='ltr'><strong>illo</strong></span> <span class='ocrx_word' id='word_1_33' title='bbox 457 649 585 704; x_wconf 78' lang='lat' dir='ltr'><strong>talis</strong></span> <span class='ocrx_word' id='word_1_34' title='bbox 619 649 881 718; x_wconf 89' lang='lat' dir='ltr'><strong>edoctos,</strong></span> <span class='ocrx_word' id='word_1_35' title='bbox 907 653 1058 708; x_wconf 91' lang='lat' dir='ltr'><strong>omni</strong></span> <span class='ocrx_word' id='word_1_36' title='bbox 1096 652 1395 725; x_wconf 72' lang='lat' dir='ltr'><strong>cupiditate</strong></span> <span class='ocrx_word' id='word_1_37' title='bbox 1442 669 1507 710; x_wconf 90' lang='lat' dir='ltr'><strong>ac</strong></span> <span class='ocrx_word' id='word_1_38' title='bbox 1557 657 1764 714; x_wconf 86' lang='lat' dir='ltr'><strong>scelere</strong></span> <span class='ocrx_word' id='word_1_39' title='bbox 1794 672 1914 713; x_wconf 86' lang='lat' dir='ltr'><strong>om-</strong></span> 
     </span>
    </p>
   </div>
   <div class='ocr_carea' id='block_1_8' title="bbox 328 742 1911 819">
    <p class='ocr_par' dir='ltr' id='par_1_8' title="bbox 328 742 1911 819">
     <span class='ocr_line' id='line_1_8' title="bbox 328 742 1911 819; baseline 0.006 -24"><span class='ocrx_word' id='word_1_40' title='bbox 328 754 430 796; x_wconf 87' lang='lat' dir='ltr'><strong>nes</strong></span> <span class='ocrx_word' id='word_1_41' title='bbox 460 742 555 812; x_wconf 89' lang='lat' dir='ltr'><strong>qui</strong></span> <span class='ocrx_word' id='word_1_42' title='bbox 588 758 831 814; x_wconf 84' lang='lat' dir='ltr'><strong>unquam</strong></span> <span class='ocrx_word' id='word_1_43' title='bbox 879 743 1084 800; x_wconf 79' lang='lat' dir='ltr'><strong>fuerint</strong></span> <span class='ocrx_word' id='word_1_44' title='bbox 1128 744 1378 803; x_wconf 84' lang='lat' dir='ltr'><strong>homines</strong></span> <span class='ocrx_word' id='word_1_45' title='bbox 1410 761 1703 819; x_wconf 84' lang='lat' dir='ltr'><strong>superasse</strong></span> <span class='ocrx_word' id='word_1_46' title='bbox 1725 789 1742 817; x_wconf 96' lang='lat'><strong>,</strong></span> <span class='ocrx_word' id='word_1_47' title='bbox 1783 764 1911 805; x_wconf 91' lang='lat' dir='ltr'><strong>cum</strong></span> 
     </span>
    </p>
   </div>
   <div class='ocr_carea' id='block_1_9' title="bbox 329 834 1912 908">
    <p class='ocr_par' dir='ltr' id='par_1_9' title="bbox 329 834 1912 908">
     <span class='ocr_line' id='line_1_9' title="bbox 329 834 1912 908; baseline 0.008 -20"><span class='ocrx_word' id='word_1_48' title='bbox 329 834 573 889; x_wconf 84' lang='lat' dir='ltr'><strong>omnium</strong></span> <span class='ocrx_word' id='word_1_49' title='bbox 604 851 728 908; x_wconf 70' lang='lat' dir='ltr'><strong>quae</strong></span> <span class='ocrx_word' id='word_1_50' title='bbox 759 834 998 892; x_wconf 89' lang='lat' dir='ltr'><strong>absurda</strong></span> <span class='ocrx_word' id='word_1_51' title='bbox 1027 846 1179 902; x_wconf 88' lang='lat' dir='ltr'><strong>sunt,</strong></span> <span class='ocrx_word' id='word_1_52' title='bbox 1207 839 1667 897; x_wconf 81' lang='lat' dir='ltr'><strong>absurdissimum</strong></span> <span class='ocrx_word' id='word_1_53' title='bbox 1694 843 1786 908; x_wconf 87' lang='lat' dir='ltr'><strong>sit,</strong></span> <span class='ocrx_word' id='word_1_54' title='bbox 1813 859 1912 900; x_wconf 90' lang='lat' dir='ltr'><strong>nos</strong></span> 
     </span>
    </p>
   </div>
   <div class='ocr_carea' id='block_1_10' title="bbox 328 928 1914 1005">
    <p class='ocr_par' dir='ltr' id='par_1_10' title="bbox 328 928 1914 1005">
     <span class='ocr_line' id='line_1_10' title="bbox 328 928 1914 1005; baseline 0.004 -23"><span class='ocrx_word' id='word_1_55' title='bbox 328 928 465 983; x_wconf 89' lang='lat' dir='ltr'><strong>illud</strong></span> <span class='ocrx_word' id='word_1_56' title='bbox 500 937 681 985; x_wconf 85' lang='lat' dir='ltr'><strong>tamen</strong></span> <span class='ocrx_word' id='word_1_57' title='bbox 704 928 1021 1000; x_wconf 77' lang='lat' dir='ltr'><strong>disputandi</strong></span> <span class='ocrx_word' id='word_1_58' title='bbox 1054 933 1234 1005; x_wconf 88' lang='lat' dir='ltr'><strong>gratia</strong></span> <span class='ocrx_word' id='word_1_59' title='bbox 1268 933 1495 989; x_wconf 86' lang='lat' dir='ltr'><strong>concedi</strong></span> <span class='ocrx_word' id='word_1_60' title='bbox 1536 948 1701 1005; x_wconf 83' lang='lat' dir='ltr'><strong>posse</strong></span> <span class='ocrx_word' id='word_1_61' title='bbox 1728 935 1914 991; x_wconf 84' lang='lat' dir='ltr'><strong>existi-</strong></span> 
     </span>
    </p>
   </div>
   <div class='ocr_carea' id='block_1_11' title="bbox 327 1019 1911 1100">
    <p class='ocr_par' dir='ltr' id='par_1_11' title="bbox 327 1019 1911 1100">
     <span class='ocr_line' id='line_1_11' title="bbox 327 1019 1911 1100; baseline 0.004 -29"><span class='ocrx_word' id='word_1_62' title='bbox 327 1019 618 1075; x_wconf 88' lang='lat' dir='ltr'><strong>mavimus.</strong></span> <span class='ocrx_word' id='word_1_63' title='bbox 654 1020 812 1087; x_wconf 83' lang='lat' dir='ltr'><strong>Quod</strong></span> <span class='ocrx_word' id='word_1_64' title='bbox 855 1021 1074 1100; x_wconf 82' lang='lat' dir='ltr'><strong>quidem</strong></span> <span class='ocrx_word' id='word_1_65' title='bbox 1100 1029 1185 1082; x_wconf 84' lang='lat' dir='ltr'><strong>est</strong></span> <span class='ocrx_word' id='word_1_66' title='bbox 1210 1021 1411 1087; x_wconf 83' lang='lat' dir='ltr'><strong>simile,</strong></span> <span class='ocrx_word' id='word_1_67' title='bbox 1436 1031 1498 1078; x_wconf 92' lang='lat' dir='ltr'><strong>ut</strong></span> <span class='ocrx_word' id='word_1_68' title='bbox 1528 1023 1574 1080; x_wconf 90' lang='lat' dir='ltr'><strong>si</strong></span> <span class='ocrx_word' id='word_1_69' title='bbox 1605 1024 1752 1095; x_wconf 86' lang='lat' dir='ltr'><strong>quis,</strong></span> <span class='ocrx_word' id='word_1_70' title='bbox 1784 1039 1911 1079; x_wconf 90' lang='lat' dir='ltr'><strong>cum</strong></span> 
     </span>
    </p>
   </div>
   <div class='ocr_carea' id='block_1_12' title="bbox 328 1108 1911 1185">
    <p class='ocr_par' dir='ltr' id='par_1_12' title="bbox 328 1108 1911 1185">
     <span class='ocr_line' id='line_1_12' title="bbox 328 1108 1911 1185; baseline 0.003 -16"><span class='ocrx_word' id='word_1_71' title='bbox 328 1108 507 1169; x_wconf 84' lang='lat' dir='ltr'><strong>Moses</strong></span> <span class='ocrx_word' id='word_1_72' title='bbox 537 1112 593 1166; x_wconf 92' lang='lat' dir='ltr'><strong>in</strong></span> <span class='ocrx_word' id='word_1_73' title='bbox 622 1113 743 1171; x_wconf 89' lang='lat' dir='ltr'><strong>suis</strong></span> <span class='ocrx_word' id='word_1_74' title='bbox 796 1115 1005 1185; x_wconf 82' lang='lat' dir='ltr'><strong>legibus</strong></span> <span class='ocrx_word' id='word_1_75' title='bbox 1035 1115 1185 1171; x_wconf 90' lang='lat' dir='ltr'><strong>dicat</strong></span> <span class='ocrx_word' id='word_1_76' title='bbox 1214 1133 1230 1172; x_wconf 92' lang='lat'><strong>:</strong></span> <span class='ocrx_word' id='word_1_77' title='bbox 1279 1134 1299 1169; x_wconf 81' lang='grc' dir='ltr'><strong>ι</strong></span> <span class='ocrx_word' id='word_1_78' title='bbox 1340 1115 1459 1171; x_wconf 86' lang='lat' dir='ltr'><strong>Non</strong></span> <span class='ocrx_word' id='word_1_79' title='bbox 1490 1118 1709 1174; x_wconf 89' lang='lat' dir='ltr'><strong>occides</strong></span> <span class='ocrx_word' id='word_1_80' title='bbox 1734 1159 1749 1185; x_wconf 91' lang='lat'><strong>,</strong></span> <span class='ocrx_word' id='word_1_81' title='bbox 1798 1133 1911 1173; x_wconf 89' lang='lat' dir='ltr'><strong>non</strong></span> 
     </span>
    </p>
   </div>
   <div class='ocr_carea' id='block_1_13' title="bbox 328 1203 1912 1273">
    <p class='ocr_par' dir='ltr' id='par_1_13' title="bbox 328 1203 1912 1273">
     <span class='ocr_line' id='line_1_13' title="bbox 328 1203 1912 1273; baseline 0.006 -17"><span class='ocrx_word' id='word_1_82' title='bbox 328 1203 717 1269; x_wconf 83' lang='lat' dir='ltr'><strong>moechaberis,</strong></span> <span class='ocrx_word' id='word_1_83' title='bbox 751 1219 861 1261; x_wconf 91' lang='lat' dir='ltr'><strong>non</strong></span> <span class='ocrx_word' id='word_1_84' title='bbox 918 1206 1227 1273; x_wconf 78' lang='lat' dir='ltr'><strong>furaberis,</strong></span> <span class='ocrx_word' id='word_1_85' title='bbox 1263 1223 1375 1263; x_wconf 91' lang='lat' dir='ltr'><strong>non</strong></span> <span class='ocrx_word' id='word_1_86' title='bbox 1421 1207 1622 1263; x_wconf 86' lang='lat' dir='ltr'><strong>falsum</strong></span> <span class='ocrx_word' id='word_1_87' title='bbox 1668 1209 1912 1266; x_wconf 90' lang='lat' dir='ltr'><strong>testimo-</strong></span> 
     </span>
    </p>
   </div>
   <div class='ocr_carea' id='block_1_14' title="bbox 325 1293 1909 1372">
    <p class='ocr_par' dir='ltr' id='par_1_14' title="bbox 325 1293 1909 1372">
     <span class='ocr_line' id='line_1_14' title="bbox 325 1293 1909 1372; baseline 0.008 -25"><span class='ocrx_word' id='word_1_88' title='bbox 325 1293 480 1349; x_wconf 89' lang='lat' dir='ltr'><strong>nium</strong></span> <span class='ocrx_word' id='word_1_89' title='bbox 511 1295 662 1353; x_wconf 90' lang='lat' dir='ltr'><strong>dices</strong></span> <span class='ocrx_word' id='word_1_90' title='bbox 693 1298 775 1352; x_wconf 78' lang='lat'><strong>&quot;:</strong></span> <span class='ocrx_word' id='word_1_91' title='bbox 822 1318 841 1351; x_wconf 77' lang='grc' dir='ltr'><strong>ι</strong></span> <span class='ocrx_word' id='word_1_92' title='bbox 885 1301 1001 1355; x_wconf 82' lang='lat' dir='ltr'><strong>haec</strong></span> <span class='ocrx_word' id='word_1_93' title='bbox 1040 1301 1097 1355; x_wconf 92' lang='lat' dir='ltr'><strong>in</strong></span> <span class='ocrx_word' id='word_1_94' title='bbox 1133 1301 1370 1372; x_wconf 85' lang='lat' dir='ltr'><strong>priorem</strong></span> <span class='ocrx_word' id='word_1_95' title='bbox 1416 1315 1641 1359; x_wconf 88' lang='lat' dir='ltr'><strong>sensum</strong></span> <span class='ocrx_word' id='word_1_96' title='bbox 1688 1302 1909 1360; x_wconf 88' lang='lat' dir='ltr'><strong>trahens</strong></span> 
     </span>
    </p>
   </div>
   <div class='ocr_carea' id='block_1_15' title="bbox 326 1387 1912 1459">
    <p class='ocr_par' dir='ltr' id='par_1_15' title="bbox 326 1387 1912 1459">
     <span class='ocr_line' id='line_1_15' title="bbox 326 1387 1912 1459; baseline 0.005 -16"><span class='ocrx_word' id='word_1_97' title='bbox 326 1394 383 1443; x_wconf 88' lang='lat' dir='ltr'><strong>et</strong></span> <span class='ocrx_word' id='word_1_98' title='bbox 414 1388 778 1459; x_wconf 87' lang='lat' dir='ltr'><strong>calumnians,</strong></span> <span class='ocrx_word' id='word_1_99' title='bbox 807 1392 979 1459; x_wconf 86' lang='lat' dir='ltr'><strong>dicat,</strong></span> <span class='ocrx_word' id='word_1_100' title='bbox 1008 1387 1164 1449; x_wconf 83' lang='lat' dir='ltr'><strong>illum</strong></span> <span class='ocrx_word' id='word_1_101' title='bbox 1196 1410 1324 1450; x_wconf 91' lang='lat' dir='ltr'><strong>cum</strong></span> <span class='ocrx_word' id='word_1_102' title='bbox 1353 1395 1608 1451; x_wconf 82' lang='lat' dir='ltr'><strong>irrisione</strong></span> <span class='ocrx_word' id='word_1_103' title='bbox 1636 1410 1701 1452; x_wconf 86' lang='lat' dir='ltr'><strong>ac</strong></span> <span class='ocrx_word' id='word_1_104' title='bbox 1740 1396 1912 1453; x_wconf 89' lang='lat' dir='ltr'><strong>simu-</strong></span> 
     </span>
    </p>
   </div>
   <div class='ocr_carea' id='block_1_16' title="bbox 325 1479 1910 1562">
    <p class='ocr_par' dir='ltr' id='par_1_16' title="bbox 325 1479 1910 1562">
     <span class='ocr_line' id='line_1_16' title="bbox 325 1479 1910 1562; baseline 0.007 -29"><span class='ocrx_word' id='word_1_105' title='bbox 325 1479 531 1538; x_wconf 83' lang='lat' dir='ltr'><strong>latione</strong></span> <span class='ocrx_word' id='word_1_106' title='bbox 584 1482 692 1539; x_wconf 84' lang='lat' dir='ltr'><strong>aiia</strong></span> <span class='ocrx_word' id='word_1_107' title='bbox 731 1487 1078 1558; x_wconf 76' lang='lat' dir='ltr'><strong>praecepisse.</strong></span> <span class='ocrx_word' id='word_1_108' title='bbox 1107 1487 1255 1546; x_wconf 82' lang='lat' dir='ltr'><strong>Velle</strong></span> <span class='ocrx_word' id='word_1_109' title='bbox 1275 1491 1422 1546; x_wconf 90' lang='lat' dir='ltr'><strong>enim</strong></span> <span class='ocrx_word' id='word_1_110' title='bbox 1450 1505 1549 1546; x_wconf 90' lang='lat' dir='ltr'><strong>eos</strong></span> <span class='ocrx_word' id='word_1_111' title='bbox 1568 1489 1768 1562; x_wconf 85' lang='lat' dir='ltr'><strong>quibus</strong></span> <span class='ocrx_word' id='word_1_112' title='bbox 1802 1490 1910 1545; x_wconf 89' lang='lat' dir='ltr'><strong>im-</strong></span> 
     </span>
    </p>
   </div>
   <div class='ocr_carea' id='block_1_17' title="bbox 319 1578 1912 1650">
    <p class='ocr_par' dir='ltr' id='par_1_17' title="bbox 319 1578 1912 1650">
     <span class='ocr_line' id='line_1_17' title="bbox 319 1578 1912 1650; baseline 0.004 -20"><span class='ocrx_word' id='word_1_113' title='bbox 319 1583 499 1645; x_wconf 85' lang='lat' dir='ltr'><strong>peret,</strong></span> <span class='ocrx_word' id='word_1_114' title='bbox 525 1581 579 1633; x_wconf 84' lang='lat' dir='ltr'><strong>et</strong></span> <span class='ocrx_word' id='word_1_115' title='bbox 607 1578 861 1637; x_wconf 85' lang='lat' dir='ltr'><strong>occidere</strong></span> <span class='ocrx_word' id='word_1_116' title='bbox 888 1590 942 1637; x_wconf 89' lang='lat' dir='ltr'><strong>et</strong></span> <span class='ocrx_word' id='word_1_117' title='bbox 969 1582 1258 1650; x_wconf 75' lang='lat' dir='ltr'><strong>moschari,</strong></span> <span class='ocrx_word' id='word_1_118' title='bbox 1292 1590 1347 1639; x_wconf 89' lang='lat' dir='ltr'><strong>et</strong></span> <span class='ocrx_word' id='word_1_119' title='bbox 1376 1582 1446 1641; x_wconf 91' lang='lat' dir='ltr'><strong>iis</strong></span> <span class='ocrx_word' id='word_1_120' title='bbox 1473 1584 1659 1640; x_wconf 87' lang='lat' dir='ltr'><strong>omnia</strong></span> <span class='ocrx_word' id='word_1_121' title='bbox 1686 1589 1912 1640; x_wconf 84' lang='lat' dir='ltr'><strong>contra-</strong></span> 
     </span>
    </p>
   </div>
   <div class='ocr_carea' id='block_1_18' title="bbox 324 1663 1910 1744">
    <p class='ocr_par' dir='ltr' id='par_1_18' title="bbox 324 1663 1910 1744">
     <span class='ocr_line' id='line_1_18' title="bbox 324 1663 1910 1744; baseline 0.007 -27"><span class='ocrx_word' id='word_1_122' title='bbox 324 1663 409 1719; x_wconf 90' lang='lat' dir='ltr'><strong>ria</strong></span> <span class='ocrx_word' id='word_1_123' title='bbox 432 1665 613 1724; x_wconf 83' lang='lat' dir='ltr'><strong>facere</strong></span> <span class='ocrx_word' id='word_1_124' title='bbox 643 1684 765 1739; x_wconf 70' lang='lat' dir='ltr'><strong>qua:</strong></span> <span class='ocrx_word' id='word_1_125' title='bbox 788 1670 904 1740; x_wconf 85' lang='lat' dir='ltr'><strong>ipse</strong></span> <span class='ocrx_word' id='word_1_126' title='bbox 935 1671 989 1725; x_wconf 95' lang='lat' dir='ltr'><strong>in</strong></span> <span class='ocrx_word' id='word_1_127' title='bbox 1018 1670 1229 1743; x_wconf 75' lang='lat' dir='ltr'><strong>legibus</strong></span> <span class='ocrx_word' id='word_1_128' title='bbox 1261 1674 1529 1744; x_wconf 86' lang='lat' dir='ltr'><strong>posuerit,</strong></span> <span class='ocrx_word' id='word_1_129' title='bbox 1560 1673 1655 1729; x_wconf 89' lang='lat' dir='ltr'><strong>sed</strong></span> <span class='ocrx_word' id='word_1_130' title='bbox 1686 1674 1910 1729; x_wconf 85' lang='lat' dir='ltr'><strong>interim</strong></span> 
     </span>
    </p>
   </div>
   <div class='ocr_carea' id='block_1_19' title="bbox 324 1756 1911 1837">
    <p class='ocr_par' dir='ltr' id='par_1_19' title="bbox 324 1756 1911 1837">
     <span class='ocr_line' id='line_1_19' title="bbox 324 1756 1911 1837; baseline 0.007 -25"><span class='ocrx_word' id='word_1_131' title='bbox 324 1756 531 1829; x_wconf 86' lang='lat' dir='ltr'><strong>ﬁngere</strong></span> <span class='ocrx_word' id='word_1_132' title='bbox 560 1760 808 1817; x_wconf 88' lang='lat' dir='ltr'><strong>habitum</strong></span> <span class='ocrx_word' id='word_1_133' title='bbox 852 1779 912 1818; x_wconf 91' lang='lat' dir='ltr'><strong>se</strong></span> <span class='ocrx_word' id='word_1_134' title='bbox 942 1772 997 1820; x_wconf 88' lang='lat' dir='ltr'><strong>et</strong></span> <span class='ocrx_word' id='word_1_135' title='bbox 1026 1779 1318 1834; x_wconf 88' lang='lat' dir='ltr'><strong>personam</strong></span> <span class='ocrx_word' id='word_1_136' title='bbox 1351 1766 1477 1824; x_wconf 64' lang='lat' dir='ltr'><strong>vitae</strong></span> <span class='ocrx_word' id='word_1_137' title='bbox 1514 1767 1782 1837; x_wconf 76' lang='lat' dir='ltr'><strong>gravioris</strong></span> <span class='ocrx_word' id='word_1_138' title='bbox 1824 1767 1911 1823; x_wconf 85' lang='lat' dir='ltr'><strong>in-</strong></span> 
     </span>
    </p>
   </div>
   <div class='ocr_carea' id='block_1_20' title="bbox 2023 552 3607 639">
    <p class='ocr_par' dir='ltr' id='par_1_20' title="bbox 2023 552 3607 639">
     <span class='ocr_line' id='line_1_20' title="bbox 2023 552 3607 639; baseline -0.004 -15"><span class='ocrx_word' id='word_1_139' title='bbox 2023 568 2299 624; x_wconf 81' lang='grc' dir='ltr'><strong>διαὸἀλλοι</strong></span> <span class='ocrx_word' id='word_1_140' title='bbox 2328 552 2393 622; x_wconf 66' lang='grc' dir='ltr'><strong>ἄν</strong></span> <span class='ocrx_word' id='word_1_141' title='bbox 2424 584 2527 634; x_wconf 87' lang='grc' dir='ltr'><strong>τις,</strong></span> <span class='ocrx_word' id='word_1_142' title='bbox 2554 569 2645 624; x_wconf 86' lang='grc' dir='ltr'><strong>τόν</strong></span> <span class='ocrx_word' id='word_1_143' title='bbox 2665 585 2726 622; x_wconf 92' lang='grc' dir='ltr'><strong>τε</strong></span> <span class='ocrx_word' id='word_1_144' title='bbox 2759 565 3084 639; x_wconf 81' lang='grc' dir='ltr'><strong>καρτερικὸν</strong></span> <span class='ocrx_word' id='word_1_145' title='bbox 3118 565 3231 637; x_wconf 87' lang='grc' dir='ltr'><strong>βίον</strong></span> <span class='ocrx_word' id='word_1_146' title='bbox 3258 565 3354 619; x_wconf 72' lang='grc' dir='ltr'><strong>καὶ</strong></span> <span class='ocrx_word' id='word_1_147' title='bbox 3377 566 3504 629; x_wconf 80' lang='grc' dir='ltr'><strong>τοὺς</strong></span> <span class='ocrx_word' id='word_1_148' title='bbox 3525 565 3607 618; x_wconf 82' lang='grc' dir='ltr'><strong>λό-</strong></span> 
     </span>
    </p>
   </div>
   <div class='ocr_carea' id='block_1_21' title="bbox 2024 655 3598 732">
    <p class='ocr_par' dir='ltr' id='par_1_21' title="bbox 2024 655 3598 732">
     <span class='ocr_line' id='line_1_21' title="bbox 2024 655 3598 732; baseline -0.004 -17"><span class='ocrx_word' id='word_1_149' title='bbox 2024 676 2156 732; x_wconf 83' lang='grc' dir='ltr'><strong>γους</strong></span> <span class='ocrx_word' id='word_1_150' title='bbox 2182 658 2360 714; x_wconf 85' lang='grc' dir='ltr'><strong>αύτῶν</strong></span> <span class='ocrx_word' id='word_1_151' title='bbox 2393 658 2630 724; x_wconf 90' lang='grc' dir='ltr'><strong>πάντων,</strong></span> <span class='ocrx_word' id='word_1_152' title='bbox 2658 658 2882 729; x_wconf 84' lang='grc' dir='ltr'><strong>φάσκων</strong></span> <span class='ocrx_word' id='word_1_153' title='bbox 2912 656 3172 718; x_wconf 75' lang='grc' dir='ltr'><strong>ἐναντίως</strong></span> <span class='ocrx_word' id='word_1_154' title='bbox 3205 655 3304 728; x_wconf 83' lang='grc' dir='ltr'><strong>μὲν</strong></span> <span class='ocrx_word' id='word_1_155' title='bbox 3329 657 3442 718; x_wconf 81' lang='grc' dir='ltr'><strong>τοῖς</strong></span> <span class='ocrx_word' id='word_1_156' title='bbox 3465 655 3598 710; x_wconf 77' lang='grc' dir='ltr'><strong>ἀνα-</strong></span> 
     </span>
    </p>
   </div>
   <div class='ocr_carea' id='block_1_22' title="bbox 2021 743 3602 821">
    <p class='ocr_par' dir='ltr' id='par_1_22' title="bbox 2021 743 3602 821">
     <span class='ocr_line' id='line_1_22' title="bbox 2021 743 3602 821; baseline -0.001 -20"><span class='ocrx_word' id='word_1_157' title='bbox 2021 748 2429 821; x_wconf 80' lang='grc' dir='ltr'><strong>γεγραμμένοις</strong></span> <span class='ocrx_word' id='word_1_158' title='bbox 2461 746 2824 803; x_wconf 79' lang='grc' dir='ltr'><strong>διατεθεῖσθαι</strong></span> <span class='ocrx_word' id='word_1_159' title='bbox 2861 748 3059 809; x_wconf 82' lang='grc' dir='ltr'><strong>αὐτοὺς</strong></span> <span class='ocrx_word' id='word_1_160' title='bbox 3102 746 3201 799; x_wconf 75' lang='grc' dir='ltr'><strong>καὶ</strong></span> <span class='ocrx_word' id='word_1_161' title='bbox 3234 743 3602 799; x_wconf 75' lang='grc' dir='ltr'><strong>ἀναϐεϐιωκέ-</strong></span> 
     </span>
    </p>
   </div>
   <div class='ocr_carea' id='block_1_23' title="bbox 2020 835 3603 911">
    <p class='ocr_par' dir='ltr' id='par_1_23' title="bbox 2020 835 3603 911">
     <span class='ocr_line' id='line_1_23' title="bbox 2020 835 3603 911; baseline -0.003 -19"><span class='ocrx_word' id='word_1_162' title='bbox 2020 855 2131 903; x_wconf 91' lang='grc' dir='ltr'><strong>ναι,</strong></span> <span class='ocrx_word' id='word_1_163' title='bbox 2163 839 2634 911; x_wconf 82' lang='grc' dir='ltr'><strong>προσπεποιῆσθαι</strong></span> <span class='ocrx_word' id='word_1_164' title='bbox 2661 839 2718 893; x_wconf 80' lang='grc' dir='ltr'><strong>δὲ</strong></span> <span class='ocrx_word' id='word_1_165' title='bbox 2755 839 2879 893; x_wconf 85' lang='grc' dir='ltr'><strong>καθ’</strong></span> <span class='ocrx_word' id='word_1_166' title='bbox 2911 837 3217 909; x_wconf 79' lang='grc' dir='ltr'><strong>ὑπόκρισιν,</strong></span> <span class='ocrx_word' id='word_1_167' title='bbox 3251 836 3343 890; x_wconf 77' lang='grc' dir='ltr'><strong>τὸν</strong></span> <span class='ocrx_word' id='word_1_168' title='bbox 3387 835 3603 905; x_wconf 83' lang='grc' dir='ltr'><strong>φιλόσο-</strong></span> 
     </span>
    </p>
   </div>
   <div class='ocr_carea' id='block_1_24' title="bbox 2020 926 3605 1003">
    <p class='ocr_par' dir='ltr' id='par_1_24' title="bbox 2020 926 3605 1003">
     <span class='ocr_line' id='line_1_24' title="bbox 2020 926 3605 1003; baseline -0.004 -17"><span class='ocrx_word' id='word_1_169' title='bbox 2020 948 2121 1003; x_wconf 78' lang='grc' dir='ltr'><strong>φον</strong></span> <span class='ocrx_word' id='word_1_170' title='bbox 2157 931 2433 1003; x_wconf 82' lang='grc' dir='ltr'>μετελθεῖν</span> <span class='ocrx_word' id='word_1_171' title='bbox 2466 930 2600 1003; x_wconf 83' lang='grc' dir='ltr'><strong>βίον.</strong></span> <span class='ocrx_word' id='word_1_172' title='bbox 2635 930 2821 995; x_wconf 80' lang='grc' dir='ltr'><strong>Οὖτως</strong></span> <span class='ocrx_word' id='word_1_173' title='bbox 2851 930 2909 984; x_wconf 88' lang='grc' dir='ltr'><strong>δέ</strong></span> <span class='ocrx_word' id='word_1_174' title='bbox 2949 946 3032 996; x_wconf 89' lang='grc' dir='ltr'><strong>τις</strong></span> <span class='ocrx_word' id='word_1_175' title='bbox 3066 930 3160 985; x_wconf 84' lang='grc' dir='ltr'><strong>καί</strong></span> <span class='ocrx_word' id='word_1_176' title='bbox 3186 930 3367 992; x_wconf 87' lang='grc' dir='ltr'><strong>πάσας</strong></span> <span class='ocrx_word' id='word_1_177' title='bbox 3412 926 3605 990; x_wconf 83' lang='grc' dir='ltr'><strong>ἁπλῶς</strong></span> 
     </span>
    </p>
   </div>
   <div class='ocr_carea' id='block_1_25' title="bbox 2022 1016 3604 1092">
    <p class='ocr_par' dir='ltr' id='par_1_25' title="bbox 2022 1016 3604 1092">
     <span class='ocr_line' id='line_1_25' title="bbox 2022 1016 3604 1092; baseline -0.006 -12"><span class='ocrx_word' id='word_1_178' title='bbox 2022 1028 2194 1080; x_wconf 78' lang='grc' dir='ltr'><strong>εἰπεῖν</strong></span> <span class='ocrx_word' id='word_1_179' title='bbox 2221 1025 2321 1089; x_wconf 87' lang='grc' dir='ltr'><strong>τὰς</strong></span> <span class='ocrx_word' id='word_1_180' title='bbox 2349 1023 2458 1079; x_wconf 92' lang='grc' dir='ltr'><strong>τῶν</strong></span> <span class='ocrx_word' id='word_1_181' title='bbox 2493 1023 2743 1079; x_wconf 89' lang='grc' dir='ltr'><strong>παλαιῶν</strong></span> <span class='ocrx_word' id='word_1_182' title='bbox 2780 1023 3052 1078; x_wconf 79' lang='grc' dir='ltr'><strong>διαϐάλλοι</strong></span> <span class='ocrx_word' id='word_1_183' title='bbox 3086 1022 3153 1077; x_wconf 79' lang='grc' dir='ltr'>ἂν</span> <span class='ocrx_word' id='word_1_184' title='bbox 3184 1020 3446 1092; x_wconf 78' lang='grc' dir='ltr'><strong>ἱστορίας,</strong></span> <span class='ocrx_word' id='word_1_185' title='bbox 3475 1016 3604 1074; x_wconf 87' lang='grc' dir='ltr'><strong>ἀθε-</strong></span> 
     </span>
    </p>
   </div>
   <div class='ocr_carea' id='block_1_26' title="bbox 2020 1110 3605 1191">
    <p class='ocr_par' dir='ltr' id='par_1_26' title="bbox 2020 1110 3605 1191">
     <span class='ocr_line' id='line_1_26' title="bbox 2020 1110 3605 1191; baseline -0.006 -18"><span class='ocrx_word' id='word_1_186' title='bbox 2020 1118 2130 1173; x_wconf 91' lang='grc' dir='ltr'><strong>τῶν</strong></span> <span class='ocrx_word' id='word_1_187' title='bbox 2155 1118 2255 1191; x_wconf 80' lang='grc' dir='ltr'><strong>τὴν</strong></span> <span class='ocrx_word' id='word_1_188' title='bbox 2296 1120 2355 1177; x_wconf 84' lang='grc' dir='ltr'><strong>έν</strong></span> <span class='ocrx_word' id='word_1_189' title='bbox 2393 1120 2585 1182; x_wconf 85' lang='grc' dir='ltr'><strong>αὐταῖς</strong></span> <span class='ocrx_word' id='word_1_190' title='bbox 2627 1117 2908 1189; x_wconf 85' lang='grc' dir='ltr'><strong>ἀλήθειαν,</strong></span> <span class='ocrx_word' id='word_1_191' title='bbox 2942 1117 3038 1170; x_wconf 74' lang='grc' dir='ltr'><strong>καὶ</strong></span> <span class='ocrx_word' id='word_1_192' title='bbox 3080 1117 3161 1179; x_wconf 85' lang='grc' dir='ltr'><strong>είς</strong></span> <span class='ocrx_word' id='word_1_193' title='bbox 3197 1112 3508 1168; x_wconf 81' lang='grc' dir='ltr'><strong>τούναντίον</strong></span> <span class='ocrx_word' id='word_1_194' title='bbox 3532 1110 3605 1164; x_wconf 77' lang='grc' dir='ltr'><strong>τὰ</strong></span> 
     </span>
    </p>
   </div>
   <div class='ocr_carea' id='block_1_27' title="bbox 2019 1204 3606 1284">
    <p class='ocr_par' dir='ltr' id='par_1_27' title="bbox 2019 1204 3606 1284">
     <span class='ocr_line' id='line_1_27' title="bbox 2019 1204 3606 1284; baseline 0.003 -19"><span class='ocrx_word' id='word_1_195' title='bbox 2019 1210 2326 1284; x_wconf 88' lang='grc' dir='ltr'><strong>δηλούμενα</strong></span> <span class='ocrx_word' id='word_1_196' title='bbox 2350 1210 2811 1284; x_wconf 88' lang='grc' dir='ltr'><strong>παραδεχόμενος.</strong></span> <span class='ocrx_word' id='word_1_197' title='bbox 2853 1207 2992 1262; x_wconf 81' lang='grc' dir='ltr'><strong>Ἀλλ’</strong></span> <span class='ocrx_word' id='word_1_198' title='bbox 3019 1208 3096 1271; x_wconf 78' lang='grc' dir='ltr'><strong>ὡς</strong></span> <span class='ocrx_word' id='word_1_199' title='bbox 3121 1206 3222 1260; x_wconf 79' lang='grc' dir='ltr'><strong>οὒκ</strong></span> <span class='ocrx_word' id='word_1_200' title='bbox 3246 1205 3313 1260; x_wconf 75' lang='grc' dir='ltr'><strong>ἀν</strong></span> <span class='ocrx_word' id='word_1_201' title='bbox 3332 1222 3417 1268; x_wconf 79' lang='grc' dir='ltr'><strong>τις</strong></span> <span class='ocrx_word' id='word_1_202' title='bbox 3443 1204 3606 1274; x_wconf 76' lang='grc' dir='ltr'><strong>ὀκνή⁶</strong></span> 
     </span>
    </p>
   </div>
   <div class='ocr_carea' id='block_1_28' title="bbox 2022 1297 3605 1377">
    <p class='ocr_par' dir='ltr' id='par_1_28' title="bbox 2022 1297 3605 1377">
     <span class='ocr_line' id='line_1_28' title="bbox 2022 1297 3605 1377; baseline -0.006 -19"><span class='ocrx_word' id='word_1_203' title='bbox 2022 1321 2136 1358; x_wconf 89' lang='grc' dir='ltr'><strong>σειε</strong></span> <span class='ocrx_word' id='word_1_204' title='bbox 2160 1304 2270 1357; x_wconf 87' lang='grc' dir='ltr'><strong>τῶν</strong></span> <span class='ocrx_word' id='word_1_205' title='bbox 2306 1297 2365 1357; x_wconf 82' lang='grc' dir='ltr'>εὖ</span> <span class='ocrx_word' id='word_1_206' title='bbox 2393 1302 2734 1377; x_wconf 82' lang='grc' dir='ltr'><strong>φρονούντων</strong></span> <span class='ocrx_word' id='word_1_207' title='bbox 2767 1299 3054 1373; x_wconf 89' lang='grc' dir='ltr'><strong>μαίνεσθαι</strong></span> <span class='ocrx_word' id='word_1_208' title='bbox 3077 1299 3170 1353; x_wconf 77' lang='grc' dir='ltr'><strong>τὸν</strong></span> <span class='ocrx_word' id='word_1_209' title='bbox 3196 1297 3436 1352; x_wconf 90' lang='grc' dir='ltr'><strong>τοιοῦτον</strong></span> <span class='ocrx_word' id='word_1_210' title='bbox 3467 1297 3605 1350; x_wconf 86' lang='grc' dir='ltr'><strong>ἀπο-</strong></span> 
     </span>
    </p>
   </div>
   <div class='ocr_carea' id='block_1_29' title="bbox 2020 1389 3605 1467">
    <p class='ocr_par' dir='ltr' id='par_1_29' title="bbox 2020 1389 3605 1467">
     <span class='ocr_line' id='line_1_29' title="bbox 2020 1389 3605 1467; baseline -0.006 -17"><span class='ocrx_word' id='word_1_211' title='bbox 2020 1394 2314 1467; x_wconf 77' lang='grc' dir='ltr'><strong>φήνασθαι,</strong></span> <span class='ocrx_word' id='word_1_212' title='bbox 2342 1392 2488 1449; x_wconf 85' lang='grc' dir='ltr'><strong>οῦτω</strong></span> <span class='ocrx_word' id='word_1_213' title='bbox 2516 1393 2612 1448; x_wconf 76' lang='grc' dir='ltr'><strong>καὶ</strong></span> <span class='ocrx_word' id='word_1_214' title='bbox 2642 1395 2737 1449; x_wconf 75' lang='grc' dir='ltr'><strong>ἐπὶ</strong></span> <span class='ocrx_word' id='word_1_215' title='bbox 2769 1393 2880 1448; x_wconf 92' lang='grc' dir='ltr'><strong>τῶν</strong></span> <span class='ocrx_word' id='word_1_216' title='bbox 2909 1391 3004 1446; x_wconf 89' lang='grc' dir='ltr'><strong>τοῦ</strong></span> <span class='ocrx_word' id='word_1_217' title='bbox 3041 1391 3301 1462; x_wconf 79' lang='grc' dir='ltr'><strong>Σωτῆρος</strong></span> <span class='ocrx_word' id='word_1_218' title='bbox 3334 1389 3509 1458; x_wconf 88' lang='grc' dir='ltr'><strong>λόγων</strong></span> <span class='ocrx_word' id='word_1_219' title='bbox 3537 1404 3605 1442; x_wconf 75' lang='grc' dir='ltr'><strong>τε</strong></span> 
     </span>
    </p>
   </div>
   <div class='ocr_carea' id='block_1_30' title="bbox 2020 1482 3607 1562">
    <p class='ocr_par' dir='ltr' id='par_1_30' title="bbox 2020 1482 3607 1562">
     <span class='ocr_line' id='line_1_30' title="bbox 2020 1482 3607 1562; baseline -0.004 -17"><span class='ocrx_word' id='word_1_220' title='bbox 2020 1493 2115 1545; x_wconf 78' lang='grc' dir='ltr'>καὶ</span> <span class='ocrx_word' id='word_1_221' title='bbox 2169 1488 2542 1562; x_wconf 81' lang='grc' dir='ltr'><strong>μαθημάτων,</strong></span> <span class='ocrx_word' id='word_1_222' title='bbox 2589 1487 2771 1553; x_wconf 76' lang='grc' dir='ltr'><strong>εἴτις</strong></span> <span class='ocrx_word' id='word_1_223' title='bbox 2812 1485 3044 1558; x_wconf 82' lang='grc' dir='ltr'><strong>τάληθὲς</strong></span> <span class='ocrx_word' id='word_1_224' title='bbox 3070 1482 3454 1556; x_wconf 76' lang='grc' dir='ltr'><strong>⁴διαστρέφων,</strong></span> <span class='ocrx_word' id='word_1_225' title='bbox 3500 1482 3607 1555; x_wconf 82' lang='grc' dir='ltr'><strong>τὴν</strong></span> 
     </span>
    </p>
   </div>
   <div class='ocr_carea' id='block_1_31' title="bbox 2018 1575 3606 1652">
    <p class='ocr_par' dir='ltr' id='par_1_31' title="bbox 2018 1575 3606 1652">
     <span class='ocr_line' id='line_1_31' title="bbox 2018 1575 3606 1652; baseline -0.006 -14"><span class='ocrx_word' id='word_1_226' title='bbox 2018 1582 2271 1638; x_wconf 80' lang='grc' dir='ltr'><strong>ἐναντίαν</strong></span> <span class='ocrx_word' id='word_1_227' title='bbox 2314 1575 2396 1646; x_wconf 81' lang='grc' dir='ltr'><strong>οἷς</strong></span> <span class='ocrx_word' id='word_1_228' title='bbox 2436 1579 2683 1633; x_wconf 79' lang='grc' dir='ltr'><strong>ἐδίδασκε</strong></span> <span class='ocrx_word' id='word_1_229' title='bbox 2716 1577 3063 1652; x_wconf 80' lang='grc' dir='ltr'><strong>περιϐάλλειν</strong></span> <span class='ocrx_word' id='word_1_230' title='bbox 3104 1575 3252 1648; x_wconf 81' lang='grc' dir='ltr'><strong>αὐτῷ</strong></span> <span class='ocrx_word' id='word_1_231' title='bbox 3281 1575 3439 1641; x_wconf 80' lang='grc' dir='ltr'><strong>δόξαν</strong></span> <span class='ocrx_word' id='word_1_232' title='bbox 3475 1591 3606 1629; x_wconf 84' lang='grc' dir='ltr'><strong>πει-</strong></span> 
     </span>
    </p>
   </div>
   <div class='ocr_carea' id='block_1_32' title="bbox 2022 1667 3603 1747">
    <p class='ocr_par' dir='ltr' id='par_1_32' title="bbox 2022 1667 3603 1747">
     <span class='ocr_line' id='line_1_32' title="bbox 2022 1667 3603 1747; baseline -0.004 -19"><span class='ocrx_word' id='word_1_233' title='bbox 2022 1673 2182 1747; x_wconf 83' lang='grc' dir='ltr'><strong>ρῷτο.</strong></span> <span class='ocrx_word' id='word_1_234' title='bbox 2226 1672 2374 1744; x_wconf 80' lang='grc' dir='ltr'>Πλὴν</span> <span class='ocrx_word' id='word_1_235' title='bbox 2419 1671 2535 1728; x_wconf 88' lang='grc' dir='ltr'><strong>ἀλλ’</strong></span> <span class='ocrx_word' id='word_1_236' title='bbox 2584 1670 2739 1744; x_wconf 75' lang='grc' dir='ltr'><strong>ἐδόθη</strong></span> <span class='ocrx_word' id='word_1_237' title='bbox 2778 1673 2874 1727; x_wconf 58' lang='grc' dir='ltr'><strong>καὶ¹</strong></span> <span class='ocrx_word' id='word_1_238' title='bbox 2912 1671 3072 1725; x_wconf 89' lang='grc' dir='ltr'><strong>τοῦτο</strong></span> <span class='ocrx_word' id='word_1_239' title='bbox 3107 1670 3184 1734; x_wconf 87' lang='grc' dir='ltr'><strong>ὡς</strong></span> <span class='ocrx_word' id='word_1_240' title='bbox 3224 1670 3283 1724; x_wconf 79' lang='grc' dir='ltr'><strong>ὲν</strong></span> <span class='ocrx_word' id='word_1_241' title='bbox 3321 1667 3603 1736; x_wconf 79' lang='grc' dir='ltr'><strong>ὑποθέσει,</strong></span> 
     </span>
    </p>
   </div>
   <div class='ocr_carea' id='block_1_33' title="bbox 2018 1762 3604 1838">
    <p class='ocr_par' dir='ltr' id='par_1_33' title="bbox 2018 1762 3604 1838">
     <span class='ocr_line' id='line_1_33' title="bbox 2018 1762 3604 1838; baseline -0.004 -17"><span class='ocrx_word' id='word_1_242' title='bbox 2018 1767 2167 1831; x_wconf 82' lang='grc' dir='ltr'><strong>ὅπως</strong></span> <span class='ocrx_word' id='word_1_243' title='bbox 2199 1765 2295 1821; x_wconf 76' lang='grc' dir='ltr'><strong>καὶ</strong></span> <span class='ocrx_word' id='word_1_244' title='bbox 2327 1766 2392 1819; x_wconf 86' lang='grc' dir='ltr'><strong>ὲκ</strong></span> <span class='ocrx_word' id='word_1_245' title='bbox 2422 1764 2759 1838; x_wconf 72' lang='grc' dir='ltr'><strong>περιουσίας,</strong></span> <span class='ocrx_word' id='word_1_246' title='bbox 2789 1766 2884 1819; x_wconf 82' lang='grc' dir='ltr'>καὶ</span> <span class='ocrx_word' id='word_1_247' title='bbox 2926 1765 2984 1818; x_wconf 84' lang='grc' dir='ltr'><strong>έν</strong></span> <span class='ocrx_word' id='word_1_248' title='bbox 3010 1762 3198 1835; x_wconf 83' lang='grc' dir='ltr'><strong>ἀτόπῳ</strong></span> <span class='ocrx_word' id='word_1_249' title='bbox 3229 1762 3604 1835; x_wconf 79' lang='grc' dir='ltr'><strong>συγχωρήσει,</strong></span> 
     </span>
    </p>
   </div>
   <div class='ocr_carea' id='block_1_34' title="bbox 322 1847 1905 1930">
    <p class='ocr_par' dir='ltr' id='par_1_34' title="bbox 322 1847 1905 1930">
     <span class='ocr_line' id='line_1_34' title="bbox 322 1847 1905 1930; baseline 0.008 -29"><span class='ocrx_word' id='word_1_250' title='bbox 322 1847 513 1906; x_wconf 83' lang='lat' dir='ltr'><strong>duerc.</strong></span> <span class='ocrx_word' id='word_1_251' title='bbox 560 1850 833 1909; x_wconf 66' lang='lat' dir='ltr'><strong>Caeterum</strong></span> <span class='ocrx_word' id='word_1_252' title='bbox 877 1854 1068 1910; x_wconf 87' lang='lat' dir='ltr'><strong>eadem</strong></span> <span class='ocrx_word' id='word_1_253' title='bbox 1098 1856 1311 1911; x_wconf 84' lang='lat' dir='ltr'><strong>ratione</strong></span> <span class='ocrx_word' id='word_1_254' title='bbox 1338 1854 1653 1912; x_wconf 63' lang='lat' dir='ltr'><strong>Graecorum</strong></span> <span class='ocrx_word' id='word_1_255' title='bbox 1686 1872 1905 1930; x_wconf 88' lang='lat' dir='ltr'><strong>quoque</strong></span> 
     </span>
    </p>
   </div>
   <div class='ocr_carea' id='block_1_35' title="bbox 2025 1847 3283 1930">
    <p class='ocr_par' dir='ltr' id='par_1_35' title="bbox 2025 1854 3283 1926">
     <span class='ocr_line' id='line_1_35' title="bbox 2025 1854 3283 1926; baseline -0.004 -14"><span class='ocrx_word' id='word_1_256' title='bbox 2025 1859 2069 1913; x_wconf 78' lang='grc' dir='ltr'><strong>τὸ</strong></span> <span class='ocrx_word' id='word_1_257' title='bbox 2094 1857 2402 1913; x_wconf 85' lang='grc' dir='ltr'><strong>ἀσύστατον</strong></span> <span class='ocrx_word' id='word_1_258' title='bbox 2428 1856 2521 1911; x_wconf 87' lang='grc' dir='ltr'><strong>τοῦ</strong></span> <span class='ocrx_word' id='word_1_259' title='bbox 2549 1854 2615 1909; x_wconf 89' lang='grc' dir='ltr'><strong>δι’</strong></span> <span class='ocrx_word' id='word_1_260' title='bbox 2645 1855 2896 1921; x_wconf 76' lang='grc' dir='ltr'><strong>ἐναντίας</strong></span> <span class='ocrx_word' id='word_1_261' title='bbox 2928 1855 3095 1925; x_wconf 76' lang='grc' dir='ltr'><strong>λόγου</strong></span> <span class='ocrx_word' id='word_1_262' title='bbox 3119 1856 3283 1926; x_wconf 78' lang='grc' dir='ltr'><strong>φανῇ.</strong></span> 
     </span>
    </p>
   </div>
   <div class='ocr_carea' id='block_1_36' title="bbox 322 1943 3605 2025">
    <p class='ocr_par' dir='ltr' id='par_1_36' title="bbox 322 1943 3605 2025">
     <span class='ocr_line' id='line_1_36' title="bbox 322 1943 3605 2025; baseline 0.001 -29"><span class='ocrx_word' id='word_1_263' title='bbox 322 1943 775 2015; x_wconf 87' lang='lat' dir='ltr'><strong>philosophorum</strong></span> <span class='ocrx_word' id='word_1_264' title='bbox 828 1955 1124 2019; x_wconf 83' lang='lat' dir='ltr'><strong>praecepta,</strong></span> <span class='ocrx_word' id='word_1_265' title='bbox 1153 1957 1209 2006; x_wconf 89' lang='lat' dir='ltr'><strong>et</strong></span> <span class='ocrx_word' id='word_1_266' title='bbox 1234 1950 1583 2006; x_wconf 87' lang='lat' dir='ltr'><strong>tolerantiam</strong></span> <span class='ocrx_word' id='word_1_267' title='bbox 1639 1952 1799 2020; x_wconf 65' lang='lat' dir='ltr'><strong>vitae,</strong></span> <span class='ocrx_word' id='word_1_268' title='bbox 1850 1951 2125 2025; x_wconf 86' lang='lat' dir='ltr'><strong>planeque</strong></span> <span class='ocrx_word' id='word_1_269' title='bbox 2180 1965 2372 2008; x_wconf 87' lang='lat' dir='ltr'><strong>eorum</strong></span> <span class='ocrx_word' id='word_1_270' title='bbox 2420 1951 2666 2006; x_wconf 89' lang='lat' dir='ltr'><strong>omnium</strong></span> <span class='ocrx_word' id='word_1_271' title='bbox 2717 1948 2924 2021; x_wconf 90' lang='lat' dir='ltr'><strong>scripta</strong></span> <span class='ocrx_word' id='word_1_272' title='bbox 2976 1947 3355 2018; x_wconf 89' lang='lat' dir='ltr'><strong>unusquisque</strong></span> <span class='ocrx_word' id='word_1_273' title='bbox 3397 1944 3605 2018; x_wconf 70' lang='lat' dir='ltr'><strong>poterit</strong></span> 
     </span>
    </p>
   </div>
   <div class='ocr_carea' id='block_1_37' title="bbox 323 2037 3602 2116">
    <p class='ocr_par' dir='ltr' id='par_1_37' title="bbox 323 2037 3602 2116">
     <span class='ocr_line' id='line_1_37' title="bbox 323 2037 3602 2116; baseline 0.001 -28"><span class='ocrx_word' id='word_1_274' title='bbox 323 2037 688 2101; x_wconf 83' lang='lat' dir='ltr'><strong>calumniari,</strong></span> <span class='ocrx_word' id='word_1_275' title='bbox 726 2047 780 2095; x_wconf 92' lang='lat' dir='ltr'><strong>et</strong></span> <span class='ocrx_word' id='word_1_276' title='bbox 827 2039 1046 2096; x_wconf 88' lang='lat' dir='ltr'><strong>dicere:</strong></span> <span class='ocrx_word' id='word_1_277' title='bbox 1086 2042 1210 2098; x_wconf 86' lang='lat' dir='ltr'><strong>illos</strong></span> <span class='ocrx_word' id='word_1_278' title='bbox 1244 2042 1466 2115; x_wconf 85' lang='lat' dir='ltr'><strong>quidem</strong></span> <span class='ocrx_word' id='word_1_279' title='bbox 1534 2043 1606 2099; x_wconf 89' lang='lat' dir='ltr'><strong>iis</strong></span> <span class='ocrx_word' id='word_1_280' title='bbox 1641 2059 1762 2115; x_wconf 68' lang='lat' dir='ltr'><strong>qua:</strong></span> <span class='ocrx_word' id='word_1_281' title='bbox 1824 2045 2178 2116; x_wconf 88' lang='lat' dir='ltr'><strong>scripserint,</strong></span> <span class='ocrx_word' id='word_1_282' title='bbox 2220 2042 2502 2100; x_wconf 87' lang='lat' dir='ltr'><strong>contraria</strong></span> <span class='ocrx_word' id='word_1_283' title='bbox 2555 2041 2614 2097; x_wconf 91' lang='lat' dir='ltr'><strong>in</strong></span> <span class='ocrx_word' id='word_1_284' title='bbox 2663 2041 2849 2096; x_wconf 92' lang='lat' dir='ltr'><strong>animo</strong></span> <span class='ocrx_word' id='word_1_285' title='bbox 2897 2039 3179 2106; x_wconf 86' lang='lat' dir='ltr'><strong>habuisse,</strong></span> <span class='ocrx_word' id='word_1_286' title='bbox 3234 2038 3602 2093; x_wconf 88' lang='lat' dir='ltr'><strong>contrariam-</strong></span> 
     </span>
    </p>
   </div>
   <div class='ocr_carea' id='block_1_38' title="bbox 322 2126 3601 2206">
    <p class='ocr_par' dir='ltr' id='par_1_38' title="bbox 322 2126 3601 2206">
     <span class='ocr_line' id='line_1_38' title="bbox 322 2126 3601 2206; baseline 0.001 -25"><span class='ocrx_word' id='word_1_287' title='bbox 322 2143 431 2198; x_wconf 86' lang='lat' dir='ltr'><strong>que</strong></span> <span class='ocrx_word' id='word_1_288' title='bbox 459 2126 653 2186; x_wconf 87' lang='lat' dir='ltr'><strong>rationi</strong></span> <span class='ocrx_word' id='word_1_289' title='bbox 687 2130 852 2185; x_wconf 88' lang='lat' dir='ltr'><strong>vitam</strong></span> <span class='ocrx_word' id='word_1_290' title='bbox 894 2132 1098 2189; x_wconf 79' lang='lat' dir='ltr'><strong>vixisse</strong></span> <span class='ocrx_word' id='word_1_291' title='bbox 1122 2173 1139 2199; x_wconf 93' lang='lat'><strong>,</strong></span> <span class='ocrx_word' id='word_1_292' title='bbox 1190 2134 1486 2193; x_wconf 87' lang='lat' dir='ltr'><strong>simulasse</strong></span> <span class='ocrx_word' id='word_1_293' title='bbox 1527 2142 1712 2189; x_wconf 87' lang='lat' dir='ltr'><strong>autem</strong></span> <span class='ocrx_word' id='word_1_294' title='bbox 1752 2134 1912 2206; x_wconf 88' lang='lat' dir='ltr'><strong>quasi</strong></span> <span class='ocrx_word' id='word_1_295' title='bbox 1951 2134 2055 2188; x_wconf 90' lang='lat' dir='ltr'><strong>alia</strong></span> <span class='ocrx_word' id='word_1_296' title='bbox 2083 2134 2272 2190; x_wconf 88' lang='lat' dir='ltr'><strong>induta</strong></span> <span class='ocrx_word' id='word_1_297' title='bbox 2301 2147 2561 2205; x_wconf 85' lang='lat' dir='ltr'><strong>persona,</strong></span> <span class='ocrx_word' id='word_1_298' title='bbox 2620 2129 3062 2204; x_wconf 87' lang='lat' dir='ltr'><strong>philosophicum</strong></span> <span class='ocrx_word' id='word_1_299' title='bbox 3102 2129 3207 2186; x_wconf 87' lang='lat' dir='ltr'><strong>sibi</strong></span> <span class='ocrx_word' id='word_1_300' title='bbox 3264 2130 3390 2185; x_wconf 67' lang='lat' dir='ltr'><strong>vitae</strong></span> <span class='ocrx_word' id='word_1_301' title='bbox 3418 2142 3601 2196; x_wconf 73' lang='lat' dir='ltr'><strong>genus</strong></span> 
     </span>
    </p>
   </div>
   <div class='ocr_carea' id='block_1_39' title="bbox 318 2223 3600 2301">
    <p class='ocr_par' dir='ltr' id='par_1_39' title="bbox 318 2223 3600 2301">
     <span class='ocr_line' id='line_1_39' title="bbox 318 2223 3600 2301; baseline -0 -23"><span class='ocrx_word' id='word_1_302' title='bbox 318 2223 616 2295; x_wconf 84' lang='lat' dir='ltr'><strong>placuisse.</strong></span> <span class='ocrx_word' id='word_1_303' title='bbox 663 2226 826 2298; x_wconf 77' lang='lat'><strong>118</strong></span> <span class='ocrx_word' id='word_1_304' title='bbox 874 2223 966 2283; x_wconf 90' lang='lat' dir='ltr'><strong>Sic</strong></span> <span class='ocrx_word' id='word_1_305' title='bbox 995 2239 1178 2285; x_wconf 89' lang='lat' dir='ltr'><strong>autem</strong></span> <span class='ocrx_word' id='word_1_306' title='bbox 1228 2244 1421 2287; x_wconf 91' lang='lat' dir='ltr'><strong>omnes</strong></span> <span class='ocrx_word' id='word_1_307' title='bbox 1471 2245 1728 2301; x_wconf 89' lang='lat' dir='ltr'><strong>quoque,</strong></span> <span class='ocrx_word' id='word_1_308' title='bbox 1763 2239 1825 2287; x_wconf 92' lang='lat' dir='ltr'><strong>ut</strong></span> <span class='ocrx_word' id='word_1_309' title='bbox 1870 2230 1927 2285; x_wconf 90' lang='lat' dir='ltr'><strong>in</strong></span> <span class='ocrx_word' id='word_1_310' title='bbox 1966 2244 2179 2287; x_wconf 92' lang='lat' dir='ltr'><strong>summa</strong></span> <span class='ocrx_word' id='word_1_311' title='bbox 2211 2228 2414 2294; x_wconf 90' lang='lat' dir='ltr'><strong>dicam,</strong></span> <span class='ocrx_word' id='word_1_312' title='bbox 2440 2235 2687 2284; x_wconf 83' lang='lat' dir='ltr'><strong>veterum</strong></span> <span class='ocrx_word' id='word_1_313' title='bbox 2720 2226 2982 2282; x_wconf 86' lang='lat' dir='ltr'><strong>historias</strong></span> <span class='ocrx_word' id='word_1_314' title='bbox 3009 2224 3336 2280; x_wconf 90' lang='lat' dir='ltr'><strong>calumniari</strong></span> <span class='ocrx_word' id='word_1_315' title='bbox 3393 2224 3469 2280; x_wconf 89' lang='lat' dir='ltr'><strong>sit</strong></span> <span class='ocrx_word' id='word_1_316' title='bbox 3510 2223 3600 2277; x_wconf 79' lang='lat' dir='ltr'><strong>fa-</strong></span> 
     </span>
    </p>
   </div>
   <div class='ocr_carea' id='block_1_40' title="bbox 320 2319 3601 2397">
    <p class='ocr_par' dir='ltr' id='par_1_40' title="bbox 320 2319 3601 2397">
     <span class='ocr_line' id='line_1_40' title="bbox 320 2319 3601 2397; baseline -0.001 -22"><span class='ocrx_word' id='word_1_317' title='bbox 320 2321 448 2387; x_wconf 89' lang='lat' dir='ltr'><strong>cile,</strong></span> <span class='ocrx_word' id='word_1_318' title='bbox 477 2326 532 2377; x_wconf 89' lang='lat' dir='ltr'><strong>et</strong></span> <span class='ocrx_word' id='word_1_319' title='bbox 558 2322 775 2378; x_wconf 84' lang='lat' dir='ltr'><strong>veritati</strong></span> <span class='ocrx_word' id='word_1_320' title='bbox 806 2339 927 2392; x_wconf 81' lang='lat' dir='ltr'><strong>quae</strong></span> <span class='ocrx_word' id='word_1_321' title='bbox 958 2324 1016 2378; x_wconf 93' lang='lat' dir='ltr'><strong>in</strong></span> <span class='ocrx_word' id='word_1_322' title='bbox 1050 2324 1160 2381; x_wconf 89' lang='lat' dir='ltr'><strong>illis</strong></span> <span class='ocrx_word' id='word_1_323' title='bbox 1189 2333 1277 2382; x_wconf 86' lang='lat' dir='ltr'><strong>est</strong></span> <span class='ocrx_word' id='word_1_324' title='bbox 1326 2324 1615 2382; x_wconf 86' lang='lat' dir='ltr'><strong>detrahere</strong></span> <span class='ocrx_word' id='word_1_325' title='bbox 1635 2366 1652 2393; x_wconf 95' lang='lat'><strong>,</strong></span> <span class='ocrx_word' id='word_1_326' title='bbox 1702 2340 1933 2397; x_wconf 80' lang='lat' dir='ltr'><strong>eamque</strong></span> <span class='ocrx_word' id='word_1_327' title='bbox 1969 2325 2177 2381; x_wconf 85' lang='lat' dir='ltr'><strong>nullam</strong></span> <span class='ocrx_word' id='word_1_328' title='bbox 2205 2339 2329 2381; x_wconf 86' lang='lat' dir='ltr'><strong>esse</strong></span> <span class='ocrx_word' id='word_1_329' title='bbox 2357 2322 2713 2387; x_wconf 85' lang='lat' dir='ltr'><strong>contendere,</strong></span> <span class='ocrx_word' id='word_1_330' title='bbox 2747 2331 2804 2378; x_wconf 92' lang='lat' dir='ltr'><strong>et</strong></span> <span class='ocrx_word' id='word_1_331' title='bbox 2834 2321 3072 2392; x_wconf 89' lang='lat' dir='ltr'><strong>denique</strong></span> <span class='ocrx_word' id='word_1_332' title='bbox 3116 2320 3176 2375; x_wconf 91' lang='lat' dir='ltr'><strong>in</strong></span> <span class='ocrx_word' id='word_1_333' title='bbox 3214 2319 3547 2376; x_wconf 86' lang='lat' dir='ltr'><strong>contrarium</strong></span> <span class='ocrx_word' id='word_1_334' title='bbox 3578 2355 3601 2382; x_wconf 87' lang='lat'><strong>,</strong></span> 
     </span>
    </p>
   </div>
   <div class='ocr_carea' id='block_1_41' title="bbox 321 2413 3597 2495">
    <p class='ocr_par' dir='ltr' id='par_1_41' title="bbox 321 2413 3597 2495">
     <span class='ocr_line' id='line_1_41' title="bbox 321 2413 3597 2495; baseline -0.002 -24"><span class='ocrx_word' id='word_1_335' title='bbox 321 2432 664 2489; x_wconf 81' lang='lat' dir='ltr'><strong>quaecunque</strong></span> <span class='ocrx_word' id='word_1_336' title='bbox 714 2427 938 2476; x_wconf 85' lang='lat' dir='ltr'><strong>narrata</strong></span> <span class='ocrx_word' id='word_1_337' title='bbox 991 2428 1157 2489; x_wconf 77' lang='lat' dir='ltr'><strong>Sunt,</strong></span> <span class='ocrx_word' id='word_1_338' title='bbox 1185 2430 1420 2481; x_wconf 89' lang='lat' dir='ltr'><strong>vertere.</strong></span> <span class='ocrx_word' id='word_1_339' title='bbox 1462 2421 1569 2479; x_wconf 87' lang='lat' dir='ltr'><strong>Sed</strong></span> <span class='ocrx_word' id='word_1_340' title='bbox 1614 2421 2071 2495; x_wconf 87' lang='lat' dir='ltr'><strong>quemadmodum</strong></span> <span class='ocrx_word' id='word_1_341' title='bbox 2121 2421 2306 2477; x_wconf 91' lang='lat' dir='ltr'><strong>nullus</strong></span> <span class='ocrx_word' id='word_1_342' title='bbox 2358 2420 2557 2475; x_wconf 86' lang='lat' dir='ltr'><strong>mentis</strong></span> <span class='ocrx_word' id='word_1_343' title='bbox 2598 2432 2826 2489; x_wconf 88' lang='lat' dir='ltr'><strong>compos</strong></span> <span class='ocrx_word' id='word_1_344' title='bbox 2860 2431 3010 2484; x_wconf 90' lang='lat' dir='ltr'><strong>eum,</strong></span> <span class='ocrx_word' id='word_1_345' title='bbox 3076 2416 3172 2488; x_wconf 90' lang='lat' dir='ltr'><strong>qui</strong></span> <span class='ocrx_word' id='word_1_346' title='bbox 3224 2415 3356 2469; x_wconf 83' lang='lat' dir='ltr'><strong>talia</strong></span> <span class='ocrx_word' id='word_1_347' title='bbox 3402 2413 3597 2477; x_wconf 76' lang='lat' dir='ltr'><strong>dicat,</strong></span> 
     </span>
    </p>
   </div>
   <div class='ocr_carea' id='block_1_42' title="bbox 321 2511 3598 2583">
    <p class='ocr_par' dir='ltr' id='par_1_42' title="bbox 321 2511 3598 2583">
     <span class='ocr_line' id='line_1_42' title="bbox 321 2511 3598 2583; baseline -0.001 -19"><span class='ocrx_word' id='word_1_348' title='bbox 321 2511 580 2566; x_wconf 87' lang='lat' dir='ltr'><strong>insanum</strong></span> <span class='ocrx_word' id='word_1_349' title='bbox 626 2521 790 2583; x_wconf 87' lang='lat' dir='ltr'><strong>atque</strong></span> <span class='ocrx_word' id='word_1_350' title='bbox 830 2521 1102 2572; x_wconf 87' lang='lat' dir='ltr'><strong>amentem</strong></span> <span class='ocrx_word' id='word_1_351' title='bbox 1153 2514 1425 2572; x_wconf 81' lang='lat' dir='ltr'><strong>aﬂirmare</strong></span> <span class='ocrx_word' id='word_1_352' title='bbox 1476 2525 1767 2583; x_wconf 85' lang='lat' dir='ltr'><strong>vereatur,</strong></span> <span class='ocrx_word' id='word_1_353' title='bbox 1822 2517 1899 2572; x_wconf 86' lang='lat' dir='ltr'><strong>ita</strong></span> <span class='ocrx_word' id='word_1_354' title='bbox 1937 2517 2098 2573; x_wconf 87' lang='lat' dir='ltr'><strong>etiam</strong></span> <span class='ocrx_word' id='word_1_355' title='bbox 2129 2515 2185 2569; x_wconf 90' lang='lat' dir='ltr'><strong>in</strong></span> <span class='ocrx_word' id='word_1_356' title='bbox 2217 2513 2517 2570; x_wconf 89' lang='lat' dir='ltr'><strong>Salvatoris</strong></span> <span class='ocrx_word' id='word_1_357' title='bbox 2544 2513 2719 2569; x_wconf 89' lang='lat' dir='ltr'><strong>nostri</strong></span> <span class='ocrx_word' id='word_1_358' title='bbox 2777 2512 3126 2569; x_wconf 87' lang='lat' dir='ltr'><strong>sermonibus</strong></span> <span class='ocrx_word' id='word_1_359' title='bbox 3164 2518 3330 2581; x_wconf 88' lang='lat' dir='ltr'><strong>atque</strong></span> <span class='ocrx_word' id='word_1_360' title='bbox 3382 2522 3598 2579; x_wconf 57' lang='lat' dir='ltr'><strong>praece-</strong></span> 
     </span>
    </p>
   </div>
   <div class='ocr_carea' id='block_1_43' title="bbox 321 2606 3605 2684">
    <p class='ocr_par' dir='ltr' id='par_1_43' title="bbox 321 2606 3605 2684">
     <span class='ocr_line' id='line_1_43' title="bbox 321 2606 3605 2684; baseline -0.001 -22"><span class='ocrx_word' id='word_1_361' title='bbox 321 2606 456 2678; x_wconf 77' lang='lat' dir='ltr'><strong>ptis,</strong></span> <span class='ocrx_word' id='word_1_362' title='bbox 488 2607 537 2664; x_wconf 88' lang='lat' dir='ltr'><strong>si</strong></span> <span class='ocrx_word' id='word_1_363' title='bbox 559 2608 687 2681; x_wconf 85' lang='lat' dir='ltr'><strong>quis</strong></span> <span class='ocrx_word' id='word_1_364' title='bbox 709 2609 996 2666; x_wconf 87' lang='lat' dir='ltr'><strong>veritatem</strong></span> <span class='ocrx_word' id='word_1_365' title='bbox 1030 2617 1400 2683; x_wconf 88' lang='lat' dir='ltr'><strong>contorquens</strong></span> <span class='ocrx_word' id='word_1_366' title='bbox 1433 2621 1597 2684; x_wconf 88' lang='lat' dir='ltr'><strong>atque</strong></span> <span class='ocrx_word' id='word_1_367' title='bbox 1624 2620 1942 2684; x_wconf 88' lang='lat' dir='ltr'><strong>pervertens</strong></span> <span class='ocrx_word' id='word_1_368' title='bbox 1962 2653 1978 2676; x_wconf 89' lang='lat'><strong>.</strong></span> <span class='ocrx_word' id='word_1_369' title='bbox 2019 2610 2353 2669; x_wconf 88' lang='lat' dir='ltr'><strong>contrariam</strong></span> <span class='ocrx_word' id='word_1_370' title='bbox 2391 2611 2460 2668; x_wconf 90' lang='lat' dir='ltr'><strong>iis</strong></span> <span class='ocrx_word' id='word_1_371' title='bbox 2492 2626 2616 2682; x_wconf 80' lang='lat' dir='ltr'><strong>quae</strong></span> <span class='ocrx_word' id='word_1_372' title='bbox 2643 2610 2831 2666; x_wconf 91' lang='lat' dir='ltr'><strong>docuit</strong></span> <span class='ocrx_word' id='word_1_373' title='bbox 2860 2609 2950 2665; x_wconf 88' lang='lat' dir='ltr'><strong>ille</strong></span> <span class='ocrx_word' id='word_1_374' title='bbox 2980 2608 3309 2664; x_wconf 90' lang='lat' dir='ltr'><strong>sententiam</strong></span> <span class='ocrx_word' id='word_1_375' title='bbox 3362 2612 3605 2662; x_wconf 79' lang='lat' dir='ltr'><strong>conetur</strong></span> 
     </span>
    </p>
   </div>
   <div class='ocr_carea' id='block_1_44' title="bbox 319 2696 3604 2776">
    <p class='ocr_par' dir='ltr' id='par_1_44' title="bbox 319 2696 3604 2776">
     <span class='ocr_line' id='line_1_44' title="bbox 319 2696 3604 2776; baseline -0.002 -21"><span class='ocrx_word' id='word_1_376' title='bbox 319 2698 624 2771; x_wconf 82' lang='lat' dir='ltr'><strong>imponere,</strong></span> <span class='ocrx_word' id='word_1_377' title='bbox 656 2701 784 2759; x_wconf 85' lang='lat' dir='ltr'><strong>huic</strong></span> <span class='ocrx_word' id='word_1_378' title='bbox 812 2718 1029 2774; x_wconf 87' lang='lat' dir='ltr'><strong>quoque</strong></span> <span class='ocrx_word' id='word_1_379' title='bbox 1081 2720 1113 2759; x_wconf 87' lang='lat' dir='ltr'><strong>a</strong></span> <span class='ocrx_word' id='word_1_380' title='bbox 1170 2705 1365 2772; x_wconf 90' lang='lat' dir='ltr'><strong>nobis,</strong></span> <span class='ocrx_word' id='word_1_381' title='bbox 1415 2705 1470 2761; x_wconf 93' lang='lat' dir='ltr'><strong>id</strong></span> <span class='ocrx_word' id='word_1_382' title='bbox 1515 2704 1662 2776; x_wconf 92' lang='lat' dir='ltr'><strong>quod</strong></span> <span class='ocrx_word' id='word_1_383' title='bbox 1696 2704 1893 2762; x_wconf 83' lang='lat' dir='ltr'><strong>falsum</strong></span> <span class='ocrx_word' id='word_1_384' title='bbox 1931 2713 2039 2772; x_wconf 91' lang='lat' dir='ltr'><strong>est,</strong></span> <span class='ocrx_word' id='word_1_385' title='bbox 2070 2703 2411 2761; x_wconf 62' lang='lat' dir='ltr'><strong>illustrandae</strong></span> <span class='ocrx_word' id='word_1_386' title='bbox 2439 2703 2688 2759; x_wconf 89' lang='lat' dir='ltr'><strong>veritatis</strong></span> <span class='ocrx_word' id='word_1_387' title='bbox 2747 2702 2946 2774; x_wconf 88' lang='lat' dir='ltr'><strong>gratia,</strong></span> <span class='ocrx_word' id='word_1_388' title='bbox 2978 2711 3041 2755; x_wconf 93' lang='lat' dir='ltr'><strong>ut</strong></span> <span class='ocrx_word' id='word_1_389' title='bbox 3086 2701 3145 2755; x_wconf 91' lang='lat' dir='ltr'><strong>in</strong></span> <span class='ocrx_word' id='word_1_390' title='bbox 3202 2696 3604 2768; x_wconf 84' lang='lat' dir='ltr'><strong>disputationi-</strong></span> 
     </span>
    </p>
   </div>
   <div class='ocr_carea' id='block_1_45' title="bbox 319 2794 3602 2875">
    <p class='ocr_par' dir='ltr' id='par_1_45' title="bbox 319 2794 3602 2875">
     <span class='ocr_line' id='line_1_45' title="bbox 319 2794 3602 2875; baseline 0 -24"><span class='ocrx_word' id='word_1_391' title='bbox 319 2796 428 2853; x_wconf 87' lang='lat' dir='ltr'><strong>bus</strong></span> <span class='ocrx_word' id='word_1_392' title='bbox 453 2796 571 2854; x_wconf 83' lang='lat' dir='ltr'><strong>ﬁeri</strong></span> <span class='ocrx_word' id='word_1_393' title='bbox 603 2799 759 2863; x_wconf 82' lang='lat' dir='ltr'><strong>solet,</strong></span> <span class='ocrx_word' id='word_1_394' title='bbox 791 2814 1117 2858; x_wconf 88' lang='lat' dir='ltr'><strong>concessum</strong></span> <span class='ocrx_word' id='word_1_395' title='bbox 1142 2810 1262 2859; x_wconf 89' lang='lat' dir='ltr'><strong>esto</strong></span> <span class='ocrx_word' id='word_1_396' title='bbox 1293 2821 1308 2859; x_wconf 88' lang='lat'><strong>:</strong></span> <span class='ocrx_word' id='word_1_397' title='bbox 1346 2809 1406 2858; x_wconf 88' lang='lat' dir='ltr'><strong>ut</strong></span> <span class='ocrx_word' id='word_1_398' title='bbox 1464 2817 1591 2860; x_wconf 90' lang='lat' dir='ltr'><strong>cum</strong></span> <span class='ocrx_word' id='word_1_399' title='bbox 1622 2801 1936 2861; x_wconf 88' lang='lat' dir='ltr'><strong>dederimus</strong></span> <span class='ocrx_word' id='word_1_400' title='bbox 1973 2801 2030 2858; x_wconf 92' lang='lat' dir='ltr'><strong>id</strong></span> <span class='ocrx_word' id='word_1_401' title='bbox 2051 2800 2200 2875; x_wconf 88' lang='lat' dir='ltr'><strong>quod</strong></span> <span class='ocrx_word' id='word_1_402' title='bbox 2235 2800 2388 2859; x_wconf 88' lang='lat' dir='ltr'><strong>dictu</strong></span> <span class='ocrx_word' id='word_1_403' title='bbox 2436 2799 2738 2859; x_wconf 84' lang='lat' dir='ltr'><strong>absurdum</strong></span> <span class='ocrx_word' id='word_1_404' title='bbox 2766 2807 2874 2868; x_wconf 88' lang='lat' dir='ltr'><strong>est,</strong></span> <span class='ocrx_word' id='word_1_405' title='bbox 2898 2797 3189 2855; x_wconf 68' lang='lat' dir='ltr'><strong>contrariae</strong></span> <span class='ocrx_word' id='word_1_406' title='bbox 3216 2796 3449 2854; x_wconf 88' lang='lat' dir='ltr'><strong>rationis</strong></span> <span class='ocrx_word' id='word_1_407' title='bbox 3502 2794 3602 2850; x_wconf 87' lang='lat' dir='ltr'><strong>in-</strong></span> 
     </span>
    </p>
   </div>
   <div class='ocr_carea' id='block_1_46' title="bbox 320 2892 934 2951">
    <p class='ocr_par' dir='ltr' id='par_1_46' title="bbox 320 2892 934 2951">
     <span class='ocr_line' id='line_1_46' title="bbox 320 2892 934 2951; baseline 0.007 -5"><span class='ocrx_word' id='word_1_408' title='bbox 320 2892 635 2951; x_wconf 86' lang='lat' dir='ltr'><strong>constantia</strong></span> <span class='ocrx_word' id='word_1_409' title='bbox 657 2903 934 2950; x_wconf 89' lang='lat' dir='ltr'><strong>cernatur.</strong></span> 
     </span>
    </p>
   </div>
   <div class='ocr_carea' id='block_1_47' title="bbox 392 2982 1903 3055">
    <p class='ocr_par' dir='ltr' id='par_1_47' title="bbox 392 2982 1903 3055">
     <span class='ocr_line' id='line_1_47' title="bbox 392 2982 1903 3055; baseline 0.004 -18"><span class='ocrx_word' id='word_1_410' title='bbox 392 2982 532 3038; x_wconf 89' lang='lat' dir='ltr'><strong>Cum</strong></span> <span class='ocrx_word' id='word_1_411' title='bbox 556 2994 690 3054; x_wconf 83' lang='lat' dir='ltr'><strong>ergo</strong></span> <span class='ocrx_word' id='word_1_412' title='bbox 716 2999 842 3042; x_wconf 89' lang='lat' dir='ltr'><strong>eum</strong></span> <span class='ocrx_word' id='word_1_413' title='bbox 876 2986 970 3055; x_wconf 92' lang='lat' dir='ltr'><strong>qui</strong></span> <span class='ocrx_word' id='word_1_414' title='bbox 999 2987 1080 3043; x_wconf 87' lang='lat' dir='ltr'><strong>sic</strong></span> <span class='ocrx_word' id='word_1_415' title='bbox 1117 2987 1481 3043; x_wconf 88' lang='lat' dir='ltr'><strong>calumnietur</strong></span> <span class='ocrx_word' id='word_1_416' title='bbox 1517 2987 1652 3045; x_wconf 90' lang='lat' dir='ltr'><strong>satis</strong></span> <span class='ocrx_word' id='word_1_417' title='bbox 1685 2985 1903 3043; x_wconf 91' lang='lat' dir='ltr'><strong>abunde</strong></span> 
     </span>
    </p>
   </div>
   <div class='ocr_carea' id='block_1_48' title="bbox 2090 2976 3604 3051">
    <p class='ocr_par' dir='ltr' id='par_1_48' title="bbox 2090 2976 3604 3051">
     <span class='ocr_line' id='line_1_48' title="bbox 2090 2976 3604 3051; baseline 0.001 -18"><span class='ocrx_word' id='word_1_418' title='bbox 2090 2978 2481 3050; x_wconf 79' lang='grc' dir='ltr'><strong>Ἐληλεγμένου</strong></span> <span class='ocrx_word' id='word_1_419' title='bbox 2524 2978 2661 3050; x_wconf 74' lang='grc' dir='ltr'><strong>δῆτα</strong></span> <span class='ocrx_word' id='word_1_420' title='bbox 2708 2976 2921 3046; x_wconf 89' lang='grc' dir='ltr'><strong>τούτου,</strong></span> <span class='ocrx_word' id='word_1_421' title='bbox 2969 2976 3134 3050; x_wconf 84' lang='grc' dir='ltr'><strong>φέρε,</strong></span> <span class='ocrx_word' id='word_1_422' title='bbox 3186 2977 3604 3051; x_wconf 79' lang='grc' dir='ltr'><strong>ἀναδραμόντες</strong></span> 
     </span>
    </p>
   </div>
   <div class='ocr_carea' id='block_1_49' title="bbox 320 3068 1905 3156">
    <p class='ocr_par' dir='ltr' id='par_1_49' title="bbox 320 3074 1902 3150">
     <span class='ocr_line' id='line_1_49' title="bbox 320 3074 1902 3150; baseline 0.004 -22"><span class='ocrx_word' id='word_1_423' title='bbox 320 3074 856 3144; x_wconf 87' lang='lat' dir='ltr'><strong>reprehenderimus,</strong></span> <span class='ocrx_word' id='word_1_424' title='bbox 880 3085 1097 3150; x_wconf 84' lang='lat' dir='ltr'><strong>tempus</strong></span> <span class='ocrx_word' id='word_1_425' title='bbox 1127 3080 1241 3149; x_wconf 87' lang='lat' dir='ltr'><strong>jam</strong></span> <span class='ocrx_word' id='word_1_426' title='bbox 1287 3087 1393 3143; x_wconf 88' lang='lat' dir='ltr'><strong>est,</strong></span> <span class='ocrx_word' id='word_1_427' title='bbox 1430 3088 1489 3134; x_wconf 92' lang='lat' dir='ltr'><strong>ut</strong></span> <span class='ocrx_word' id='word_1_428' title='bbox 1519 3081 1585 3136; x_wconf 89' lang='lat' dir='ltr'><strong>ad</strong></span> <span class='ocrx_word' id='word_1_429' title='bbox 1617 3095 1902 3137; x_wconf 88' lang='lat' dir='ltr'><strong>sacrorum</strong></span> 
     </span>
    </p>
   </div>
   <div class='ocr_carea' id='block_1_50' title="bbox 2025 3068 3603 3156">
    <p class='ocr_par' dir='ltr' id='par_1_50' title="bbox 2025 3068 3603 3144">
     <span class='ocr_line' id='line_1_50' title="bbox 2025 3068 3603 3144; baseline 0.003 -18"><span class='ocrx_word' id='word_1_430' title='bbox 2025 3073 2101 3127; x_wconf 75' lang='grc' dir='ltr'><strong>ιπὶ</strong></span> <span class='ocrx_word' id='word_1_431' title='bbox 2138 3073 2235 3144; x_wconf 83' lang='grc' dir='ltr'><strong>τὴν</strong></span> <span class='ocrx_word' id='word_1_432' title='bbox 2268 3072 2378 3126; x_wconf 86' lang='grc' dir='ltr'><strong>τῶν</strong></span> <span class='ocrx_word' id='word_1_433' title='bbox 2427 3071 2588 3142; x_wconf 86' lang='grc' dir='ltr'><strong>ἱερῶν</strong></span> <span class='ocrx_word' id='word_1_434' title='bbox 2628 3070 2862 3143; x_wconf 79' lang='grc' dir='ltr'><strong>Γραφῶν</strong></span> <span class='ocrx_word' id='word_1_435' title='bbox 2893 3070 3169 3143; x_wconf 82' lang='grc' dir='ltr'><strong>ἀλήθειαν,</strong></span> <span class='ocrx_word' id='word_1_436' title='bbox 3202 3071 3265 3125; x_wconf 83' lang='grc' dir='ltr'><strong>τὸ</strong></span> <span class='ocrx_word' id='word_1_437' title='bbox 3304 3068 3439 3143; x_wconf 79' lang='grc' dir='ltr'><strong>ἦθος</strong></span> <span class='ocrx_word' id='word_1_438' title='bbox 3482 3074 3603 3131; x_wconf 78' lang='grc' dir='ltr'><strong>τῶν</strong></span> 
     </span>
    </p>
   </div>
   <div class='ocr_carea' id='block_1_51' title="bbox 232 3166 1902 3245">
    <p class='ocr_par' dir='ltr' id='par_1_51' title="bbox 232 3166 1902 3245">
     <span class='ocr_line' id='line_1_51' title="bbox 232 3166 1902 3245; baseline 0.004 -24"><span class='ocrx_word' id='word_1_439' title='bbox 232 3236 238 3243; x_wconf 25' lang='grc' dir='ltr'><strong>Δ</strong></span> <span class='ocrx_word' id='word_1_440' title='bbox 322 3166 588 3226; x_wconf 88' lang='lat' dir='ltr'><strong>librorum</strong></span> <span class='ocrx_word' id='word_1_441' title='bbox 622 3169 909 3225; x_wconf 87' lang='lat' dir='ltr'><strong>veritatem</strong></span> <span class='ocrx_word' id='word_1_442' title='bbox 937 3186 1311 3236; x_wconf 86' lang='lat' dir='ltr'><strong>recurramus,</strong></span> <span class='ocrx_word' id='word_1_443' title='bbox 1335 3180 1391 3228; x_wconf 91' lang='lat' dir='ltr'><strong>et</strong></span> <span class='ocrx_word' id='word_1_444' title='bbox 1431 3173 1487 3227; x_wconf 91' lang='lat' dir='ltr'><strong>in</strong></span> <span class='ocrx_word' id='word_1_445' title='bbox 1520 3174 1630 3229; x_wconf 83' lang='lat' dir='ltr'><strong>illis</strong></span> <span class='ocrx_word' id='word_1_446' title='bbox 1655 3174 1902 3245; x_wconf 87' lang='lat' dir='ltr'><strong>discipu-</strong></span> 
     </span>
    </p>
   </div>
   <div class='ocr_carea' id='block_1_52' title="bbox 322 3256 1903 3336">
    <p class='ocr_par' dir='ltr' id='par_1_52' title="bbox 322 3256 1903 3336">
     <span class='ocr_line' id='line_1_52' title="bbox 322 3256 1903 3336; baseline 0.004 -21"><span class='ocrx_word' id='word_1_447' title='bbox 322 3262 504 3316; x_wconf 91' lang='lat' dir='ltr'><strong>lorum</strong></span> <span class='ocrx_word' id='word_1_448' title='bbox 535 3256 670 3320; x_wconf 63' lang='lat' dir='ltr'><strong>Iesu</strong></span> <span class='ocrx_word' id='word_1_449' title='bbox 696 3276 885 3318; x_wconf 83' lang='lat' dir='ltr'><strong>mores</strong></span> <span class='ocrx_word' id='word_1_450' title='bbox 906 3264 1361 3335; x_wconf 89' lang='lat' dir='ltr'><strong>contemplemur.</strong></span> <span class='ocrx_word' id='word_1_451' title='bbox 1392 3263 1529 3332; x_wconf 84' lang='lat' dir='ltr'><strong>Quis</strong></span> <span class='ocrx_word' id='word_1_452' title='bbox 1560 3265 1725 3336; x_wconf 80' lang='lat' dir='ltr'><strong>igitur</strong></span> <span class='ocrx_word' id='word_1_453' title='bbox 1747 3281 1903 3321; x_wconf 83' lang='lat' dir='ltr'><strong>men-</strong></span> 
     </span>
    </p>
   </div>
   <div class='ocr_carea' id='block_1_53' title="bbox 318 3353 1903 3428">
    <p class='ocr_par' dir='ltr' id='par_1_53' title="bbox 318 3353 1903 3428">
     <span class='ocr_line' id='line_1_53' title="bbox 318 3353 1903 3428; baseline 0.003 -19"><span class='ocrx_word' id='word_1_454' title='bbox 318 3354 397 3409; x_wconf 89' lang='lat' dir='ltr'><strong>tis</strong></span> <span class='ocrx_word' id='word_1_455' title='bbox 430 3353 665 3410; x_wconf 89' lang='lat' dir='ltr'><strong>sanitate</strong></span> <span class='ocrx_word' id='word_1_456' title='bbox 712 3353 1009 3425; x_wconf 70' lang='lat' dir='ltr'><strong>prteditus,</strong></span> <span class='ocrx_word' id='word_1_457' title='bbox 1062 3372 1173 3412; x_wconf 93' lang='lat' dir='ltr'><strong>non</strong></span> <span class='ocrx_word' id='word_1_458' title='bbox 1205 3357 1275 3413; x_wconf 89' lang='lat' dir='ltr'><strong>ab</strong></span> <span class='ocrx_word' id='word_1_459' title='bbox 1325 3357 1434 3413; x_wconf 92' lang='lat' dir='ltr'><strong>illis</strong></span> <span class='ocrx_word' id='word_1_460' title='bbox 1464 3358 1600 3428; x_wconf 90' lang='lat' dir='ltr'><strong>ipsis</strong></span> <span class='ocrx_word' id='word_1_461' title='bbox 1649 3360 1903 3428; x_wconf 86' lang='lat' dir='ltr'><strong>protinus</strong></span> 
     </span>
    </p>
   </div>
   <div class='ocr_carea' id='block_1_54' title="bbox 322 3447 1904 3521">
    <p class='ocr_par' dir='ltr' id='par_1_54' title="bbox 322 3447 1904 3521">
     <span class='ocr_line' id='line_1_54' title="bbox 322 3447 1904 3521; baseline 0.005 -23"><span class='ocrx_word' id='word_1_462' title='bbox 322 3453 733 3516; x_wconf 76' lang='lat' dir='ltr'><strong>argumentaris,</strong></span> <span class='ocrx_word' id='word_1_463' title='bbox 761 3448 907 3502; x_wconf 91' lang='lat' dir='ltr'><strong>omni</strong></span> <span class='ocrx_word' id='word_1_464' title='bbox 926 3447 1032 3504; x_wconf 82' lang='lat' dir='ltr'><strong>ﬁde</strong></span> <span class='ocrx_word' id='word_1_465' title='bbox 1049 3448 1245 3520; x_wconf 84' lang='lat' dir='ltr'><strong>dignos</strong></span> <span class='ocrx_word' id='word_1_466' title='bbox 1272 3450 1397 3507; x_wconf 91' lang='lat' dir='ltr'><strong>illos</strong></span> <span class='ocrx_word' id='word_1_467' title='bbox 1429 3450 1793 3521; x_wconf 72' lang='lat' dir='ltr'><strong>iudicaverit?</strong></span> <span class='ocrx_word' id='word_1_468' title='bbox 1822 3451 1904 3506; x_wconf 88' lang='lat' dir='ltr'><strong>vi-</strong></span> 
     </span>
    </p>
   </div>
   <div class='ocr_carea' id='block_1_55' title="bbox 322 3536 1904 3612">
    <p class='ocr_par' dir='ltr' id='par_1_55' title="bbox 322 3536 1904 3612">
     <span class='ocr_line' id='line_1_55' title="bbox 322 3536 1904 3612; baseline 0.004 -22"><span class='ocrx_word' id='word_1_469' title='bbox 322 3550 416 3592; x_wconf 90' lang='lat' dir='ltr'><strong>ros</strong></span> <span class='ocrx_word' id='word_1_470' title='bbox 461 3536 669 3607; x_wconf 86' lang='lat' dir='ltr'><strong>absque</strong></span> <span class='ocrx_word' id='word_1_471' title='bbox 715 3539 1090 3596; x_wconf 83' lang='lat' dir='ltr'><strong>controversia</strong></span> <span class='ocrx_word' id='word_1_472' title='bbox 1136 3539 1436 3609; x_wconf 81' lang='lat' dir='ltr'><strong>ignobiles,</strong></span> <span class='ocrx_word' id='word_1_473' title='bbox 1492 3541 1904 3612; x_wconf 87' lang='lat' dir='ltr'><strong>litterarumque</strong></span> 
     </span>
    </p>
   </div>
   <div class='ocr_carea' id='block_1_56' title="bbox 322 3628 1903 3706">
    <p class='ocr_par' dir='ltr' id='par_1_56' title="bbox 322 3628 1903 3706">
     <span class='ocr_line' id='line_1_56' title="bbox 322 3628 1903 3706; baseline 0.004 -23"><span class='ocrx_word' id='word_1_474' title='bbox 322 3628 545 3699; x_wconf 84' lang='lat' dir='ltr'><strong>ignaros</strong></span> <span class='ocrx_word' id='word_1_475' title='bbox 574 3630 941 3702; x_wconf 88' lang='lat' dir='ltr'><strong>loquendique</strong></span> <span class='ocrx_word' id='word_1_476' title='bbox 970 3633 1272 3704; x_wconf 84' lang='lat' dir='ltr'><strong>imperitos,</strong></span> <span class='ocrx_word' id='word_1_477' title='bbox 1296 3641 1351 3689; x_wconf 93' lang='lat' dir='ltr'><strong>at</strong></span> <span class='ocrx_word' id='word_1_478' title='bbox 1371 3633 1429 3689; x_wconf 89' lang='lat' dir='ltr'><strong>in</strong></span> <span class='ocrx_word' id='word_1_479' title='bbox 1459 3642 1663 3690; x_wconf 71' lang='lat' dir='ltr'><strong>sanctze</strong></span> <span class='ocrx_word' id='word_1_480' title='bbox 1689 3649 1755 3689; x_wconf 89' lang='lat' dir='ltr'><strong>ac</strong></span> <span class='ocrx_word' id='word_1_481' title='bbox 1778 3632 1903 3706; x_wconf 84' lang='lat' dir='ltr'><strong>phi-</strong></span> 
     </span>
    </p>
   </div>
   <div class='ocr_carea' id='block_1_57' title="bbox 321 3721 1905 3795">
    <p class='ocr_par' dir='ltr' id='par_1_57' title="bbox 321 3721 1905 3795">
     <span class='ocr_line' id='line_1_57' title="bbox 321 3721 1905 3795; baseline 0.005 -20"><span class='ocrx_word' id='word_1_482' title='bbox 321 3721 620 3791; x_wconf 72' lang='lat' dir='ltr'><strong>losophicas</strong></span> <span class='ocrx_word' id='word_1_483' title='bbox 661 3721 927 3779; x_wconf 69' lang='lat' dir='ltr'><strong>doctrinae</strong></span> <span class='ocrx_word' id='word_1_484' title='bbox 980 3737 1223 3780; x_wconf 86' lang='lat' dir='ltr'><strong>amorem</strong></span> <span class='ocrx_word' id='word_1_485' title='bbox 1270 3738 1621 3795; x_wconf 88' lang='lat' dir='ltr'><strong>progressos,</strong></span> <span class='ocrx_word' id='word_1_486' title='bbox 1671 3732 1726 3779; x_wconf 90' lang='lat' dir='ltr'><strong>et</strong></span> <span class='ocrx_word' id='word_1_487' title='bbox 1764 3735 1905 3783; x_wconf 88' lang='lat' dir='ltr'><strong>stre-</strong></span> 
     </span>
    </p>
   </div>
   <div class='ocr_carea' id='block_1_58' title="bbox 322 3813 1905 3889">
    <p class='ocr_par' dir='ltr' id='par_1_58' title="bbox 322 3813 1905 3889">
     <span class='ocr_line' id='line_1_58' title="bbox 322 3813 1905 3889; baseline 0.002 -20"><span class='ocrx_word' id='word_1_488' title='bbox 322 3825 488 3869; x_wconf 86' lang='lat' dir='ltr'><strong>nuam</strong></span> <span class='ocrx_word' id='word_1_489' title='bbox 539 3813 978 3884; x_wconf 86' lang='lat' dir='ltr'><strong>laboriosamque</strong></span> <span class='ocrx_word' id='word_1_490' title='bbox 1017 3815 1183 3870; x_wconf 86' lang='lat' dir='ltr'><strong>vitam</strong></span> <span class='ocrx_word' id='word_1_491' title='bbox 1214 3817 1527 3887; x_wconf 81' lang='lat' dir='ltr'><strong>amplexos,</strong></span> <span class='ocrx_word' id='word_1_492' title='bbox 1579 3831 1745 3887; x_wconf 87' lang='lat' dir='ltr'><strong>quam</strong></span> <span class='ocrx_word' id='word_1_493' title='bbox 1786 3817 1905 3889; x_wconf 85' lang='lat' dir='ltr'><strong>qui-</strong></span> 
     </span>
    </p>
   </div>
   <div class='ocr_carea' id='block_1_59' title="bbox 321 3906 1903 3972">
    <p class='ocr_par' dir='ltr' id='par_1_59' title="bbox 321 3906 1903 3972">
     <span class='ocr_line' id='line_1_59' title="bbox 321 3906 1903 3972; baseline 0.002 -11"><span class='ocrx_word' id='word_1_494' title='bbox 321 3906 445 3961; x_wconf 89' lang='lat' dir='ltr'><strong>dem</strong></span> <span class='ocrx_word' id='word_1_495' title='bbox 478 3906 678 3971; x_wconf 89' lang='lat' dir='ltr'><strong>inedia,</strong></span> <span class='ocrx_word' id='word_1_496' title='bbox 703 3915 758 3962; x_wconf 91' lang='lat' dir='ltr'><strong>et</strong></span> <span class='ocrx_word' id='word_1_497' title='bbox 784 3908 1114 3964; x_wconf 89' lang='lat' dir='ltr'><strong>abstinentia</strong></span> <span class='ocrx_word' id='word_1_498' title='bbox 1145 3918 1260 3964; x_wconf 93' lang='lat' dir='ltr'><strong>tum</strong></span> <span class='ocrx_word' id='word_1_499' title='bbox 1288 3924 1320 3963; x_wconf 87' lang='lat' dir='ltr'><strong>a</strong></span> <span class='ocrx_word' id='word_1_500' title='bbox 1351 3908 1501 3972; x_wconf 91' lang='lat' dir='ltr'><strong>vino,</strong></span> <span class='ocrx_word' id='word_1_501' title='bbox 1536 3914 1652 3964; x_wconf 86' lang='lat' dir='ltr'><strong>tum</strong></span> <span class='ocrx_word' id='word_1_502' title='bbox 1691 3922 1723 3963; x_wconf 91' lang='lat' dir='ltr'><strong>a</strong></span> <span class='ocrx_word' id='word_1_503' title='bbox 1776 3923 1903 3964; x_wconf 84' lang='lat' dir='ltr'><strong>car-</strong></span> 
     </span>
    </p>
   </div>
   <div class='ocr_carea' id='block_1_60' title="bbox 321 3996 1900 4071">
    <p class='ocr_par' dir='ltr' id='par_1_60' title="bbox 321 3996 1900 4071">
     <span class='ocr_line' id='line_1_60' title="bbox 321 3996 1900 4071; baseline 0.004 -21"><span class='ocrx_word' id='word_1_504' title='bbox 321 3996 486 4052; x_wconf 89' lang='lat' dir='ltr'><strong>nibus</strong></span> <span class='ocrx_word' id='word_1_505' title='bbox 506 4036 520 4059; x_wconf 88' lang='lat'><strong>,</strong></span> <span class='ocrx_word' id='word_1_506' title='bbox 565 3997 832 4065; x_wconf 89' lang='lat' dir='ltr'><strong>plurimos</strong></span> <span class='ocrx_word' id='word_1_507' title='bbox 864 3997 992 4053; x_wconf 89' lang='lat' dir='ltr'><strong>item</strong></span> <span class='ocrx_word' id='word_1_508' title='bbox 1024 3998 1148 4054; x_wconf 87' lang='lat' dir='ltr'><strong>aliis</strong></span> <span class='ocrx_word' id='word_1_509' title='bbox 1178 3998 1566 4055; x_wconf 81' lang='lat' dir='ltr'><strong>amictionibus</strong></span> <span class='ocrx_word' id='word_1_510' title='bbox 1616 3999 1900 4071; x_wconf 89' lang='lat' dir='ltr'><strong>corporis,</strong></span> 
     </span>
    </p>
   </div>
   <div class='ocr_carea' id='block_1_61' title="bbox 321 4076 1898 4161">
    <p class='ocr_par' dir='ltr' id='par_1_61' title="bbox 321 4076 1898 4161">
     <span class='ocr_line' id='line_1_61' title="bbox 321 4076 1898 4161; baseline 0.004 -21"><span class='ocrx_word' id='word_1_511' title='bbox 321 4095 486 4159; x_wconf 89' lang='lat' dir='ltr'><strong>atque</strong></span> <span class='ocrx_word' id='word_1_512' title='bbox 521 4076 863 4145; x_wconf 76' lang='lat' dir='ltr'><strong>orationibus</strong></span> <span class='ocrx_word' id='word_1_513' title='bbox 923 4089 1523 4161; x_wconf 87' lang='lat' dir='ltr'><strong>supplicationibusque</strong></span> <span class='ocrx_word' id='word_1_514' title='bbox 1579 4089 1649 4147; x_wconf 91' lang='lat' dir='ltr'><strong>ad</strong></span> <span class='ocrx_word' id='word_1_515' title='bbox 1687 4090 1855 4146; x_wconf 90' lang='lat' dir='ltr'><strong>Deum</strong></span> <span class='ocrx_word' id='word_1_516' title='bbox 1882 4130 1898 4156; x_wconf 86' lang='lat'><strong>,</strong></span> 
     </span>
    </p>
   </div>
   <div class='ocr_carea' id='block_1_62' title="bbox 321 4178 1902 4252">
    <p class='ocr_par' dir='ltr' id='par_1_62' title="bbox 321 4178 1902 4252">
     <span class='ocr_line' id='line_1_62' title="bbox 321 4178 1902 4252; baseline 0.005 -20"><span class='ocrx_word' id='word_1_517' title='bbox 321 4192 388 4233; x_wconf 88' lang='lat' dir='ltr'><strong>ac</strong></span> <span class='ocrx_word' id='word_1_518' title='bbox 439 4178 612 4233; x_wconf 91' lang='lat' dir='ltr'><strong>multo</strong></span> <span class='ocrx_word' id='word_1_519' title='bbox 649 4179 833 4250; x_wconf 80' lang='lat' dir='ltr'><strong>prius,</strong></span> <span class='ocrx_word' id='word_1_520' title='bbox 876 4194 1089 4237; x_wconf 87' lang='lat' dir='ltr'><strong>summa</strong></span> <span class='ocrx_word' id='word_1_521' title='bbox 1142 4184 1499 4252; x_wconf 84' lang='lat' dir='ltr'><strong>temperantia</strong></span> <span class='ocrx_word' id='word_1_522' title='bbox 1556 4192 1613 4240; x_wconf 94' lang='lat' dir='ltr'><strong>et</strong></span> <span class='ocrx_word' id='word_1_523' title='bbox 1648 4185 1902 4241; x_wconf 89' lang='lat' dir='ltr'><strong>castitate</strong></span> 
     </span>
    </p>
   </div>
   <div class='ocr_carea' id='block_1_63' title="bbox 2009 3162 3603 3236">
    <p class='ocr_par' dir='ltr' id='par_1_63' title="bbox 2009 3162 3603 3236">
     <span class='ocr_line' id='line_1_63' title="bbox 2009 3162 3603 3236; baseline 0.001 -17"><span class='ocrx_word' id='word_1_524' title='bbox 2009 3163 2109 3219; x_wconf 88' lang='grc' dir='ltr'><strong>τοῦ</strong></span> <span class='ocrx_word' id='word_1_525' title='bbox 2146 3162 2322 3236; x_wconf 84' lang='grc' dir='ltr'><strong>Ἰησοῦ</strong></span> <span class='ocrx_word' id='word_1_526' title='bbox 2367 3163 2624 3235; x_wconf 79' lang='grc' dir='ltr'><strong>μαθητῶν</strong></span> <span class='ocrx_word' id='word_1_527' title='bbox 2672 3163 3017 3235; x_wconf 85' lang='grc' dir='ltr'><strong>θεασώμεθα.</strong></span> <span class='ocrx_word' id='word_1_528' title='bbox 3063 3163 3300 3219; x_wconf 80' lang='grc' dir='ltr'><strong>Αὐτόθεν</strong></span> <span class='ocrx_word' id='word_1_529' title='bbox 3353 3165 3452 3236; x_wconf 81' lang='grc' dir='ltr'><strong>μὲν</strong></span> <span class='ocrx_word' id='word_1_530' title='bbox 3500 3162 3603 3221; x_wconf 79' lang='grc' dir='ltr'><strong>οὖν</strong></span> 
     </span>
    </p>
   </div>
   <div class='ocr_carea' id='block_1_64' title="bbox 2009 3251 3603 3327">
    <p class='ocr_par' dir='ltr' id='par_1_64' title="bbox 2009 3251 3603 3327">
     <span class='ocr_line' id='line_1_64' title="bbox 2009 3251 3603 3327; baseline -0.001 -15"><span class='ocrx_word' id='word_1_531' title='bbox 2009 3257 2076 3312; x_wconf 82' lang='grc' dir='ltr'><strong>ἄν</strong></span> <span class='ocrx_word' id='word_1_532' title='bbox 2112 3273 2197 3320; x_wconf 90' lang='grc' dir='ltr'><strong>τις</strong></span> <span class='ocrx_word' id='word_1_533' title='bbox 2240 3251 2300 3310; x_wconf 82' lang='grc' dir='ltr'>εὖ</span> <span class='ocrx_word' id='word_1_534' title='bbox 2344 3254 2558 3327; x_wconf 82' lang='grc' dir='ltr'><strong>φρονῶν</strong></span> <span class='ocrx_word' id='word_1_535' title='bbox 2601 3254 2719 3319; x_wconf 85' lang='grc' dir='ltr'><strong>πῶς</strong></span> <span class='ocrx_word' id='word_1_536' title='bbox 2759 3253 2821 3309; x_wconf 85' lang='grc' dir='ltr'><strong>οὐ</strong></span> <span class='ocrx_word' id='word_1_537' title='bbox 2856 3254 3036 3325; x_wconf 81' lang='grc' dir='ltr'><strong>πάσης</strong></span> <span class='ocrx_word' id='word_1_538' title='bbox 3085 3255 3356 3327; x_wconf 76' lang='grc' dir='ltr'><strong>ἀποδοχῆς</strong></span> <span class='ocrx_word' id='word_1_539' title='bbox 3395 3257 3603 3321; x_wconf 77' lang='grc' dir='ltr'><strong>αὐτοὺς</strong></span> 
     </span>
    </p>
   </div>
   <div class='ocr_carea' id='block_1_65' title="bbox 2009 3346 3606 3421">
    <p class='ocr_par' dir='ltr' id='par_1_65' title="bbox 2009 3346 3606 3421">
     <span class='ocr_line' id='line_1_65' title="bbox 2009 3346 3606 3421; baseline 0.001 -19"><span class='ocrx_word' id='word_1_540' title='bbox 2009 3349 2194 3417; x_wconf 80' lang='grc' dir='ltr'><strong>ἀξίους</strong></span> <span class='ocrx_word' id='word_1_541' title='bbox 2240 3349 2502 3421; x_wconf 89' lang='grc' dir='ltr'><strong>κρίνειεν;</strong></span> <span class='ocrx_word' id='word_1_542' title='bbox 2542 3347 2776 3419; x_wconf 79' lang='grc' dir='ltr'><strong>Ἀνδρας</strong></span> <span class='ocrx_word' id='word_1_543' title='bbox 2817 3348 2919 3419; x_wconf 83' lang='grc' dir='ltr'><strong>μὲν</strong></span> <span class='ocrx_word' id='word_1_544' title='bbox 2950 3346 3186 3412; x_wconf 85' lang='grc' dir='ltr'><strong>εὐτελεῖς</strong></span> <span class='ocrx_word' id='word_1_545' title='bbox 3225 3348 3606 3421; x_wconf 79' lang='grc' dir='ltr'><strong>ὁμολογουμέ-</strong></span> 
     </span>
    </p>
   </div>
   <div class='ocr_carea' id='block_1_66' title="bbox 2009 3439 3604 3510">
    <p class='ocr_par' dir='ltr' id='par_1_66' title="bbox 2009 3439 3604 3510">
     <span class='ocr_line' id='line_1_66' title="bbox 2009 3439 3604 3510; baseline -0.001 -13"><span class='ocrx_word' id='word_1_546' title='bbox 2009 3459 2136 3508; x_wconf 85' lang='grc' dir='ltr'><strong>νως⁹</strong></span> <span class='ocrx_word' id='word_1_547' title='bbox 2166 3441 2261 3496; x_wconf 65' lang='grc' dir='ltr'><strong>κει)⁸</strong></span> <span class='ocrx_word' id='word_1_548' title='bbox 2286 3442 2378 3497; x_wconf 86' lang='grc' dir='ltr'><strong>τὸν</strong></span> <span class='ocrx_word' id='word_1_549' title='bbox 2412 3441 2568 3510; x_wconf 89' lang='grc' dir='ltr'><strong>λόγον</strong></span> <span class='ocrx_word' id='word_1_550' title='bbox 2602 3439 2838 3506; x_wconf 75' lang='grc' dir='ltr'><strong>ἰδιώτας,</strong></span> <span class='ocrx_word' id='word_1_551' title='bbox 2862 3439 3119 3504; x_wconf 79' lang='grc' dir='ltr'><strong>εὐσεϐοῦς</strong></span> <span class='ocrx_word' id='word_1_552' title='bbox 3150 3439 3209 3494; x_wconf 84' lang='grc' dir='ltr'><strong>δὲ</strong></span> <span class='ocrx_word' id='word_1_553' title='bbox 3242 3441 3337 3494; x_wconf 78' lang='grc' dir='ltr'><strong>καὶ</strong></span> <span class='ocrx_word' id='word_1_554' title='bbox 3373 3441 3604 3509; x_wconf 75' lang='grc' dir='ltr'><strong>φιλοσό-</strong></span> 
     </span>
    </p>
   </div>
   <div class='ocr_carea' id='block_1_67' title="bbox 2010 3530 3605 3606">
    <p class='ocr_par' dir='ltr' id='par_1_67' title="bbox 2010 3530 3605 3606">
     <span class='ocr_line' id='line_1_67' title="bbox 2010 3530 3605 3606; baseline -0.001 -18"><span class='ocrx_word' id='word_1_555' title='bbox 2010 3552 2113 3606; x_wconf 86' lang='grc' dir='ltr'><strong>φου</strong></span> <span class='ocrx_word' id='word_1_556' title='bbox 2140 3533 2482 3596; x_wconf 79' lang='grc' dir='ltr'><strong>διδασκαλίας</strong></span> <span class='ocrx_word' id='word_1_557' title='bbox 2515 3535 2595 3596; x_wconf 78' lang='grc' dir='ltr'><strong>εἰς</strong></span> <span class='ocrx_word' id='word_1_558' title='bbox 2634 3531 2812 3604; x_wconf 74' lang='grc' dir='ltr'><strong>ἔρωτα</strong></span> <span class='ocrx_word' id='word_1_559' title='bbox 2839 3530 3275 3602; x_wconf 78' lang='grc' dir='ltr'><strong>συμϐεϐηκότας,</strong></span> <span class='ocrx_word' id='word_1_560' title='bbox 3307 3533 3402 3585; x_wconf 73' lang='grc' dir='ltr'><strong>καὶ</strong></span> <span class='ocrx_word' id='word_1_561' title='bbox 3435 3533 3605 3606; x_wconf 83' lang='grc' dir='ltr'><strong>στέρ-</strong></span> 
     </span>
    </p>
   </div>
   <div class='ocr_carea' id='block_1_68' title="bbox 2012 3624 3602 3701">
    <p class='ocr_par' dir='ltr' id='par_1_68' title="bbox 2012 3624 3602 3701">
     <span class='ocr_line' id='line_1_68' title="bbox 2012 3624 3602 3701; baseline -0.003 -18"><span class='ocrx_word' id='word_1_562' title='bbox 2012 3626 2205 3695; x_wconf 85' lang='grc' dir='ltr'><strong>ξαντας</strong></span> <span class='ocrx_word' id='word_1_563' title='bbox 2235 3629 2346 3701; x_wconf 85' lang='grc' dir='ltr'><strong>βίον</strong></span> <span class='ocrx_word' id='word_1_564' title='bbox 2377 3625 2704 3699; x_wconf 79' lang='grc' dir='ltr'><strong>καρτερικὸν</strong></span> <span class='ocrx_word' id='word_1_565' title='bbox 2731 3625 2828 3680; x_wconf 76' lang='grc' dir='ltr'><strong>καὶ</strong></span> <span class='ocrx_word' id='word_1_566' title='bbox 2860 3624 3138 3688; x_wconf 74' lang='grc' dir='ltr'><strong>ἐπίπονον,</strong></span> <span class='ocrx_word' id='word_1_567' title='bbox 3177 3624 3269 3678; x_wconf 86' lang='grc' dir='ltr'><strong>διὰ</strong></span> <span class='ocrx_word' id='word_1_568' title='bbox 3300 3625 3602 3695; x_wconf 83' lang='grc' dir='ltr'><strong>νηστειῶν,</strong></span> 
     </span>
    </p>
   </div>
   <div class='ocr_carea' id='block_1_69' title="bbox 2007 3716 3607 3793">
    <p class='ocr_par' dir='ltr' id='par_1_69' title="bbox 2007 3716 3607 3793">
     <span class='ocr_line' id='line_1_69' title="bbox 2007 3716 3607 3793; baseline -0.002 -19"><span class='ocrx_word' id='word_1_569' title='bbox 2007 3720 2154 3776; x_wconf 76' lang='grc' dir='ltr'><strong>οἴνου</strong></span> <span class='ocrx_word' id='word_1_570' title='bbox 2183 3738 2241 3774; x_wconf 89' lang='grc' dir='ltr'><strong>τε</strong></span> <span class='ocrx_word' id='word_1_571' title='bbox 2267 3722 2361 3775; x_wconf 78' lang='grc' dir='ltr'>καὶ</span> <span class='ocrx_word' id='word_1_572' title='bbox 2394 3718 2570 3790; x_wconf 87' lang='grc' dir='ltr'><strong>κρεῶν</strong></span> <span class='ocrx_word' id='word_1_573' title='bbox 2603 3716 2842 3788; x_wconf 75' lang='grc' dir='ltr'><strong>ἀποχῆς,</strong></span> <span class='ocrx_word' id='word_1_574' title='bbox 2878 3718 2974 3771; x_wconf 79' lang='grc' dir='ltr'><strong>καὶ</strong></span> <span class='ocrx_word' id='word_1_575' title='bbox 3006 3716 3265 3793; x_wconf 77' lang='grc' dir='ltr'><strong>πλείστης</strong></span> <span class='ocrx_word' id='word_1_576' title='bbox 3304 3716 3474 3787; x_wconf 79' lang='grc' dir='ltr'><strong>ἄλλης</strong></span> <span class='ocrx_word' id='word_1_577' title='bbox 3502 3735 3607 3771; x_wconf 84' lang='grc' dir='ltr'><strong>τα·-</strong></span> 
     </span>
    </p>
   </div>
   <div class='ocr_carea' id='block_1_70' title="bbox 2009 3808 3607 3880">
    <p class='ocr_par' dir='ltr' id='par_1_70' title="bbox 2009 3808 3607 3880">
     <span class='ocr_line' id='line_1_70' title="bbox 2009 3808 3607 3880; baseline -0.001 -15"><span class='ocrx_word' id='word_1_578' title='bbox 2009 3811 2317 3874; x_wconf 89' lang='grc' dir='ltr'><strong>πεινώσεως</strong></span> <span class='ocrx_word' id='word_1_579' title='bbox 2340 3810 2432 3864; x_wconf 88' lang='grc' dir='ltr'><strong>τοῦ</strong></span> <span class='ocrx_word' id='word_1_580' title='bbox 2464 3808 2734 3880; x_wconf 86' lang='grc' dir='ltr'><strong>σώματος,</strong></span> <span class='ocrx_word' id='word_1_581' title='bbox 2769 3808 2861 3863; x_wconf 88' lang='grc' dir='ltr'><strong>διά</strong></span> <span class='ocrx_word' id='word_1_582' title='bbox 2889 3825 2948 3862; x_wconf 90' lang='grc' dir='ltr'><strong>τε</strong></span> <span class='ocrx_word' id='word_1_583' title='bbox 2974 3808 3150 3879; x_wconf 84' lang='grc' dir='ltr'>εὐχῶν</span> <span class='ocrx_word' id='word_1_584' title='bbox 3174 3808 3268 3861; x_wconf 76' lang='grc' dir='ltr'><strong>καὶ</strong></span> <span class='ocrx_word' id='word_1_585' title='bbox 3299 3809 3607 3880; x_wconf 81' lang='grc' dir='ltr'><strong>ἱκετηριῶν</strong></span> 
     </span>
    </p>
   </div>
   <div class='ocr_carea' id='block_1_71' title="bbox 2006 3898 3610 3972">
    <p class='ocr_par' dir='ltr' id='par_1_71' title="bbox 2006 3898 3610 3972">
     <span class='ocr_line' id='line_1_71' title="bbox 2006 3898 3610 3972; baseline -0.001 -15"><span class='ocrx_word' id='word_1_586' title='bbox 2006 3903 2117 3957; x_wconf 89' lang='grc' dir='ltr'><strong>τῶν</strong></span> <span class='ocrx_word' id='word_1_587' title='bbox 2138 3902 2275 3971; x_wconf 81' lang='grc' dir='ltr'><strong>πρὸς</strong></span> <span class='ocrx_word' id='word_1_588' title='bbox 2303 3902 2393 3955; x_wconf 79' lang='grc' dir='ltr'><strong>τὸν</strong></span> <span class='ocrx_word' id='word_1_589' title='bbox 2418 3901 2576 3968; x_wconf 81' lang='grc' dir='ltr'><strong>Θεὸν,</strong></span> <span class='ocrx_word' id='word_1_590' title='bbox 2608 3900 2704 3955; x_wconf 69' lang='grc' dir='ltr'><strong>καὶ</strong></span> <span class='ocrx_word' id='word_1_591' title='bbox 2724 3899 2859 3953; x_wconf 87' lang='grc' dir='ltr'><strong>πολὺ</strong></span> <span class='ocrx_word' id='word_1_592' title='bbox 2888 3899 3155 3971; x_wconf 84' lang='grc' dir='ltr'><strong>πρότερον</strong></span> <span class='ocrx_word' id='word_1_593' title='bbox 3182 3898 3252 3953; x_wconf 79' lang='grc' dir='ltr'><strong>δι’</strong></span> <span class='ocrx_word' id='word_1_594' title='bbox 3278 3901 3457 3972; x_wconf 86' lang='grc' dir='ltr'><strong>ἄκρας</strong></span> <span class='ocrx_word' id='word_1_595' title='bbox 3496 3917 3610 3955; x_wconf 85' lang='grc' dir='ltr'><strong>σω-</strong></span> 
     </span>
    </p>
   </div>
   <div class='ocr_carea' id='block_1_72' title="bbox 2008 3991 3607 4065">
    <p class='ocr_par' dir='ltr' id='par_1_72' title="bbox 2008 3991 3607 4065">
     <span class='ocr_line' id='line_1_72' title="bbox 2008 3991 3607 4065; baseline 0 -18"><span class='ocrx_word' id='word_1_596' title='bbox 2008 3994 2279 4065; x_wconf 82' lang='grc' dir='ltr'><strong>φροσύνης</strong></span> <span class='ocrx_word' id='word_1_597' title='bbox 2299 3993 2391 4048; x_wconf 71' lang='grc' dir='ltr'><strong>καὶ</strong></span> <span class='ocrx_word' id='word_1_598' title='bbox 2423 3992 2644 4063; x_wconf 79' lang='grc' dir='ltr'><strong>ἁγνείας</strong></span> <span class='ocrx_word' id='word_1_599' title='bbox 2677 3993 2926 4063; x_wconf 83' lang='grc' dir='ltr'><strong>σώματος</strong></span> <span class='ocrx_word' id='word_1_600' title='bbox 2964 3991 3100 4063; x_wconf 86' lang='grc' dir='ltr'><strong>ὁμοῦ</strong></span> <span class='ocrx_word' id='word_1_601' title='bbox 3131 3993 3224 4046; x_wconf 75' lang='grc' dir='ltr'><strong>καὶ</strong></span> <span class='ocrx_word' id='word_1_602' title='bbox 3250 3991 3430 4064; x_wconf 77' lang='grc' dir='ltr'><strong>ψυχῆς</strong></span> <span class='ocrx_word' id='word_1_603' title='bbox 3464 4009 3607 4047; x_wconf 80' lang='grc' dir='ltr'><strong>κατ-</strong></span> 
     </span>
    </p>
   </div>
   <div class='ocr_carea' id='block_1_73' title="bbox 2006 4079 3607 4158">
    <p class='ocr_par' dir='ltr' id='par_1_73' title="bbox 2006 4079 3607 4158">
     <span class='ocr_line' id='line_1_73' title="bbox 2006 4079 3607 4158; baseline 0 -19"><span class='ocrx_word' id='word_1_604' title='bbox 2006 4085 2356 4158; x_wconf 86' lang='grc' dir='ltr'><strong>ορθούμενον.</strong></span> <span class='ocrx_word' id='word_1_605' title='bbox 2391 4085 2488 4148; x_wconf 83' lang='grc' dir='ltr'><strong>Τίς</strong></span> <span class='ocrx_word' id='word_1_606' title='bbox 2515 4085 2561 4138; x_wconf 87' lang='grc' dir='ltr'><strong>δ’</strong></span> <span class='ocrx_word' id='word_1_607' title='bbox 2587 4079 2678 4138; x_wconf 79' lang='grc' dir='ltr'><strong>οὗν</strong></span> <span class='ocrx_word' id='word_1_608' title='bbox 2701 4085 2803 4137; x_wconf 76' lang='grc' dir='ltr'><strong>οὐκ</strong></span> <span class='ocrx_word' id='word_1_609' title='bbox 2832 4083 2898 4139; x_wconf 84' lang='grc' dir='ltr'><strong>ἂν</strong></span> <span class='ocrx_word' id='word_1_610' title='bbox 2920 4085 3116 4148; x_wconf 82' lang='grc' dir='ltr'><strong>αὐτοὺς</strong></span> <span class='ocrx_word' id='word_1_611' title='bbox 3170 4082 3493 4154; x_wconf 78' lang='grc' dir='ltr'><strong>θαυμάσειε,</strong></span> <span class='ocrx_word' id='word_1_612' title='bbox 3522 4085 3607 4139; x_wconf 82' lang='grc' dir='ltr'><strong>δι’</strong></span> 
     </span>
    </p>
   </div>
   <div class='ocr_carea' id='block_1_74' title="bbox 2008 4174 3610 4247">
    <p class='ocr_par' dir='ltr' id='par_1_74' title="bbox 2008 4174 3610 4247">
     <span class='ocr_line' id='line_1_74' title="bbox 2008 4174 3610 4247; baseline 0.002 -20"><span class='ocrx_word' id='word_1_613' title='bbox 2008 4174 2110 4228; x_wconf 84' lang='grc' dir='ltr'><strong>ύπε</strong></span> <span class='ocrx_word' id='word_1_614' title='bbox 2120 4174 2312 4247; x_wconf 74' lang='grc' dir='ltr'><strong>ρίῑολὴν</strong></span> <span class='ocrx_word' id='word_1_615' title='bbox 2339 4174 2657 4246; x_wconf 80' lang='grc' dir='ltr'><strong>φιλοσοφίας</strong></span> <span class='ocrx_word' id='word_1_616' title='bbox 2684 4176 2780 4230; x_wconf 74' lang='grc' dir='ltr'><strong>καὶ</strong></span> <span class='ocrx_word' id='word_1_617' title='bbox 2801 4177 2920 4238; x_wconf 88' lang='grc' dir='ltr'><strong>ταῖς</strong></span> <span class='ocrx_word' id='word_1_618' title='bbox 2942 4174 3084 4230; x_wconf 81' lang='grc' dir='ltr'><strong>κατὰ</strong></span> <span class='ocrx_word' id='word_1_619' title='bbox 3113 4174 3277 4246; x_wconf 89' lang='grc' dir='ltr'><strong>νόμον</strong></span> <span class='ocrx_word' id='word_1_620' title='bbox 3311 4191 3610 4246; x_wconf 76' lang='grc' dir='ltr'><strong>συγκεχω-</strong></span> 
     </span>
    </p>
   </div>
   <div class='ocr_carea' id='block_1_75' title="bbox 319 4264 1905 4346">
    <p class='ocr_par' dir='ltr' id='par_1_75' title="bbox 319 4271 1902 4346">
     <span class='ocr_line' id='line_1_75' title="bbox 319 4271 1902 4346; baseline 0.004 -21"><span class='ocrx_word' id='word_1_621' title='bbox 319 4274 602 4341; x_wconf 84' lang='lat' dir='ltr'><strong>corporis,</strong></span> <span class='ocrx_word' id='word_1_622' title='bbox 654 4271 861 4341; x_wconf 86' lang='lat' dir='ltr'><strong>pariter</strong></span> <span class='ocrx_word' id='word_1_623' title='bbox 890 4280 1056 4343; x_wconf 89' lang='lat' dir='ltr'><strong>atque</strong></span> <span class='ocrx_word' id='word_1_624' title='bbox 1101 4273 1301 4329; x_wconf 83' lang='lat' dir='ltr'><strong>animae</strong></span> <span class='ocrx_word' id='word_1_625' title='bbox 1344 4275 1690 4335; x_wconf 83' lang='lat' dir='ltr'><strong>correxerint</strong></span> <span class='ocrx_word' id='word_1_626' title='bbox 1736 4284 1902 4346; x_wconf 89' lang='lat' dir='ltr'><strong>atque</strong></span> 
     </span>
    </p>
   </div>
   <div class='ocr_carea' id='block_1_76' title="bbox 2025 4264 3611 4346">
    <p class='ocr_par' dir='ltr' id='par_1_76' title="bbox 2025 4264 3611 4339">
     <span class='ocr_line' id='line_1_76' title="bbox 2025 4264 3611 4339; baseline 0.006 -24"><span class='ocrx_word' id='word_1_627' title='bbox 2025 4264 2276 4335; x_wconf 67' lang='lat' dir='ltr'><strong>aqua&#39;vatc</strong></span> <span class='ocrx_word' id='word_1_628' title='bbox 2320 4267 2588 4336; x_wconf 77' lang='grc' dir='ltr'><strong>γαμεταῖς</strong></span> <span class='ocrx_word' id='word_1_629' title='bbox 2634 4265 3131 4337; x_wconf 85' lang='grc' dir='ltr'><strong>ἁποτεταγμένους,</strong></span> <span class='ocrx_word' id='word_1_630' title='bbox 3176 4265 3270 4320; x_wconf 80' lang='grc' dir='ltr'><strong>καὶ</strong></span> <span class='ocrx_word' id='word_1_631' title='bbox 3313 4266 3442 4339; x_wconf 86' lang='grc' dir='ltr'><strong>μήθ’</strong></span> <span class='ocrx_word' id='word_1_632' title='bbox 3486 4269 3611 4324; x_wconf 79' lang='grc' dir='ltr'><strong>ὑπὸ</strong></span> 
     </span>
    </p>
   </div>
   <div class='ocr_carea' id='block_1_77' title="bbox 320 4355 1905 4438">
    <p class='ocr_par' dir='ltr' id='par_1_77' title="bbox 320 4364 1900 4438">
     <span class='ocr_line' id='line_1_77' title="bbox 320 4364 1900 4438; baseline 0.003 -19"><span class='ocrx_word' id='word_1_633' title='bbox 320 4364 683 4435; x_wconf 79' lang='lat' dir='ltr'><strong>perfecerint?</strong></span> <span class='ocrx_word' id='word_1_634' title='bbox 710 4364 836 4436; x_wconf 90' lang='lat' dir='ltr'><strong>quis</strong></span> <span class='ocrx_word' id='word_1_635' title='bbox 872 4379 983 4419; x_wconf 93' lang='lat' dir='ltr'><strong>non</strong></span> <span class='ocrx_word' id='word_1_636' title='bbox 1040 4364 1205 4437; x_wconf 84' lang='lat' dir='ltr'><strong>igitur</strong></span> <span class='ocrx_word' id='word_1_637' title='bbox 1242 4367 1462 4423; x_wconf 87' lang='lat' dir='ltr'><strong>illorum</strong></span> <span class='ocrx_word' id='word_1_638' title='bbox 1500 4366 1900 4438; x_wconf 89' lang='lat' dir='ltr'><strong>philosophiam</strong></span> 
     </span>
    </p>
   </div>
   <div class='ocr_carea' id='block_1_78' title="bbox 2025 4355 3612 4438">
    <p class='ocr_par' dir='ltr' id='par_1_78' title="bbox 2025 4355 3612 4429">
     <span class='ocr_line' id='line_1_78' title="bbox 2025 4355 3612 4429; baseline 0.003 -20"><span class='ocrx_word' id='word_1_639' title='bbox 2025 4357 2105 4427; x_wconf 74' lang='grc' dir='ltr'><strong>τῆς</strong></span> <span class='ocrx_word' id='word_1_640' title='bbox 2153 4355 2391 4425; x_wconf 82' lang='grc' dir='ltr'><strong>φυσικῆς</strong></span> <span class='ocrx_word' id='word_1_641' title='bbox 2422 4355 2616 4427; x_wconf 76' lang='grc' dir='ltr'><strong>ἡδονῆς</strong></span> <span class='ocrx_word' id='word_1_642' title='bbox 2663 4355 3155 4427; x_wconf 65' lang='grc' dir='ltr'><strong>καθελκυσθέντας,</strong></span> <span class='ocrx_word' id='word_1_643' title='bbox 3196 4360 3334 4429; x_wconf 83' lang='grc' dir='ltr'><strong>μήτε</strong></span> <span class='ocrx_word' id='word_1_644' title='bbox 3383 4359 3612 4413; x_wconf 79' lang='grc' dir='ltr'><strong>παίδων</strong></span> 
     </span>
    </p>
   </div>
   <div class='ocr_carea' id='block_1_79' title="bbox 320 4446 1905 4532">
    <p class='ocr_par' dir='ltr' id='par_1_79' title="bbox 320 4458 1904 4532">
     <span class='ocr_line' id='line_1_79' title="bbox 320 4458 1904 4532; baseline 0.003 -18"><span class='ocrx_word' id='word_1_645' title='bbox 320 4473 488 4528; x_wconf 80' lang='lat' dir='ltr'><strong>supra</strong></span> <span class='ocrx_word' id='word_1_646' title='bbox 534 4458 758 4516; x_wconf 82' lang='lat' dir='ltr'><strong>modum</strong></span> <span class='ocrx_word' id='word_1_647' title='bbox 810 4458 1131 4524; x_wconf 86' lang='lat' dir='ltr'><strong>admiretur,</strong></span> <span class='ocrx_word' id='word_1_648' title='bbox 1165 4459 1255 4530; x_wconf 91' lang='lat' dir='ltr'><strong>qui</strong></span> <span class='ocrx_word' id='word_1_649' title='bbox 1282 4468 1337 4514; x_wconf 86' lang='lat' dir='ltr'><strong>et</strong></span> <span class='ocrx_word' id='word_1_650' title='bbox 1370 4476 1401 4514; x_wconf 92' lang='lat' dir='ltr'><strong>a</strong></span> <span class='ocrx_word' id='word_1_651' title='bbox 1432 4460 1690 4532; x_wconf 81' lang='lat' dir='ltr'><strong>legitimis</strong></span> <span class='ocrx_word' id='word_1_652' title='bbox 1724 4464 1904 4518; x_wconf 74' lang='lat' dir='ltr'><strong>uxori-</strong></span> 
     </span>
    </p>
   </div>
   <div class='ocr_carea' id='block_1_80' title="bbox 2025 4446 3609 4532">
    <p class='ocr_par' dir='ltr' id='par_1_80' title="bbox 2025 4446 3609 4523">
     <span class='ocr_line' id='line_1_80' title="bbox 2025 4446 3609 4523; baseline 0.004 -25"><span class='ocrx_word' id='word_1_653' title='bbox 2025 4446 2101 4498; x_wconf 74' lang='lat' dir='ltr'><strong>cal.</strong></span> <span class='ocrx_word' id='word_1_654' title='bbox 2129 4446 2367 4514; x_wconf 77' lang='grc' dir='ltr'><strong>ἐγγόνων</strong></span> <span class='ocrx_word' id='word_1_655' title='bbox 2396 4446 2665 4518; x_wconf 62' lang='grc' dir='ltr'><strong>ἐπιθυμίᾳ.</strong></span> <span class='ocrx_word' id='word_1_656' title='bbox 2690 4446 3089 4515; x_wconf 81' lang='grc' dir='ltr'><strong>δουλωθέντας;</strong></span> <span class='ocrx_word' id='word_1_657' title='bbox 3140 4450 3267 4501; x_wconf 78' lang='grc' dir='ltr'><strong>ἐπεὶ</strong></span> <span class='ocrx_word' id='word_1_658' title='bbox 3302 4449 3440 4520; x_wconf 83' lang='grc' dir='ltr'><strong>μηδὲ</strong></span> <span class='ocrx_word' id='word_1_659' title='bbox 3466 4451 3609 4523; x_wconf 81' lang='grc' dir='ltr'><strong>θνη-</strong></span> 
     </span>
    </p>
   </div>
   <div class='ocr_carea' id='block_1_81' title="bbox 321 4548 1901 4621">
    <p class='ocr_par' dir='ltr' id='par_1_81' title="bbox 321 4548 1901 4621">
     <span class='ocr_line' id='line_1_81' title="bbox 321 4548 1901 4621; baseline 0.003 -19"><span class='ocrx_word' id='word_1_660' title='bbox 321 4548 426 4604; x_wconf 91' lang='lat' dir='ltr'><strong>bus</strong></span> <span class='ocrx_word' id='word_1_661' title='bbox 455 4564 515 4604; x_wconf 89' lang='lat' dir='ltr'><strong>se</strong></span> <span class='ocrx_word' id='word_1_662' title='bbox 544 4549 895 4615; x_wconf 80' lang='lat' dir='ltr'><strong>abduxerim,</strong></span> <span class='ocrx_word' id='word_1_663' title='bbox 927 4565 1106 4619; x_wconf 90' lang='lat' dir='ltr'><strong>neque</strong></span> <span class='ocrx_word' id='word_1_664' title='bbox 1142 4565 1175 4604; x_wconf 93' lang='lat' dir='ltr'><strong>a</strong></span> <span class='ocrx_word' id='word_1_665' title='bbox 1204 4551 1481 4621; x_wconf 86' lang='lat' dir='ltr'><strong>voluptate</strong></span> <span class='ocrx_word' id='word_1_666' title='bbox 1514 4553 1709 4608; x_wconf 86' lang='lat' dir='ltr'><strong>saltem</strong></span> <span class='ocrx_word' id='word_1_667' title='bbox 1738 4560 1901 4607; x_wconf 88' lang='lat' dir='ltr'><strong>natu-</strong></span> 
     </span>
    </p>
   </div>
   <div class='ocr_carea' id='block_1_82' title="bbox 318 4642 1901 4716">
    <p class='ocr_par' dir='ltr' id='par_1_82' title="bbox 318 4642 1901 4716">
     <span class='ocr_line' id='line_1_82' title="bbox 318 4642 1901 4716; baseline 0.004 -20"><span class='ocrx_word' id='word_1_668' title='bbox 318 4644 420 4697; x_wconf 86' lang='lat' dir='ltr'><strong>rali</strong></span> <span class='ocrx_word' id='word_1_669' title='bbox 449 4642 659 4699; x_wconf 91' lang='lat' dir='ltr'><strong>deliniti</strong></span> <span class='ocrx_word' id='word_1_670' title='bbox 676 4643 807 4705; x_wconf 89' lang='lat' dir='ltr'><strong>sint,</strong></span> <span class='ocrx_word' id='word_1_671' title='bbox 823 4659 1000 4714; x_wconf 84' lang='lat' dir='ltr'><strong>neque</strong></span> <span class='ocrx_word' id='word_1_672' title='bbox 1016 4644 1251 4698; x_wconf 75' lang='lat' dir='ltr'><strong>filiorum</strong></span> <span class='ocrx_word' id='word_1_673' title='bbox 1272 4659 1336 4699; x_wconf 86' lang='lat' dir='ltr'><strong>ae</strong></span> <span class='ocrx_word' id='word_1_674' title='bbox 1353 4655 1610 4716; x_wconf 85' lang='lat' dir='ltr'><strong>nepotum</strong></span> <span class='ocrx_word' id='word_1_675' title='bbox 1627 4647 1901 4703; x_wconf 85' lang='lat' dir='ltr'><strong>desiderio</strong></span> 
     </span>
    </p>
   </div>
   <div class='ocr_carea' id='block_1_83' title="bbox 319 4735 1899 4811">
    <p class='ocr_par' dir='ltr' id='par_1_83' title="bbox 319 4735 1899 4811">
     <span class='ocr_line' id='line_1_83' title="bbox 319 4735 1899 4811; baseline 0.003 -22"><span class='ocrx_word' id='word_1_676' title='bbox 319 4735 481 4793; x_wconf 77' lang='lat' dir='ltr'><strong>fracti</strong></span> <span class='ocrx_word' id='word_1_677' title='bbox 511 4744 566 4791; x_wconf 88' lang='lat' dir='ltr'><strong>et</strong></span> <span class='ocrx_word' id='word_1_678' title='bbox 599 4736 850 4792; x_wconf 78' lang='lat' dir='ltr'><strong>subacti?</strong></span> <span class='ocrx_word' id='word_1_679' title='bbox 879 4736 1025 4807; x_wconf 91' lang='lat' dir='ltr'><strong>quod</strong></span> <span class='ocrx_word' id='word_1_680' title='bbox 1069 4736 1285 4807; x_wconf 83' lang='lat' dir='ltr'><strong>quidem</strong></span> <span class='ocrx_word' id='word_1_681' title='bbox 1330 4738 1443 4794; x_wconf 84' lang='lat' dir='ltr'><strong>illis</strong></span> <span class='ocrx_word' id='word_1_682' title='bbox 1491 4739 1611 4795; x_wconf 89' lang='lat' dir='ltr'><strong>ideo</strong></span> <span class='ocrx_word' id='word_1_683' title='bbox 1640 4741 1899 4811; x_wconf 82' lang='lat' dir='ltr'><strong>contigit,</strong></span> 
     </span>
    </p>
   </div>
   <div class='ocr_carea' id='block_1_84' title="bbox 319 4827 1900 4900">
    <p class='ocr_par' dir='ltr' id='par_1_84' title="bbox 319 4827 1900 4900">
     <span class='ocr_line' id='line_1_84' title="bbox 319 4827 1900 4900; baseline 0.005 -20"><span class='ocrx_word' id='word_1_684' title='bbox 319 4827 464 4896; x_wconf 90' lang='lat' dir='ltr'><strong>quod</strong></span> <span class='ocrx_word' id='word_1_685' title='bbox 501 4843 610 4884; x_wconf 92' lang='lat' dir='ltr'><strong>non</strong></span> <span class='ocrx_word' id='word_1_686' title='bbox 640 4830 901 4884; x_wconf 87' lang='lat' dir='ltr'><strong>mortales</strong></span> <span class='ocrx_word' id='word_1_687' title='bbox 944 4839 1209 4900; x_wconf 83' lang='lat' dir='ltr'><strong>nepotes,</strong></span> <span class='ocrx_word' id='word_1_688' title='bbox 1255 4831 1352 4888; x_wconf 88' lang='lat' dir='ltr'><strong>sed</strong></span> <span class='ocrx_word' id='word_1_689' title='bbox 1400 4831 1738 4887; x_wconf 86' lang='lat' dir='ltr'><strong>immortales</strong></span> <span class='ocrx_word' id='word_1_690' title='bbox 1794 4833 1900 4888; x_wconf 88' lang='lat' dir='ltr'><strong>sibi</strong></span> 
     </span>
    </p>
   </div>
   <div class='ocr_carea' id='block_1_85' title="bbox 318 4912 1902 4986">
    <p class='ocr_par' dir='ltr' id='par_1_85' title="bbox 318 4912 1902 4986">
     <span class='ocr_line' id='line_1_85' title="bbox 318 4912 1902 4986; baseline 0.003 -20"><span class='ocrx_word' id='word_1_691' title='bbox 318 4912 701 4982; x_wconf 69' lang='lat' dir='ltr'><strong>expetiverunt.</strong></span> <span class='ocrx_word' id='word_1_692' title='bbox 738 4912 917 4971; x_wconf 71' lang='lat' dir='ltr'><strong>Mores</strong></span> <span class='ocrx_word' id='word_1_693' title='bbox 965 4924 1146 4972; x_wconf 86' lang='lat' dir='ltr'><strong>autem</strong></span> <span class='ocrx_word' id='word_1_694' title='bbox 1194 4916 1513 4971; x_wconf 89' lang='lat' dir='ltr'><strong>eorumdem</strong></span> <span class='ocrx_word' id='word_1_695' title='bbox 1542 4930 1573 4968; x_wconf 92' lang='lat' dir='ltr'><strong>a</strong></span> <span class='ocrx_word' id='word_1_696' title='bbox 1604 4918 1902 4986; x_wconf 84' lang='lat' dir='ltr'><strong>cupiditate</strong></span> 
     </span>
    </p>
   </div>
   <div class='ocr_carea' id='block_1_86' title="bbox 318 5007 1901 5080">
    <p class='ocr_par' dir='ltr' id='par_1_86' title="bbox 318 5007 1901 5080">
     <span class='ocr_line' id='line_1_86' title="bbox 318 5007 1901 5080; baseline 0.001 -18"><span class='ocrx_word' id='word_1_697' title='bbox 318 5008 499 5063; x_wconf 84' lang='lat' dir='ltr'><strong>omnis</strong></span> <span class='ocrx_word' id='word_1_698' title='bbox 528 5007 747 5080; x_wconf 84' lang='lat' dir='ltr'><strong>generis</strong></span> <span class='ocrx_word' id='word_1_699' title='bbox 771 5007 1014 5077; x_wconf 64' lang='lat' dir='ltr'><strong>pecuniae</strong></span> <span class='ocrx_word' id='word_1_700' title='bbox 1046 5009 1254 5064; x_wconf 90' lang='lat' dir='ltr'><strong>alienos</strong></span> <span class='ocrx_word' id='word_1_701' title='bbox 1275 5049 1292 5074; x_wconf 96' lang='lat'><strong>,</strong></span> <span class='ocrx_word' id='word_1_702' title='bbox 1332 5009 1457 5080; x_wconf 90' lang='lat' dir='ltr'><strong>quis</strong></span> <span class='ocrx_word' id='word_1_703' title='bbox 1491 5024 1601 5065; x_wconf 89' lang='lat' dir='ltr'><strong>non</strong></span> <span class='ocrx_word' id='word_1_704' title='bbox 1639 5009 1901 5079; x_wconf 84' lang='lat' dir='ltr'><strong>obstupe-</strong></span> 
     </span>
    </p>
   </div>
   <div class='ocr_carea' id='block_1_87' title="bbox 319 5092 1903 5165">
    <p class='ocr_par' dir='ltr' id='par_1_87' title="bbox 319 5092 1903 5165">
     <span class='ocr_line' id='line_1_87' title="bbox 319 5092 1903 5165; baseline 0.003 -18"><span class='ocrx_word' id='word_1_705' title='bbox 319 5092 472 5149; x_wconf 78' lang='lat' dir='ltr'><strong>scat?</strong></span> <span class='ocrx_word' id='word_1_706' title='bbox 495 5093 592 5162; x_wconf 90' lang='lat' dir='ltr'><strong>qui</strong></span> <span class='ocrx_word' id='word_1_707' title='bbox 616 5092 723 5147; x_wconf 86' lang='lat' dir='ltr'><strong>hoc</strong></span> <span class='ocrx_word' id='word_1_708' title='bbox 751 5108 971 5163; x_wconf 89' lang='lat' dir='ltr'><strong>quoque</strong></span> <span class='ocrx_word' id='word_1_709' title='bbox 1013 5093 1311 5162; x_wconf 88' lang='lat' dir='ltr'><strong>conjecerit</strong></span> <span class='ocrx_word' id='word_1_710' title='bbox 1344 5109 1411 5148; x_wconf 82' lang='lat' dir='ltr'><strong>ex</strong></span> <span class='ocrx_word' id='word_1_711' title='bbox 1461 5110 1557 5158; x_wconf 86' lang='lat' dir='ltr'><strong>eo,</strong></span> <span class='ocrx_word' id='word_1_712' title='bbox 1608 5094 1757 5165; x_wconf 89' lang='lat' dir='ltr'><strong>quod</strong></span> <span class='ocrx_word' id='word_1_713' title='bbox 1791 5111 1903 5152; x_wconf 90' lang='lat' dir='ltr'><strong>non</strong></span> 
     </span>
    </p>
   </div>
   <div class='ocr_carea' id='block_1_88' title="bbox 318 5175 1904 5249">
    <p class='ocr_par' dir='ltr' id='par_1_88' title="bbox 318 5175 1904 5249">
     <span class='ocr_line' id='line_1_88' title="bbox 318 5175 1904 5249; baseline 0.003 -17"><span class='ocrx_word' id='word_1_714' title='bbox 318 5176 582 5248; x_wconf 77' lang='lat' dir='ltr'><strong>fugerint,</strong></span> <span class='ocrx_word' id='word_1_715' title='bbox 620 5176 719 5233; x_wconf 89' lang='lat' dir='ltr'><strong>sed</strong></span> <span class='ocrx_word' id='word_1_716' title='bbox 752 5177 926 5233; x_wconf 87' lang='lat' dir='ltr'><strong>secuti</strong></span> <span class='ocrx_word' id='word_1_717' title='bbox 966 5179 1078 5232; x_wconf 87' lang='lat' dir='ltr'><strong>sint</strong></span> <span class='ocrx_word' id='word_1_718' title='bbox 1105 5175 1523 5246; x_wconf 63' lang='lat' dir='ltr'><strong>Praaceptorem,</strong></span> <span class='ocrx_word' id='word_1_719' title='bbox 1550 5178 1644 5248; x_wconf 89' lang='lat' dir='ltr'><strong>qui</strong></span> <span class='ocrx_word' id='word_1_720' title='bbox 1686 5178 1836 5249; x_wconf 91' lang='lat' dir='ltr'><strong>ipsos</strong></span> <span class='ocrx_word' id='word_1_721' title='bbox 1870 5195 1904 5236; x_wconf 88' lang='lat' dir='ltr'><strong>a</strong></span> 
     </span>
    </p>
   </div>
   <div class='ocr_carea' id='block_1_89' title="bbox 318 5262 1904 5343">
    <p class='ocr_par' dir='ltr' id='par_1_89' title="bbox 318 5262 1904 5343">
     <span class='ocr_line' id='line_1_89' title="bbox 318 5262 1904 5343; baseline 0.001 -16"><span class='ocrx_word' id='word_1_722' title='bbox 318 5266 652 5340; x_wconf 79' lang='lat' dir='ltr'><strong>possidendo</strong></span> <span class='ocrx_word' id='word_1_723' title='bbox 668 5282 804 5323; x_wconf 91' lang='lat' dir='ltr'><strong>auro</strong></span> <span class='ocrx_word' id='word_1_724' title='bbox 821 5276 985 5339; x_wconf 88' lang='lat' dir='ltr'><strong>atque</strong></span> <span class='ocrx_word' id='word_1_725' title='bbox 1004 5268 1234 5341; x_wconf 88' lang='lat' dir='ltr'><strong>argento</strong></span> <span class='ocrx_word' id='word_1_726' title='bbox 1252 5262 1600 5338; x_wconf 82' lang='lat' dir='ltr'><strong>deterruerit,</strong></span> <span class='ocrx_word' id='word_1_727' title='bbox 1621 5272 1904 5343; x_wconf 83' lang='lat' dir='ltr'><strong>legemque</strong></span> 
     </span>
    </p>
   </div>
   <div class='ocr_carea' id='block_1_90' title="bbox 317 5360 1900 5433">
    <p class='ocr_par' dir='ltr' id='par_1_90' title="bbox 317 5360 1900 5433">
     <span class='ocr_line' id='line_1_90' title="bbox 317 5360 1900 5433; baseline 0.002 -18"><span class='ocrx_word' id='word_1_728' title='bbox 317 5363 522 5426; x_wconf 75' lang='lat' dir='ltr'><strong>ﬁxerit,</strong></span> <span class='ocrx_word' id='word_1_729' title='bbox 538 5368 598 5416; x_wconf 91' lang='lat' dir='ltr'><strong>ut</strong></span> <span class='ocrx_word' id='word_1_730' title='bbox 620 5376 688 5416; x_wconf 91' lang='lat' dir='ltr'><strong>ne</strong></span> <span class='ocrx_word' id='word_1_731' title='bbox 701 5374 877 5429; x_wconf 88' lang='lat' dir='ltr'><strong>usque</strong></span> <span class='ocrx_word' id='word_1_732' title='bbox 893 5361 959 5417; x_wconf 86' lang='lat' dir='ltr'><strong>ad</strong></span> <span class='ocrx_word' id='word_1_733' title='bbox 978 5361 1116 5417; x_wconf 86' lang='lat' dir='ltr'><strong>duas</strong></span> <span class='ocrx_word' id='word_1_734' title='bbox 1133 5360 1352 5433; x_wconf 90' lang='lat' dir='ltr'><strong>quidem</strong></span> <span class='ocrx_word' id='word_1_735' title='bbox 1385 5362 1603 5419; x_wconf 88' lang='lat' dir='ltr'><strong>tunicas</strong></span> <span class='ocrx_word' id='word_1_736' title='bbox 1618 5378 1735 5419; x_wconf 88' lang='lat' dir='ltr'><strong>rem</strong></span> <span class='ocrx_word' id='word_1_737' title='bbox 1745 5379 1900 5420; x_wconf 90' lang='lat' dir='ltr'><strong>suam</strong></span> 
     </span>
    </p>
   </div>
   <div class='ocr_carea' id='block_1_91' title="bbox 318 5452 1899 5523">
    <p class='ocr_par' dir='ltr' id='par_1_91' title="bbox 318 5452 1899 5523">
     <span class='ocr_line' id='line_1_91' title="bbox 318 5452 1899 5523; baseline 0.002 -15"><span class='ocrx_word' id='word_1_738' title='bbox 318 5460 581 5523; x_wconf 83' lang='lat' dir='ltr'><strong>augerent</strong></span> <span class='ocrx_word' id='word_1_739' title='bbox 608 5473 622 5506; x_wconf 89' lang='lat'><strong>:</strong></span> <span class='ocrx_word' id='word_1_740' title='bbox 657 5452 804 5523; x_wconf 87' lang='lat' dir='ltr'><strong>quod</strong></span> <span class='ocrx_word' id='word_1_741' title='bbox 833 5452 1054 5523; x_wconf 87' lang='lat' dir='ltr'><strong>quidem</strong></span> <span class='ocrx_word' id='word_1_742' title='bbox 1086 5453 1173 5508; x_wconf 88' lang='lat' dir='ltr'><strong>vel</strong></span> <span class='ocrx_word' id='word_1_743' title='bbox 1202 5453 1414 5510; x_wconf 89' lang='lat' dir='ltr'><strong>auditui</strong></span> <span class='ocrx_word' id='word_1_744' title='bbox 1440 5455 1783 5512; x_wconf 86' lang='lat' dir='ltr'><strong>intolerabile</strong></span> <span class='ocrx_word' id='word_1_745' title='bbox 1807 5456 1899 5511; x_wconf 88' lang='lat' dir='ltr'><strong>alii</strong></span> 
     </span>
    </p>
   </div>
   <div class='ocr_carea' id='block_1_92' title="bbox 316 5544 1921 5619">
    <p class='ocr_par' dir='ltr' id='par_1_92' title="bbox 316 5544 1921 5619">
     <span class='ocr_line' id='line_1_92' title="bbox 316 5544 1921 5619; baseline 0.001 -19"><span class='ocrx_word' id='word_1_746' title='bbox 316 5546 554 5618; x_wconf 81' lang='lat' dir='ltr'><strong>cuipiam</strong></span> <span class='ocrx_word' id='word_1_747' title='bbox 609 5544 877 5609; x_wconf 84' lang='lat' dir='ltr'><strong>videatur,</strong></span> <span class='ocrx_word' id='word_1_748' title='bbox 908 5544 981 5599; x_wconf 87' lang='lat' dir='ltr'><strong>ob</strong></span> <span class='ocrx_word' id='word_1_749' title='bbox 1023 5545 1347 5616; x_wconf 87' lang='lat' dir='ltr'><strong>gravitatem</strong></span> <span class='ocrx_word' id='word_1_750' title='bbox 1392 5546 1648 5619; x_wconf 89' lang='lat' dir='ltr'><strong>imperii:</strong></span> <span class='ocrx_word' id='word_1_751' title='bbox 1676 5554 1737 5604; x_wconf 89' lang='lat' dir='ltr'><strong>at</strong></span> <span class='ocrx_word' id='word_1_752' title='bbox 1776 5548 1921 5603; x_wconf 30' lang='lat' dir='ltr'><strong>illos&#39;</strong></span> 
     </span>
    </p>
   </div>
   <div class='ocr_carea' id='block_1_93' title="bbox 314 5638 1895 5711">
    <p class='ocr_par' dir='ltr' id='par_1_93' title="bbox 314 5638 1895 5711">
     <span class='ocr_line' id='line_1_93' title="bbox 314 5638 1895 5711; baseline 0 -19"><span class='ocrx_word' id='word_1_753' title='bbox 314 5639 484 5697; x_wconf 83' lang='lat' dir='ltr'><strong>etiam</strong></span> <span class='ocrx_word' id='word_1_754' title='bbox 516 5639 694 5706; x_wconf 82' lang='lat' dir='ltr'><strong>reipsa</strong></span> <span class='ocrx_word' id='word_1_755' title='bbox 717 5638 1077 5709; x_wconf 84' lang='lat' dir='ltr'><strong>complevisse</strong></span> <span class='ocrx_word' id='word_1_756' title='bbox 1105 5638 1251 5711; x_wconf 91' lang='lat' dir='ltr'><strong>quod</strong></span> <span class='ocrx_word' id='word_1_757' title='bbox 1281 5639 1489 5696; x_wconf 86' lang='lat' dir='ltr'><strong>dictum</strong></span> <span class='ocrx_word' id='word_1_758' title='bbox 1521 5649 1604 5695; x_wconf 91' lang='lat' dir='ltr'><strong>est</strong></span> <span class='ocrx_word' id='word_1_759' title='bbox 1647 5646 1895 5695; x_wconf 85' lang='lat' dir='ltr'><strong>constat:</strong></span> 
     </span>
    </p>
   </div>
   <div class='ocr_carea' id='block_1_94' title="bbox 317 5726 1898 5806">
    <p class='ocr_par' dir='ltr' id='par_1_94' title="bbox 317 5726 1898 5806">
     <span class='ocr_line' id='line_1_94' title="bbox 317 5726 1898 5806; baseline 0.001 -20"><span class='ocrx_word' id='word_1_760' title='bbox 317 5744 448 5801; x_wconf 78' lang='lat' dir='ltr'><strong>ergo</strong></span> <span class='ocrx_word' id='word_1_761' title='bbox 478 5726 715 5806; x_wconf 74' lang='lat' dir='ltr'><strong>quodam</strong></span> <span class='ocrx_word' id='word_1_762' title='bbox 761 5738 1006 5802; x_wconf 82' lang='lat' dir='ltr'><strong>tempore</strong></span> <span class='ocrx_word' id='word_1_763' title='bbox 1054 5746 1177 5791; x_wconf 80' lang='lat' dir='ltr'><strong>cum</strong></span> <span class='ocrx_word' id='word_1_764' title='bbox 1208 5731 1429 5803; x_wconf 82' lang='lat' dir='ltr'><strong>quidam</strong></span> <span class='ocrx_word' id='word_1_765' title='bbox 1473 5733 1765 5790; x_wconf 25' lang='lat' dir='ltr'><strong>clauilus‘a</strong></span> <span class='ocrx_word' id='word_1_766' title='bbox 1799 5731 1898 5787; x_wconf 49' lang='lat' dir='ltr'><strong>Pcw</strong></span> 
     </span>
    </p>
   </div>
   <div class='ocr_carea' id='block_1_95' title="bbox 388 5848 950 5919">
    <p class='ocr_par' dir='ltr' id='par_1_95' title="bbox 388 5848 950 5919">
     <span class='ocr_line' id='line_1_95' title="bbox 388 5848 950 5919; baseline -0.007 -9"><span class='ocrx_word' id='word_1_767' title='bbox 388 5854 431 5886; x_wconf 68' lang='grc' dir='ltr'><strong>θ’</strong></span> <span class='ocrx_word' id='word_1_768' title='bbox 460 5851 628 5911; x_wconf 76' lang='lat' dir='ltr'><strong>Exod.</strong></span> <span class='ocrx_word' id='word_1_769' title='bbox 657 5866 770 5919; x_wconf 76' lang='lat' dir='ltr'><strong>ni,</strong></span> <span class='ocrx_word' id='word_1_770' title='bbox 801 5848 950 5909; x_wconf 68' lang='lat'><strong>5-15.</strong></span> 
     </span>
    </p>
   </div>
   <div class='ocr_carea' id='block_1_96' title="bbox 2002 4536 3612 4614">
    <p class='ocr_par' dir='ltr' id='par_1_96' title="bbox 2002 4536 3612 4614">
     <span class='ocr_line' id='line_1_96' title="bbox 2002 4536 3612 4614; baseline 0.005 -24"><span class='ocrx_word' id='word_1_771' title='bbox 2002 4536 2111 4591; x_wconf 86' lang='grc' dir='ltr'><strong>τῶν</strong></span> <span class='ocrx_word' id='word_1_772' title='bbox 2142 4536 2401 4605; x_wconf 77' lang='grc' dir='ltr'><strong>ἐγγόνων,</strong></span> <span class='ocrx_word' id='word_1_773' title='bbox 2428 4536 2543 4591; x_wconf 87' lang='grc' dir='ltr'><strong>ἀλλ’</strong></span> <span class='ocrx_word' id='word_1_774' title='bbox 2571 4537 2854 4592; x_wconf 84' lang='grc' dir='ltr'><strong>ἀθανάτων</strong></span> <span class='ocrx_word' id='word_1_775' title='bbox 2883 4538 3223 4611; x_wconf 85' lang='grc' dir='ltr'><strong>ὠρέχθησαν.</strong></span> <span class='ocrx_word' id='word_1_776' title='bbox 3260 4540 3335 4595; x_wconf 84' lang='grc' dir='ltr'><strong>Τὸ</strong></span> <span class='ocrx_word' id='word_1_777' title='bbox 3375 4541 3434 4596; x_wconf 85' lang='grc' dir='ltr'><strong>δὲ</strong></span> <span class='ocrx_word' id='word_1_778' title='bbox 3462 4544 3612 4614; x_wconf 69' lang='grc' dir='ltr'><strong>ἀτρι-</strong></span> 
     </span>
    </p>
   </div>
   <div class='ocr_carea' id='block_1_97' title="bbox 2001 4629 3614 4703">
    <p class='ocr_par' dir='ltr' id='par_1_97' title="bbox 2001 4629 3614 4703">
     <span class='ocr_line' id='line_1_97' title="bbox 2001 4629 3614 4703; baseline 0.006 -21"><span class='ocrx_word' id='word_1_779' title='bbox 2001 4629 2341 4702; x_wconf 86' lang='grc' dir='ltr'><strong>λοχρήματον</strong></span> <span class='ocrx_word' id='word_1_780' title='bbox 2374 4630 2554 4684; x_wconf 82' lang='grc' dir='ltr'><strong>αὐτῶν</strong></span> <span class='ocrx_word' id='word_1_781' title='bbox 2577 4631 2671 4684; x_wconf 89' lang='grc' dir='ltr'><strong>τοῦ</strong></span> <span class='ocrx_word' id='word_1_782' title='bbox 2701 4632 2901 4703; x_wconf 86' lang='grc' dir='ltr'><strong>τρόπου</strong></span> <span class='ocrx_word' id='word_1_783' title='bbox 2924 4632 3042 4697; x_wconf 88' lang='grc' dir='ltr'><strong>πῶς</strong></span> <span class='ocrx_word' id='word_1_784' title='bbox 3065 4634 3166 4688; x_wconf 88' lang='grc' dir='ltr'><strong>ούκ</strong></span> <span class='ocrx_word' id='word_1_785' title='bbox 3188 4635 3254 4689; x_wconf 81' lang='grc' dir='ltr'><strong>ἄν</strong></span> <span class='ocrx_word' id='word_1_786' title='bbox 3276 4648 3362 4699; x_wconf 89' lang='grc' dir='ltr'><strong>τις</strong></span> <span class='ocrx_word' id='word_1_787' title='bbox 3394 4636 3614 4692; x_wconf 74' lang='grc' dir='ltr'><strong>ἐκπλα-</strong></span> 
     </span>
    </p>
   </div>
   <div class='ocr_carea' id='block_1_98' title="bbox 2001 4719 3609 4795">
    <p class='ocr_par' dir='ltr' id='par_1_98' title="bbox 2001 4719 3609 4795">
     <span class='ocr_line' id='line_1_98' title="bbox 2001 4719 3609 4795; baseline 0.006 -23"><span class='ocrx_word' id='word_1_788' title='bbox 2001 4719 2124 4789; x_wconf 89' lang='grc' dir='ltr'><strong>γείη</strong></span> <span class='ocrx_word' id='word_1_789' title='bbox 2152 4736 2171 4785; x_wconf 80' lang='lat'>;</span> <span class='ocrx_word' id='word_1_790' title='bbox 2200 4721 2294 4774; x_wconf 78' lang='grc' dir='ltr'><strong>καὶ</strong></span> <span class='ocrx_word' id='word_1_791' title='bbox 2330 4719 2487 4773; x_wconf 87' lang='grc' dir='ltr'><strong>τοῦτο</strong></span> <span class='ocrx_word' id='word_1_792' title='bbox 2530 4722 2945 4793; x_wconf 85' lang='grc' dir='ltr'><strong>τεκμηράμενος</strong></span> <span class='ocrx_word' id='word_1_793' title='bbox 2978 4725 3044 4777; x_wconf 85' lang='grc' dir='ltr'><strong>ὲκ</strong></span> <span class='ocrx_word' id='word_1_794' title='bbox 3082 4722 3176 4776; x_wconf 92' lang='grc' dir='ltr'><strong>τοῦ</strong></span> <span class='ocrx_word' id='word_1_795' title='bbox 3225 4722 3301 4795; x_wconf 83' lang='grc' dir='ltr'><strong>μὴ</strong></span> <span class='ocrx_word' id='word_1_796' title='bbox 3341 4724 3609 4794; x_wconf 77' lang='grc' dir='ltr'><strong>φεύγειν,</strong></span> 
     </span>
    </p>
   </div>
   <div class='ocr_carea' id='block_1_99' title="bbox 2002 4811 3611 4890">
    <p class='ocr_par' dir='ltr' id='par_1_99' title="bbox 2002 4811 3611 4890">
     <span class='ocr_line' id='line_1_99' title="bbox 2002 4811 3611 4890; baseline 0.004 -26"><span class='ocrx_word' id='word_1_797' title='bbox 2002 4812 2118 4864; x_wconf 86' lang='grc' dir='ltr'><strong>ἀλλ’</strong></span> <span class='ocrx_word' id='word_1_798' title='bbox 2153 4811 2503 4866; x_wconf 74' lang='grc' dir='ltr'><strong>ἀσπάσασθαι</strong></span> <span class='ocrx_word' id='word_1_799' title='bbox 2556 4812 2899 4879; x_wconf 87' lang='grc' dir='ltr'><strong>διδάσκαλον,</strong></span> <span class='ocrx_word' id='word_1_800' title='bbox 2944 4815 3145 4887; x_wconf 82' lang='grc' dir='ltr'><strong>χρυσοῦ</strong></span> <span class='ocrx_word' id='word_1_801' title='bbox 3197 4815 3291 4876; x_wconf 80' lang='grc' dir='ltr'><strong>καὶ</strong></span> <span class='ocrx_word' id='word_1_802' title='bbox 3341 4816 3611 4890; x_wconf 72' lang='grc' dir='ltr'><strong>ἀργύρου</strong></span> 
     </span>
    </p>
   </div>
   <div class='ocr_carea' id='block_1_100' title="bbox 2001 4904 3611 4985">
    <p class='ocr_par' dir='ltr' id='par_1_100' title="bbox 2001 4904 3611 4985">
     <span class='ocr_line' id='line_1_100' title="bbox 2001 4904 3611 4985; baseline 0.006 -28"><span class='ocrx_word' id='word_1_803' title='bbox 2001 4904 2100 4976; x_wconf 79' lang='grc' dir='ltr'><strong>τὴν</strong></span> <span class='ocrx_word' id='word_1_804' title='bbox 2143 4904 2334 4975; x_wconf 82' lang='grc' dir='ltr'><strong>κτῆσιν</strong></span> <span class='ocrx_word' id='word_1_805' title='bbox 2380 4905 2814 4976; x_wconf 86' lang='grc' dir='ltr'><strong>ἀπαγορεύοντα,</strong></span> <span class='ocrx_word' id='word_1_806' title='bbox 2863 4908 2956 4961; x_wconf 78' lang='lat' dir='ltr'><strong>xal.</strong></span> <span class='ocrx_word' id='word_1_807' title='bbox 3004 4906 3403 4978; x_wconf 86' lang='grc' dir='ltr'><strong>νομοθετοῦντα</strong></span> <span class='ocrx_word' id='word_1_808' title='bbox 3450 4910 3611 4985; x_wconf 76' lang='grc' dir='ltr'><strong>μηδὲ</strong></span> 
     </span>
    </p>
   </div>
   <div class='ocr_carea' id='block_1_101' title="bbox 2006 4996 3613 5077">
    <p class='ocr_par' dir='ltr' id='par_1_101' title="bbox 2006 4996 3613 5077">
     <span class='ocr_line' id='line_1_101' title="bbox 2006 4996 3613 5077; baseline 0.004 -28"><span class='ocrx_word' id='word_1_809' title='bbox 2006 4997 2169 5069; x_wconf 86' lang='grc' dir='ltr'><strong>μέχρι</strong></span> <span class='ocrx_word' id='word_1_810' title='bbox 2217 4997 2473 5068; x_wconf 78' lang='grc' dir='ltr'><strong>δευτέρου</strong></span> <span class='ocrx_word' id='word_1_811' title='bbox 2516 4996 2740 5068; x_wconf 90' lang='grc' dir='ltr'><strong>χιτῶνος</strong></span> <span class='ocrx_word' id='word_1_812' title='bbox 2781 4997 2963 5062; x_wconf 75' lang='grc' dir='ltr'><strong>αὔξειν</strong></span> <span class='ocrx_word' id='word_1_813' title='bbox 2992 4999 3092 5070; x_wconf 85' lang='grc' dir='ltr'><strong>τὴν</strong></span> <span class='ocrx_word' id='word_1_814' title='bbox 3132 4998 3407 5069; x_wconf 74' lang='grc' dir='ltr'><strong>ὓπαρξιν·</strong></span> <span class='ocrx_word' id='word_1_815' title='bbox 3448 5003 3613 5077; x_wconf 70' lang='grc' dir='ltr'><strong>ὅπερ</strong></span> 
     </span>
    </p>
   </div>
   <div class='ocr_carea' id='block_1_102' title="bbox 2001 5089 3618 5165">
    <p class='ocr_par' dir='ltr' id='par_1_102' title="bbox 2001 5089 3618 5165">
     <span class='ocr_line' id='line_1_102' title="bbox 2001 5089 3618 5165; baseline 0.003 -21"><span class='ocrx_word' id='word_1_816' title='bbox 2001 5090 2143 5162; x_wconf 89' lang='grc' dir='ltr'><strong>τάχα</strong></span> <span class='ocrx_word' id='word_1_817' title='bbox 2171 5108 2255 5155; x_wconf 82' lang='grc' dir='ltr'><strong>τις</strong></span> <span class='ocrx_word' id='word_1_818' title='bbox 2282 5089 2521 5153; x_wconf 86' lang='grc' dir='ltr'><strong>ἀκούσας</strong></span> <span class='ocrx_word' id='word_1_819' title='bbox 2546 5089 2828 5162; x_wconf 77' lang='grc' dir='ltr'><strong>παρῄτητο</strong></span> <span class='ocrx_word' id='word_1_820' title='bbox 2849 5090 2914 5145; x_wconf 84' lang='grc' dir='ltr'><strong>ἂν</strong></span> <span class='ocrx_word' id='word_1_821' title='bbox 2940 5091 3001 5145; x_wconf 85' lang='grc' dir='ltr'><strong>τὸ</strong></span> <span class='ocrx_word' id='word_1_822' title='bbox 3027 5091 3169 5163; x_wconf 84' lang='grc' dir='ltr'><strong>βαρὺ</strong></span> <span class='ocrx_word' id='word_1_823' title='bbox 3196 5092 3293 5146; x_wconf 88' lang='grc' dir='ltr'><strong>τοῦ</strong></span> <span class='ocrx_word' id='word_1_824' title='bbox 3322 5094 3618 5165; x_wconf 76' lang='grc' dir='ltr'><strong>πράγμα-</strong></span> 
     </span>
    </p>
   </div>
   <div class='ocr_carea' id='block_1_103' title="bbox 2001 5183 3617 5258">
    <p class='ocr_par' dir='ltr' id='par_1_103' title="bbox 2001 5183 3617 5258">
     <span class='ocr_line' id='line_1_103' title="bbox 2001 5183 3617 5258; baseline 0.002 -21"><span class='ocrx_word' id='word_1_825' title='bbox 2001 5202 2092 5248; x_wconf 90' lang='grc' dir='ltr'><strong>τος</strong></span> <span class='ocrx_word' id='word_1_826' title='bbox 2114 5201 2128 5215; x_wconf 74' lang='grc' dir='ltr'><strong><em>ο</em></strong></span> <span class='ocrx_word' id='word_1_827' title='bbox 2155 5184 2205 5238; x_wconf 82' lang='lat' dir='ltr'><strong>oi</strong></span> <span class='ocrx_word' id='word_1_828' title='bbox 2239 5183 2300 5237; x_wconf 82' lang='grc' dir='ltr'><strong>δὲ</strong></span> <span class='ocrx_word' id='word_1_829' title='bbox 2329 5183 2422 5238; x_wconf 77' lang='grc' dir='ltr'><strong>καὶ</strong></span> <span class='ocrx_word' id='word_1_830' title='bbox 2448 5183 2609 5253; x_wconf 80' lang='grc' dir='ltr'><strong>ἔργον</strong></span> <span class='ocrx_word' id='word_1_831' title='bbox 2645 5184 3004 5255; x_wconf 84' lang='grc' dir='ltr'><strong>πεποιηκότες</strong></span> <span class='ocrx_word' id='word_1_832' title='bbox 3047 5185 3139 5240; x_wconf 85' lang='grc' dir='ltr'><strong>τὸν</strong></span> <span class='ocrx_word' id='word_1_833' title='bbox 3176 5185 3335 5258; x_wconf 82' lang='grc' dir='ltr'><strong>λόγον</strong></span> <span class='ocrx_word' id='word_1_834' title='bbox 3371 5188 3617 5244; x_wconf 83' lang='grc' dir='ltr'><strong>ἀποδεί-</strong></span> 
     </span>
    </p>
   </div>
   <div class='ocr_carea' id='block_1_104' title="bbox 2004 5275 3615 5354">
    <p class='ocr_par' dir='ltr' id='par_1_104' title="bbox 2004 5275 3615 5354">
     <span class='ocr_line' id='line_1_104' title="bbox 2004 5275 3615 5354; baseline 0.005 -24"><span class='ocrx_word' id='word_1_835' title='bbox 2004 5293 2243 5330; x_wconf 88' lang='grc' dir='ltr'><strong>κνυνται.</strong></span> <span class='ocrx_word' id='word_1_836' title='bbox 2268 5277 2598 5347; x_wconf 82' lang='grc' dir='ltr'><strong>Αίτήσαντος</strong></span> <span class='ocrx_word' id='word_1_837' title='bbox 2623 5275 2759 5344; x_wconf 71' lang='grc' dir='ltr'><strong>γοῦν.</strong></span> <span class='ocrx_word' id='word_1_838' title='bbox 2772 5294 2902 5332; x_wconf 87' lang='grc' dir='ltr'><strong>ποτε</strong></span> <span class='ocrx_word' id='word_1_839' title='bbox 2933 5278 3059 5342; x_wconf 79' lang='grc' dir='ltr'><strong>τοῦς</strong></span> <span class='ocrx_word' id='word_1_840' title='bbox 3083 5279 3229 5351; x_wconf 80' lang='grc' dir='ltr'><strong>ἀμφὶ</strong></span> <span class='ocrx_word' id='word_1_841' title='bbox 3264 5279 3357 5333; x_wconf 84' lang='grc' dir='ltr'><strong>τὸν</strong></span> <span class='ocrx_word' id='word_1_842' title='bbox 3380 5281 3615 5354; x_wconf 82' lang='grc' dir='ltr'><strong>Πέτρον</strong></span> 
     </span>
    </p>
   </div>
   <div class='ocr_carea' id='block_1_105' title="bbox 2004 5362 3615 5445">
    <p class='ocr_par' dir='ltr' id='par_1_105' title="bbox 2004 5362 3615 5445">
     <span class='ocr_line' id='line_1_105' title="bbox 2004 5362 3615 5445; baseline 0.005 -25"><span class='ocrx_word' id='word_1_843' title='bbox 2004 5367 2177 5438; x_wconf 86' lang='grc' dir='ltr'><strong>χωλοῦ</strong></span> <span class='ocrx_word' id='word_1_844' title='bbox 2205 5384 2352 5431; x_wconf 84' lang='grc' dir='ltr'><strong>τινος</strong></span> <span class='ocrx_word' id='word_1_845' title='bbox 2399 5362 2575 5439; x_wconf 71' lang='grc' dir='ltr'><strong>(οὗτος</strong></span> <span class='ocrx_word' id='word_1_846' title='bbox 2589 5367 2634 5420; x_wconf 87' lang='grc' dir='ltr'><strong>δ’</strong></span> <span class='ocrx_word' id='word_1_847' title='bbox 2659 5363 2729 5438; x_wconf 84' lang='grc' dir='ltr'><strong>ἦν</strong></span> <span class='ocrx_word' id='word_1_848' title='bbox 2749 5367 2857 5422; x_wconf 87' lang='grc' dir='ltr'><strong>τῶν</strong></span> <span class='ocrx_word' id='word_1_849' title='bbox 2875 5368 2939 5422; x_wconf 86' lang='grc' dir='ltr'><strong>δι’</strong></span> <span class='ocrx_word' id='word_1_850' title='bbox 2963 5369 3199 5440; x_wconf 80' lang='grc' dir='ltr'><strong>ἐσχάτην</strong></span> <span class='ocrx_word' id='word_1_851' title='bbox 3229 5371 3467 5445; x_wconf 78' lang='grc' dir='ltr'><strong>ἀπορίαν</strong></span> <span class='ocrx_word' id='word_1_852' title='bbox 3488 5374 3615 5440; x_wconf 74' lang='grc' dir='ltr'><strong>τὰς</strong></span> 
     </span>
    </p>
   </div>
   <div class='ocr_carea' id='block_1_106' title="bbox 2001 5458 3609 5539">
    <p class='ocr_par' dir='ltr' id='par_1_106' title="bbox 2001 5458 3609 5539">
     <span class='ocr_line' id='line_1_106' title="bbox 2001 5458 3609 5539; baseline 0.007 -29"><span class='ocrx_word' id='word_1_853' title='bbox 2001 5458 2207 5530; x_wconf 81' lang='grc' dir='ltr'><strong>τροφὰς</strong></span> <span class='ocrx_word' id='word_1_854' title='bbox 2238 5460 2695 5533; x_wconf 85' lang='grc' dir='ltr'><strong>μεταιτούντων),</strong></span> <span class='ocrx_word' id='word_1_855' title='bbox 2725 5461 2827 5516; x_wconf 86' lang='grc' dir='ltr'><strong>οὐκ</strong></span> <span class='ocrx_word' id='word_1_856' title='bbox 2860 5461 2999 5531; x_wconf 80' lang='grc' dir='ltr'><strong>ἔχων</strong></span> <span class='ocrx_word' id='word_1_857' title='bbox 3037 5462 3066 5515; x_wconf 88' lang='grc' dir='ltr'><strong>ὁ</strong></span> <span class='ocrx_word' id='word_1_858' title='bbox 3095 5462 3303 5534; x_wconf 84' lang='grc' dir='ltr'><strong>Πέτρος</strong></span> <span class='ocrx_word' id='word_1_859' title='bbox 3336 5465 3368 5518; x_wconf 84' lang='grc' dir='ltr'><strong>ὃ</strong></span> <span class='ocrx_word' id='word_1_860' title='bbox 3399 5483 3451 5520; x_wconf 85' lang='grc' dir='ltr'><strong>τι</strong></span> <span class='ocrx_word' id='word_1_861' title='bbox 3485 5466 3609 5539; x_wconf 83' lang='grc' dir='ltr'><strong>δῷ,</strong></span> 
     </span>
    </p>
   </div>
   <div class='ocr_carea' id='block_1_107' title="bbox 1998 5549 3615 5635">
    <p class='ocr_par' dir='ltr' id='par_1_107' title="bbox 1998 5549 3615 5635">
     <span class='ocr_line' id='line_1_107' title="bbox 1998 5549 3615 5635; baseline 0.007 -34"><span class='ocrx_word' id='word_1_862' title='bbox 1998 5549 2267 5621; x_wconf 81' lang='grc' dir='ltr'><strong>ὡμολόγει</strong></span> <span class='ocrx_word' id='word_1_863' title='bbox 2290 5552 2469 5623; x_wconf 86' lang='grc' dir='ltr'><strong>πάσης</strong></span> <span class='ocrx_word' id='word_1_864' title='bbox 2488 5551 2774 5623; x_wconf 76' lang='grc' dir='ltr'><strong>ὑπάρξεως</strong></span> <span class='ocrx_word' id='word_1_865' title='bbox 2791 5553 3011 5624; x_wconf 78' lang='grc' dir='ltr'><strong>χρυσίου</strong></span> <span class='ocrx_word' id='word_1_866' title='bbox 3029 5554 3123 5609; x_wconf 80' lang='grc' dir='ltr'><strong>καὶ</strong></span> <span class='ocrx_word' id='word_1_867' title='bbox 3138 5556 3406 5627; x_wconf 86' lang='grc' dir='ltr'><strong>ἀργυρίου</strong></span> <span class='ocrx_word' id='word_1_868' title='bbox 3421 5557 3615 5635; x_wconf 53' lang='grc' dir='ltr'><strong>καθει-</strong></span> 
     </span>
    </p>
   </div>
   <div class='ocr_carea' id='block_1_108' title="bbox 2003 5642 3611 5720">
    <p class='ocr_par' dir='ltr' id='par_1_108' title="bbox 2003 5642 3611 5720">
     <span class='ocr_line' id='line_1_108' title="bbox 2003 5642 3611 5720; baseline 0.007 -28"><span class='ocrx_word' id='word_1_869' title='bbox 2003 5642 2205 5713; x_wconf 84' lang='grc' dir='ltr'><strong>ρεύειν,</strong></span> <span class='ocrx_word' id='word_1_870' title='bbox 2239 5643 2441 5714; x_wconf 80' lang='grc' dir='ltr'><strong>φήσας·</strong></span> <span class='ocrx_word' id='word_1_871' title='bbox 2474 5661 2492 5696; x_wconf 84' lang='grc' dir='ltr'><strong>ι</strong></span> <span class='ocrx_word' id='word_1_872' title='bbox 2516 5643 2805 5715; x_wconf 79' lang='grc' dir='ltr'><strong>Ἀργύριον</strong></span> <span class='ocrx_word' id='word_1_873' title='bbox 2835 5646 2928 5698; x_wconf 75' lang='grc' dir='ltr'><strong>καὶ</strong></span> <span class='ocrx_word' id='word_1_874' title='bbox 2958 5646 3183 5716; x_wconf 85' lang='grc' dir='ltr'><strong>χρυσίον</strong></span> <span class='ocrx_word' id='word_1_875' title='bbox 3214 5646 3315 5719; x_wconf 78' lang='grc' dir='ltr'><strong>οὐχ</strong></span> <span class='ocrx_word' id='word_1_876' title='bbox 3344 5647 3611 5720; x_wconf 79' lang='grc' dir='ltr'><strong>ὑπάρχει</strong></span> 
     </span>
    </p>
   </div>
   <div class='ocr_carea' id='block_1_109' title="bbox 2002 5733 3610 5824">
    <p class='ocr_par' dir='ltr' id='par_1_109' title="bbox 2002 5733 3610 5824">
     <span class='ocr_line' id='line_1_109' title="bbox 2002 5733 3610 5824; baseline 0.003 -36"><span class='ocrx_word' id='word_1_877' title='bbox 2002 5751 2113 5811; x_wconf 72' lang='grc' dir='ltr'><strong>μοι,</strong></span> <span class='ocrx_word' id='word_1_878' title='bbox 2134 5733 2244 5788; x_wconf 79' lang='grc' dir='ltr'><strong>δ’δὲ</strong></span> <span class='ocrx_word' id='word_1_879' title='bbox 2279 5733 2407 5813; x_wconf 63' lang='grc' dir='ltr'><strong>ἔχω,</strong></span> <span class='ocrx_word' id='word_1_880' title='bbox 2430 5734 2581 5790; x_wconf 79' lang='grc' dir='ltr'><strong>τοῦτό</strong></span> <span class='ocrx_word' id='word_1_881' title='bbox 2601 5754 2681 5790; x_wconf 79' lang='grc' dir='ltr'><strong>σοι</strong></span> <span class='ocrx_word' id='word_1_882' title='bbox 2700 5735 2890 5805; x_wconf 81' lang='grc' dir='ltr'><strong>δίδωμι</strong></span> <span class='ocrx_word' id='word_1_883' title='bbox 2912 5753 2923 5764; x_wconf 80' lang='lat'><strong>&#39;</strong></span> <span class='ocrx_word' id='word_1_884' title='bbox 2957 5737 3013 5789; x_wconf 83' lang='grc' dir='ltr'><strong>ὲν</strong></span> <span class='ocrx_word' id='word_1_885' title='bbox 3036 5735 3113 5812; x_wconf 80' lang='grc' dir='ltr'><strong>τῷ</strong></span> <span class='ocrx_word' id='word_1_886' title='bbox 3140 5737 3366 5810; x_wconf 79' lang='grc' dir='ltr'><strong>ὀνόματι</strong></span> <span class='ocrx_word' id='word_1_887' title='bbox 3406 5738 3610 5824; x_wconf 54' lang='grc' dir='ltr'><strong>’ωτι-οῦ</strong></span> 
     </span>
    </p>
   </div>
  </div>
