3828 6216
217 360 331 420 215

1148 345 1813 412 DEMONSTRATIONIS
1853 337 2316 400 EVANGELICA'Z
2353 336 2481 394 LIB.
2516 331 2618 394 llL

3385 321 3485 379 2M

217 466 462 554 Χριστοῦ
517 476 729 555 ἔγειραι
776 474 875 531 καὶ
924 471 1240 545 περιπάτει.
1287 488 1308 523 ι
1379 467 1699 543 Σκυθρωπάε
1750 466 1883 531 δὲΑ
1908 473 2015 528 tro,
2039 469 2090 520 et

1925 478 2015 528 .ro,
2039 469 2094 520 et
2124 461 2196 517 ab
2224 458 2293 515 iis
2329 457 2423 528 qui
2452 455 2660 511 circum
2689 448 2910 506 Petrum
2937 450 3098 507 erant
3135 440 3286 497 aliud
3304 448 3491 512 postu-

219 577 407 639 αὐτοῖς
437 570 900 643 προαγγέλλοντος
930 565 1028 621 τοῦ
1055 564 1409 630 Διδασκάλου,
1452 562 1809 634 προσέχοντες

219 666 288 736 δι’
322 661 399 720 ὧν
422 665 562 739 πρὸς
601 663 799 726 αὐτοὺς
837 660 1022 729 ἔλεγεν
1046 675 1064 691 °
1117 677 1137 711 ι
1172 658 1264 711 Ἐν
1291 655 1372 727 τῷ
1409 655 1601 725 κόσμῳ
1631 651 1810 721 θλίψιν

221 759 376 831 ἔχετε
396 775 445 809 οι»
472 758 569 812 καὶ
596 754 758 812 πάλιν
776 770 794 787 ο
832 750 1143 807 «κλαύσετε
1168 749 1265 804 κα).
1297 748 1599 820 θρηνήσετε
1630 745 1810 815 ὑμεῖς,

212 854 243 905 ό
275 850 335 904 δὲ
363 849 571 920 κόσμος
615 848 937 918 χαρήσεται,
962 862 981 895 ι
1026 841 1146 905 πῶς
1189 841 1291 894 οὐκ
1330 838 1484 893 αὐτοὶ
1534 836 1633 908 μὲν
1661 834 1813 906 δῆλοι

211 945 307 998 τὴν
341 942 568 1015 τρόπον,
593 941 676 994 ὅτι
700 940 766 1011 δὴ
798 936 1016 1011 mappa!
1038 951 1185 998 τινες
1210 933 1306 988 καὶ
1335 930 1519 1004 βαθεῖς
1543 929 1810 1000 ὑπῆρχον,

217 1036 294 1108 μὴ
348 1033 649 1105 φεύγοντες
687 1031 760 1085 τά
807 1030 912 1101 τῆς
965 1027 1145 1099 ψυχῆς
1205 1023 1484 1096 γυμνάσια
1506 1063 1522 1088 ,
1564 1021 1701 1093 μηδὲ
1742 1019 1811 1074 τά

212 1127 353 1199 πρὸς
405 1126 603 1198 ἡδονὴν
650 1121 1104 1195 μεταδιώκοντες;
1145 1118 1240 1172 καὶ
1291 1118 1320 1169 ὁ
1363 1113 1680 1177 διδάσκαλος
1730 1112 1809 1178 δὲ,

212 1219 297 1272 ὅτι
356 1217 434 1289 μὴ
479 1216 549 1272 δι’
582 1215 801 1289 ἀπάτης
854 1212 1067 1281 θέλγων
1118 1210 1319 1273 αὐτοὺς
1372 1207 1471 1263 καὶ
1519 1205 1593 1260 τά
1636 1206 1814 1261 οίκεῖα

216 1288 623 1381 προϊσχόμενος
670 1288 1022 1378 ἐξῳκειοῦτο,
1070 1302 1339 1375 ἐλευθέρῳ
1377 1300 1435 1355 δὲ
1482 1302 1581 1356 καὶ
1621 1297 1816 1369 ἀληθεῖ

217 1399 367 1471 λόγῳ
410 1400 483 1455 τά
531 1396 926 1472 συμϐησόμενα
980 1394 1272 1460 θεσπίζων,
1322 1392 1423 1464 τὴν
1463 1391 1674 1461 αἵρεσιν
1712 1388 1814 1459 τῆς

219 1495 345 1551 κατ’
360 1490 528 1547 αὐτοῦ
550 1489 629 1562 (1)
647 1489 920 1553 πολιτείας
933 1489 1013 1552 είς
1031 1487 1230 1549 αὐτοὺς
1252 1482 1519 1538 ὲνετίθετο
1541 1499 1555 1548 ;
1578 1480 1817 1536 Τοιαῦτα

219 1584 281 1639 δὲ
312 1579 385 1656 ἦν
415 1583 511 1639 καί.
534 1582 605 1637 τά
628 1581 757 1655 περὶ
776 1581 887 1634 τῶν
912 1578 1212 1653 μελλόντων
1239 1574 1328 1630 διὰ
1357 1574 1421 1628 τὸ
1447 1572 1618 1645 ὄνομα
1650 1569 1815 1626 αὐτοῦ

222 1674 610 1748 συμϐήσεσθαι
650 1673 868 1738 αὐτοῖς,
916 1673 977 1726 ὲν
1015 1665 1097 1733 οἷς
1131 1666 1413 1741 προλέγων
1447 1663 1817 1737 ἐμαρτύρατο,

220 1767 309 1820 ὅτι
340 1766 437 1821 καὶ
466 1765 563 1818 ἐπὶ
594 1762 892 1835 ἡγεμονίας
934 1759 1288 1831 ἀχθὴσονται,
1324 1754 1422 1808 καὶ
1459 1752 1622 1824 μέχρι
1659 1749 1816 1821 βασι-

1908 559 2049 613 laret
2076 556 2187 629 (hic
2219 566 2383 624 porro
2412 563 2556 604 unus
2583 553 2704 602 erat
2731 554 2954 607 eorum,
2969 536 3063 610 qui
3092 534 3165 592 ob
3194 541 3493 589 extremam

1907 624 2147 719 inopiam
2192 646 2395 700 victum
2446 631 3008 705 mendicabant)'hon
3057 627 3267 684 habens
3298 624 3510 680 Petrus.

1908 718 2041 810 quid
2090 738 2285 802 daret,
2340 732 2632 789 confessus
2688 734 2818 793 est,
2873 723 2944 779 ab
2998 718 3149 777 omni
3186 733 3246 774 se
3275 727 3495 786 posses-

1908 807 2066 889 sione
2112 828 2234 885 auri
2285 834 2449 897 atque
2493 819 2705 894 argenti
2767 815 3092 876 abhorrere,
3159 809 3246 865 his
3278 807 3498 897 quidem

1907 921 2140 978 verbis:
2187 938 2206 971 ι
2264 894 2565 987 Argentum
2628 917 2685 967 et
2737 919 2933 963 aurum
2998 916 3109 957 non
3169 905 3285 957 est‘
3326 894 3496 987 mihi,

1914 971 2091 1083 ivi—9w
2115 971 2263 1082 quod
2308 971 2488 1062 aiitem
2532 1003 2730 1069 habeo,
2768 1001 2875 1055 hoc
2895 993 2994 1053 tibi
3024 996 3130 1060 do;
3178 971 3499 1083 innoi'nine

1907 1081 2263 1156 jesuChristi
2293 1110 2456 1165 surge
2485 1102 2539 1150 et
2563 1091 2781 1147 ambula
2796 1090 2864 1144 θ’.
2893 1106 2912 1139 ι
2930 1086 3068 1142 Cum
3088 1097 3217 1139 vero
3238 1081 3313 1135 illi
3347 1094 3379 1134 a
3399 1092 3500 1136 suo

1911 1192 2255 1263 Praeceptore
2279 1190 2460 1246 tristia
2493 1187 2683 1243 auditu
2724 1184 3091 1256 perciperent,
3140 1179 3184 1234 si
3221 1175 3387 1232 modo
3419 1181 3501 1229 at~

1911 1284 2208 1342 tendebant
2230 1299 2351 1356 qua:
2379 1283 2445 1337 ad
2483 1280 2634 1352 ipsos
2660 1278 2890 1341 diceret,
2914 1274 3002 1329 «In
3022 1272 3226 1328 mundo
3250 1269 3501 1324 afﬂictio-

1911 1389 2039 1430 nem
2069 1374 2360 1431 habebitis.
2380 1371 2492 1427 ›.Ει
2524 1378 2719 1425 rursus
2745 1364 3090 1436 :«Lngebitis
3119 1373 3174 1422 et
3211 1359 3503 1433 plorabitis

1911 1482 2033 1532 vos,
2065 1465 2303 1521 mundus
2330 1468 2514 1520 autem
2551 1459 2810 1534 gaudebit
2844 1477 2857 1512 :
2887 1458 2934 1489 ⁷⁸
2956 1475 2976 1508 ι
3013 1470 3196 1511 nonne
3237 1453 3305 1509 de
3334 1452 3504 1509 animi

1916 1560 2004 1617 sui
2047 1559 2296 1616 moribus
2318 1558 2480 1627 plane
2525 1553 2881 1611 indicabant?
2909 1542 3341 1622 quod'videlicet
3367 1545 3505 1602 soli-

1916 1650 2058 1708 diori
2081 1650 2317 1723 quadam
2338 1648 2627 1719 altiorique
2648 1651 2843 1701 natura
2863 1648 3202 1706 constarent,
3232 1655 3363 1697 cum
3380 1638 3505 1693 ani-

1917 1745 1995 1804 mi
2022 1745 2244 1802 labores
2289 1758 2403 1799 non
2438 1742 2715 1814 fugerent,
2742 1752 2921 1809 neque
2953 1737 3284 1807 voluptatem
3318 1748 3506 1806 perse-

222 1859 365 1913 λέων
398 1827 824 1929 φθάσουσιξκαὶ
856 1827 1116 1914 παντοίας
1155 1844 1488 1918 ὑπομενοῦσι
1521 1840 1816 1914 τιμωρίας,
1848 1829 1892 1886 Β
1917 1853 2090 1910 (ιιιεῐε

1925 1847 2238 1910 querentur,
2273 1835 2533 1908 quodque
2562 1836 2807 1907 ipsorum
2850 1833 3112 1904 magister
3134 1843 3245 1884 non
3268 1827 3507 1895 fraudu-

220 1952 294 2006 δι’
326 1950 484 2006 οὐδὲν
514 1949 612 2021 μὲν
646 1947 869 2018 φαῦλον,
904 1944 1025 1999 οὐδὲ
1052 1943 1118 1997 δι’
1153 1941 1347 2013 ἑτέραν
1379 1936 1599 2006 εὔλογον
1614 1933 1817 1998 αἰτίαν,

220 2043 362 2099 αὐτό
391 2043 451 2097 δὲ
480 2040 642 2095 τοῦτο
673 2039 793 2093 ὅλον
820 2038 909 2092 διὰ
934 2037 996 2090 τὸ
1024 2035 1196 2106 δνομα
1220 2030 1409 2087 αὐτοῦ.
1450 2031 1516 2083 Ὀ
1543 2027 1638 2081 καὶ
1673 2025 1818 2079 ἔστιν

222 2138 309 2201 είς
355 2133 520 2208 δεῦρο
562 2132 900 2207 θεωροῦντας
943 2125 1358 2200 ὲνεργούμενον,
1405 2119 1820 2189 καταπλαγῆναι

221 2230 326 2302 τὴν
351 2227 658 2299 πρόρρησιν
676 2240 691 2254 ·
726 2225 762 2295 ή
787 2222 896 2294 γὰρ
924 2219 1020 2275 τοῦ
1051 2215 1229 2288 Ἰησοῦ
1260 2215 1526 2286 ὀνόματος
1557 2209 1819 2283 ὁμολογία

219 2323 357 2385 τοὺς
382 2320 593 2391 θυμοὺς
655 2317 845 2370 εἴωθεν
892 2312 1137 2369 ἐκκαίειν
1181 2309 1293 2364 τῶν
1338 2305 1636 2380 ἀρχόντων.
1696 2302 1818 2356 Κάν

227 2415 425 2491 μηδενὶ
473 2412 584 2484 γάρ
620 2408 826 2481 φαῦλον
933 2402 1324 2476 πεπραγμένον
1355 2396 1435 2468 τῷ
1464 2397 1557 2450 τὸν
1582 2392 1818 2467 Χριστὸν

221 2485 583 2575 όμολογοῦντι
602 2539 618 2563 ,
668 2497 989 2563 κολάζουσιν
1026 2494 1231 2565 ὁμοίως
1271 2489 1606 2560 αἰκιζόμενοι
1637 2486 1727 2541 διὰ
1756 2485 1820 2540 τὸ

220 2597 401 2667 ὄνομα
426 2591 616 2658 αὐτοῦ,
643 2591 719 2655 ὡς
748 2591 963 2645 πάντων
990 2588 1204 2642 ἀνοσιου
1214 2583 1358 2657 ργῶν
1381 2580 1817 2654 χαλεπωτέρους

221 2690 273 2741 εἰ
307 2685 354 2740 δ’
379 2682 704 2755 ὲξομόσαιτό
733 2698 818 2744 τις
855 2680 953 2750 τὴν
987 2675 1385 2750 προσηγορίαν,
1424 2673 1519 2726 καὶ
1553 2669 1818 2741 ἀρνηθείη

224 2778 307 2849 μὴ
342 2772 484 2830 εἶναι
506 2773 619 2827 τῶν
640 2769 879 2843 Χριστοῦ
918 2766 1199 2839 μαθητῶν,
1229 2765 1452 2833 ἀφεῖται
1482 2758 1821 2833 παραχρῆμα

217 2866 538 2937 ἐλεύθερος,
576 2863 683 2917 κᾶν
719 2860 932 2932 μυρίοις
958 2857 1140 2929 ἔνοχος
1164 2855 1456 2926 ἁλίσκηται
1489 2850 1820 2923 πλημμελή-

224 2978 388 3034 μασι.

1915 1931 2063 1988 ιεηιε
2090 1946 2186 1987 eos
2220 1929 2563 1998 demulcens,
2591 1937 2688 1985 aut
2709 1945 2800 1987 res
2817 1943 2948 1988 suas
2968 1927 3051 1987 eis
3072 1932 3360 1982 ostentans
3396 1921 3507 1978 sibi

1918 2023 2024 2094 ipsi
2056 2021 2183 2078 illos
2218 2021 2565 2093 adiungeret,
2599 2020 2700 2078 sed
2728 2020 2968 2092 ingenua
2992 2032 3233 2089 veraque
3258 2015 3509 2070 oratione

1917 2131 2041 2188 qua:
2060 2122 2320 2172 eventura
2342 2122 2497 2171 erant
2514 2128 2742 2179 canens,
2771 2128 2886 2169 suae
2907 2111 3222 2183 reipublicae
3243 2109 3509 2168 rationem

1921 2216 2087 2279 atque
2110 2207 2475 2278 propositum,
2503 2207 2562 2261 in
2590 2206 2791 2263 animis
2811 2206 3030 2261 illorum
3052 2200 3336 2274 inﬁgeret?
3355 2200 3512 2257 Talia

1922 2303 2053 2357 item
2086 2308 2244 2356 erant
2272 2316 2395 2371 qua:
2434 2309 2657 2372 propter
2681 2314 2883 2356 nomen
2910 2313 3072 2355 suum
3101 2311 3364 2370 passuros
3383 2295 3512 2352 illos

1922 2390 2275 2460 praedicabat,
2313 2389 2655 2461 signiﬁcans,
2690 2391 2838 2461 quod
2876 2388 2945 2445 ad
2976 2387 3238 2460 praesides
3274 2384 3513 2442 ducendi

1923 2490 2130 2552 essent,
2181 2482 2330 2554 quod
2363 2492 2488 2539 ante
2531 2498 2695 2556 reges
2729 2480 2983 2542 sistendi.
3010 2479 3159 2551 quod
3201 2477 3383 2535 omnis
3418 2488 3515 2548 ge-

1926 2575 2077 2632 neris
2115 2587 2307 2644 pcenas
2344 2571 2606 2638 subituri,
2634 2586 2747 2629 non
2775 2571 2853 2626 ob
2879 2571 3052 2625 levem
3085 2582 3203 2624 rem
3247 2567 3512 2637 aliquam,

1921 2681 2101 2737 neque
2129 2666 2200 2722 ob
2243 2664 2411 2721 ullam
2436 2663 2776 2735 probabilem
2814 2676 3066 2726 causam,
3110 2659 3206 2717 sed
3244 2658 3300 2715 id
3334 2664 3514 2714 totum

1923 2766 2145 2830 propter
2164 2771 2335 2813 unum
2357 2770 2518 2814 suum
2542 2770 2762 2812 nomen.
2782 2754 2941 2821 Quod
2962 2753 3179 2810 interim
3197 2767 3320 2808 cum
3333 2751 3518 2821 reipsa

1923 2849 1996 2906 ad
2033 2850 2187 2907 hunc
2217 2865 2395 2922 usque
2434 2849 2581 2906 diem
2620 2848 2884 2920 compleri
2927 2860 3244 2910 cernamus,
3273 2856 3376 2899 cur
3404 2856 3518 2897 non

1922 2941 2155 3013 hujusce
2186 2949 2413 2999 eventus
2436 2940 2847 3013 praedictionem
2896 2933 3375 3008 obstupescimus?
3409 2948 3518 2989 una

221 3054 381 3110 enim
432 3050 711 3109 confessio
761 3047 1002 3105 nominis
1044 3046 1209 3112 Jesu,
1265 3043 1480 3098 animos
1527 3036 1816 3096 consuevit
1853 3037 2157 3094 accendere
2188 3037 2531 3109 principum.
2563 3035 2703 3092 Nam
2763 3037 2870 3092 etsi
2920 3035 3060 3091 nihil
3091 3030 3519 3105 reprehensione

223 3152 459 3221 dignum
485 3143 789 3207 admiserit,
819 3141 915 3213 qui
938 3139 1220 3195 Christum
1244 3135 1538 3192 confessus
1565 3141 1672 3202 est,
1697 3147 1823 3189 eum
1859 3138 2044 3186 tamen
2079 3130 2317 3202 puniunt
2344 3133 2646 3202 plectentes
2670 3128 2914 3185 nominis
2945 3127 3095 3183 illius
3158 3138 3349 3187 causa,
3395 3138 3519 3180 om—

224 3216 400 3296 nibus
435 3236 687 3294 scelestis
718 3234 988 3306 asperius.
1051 3231 1208 3298 Quod
1244 3231 1292 3286 si
1340 3229 1467 3300 quis
1525 3242 1651 3283 eam
1710 3224 2132 3298 appellationem
2169 3221 2541 3294 abjuraverit,
2584 3223 2977 3296 negaveritque
3027 3235 3091 3276 se
3133 3216 3344 3275 Christi
3390 3231 3518 3274 esse

227 3332 596 3403 discipulum,
637 3329 933 3385 dimittitur
984 3327 1134 3382 illico
1169 3339 1235 3381 ac
1278 3325 1566 3387 liberatur,
1600 3320 1818 3378 etiamsi
1850 3316 2346 3375 innumerabilibus
2376 3317 2616 3388 peccatis
2645 3316 2921 3373 obnoxius
2952 3321 3228 3370 teneatur.

304 3427 423 3481 Καὶ
446 3425 498 3479 τί
528 3441 595 3495 με
620 3423 727 3495 χρὴ
779 3422 947 3494 μυρία.
977 3420 1327 3488 συναγαγεῖν,
1349 3418 1411 3471 τὸ
1445 3415 1556 3470 τῶν
1601 3413 1830 3472 ἀποστό-
1857 3417 1900 3475 C.
2003 3408 2072 3464 Et

2003 3408 2072 3464 Et
2095 3410 2227 3481 quid
2265 3425 2354 3466 me
2384 3409 2687 3465 Salvatoris
2718 3407 2897 3464 nostri
2931 3404 3308 3477 apostolorum
3335 3412 3522 3458 mores

222 3519 346 3573 λων
373 3518 469 3571 τοῦ
498 3517 751 3587 Σωτῆρος
778 3514 934 3587 ἡμῶν
961 3512 1282 3584 διαγράφειν
1310 3508 1442 3583 ἦθος
1465 3507 1828 3582 πειρώμενον,

225 3612 551 3686 ἀρκούντων
604 3611 700 3664 καὶ
747 3607 857 3662 τῶν
911 3607 1219 3681 εἰρημένων
1260 3606 1340 3669 είς
1392 3602 1667 3668 ἀπόδειξιν
1733 3600 1829 3655 τοῦ

230 3700 646 3771 προκειμένοη
685 3691 769 3761 οἷς
800 3696 880 3750 ἔτι
913 3696 1087 3751 ταῦτα
1121 3692 1402 3767 προσθεὶς,
1432 3694 1526 3750 ἐπὶ
1557 3692 1618 3748 τὸ
1643 3691 1830 3764 ἕτερον

232 3795 429 3860 στῖφος
485 3789 594 3844 τῶν
661 3788 1011 3858 συκοφαντῶν
1075 3786 1475 3859 μεταϐήσομαι.
1550 3784 1831 3848 Ματθαῖος

228 3883 541 3947 ἀπόστολος
567 3882 659 3937 τὸν
687 3882 952 3954 πρότερον
984 3880 1100 3951 βίον
1126 3880 1227 3934 οὐκ
1255 3879 1364 3934 ἀπὸ
1392 3878 1599 3950 σεμνῆς
1625 3877 1831 3948 διατρι-

232 3978 344 4049 ϐῆς
367 3977 614 4049 ὡρμᾶτο,
643 3977 709 4029 ὲκ
729 3974 787 4028 δὲ
820 3973 929 4028 τῶν
954 3972 1097 4043 ἀμφὶ
1128 3970 1228 4035 τὰς
1254 3971 1512 4033 τελωνίας
1543 3970 1637 4024 καί⁸
1668 3968 1829 4023 πλεο-

234 4070 425 4137 νεξίας
460 4068 846 4140 σχολαζόντων.
880 4063 1052 4118 Τοῦτο
1081 4063 1258 4126 οὐδεὶς
1289 4060 1398 4118 τῶν
1427 4060 1830 4131 εὐαγγελιστῶν

166 4178 195 4214 .‘
234 4162 532 4233 ἐδήλωσεν,
554 4161 653 4228 οὐχ
675 4161 705 4212 ό
727 4157 1119 4220 συναπόστολος
1138 4154 1305 4209 αὐτοῦ
1330 4153 1603 4223 Ἰωάννης,
1623 4150 1745 4205 οὐδέ
1765 4167 1830 4219 γε

235 4253 483 4315 Λουκᾶς,
496 4250 619 4304 οὐδὲ
636 4249 879 4321 Μάρκος,
897 4251 926 4302 ὁ
960 4245 1016 4301 δὲ
1031 4246 1307 4311 Ματθαῖος
1329 4243 1420 4299 τὸν
1437 4242 1631 4299 ἑαυτοῦ
1650 4243 1832 4315 στηλι-

234 4343 420 4397 τεύων
451 4340 583 4411 βίον,
613 4341 708 4394 καί
736 4340 1039 4410 κατήγορος
1065 4337 1229 4402 αὐτὸς
1261 4335 1456 4390 ἑαυτοῦ
1486 4336 1826 4406 γιγνόμενος.

250 4434 591 4490 Ἑπὰκουσον
612 4431 742 4503 γοῦν
766 4432 914 4495 ὅπως
933 4430 1229 4503 διαρρήδην
1255 4430 1344 4483 ἐπ’
1366 4429 1630 4500 ὀνόματος
1653 4426 1826 4483 αὑτοῦ

241 4528 522 4605 μέμνηται
540 4528 597 4579 ἐν
610 4525 688 4597 τῷ
707 4524 844 4596 πρὸς
862 4524 1026 4578 αὐτοῦ
1052 4521 1318 4593 γραφέντι
1346 4520 1685 4592 Εὐαγγελίῴ,
1709 4518 1832 4573 τοῦ-

236 4638 334 4676 τον
349 4619 526 4688 λέγων
545 4617 638 4672 τδν
656 4618 877 4689 τρόπον’
907 4616 1047 4669 «Καὶ
1068 4614 1333 4687 παράγων
1357 4613 1565 4668 ἐκεῖθεν
1583 4614 1611 4666 ό
1628 4610 1831 4683 Ἰησοῦς

241 4710 389 4766 εἶδεν
412 4710 696 4784 ἄνθρωπον
716 4709 1025 4781 καθήμενον
1053 4707 1147 4761 ἐπὶ
1172 4708 1236 4761 τὸ
1257 4704 1532 4771 τελώνιον,
1549 4705 1828 4760 Ματθαῖον

241 4804 505 4876 ὀνόματι,
567 4804 661 4857 καὶ
731 4798 886 4857 εἶπεν
957 4800 1137 4873 αὐτῷ’
1195 4798 1504 4854 Ἀκολούθει
1552 4816 1673 4871 μοι·
1736 4798 1832 4852 καὶ
1861 4769 1907 4824 D

241 4896 486 4961 ἀναστάς
528 4894 893 4966 ἠκολούθησεν
921 4892 1090 4964 αύτῷ.
1126 4892 1236 4947 Καὶ
1268 4892 1507 4961 ἐγένετο,
1541 4890 1835 4962 ἀνακειμέ-

239 5009 341 5047 νου
381 4988 546 5043 αύτοῦ
582 4989 640 5041 ὲν
668 4991 736 5058 τῇ
777 4987 943 5056 οἰκίᾳ,
976 4985 1073 5040 καὶ
1109 4985 1217 5039 ίδοὺ
1254 4985 1438 5039 πολλοὶ
1475 4984 1706 5038 τελῶναι
1738 4983 1835 5037 καὶ

242 5080 566 5157 ἁμαρτωλοὶ
591 5078 966 5133 συνανέκειντο
989 5077 1068 5149 τῷ
1100 5076 1275 5148 Ἰησοῦ
1302 5077 1399 5131 καὶ
1421 5076 1534 5140 τοῖς
1567 5076 1834 5147 μαθηταῖς

244 5172 440 5229 αὐτοῦ.
475 5192 494 5226 ι
548 5173 660 5226 Καὶ
706 5170 868 5225 πάλιν
901 5168 1107 5241 προῖὼν
1144 5167 1290 5241 ἑξῆς,
1322 5168 1415 5221 τόν
1450 5184 1509 5220 τε
1540 5167 1841 5236 κατάλογον

238 5266 355 5322 τῶν
387 5263 648 5336 μαθητῶν
685 5260 1168 5333 ἐξαριθμούμενος,
1219 5260 1383 5323 αὐτὸς
1424 5257 1604 5329 ἐαυτῷ
1645 5258 1708 5311 τὸ
1743 5257 1839 5309 τοῦ

241 5358 480 5411 τελώνου
539 5356 712 5426 ὄνομα
764 5352 1142 5424 προστίθησιν.
1189 5351 1352 5420 Λέγει
1397 5351 1442 5405 δ’
1478 5349 1605 5405 οὖν·
1664 5370 1683 5403 ι
1714 5348 1838 5402 Τῶν

240 5449 299 5502 δὲ
330 5446 544 5503 δώδεκα
575 5444 890 5502 ἀποστόλων
917 5443 988 5498 τὰ
1011 5443 1255 5515 ὀνόματά
1283 5443 1400 5498 ἐστι
1427 5442 1601 5498 ταῦτα
1619 5459 1633 5472 ·
1681 5440 1835 5514 πρῶ-

240 5556 334 5603 τος
364 5539 551 5609 Σίμων
586 5541 616 5595 ὁ
640 5539 928 5611 λεγόμενος
954 5539 1182 5612 Πέτρος,
1208 5540 1302 5593 καὶ⁴
1341 5535 1594 5610 ’Δνδρέας
1624 5538 1654 5592 ό
1679 5535 1841 5591 ἀδελ-

246 5630 345 5699 ’τινὸς
380 5630 571 5695 αὑτοῦ,
614 5630 870 5695 Ἰάκωϐος
907 5633 938 5679 ὁ
974 5629 1070 5683 τοῦ
1099 5630 1409 5695 Ζεϐεδαίου,
1444 5631 1539 5683 καὶ
1583 5628 1838 5699 Ἰωάννης

318 5726 362 5756 ⁶⁹
381 5724 503 5780 Act.
538 5741 623 5788 ιιι,
656 5726 710 5780 6.

313 5818 389 5887 (Ι)
430 5820 658 5877 Αὑτοῦ.
691 5816 853 5879 Forte
885 5822 1063 5880 αὐτόν.
1102 5821 1259 5880 Enn.

855 5727 903 5757 "
929 5724 1066 5783 Luc.
1097 5743 1174 5792 vr,
1205 5726 1297 5782 25.
1374 5727 1418 5762 τί
1448 5725 1639 5786 Matth.
1676 5743 1751 5795 lx,
1779 5726 1871 5785 10.

1933 3500 2252 3557 describere
2285 3508 2604 3565 conantem,
2640 3500 2800 3570 plura
2841 3498 2898 3554 in
2930 3511 3104 3552 unum
3131 3507 3329 3566 cogere
3355 3506 3523 3564 opor-

1929 3602 2028 3663 tet,
2058 3609 2186 3650 cum
2225 3593 2293 3650 iis
2318 3609 2443 3665 quae
2477 3592 2631 3649 dicta
2655 3598 2809 3673 sunt,
2855 3589 3075 3646 abunde
3112 3571 3359 3642 contenti
3396 3600 3525 3640 esse

1931 3690 2230 3760 possimus,
2261 3687 2330 3743 ad
2358 3686 2412 3741 id
2441 3682 2934 3742 demonstrandum
2965 3681 3112 3754 quod
3152 3696 3183 3734 a
3213 3680 3375 3737 nobis
3402 3693 3524 3748 pro-

1931 3783 2172 3853 positum
2194 3780 2313 3837 est?
2332 3778 2548 3846 Quibus
2575 3794 2707 3835 cum
2727 3791 2905 3851 pauca
2935 3791 3060 3848 qua:
3089 3780 3399 3845 sequuntur
3424 3771 3524 3827 ad-

1929 3876 2143 3939 didero,
2172 3875 2241 3929 ad
2277 3874 2425 3929 aliud
2464 3871 2922 3928 calumniantium
2966 3884 3142 3942 genus
3179 3882 3268 3924 me
3293 3879 3525 3923 conver-

1930 3976 2065 4021 tam.
2112 3965 2401 4023 Mattha-us
2442 3965 2725 4036 apostolus
2767 3964 2896 4021 vita:
2934 3977 3133 4035 genus,
3176 3959 3326 4033 quod
3366 3958 3524 4030 prius

1932 4066 2177 4116 sectatus
2210 4067 2318 4126 est,
2352 4060 2509 4115 nullo
2548 4058 2803 4131 graviore
2845 4055 3034 4114 studio
3077 4063 3174 4111 aut
3224 4058 3527 4110 consuetu-

1930 4155 2058 4210 dine
2112 4154 2378 4210 relertum
2425 4153 2528 4210 sibi
2573 4152 2799 4222 delegit,
2848 4150 2944 4208 sed
2985 4150 3133 4205 inter
3173 4147 3523 4220 publicanos,

1929 4256 1985 4304 et
2005 4263 2103 4305 eos
2133 4248 2228 4319 qui
2267 4248 2517 4319 pecuniae
2553 4244 2880 4319 colligendae
2926 4249 3211 4300 vacarent.
3249 4239 3367 4296 Hoc
3400 4241 3528 4313 qui-

1929 4341 2055 4399 dem
2081 4341 2267 4397 nullus
2286 4339 2748 4412 evangelistarum
2778 4337 3063 4401 indicavit,
3088 4349 3199 4390 non
3228 4339 3525 4404 coaposto-

1932 4435 2019 4490 lus
2055 4436 2178 4506 ejus
2204 4433 2468 4497 Joannes,
2498 4447 2610 4489 non
2640 4430 2843 4497 Lucas,
2862 4444 2978 4486 non
3006 4428 3247 4494 Marcus,
3287 4424 3387 4482 sed
3407 4425 3531 4497 ipse

1932 4526 2222 4582 Matthaeus
2257 4539 2413 4581 suam
2444 4524 2624 4595 ipsius
2649 4523 2817 4578 vitam
2849 4535 2962 4576 non
2994 4518 3375 4582 dissimulans,
3405 4516 3528 4587 pla-

1931 4635 2110 4691 neque
2144 4620 2263 4690 ipse
2293 4619 2535 4688 seipsum
2559 4631 2853 4674 accusans.
2883 4614 3029 4671 Audi
3054 4613 3224 4686 igitur
3251 4611 3528 4686 quomodo

1932 4713 2110 4783 palam
2134 4711 2218 4766 sui
2252 4710 2494 4764 nominis
2540 4709 2814 4773 meminit,
2841 4707 2897 4763 in
2927 4720 3016 4772 eo,
3053 4705 3201 4776 quod
3230 4704 3349 4775 ipse
3389 4704 3529 4758 scri-

1938 4805 2047 4877 psit
2087 4802 2405 4874 Evangelio,
2433 4808 2493 4857 et
2539 4814 2726 4856 mores
2780 4799 3037 4870 proprios
3092 4794 3347 4852 notavit;
3396 4814 3416 4844 ι
3461 4791 3529 4848 Et

1940 4895 2255 4968 praeteriens
2285 4892 2437 4949 illinc
2453 4891 2637 4959 Iesus,
2668 4890 2806 4947 vidit
2830 4891 2990 4962 120
3012 4890 3291 4946 hominem
3325 4888 3527 4945 seden-

1936 4998 2050 5043 tem
2082 4988 2140 5044 in
2175 4986 2401 5052 telonio,
2424 4982 2738 5040 Matthaaum
2785 4983 3030 5048 nomine,
3060 4990 3116 5039 et
3153 4981 3295 5039 dixit
3318 4981 3404 5038 ei:
3429 4979 3531 5036 Se-

1941 5094 2111 5149 qucre
2143 5093 2253 5143 me,
2293 5086 2348 5133 et
2387 5090 2621 5147 surgens
2656 5084 2880 5130 secutus
2916 5082 3004 5129 εει
3034 5088 3185 5139 eum,
3230 5079 3288 5128 ει
3320 5071 3527 5127 [εειιιιιι

1939 5180 2045 5237 est,
2077 5171 2462 5228 discumbentc
2489 5169 2584 5224 illo
2616 5168 2672 5222 in
2704 5168 2890 5234 domo,
2913 5179 3046 5223 ecce
3066 5167 3224 5221 multi
3245 5165 3529 5237 publicani

1940 5272 1994 5319 et
2042 5272 2363 5334 peccatores
2408 5263 2574 5319 simul
2621 5259 3047 5318 discumbebant
3101 5272 3227 5316 cum
3264 5255 3431 5324 Jesu,
3474 5266 3532 5313 et

1939 5357 2227 5427 discipulis
2274 5355 2479 5426 ejus“.
2507 5373 2527 5408 ι
2561 5353 2829 5424 Deinceps
2877 5365 3134 5409 sermone
3175 5364 3526 5421 progressus.

1939 5458 2004 5505 ac
2033 5450 2431 5522 discipulorum
2471 5450 2700 5507 nomina
2728 5461 3084 5511 enumerans,
3119 5446 3239 5517 ipse
3272 5443 3380 5501 sibi
3420 5443 3530 5515 ipsi

1940 5542 2217 5612 publicani
2245 5557 2444 5599 nomen
2472 5541 2742 5613 adjungit,
2772 5541 2907 5598 dicit
2923 5540 3133 5612 igitur:
3171 5558 3192 5594 ι
3229 5537 3532 5595 Duodecim
3567 5583 3572 5586 .

1939 5648 2069 5692 vero
2101 5633 2475 5705 apostolorum
2498 5630 2725 5693 nomina
2753 5640 2882 5693 sunt
2912 5631 3048 5701 lucc,
3070 5630 3282 5703 primus
3314 5627 3528 5693 Simon,
