3828 6216
355 315 464 373 £15

1028 321 1298 377 EUSEBII
1334 320 1814 379 CAESARIENSIS
1845 321 1996 379 OPP.
2036 323 2216 379 PARS
2247 323 2311 380 ll.
2339 355 2409 366 —
2440 323 2940 384 APOLOGETICA.

3507 329 3624 385 2l6.

353 437 449 507 qui
485 437 686 493 dicitur
716 437 936 503 Petrus,
971 447 1027 494 et
1050 439 1299 497 Andreas
1330 439 1500 496 frater
1532 440 1669 510 ejus,
1700 440 1913 495 Jacobu:

2036 441 2065 492 6
2085 440 2309 510 ἀδελφὸς
2335 440 2524 504 αὐτοῦ,
2551 441 2814 506 Φίλιππος
2836 443 2929 496 καὶ
2957 443 3379 516 Βαρθολομαῖος,
3409 443 3611 515 Θωμᾶς

353 525 628 594 Zebedaei,
651 539 706 585 et
740 529 978 588 Joannes
1016 532 1186 588 frater
1223 535 1364 601 ejus,
1404 532 1690 605 Philippus
1720 543 1773 589 et
1807 534 1934 587 Bar-

352 621 704 688 tholomaaus,
753 621 992 680 Thomas
1036 633 1091 680 et
1131 625 1416 680 Matthaeus
1452 626 1776 697 publicanus
1800 627 1866 679 ⁷³.
1907 645 1926 678 ι

361 711 548 782 Itaque
573 713 856 770 Malthmus
883 715 1217 771 abundantia
1239 717 1472 787 quadam
1497 717 1792 783 modestiae,
1822 725 1933 773 stu-

358 805 511 859 dium
551 822 660 877 pra:
687 823 746 862 se
776 807 956 865 ferens
982 810 1228 866 veritatis
1262 812 1317 864 in
1348 811 1467 865 suis
1497 797 1741 866 moribus
1776 810 1919 864 indi-

355 897 570 962 candis,
614 899 967 969 publicanum
1008 917 1067 957 se
1109 903 1421 973 appellavit,
1459 919 1638 974 neque
1691 904 1928 974 priorem

357 1003 515 1043 suam
543 991 709 1046 vitam
739 995 1019 1050 occultare
1058 997 1246 1050 voluit.
1279 996 1345 1049 Et
1379 997 1620 1051 secundo
1658 997 1779 1050 loco
1807 1004 1929 1065 post

355 1081 618 1151 aequalem
639 1099 798 1138 suum
830 1100 888 1139 se
916 1087 1235 1140 nominavit.
1265 1086 1401 1142 Cum
1420 1088 1564 1143 enim
1593 1089 1790 1154 singuli
1814 1089 1929 1144 sin-

356 1174 502 1243 gulis
555 1187 962 1245 comparantur,
992 1179 1109 1247 ipse
1143 1176 1430 1235 Matthaeus
1460 1178 1702 1246 Thomae,
1731 1180 1928 1237 Petrus

352 1265 606 1331 Andreae,
645 1267 882 1324 Jacobus
915 1268 1132 1335 Joanni,
1175 1270 1459 1342 Philippus
1506 1272 1925 1340 Bartholomzeo,

354 1356 622 1414 Thomam
669 1361 770 1416 sibi
811 1362 913 1430 ipsi
968 1364 1256 1433 praeponit,
1306 1365 1542 1434 priorem
1585 1366 1664 1420 illi
1711 1366 1925 1434 locum,

353 1453 603 1521 quamvis
626 1456 964 1524 coappstolo,
995 1463 1254 1525 tanquam
1291 1457 1630 1513 honoratiori
1659 1459 1925 1528 tribuens,

352 1542 569 1596 tametsi
624 1543 821 1612 reliqui
890 1547 1239 1615 evangelista).
1293 1548 1633 1601 contrarium
1693 1547 1924 1606 faciunt.

349 1631 492 1687 Audi
526 1635 708 1705 itaque
726 1635 953 1699 Lucam,
989 1647 1049 1691 ut
1073 1637 1307 1691 Matthaai
1334 1639 1664 1694 mentionem
1695 1639 1923 1705 faciens,

352 1737 461 1775 non
515 1725 869 1793 publicanum
913 1725 1065 1791 dicit,
1109 1741 1286 1795 neque
1332 1735 1457 1797 post
1496 1726 1760 1783 Thomam
1812 1730 1927 1784 col-

2032 543 2126 588 και
2154 535 2431 598 Ματθαῖος
2453 536 2483 587 6
2511 534 2768 608 τελώνης.
2790 554 2808 588 ι
2827 537 3012 601 υὺτως
3043 537 3142 608 μὲν
3172 540 3201 591 6
3227 539 3520 604 Ματθαίος,
3543 540 3609 593 δι’

2032 627 2336 699 ὑπερϐολὴν
2381 630 2683 693 ἐπιεικείας
2731 630 2793 684 τὸ
2823 631 3115 702 φιλάληθες
3151 632 3463 702 ὑποφαίνων
3513 632 3610 686 τοῦ

2035 717 2166 770 ἰδίου
2215 718 2456 790 τρόπου,
2518 720 2614 772 καὶ⁸
2659 721 2898 792 τελώνην
2951 722 3138 776 ἑαυτὸν
3193 722 3488 787 ἀπεκάλει,
3535 723 3612 794 μὴ

2032 808 2398 879 ἀποκρύπτων
2453 810 2544 864 τὸν
2595 814 2862 884 πρότερον
2918 814 3113 867 ἐαυτοῦ
3165 813 3277 883 βίον
3302 855 3317 880 ,
3374 815 3466 867 καὶ
3515 814 3609 868 τοῦ

2033 898 2268 969 συζύγου
2312 901 2564 974 δεύτερον
2606 905 2800 958 ἑαυτὸν
2831 905 3143 973 κατέλεγεν.
3176 906 3612 976 Συνεζευγμένος

2030 991 2160 1059 γοῦν
2200 992 2276 1062 τῷ
2302 993 2492 1065 Θωμᾷ,
2528 997 2557 1047 6
2590 995 2794 1066 Πέτρος
2833 996 3076 1067 Ἀνδρέα,
3109 997 3204 1050 καὶ
3249 996 3501 1059 Ἰάκωϐος
3530 996 3610 1066 τῷ

2043 1080 2295 1152 Ἰωάννῃ,
2349 1083 2441 1152 καὶ
2493 1081 2756 1147 Φίλιππος
2824 1084 3244 1156 Βαρθολομαίῳ,
3317 1085 3610 1156 προτάττει

2030 1171 2224 1224 ἐαυτοῦ
2256 1172 2347 1225 τὸν
2378 1173 2598 1243 Θωμᾶν,
2629 1174 2907 1246 προτιμῶν
2947 1175 3023 1238 ὡς
3049 1177 3334 1247 κρείττονα
3359 1177 3451 1228 τὸν
3483 1193 3609 1228 συν-

2029 1263 2362 1328 απόστολον,
2408 1265 2518 1321 τῶν
2565 1265 2766 1319 λοιπῶν
2834 1266 3233 1336 εὐαγγελιστῶν
3301 1268 3609 1322 τούναντίον

2030 1355 2426 1425 πεποιηκότων.
2453 1357 2648 1410 Ἀκουε
2677 1358 2806 1426 γοῦν
2828 1360 3030 1421 Λουκᾶ,
3057 1357 3192 1420 πῶς,
3216 1357 3308 1411 τοῦ
3327 1357 3609 1410 Ματθαίου

2031 1446 2430 1516 μνημονεύσας,
2483 1450 2542 1501 οὐ
2573 1450 2808 1521 τελώνην
2853 1448 3130 1522 ὀνομάζει,
3174 1450 3280 1503 οὐδ’
3319 1451 3610 1504 ὑποτάττει

2027 1535 2105 1606 τῷ
2134 1538 2302 1608 Θωμᾷ
2322 1577 2336 1602 ,
2369 1539 2653 1610 κρείττονα
2695 1541 2752 1595 δὲ
2788 1540 2950 1595 αὑτὸν
2989 1539 3164 1604 εἰδὼς,
3194 1540 3410 1612 πρῶτον
3443 1539 3608 1594 αὐτὸν

2028 1627 2334 1694 κατέλεξεν,
2380 1631 2632 1704 δεύτερον
2676 1632 2768 1684 τὸν
2808 1632 3009 1702 Θωμᾶν
3059 1630 3378 1701 ἐπαγαγὼν,
3410 1619 3610 1703 ὥσπερ

2027 1719 2123 1772 καὶ
2163 1722 2193 1772 6
2217 1721 2442 1792 Μάρκος
2480 1723 2778 1794 πεποίηκεν
2798 1741 2811 1754 ·
2853 1723 3033 1793 ἔχουσι
3065 1723 3122 1776 δὲ
3149 1723 3312 1776 αὐτοῦ
3343 1725 3400 1778 αί
3431 1723 3609 1791 λέξεις

349 1811 514 1878 locat,
543 1815 639 1871 sed
662 1817 1094 1886 praestantiorem
1121 1818 1271 1872 illum
1299 1833 1657 1888 cognoscens,
1690 1821 1913 1890 priorem

2027 1811 2232 1876 οὕτως’
2297 1832 2316 1866 ι
2344 1813 2454 1868 Καὶ
2497 1814 2586 1866 ὅτε
2646 1814 2827 1886 ἡμέρα
2873 1813 3122 1883 ἐγένετο,
3178 1811 3425 1886 ἐφώνησε
3475 1815 3610 1877 τοὺς

347 1924 568 1978 quoque
596 1911 864 1973 nominat,
894 1909 1158 1965 Thomam
1181 1911 1257 1965 illi
1284 1912 1528 1967 secundo
1557 1913 1679 1969 loco
1702 1915 1924 1984 subjun-

347 1991 504 2069 gens,
532 2003 677 2072 quod
723 2004 902 2074 ipsum
946 2003 1161 2060 Marcus
1201 2021 1418 2076 quoque
1458 2011 1716 2064 servavit.
1745 2009 1924 2065 Verba

346 2097 516 2164 igitur
565 2096 713 2151 illius
759 2097 839 2150 sic
883 2111 942 2150 se
979 2096 1228 2152 habent:
1261 2117 1280 2149 ‹
1322 2097 1387 2153 Et
1423 2114 1548 2154 cum
1588 2100 1707 2156 dies
1747 2101 1924 2158 factus

344 2197 514 2249 esset,
551 2191 766 2243 vocavit
813 2190 1116 2260 discipulos
1149 2207 1301 2257 suos,
1348 2201 1402 2249 et
1430 2195 1592 2266 elegit
1632 2197 1922 2254 duodecim

343 2294 412 2332 ex
452 2278 555 2342 eis,
604 2293 744 2348 quos
783 2286 838 2331 et
883 2279 1160 2348 apostolos
1211 2282 1516 2336 nominavit
1558 2302 1570 2337 :
1621 2283 1921 2349 Simonem,

343 2384 506 2438 quem
557 2373 721 2424 etiam
766 2368 988 2424 Petrum
1029 2373 1267 2435 vocavit,
1302 2381 1355 2429 et
1387 2374 1660 2431 Andream
1697 2375 1922 2431 fratrem

345 2459 496 2529 ejus,
522 2456 784 2513 Jacobum
817 2468 868 2514 et
899 2458 1187 2526 Joannem,
1208 2461 1522 2534 Philippum
1554 2473 1609 2520 et
1637 2465 1923 2520 Bartholo-

341 2567 566 2617 rnatum,
600 2551 908 2606 Matthzeum
944 2559 1000 2606 et
1031 2551 1294 2608 Thomam
1318 2555 1384 2610 ⁷³.
1427 2575 1445 2608 ι
1484 2555 1576 2611 Sic
1606 2557 1919 2612 Matthaaum

341 2641 523 2698 Lucas
561 2645 861 2713 anteponit,
903 2644 1357 2713 quemadmodum
1404 2648 1512 2718 ipsi
1558 2649 1918 2714 tradiderant,

340 2736 436 2804 qui
463 2735 531 2790 ab
564 2735 719 2791 initio
752 2736 856 2806 ipsi
890 2736 1160 2801 viderant,
1197 2747 1250 2794 et
1282 2739 1518 2794 ministri
1551 2740 1768 2796 fuerant
1801 2757 1919 2797 ser-

339 2826 541 2884 monis.
578 2825 841 2883 Joannem
869 2847 1088 2902 quoqne
1110 2832 1341 2887 similem
1372 2831 1625 2901 Matthzeo
1654 2834 1917 2891 invenies.

340 2915 478 2970 Nam
502 2917 557 2972 in
587 2919 704 2973 suis
740 2920 990 2988 epistolis
1023 2937 1090 2976 ne
1131 2921 1380 2977 meminit
1413 2921 1632 2991 quidem
1664 2937 1776 2978 suae
1819 2939 1918 2992 ap-

342 3010 678 3080 pellationis,
703 3019 796 3065 aut
821 3013 1092 3068 seniorem
1118 3029 1177 3069 se
1207 3014 1474 3078 nominat,
1497 3028 1768 3083 nusquam
1791 3030 1920 3070 vero

344 3103 650 3171 apostolum
691 3111 786 3157 aut
814 3105 1226 3174 evangelistam.
1269 3103 1329 3158 In
1372 3105 1666 3174 Evangelio
1710 3112 1912 3172 autem,

2033 1904 2278 1976 μαθητὰς
2315 1904 2514 1969 αὐτοῦ,
2547 1906 2640 1958 καὶ
2675 1903 3030 1976 ἐκλεξάμενος
3065 1905 3124 1970 ἐξ
3161 1905 3338 1958 αὐτῶν
3373 1904 3609 1969 δώδεκα,

2027 1996 2122 2060 οὒς
2159 1999 2254 2050 καὶ
2290 1997 2620 2060 ἀποστόλους
2655 1997 2958 2068 ὠνόμασεν,
2990 1996 3229 2067 Σίμωνα,
3257 1996 3316 2050 ὃν
3351 1997 3444 2048 καί⁵
3473 1996 3610 2048 ἐκά-

2027 2086 2148 2140 λεσε
2172 2088 2397 2159 Πέτρον,
2443 2088 2538 2141 καὶ
2576 2087 2829 2158 ’Λνδρέαν
2865 2087 2957 2140 τὸν
2998 2087 3223 2157 ἀδελφὸν
3269 2087 3456 2151 αὑτοῦ,
3500 2088 3607 2142 Ἰά-

2026 2177 2202 2231 κωϐον
2229 2181 2321 2232 καὶ
2343 2178 2619 2250 Ἰωάννην,
2638 2179 2732 2231 καὶ
2753 2177 3040 2241 Φίλιππον,
3060 2179 3153 2231 καὶ
3177 2177 3604 2248 Βαρθολομαῖον,

2027 2271 2122 2324 καὶ
2156 2271 2454 2334 Ματθαῖον,
2500 2274 2595 2326 καὶ
2639 2270 2862 2341 Θωμᾶν.
2891 2290 2908 2322 ι
2944 2270 3130 2333 Οὕτως
3180 2270 3277 2340 μὲν
3319 2269 3409 2322 τὸν
3441 2270 3603 2322 Ματ-

2025 2362 2174 2415 θαῖον
2217 2363 2245 2414 6
2274 2364 2484 2425 Λουκᾶς
2531 2361 2790 2433 ἐτίμησε,
2838 2361 2959 2415 καθ’
3009 2359 3046 2414 ἃ
3092 2361 3414 2432 παρέδωκαν
3452 2359 3608 2430 αὑτῷ

2022 2455 2072 2510 oi
2107 2456 2360 2526 ἀπαρχῆς
2401 2455 2663 2507 αὐτόπται
2716 2455 2810 2507 καὶ
2854 2453 3126 2525 ὑπηρέται
3175 2454 3458 2524 γενόμενοι
3501 2451 3606 2506 τοῦ

2023 2545 2200 2615 λόγου.
2251 2547 2361 2598 Καὶ
2400 2545 2488 2598 τὸν
2538 2546 2790 2616 Ἰωάννην
2845 2545 2902 2597 δὲ
2953 2545 3136 2614 ὅμοιον
3192 2543 3372 2616 εὕροις
3419 2543 3485 2597 ἂν
3520 2544 3608 2614 τῷ

2021 2637 2302 2708 Ματθαίῳ.
2359 2637 2445 2690 Ἐν
2481 2637 2578 2707 μὲν
2614 2637 2723 2705 γὰρ
2767 2639 2888 2700 ταῖς
2930 2637 3241 2699 ἐπιστολαῖς
3281 2634 3446 2688 αὐτοῦ
3479 2635 3609 2687 οὐδὲ

2025 2729 2243 2798 μνήμην
2271 2727 2367 2797 τῆς
2393 2728 2596 2792 οἰκείας
2623 2727 2991 2799 προσηγορίας
3017 2730 3267 2792 ποιεῖται,
3299 2727 3331 2797 ἧ
3363 2726 3610 2798 πρεσϐύ-

2019 2835 2177 2888 τερον
2220 2819 2407 2871 ἐαυτὸν
2453 2817 2726 2890 ὀνομάζει,
2767 2819 3002 2890 οὐδαμοῦ
3041 2819 3098 2872 δὲ
3130 2818 3448 2882 ἀπόστολον,
3477 2817 3607 2873 οὐδὲ

2019 2909 2409 2982 εὐαγγελιστήν
2428 2928 2441 2940 ’
2477 2912 2534 2964 ἐν
2563 2910 2618 2962 δὲ
2647 2909 2724 2980 τῷ
2752 2909 3071 2980 Εὐαγγελίῳ
3118 2908 3607 2979 ἐπισημηνάμενος

2018 3002 2078 3055 ὃν
2104 3003 2292 3072 ἠγάπα
2323 3003 2609 3074 όἸησοῦς,
2643 3005 2743 3057 οὐκ
2785 3004 3053 3075 ἐδήλωσεν
3089 3003 3351 3074 ὀνομαστὶ
3381 3004 3600 3059 ἑαυτόν.

2023 3091 2091 3144 ’Ὀ
2121 3109 2185 3160 γε
2212 3091 2318 3163 μὴν
2342 3092 2546 3163 Πέτρος
2579 3093 2702 3146 οὑδὲ
2731 3092 2970 3164 καθῆκεν
3005 3093 3098 3145 ἐπὶ
3135 3093 3234 3164 τὴν
3260 3093 3606 3161 Εὐαγγελίον

340 3209 464 3248 cum
489 3193 853 3264 significasset
875 3172 1028 3250 illum
1055 3212 1214 3266 quem
1241 3172 1692 3267 diligebatJ'esus,
1716 3213 1912 3253 nomen

2019 3185 2232 3256 γραφὴν
2253 3184 2320 3238 δι’
2338 3185 2619 3249 εὐλαϐείας
2644 3186 2969 3258 ὑπερϐολήν.
2997 3187 3198 3239 Τούτου
3220 3188 3446 3256 Μάρκος
3466 3186 3606 3254 γνώ-

339 3301 500 3341 suum
536 3301 647 3341 non
694 3287 902 3356 posuit.
940 3287 1135 3344 Petrus
1181 3303 1312 3344 vero
1358 3304 1424 3344 ex
1468 3289 1638 3342 nimia
1678 3287 1915 3360 quadam

339 3379 670 3443 reverentia,
705 3396 772 3434 ne
802 3381 1024 3452 dignum
1048 3381 1264 3450 quidem
1301 3396 1360 3435 se
1398 3382 1697 3452 scriptione
1737 3381 1914 3437 Evan-

338 3472 466 3544 gelii
509 3473 866 3529 existimavit.
909 3474 1013 3529 Sed
1053 3473 1176 3543 ejus
1222 3473 1510 3530 familiaris
1553 3489 1618 3529 ac
1669 3474 1913 3545 discipu-

336 3562 425 3619 lus
465 3562 704 3631 Marcus,
754 3565 810 3618 in
862 3564 1315 3637 commentarium
1363 3565 1620 3621 retulisse
1667 3564 1910 3634 ejusdem

335 3653 406 3708 de
461 3656 630 3712 rebus
689 3656 860 3726 gestis
916 3654 1082 3720 Jesu,
1141 3654 1485 3710 narrationes
1557 3667 1906 3712 memoratur.

337 3747 494 3816 121
515 3745 618 3812 Qui
655 3761 779 3801 cum
803 3747 871 3803 ad
893 3748 1044 3801 illum
1069 3745 1309 3801 historiae
1334 3746 1510 3799 locum
1530 3746 1790 3810 venisset,
1815 3747 1908 3802 ubi

333 3835 493 3892 Jesus
540 3837 912 3906 interrogavit,
945 3853 1104 3907 quem
1131 3853 1190 3892 se
1217 3852 1338 3892 esse
1365 3837 1612 3892 homines
1643 3835 1906 3900 dicerent,

331 3929 546 3998 ipsique
583 3929 668 3985 sui
706 3928 960 3998 discipuli
995 3943 1157 3998 quam
1189 3927 1257 3983 de
1299 3943 1359 3983 se
1395 3927 1706 3997 Opinionem
1739 3927 1909 3982 habe-

329 4027 478 4086 rent,
513 4019 1000 4090 subjunxissetque
1027 4019 1242 4084 Petrus,
1275 4028 1534 4090 tanquam
1569 4022 1636 4075 de
1663 4019 1905 4088 Christo,

329 4110 469 4167 nihil
497 4111 575 4164 illi
604 4110 1025 4180 resioondentem
1058 4110 1243 4167 Jesum
1283 4120 1377 4165 aut
1401 4113 1670 4168 dicentem
1697 4113 1908 4168 descri-

329 4198 428 4268 ῃι,
457 4201 552 4256 sed
593 4202 703 4256 illis
734 4201 1158 4256 comminantem
1201 4202 1486 4268 duntaxat,
1522 4213 1580 4258 ut
1602 4206 1807 4260 nemini
1837 4205 1905 4260 de

326 4307 449 4362 .pso
483 4293 688 4348 dicant.
720 4292 840 4348 Non
870 4293 1017 4348 enim
1047 4292 1296 4348 interfuit
1328 4292 1544 4348 Marcus
1585 4295 1654 4350 iis
1700 4311 1821 4366 qua-
1872 4311 1903 4349 a

309 4386 550 4440 'Christo
578 4385 722 4440 dicta
771 4395 899 4440 sunt
929 4403 944 4440 :
989 4401 1054 4440 ac
1079 4400 1150 4440 ne
1180 4385 1374 4441 Petrus
1403 4386 1644 4456 quidem,
1680 4402 1801 4457 quae
1833 4381 1901 4442 ad

330 4477 511 4545 ipsum
546 4489 610 4529 ac
638 4474 708 4530 de
733 4475 853 4545 ipso
885 4475 1029 4530 dicta
1063 4483 1191 4530 sunt
1217 4476 1286 4530 ab
1314 4473 1465 4538 Jesu,
1495 4479 1715 4547 proprio
1747 4478 1902 4533 testi-

2016 3294 2174 3350 ριμος
2195 3278 2288 3350 καὶ
2321 3279 2579 3349 φοιτητὴς
2607 3278 2844 3346 γεγονὼς
2866 3279 3343 3350 ἀπομνημονεῦσαι
3377 3279 3608 3347 λέγεται

2013 3345 2111 3434 τὰς
2129 3345 2222 3423 τοῦ
2237 3345 2441 3442 Πέτρου
2464 3345 2592 3440 περὶ
2611 3345 2718 3424 τῶν
2739 3345 2987 3440 πράξεων
3005 3345 3099 3424 τοῦ
3117 3369 3290 3442 Ἰησοῦ
3311 3345 3602 3437 διαλέξεις,

2010 3463 2068 3527 ὃς
2110 3463 2278 3516 ἐλθὼν
2313 3465 2398 3515 ἐπ’
2432 3466 2614 3516 ἐκεῖνα
2646 3463 2745 3533 τῆς
2786 3464 3044 3534 ἱστορίας,
3083 3467 3140 3517 ἐν
3185 3458 3268 3528 οἷς
3303 3466 3333 3517 6
3381 3462 3598 3534 Ἰησοῦς

2010 3557 2312 3627 ἐρωτήσας,
2344 3553 2465 3609 τίνα
2495 3554 2658 3624 φασὶν
2687 3554 2847 3608 αὑτὸν
2879 3557 2928 3607 οἱ
2969 3555 3267 3627 ἄνθρωποι,
3301 3555 3397 3607 καὶ
3439 3554 3603 3608 αὐτοὶ

2008 3649 2065 3701 δὲ
2094 3649 2145 3700 oi.
2178 3646 2342 3700 αὐτοῦ
2387 3647 2646 3717 μαθηταὶ,
2689 3647 2809 3700 τίνα
2837 3646 2991 3712 δόξαν
3020 3648 3194 3718 ἔχοιεν
3232 3648 3360 3719 περὶ
3403 3646 3601 3712 αὐτοῦ,

2010 3741 2419 3803 ὑπακούσαντος
2460 3739 2555 3793 τοῦ
2602 3740 2831 3812 Πέτρου,
2865 3740 2940 3804 ὡς
2983 3742 3110 3811 περὶ
3151 3739 3412 3812 Χριστοῦ,
3440 3739 3599 3794 οὐδὲν

2008 3835 2441 3906 ἀποκρινάμενον
2481 3835 2571 3888 τὸν
2606 3834 2810 3905 Ἰησοῦν
2841 3833 2961 3887 οὐδέ
3000 3818 3227 3901 λέγοντα
3271 3831 3419 3902 αὑτῷ
3456 3832 3600 3902 γρά-

2009 3945 2118 3996 φει,
2145 3926 2257 3979 ἀλλ’
2283 3927 2363 3979 ὅτι
2408 3925 2737 3996 ἐπετίμησεν
2781 3926 2984 3989 αὐτοῖς,
3030 3925 3119 3978 ἵνα
3156 3923 3348 3998 μηδενὶ
3389 3925 3598 3993 λέγωσι

2008 4022 2134 4091 περὶ
2172 4019 2355 4073 αὐτοῦ.
2391 4019 2465 4071 Οὐ
2508 4017 2616 4089 γὰρ
2655 4018 2838 4088 παρῆν
2865 4019 2894 4070 ὁ
2933 4016 3158 4088 Μάρκος
3187 4018 3299 4079 τοῖς
3331 4016 3436 4069 ὑπὸ
3491 4016 3596 4070 τοῦ

2020 4111 2190 4183 Ἰησοῦ
2225 4111 2512 4180 λεχθεῖσιν,
2557 4109 2671 4164 ἀλλ’
2716 4109 2838 4162 οὐδὲ
2888 4108 3093 4178 Πέτρος
3128 4106 3199 4160 τά
3237 4106 3373 4177 πρὸς
3424 4105 3597 4160 αὐτὸν

1997 4205 2100 4262 ,καὶ
2143 4204 2272 4274 περὶ
2311 4203 2474 4256 αὐτοῦ
2519 4201 2777 4272 λεχθέντα
2805 4200 2882 4271 τῷ
2927 4200 3099 4270 Ἰησοῦ
3136 4199 3373 4253 ἐδικαίου
3415 4198 3482 4251 δι’
3510 4199 3594 4252 oi-

2006 4295 2158 4360 κείας
2191 4295 2485 4366 προφέρειν
2517 4293 2840 4366 μαρτυρίας.
2874 4293 3007 4345 Τίνα
3033 4291 3090 4344 δέ
3117 4287 3184 4362 ἦν
3207 4291 3278 4344 τά
3311 4291 3448 4362 πρὸς
3489 4291 3596 4344 αύ-

2003 4389 2092 4442 τὸν
2129 4388 2404 4458 λεχθέντα,
2441 4387 2712 4448 Ματθαῖος
2749 4385 2896 4456 δηλοῖ
2920 4383 3009 4437 διά
3044 4384 3247 4436 τούτων
3269 4400 3281 4412 ·
3325 4403 3345 4434 ‹
3395 4384 3594 4453 Ὑμεῖς

2003 4478 2060 4531 δὲ
2086 4478 2204 4531 τίνα
2251 4494 2319 4547 με
2360 4477 2546 4544 λέγετε
2591 4471 2764 4539 εἶναι;
2811 4473 3154 4544 Ἀποκριθεὶς
3185 4473 3242 4527 δὲ
3270 4474 3451 4544 Σίμων
3481 4475 3594 4527 Πέ-

325 4567 520 4622 monio
559 4568 804 4637 proferre
857 4581 1071 4636 aequum
1121 4566 1351 4637 putavit.
1407 4565 1539 4634 Quae
1579 4575 1760 4622 autem
1811 4569 1902 4624 illa

2019 4588 2126 4642 :po;
2173 4565 2295 4623 εἷπε
2321 4587 2333 4600 ·
2372 4570 2443 4622 Σὺ
2479 4566 2529 4622 εἶ
2579 4568 2607 4620 6
2652 4567 2884 4639 Χριστὸς
2925 4568 2953 4618 6
2985 4566 3114 4630 Υἱὸς
3162 4565 3256 4618 τοῦ
3301 4566 3436 4619 Θεοῦ
3487 4568 3589 4621 τοῦ

323 4658 456 4719 sint,
477 4673 598 4728 quae
617 4657 868 4714 videlicet
889 4657 956 4712 ad
986 4659 1162 4726 ipsum
1187 4656 1402 4712 Petrum
1432 4659 1577 4713 dicta
1599 4667 1747 4724 sunt,
1773 4659 1904 4713 Mat-

321 4750 498 4804 theeus
516 4749 599 4804 his
621 4748 826 4804 indicat
841 4748 1050 4803 verbis:
1075 4767 1092 4799 ι
1105 4746 1213 4802 Vos
1230 4756 1408 4801 autem
1427 4764 1588 4818 quem
1614 4765 1697 4804 me
1719 4750 1902 4804 dicitis

319 4840 481 4896 esse?
504 4849 557 4894 et
576 4841 914 4910 respondens
935 4839 1121 4894 Simon
1143 4839 1337 4894 Petrus
1360 4838 1496 4893 dixit
1515 4860 1532 4894 ι
1551 4839 1631 4896 Tu
1661 4856 1720 4896 es
1751 4839 1901 4897 Chri~

324 4942 448 4989 stus
469 4929 642 4986 Filius
657 4930 749 4986 Dei
776 4930 904 4985 vivi.
933 4929 1289 5000 Respondeas
1309 4927 1468 4985 Jesus
1488 4929 1624 4986 dixit
1647 4932 1696 4987 ei
1729 4951 1742 4987 :
1769 4931 1896 4988 Bea-

323 5034 415 5078 tus
442 5040 524 5086 es,
554 5022 741 5077 Simon
772 5021 1026 5091 Barjona,
1047 5021 1303 5092 quoniam
1329 5036 1456 5076 caro
1471 5027 1527 5075 et
1545 5023 1767 5092 sanguis
1783 5038 1895 5077 non

321 5115 584 5171 revelavit
611 5115 740 5180 tibi,
771 5114 869 5170 sed
901 5113 1064 5169 Pater
1109 5128 1264 5169 meus
1301 5113 1395 5184 qui
1418 5123 1503 5168 est
1547 5114 1603 5167 in
1631 5115 1808 5180 cmlis,
1840 5123 1893 5170 et

319 5221 423 5279 ego
451 5207 546 5261 tibi
573 5207 697 5262 dico
725 5226 738 5262 :
776 5206 856 5261 Tu
885 5223 944 5262 es
967 5205 1183 5272 Petrus,
1211 5215 1265 5261 et
1300 5220 1464 5275 super
1507 5205 1650 5260 hanc
1681 5214 1890 5276 petram

318 5299 600 5356 ndilicabo
645 5298 946 5357 Ecclesium
1003 5312 1207 5365 meam,
1243 5305 1298 5353 et
1329 5303 1500 5368 portae
1548 5295 1745 5352 inferni
1781 5312 1890 5352 non

317 5391 684 5462 praevalebunt
713 5389 977 5442 adversus
997 5396 1215 5456 eam;et
1243 5387 1384 5443 dabo
1416 5389 1515 5443 tibi
1541 5389 1722 5445 claves
1737 5390 1891 5459 regni

314 5484 598 5544 caelorum,
611 5487 668 5537 et
679 5494 1012 5551 quascunque
1034 5481 1286 5552 ligaveris
1312 5495 1475 5550 super
1490 5487 1714 5548 terram,
1731 5487 1892 5538 erunt

313 5574 477 5653 ligata
503 5581 557 5627 et
582 5575 637 5628 in
664 5571 820 5629 ctelis
837 5590 856 5626 τ
891 5579 944 5627 et
967 5587 1302 5646 quaecunque
1332 5573 1560 5630 solveris
1584 5588 1748 5646 super
1776 5580 1889 5631 ter-

416 5733 462 5767 ”
486 5730 670 5790 Matth.
692 5749 746 5798 τ,
771 5732 827 5803 9.,
853 5733 906 5790 '5.
982 5732 1025 5766 ⁷³
1049 5731 1179 5789 Luc.
1198 5746 1252 5786 vr
1276 5770 1291 5800 ,
1326 5729 1512 5788 1545.

2001 4661 2224 4726 ζῶντος.
2265 4659 2607 4730 Ἀποκριθεὶς
2634 4658 2692 4710 δὲ
2730 4655 2936 4730 Ἰησοῦς
2972 4652 3126 4709 εἶπεν
3154 4655 3304 4726 αὐτῷ
3326 4674 3338 4686 ”
3386 4658 3589 4711 Μακά-

2005 4773 2116 4826 ριος
2151 4754 2220 4817 εἷ,
2250 4755 2432 4825 Σίμων
2460 4754 2730 4823 Βαριωνᾶ,
2761 4754 2842 4805 ὅτι
2869 4749 3006 4822 σὰρξ
3034 4750 3128 4802 καὶ
3155 4744 3294 4819 αἷμα
3329 4751 3430 4802 οὐκ
3458 4751 3528 4802 ἐπ
3555 4780 3587 4790 -

1999 4840 2233 4910 εκάλυιῖνέ
2271 4857 2370 4904 σοι,
2407 4840 2521 4893 ἀλλ’
2560 4842 2588 4892 6
2617 4841 2803 4911 Πατήρ
2845 4856 2947 4909 μου
2988 4839 3016 4888 ὁ
3053 4839 3110 4890 ἐν
3155 4841 3266 4901 τοῖς
3307 4837 3584 4910 οὐρανοῖς,

1999 4934 2093 4986 καὶ
2125 4932 2236 5000 ἐγώ
2289 4949 2370 4984 σοι
2403 4931 2579 5000 λέγω·
2618 4933 2689 4984 Σὺ
2733 4929 2783 4984 εἷ
2823 4931 3050 5002 Πέτρος,
3100 4931 3195 4984 καὶ
3239 4930 3332 4983 ἐπὶ
3375 4931 3583 5000 ταύτην

1998 5025 2100 5096 τὴν
2149 5024 2350 5094 πέτραν
2387 5023 2723 5095 οἰκοδομήσω
2775 5039 2876 5094 μου
2919 5025 3020 5094 τὴν
3073 5021 3426 5092 Ἐκκλησίαν,
3484 5025 3584 5076 καὶ

2001 5116 2162 5169 πύλαι
2201 5116 2326 5187 ᾇδου
2356 5117 2415 5168 οὐ
2463 5115 2879 5186 κατισχύσουσιν
2925 5113 3116 5184 αὐτῆς’
3155 5116 3251 5167 καὶ
3291 5113 3450 5168 δώσω
3496 5132 3582 5169 σοι

1999 5207 2097 5270 τὰς
2139 5206 2285 5269 κλεῖς
2325 5207 2425 5276 τῆς
2462 5204 2737 5275 βασιλείας
2779 5205 2887 5257 τῶν
2919 5202 3195 5276 οὐρανῶν·
3243 5203 3350 5258 καὶ..
3375 5204 3477 5257 ὃσα
3511 5203 3582 5257 ἂν

1997 5299 2166 5371 δήσῃς
2197 5299 2290 5351 ἐπὶ
2318 5299 2414 5369 τῆς
2438 5298 2560 5367 γῆς,
2592 5297 2740 5350 ἔσται
2763 5297 3020 5366 δεδεμένα
3053 5298 3111 5348 ἐν
3143 5298 3256 5359 τοῖς
3287 5297 3538 5367 οὐρανοῖς
3558 5311 3578 5328 ο

1997 5390 2088 5442 καὶ
2117 5391 2218 5442 ὅσα
2251 5388 2316 5442 ἂν
2359 5387 2528 5460 λύσῃς
2565 5387 2657 5440 ἐπὶ
2699 5387 2798 5458 τῆς
2844 5388 2970 5456 γῆς,
3013 5387 3163 5440 ἔσται
3205 5385 3480 5458 λελυμένα
3518 5389 3582 5440 ἐν

1995 5482 2108 5543 τοῖς
2134 5479 2399 5552 οὐρανοῖς.
2438 5499 2457 5530 ι
2494 5478 2774 5532 Τοσούτων
2807 5478 3113 5550 εἰρημένων
3137 5477 3216 5549 τῷ
3249 5479 3445 5549 Πέτρῳ
3471 5475 3579 5532 ὑπὸ

1995 5571 2089 5626 τοῦ
2130 5569 2324 5658 Ἰησοῦζ
2369 5573 2396 5624 6
2429 5570 2678 5658 Μάρκος,
2713 5569 2878 5645 μηδὲν
2919 5570 3120 5642 τούτων
3167 5568 3576 5644 μνημονεύσας,
