3828 6216
200 339 306 398 217

1123 331 1780 392 DEMONSTRATIONIS
1811 333 2270 392 EVANGELICE
2293 333 2420 389 LIB.
2447 334 2537 392 lll.

3367 346 3474 394 κιδ

200 455 286 518 δτι
335 452 462 524 μηδ’
505 453 535 505 ὁ
568 452 800 523 Πέτρος·
823 449 999 516 ταῦθ’,
1040 449 1118 514 ὡς
1157 438 1325 515 εἰκὸς,
1359 453 1419 504 ὲν
1455 456 1577 516 ταῖς
1620 454 1759 506 αὐτοί

1889 467 2030 527 ram,
2049 458 2212 506 erunt
2233 450 2410 506 soluta
2425 460 2479 505 et
2501 451 2555 504 in
2574 450 2730 506 caelis
2751 451 2816 505 ⁷⁸.
2831 469 2849 503 ι
2875 449 3012 507 Cum
3036 449 3150 506 lucc
3172 460 3281 506 tam
3303 455 3474 510 multa

199 541 573 605 διδασκαλίαις
596 541 974 612 ὲξηγόρευσεν,
1003 540 1104 610 ὅρα
1124 540 1176 593 τί
1203 558 1388 612 φησιν,
1413 542 1787 612 ἐρωτήσαντος

202 637 299 692 τοῦ
337 636 515 709 Ἰησοῦ
541 653 556 668 ·
591 653 610 686 ι
635 634 978 707 Ἀποκριθεὶς
1005 637 1033 688 ὁ
1059 634 1263 705 Πέτρος
1313 634 1498 703 λέγει’
1548 637 1620 689 Συ
1667 633 1718 689 εἷ
1759 639 1788 690 ὁ

199 727 458 800 Χριστός.
497 727 609 780 Καὶ
638 726 969 796 ἐπετίμησεν
996 725 1199 788 αὐτοῖς,
1226 726 1314 778 ἵνα
1355 726 1544 797 μηδενὶ
1584 727 1785 795 λέγωσι

198 819 332 888 περὶ
359 816 546 872 αὑτοῦ.
587 835 606 868 ι
649 815 835 870 Ταῦτα
869 816 966 886 μὲν
999 810 1092 868 οὖν
1120 817 1149 867 ὁ
1183 816 1388 887 Πέτρος
1419 818 1644 881 εἰκότως
1683 835 1786 870 πα-

200 908 581 978 ρααωπᾶσθαι
605 908 757 977 ἠξίου
777 919 792 936 ⁸
833 907 914 960 διὸ
944 908 1039 961 καὶ
1061 908 1285 980 Μάρκος
1306 908 1444 962 αὐτά
1475 911 1741 981 παρέλιπε
1767 928 1780 940 ο

196 996 267 1049 ea:
300 996 356 1048 δὲ
400 996 542 1049 κατά
569 996 668 1066 τὴν
697 995 926 1066 ἄρνησιν
970 995 1134 1049 αὐτοῦ
1169 999 1250 1060 είς
1278 999 1488 1062 πάντας
1515 998 1783 1071 ἐκήρυξεν

195 1087 540 1158 ἀνθρώπους.
598 1089 751 1142 Ἐπεὶ
787 1089 880 1140 καὶ⁸
926 1087 1188 1142 ἔκλαυσεν
1234 1090 1320 1143 ἐπ’
1365 1091 1502 1162 αὐτῇ
1546 1092 1776 1163 πικρῶς.

196 1176 401 1249 Εὖροις
446 1177 492 1230 δ’
534 1172 627 1230 οὖν
669 1179 762 1231 τὸν
816 1177 1042 1248 Μάρκον
1091 1179 1406 1251 ἱστοροῦντα
1450 1183 1576 1254 περὶ
1615 1182 1782 1236 αὑτοῦ

191 1266 325 1319 τάδε
348 1284 365 1297 ο
417 1286 435 1318 ι
473 1268 584 1320 Καὶ
614 1268 766 1330 ὄντος
809 1267 902 1320 τοῦ
930 1269 1138 1340 Πέτρου
1179 1271 1236 1322 ἐν
1263 1275 1328 1343 τῇ
1371 1273 1530 1344 αὐλῇ,
1563 1273 1779 1345 έρχεται

195 1359 336 1430 πρὸς
365 1360 526 1412 αὑτὸν
576 1360 676 1430 μία
706 1359 812 1412 τῶν
849 1358 1145 1414 παιδίσκων
1184 1364 1279 1416 τοῦ
1323 1364 1645 1435 ἀρχιερέως,
1687 1367 1782 1418 καὶ

196 1451 382 1504 ἰδοῦσα
416 1451 578 1506 αὑτὸν
602 1451 1047 1524 θερμαινόμενον,
1074 1455 1390 1526 ἐμϐλέψασα
1420 1457 1568 1528 αὐτῷ
1595 1459 1776 1527 λέγει·

190 1539 307 1592 Καὶ
339 1543 403 1594 σὺ
437 1541 576 1611 μετά
620 1543 793 1611 Ἰησοῦ
823 1543 916 1596 τοῦ
943 1545 1266 1615 Ναζωραίου
1289 1543 1379 1618 ἦς.
1425 1550 1480 1602 Ὀ
1517 1550 1573 1603 δὲ
1611 1553 1780 1622 ἠρνή-

191 1645 330 1684 σατο
353 1631 525 1700 λέγων
548 1650 562 1662 ·
595 1633 732 1687 Οὔτε
755 1635 1052 1706 ἐπίσταμαι
1083 1637 1137 1689 τί
1176 1639 1240 1692 σὺ
1265 1638 1471 1708 λέγεις·
1504 1643 1597 1694 καὶ
1622 1643 1778 1714 ἐξῆλ-

189 1727 286 1781 θεν
333 1731 413 1792 είς
455 1730 516 1783 τὸ
559 1730 663 1794 ἔξω
710 1732 1022 1802 προαύλιον,
1072 1734 1166 1786 καὶ
1216 1735 1462 1807 ἀλέκτωρ
1504 1737 1770 1808 έιρώνησε.

1894 544 2039 598 dicta
2073 542 2186 597 sint
2213 540 2378 596 Petro
2407 544 2475 597 ab
2501 541 2652 606 Jesu,
2688 541 2905 598 Marcus
2935 545 3073 597 nihil
3097 545 3290 600 horum
3319 561 3472 601 com-

1889 643 2522 705 memorans,propterea
2539 635 2683 704 quod
2701 651 2768 689 ne
2788 633 2983 690 Petrus
3003 637 3243 706 quidem,
3257 641 3474 694 utveri-

1886 726 2062 781 simile
2077 733 2161 780 est
2183 727 2310 779 talia
2333 727 2386 779 in
2412 726 2529 780 suis
2552 726 2957 781 narrationibus
2979 728 3302 793 enuntiavit,
3319 731 3468 796 audi,

1883 816 2015 886 quid
2046 816 2216 881 dicat,
2245 824 2367 887 post
2403 815 2533 872 Jesu
2582 818 3102 887 interrogationem:
3150 839 3169 870 ι
3218 818 3472 890 Respon-

1884 907 2041 968 dens,
2085 907 2282 976 inquit,
2309 903 2503 960 Petrus
2531 905 2663 960 dicit
2689 923 2703 959 :
2729 904 2810 958 Tu
2839 921 2899 961 es
2927 905 3204 971 Christus,
3236 914 3290 962 et
3317 923 3471 962 com-

1887 997 2132 1052 minatus
2183 1008 2268 1052 est
2295 997 2400 1060 eis,
2438 1005 2500 1052 ut
2533 998 2739 1052 nemini
2783 998 3029 1053 dicerent
3079 998 3146 1054 de
3197 998 3316 1069 ipso
3335 999 3402 1052 ⁷⁸.
3443 1019 3464 1052 ι

1885 1087 2010 1143 Ηωο
2042 1104 2174 1144 sane
2214 1087 2409 1144 Petrus
2444 1090 2639 1143 merito
2669 1089 2898 1144 tacenda
2943 1090 3212 1160 judicavit
3248 1110 3261 1146 :
3297 1107 3470 1162 quare

1884 1178 2048 1233 etiam
2090 1179 2306 1234 Marcus
2331 1197 2394 1236 ea
2429 1182 2715 1250 praeteriit.
2749 1181 2882 1246 Quae
2913 1190 3092 1237 autem
3123 1182 3191 1237 ad
3220 1184 3470 1254 negatio-

1881 1285 2004 1324 nem
2019 1286 2169 1325 suam
2187 1273 2550 1340 pertinebant,
2575 1274 2626 1327 in
2647 1290 2838 1329 omnes
2867 1274 3116 1330 homines
3150 1277 3376 1346 pr0tulit
3399 1292 3463 1332 ac

1881 1361 2176 1430 publicavit
2199 1381 2213 1416 :
2238 1364 2494 1433 quoniam
2519 1373 2640 1434 post
2661 1366 2806 1418 illam
2833 1363 2976 1420 ﬂevit
2993 1381 3194 1422 amare.
3214 1365 3464 1423 Invenies

1879 1454 2062 1522 itaque
2085 1454 2152 1508 de
2172 1470 2237 1510 eo
2259 1464 2572 1510 narrantem
2597 1455 2836 1508 Marcum
2869 1473 2882 1508 :
2913 1474 2930 1504 ι
2961 1455 3166 1510 Etcum
3194 1465 3340 1512 esset
3361 1455 3464 1511 Pe-

1879 1551 1998 1599 trus
2035 1545 2089 1598 in
2121 1546 2280 1608 atrio,
2312 1546 2458 1600 venit
2489 1547 2554 1600 ad
2581 1561 2704 1600 cum
2738 1561 2846 1599 una
2899 1562 2962 1600 ex
2995 1547 3210 1602 ancillis
3259 1549 3461 1603 summi

1880 1637 2204 1698 sacerdotis,
2252 1644 2464 1691 etcum
2511 1637 2740 1691 vidisset
2784 1636 3004 1690 Petrum
3043 1638 3456 1692 calefacientem

1875 1743 1955 1791 se,
1988 1729 2261 1796 aspiciens
2303 1730 2477 1794 illum,
2509 1729 2584 1782 ait
2620 1749 2632 1784 :
2664 1729 2730 1781 Et
2761 1738 2819 1782 tu
2849 1744 2974 1782 cum
3007 1727 3138 1784 Jesu
3173 1729 3458 1784 Nazareno

187 1819 362 1873 Πάλιν
399 1821 456 1874 δὲ
504 1821 683 1874 ίδοῦσα
721 1824 881 1878 αὑτὸν
923 1828 956 1897 ἡ
1007 1826 1287 1896 παιδίσκη,
1343 1828 1543 1900 ῆρξατο
1593 1830 1759 1900 λέγει’.

1873 1834 2018 1883 eras,
2054 1827 2110 1872 at
2164 1821 2254 1875 ille
2299 1822 2514 1892 negavit
2574 1822 2803 1876 dicens:
2838 1821 3023 1890 Neque
3070 1821 3220 1887 novi,
3278 1837 3458 1892 neque

184 1915 302 1976 τοῖς
331 1913 678 1985 παρεστῶσιν
707 1931 720 1945 ο
755 1910 922 1980 Οὗτος
942 1917 1000 1983 ἐξ
1026 1919 1206 1972 αὐτῶν
1231 1921 1397 1973 ἐστιν.
1444 1923 1502 1974 '0
1527 1923 1583 1976 δὲ
1614 1924 1774 1977 πάλιν

183 2006 484 2075 ἠρνήσατο.
530 2008 639 2062 Καὶ
676 2008 814 2079 μετά
848 2011 1042 2080 μικρὸν
1074 2011 1234 2064 πάλιν
1271 2014 1622 2082 παρεστῶτες
1657 2015 1772 2068 ἐλε-

185 2113 287 2164 γον
317 2097 396 2166 τῷ
423 2097 617 2169 Πέτρῳ
639 2116 652 2129 ·
699 2100 938 2170 Ἀληθῶς
961 2101 1019 2167 ἐξ
1046 2103 1225 2156 αὐτῶν
1253 2099 1322 2167 εἴ,
1351 2105 1445 2157 καὶ
1475 2105 1580 2176 γὰρ
1614 2106 1654 2157 Γ
1656 2107 1772 2160 αλι-

181 2186 338 2252 λαῖος
368 2184 437 2244 εἴ.
489 2191 548 2242 ’0
586 2191 644 2244 δὲ
692 2191 894 2264 ἤρξατο
934 2193 1354 2265 ἀναθεματίζειν
1389 2199 1482 2250 καὶ
1527 2199 1768 2269 ὀμνύειν,

177 2279 263 2332 ὃτι
297 2281 414 2334 Οὐκ
445 2276 561 2335 οἶδα
605 2283 699 2336 τὸν
741 2283 1028 2354 ἄνθρωπον
1069 2287 1277 2352 τοῦτον,
1321 2288 1380 2342 ὃν
1423 2289 1639 2358 λέγετε·
1675 2293 1770 2346 καὶ

177 2371 386 2436 εὐθέως
417 2375 481 2426 ὲκ
509 2374 760 2446 δευτέρου
794 2377 1039 2451 ἀλέκτωρ
1074 2379 1338 2451 έφώνησε.
1372 2399 1391 2432 ι
1417 2383 1640 2454 Μάρκος
1670 2385 1768 2454 μὲν

177 2462 358 2517 ταῦτα
394 2466 597 2536 γράφει
623 2483 636 2496 ·
674 2467 879 2538 Πέτρος
918 2470 974 2522 δὲ
1009 2470 1186 2524 ταῦτα
1230 2473 1358 2544 περὶ
1403 2473 1598 2527 ἑαυτοῦ
1630 2492 1767 2546 μαρ-

176 2557 372 2625 τυρεῖ·
405 2558 581 2610 πάντα
611 2559 721 2632 γὰρ
749 2561 820 2613 τά
844 2563 996 2634 παρά
1025 2564 1237 2635 Μάρκῳ
1263 2564 1370 2617 τῶν
1405 2565 1614 2638 Πέτρου
1653 2567 1768 2620 δια-

174 2644 383 2711 λέξεων
422 2644 562 2702 εἶναι
602 2651 816 2719 λέγεται
867 2655 1422 2728 ἀπομνημονεύματα.
1473 2659 1536 2712 Ol
1578 2659 1641 2730 δὴ
1673 2655 1767 2713 οὖν

172 2739 249 2792 τὰ
282 2739 383 2807 μὲν
409 2738 636 2805 δόξαντα
670 2743 854 2806 αὐτοῖς
886 2744 1096 2816 ἀγαθὴν
1128 2747 1315 2816 φέρειν
1348 2749 1533 2820 φήμην
1563 2765 1766 2820 παραι-

169 2831 455 2898 τούμενοι,
497 2831 595 2893 τὰς
627 2832 684 2885 δὲ
711 2833 833 2886 καθ’
880 2835 1086 2887 ἑαυτῶν
1114 2835 1366 2899 διαϐολὰς
1409 2841 1490 2902 είς
1528 2839 1763 2912 άληστον

171 2918 354 2971 αἰῶνα
380 2921 847 2990 καταγράφοντες,
877 2925 972 2977 καὶ
1005 2924 1112 2978 τῶν
1147 2926 1648 2998 πλημμεληθέντων
1675 2932 1766 2984 αὑ-

167 3009 293 3072 τοῖς
337 3011 439 3072 τάς
471 3012 826 3083 κατηγορίας,
862 3013 930 3076 ἃς
965 3015 1065 3068 οὐκ
1094 3015 1159 3068 ἄν
1191 3033 1276 3080 τις
1308 3017 1448 3086 ἔγνω
1477 3017 1586 3072 τῶν
1623 3021 1762 3090 μετά

164 3102 366 3166 ταῦτα,
395 3104 446 3156 εί
477 3105 550 3174 μὴ
588 3104 678 3158 διά
706 3105 805 3175 τῆς
830 3107 1006 3160 αὐτῶν
1039 3107 1239 3178 ἔμαθεν
1279 3109 1464 3180 φωνῆς
1486 3111 1607 3164 καθ’
1637 3113 1763 3166 έαυ-

162 3195 282 3248 τῶν
306 3197 733 3266 στηλιτεύοντες,
763 3199 882 3262 πῶς
903 3199 964 3252 οὑ
983 3191 1269 3269 φιλαυτίας
1297 3203 1394 3273 μὲν
1419 3205 1638 3275 ἀπάσης
1664 3208 1758 3261 καὶ

163 3286 526 3357 ψευδολογίας
553 3288 711 3352 ἐκτὸς
736 3290 1017 3358 γεγονέναι
1051 3291 1273 3356 ἐνδίκως
1296 3293 1362 3347 ἂν
1392 3294 1754 3364 ὁμολογοῖντο,

162 3375 503 3447 φιλαλήθους
527 3377 585 3430 δὲ
610 3378 901 3442 διαθέσεως
935 3381 1079 3451 σαφῆ
1120 3383 1213 3435 καὶ
1251 3385 1455 3455 ἐναργῆ
1483 3388 1755 3457 τεκμήρια

163 3466 619 3535 παρεσχηκέναις
646 3468 708 3520 Οἱ
731 3466 786 3519 δέ
815 3484 877 3535 γε
904 3469 1032 3531 τοὺς
1061 3470 1300 3524 τοιούσδε
1330 3472 1638 3526 πεπλάσθαι
1662 3476 1756 3528 καὶ

160 3553 615 3622 καταψεύσασθαι
637 3555 972 3626 νομίζοντες,
1009 3560 1102 3612 καλ⁵
1131 3554 1220 3614 οἷα
1259 3561 1478 3626 πλάνοις
1517 3562 1756 3637 βλασφη-

162 3648 290 3713 μεῖν
314 3643 669 3716 πειρώμενοι,
701 3647 818 3710 πῶς
842 3651 944 3702 οὐκ
970 3649 1037 3702 ἂν
1062 3653 1301 3720 γένοιντο
1325 3654 1716 3723 καταγέλαστοι
1736 3673 1750 3721 ;

160 3737 310 3806 φίλοι
359 3738 460 3807 μὲν
503 3738 698 3807 φθόνου
745 3742 839 3795 καὶ⁸
889 3741 1212 3810 βασκανίας,
1255 3745 1437 3816 ἐχθροὶ
1481 3746 1538 3800 δὲ
1585 3748 1752 3818 αὐτῆς

157 3828 427 3898 ἀληθείας
459 3829 828 3901 ἁλισκόμενοι,
863 3832 916 3884 οἵ
937 3849 1000 3901 γε
1028 3835 1154 3896 τοὺς
1179 3833 1349 3898 οὕτως
1371 3835 1750 3907 ἀπανούργους

155 3921 257 3974 καὶ
290 3921 568 3974 ἄπλαστον
600 3923 676 3986 ώς
706 3922 924 3993 ἀληθῶς
956 3925 1050 3978 καὶ
1079 3925 1337 3996 ἀκέραιον
1362 3922 1495 3997 ἦθος
1522 3927 1610 3980 διὰ
1642 3928 1748 3980 τῶν

155 4013 378 4065 οἰκείων
405 4013 579 4081 λόγων
609 4013 1098 4085 ἐπιδεδειγμένους.
1122 4017 1460 4088 πανούργους
1476 4017 1627 4081 τινὰς
1655 4019 1748 4073 καὶ

155 4104 367 4168 δεινοὺς
394 4106 738 4160 ὑποτίθενται
770 4106 1050 4176 σοφιστὰς,
1075 4107 1150 4172 ὡς
1173 4108 1244 4161 τά
1277 4110 1352 4180 μὴ
1381 4109 1512 4163 ὅντα
1544 4110 1748 4164 πλασα-

158 4198 379 4266 μὲνους,
407 4199 503 4249 καὶ
529 4197 609 4268 τῷ
655 4197 840 4268 οἰκείῳ
865 4198 1171 4270 διδασκάλῳ
1195 4199 1265 4252 τὰ
1301 4200 1375 4272 μὴ
1411 4202 1545 4272 πρὸς
1578 4203 1743 4256 αὐτοῦ

156 4284 476 4355 πραχθέντα
504 4287 914 4358 κεχαρισμένως
951 4288 1266 4353 ἀναθέντας.
1312 4291 1399 4354 Ὠς
1435 4287 1495 4345 εὖ
1537 4310 1627 4363 μοι
1659 4293 1744 4346 δο-

154 4379 242 4428 κεῖ
279 4376 533 4447 εἰρῆσθαι
560 4394 573 4407 °
617 4379 801 4431 Πάντα
832 4379 936 4450 χρὴ
986 4381 1262 4434 πιστεύειν
1290 4385 1401 4445 τοῖς
1431 4383 1524 4436 τοῦ
1567 4384 1740 4456 Ἰησοῦ

1875 1910 1993 1964 scio
2021 1910 2152 1980 quid
2174 1911 2348 1976 dicas,
2378 1920 2431 1966 et
2457 1913 2625 1968 exivit
2658 1913 2805 1967 foras
2837 1921 2963 1967 ante
2996 1916 3216 1974 atrium,
3253 1922 3308 1968 et
3341 1915 3456 1983 gal-

1873 2000 1960 2055 lus
1994 2003 2252 2055 cantavit.
2287 2001 2500 2058 Rursus
2541 2009 2721 2056 autem
2751 2017 2874 2055 cum
2905 2002 3130 2056 vidisset
3171 2001 3322 2055 illum
3355 2016 3457 2054 an-

1871 2091 2016 2158 cilla,
2043 2094 2208 2162 cmpit
2231 2093 2414 2148 dicere
2439 2093 2930 2148 circumstantibus
2957 2113 2968 2147 :
3004 2091 3103 2146 Hic
3128 2109 3192 2148 ex
3215 2093 3322 2148 illis
3344 2102 3451 2156 est,

1871 2188 1928 2233 at
1981 2180 2072 2234 ille
2125 2181 2324 2236 iterum
2371 2182 2592 2250 negavit
2625 2203 2635 2236 :
2670 2181 2734 2234 Et
2783 2189 2905 2251 post
2941 2181 3221 2251 pusillum,
3257 2197 3454 2237 rursus

1870 2272 1963 2340 qui
1992 2271 2242 2326 astabant
2278 2272 2532 2326 dicebant
2550 2272 2710 2327 Petro
2750 2291 2762 2326 :
2801 2271 2937 2327 Vere
2967 2287 3033 2326 ex
3066 2271 3175 2325 illis
3207 2285 3288 2337 es,
3323 2287 3450 2327 nam

1869 2373 1926 2417 et
1953 2360 2208 2418 Galilaeus
2250 2379 2310 2418 es
2347 2382 2358 2416 :
2389 2364 2481 2419 ille
2531 2376 2710 2418 autem
2751 2364 2920 2434 cmpit
2962 2365 3447 2428 anathematizare,

1867 2463 1924 2508 et
1969 2453 2180 2523 jurare,
2211 2455 2357 2524 quod
2403 2456 2590 2510 nescio
2627 2455 2902 2510 hominem
2945 2456 3134 2518 istum,
3175 2471 3337 2524 quem
3364 2455 3453 2509 di-

1869 2547 1998 2602 citis
2038 2563 2054 2602 :
2089 2555 2142 2602 et
2186 2547 2370 2602 statim
2400 2549 2577 2618 gallus
2611 2549 2809 2604 iterum
2842 2549 3088 2603 cantavit
3118 2550 3184 2602 ⁷⁸.
3233 2568 3252 2601 ι
3291 2547 3450 2618 122

1868 2635 2084 2693 Marcus
2115 2639 2332 2707 quidem
2366 2639 2480 2694 haec
2503 2639 2712 2702 scribit,
2738 2654 2802 2693 ac
2820 2637 3017 2694 Petrus
3036 2639 3152 2694 hare
3173 2641 3242 2695 de
3265 2640 3450 2710 seipso

1867 2728 2194 2783 testificatur
2226 2747 2238 2782 :
2271 2729 2455 2783 omnia
2484 2731 2627 2784 enim
2655 2745 2776 2800 qua:
2801 2730 2944 2800 apud
2979 2729 3223 2784 Marcum
3256 2730 3448 2801 legun-

1868 2828 1977 2882 tur,
2022 2818 2397 2873 narrationum
2423 2834 2846 2888 sermonumque
2868 2817 3014 2873 Petri
3043 2819 3302 2874 dicuntur
3323 2835 3448 2874 esse

1865 2913 2278 2966 commentaria.
2311 2911 2414 2976 Qui
2453 2912 2618 2981 igitur
2645 2926 2708 2965 ea
2749 2927 2870 2982 quae
2909 2921 3158 2982 poterant
3184 2911 3318 2981 ipsis
3356 2911 3445 2964 af-

1866 3002 2008 3058 ferre
2044 3003 2244 3057 bonam
2291 3002 2511 3067 famam,
2557 3011 2834 3067 recusant,
2869 3004 3280 3058 criminationes
3315 3018 3444 3059 vero

1865 3102 2057 3149 contra
2087 3096 2320 3164 seipsos,
2341 3096 2684 3165 sempiternae
2708 3099 2985 3150 memoria:
3011 3096 3064 3149 in
3087 3097 3307 3165 scriptis
3325 3097 3442 3152 suis

1863 3183 2272 3248 commendant,
2304 3193 2358 3238 et
2385 3199 2574 3239 eorum
2613 3201 2734 3255 qua:
2764 3185 2832 3240 ab
2882 3186 3020 3256 ipsis
3048 3197 3272 3256 peccata
3310 3195 3442 3241 sunt

1859 3279 2262 3342 accusationes,
2293 3292 2431 3346 quas
2463 3279 2826 3348 posteriorum
2859 3279 3044 3333 nullus
3074 3295 3314 3349 unquam
3345 3295 3441 3334 co—

1857 3370 2155 3438 gnovissct,
2187 3369 2295 3423 nisi
2335 3369 2577 3438 ipsorum
2619 3371 2840 3440 scriptis
2874 3370 3178 3438 didicisset,
3223 3371 3441 3440 publice

1857 3461 1928 3515 ab
1957 3462 2214 3517 omnibus
2246 3461 2498 3532 legendas
2542 3471 2874 3533 proponunt,
2905 3478 3005 3517 cur
3035 3479 3144 3517 non
3186 3464 3256 3518 ab
3285 3463 3435 3517 omni

1854 3555 1922 3612 de
1974 3557 2172 3627 scipsis
2233 3557 2523 3626 Opinione,
2573 3557 2834 3626 omnique
2892 3556 3181 3611 mendacio
3237 3558 3434 3611 merito

1854 3649 2150 3704 abhorrere
2195 3648 2528 3704 credantur?
2563 3650 2840 3719 studiique
2865 3663 2995 3718 erga
3027 3649 3309 3702 veritatem
3343 3663 3435 3704 ar-

1851 3748 2109 3812 gumenta
2158 3741 2465 3796 certissima
2503 3741 2780 3810 praebere?
2807 3741 2912 3806 Qui
2953 3754 3082 3794 vero
3117 3739 3252 3794 tales
3283 3738 3435 3794 viros

1853 3831 2166 3886 fictionibus
2205 3845 2356 3894 usos,
2390 3845 2454 3884 ac
2503 3831 2761 3885 mentitos
2811 3838 3024 3900 putant,
3072 3837 3126 3884 et
3166 3837 3429 3899 tanquam

1851 3924 2176 3994 impostores
2219 3923 2440 3977 infamia
2469 3922 2794 3992 probrisque
2811 3931 3000 3976 notare
3023 3931 3313 3988 conantur,
3331 3937 3432 3976 cur

1849 4030 1958 4070 non
1989 4015 2093 4085 ipsi
2127 4015 2310 4083 potius
2343 4019 2398 4069 et
2422 4013 2640 4067 ridiculi
2682 4023 2832 4076 sunt,
2869 4019 2923 4068 et
2949 4012 3076 4066 odio
3115 4012 3431 4082 invidiaque

1845 4107 2018 4177 digni,
2072 4115 2332 4175 tanquam
2382 4107 2563 4160 omnis
2609 4106 2853 4161 veritatis
2880 4105 3085 4159 inimici
3119 4104 3431 4159 habentur?

1846 4199 1937 4269 qui
1965 4197 2181 4269 quidem
2206 4199 2354 4254 viros
2386 4210 2494 4252 tam
2526 4198 2595 4253 ab
2614 4197 2762 4251 omni
2787 4197 2993 4250 malitia
3021 4197 3252 4260 alienos,
3283 4203 3425 4249 tam-

1844 4301 1952 4355 que
1986 4287 2103 4341 sine
2155 4284 2302 4352 fuco,
2334 4301 2570 4355 vereque
2621 4286 2898 4340 sincerum
2945 4285 3186 4338 animum
3219 4286 3272 4339 in
3307 4287 3433 4341 suis.

1845 4375 2067 4446 scriptis
2094 4391 2204 4445 pra:
2230 4391 2290 4430 se
2321 4374 2583 4439 ferentes,
2613 4375 2919 4430 malitiosos
2943 4375 3206 4444 quosdam
3229 4382 3284 4429 et
3311 4376 3427 4429 cal-

155 4461 450 4534 μαθηταίς,
480 4464 512 4534 ἢ
560 4465 664 4536 μή·
700 4467 794 4518 καὶ
826 4467 874 4518 εἰ
920 4467 1102 4536 μόνοις
1131 4470 1340 4534 τούτοις
1401 4475 1514 4536 τοίς
1545 4473 1742 4545 ἀνδρά-

1867 4467 1986 4522 idos
2043 4467 2246 4521 audent
2293 4465 2494 4536 ﬁngere
2537 4467 2835 4536 sophistas,
2866 4473 3127 4533 tanquam
3184 4480 3281 4520 eos
3325 4467 3428 4535 qui

152 4569 240 4606 σιν
264 4553 615 4624 ἀπιστητέον,
641 4555 734 4608 καὶ
760 4558 872 4618 τοῖς
905 4558 1090 4620 πᾶσιν,
1114 4559 1309 4624 οἵτινές
1335 4562 1452 4614 ποτ’
1477 4561 1586 4634 ἄρα
1610 4564 1738 4635 παρ’

151 4645 436 4715 Ἕλλησιν,
478 4648 512 4717 ἢ
550 4649 700 4720 παρά
738 4649 1036 4723 βαρϐάροις
1081 4653 1228 4723 βίους
1269 4656 1363 4708 καὶ
1411 4655 1600 4724 λόγους
1647 4660 1740 4712 καὶ

148 4736 694 4814 ἀπομνημονεύματα
725 4740 833 4794 τῶν
860 4743 1000 4796 κατά
1033 4743 1256 4815 χρόνους
1289 4745 1381 4798 ἐπί
1425 4762 1566 4800 τισιν
1602 4748 1737 4817 ἀγα-

148 4826 265 4892 002;
296 4829 689 4900 κατορθώμασι
729 4831 1031 4904 βοηθέντων
1071 4837 1506 4906 συνεγράψαντο·
1541 4839 1573 4908 ἢ
1625 4844 1737 4905 τοῖς

151 4923 253 4990 μὲν
277 4921 460 4984 ἄλλοις
490 4923 768 4977 πιστεύειν
792 4925 1030 4994 εὔλογον,
1071 4928 1253 4997 μόνοις
1278 4928 1334 4981 δὲ
1373 4929 1586 4993 τούτοις
1616 4933 1738 4984 ἀπι-

149 5017 314 5067 στεῖν.
343 5015 456 5068 Καὶ
483 5015 598 5079 πῶς
630 5018 728 5069 οὐκ
762 5018 1008 5090 ἐμφανὴς
1033 5021 1062 5071 ὁ
1094 5020 1284 5088 φθόνος
1308 5038 1323 5086 ;
1353 5023 1416 5075 Τί
1438 5023 1491 5075 δέ
1517 5039 1530 5088 ;
1555 5025 1604 5076 οἱ
1629 5041 1731 5077 κα-

145 5103 537 5174 ταψευδόμενοι
563 5105 656 5158 τοῦ
681 5108 1032 5172 Διδασκάλου,
1061 5111 1156 5163 καὶ
1180 5110 1248 5162 τὰ
1277 5109 1351 5181 μὴ
1379 5112 1638 5178 γεγονότα
1661 5115 1729 5183 τῇ

146 5194 329 5248 αὐτῶν
359 5197 742 5266 παραδιδόντες
780 5203 988 5270 γραφῇ,
1033 5197 1142 5272 ἄρα
1169 5203 1263 5256 καὶ
1290 5201 1360 5255 τὰ
1391 5202 1538 5273 πάθη
1597 5221 1731 5256 κατ-

1839 4740 1988 4794 rint?
2026 4738 2168 4793 Sane
2219 4737 2500 4793 commode
2549 4737 2683 4790 mihi
2731 4737 2938 4791 dictum
2983 4735 3201 4791 videtur
3255 4755 3268 4791 :

1842 4558 2105 4628 quidquid
2131 4557 2449 4627 scripserint
2477 4557 2770 4611 commenti
2805 4556 2936 4618 sint,
2968 4564 3024 4610 et
3058 4571 3161 4611 suo
3216 4571 3424 4626 praece-

1842 4651 2010 4719 ptori,
2042 4666 2162 4719 quae
2195 4650 2286 4704 ille
2317 4663 2596 4717 nunquam
2625 4648 2834 4709 fecerit,
2863 4647 2930 4702 ad
2956 4647 3186 4718 gratiam
3216 4648 3430 4702 tribue-

3319 4743 3428 4791 aut.

1839 4846 2066 4901 prorsus
2116 4831 2339 4886 credere
2361 4837 2575 4899 Oportet
2599 4826 2727 4883 Jesu
2760 4829 3066 4897 discipulis,
3098 4829 3146 4883 si
3191 4828 3428 4896 reliquis.

1838 4938 2056 4992 quoque
2108 4921 2468 4991 scriptoribus
2503 4941 2516 4976 :
2549 4929 2644 4974 aut
2687 4921 2733 4976 si
2787 4936 2892 4974 non
2925 4919 3033 4983 his,
3077 4936 3147 4975 ne
3187 4921 3420 4990 reliquis

1835 5015 2074 5084 quidem.
2109 5015 2222 5069 Cur
2252 5014 2425 5076 enim,
2457 5015 2502 5068 si
2526 5014 2657 5068 solis
2689 5013 2773 5068 his
2806 5012 2940 5066 viris
2979 5012 3313 5070 detrahenda
3342 5013 3420 5068 sit

1835 5108 1989 5173 fides,
2017 5123 2125 5162 non
2149 5107 2312 5162 etiam
2352 5107 2581 5177 reliquis
2615 5106 2876 5162 omnibus
2898 5145 2913 5170 ,
2947 5107 3265 5176 quicunque
3303 5123 3410 5161 un-
3461 5151 3486 5170 .

1835 5215 1999 5269 quam
2042 5207 2136 5253 aut
2166 5200 2307 5270 apud
2331 5199 2573 5262 Graecos,
2606 5206 2700 5253 aut
2748 5199 2890 5268 apud
2922 5199 3206 5262 barbaros,
3244 5199 3405 5263 vitas,

145 5285 448 5354 εψεύσαντο
509 5289 708 5354 αὑτοῦ;
742 5290 839 5362 τὴν
882 5293 1000 5355 ένὸς
1032 5292 1173 5361 λέγω
1225 5293 1480 5364 μαθητῶν
1542 5295 1731 5364 προδο-

1862 5297 1927 5343 ut
1957 5291 2252 5354 orationes,
2280 5299 2374 5344 aut
2397 5289 2788 5345 commentaria
2819 5289 3288 5358 conscripserunt,
3313 5304 3408 5342 co-

146 5377 286 5438 σίαν,
341 5378 437 5431 καὶ
468 5379 567 5450 τὴν
608 5381 716 5435 τῶν
752 5384 1100 5452 συκοφαντῶν
1133 5387 1483 5456 κατηγορίαν,
1529 5386 1726 5456 χλεὺας

143 5482 203 5520 τε
231 5471 326 5522 καὶ
354 5469 690 5540 διασυρμοὺς
719 5473 1010 5539 δικαστῶν,
1040 5475 1137 5539 τάς
1165 5493 1224 5528 τε
1259 5475 1443 5546 ὕϐρεις
1489 5477 1580 5529 καὶ
1625 5476 1726 5540 τὰς

145 5557 356 5630 πληγὰς
378 5559 478 5624 τὰς
513 5561 651 5615 κατά
687 5564 1000 5634 προσώπου,
1047 5567 1317 5638 μάστιγάς
1349 5585 1408 5622 τε
1449 5567 1592 5621 κατὰ
1623 5565 1724 5620 νώ·-

1830 5397 1950 5435 rum
1973 5383 2064 5452 qui
2098 5383 2266 5438 variis
2295 5381 2631 5452 temporibus
2666 5380 2722 5434 in
2757 5380 2940 5449 aliquo
2959 5395 3160 5451 genere
3187 5379 3416 5434 virtutis

1830 5481 1992 5544 atque
2019 5473 2200 5540 oflieii,
2229 5473 2614 5544 praestiterint?
2645 5478 2738 5525 aut
2763 5472 2811 5526 si
2850 5471 2988 5526 dicis
3028 5472 3152 5528 aliis
3183 5471 3412 5541 quidem

1828 5564 2049 5624 credere
2097 5581 2315 5639 aequum
2361 5581 2524 5635 esse,
2561 5571 2616 5620 at
2670 5563 2756 5622 bis
2809 5563 2942 5621 solis
2977 5578 3085 5619 non
3131 5562 3357 5620 credere
3383 5577 3406 5620 τ

213 5734 258 5767 ’⁸
282 5735 474 5794 Matth.
512 5742 839 5804 siin-1549,
924 5745 970 5779 τι
997 5737 1132 5797 ibid.
1161 5738 1252 5796 20.
1331 5739 1376 5773 τε
1395 5737 1562 5798 Marc.
1589 5757 1698 5812 xw,
1726 5741 1914 5800 66-79..
