  <div class='ocr_page' id='page_1' title='image "/cluster/home/n/w/nwhite01/storage/ocr_20150623/22/nnc1.0046978372/125.png"; bbox 0 0 3828 6216; ppageno 0'>
   <div class='ocr_carea' id='block_1_1' title="bbox 424 300 533 357">
    <p class='ocr_par' dir='ltr' id='par_1_1' title="bbox 424 300 533 357">
     <span class='ocr_line' id='line_1_1' title="bbox 424 300 533 357; baseline 0.037 -5"><span class='ocrx_word' id='word_1_1' title='bbox 424 300 533 357; x_wconf 70' lang='grc'><strong>219</strong></span> 
     </span>
    </p>
   </div>
   <div class='ocr_carea' id='block_1_2' title="bbox 1071 291 1985 371">
    <p class='ocr_par' dir='ltr' id='par_1_2' title="bbox 1071 299 1985 363">
     <span class='ocr_line' id='line_1_2' title="bbox 1071 299 1985 363; baseline 0.005 -6"><span class='ocrx_word' id='word_1_2' title='bbox 1071 299 1344 358; x_wconf 78' lang='lat' dir='ltr'><strong>EUSEBII</strong></span> <span class='ocrx_word' id='word_1_3' title='bbox 1376 302 1862 363; x_wconf 66' lang='lat' dir='ltr'><strong>CASSARIENSIS</strong></span> <span class='ocrx_word' id='word_1_4' title='bbox 1892 304 1985 363; x_wconf 55' lang='lat' dir='ltr'><strong>0P1</strong></span> 
     </span>
    </p>
   </div>
   <div class='ocr_carea' id='block_1_3' title="bbox 2096 291 3036 371">
    <p class='ocr_par' dir='ltr' id='par_1_3' title="bbox 2096 291 3036 371">
     <span class='ocr_line' id='line_1_3' title="bbox 2096 291 3036 371; baseline 0.006 -8"><span class='ocrx_word' id='word_1_5' title='bbox 2096 309 2266 368; x_wconf 66' lang='lat' dir='ltr'><strong>mas</strong></span> <span class='ocrx_word' id='word_1_6' title='bbox 2304 312 2369 368; x_wconf 92' lang='lat' dir='ltr'><strong>n.</strong></span> <span class='ocrx_word' id='word_1_7' title='bbox 2411 342 2483 355; x_wconf 91' lang='grc'><strong>-</strong></span> <span class='ocrx_word' id='word_1_8' title='bbox 2518 291 3036 371; x_wconf 61' lang='grc' dir='ltr'>Αροιιοοετιολξ</span> 
     </span>
    </p>
   </div>
   <div class='ocr_carea' id='block_1_4' title="bbox 3558 316 3680 374">
    <p class='ocr_par' dir='ltr' id='par_1_4' title="bbox 3558 316 3680 374">
     <span class='ocr_line' id='line_1_4' title="bbox 3558 316 3680 374; baseline 0.025 -3"><span class='ocrx_word' id='word_1_9' title='bbox 3558 316 3680 374; x_wconf 67' lang='grc'><strong>-220</strong></span> 
     </span>
    </p>
   </div>
   <div class='ocr_carea' id='block_1_5' title="bbox 424 410 1985 502">
    <p class='ocr_par' dir='ltr' id='par_1_5' title="bbox 424 410 1985 486">
     <span class='ocr_line' id='line_1_5' title="bbox 424 410 1985 486; baseline 0.005 -18"><span class='ocrx_word' id='word_1_10' title='bbox 424 428 527 468; x_wconf 85' lang='lat' dir='ltr'><strong>cur</strong></span> <span class='ocrx_word' id='word_1_11' title='bbox 552 425 660 468; x_wconf 88' lang='lat' dir='ltr'><strong>non</strong></span> <span class='ocrx_word' id='word_1_12' title='bbox 681 410 787 469; x_wconf 87' lang='lat' dir='ltr'><strong>hoc</strong></span> <span class='ocrx_word' id='word_1_13' title='bbox 812 412 972 484; x_wconf 87' lang='lat' dir='ltr'><strong>plane</strong></span> <span class='ocrx_word' id='word_1_14' title='bbox 993 413 1059 469; x_wconf 89' lang='lat' dir='ltr'><strong>ad</strong></span> <span class='ocrx_word' id='word_1_15' title='bbox 1079 414 1338 472; x_wconf 82' lang='lat' dir='ltr'><strong>invidiam</strong></span> <span class='ocrx_word' id='word_1_16' title='bbox 1356 418 1648 475; x_wconf 76' lang='lat' dir='ltr'><strong>referatur?</strong></span> <span class='ocrx_word' id='word_1_17' title='bbox 1662 418 1818 486; x_wconf 94' lang='lat' dir='ltr'><strong>Quod</strong></span> <span class='ocrx_word' id='word_1_18' title='bbox 1840 421 1886 475; x_wconf 89' lang='lat' dir='ltr'><strong>si</strong></span> <span class='ocrx_word' id='word_1_19' title='bbox 1911 420 1985 476; x_wconf 26' lang='lat' dir='ltr'><strong>de!</strong></span> 
     </span>
    </p>
   </div>
   <div class='ocr_carea' id='block_1_6' title="bbox 2096 410 3681 502">
    <p class='ocr_par' dir='ltr' id='par_1_6' title="bbox 2107 425 3681 502">
     <span class='ocr_line' id='line_1_6' title="bbox 2107 425 3681 502; baseline 0.004 -24"><span class='ocrx_word' id='word_1_20' title='bbox 2107 442 2223 492; x_wconf 89' lang='grc' dir='ltr'>του,</span> <span class='ocrx_word' id='word_1_21' title='bbox 2246 427 2339 480; x_wconf 77' lang='grc' dir='ltr'>καὶ</span> <span class='ocrx_word' id='word_1_22' title='bbox 2363 426 2453 480; x_wconf 85' lang='grc' dir='ltr'>τὸν</span> <span class='ocrx_word' id='word_1_23' title='bbox 2479 425 2540 491; x_wconf 84' lang='grc' dir='ltr'>ἐξ</span> <span class='ocrx_word' id='word_1_24' title='bbox 2562 425 2813 482; x_wconf 83' lang='grc' dir='ltr'><strong>ἀκανθῶν</strong></span> <span class='ocrx_word' id='word_1_25' title='bbox 2844 427 3105 497; x_wconf 82' lang='grc' dir='ltr'>στέφανον</span> <span class='ocrx_word' id='word_1_26' title='bbox 3136 429 3223 481; x_wconf 79' lang='grc' dir='ltr'>ἐπ’</span> <span class='ocrx_word' id='word_1_27' title='bbox 3249 429 3445 502; x_wconf 78' lang='grc' dir='ltr'><strong>ἀτιμίᾳ</strong></span> <span class='ocrx_word' id='word_1_28' title='bbox 3472 446 3681 502; x_wconf 79' lang='grc' dir='ltr'>περιτι-</span> 
     </span>
    </p>
   </div>
   <div class='ocr_carea' id='block_1_7' title="bbox 425 503 2003 581">
    <p class='ocr_par' dir='ltr' id='par_1_7' title="bbox 425 503 2003 581">
     <span class='ocr_line' id='line_1_7' title="bbox 425 503 2003 581; baseline 0.004 -20"><span class='ocrx_word' id='word_1_29' title='bbox 425 519 551 561; x_wconf 88' lang='lat' dir='ltr'><strong>mus</strong></span> <span class='ocrx_word' id='word_1_30' title='bbox 573 504 699 562; x_wconf 89' lang='lat' dir='ltr'><strong>illos</strong></span> <span class='ocrx_word' id='word_1_31' title='bbox 726 504 794 560; x_wconf 92' lang='lat' dir='ltr'><strong>de</strong></span> <span class='ocrx_word' id='word_1_32' title='bbox 813 503 1150 576; x_wconf 63' lang='lat' dir='ltr'><strong>Praaceptore</strong></span> <span class='ocrx_word' id='word_1_33' title='bbox 1179 506 1349 565; x_wconf 88' lang='lat' dir='ltr'><strong>fuisse</strong></span> <span class='ocrx_word' id='word_1_34' title='bbox 1381 509 1664 576; x_wconf 87' lang='lat' dir='ltr'><strong>mentitos,</strong></span> <span class='ocrx_word' id='word_1_35' title='bbox 1687 517 1880 581; x_wconf 83' lang='lat' dir='ltr'><strong>etquae</strong></span> <span class='ocrx_word' id='word_1_36' title='bbox 1910 510 2003 568; x_wconf 93' lang='lat' dir='ltr'><strong>ille</strong></span> 
     </span>
    </p>
   </div>
   <div class='ocr_carea' id='block_1_8' title="bbox 425 597 2002 671">
    <p class='ocr_par' dir='ltr' id='par_1_8' title="bbox 425 597 2002 671">
     <span class='ocr_line' id='line_1_8' title="bbox 425 597 2002 671; baseline 0.004 -21"><span class='ocrx_word' id='word_1_37' title='bbox 425 611 707 667; x_wconf 79' lang='lat' dir='ltr'><strong>nunquam</strong></span> <span class='ocrx_word' id='word_1_38' title='bbox 735 597 923 653; x_wconf 88' lang='lat' dir='ltr'><strong>fecerit</strong></span> <span class='ocrx_word' id='word_1_39' title='bbox 945 598 1165 669; x_wconf 74' lang='lat' dir='ltr'><strong>scriptis</strong></span> <span class='ocrx_word' id='word_1_40' title='bbox 1185 600 1302 656; x_wconf 90' lang='lat' dir='ltr'><strong>suis</strong></span> <span class='ocrx_word' id='word_1_41' title='bbox 1323 602 1658 671; x_wconf 81' lang='lat' dir='ltr'><strong>complexos,</strong></span> <span class='ocrx_word' id='word_1_42' title='bbox 1682 618 1813 657; x_wconf 89' lang='lat' dir='ltr'><strong>num</strong></span> <span class='ocrx_word' id='word_1_43' title='bbox 1835 603 2002 658; x_wconf 87' lang='lat' dir='ltr'><strong>etiam</strong></span> 
     </span>
    </p>
   </div>
   <div class='ocr_carea' id='block_1_9' title="bbox 423 687 2001 764">
    <p class='ocr_par' dir='ltr' id='par_1_9' title="bbox 423 687 2001 764">
     <span class='ocr_line' id='line_1_9' title="bbox 423 687 2001 764; baseline 0.004 -22"><span class='ocrx_word' id='word_1_44' title='bbox 423 687 495 743; x_wconf 90' lang='lat' dir='ltr'><strong>de</strong></span> <span class='ocrx_word' id='word_1_45' title='bbox 526 688 598 744; x_wconf 91' lang='lat' dir='ltr'><strong>iis</strong></span> <span class='ocrx_word' id='word_1_46' title='bbox 624 690 901 753; x_wconf 89' lang='lat' dir='ltr'><strong>mentitos,</strong></span> <span class='ocrx_word' id='word_1_47' title='bbox 941 706 1062 760; x_wconf 80' lang='lat' dir='ltr'><strong>qua:</strong></span> <span class='ocrx_word' id='word_1_48' title='bbox 1092 691 1235 747; x_wconf 91' lang='lat' dir='ltr'><strong>idem</strong></span> <span class='ocrx_word' id='word_1_49' title='bbox 1265 707 1460 762; x_wconf 90' lang='lat' dir='ltr'><strong>passus</strong></span> <span class='ocrx_word' id='word_1_50' title='bbox 1488 701 1593 758; x_wconf 89' lang='lat' dir='ltr'><strong>est,</strong></span> <span class='ocrx_word' id='word_1_51' title='bbox 1627 693 1760 750; x_wconf 90' lang='lat' dir='ltr'><strong>dare</strong></span> <span class='ocrx_word' id='word_1_52' title='bbox 1804 709 2001 764; x_wconf 87' lang='lat' dir='ltr'><strong>possu-</strong></span> 
     </span>
    </p>
   </div>
   <div class='ocr_carea' id='block_1_10' title="bbox 424 774 1998 856">
    <p class='ocr_par' dir='ltr' id='par_1_10' title="bbox 424 774 1998 856">
     <span class='ocr_line' id='line_1_10' title="bbox 424 774 1998 856; baseline 0.005 -23"><span class='ocrx_word' id='word_1_53' title='bbox 424 779 590 836; x_wconf 76' lang='lat' dir='ltr'><strong>mus?</strong></span> <span class='ocrx_word' id='word_1_54' title='bbox 608 779 735 834; x_wconf 90' lang='lat' dir='ltr'><strong>dico</strong></span> <span class='ocrx_word' id='word_1_55' title='bbox 763 774 943 835; x_wconf 85' lang='lat' dir='ltr'><strong>autem</strong></span> <span class='ocrx_word' id='word_1_56' title='bbox 976 782 1044 838; x_wconf 94' lang='lat' dir='ltr'><strong>de</strong></span> <span class='ocrx_word' id='word_1_57' title='bbox 1074 784 1237 839; x_wconf 90' lang='lat' dir='ltr'><strong>unius</strong></span> <span class='ocrx_word' id='word_1_58' title='bbox 1264 799 1331 839; x_wconf 89' lang='lat' dir='ltr'><strong>ex</strong></span> <span class='ocrx_word' id='word_1_59' title='bbox 1356 784 1639 855; x_wconf 87' lang='lat' dir='ltr'><strong>discipulis</strong></span> <span class='ocrx_word' id='word_1_60' title='bbox 1665 785 1998 856; x_wconf 76' lang='lat' dir='ltr'><strong>proditione,</strong></span> 
     </span>
    </p>
   </div>
   <div class='ocr_carea' id='block_1_11' title="bbox 421 869 2001 940">
    <p class='ocr_par' dir='ltr' id='par_1_11' title="bbox 421 869 2001 940">
     <span class='ocr_line' id='line_1_11' title="bbox 421 869 2001 940; baseline 0.005 -16"><span class='ocrx_word' id='word_1_61' title='bbox 421 869 492 925; x_wconf 89' lang='lat' dir='ltr'><strong>de</strong></span> <span class='ocrx_word' id='word_1_62' title='bbox 531 869 827 927; x_wconf 89' lang='lat' dir='ltr'><strong>calumniis</strong></span> <span class='ocrx_word' id='word_1_63' title='bbox 851 872 1286 940; x_wconf 82' lang='lat' dir='ltr'><strong>criminantium,</strong></span> <span class='ocrx_word' id='word_1_64' title='bbox 1319 875 1387 931; x_wconf 93' lang='lat' dir='ltr'><strong>de</strong></span> <span class='ocrx_word' id='word_1_65' title='bbox 1419 876 1675 932; x_wconf 88' lang='lat' dir='ltr'><strong>ludibriis</strong></span> <span class='ocrx_word' id='word_1_66' title='bbox 1703 884 1759 932; x_wconf 91' lang='lat' dir='ltr'><strong>et</strong></span> <span class='ocrx_word' id='word_1_67' title='bbox 1789 877 2001 934; x_wconf 89' lang='lat' dir='ltr'><strong>irrisio-</strong></span> 
     </span>
    </p>
   </div>
   <div class='ocr_carea' id='block_1_12' title="bbox 421 961 1996 1038">
    <p class='ocr_par' dir='ltr' id='par_1_12' title="bbox 421 961 1996 1038">
     <span class='ocr_line' id='line_1_12' title="bbox 421 961 1996 1038; baseline 0.009 -24"><span class='ocrx_word' id='word_1_68' title='bbox 421 961 590 1017; x_wconf 90' lang='lat' dir='ltr'><strong>nibus</strong></span> <span class='ocrx_word' id='word_1_69' title='bbox 608 961 879 1031; x_wconf 85' lang='lat' dir='ltr'><strong>judicum,</strong></span> <span class='ocrx_word' id='word_1_70' title='bbox 917 965 985 1021; x_wconf 88' lang='lat' dir='ltr'><strong>de</strong></span> <span class='ocrx_word' id='word_1_71' title='bbox 1017 969 1384 1034; x_wconf 84' lang='lat' dir='ltr'><strong>contumeliis,</strong></span> <span class='ocrx_word' id='word_1_72' title='bbox 1418 970 1487 1025; x_wconf 92' lang='lat' dir='ltr'><strong>de</strong></span> <span class='ocrx_word' id='word_1_73' title='bbox 1516 970 1719 1027; x_wconf 87' lang='lat' dir='ltr'><strong>ictibus</strong></span> <span class='ocrx_word' id='word_1_74' title='bbox 1752 971 1809 1025; x_wconf 90' lang='lat' dir='ltr'><strong>in</strong></span> <span class='ocrx_word' id='word_1_75' title='bbox 1835 971 1996 1038; x_wconf 88' lang='lat' dir='ltr'><strong>facie,</strong></span> 
     </span>
    </p>
   </div>
   <div class='ocr_carea' id='block_1_13' title="bbox 420 1050 1998 1132">
    <p class='ocr_par' dir='ltr' id='par_1_13' title="bbox 420 1050 1998 1132">
     <span class='ocr_line' id='line_1_13' title="bbox 420 1050 1998 1132; baseline 0.01 -27"><span class='ocrx_word' id='word_1_76' title='bbox 420 1050 758 1124; x_wconf 82' lang='lat' dir='ltr'><strong>ﬂagellisque</strong></span> <span class='ocrx_word' id='word_1_77' title='bbox 786 1056 841 1110; x_wconf 90' lang='lat' dir='ltr'><strong>in</strong></span> <span class='ocrx_word' id='word_1_78' title='bbox 874 1065 1024 1128; x_wconf 85' lang='lat' dir='ltr'><strong>tergo</strong></span> <span class='ocrx_word' id='word_1_79' title='bbox 1056 1078 1069 1112; x_wconf 93' lang='lat'><strong>:</strong></span> <span class='ocrx_word' id='word_1_80' title='bbox 1104 1059 1173 1115; x_wconf 90' lang='lat' dir='ltr'><strong>de</strong></span> <span class='ocrx_word' id='word_1_81' title='bbox 1206 1075 1411 1116; x_wconf 86' lang='lat' dir='ltr'><strong>corona</strong></span> <span class='ocrx_word' id='word_1_82' title='bbox 1442 1063 1648 1132; x_wconf 86' lang='lat' dir='ltr'><strong>spinea,</strong></span> <span class='ocrx_word' id='word_1_83' title='bbox 1667 1077 1787 1132; x_wconf 74' lang='lat' dir='ltr'><strong>qua:</strong></span> <span class='ocrx_word' id='word_1_84' title='bbox 1817 1064 1894 1118; x_wconf 92' lang='lat' dir='ltr'><strong>illi</strong></span> <span class='ocrx_word' id='word_1_85' title='bbox 1930 1064 1998 1120; x_wconf 90' lang='lat' dir='ltr'><strong>ad</strong></span> 
     </span>
    </p>
   </div>
   <div class='ocr_carea' id='block_1_14' title="bbox 421 1141 1994 1222">
    <p class='ocr_par' dir='ltr' id='par_1_14' title="bbox 421 1141 1994 1222">
     <span class='ocr_line' id='line_1_14' title="bbox 421 1141 1994 1222; baseline 0.008 -26"><span class='ocrx_word' id='word_1_86' title='bbox 421 1141 775 1212; x_wconf 76' lang='lat' dir='ltr'><strong>ignominiam</strong></span> <span class='ocrx_word' id='word_1_87' title='bbox 806 1145 1061 1215; x_wconf 88' lang='lat' dir='ltr'><strong>imposita</strong></span> <span class='ocrx_word' id='word_1_88' title='bbox 1092 1157 1178 1204; x_wconf 89' lang='lat' dir='ltr'><strong>est</strong></span> <span class='ocrx_word' id='word_1_89' title='bbox 1203 1168 1217 1205; x_wconf 87' lang='lat'><strong>:</strong></span> <span class='ocrx_word' id='word_1_90' title='bbox 1247 1150 1315 1205; x_wconf 90' lang='lat' dir='ltr'><strong>de</strong></span> <span class='ocrx_word' id='word_1_91' title='bbox 1335 1166 1613 1222; x_wconf 90' lang='lat' dir='ltr'><strong>purpureo</strong></span> <span class='ocrx_word' id='word_1_92' title='bbox 1644 1153 1994 1219; x_wconf 82' lang='lat' dir='ltr'><strong>vestimento,</strong></span> 
     </span>
    </p>
   </div>
   <div class='ocr_carea' id='block_1_15' title="bbox 421 1233 1998 1311">
    <p class='ocr_par' dir='ltr' id='par_1_15' title="bbox 421 1233 1998 1311">
     <span class='ocr_line' id='line_1_15' title="bbox 421 1233 1998 1311; baseline 0.01 -26"><span class='ocrx_word' id='word_1_93' title='bbox 421 1233 569 1301; x_wconf 86' lang='lat' dir='ltr'><strong>quod</strong></span> <span class='ocrx_word' id='word_1_94' title='bbox 598 1233 775 1289; x_wconf 87' lang='lat' dir='ltr'><strong>instar</strong></span> <span class='ocrx_word' id='word_1_95' title='bbox 800 1237 1102 1311; x_wconf 87' lang='lat' dir='ltr'><strong>chlamydis</strong></span> <span class='ocrx_word' id='word_1_96' title='bbox 1126 1241 1203 1295; x_wconf 92' lang='lat' dir='ltr'><strong>illi</strong></span> <span class='ocrx_word' id='word_1_97' title='bbox 1232 1243 1627 1299; x_wconf 87' lang='lat' dir='ltr'><strong>circumdatum</strong></span> <span class='ocrx_word' id='word_1_98' title='bbox 1657 1252 1741 1301; x_wconf 89' lang='lat' dir='ltr'><strong>est</strong></span> <span class='ocrx_word' id='word_1_99' title='bbox 1773 1264 1788 1301; x_wconf 92' lang='lat'><strong>:</strong></span> <span class='ocrx_word' id='word_1_100' title='bbox 1813 1246 1882 1302; x_wconf 86' lang='lat' dir='ltr'><strong>de</strong></span> <span class='ocrx_word' id='word_1_101' title='bbox 1903 1247 1998 1301; x_wconf 91' lang='lat' dir='ltr'><strong>illo</strong></span> 
     </span>
    </p>
   </div>
   <div class='ocr_carea' id='block_1_16' title="bbox 418 1324 1996 1411">
    <p class='ocr_par' dir='ltr' id='par_1_16' title="bbox 418 1324 1996 1411">
     <span class='ocr_line' id='line_1_16' title="bbox 418 1324 1996 1411; baseline 0.012 -32"><span class='ocrx_word' id='word_1_102' title='bbox 418 1324 541 1395; x_wconf 91' lang='lat' dir='ltr'><strong>ipso</strong></span> <span class='ocrx_word' id='word_1_103' title='bbox 570 1327 804 1398; x_wconf 91' lang='lat' dir='ltr'><strong>denique</strong></span> <span class='ocrx_word' id='word_1_104' title='bbox 823 1344 1041 1387; x_wconf 87' lang='lat' dir='ltr'><strong>crucem</strong></span> <span class='ocrx_word' id='word_1_105' title='bbox 1070 1335 1227 1404; x_wconf 90' lang='lat' dir='ltr'><strong>quasi</strong></span> <span class='ocrx_word' id='word_1_106' title='bbox 1258 1345 1525 1408; x_wconf 62' lang='lat' dir='ltr'><strong>tropaeum</strong></span> <span class='ocrx_word' id='word_1_107' title='bbox 1554 1340 1774 1411; x_wconf 86' lang='lat' dir='ltr'><strong>aliquod</strong></span> <span class='ocrx_word' id='word_1_108' title='bbox 1805 1340 1996 1398; x_wconf 89' lang='lat' dir='ltr'><strong>hume-</strong></span> 
     </span>
    </p>
   </div>
   <div class='ocr_carea' id='block_1_17' title="bbox 418 1417 1996 1505">
    <p class='ocr_par' dir='ltr' id='par_1_17' title="bbox 418 1417 1996 1505">
     <span class='ocr_line' id='line_1_17' title="bbox 418 1417 1996 1505; baseline 0.011 -32"><span class='ocrx_word' id='word_1_109' title='bbox 418 1417 501 1473; x_wconf 90' lang='lat' dir='ltr'><strong>ris</strong></span> <span class='ocrx_word' id='word_1_110' title='bbox 527 1427 796 1489; x_wconf 75' lang='lat' dir='ltr'><strong>gestante,</strong></span> <span class='ocrx_word' id='word_1_111' title='bbox 847 1432 899 1478; x_wconf 88' lang='lat' dir='ltr'><strong>et</strong></span> <span class='ocrx_word' id='word_1_112' title='bbox 941 1423 999 1479; x_wconf 93' lang='lat' dir='ltr'><strong>in</strong></span> <span class='ocrx_word' id='word_1_113' title='bbox 1031 1440 1095 1480; x_wconf 89' lang='lat' dir='ltr'><strong>ea</strong></span> <span class='ocrx_word' id='word_1_114' title='bbox 1146 1427 1337 1492; x_wconf 86' lang='lat' dir='ltr'><strong>inﬁxo,</strong></span> <span class='ocrx_word' id='word_1_115' title='bbox 1368 1431 1621 1487; x_wconf 89' lang='lat' dir='ltr'><strong>manibus</strong></span> <span class='ocrx_word' id='word_1_116' title='bbox 1655 1433 1996 1505; x_wconf 88' lang='lat' dir='ltr'><strong>pedibusque</strong></span> 
     </span>
    </p>
   </div>
   <div class='ocr_carea' id='block_1_18' title="bbox 418 1509 1990 1595">
    <p class='ocr_par' dir='ltr' id='par_1_18' title="bbox 418 1509 1990 1595">
     <span class='ocr_line' id='line_1_18' title="bbox 418 1509 1990 1595; baseline 0.013 -33"><span class='ocrx_word' id='word_1_117' title='bbox 418 1509 683 1579; x_wconf 74' lang='lat' dir='ltr'><strong>trajectis,</strong></span> <span class='ocrx_word' id='word_1_118' title='bbox 716 1512 785 1567; x_wconf 90' lang='lat' dir='ltr'><strong>de</strong></span> <span class='ocrx_word' id='word_1_119' title='bbox 812 1520 969 1569; x_wconf 87' lang='lat' dir='ltr'><strong>aceto</strong></span> <span class='ocrx_word' id='word_1_120' title='bbox 989 1518 1132 1586; x_wconf 93' lang='lat' dir='ltr'><strong>quod</strong></span> <span class='ocrx_word' id='word_1_121' title='bbox 1166 1519 1241 1574; x_wconf 92' lang='lat' dir='ltr'><strong>illi</strong></span> <span class='ocrx_word' id='word_1_122' title='bbox 1273 1528 1437 1592; x_wconf 89' lang='lat' dir='ltr'><strong>potus</strong></span> <span class='ocrx_word' id='word_1_123' title='bbox 1466 1523 1588 1579; x_wconf 90' lang='lat' dir='ltr'><strong>loco</strong></span> <span class='ocrx_word' id='word_1_124' title='bbox 1607 1536 1990 1595; x_wconf 81' lang='lat' dir='ltr'><strong>porrexerunt,</strong></span> 
     </span>
    </p>
   </div>
   <div class='ocr_carea' id='block_1_19' title="bbox 415 1596 1995 1683">
    <p class='ocr_par' dir='ltr' id='par_1_19' title="bbox 415 1596 1995 1683">
     <span class='ocr_line' id='line_1_19' title="bbox 415 1596 1995 1683; baseline 0.014 -32"><span class='ocrx_word' id='word_1_125' title='bbox 415 1596 488 1653; x_wconf 89' lang='lat' dir='ltr'><strong>de</strong></span> <span class='ocrx_word' id='word_1_126' title='bbox 517 1599 788 1656; x_wconf 76' lang='lat' dir='ltr'><strong>arundine</strong></span> <span class='ocrx_word' id='word_1_127' title='bbox 816 1617 925 1672; x_wconf 91' lang='lat' dir='ltr'><strong>qua</strong></span> <span class='ocrx_word' id='word_1_128' title='bbox 955 1604 1103 1661; x_wconf 92' lang='lat' dir='ltr'><strong>illius</strong></span> <span class='ocrx_word' id='word_1_129' title='bbox 1129 1615 1372 1679; x_wconf 81' lang='lat' dir='ltr'><strong>tempora</strong></span> <span class='ocrx_word' id='word_1_130' title='bbox 1404 1600 1744 1683; x_wconf 86' lang='lat' dir='ltr'><strong>percussere,</strong></span> <span class='ocrx_word' id='word_1_131' title='bbox 1771 1618 1840 1673; x_wconf 92' lang='lat' dir='ltr'><strong>de</strong></span> <span class='ocrx_word' id='word_1_132' title='bbox 1860 1632 1995 1673; x_wconf 88' lang='lat' dir='ltr'><strong>con-</strong></span> 
     </span>
    </p>
   </div>
   <div class='ocr_carea' id='block_1_20' title="bbox 414 1688 1992 1776">
    <p class='ocr_par' dir='ltr' id='par_1_20' title="bbox 414 1688 1992 1776">
     <span class='ocr_line' id='line_1_20' title="bbox 414 1688 1992 1776; baseline 0.013 -33"><span class='ocrx_word' id='word_1_133' title='bbox 414 1688 574 1745; x_wconf 89' lang='lat' dir='ltr'><strong>viciis</strong></span> <span class='ocrx_word' id='word_1_134' title='bbox 615 1707 738 1763; x_wconf 74' lang='lat' dir='ltr'><strong>quae</strong></span> <span class='ocrx_word' id='word_1_135' title='bbox 775 1693 833 1748; x_wconf 93' lang='lat' dir='ltr'><strong>in</strong></span> <span class='ocrx_word' id='word_1_136' title='bbox 883 1695 1038 1750; x_wconf 91' lang='lat' dir='ltr'><strong>illum</strong></span> <span class='ocrx_word' id='word_1_137' title='bbox 1094 1713 1123 1753; x_wconf 91' lang='lat' dir='ltr'><strong>a</strong></span> <span class='ocrx_word' id='word_1_138' title='bbox 1159 1704 1534 1770; x_wconf 86' lang='lat' dir='ltr'><strong>spectantibus</strong></span> <span class='ocrx_word' id='word_1_139' title='bbox 1575 1706 1782 1776; x_wconf 88' lang='lat' dir='ltr'><strong>jactata</strong></span> <span class='ocrx_word' id='word_1_140' title='bbox 1826 1710 1992 1765; x_wconf 90' lang='lat' dir='ltr'><strong>sunt?</strong></span> 
     </span>
    </p>
   </div>
   <div class='ocr_carea' id='block_1_21' title="bbox 2104 515 3678 595">
    <p class='ocr_par' dir='ltr' id='par_1_21' title="bbox 2104 515 3678 595">
     <span class='ocr_line' id='line_1_21' title="bbox 2104 515 3678 595; baseline 0.006 -25"><span class='ocrx_word' id='word_1_141' title='bbox 2104 515 2327 588; x_wconf 86' lang='grc' dir='ltr'>θέμενον</span> <span class='ocrx_word' id='word_1_142' title='bbox 2351 518 2519 589; x_wconf 82' lang='grc' dir='ltr'>αὐτῷ,</span> <span class='ocrx_word' id='word_1_143' title='bbox 2553 518 2829 589; x_wconf 79' lang='grc' dir='ltr'><strong>φοινικοῦν</strong></span> <span class='ocrx_word' id='word_1_144' title='bbox 2852 537 2914 573; x_wconf 89' lang='grc' dir='ltr'><strong>τε</strong></span> <span class='ocrx_word' id='word_1_145' title='bbox 2948 520 3149 592; x_wconf 89' lang='grc' dir='ltr'>χιτῶνα</span> <span class='ocrx_word' id='word_1_146' title='bbox 3173 523 3231 576; x_wconf 86' lang='grc' dir='ltr'><strong>ἐν</strong></span> <span class='ocrx_word' id='word_1_147' title='bbox 3253 521 3520 595; x_wconf 75' lang='grc' dir='ltr'><strong>χλαμύδος</strong></span> <span class='ocrx_word' id='word_1_148' title='bbox 3552 520 3678 595; x_wconf 68' lang='grc' dir='ltr'>σχήυ</span> 
     </span>
    </p>
   </div>
   <div class='ocr_carea' id='block_1_22' title="bbox 2105 610 3675 682">
    <p class='ocr_par' dir='ltr' id='par_1_22' title="bbox 2105 610 3675 682">
     <span class='ocr_line' id='line_1_22' title="bbox 2105 610 3675 682; baseline 0.006 -22"><span class='ocrx_word' id='word_1_149' title='bbox 2105 626 2236 679; x_wconf 86' lang='grc' dir='ltr'>ματι</span> <span class='ocrx_word' id='word_1_150' title='bbox 2287 610 2704 682; x_wconf 77' lang='grc' dir='ltr'>περιϐληθέντα,</span> <span class='ocrx_word' id='word_1_151' title='bbox 2755 613 2852 666; x_wconf 81' lang='grc' dir='ltr'>καὶ</span> <span class='ocrx_word' id='word_1_152' title='bbox 2906 613 3058 678; x_wconf 88' lang='grc' dir='ltr'>τέλος</span> <span class='ocrx_word' id='word_1_153' title='bbox 3109 614 3269 668; x_wconf 78' lang='grc' dir='ltr'>αὐτὸν</span> <span class='ocrx_word' id='word_1_154' title='bbox 3306 614 3437 669; x_wconf 86' lang='grc' dir='ltr'>αὐτὸ</span> <span class='ocrx_word' id='word_1_155' title='bbox 3477 615 3539 669; x_wconf 78' lang='grc' dir='ltr'>τὸ</span> <span class='ocrx_word' id='word_1_156' title='bbox 3581 617 3675 670; x_wconf 84' lang='grc' dir='ltr'>τοῦ</span> 
     </span>
    </p>
   </div>
   <div class='ocr_carea' id='block_1_23' title="bbox 2103 699 3679 777">
    <p class='ocr_par' dir='ltr' id='par_1_23' title="bbox 2103 699 3679 777">
     <span class='ocr_line' id='line_1_23' title="bbox 2103 699 3679 777; baseline 0.006 -26"><span class='ocrx_word' id='word_1_157' title='bbox 2103 699 2337 771; x_wconf 72' lang='grc' dir='ltr'>σταυροῦ</span> <span class='ocrx_word' id='word_1_158' title='bbox 2370 702 2628 774; x_wconf 89' lang='grc' dir='ltr'>τρόπαιον</span> <span class='ocrx_word' id='word_1_159' title='bbox 2676 701 3101 773; x_wconf 74' lang='grc' dir='ltr'>ἐπικομίζονταο</span> <span class='ocrx_word' id='word_1_160' title='bbox 3144 705 3203 759; x_wconf 88' lang='grc' dir='ltr'><strong>ἐν</strong></span> <span class='ocrx_word' id='word_1_161' title='bbox 3249 705 3425 777; x_wconf 85' lang='grc' dir='ltr'>τούτῳ</span> <span class='ocrx_word' id='word_1_162' title='bbox 3469 723 3530 759; x_wconf 90' lang='grc' dir='ltr'><strong>τε</strong></span> <span class='ocrx_word' id='word_1_163' title='bbox 3572 723 3679 777; x_wconf 85' lang='grc' dir='ltr'>πη-</span> 
     </span>
    </p>
   </div>
   <div class='ocr_carea' id='block_1_24' title="bbox 2100 787 3678 865">
    <p class='ocr_par' dir='ltr' id='par_1_24' title="bbox 2100 787 3678 865">
     <span class='ocr_line' id='line_1_24' title="bbox 2100 787 3678 865; baseline 0.005 -23"><span class='ocrx_word' id='word_1_164' title='bbox 2100 787 2388 859; x_wconf 86' lang='grc' dir='ltr'>γνύμενον,</span> <span class='ocrx_word' id='word_1_165' title='bbox 2435 790 2529 844; x_wconf 75' lang='grc' dir='ltr'>καὶ</span> <span class='ocrx_word' id='word_1_166' title='bbox 2580 792 2770 861; x_wconf 88' lang='grc' dir='ltr'>χεῖρας</span> <span class='ocrx_word' id='word_1_167' title='bbox 2821 792 2918 845; x_wconf 75' lang='grc' dir='ltr'>καὶ</span> <span class='ocrx_word' id='word_1_168' title='bbox 2963 792 3133 856; x_wconf 85' lang='grc' dir='ltr'>πόδας</span> <span class='ocrx_word' id='word_1_169' title='bbox 3187 794 3678 865; x_wconf 80' lang='grc' dir='ltr'>καταπειρόμενον,</span> 
     </span>
    </p>
   </div>
   <div class='ocr_carea' id='block_1_25' title="bbox 2098 880 3679 956">
    <p class='ocr_par' dir='ltr' id='par_1_25' title="bbox 2098 880 3679 956">
     <span class='ocr_line' id='line_1_25' title="bbox 2098 880 3679 956; baseline 0.005 -23"><span class='ocrx_word' id='word_1_170' title='bbox 2098 880 2209 948; x_wconf 74' lang='grc' dir='ltr'>ὄξει</span> <span class='ocrx_word' id='word_1_171' title='bbox 2263 900 2324 936; x_wconf 90' lang='grc' dir='ltr'><strong>τε</strong></span> <span class='ocrx_word' id='word_1_172' title='bbox 2367 881 2746 954; x_wconf 79' lang='grc' dir='ltr'>ποτιζόμενον,</span> <span class='ocrx_word' id='word_1_173' title='bbox 2793 883 2890 936; x_wconf 75' lang='grc' dir='ltr'>καὶ</span> <span class='ocrx_word' id='word_1_174' title='bbox 2940 883 3233 954; x_wconf 82' lang='grc' dir='ltr'>παιόμενον</span> <span class='ocrx_word' id='word_1_175' title='bbox 3279 885 3423 939; x_wconf 83' lang='grc' dir='ltr'>κατὰ</span> <span class='ocrx_word' id='word_1_176' title='bbox 3475 886 3679 956; x_wconf 70' lang='grc' dir='ltr'>κόρρης</span> 
     </span>
    </p>
   </div>
   <div class='ocr_carea' id='block_1_26' title="bbox 2100 972 3677 1045">
    <p class='ocr_par' dir='ltr' id='par_1_26' title="bbox 2100 972 3677 1045">
     <span class='ocr_line' id='line_1_26' title="bbox 2100 972 3677 1045; baseline -0.001 -18"><span class='ocrx_word' id='word_1_177' title='bbox 2100 973 2364 1044; x_wconf 83' lang='grc' dir='ltr'><strong>καλάμῳ,</strong></span> <span class='ocrx_word' id='word_1_178' title='bbox 2420 974 2517 1027; x_wconf 81' lang='grc' dir='ltr'>καὶ</span> <span class='ocrx_word' id='word_1_179' title='bbox 2580 972 2718 1044; x_wconf 87' lang='grc' dir='ltr'>πρὸς</span> <span class='ocrx_word' id='word_1_180' title='bbox 2760 972 2870 1026; x_wconf 90' lang='grc' dir='ltr'><strong>τῶν</strong></span> <span class='ocrx_word' id='word_1_181' title='bbox 2924 972 3175 1044; x_wconf 84' lang='grc' dir='ltr'>ὁρώντων</span> <span class='ocrx_word' id='word_1_182' title='bbox 3235 974 3677 1045; x_wconf 79' lang='grc' dir='ltr'>ὀνειδιζόμενον;</span> 
     </span>
    </p>
   </div>
   <div class='ocr_carea' id='block_1_27' title="bbox 2112 1062 3677 1137">
    <p class='ocr_par' dir='ltr' id='par_1_27' title="bbox 2112 1062 3677 1137">
     <span class='ocr_line' id='line_1_27' title="bbox 2112 1062 3677 1137; baseline 0.003 -23"><span class='ocrx_word' id='word_1_183' title='bbox 2112 1062 2272 1116; x_wconf 86' lang='grc' dir='ltr'><strong>Ἀλλά</strong></span> <span class='ocrx_word' id='word_1_184' title='bbox 2302 1062 2411 1135; x_wconf 82' lang='grc' dir='ltr'><strong>γὰρ</strong></span> <span class='ocrx_word' id='word_1_185' title='bbox 2442 1065 2536 1117; x_wconf 74' lang='grc' dir='ltr'>καὶ</span> <span class='ocrx_word' id='word_1_186' title='bbox 2571 1062 2766 1127; x_wconf 81' lang='grc' dir='ltr'>ταῦτα,</span> <span class='ocrx_word' id='word_1_187' title='bbox 2811 1064 2906 1117; x_wconf 78' lang='grc' dir='ltr'>καὶ</span> <span class='ocrx_word' id='word_1_188' title='bbox 2941 1063 3041 1117; x_wconf 86' lang='grc' dir='ltr'>ὅσα</span> <span class='ocrx_word' id='word_1_189' title='bbox 3069 1064 3275 1129; x_wconf 84' lang='grc' dir='ltr'>τούτοις</span> <span class='ocrx_word' id='word_1_190' title='bbox 3318 1066 3677 1137; x_wconf 81' lang='grc' dir='ltr'><strong>συμφέρεται,</strong></span> 
     </span>
    </p>
   </div>
   <div class='ocr_carea' id='block_1_28' title="bbox 2096 1155 3677 1230">
    <p class='ocr_par' dir='ltr' id='par_1_28' title="bbox 2096 1155 3677 1230">
     <span class='ocr_line' id='line_1_28' title="bbox 2096 1155 3677 1230; baseline 0.001 -21"><span class='ocrx_word' id='word_1_191' title='bbox 2096 1156 2297 1226; x_wconf 88' lang='grc' dir='ltr'>ὁμοίως</span> <span class='ocrx_word' id='word_1_192' title='bbox 2340 1155 2646 1211; x_wconf 82' lang='grc' dir='ltr'>πεπλάσθαι</span> <span class='ocrx_word' id='word_1_193' title='bbox 2692 1156 2797 1227; x_wconf 81' lang='grc' dir='ltr'>χρὴ</span> <span class='ocrx_word' id='word_1_194' title='bbox 2843 1157 2982 1228; x_wconf 76' lang='grc' dir='ltr'>πρὸς</span> <span class='ocrx_word' id='word_1_195' title='bbox 3021 1156 3129 1211; x_wconf 85' lang='grc' dir='ltr'><strong>τῶν</strong></span> <span class='ocrx_word' id='word_1_196' title='bbox 3177 1157 3341 1212; x_wconf 76' lang='grc' dir='ltr'>αὐτοῦ</span> <span class='ocrx_word' id='word_1_197' title='bbox 3395 1158 3677 1230; x_wconf 82' lang='grc' dir='ltr'><strong>μαθητῶν,</strong></span> 
     </span>
    </p>
   </div>
   <div class='ocr_carea' id='block_1_29' title="bbox 2096 1245 3677 1321">
    <p class='ocr_par' dir='ltr' id='par_1_29' title="bbox 2096 1245 3677 1321">
     <span class='ocr_line' id='line_1_29' title="bbox 2096 1245 3677 1321; baseline 0.004 -23"><span class='ocrx_word' id='word_1_198' title='bbox 2096 1246 2130 1317; x_wconf 79' lang='grc' dir='ltr'>ἢ</span> <span class='ocrx_word' id='word_1_199' title='bbox 2171 1247 2230 1299; x_wconf 83' lang='grc' dir='ltr'><strong>ἐν</strong></span> <span class='ocrx_word' id='word_1_200' title='bbox 2276 1245 2488 1310; x_wconf 87' lang='grc' dir='ltr'>τούτοις</span> <span class='ocrx_word' id='word_1_201' title='bbox 2551 1248 2651 1318; x_wconf 84' lang='grc' dir='ltr'>μὲν</span> <span class='ocrx_word' id='word_1_202' title='bbox 2687 1248 2793 1320; x_wconf 85' lang='grc' dir='ltr'>χρὴ</span> <span class='ocrx_word' id='word_1_203' title='bbox 2836 1247 3115 1301; x_wconf 83' lang='grc' dir='ltr'>πιστεύειν</span> <span class='ocrx_word' id='word_1_204' title='bbox 3143 1247 3327 1312; x_wconf 82' lang='grc' dir='ltr'>αὐτοῖς</span> <span class='ocrx_word' id='word_1_205' title='bbox 3359 1249 3435 1313; x_wconf 84' lang='grc' dir='ltr'>ὠς</span> <span class='ocrx_word' id='word_1_206' title='bbox 3477 1250 3677 1321; x_wconf 74' lang='grc' dir='ltr'>ἀληθε-</span> 
     </span>
    </p>
   </div>
   <div class='ocr_carea' id='block_1_30' title="bbox 2098 1338 3679 1415">
    <p class='ocr_par' dir='ltr' id='par_1_30' title="bbox 2098 1338 3679 1415">
     <span class='ocr_line' id='line_1_30' title="bbox 2098 1338 3679 1415; baseline 0.003 -25"><span class='ocrx_word' id='word_1_207' title='bbox 2098 1339 2332 1402; x_wconf 86' lang='grc' dir='ltr'>στάτοις,</span> <span class='ocrx_word' id='word_1_208' title='bbox 2367 1339 2428 1392; x_wconf 89' lang='grc' dir='ltr'><strong>ἐν</strong></span> <span class='ocrx_word' id='word_1_209' title='bbox 2464 1338 2522 1392; x_wconf 87' lang='grc' dir='ltr'><strong>δέ</strong></span> <span class='ocrx_word' id='word_1_210' title='bbox 2561 1342 2674 1402; x_wconf 89' lang='grc' dir='ltr'>τοῖς</span> <span class='ocrx_word' id='word_1_211' title='bbox 2716 1338 2981 1405; x_wconf 79' lang='grc' dir='ltr'>ἐπιδόξοις</span> <span class='ocrx_word' id='word_1_212' title='bbox 3016 1339 3109 1392; x_wconf 79' lang='grc' dir='ltr'>καὶ</span> <span class='ocrx_word' id='word_1_213' title='bbox 3164 1340 3505 1415; x_wconf 82' lang='grc' dir='ltr'>σεμνοτέροις</span> <span class='ocrx_word' id='word_1_214' title='bbox 3546 1342 3679 1396; x_wconf 84' lang='grc' dir='ltr'>ἀπι-</span> 
     </span>
    </p>
   </div>
   <div class='ocr_carea' id='block_1_31' title="bbox 2097 1432 3678 1506">
    <p class='ocr_par' dir='ltr' id='par_1_31' title="bbox 2097 1432 3678 1506">
     <span class='ocr_line' id='line_1_31' title="bbox 2097 1432 3678 1506; baseline 0.002 -21"><span class='ocrx_word' id='word_1_215' title='bbox 2097 1435 2259 1488; x_wconf 84' lang='grc' dir='ltr'>στεῖν.</span> <span class='ocrx_word' id='word_1_216' title='bbox 2289 1433 2400 1486; x_wconf 83' lang='grc' dir='ltr'><strong>Καὶ</strong></span> <span class='ocrx_word' id='word_1_217' title='bbox 2432 1432 2596 1486; x_wconf 87' lang='grc' dir='ltr'>πόθεν</span> <span class='ocrx_word' id='word_1_218' title='bbox 2625 1433 2687 1486; x_wconf 86' lang='grc' dir='ltr'>τὸ</span> <span class='ocrx_word' id='word_1_219' title='bbox 2721 1433 2848 1504; x_wconf 83' lang='grc' dir='ltr'>περὶ</span> <span class='ocrx_word' id='word_1_220' title='bbox 2875 1434 3074 1497; x_wconf 80' lang='grc' dir='ltr'>αὐτοὺς</span> <span class='ocrx_word' id='word_1_221' title='bbox 3105 1433 3346 1487; x_wconf 82' lang='grc' dir='ltr'>ἐναντίον</span> <span class='ocrx_word' id='word_1_222' title='bbox 3375 1434 3555 1506; x_wconf 81' lang='grc' dir='ltr'>δόγμα</span> <span class='ocrx_word' id='word_1_223' title='bbox 3578 1452 3678 1488; x_wconf 88' lang='grc' dir='ltr'>συ-</span> 
     </span>
    </p>
   </div>
   <div class='ocr_carea' id='block_1_32' title="bbox 2096 1524 3681 1597">
    <p class='ocr_par' dir='ltr' id='par_1_32' title="bbox 2096 1524 3681 1597">
     <span class='ocr_line' id='line_1_32' title="bbox 2096 1524 3681 1597; baseline 0.004 -21"><span class='ocrx_word' id='word_1_224' title='bbox 2096 1525 2387 1594; x_wconf 84' lang='grc' dir='ltr'>στήσεται;</span> <span class='ocrx_word' id='word_1_225' title='bbox 2416 1524 2489 1579; x_wconf 84' lang='grc' dir='ltr'>Τὸ</span> <span class='ocrx_word' id='word_1_226' title='bbox 2518 1525 2625 1597; x_wconf 81' lang='grc' dir='ltr'><strong>γὰρ</strong></span> <span class='ocrx_word' id='word_1_227' title='bbox 2648 1525 2932 1597; x_wconf 80' lang='grc' dir='ltr'>ἀληθεύειν</span> <span class='ocrx_word' id='word_1_228' title='bbox 2959 1526 3088 1591; x_wconf 82' lang='grc' dir='ltr'>τοὺς</span> <span class='ocrx_word' id='word_1_229' title='bbox 3120 1527 3318 1592; x_wconf 80' lang='grc' dir='ltr'>αὐτοὺς</span> <span class='ocrx_word' id='word_1_230' title='bbox 3358 1530 3545 1597; x_wconf 84' lang='grc' dir='ltr'>φάναι,</span> <span class='ocrx_word' id='word_1_231' title='bbox 3580 1531 3681 1582; x_wconf 80' lang='grc' dir='ltr'>καὶ</span> 
     </span>
    </p>
   </div>
   <div class='ocr_carea' id='block_1_33' title="bbox 2094 1615 3680 1687">
    <p class='ocr_par' dir='ltr' id='par_1_33' title="bbox 2094 1615 3680 1687">
     <span class='ocr_line' id='line_1_33' title="bbox 2094 1615 3680 1687; baseline 0.004 -20"><span class='ocrx_word' id='word_1_232' title='bbox 2094 1617 2151 1667; x_wconf 84' lang='grc' dir='ltr'><strong>ἐν</strong></span> <span class='ocrx_word' id='word_1_233' title='bbox 2178 1616 2254 1686; x_wconf 77' lang='grc' dir='ltr'>τῷ</span> <span class='ocrx_word' id='word_1_234' title='bbox 2275 1615 2422 1687; x_wconf 82' lang='grc' dir='ltr'>αὐτῷ</span> <span class='ocrx_word' id='word_1_235' title='bbox 2458 1615 2767 1687; x_wconf 84' lang='grc' dir='ltr'>ψεύδεσθαι,</span> <span class='ocrx_word' id='word_1_236' title='bbox 2811 1616 2961 1671; x_wconf 81' lang='grc' dir='ltr'>οὐδέν</span> <span class='ocrx_word' id='word_1_237' title='bbox 3010 1619 3156 1671; x_wconf 87' lang='grc' dir='ltr'>ἐστιν</span> <span class='ocrx_word' id='word_1_238' title='bbox 3185 1617 3219 1687; x_wconf 81' lang='grc' dir='ltr'>ἦ</span> <span class='ocrx_word' id='word_1_239' title='bbox 3247 1619 3504 1673; x_wconf 89' lang='grc' dir='ltr'>τάναντία</span> <span class='ocrx_word' id='word_1_240' title='bbox 3532 1621 3680 1674; x_wconf 76' lang='grc' dir='ltr'><strong>κατά</strong></span> 
     </span>
    </p>
   </div>
   <div class='ocr_carea' id='block_1_34' title="bbox 2093 1706 3681 1781">
    <p class='ocr_par' dir='ltr' id='par_1_34' title="bbox 2093 1706 3681 1781">
     <span class='ocr_line' id='line_1_34' title="bbox 2093 1706 3681 1781; baseline 0.005 -21"><span class='ocrx_word' id='word_1_241' title='bbox 2093 1706 2153 1760; x_wconf 86' lang='grc' dir='ltr'>τὸ</span> <span class='ocrx_word' id='word_1_242' title='bbox 2192 1706 2325 1760; x_wconf 69' lang='grc' dir='ltr'>αὐτὸ</span> <span class='ocrx_word' id='word_1_243' title='bbox 2378 1709 2504 1779; x_wconf 76' lang='grc' dir='ltr'>περὶ</span> <span class='ocrx_word' id='word_1_244' title='bbox 2545 1708 2651 1763; x_wconf 85' lang='grc' dir='ltr'><strong>τῶν</strong></span> <span class='ocrx_word' id='word_1_245' title='bbox 2693 1708 2873 1764; x_wconf 84' lang='grc' dir='ltr'>αὐτῶν</span> <span class='ocrx_word' id='word_1_246' title='bbox 2919 1711 3117 1781; x_wconf 84' lang='grc' dir='ltr'>λέγειν.</span> <span class='ocrx_word' id='word_1_247' title='bbox 3153 1714 3249 1776; x_wconf 88' lang='grc' dir='ltr'><strong>Τίς</strong></span> <span class='ocrx_word' id='word_1_248' title='bbox 3281 1709 3374 1766; x_wconf 81' lang='grc' dir='ltr'>οὖν</span> <span class='ocrx_word' id='word_1_249' title='bbox 3412 1715 3442 1766; x_wconf 85' lang='grc' dir='ltr'><strong>ὁ</strong></span> <span class='ocrx_word' id='word_1_250' title='bbox 3470 1715 3681 1769; x_wconf 88' lang='grc' dir='ltr'>τούτων</span> 
     </span>
    </p>
   </div>
   <div class='ocr_carea' id='block_1_35' title="bbox 418 1771 1985 1880">
    <p class='ocr_par' dir='ltr' id='par_1_35' title="bbox 418 1771 1985 1880">
     <span class='ocr_line' id='line_1_35' title="bbox 418 1771 1985 1880; baseline 0.013 -43"><span class='ocrx_word' id='word_1_251' title='bbox 418 1781 577 1880; x_wconf 59' lang='lat'><strong>_123</strong></span> <span class='ocrx_word' id='word_1_252' title='bbox 612 1784 683 1838; x_wconf 87' lang='lat' dir='ltr'><strong>At</strong></span> <span class='ocrx_word' id='word_1_253' title='bbox 710 1788 856 1841; x_wconf 85' lang='lat' dir='ltr'><strong>enim</strong></span> <span class='ocrx_word' id='word_1_254' title='bbox 898 1796 956 1844; x_wconf 92' lang='lat' dir='ltr'><strong>et</strong></span> <span class='ocrx_word' id='word_1_255' title='bbox 986 1789 1122 1855; x_wconf 61' lang='lat' dir='ltr'><strong>haec,</strong></span> <span class='ocrx_word' id='word_1_256' title='bbox 1154 1800 1211 1847; x_wconf 87' lang='lat' dir='ltr'><strong>et</strong></span> <span class='ocrx_word' id='word_1_257' title='bbox 1241 1771 1590 1867; x_wconf 61' lang='lat' dir='ltr'><strong>quaecunque</strong></span> <span class='ocrx_word' id='word_1_258' title='bbox 1628 1800 1736 1854; x_wconf 88' lang='lat' dir='ltr'><strong>alia</strong></span> <span class='ocrx_word' id='word_1_259' title='bbox 1785 1801 1855 1857; x_wconf 91' lang='lat' dir='ltr'><strong>de</strong></span> <span class='ocrx_word' id='word_1_260' title='bbox 1890 1802 1985 1859; x_wconf 92' lang='lat' dir='ltr'><strong>illo</strong></span> 
     </span>
    </p>
   </div>
   <div class='ocr_carea' id='block_1_36' title="bbox 2096 1771 3680 1880">
    <p class='ocr_par' dir='ltr' id='par_1_36' title="bbox 2096 1771 3680 1880">
     <span class='ocr_line' id='line_1_36' title="bbox 2096 1771 3680 1880; baseline 0.006 -27"><span class='ocrx_word' id='word_1_261' title='bbox 2096 1799 2341 1871; x_wconf 53' lang='grc' dir='ltr'>ἐλεγχος</span> <span class='ocrx_word' id='word_1_262' title='bbox 2371 1804 2421 1855; x_wconf 80' lang='grc' dir='ltr'>εἰ</span> <span class='ocrx_word' id='word_1_263' title='bbox 2450 1771 2563 1875; x_wconf 70' lang='grc' dir='ltr'><strong>γὰρ</strong></span> <span class='ocrx_word' id='word_1_264' title='bbox 2588 1803 2654 1876; x_wconf 82' lang='grc' dir='ltr'>δὴ</span> <span class='ocrx_word' id='word_1_265' title='bbox 2681 1771 3009 1861; x_wconf 70' lang='grc' dir='ltr'>πλάττεσθαι</span> <span class='ocrx_word' id='word_1_266' title='bbox 3038 1771 3444 1872; x_wconf 35' lang='grc' dir='ltr'>αὺτοῖς-σκοπὸς</span> <span class='ocrx_word' id='word_1_267' title='bbox 3462 1804 3553 1880; x_wconf 82' lang='grc' dir='ltr'>ἦν,</span> <span class='ocrx_word' id='word_1_268' title='bbox 3577 1810 3680 1863; x_wconf 80' lang='grc' dir='ltr'>καὶ</span> 
     </span>
    </p>
   </div>
   <div class='ocr_carea' id='block_1_37' title="bbox 412 1869 1990 1961">
    <p class='ocr_par' dir='ltr' id='par_1_37' title="bbox 412 1869 1990 1961">
     <span class='ocr_line' id='line_1_37' title="bbox 412 1869 1990 1961; baseline 0.014 -36"><span class='ocrx_word' id='word_1_269' title='bbox 412 1869 505 1927; x_wconf 84' lang='lat' dir='ltr'><strong>bis</strong></span> <span class='ocrx_word' id='word_1_270' title='bbox 538 1872 739 1929; x_wconf 91' lang='lat' dir='ltr'><strong>similia</strong></span> <span class='ocrx_word' id='word_1_271' title='bbox 770 1875 1042 1942; x_wconf 85' lang='lat' dir='ltr'><strong>feruntur,</strong></span> <span class='ocrx_word' id='word_1_272' title='bbox 1077 1889 1172 1935; x_wconf 88' lang='lat' dir='ltr'><strong>aut</strong></span> <span class='ocrx_word' id='word_1_273' title='bbox 1201 1882 1325 1938; x_wconf 89' lang='lat' dir='ltr'><strong>ﬁcta</strong></span> <span class='ocrx_word' id='word_1_274' title='bbox 1347 1900 1472 1942; x_wconf 90' lang='lat' dir='ltr'><strong>esse</strong></span> <span class='ocrx_word' id='word_1_275' title='bbox 1494 1896 1709 1958; x_wconf 89' lang='lat' dir='ltr'><strong>oportet</strong></span> <span class='ocrx_word' id='word_1_276' title='bbox 1742 1891 1812 1961; x_wconf 73' lang='lat' dir='ltr'><strong>ab</strong></span> <span class='ocrx_word' id='word_1_277' title='bbox 1842 1891 1990 1949; x_wconf 92' lang='lat' dir='ltr'><strong>illius</strong></span> 
     </span>
    </p>
   </div>
   <div class='ocr_carea' id='block_1_38' title="bbox 414 1961 1987 2049">
    <p class='ocr_par' dir='ltr' id='par_1_38' title="bbox 414 1961 1987 2049">
     <span class='ocr_line' id='line_1_38' title="bbox 414 1961 1987 2049; baseline 0.015 -34"><span class='ocrx_word' id='word_1_278' title='bbox 414 1961 724 2034; x_wconf 88' lang='lat' dir='ltr'><strong>discipulis,</strong></span> <span class='ocrx_word' id='word_1_279' title='bbox 757 1977 852 2022; x_wconf 90' lang='lat' dir='ltr'><strong>aut</strong></span> <span class='ocrx_word' id='word_1_280' title='bbox 893 1969 949 2023; x_wconf 91' lang='lat' dir='ltr'><strong>in</strong></span> <span class='ocrx_word' id='word_1_281' title='bbox 982 1970 1069 2026; x_wconf 89' lang='lat' dir='ltr'><strong>his</strong></span> <span class='ocrx_word' id='word_1_282' title='bbox 1108 1973 1328 2042; x_wconf 90' lang='lat' dir='ltr'><strong>quidem</strong></span> <span class='ocrx_word' id='word_1_283' title='bbox 1367 1983 1627 2048; x_wconf 86' lang='lat' dir='ltr'><strong>tanquam</strong></span> <span class='ocrx_word' id='word_1_284' title='bbox 1662 1980 1987 2049; x_wconf 81' lang='lat' dir='ltr'><strong>verissimis,</strong></span> 
     </span>
    </p>
   </div>
   <div class='ocr_carea' id='block_1_39' title="bbox 415 2054 1991 2143">
    <p class='ocr_par' dir='ltr' id='par_1_39' title="bbox 415 2054 1991 2143">
     <span class='ocr_line' id='line_1_39' title="bbox 415 2054 1991 2143; baseline 0.015 -35"><span class='ocrx_word' id='word_1_285' title='bbox 415 2054 526 2111; x_wconf 90' lang='lat' dir='ltr'><strong>illis</strong></span> <span class='ocrx_word' id='word_1_286' title='bbox 559 2059 892 2114; x_wconf 89' lang='lat' dir='ltr'><strong>credendum</strong></span> <span class='ocrx_word' id='word_1_287' title='bbox 933 2070 1039 2126; x_wconf 89' lang='lat' dir='ltr'><strong>est,</strong></span> <span class='ocrx_word' id='word_1_288' title='bbox 1077 2066 1131 2119; x_wconf 91' lang='lat' dir='ltr'><strong>in</strong></span> <span class='ocrx_word' id='word_1_289' title='bbox 1179 2068 1407 2138; x_wconf 86' lang='lat' dir='ltr'><strong>reliquis</strong></span> <span class='ocrx_word' id='word_1_290' title='bbox 1443 2087 1596 2135; x_wconf 88' lang='lat' dir='ltr'><strong>vero,</strong></span> <span class='ocrx_word' id='word_1_291' title='bbox 1640 2088 1762 2143; x_wconf 77' lang='lat' dir='ltr'><strong>qua:</strong></span> <span class='ocrx_word' id='word_1_292' title='bbox 1793 2074 1991 2130; x_wconf 87' lang='lat' dir='ltr'><strong>clario-</strong></span> 
     </span>
    </p>
   </div>
   <div class='ocr_carea' id='block_1_40' title="bbox 413 2147 1989 2255">
    <p class='ocr_par' dir='ltr' id='par_1_40' title="bbox 413 2147 1989 2255">
     <span class='ocr_line' id='line_1_40' title="bbox 413 2147 1989 2255; baseline 0.016 -56"><span class='ocrx_word' id='word_1_293' title='bbox 413 2160 533 2200; x_wconf 86' lang='lat' dir='ltr'><strong>rem</strong></span> <span class='ocrx_word' id='word_1_294' title='bbox 582 2147 736 2203; x_wconf 90' lang='lat' dir='ltr'><strong>illum</strong></span> <span class='ocrx_word' id='word_1_295' title='bbox 796 2154 1357 2229; x_wconf 86' lang='lat' dir='ltr'><strong>venerabilioremque</strong></span> <span class='ocrx_word' id='word_1_296' title='bbox 1404 2161 1659 2228; x_wconf 91' lang='lat' dir='ltr'><strong>reddunt,</strong></span> <span class='ocrx_word' id='word_1_297' title='bbox 1696 2180 1808 2221; x_wconf 88' lang='lat' dir='ltr'><strong>non</strong></span> <span class='ocrx_word' id='word_1_298' title='bbox 1864 2182 1989 2255; x_wconf 51' lang='lat' dir='ltr'><strong>cre:</strong></span> 
     </span>
     <span class='ocr_line' id='line_1_41' title="bbox 424 2235 1435 2255; baseline 0 0"><span class='ocrx_word' id='word_1_299' title='bbox 424 2235 645 2255; x_wconf 39' lang='grc' dir='ltr'>,ηιη</span> <span class='ocrx_word' id='word_1_300' title='bbox 710 2239 742 2255; x_wconf 71' lang='grc' dir='ltr'>η</span> <span class='ocrx_word' id='word_1_301' title='bbox 799 2241 865 2255; x_wconf 93' lang='grc'><strong>..</strong></span> <span class='ocrx_word' id='word_1_302' title='bbox 1004 2246 1018 2255; x_wconf 89' lang='grc'><em>.</em></span> <span class='ocrx_word' id='word_1_303' title='bbox 1082 2248 1114 2255; x_wconf 82' lang='lat'><strong>._</strong></span> <span class='ocrx_word' id='word_1_304' title='bbox 1168 2249 1182 2255; x_wconf 81' lang='grc'><strong>-</strong></span> 
     </span>
    </p>
   </div>
   <div class='ocr_carea' id='block_1_41' title="bbox 412 2235 1991 2332">
    <p class='ocr_par' dir='ltr' id='par_1_41' title="bbox 412 2235 1991 2332">
     <span class='ocr_line' id='line_1_42' title="bbox 412 2235 1991 2332; baseline 0.015 -40"><span class='ocrx_word' id='word_1_305' title='bbox 412 2235 683 2332; x_wconf 57' lang='grc' dir='ltr'><strong>(ιειιάιιιιιἶ</strong></span> <span class='ocrx_word' id='word_1_306' title='bbox 710 2239 817 2297; x_wconf 86' lang='lat' dir='ltr'><strong>Sed</strong></span> <span class='ocrx_word' id='word_1_307' title='bbox 851 2244 965 2299; x_wconf 71' lang='lat' dir='ltr'><strong>haec</strong></span> <span class='ocrx_word' id='word_1_308' title='bbox 986 2246 1055 2303; x_wconf 87' lang='lat' dir='ltr'><strong>de</strong></span> <span class='ocrx_word' id='word_1_309' title='bbox 1081 2248 1273 2304; x_wconf 89' lang='lat' dir='ltr'><strong>iisdem</strong></span> <span class='ocrx_word' id='word_1_310' title='bbox 1299 2252 1403 2307; x_wconf 90' lang='lat' dir='ltr'><strong>sibi</strong></span> <span class='ocrx_word' id='word_1_311' title='bbox 1425 2254 1530 2324; x_wconf 89' lang='lat' dir='ltr'><strong>ipsi</strong></span> <span class='ocrx_word' id='word_1_312' title='bbox 1561 2259 1838 2314; x_wconf 90' lang='lat' dir='ltr'><strong>contraria</strong></span> <span class='ocrx_word' id='word_1_313' title='bbox 1871 2235 1991 2332; x_wconf 63' lang='lat' dir='ltr'><strong>opi1</strong></span> 
     </span>
    </p>
   </div>
   <div class='ocr_carea' id='block_1_42' title="bbox 413 2325 1991 2409">
    <p class='ocr_par' dir='ltr' id='par_1_42' title="bbox 413 2325 1991 2409">
     <span class='ocr_line' id='line_1_43' title="bbox 413 2325 1991 2409; baseline 0.019 -29"><span class='ocrx_word' id='word_1_314' title='bbox 413 2325 528 2394; x_wconf 88' lang='lat' dir='ltr'><strong>nio,</strong></span> <span class='ocrx_word' id='word_1_315' title='bbox 576 2330 721 2386; x_wconf 87' lang='lat' dir='ltr'><strong>unde</strong></span> <span class='ocrx_word' id='word_1_316' title='bbox 759 2334 1210 2396; x_wconf 88' lang='lat' dir='ltr'><strong>conﬁrmabitur?</strong></span> <span class='ocrx_word' id='word_1_317' title='bbox 1246 2340 1438 2400; x_wconf 88' lang='lat' dir='ltr'><strong>Dicere</strong></span> <span class='ocrx_word' id='word_1_318' title='bbox 1475 2347 1621 2401; x_wconf 90' lang='lat' dir='ltr'><strong>enim</strong></span> <span class='ocrx_word' id='word_1_319' title='bbox 1659 2350 1881 2407; x_wconf 87' lang='lat' dir='ltr'><strong>eosdem</strong></span> <span class='ocrx_word' id='word_1_320' title='bbox 1906 2325 1991 2409; x_wconf 42' lang='lat' dir='ltr'><strong>&#39;dc</strong></span> 
     </span>
    </p>
   </div>
   <div class='ocr_carea' id='block_1_43' title="bbox 413 2417 1986 2510">
    <p class='ocr_par' dir='ltr' id='par_1_43' title="bbox 413 2417 1986 2510">
     <span class='ocr_line' id='line_1_44' title="bbox 413 2417 1986 2510; baseline 0.017 -38"><span class='ocrx_word' id='word_1_321' title='bbox 413 2418 627 2486; x_wconf 77' lang='lat' dir='ltr'><strong>eodem,</strong></span> <span class='ocrx_word' id='word_1_322' title='bbox 663 2430 717 2478; x_wconf 91' lang='lat' dir='ltr'><strong>et</strong></span> <span class='ocrx_word' id='word_1_323' title='bbox 742 2439 866 2480; x_wconf 87' lang='lat' dir='ltr'><strong>vera</strong></span> <span class='ocrx_word' id='word_1_324' title='bbox 907 2429 1140 2497; x_wconf 90' lang='lat' dir='ltr'><strong>prodere</strong></span> <span class='ocrx_word' id='word_1_325' title='bbox 1157 2417 1222 2487; x_wconf 69' lang='grc' dir='ltr'><strong>ἐι</strong></span> <span class='ocrx_word' id='word_1_326' title='bbox 1253 2437 1493 2504; x_wconf 91' lang='lat' dir='ltr'><strong>mentiri,</strong></span> <span class='ocrx_word' id='word_1_327' title='bbox 1528 2440 1667 2494; x_wconf 86' lang='lat' dir='ltr'><strong>nihil</strong></span> <span class='ocrx_word' id='word_1_328' title='bbox 1697 2442 1844 2496; x_wconf 88' lang='lat' dir='ltr'><strong>aliud</strong></span> <span class='ocrx_word' id='word_1_329' title='bbox 1881 2452 1986 2510; x_wconf 88' lang='lat' dir='ltr'><strong>est,</strong></span> 
     </span>
    </p>
   </div>
   <div class='ocr_carea' id='block_1_44' title="bbox 414 2513 1985 2593">
    <p class='ocr_par' dir='ltr' id='par_1_44' title="bbox 414 2513 1985 2593">
     <span class='ocr_line' id='line_1_45' title="bbox 414 2513 1985 2593; baseline 0.018 -28"><span class='ocrx_word' id='word_1_330' title='bbox 414 2513 526 2567; x_wconf 89' lang='lat' dir='ltr'><strong>nisi</strong></span> <span class='ocrx_word' id='word_1_331' title='bbox 556 2519 834 2573; x_wconf 88' lang='lat' dir='ltr'><strong>contraria</strong></span> <span class='ocrx_word' id='word_1_332' title='bbox 891 2521 949 2575; x_wconf 90' lang='lat' dir='ltr'><strong>in</strong></span> <span class='ocrx_word' id='word_1_333' title='bbox 983 2525 1173 2578; x_wconf 88' lang='lat' dir='ltr'><strong>eodem</strong></span> <span class='ocrx_word' id='word_1_334' title='bbox 1211 2525 1281 2583; x_wconf 91' lang='lat' dir='ltr'><strong>de</strong></span> <span class='ocrx_word' id='word_1_335' title='bbox 1325 2528 1521 2585; x_wconf 86' lang='lat' dir='ltr'><strong>iisdem</strong></span> <span class='ocrx_word' id='word_1_336' title='bbox 1571 2533 1738 2588; x_wconf 87' lang='lat' dir='ltr'><strong>rebus</strong></span> <span class='ocrx_word' id='word_1_337' title='bbox 1778 2532 1985 2593; x_wconf 90' lang='lat' dir='ltr'><strong>dicere.</strong></span> 
     </span>
    </p>
   </div>
   <div class='ocr_carea' id='block_1_45' title="bbox 412 2601 1988 2698">
    <p class='ocr_par' dir='ltr' id='par_1_45' title="bbox 412 2601 1988 2698">
     <span class='ocr_line' id='line_1_46' title="bbox 412 2601 1988 2698; baseline 0.016 -41"><span class='ocrx_word' id='word_1_338' title='bbox 412 2601 699 2669; x_wconf 84' lang='lat' dir='ltr'><strong>Quomodo</strong></span> <span class='ocrx_word' id='word_1_339' title='bbox 726 2609 843 2666; x_wconf 64' lang='lat' dir='ltr'><strong>haec</strong></span> <span class='ocrx_word' id='word_1_340' title='bbox 863 2614 1210 2671; x_wconf 81' lang='lat' dir='ltr'><strong>refellentur?</strong></span> <span class='ocrx_word' id='word_1_341' title='bbox 1241 2619 1296 2672; x_wconf 91' lang='lat' dir='ltr'><strong>Si</strong></span> <span class='ocrx_word' id='word_1_342' title='bbox 1321 2620 1466 2676; x_wconf 90' lang='lat' dir='ltr'><strong>enim</strong></span> <span class='ocrx_word' id='word_1_343' title='bbox 1491 2622 1596 2677; x_wconf 89' lang='lat' dir='ltr'><strong>hoc</strong></span> <span class='ocrx_word' id='word_1_344' title='bbox 1618 2625 1727 2681; x_wconf 92' lang='lat' dir='ltr'><strong>illis</strong></span> <span class='ocrx_word' id='word_1_345' title='bbox 1751 2625 1988 2698; x_wconf 84' lang='lat' dir='ltr'><strong>ﬁngendi</strong></span> 
     </span>
    </p>
   </div>
   <div class='ocr_carea' id='block_1_46' title="bbox 413 2700 1986 2789">
    <p class='ocr_par' dir='ltr' id='par_1_46' title="bbox 413 2700 1986 2789">
     <span class='ocr_line' id='line_1_47' title="bbox 413 2700 1986 2789; baseline 0.016 -39"><span class='ocrx_word' id='word_1_346' title='bbox 413 2700 749 2768; x_wconf 85' lang='lat' dir='ltr'><strong>propositum</strong></span> <span class='ocrx_word' id='word_1_347' title='bbox 794 2702 927 2770; x_wconf 88' lang='lat' dir='ltr'><strong>fuit,</strong></span> <span class='ocrx_word' id='word_1_348' title='bbox 958 2714 1020 2760; x_wconf 91' lang='lat' dir='ltr'><strong>ut</strong></span> <span class='ocrx_word' id='word_1_349' title='bbox 1054 2710 1354 2767; x_wconf 85' lang='lat' dir='ltr'><strong>mendaciis</strong></span> <span class='ocrx_word' id='word_1_350' title='bbox 1398 2729 1558 2768; x_wconf 92' lang='lat' dir='ltr'><strong>suum</strong></span> <span class='ocrx_word' id='word_1_351' title='bbox 1596 2727 1986 2789; x_wconf 63' lang='lat' dir='ltr'><strong>prmeeptorem</strong></span> 
     </span>
    </p>
   </div>
   <div class='ocr_carea' id='block_1_47' title="bbox 410 2795 1988 2881">
    <p class='ocr_par' dir='ltr' id='par_1_47' title="bbox 410 2795 1988 2881">
     <span class='ocr_line' id='line_1_48' title="bbox 410 2795 1988 2881; baseline 0.016 -40"><span class='ocrx_word' id='word_1_352' title='bbox 410 2798 691 2856; x_wconf 88' lang='lat' dir='ltr'><strong>ornarent,</strong></span> <span class='ocrx_word' id='word_1_353' title='bbox 724 2807 825 2848; x_wconf 89' lang='lat' dir='ltr'><strong>cur</strong></span> <span class='ocrx_word' id='word_1_354' title='bbox 860 2795 938 2849; x_wconf 89' lang='lat' dir='ltr'><strong>illi</strong></span> <span class='ocrx_word' id='word_1_355' title='bbox 968 2812 1033 2852; x_wconf 91' lang='lat' dir='ltr'><strong>ea</strong></span> <span class='ocrx_word' id='word_1_356' title='bbox 1054 2838 1068 2862; x_wconf 89' lang='lat'><strong>,</strong></span> <span class='ocrx_word' id='word_1_357' title='bbox 1099 2815 1221 2871; x_wconf 70' lang='lat' dir='ltr'><strong>quae</strong></span> <span class='ocrx_word' id='word_1_358' title='bbox 1251 2803 1411 2859; x_wconf 91' lang='lat' dir='ltr'><strong>modo</strong></span> <span class='ocrx_word' id='word_1_359' title='bbox 1442 2805 1682 2863; x_wconf 76' lang='lat' dir='ltr'><strong>diximus</strong></span> <span class='ocrx_word' id='word_1_360' title='bbox 1714 2810 1988 2881; x_wconf 79' lang='lat' dir='ltr'><strong>ascripse—</strong></span> 
     </span>
    </p>
   </div>
   <div class='ocr_carea' id='block_1_48' title="bbox 410 2881 1987 2968">
    <p class='ocr_par' dir='ltr' id='par_1_48' title="bbox 410 2881 1987 2968">
     <span class='ocr_line' id='line_1_49' title="bbox 410 2881 1987 2968; baseline 0.015 -36"><span class='ocrx_word' id='word_1_361' title='bbox 410 2881 577 2934; x_wconf 86' lang='lat' dir='ltr'><strong>runt?</strong></span> <span class='ocrx_word' id='word_1_362' title='bbox 606 2890 702 2937; x_wconf 87' lang='lat' dir='ltr'><strong>aut</strong></span> <span class='ocrx_word' id='word_1_363' title='bbox 741 2899 843 2939; x_wconf 91' lang='lat' dir='ltr'><strong>cur</strong></span> <span class='ocrx_word' id='word_1_364' title='bbox 881 2890 1116 2956; x_wconf 90' lang='lat' dir='ltr'><strong>posteris</strong></span> <span class='ocrx_word' id='word_1_365' title='bbox 1153 2892 1489 2960; x_wconf 88' lang='lat' dir='ltr'><strong>indicarunt,</strong></span> <span class='ocrx_word' id='word_1_366' title='bbox 1532 2899 1679 2968; x_wconf 89' lang='lat' dir='ltr'><strong>quod</strong></span> <span class='ocrx_word' id='word_1_367' title='bbox 1713 2908 1768 2954; x_wconf 91' lang='lat' dir='ltr'><strong>et</strong></span> <span class='ocrx_word' id='word_1_368' title='bbox 1810 2901 1987 2956; x_wconf 87' lang='lat' dir='ltr'><strong>tristis</strong></span> 
     </span>
    </p>
   </div>
   <div class='ocr_carea' id='block_1_49' title="bbox 409 2970 1988 3049">
    <p class='ocr_par' dir='ltr' id='par_1_49' title="bbox 409 2970 1988 3049">
     <span class='ocr_line' id='line_1_50' title="bbox 409 2970 1988 3049; baseline 0.015 -24"><span class='ocrx_word' id='word_1_369' title='bbox 409 2970 599 3038; x_wconf 87' lang='lat' dir='ltr'><strong>fuerit,</strong></span> <span class='ocrx_word' id='word_1_370' title='bbox 641 2983 698 3031; x_wconf 92' lang='lat' dir='ltr'><strong>et</strong></span> <span class='ocrx_word' id='word_1_371' title='bbox 736 2977 896 3033; x_wconf 61' lang='lat' dir='ltr'><strong>taedio</strong></span> <span class='ocrx_word' id='word_1_372' title='bbox 942 2980 1190 3049; x_wconf 77' lang='lat' dir='ltr'><strong>affectus,</strong></span> <span class='ocrx_word' id='word_1_373' title='bbox 1230 2993 1285 3040; x_wconf 91' lang='lat' dir='ltr'><strong>et</strong></span> <span class='ocrx_word' id='word_1_374' title='bbox 1327 2988 1512 3043; x_wconf 90' lang='lat' dir='ltr'><strong>animo</strong></span> <span class='ocrx_word' id='word_1_375' title='bbox 1564 2991 1852 3047; x_wconf 88' lang='lat' dir='ltr'><strong>turbatus?</strong></span> <span class='ocrx_word' id='word_1_376' title='bbox 1892 3002 1988 3048; x_wconf 90' lang='lat' dir='ltr'><strong>aut</strong></span> 
     </span>
    </p>
   </div>
   <div class='ocr_carea' id='block_1_50' title="bbox 2089 1891 3680 1969">
    <p class='ocr_par' dir='ltr' id='par_1_50' title="bbox 2089 1891 3680 1969">
     <span class='ocr_line' id='line_1_51' title="bbox 2089 1891 3680 1969; baseline 0.006 -24"><span class='ocrx_word' id='word_1_377' title='bbox 2089 1891 2269 1961; x_wconf 82' lang='grc' dir='ltr'>λόγοις</span> <span class='ocrx_word' id='word_1_378' title='bbox 2304 1894 2528 1963; x_wconf 83' lang='grc' dir='ltr'>ψευδέσι</span> <span class='ocrx_word' id='word_1_379' title='bbox 2559 1895 2649 1950; x_wconf 86' lang='grc' dir='ltr'>τὸν</span> <span class='ocrx_word' id='word_1_380' title='bbox 2672 1896 3000 1952; x_wconf 88' lang='grc' dir='ltr'>Διδάσκαλον</span> <span class='ocrx_word' id='word_1_381' title='bbox 3033 1902 3281 1969; x_wconf 86' lang='grc' dir='ltr'>κοσμεῖν,</span> <span class='ocrx_word' id='word_1_382' title='bbox 3314 1900 3417 1953; x_wconf 79' lang='grc' dir='ltr'>οὐκ</span> <span class='ocrx_word' id='word_1_383' title='bbox 3445 1902 3512 1955; x_wconf 84' lang='grc' dir='ltr'>ἄν</span> <span class='ocrx_word' id='word_1_384' title='bbox 3541 1919 3680 1955; x_wconf 79' lang='grc' dir='ltr'>ποτε</span> 
     </span>
    </p>
   </div>
   <div class='ocr_carea' id='block_1_51' title="bbox 2090 1984 3678 2065">
    <p class='ocr_par' dir='ltr' id='par_1_51' title="bbox 2090 1984 3678 2065">
     <span class='ocr_line' id='line_1_52' title="bbox 2090 1984 3678 2065; baseline 0.007 -29"><span class='ocrx_word' id='word_1_385' title='bbox 2090 1984 2273 2048; x_wconf 85' lang='grc' dir='ltr'>αὐτοῖς</span> <span class='ocrx_word' id='word_1_386' title='bbox 2296 1986 2366 2041; x_wconf 91' lang='grc' dir='ltr'><strong>τά</strong></span> <span class='ocrx_word' id='word_1_387' title='bbox 2398 1988 2768 2059; x_wconf 83' lang='grc' dir='ltr'>προειρημένα</span> <span class='ocrx_word' id='word_1_388' title='bbox 2810 1990 3178 2062; x_wconf 78' lang='grc' dir='ltr'>κατέγραφον,</span> <span class='ocrx_word' id='word_1_389' title='bbox 3209 1992 3318 2045; x_wconf 84' lang='grc' dir='ltr'>οὐδ’</span> <span class='ocrx_word' id='word_1_390' title='bbox 3349 1992 3415 2046; x_wconf 85' lang='grc' dir='ltr'>ἂν</span> <span class='ocrx_word' id='word_1_391' title='bbox 3450 1992 3678 2065; x_wconf 85' lang='grc' dir='ltr'>ἐδήλουν</span> 
     </span>
    </p>
   </div>
   <div class='ocr_carea' id='block_1_52' title="bbox 2089 2078 3679 2155">
    <p class='ocr_par' dir='ltr' id='par_1_52' title="bbox 2089 2078 3679 2155">
     <span class='ocr_line' id='line_1_53' title="bbox 2089 2078 3679 2155; baseline 0.006 -25"><span class='ocrx_word' id='word_1_392' title='bbox 2089 2079 2202 2141; x_wconf 89' lang='grc' dir='ltr'>τοῖς</span> <span class='ocrx_word' id='word_1_393' title='bbox 2244 2078 2387 2151; x_wconf 41' lang='grc' dir='ltr'>μετὰ.</span> <span class='ocrx_word' id='word_1_394' title='bbox 2423 2079 2599 2134; x_wconf 77' lang='grc' dir='ltr'>ταῦτα</span> <span class='ocrx_word' id='word_1_395' title='bbox 2642 2080 2969 2152; x_wconf 86' lang='grc' dir='ltr'>ἀνθρώποις,</span> <span class='ocrx_word' id='word_1_396' title='bbox 3015 2084 3098 2137; x_wconf 87' lang='grc' dir='ltr'>ὅτι</span> <span class='ocrx_word' id='word_1_397' title='bbox 3146 2083 3211 2155; x_wconf 73' lang='grc' dir='ltr'>δὴ</span> <span class='ocrx_word' id='word_1_398' title='bbox 3261 2084 3530 2151; x_wconf 78' lang='grc' dir='ltr'>ἐλυπεῖτο,</span> <span class='ocrx_word' id='word_1_399' title='bbox 3576 2086 3679 2141; x_wconf 81' lang='grc' dir='ltr'>καὶ</span> 
     </span>
    </p>
   </div>
   <div class='ocr_carea' id='block_1_53' title="bbox 2090 2166 3679 2245">
    <p class='ocr_par' dir='ltr' id='par_1_53' title="bbox 2090 2166 3679 2245">
     <span class='ocr_line' id='line_1_54' title="bbox 2090 2166 3679 2245; baseline 0.008 -27"><span class='ocrx_word' id='word_1_400' title='bbox 2090 2166 2368 2238; x_wconf 78' lang='grc' dir='ltr'>ἠδημόνει,</span> <span class='ocrx_word' id='word_1_401' title='bbox 2398 2170 2489 2222; x_wconf 79' lang='grc' dir='ltr'>καὶ</span> <span class='ocrx_word' id='word_1_402' title='bbox 2516 2174 2818 2243; x_wconf 86' lang='grc' dir='ltr'>τετάρακτο</span> <span class='ocrx_word' id='word_1_403' title='bbox 2848 2172 2947 2244; x_wconf 83' lang='grc' dir='ltr'>τὴν</span> <span class='ocrx_word' id='word_1_404' title='bbox 2980 2172 3178 2245; x_wconf 84' lang='grc' dir='ltr'>ψυχὴν,</span> <span class='ocrx_word' id='word_1_405' title='bbox 3217 2175 3298 2228; x_wconf 88' lang='grc' dir='ltr'>ὅτι</span> <span class='ocrx_word' id='word_1_406' title='bbox 3327 2176 3481 2228; x_wconf 77' lang='grc' dir='ltr'>αὐτοὶ</span> <span class='ocrx_word' id='word_1_407' title='bbox 3508 2177 3679 2230; x_wconf 81' lang='grc' dir='ltr'>αὐτὸν</span> 
     </span>
    </p>
   </div>
   <div class='ocr_carea' id='block_1_54' title="bbox 2090 2259 3678 2339">
    <p class='ocr_par' dir='ltr' id='par_1_54' title="bbox 2090 2259 3678 2339">
     <span class='ocr_line' id='line_1_55' title="bbox 2090 2259 3678 2339; baseline 0.006 -27"><span class='ocrx_word' id='word_1_408' title='bbox 2090 2259 2447 2326; x_wconf 86' lang='grc' dir='ltr'>ἀπολιπόντες</span> <span class='ocrx_word' id='word_1_409' title='bbox 2472 2261 2704 2333; x_wconf 70' lang='grc' dir='ltr'>ᾧχοντο⁴</span> <span class='ocrx_word' id='word_1_410' title='bbox 2734 2263 2767 2334; x_wconf 80' lang='grc' dir='ltr'>ἢ</span> <span class='ocrx_word' id='word_1_411' title='bbox 2806 2265 2887 2318; x_wconf 84' lang='grc' dir='ltr'>ὅτι</span> <span class='ocrx_word' id='word_1_412' title='bbox 2930 2266 2958 2318; x_wconf 88' lang='grc' dir='ltr'><strong>ὀ</strong></span> <span class='ocrx_word' id='word_1_413' title='bbox 2999 2265 3216 2321; x_wconf 83' lang='grc' dir='ltr'>πάντων</span> <span class='ocrx_word' id='word_1_414' title='bbox 3253 2266 3433 2321; x_wconf 77' lang='grc' dir='ltr'>αὐτῶν</span> <span class='ocrx_word' id='word_1_415' title='bbox 3470 2285 3678 2339; x_wconf 75' lang='grc' dir='ltr'>προκε-</span> 
     </span>
    </p>
   </div>
   <div class='ocr_carea' id='block_1_55' title="bbox 2089 2353 3675 2432">
    <p class='ocr_par' dir='ltr' id='par_1_55' title="bbox 2089 2353 3675 2432">
     <span class='ocr_line' id='line_1_56' title="bbox 2089 2353 3675 2432; baseline 0.004 -26"><span class='ocrx_word' id='word_1_416' title='bbox 2089 2353 2344 2425; x_wconf 87' lang='grc' dir='ltr'>κριμένος</span> <span class='ocrx_word' id='word_1_417' title='bbox 2379 2355 2674 2419; x_wconf 84' lang='grc' dir='ltr'>ἀπόστολός</span> <span class='ocrx_word' id='word_1_418' title='bbox 2715 2374 2775 2409; x_wconf 91' lang='grc' dir='ltr'><strong>τε</strong></span> <span class='ocrx_word' id='word_1_419' title='bbox 2811 2358 2906 2411; x_wconf 79' lang='grc' dir='ltr'>καὶ</span> <span class='ocrx_word' id='word_1_420' title='bbox 2946 2357 3195 2431; x_wconf 84' lang='grc' dir='ltr'>μαθητὴς</span> <span class='ocrx_word' id='word_1_421' title='bbox 3238 2359 3401 2413; x_wconf 79' lang='grc' dir='ltr'>αὐτοῦ</span> <span class='ocrx_word' id='word_1_422' title='bbox 3440 2360 3675 2432; x_wconf 81' lang='grc' dir='ltr'>Πέτρος,</span> 
     </span>
    </p>
   </div>
   <div class='ocr_carea' id='block_1_56' title="bbox 2089 2443 3677 2524">
    <p class='ocr_par' dir='ltr' id='par_1_56' title="bbox 2089 2443 3677 2524">
     <span class='ocr_line' id='line_1_57' title="bbox 2089 2443 3677 2524; baseline 0.005 -26"><span class='ocrx_word' id='word_1_423' title='bbox 2089 2443 2338 2514; x_wconf 83' lang='grc' dir='ltr'>βασάνων</span> <span class='ocrx_word' id='word_1_424' title='bbox 2370 2448 2527 2511; x_wconf 84' lang='grc' dir='ltr'>ἐκτὸς</span> <span class='ocrx_word' id='word_1_425' title='bbox 2559 2448 2652 2503; x_wconf 62' lang='grc' dir='ltr'><strong>καὶ¹</strong></span> <span class='ocrx_word' id='word_1_426' title='bbox 2682 2450 3009 2521; x_wconf 86' lang='grc' dir='ltr'>ἀρχοντικῆς</span> <span class='ocrx_word' id='word_1_427' title='bbox 3041 2451 3269 2521; x_wconf 78' lang='grc' dir='ltr'>ἀπειλῆς</span> <span class='ocrx_word' id='word_1_428' title='bbox 3301 2453 3481 2524; x_wconf 80' lang='grc' dir='ltr'>τρίτον</span> <span class='ocrx_word' id='word_1_429' title='bbox 3508 2453 3677 2506; x_wconf 80' lang='grc' dir='ltr'>αὑτὸν</span> 
     </span>
    </p>
   </div>
   <div class='ocr_carea' id='block_1_57' title="bbox 2089 2536 3677 2617">
    <p class='ocr_par' dir='ltr' id='par_1_57' title="bbox 2089 2536 3677 2617">
     <span class='ocr_line' id='line_1_58' title="bbox 2089 2536 3677 2617; baseline 0.006 -27"><span class='ocrx_word' id='word_1_430' title='bbox 2089 2536 2418 2609; x_wconf 81' lang='grc' dir='ltr'>ἐξωμόσατο.</span> <span class='ocrx_word' id='word_1_431' title='bbox 2455 2540 2640 2594; x_wconf 79' lang='grc' dir='ltr'>Ταῦτα</span> <span class='ocrx_word' id='word_1_432' title='bbox 2684 2541 2792 2614; x_wconf 80' lang='grc' dir='ltr'><strong>γὰρ</strong></span> <span class='ocrx_word' id='word_1_433' title='bbox 2835 2542 2939 2596; x_wconf 84' lang='grc' dir='ltr'>κᾶν</span> <span class='ocrx_word' id='word_1_434' title='bbox 2978 2541 3153 2597; x_wconf 85' lang='grc' dir='ltr'>ἄλλων</span> <span class='ocrx_word' id='word_1_435' title='bbox 3205 2544 3492 2614; x_wconf 86' lang='grc' dir='ltr'>λεγόντων,</span> <span class='ocrx_word' id='word_1_436' title='bbox 3532 2548 3677 2617; x_wconf 77' lang='grc' dir='ltr'>χρῆν</span> 
     </span>
    </p>
   </div>
   <div class='ocr_carea' id='block_1_58' title="bbox 2086 2629 3677 2709">
    <p class='ocr_par' dir='ltr' id='par_1_58' title="bbox 2086 2629 3677 2709">
     <span class='ocr_line' id='line_1_59' title="bbox 2086 2629 3677 2709; baseline 0.006 -26"><span class='ocrx_word' id='word_1_437' title='bbox 2086 2629 2353 2701; x_wconf 86' lang='grc' dir='ltr'>δήπουθεν</span> <span class='ocrx_word' id='word_1_438' title='bbox 2387 2631 2662 2704; x_wconf 84' lang='grc' dir='ltr'>ἀρνεῖσθαι</span> <span class='ocrx_word' id='word_1_439' title='bbox 2691 2635 2816 2698; x_wconf 84' lang='grc' dir='ltr'>τοὺς</span> <span class='ocrx_word' id='word_1_440' title='bbox 2842 2635 2993 2688; x_wconf 83' lang='grc' dir='ltr'>οὐδὲν</span> <span class='ocrx_word' id='word_1_441' title='bbox 3022 2634 3150 2689; x_wconf 83' lang='grc' dir='ltr'>ἄλλο</span> <span class='ocrx_word' id='word_1_442' title='bbox 3180 2636 3214 2708; x_wconf 78' lang='grc' dir='ltr'><strong>ἢ</strong></span> <span class='ocrx_word' id='word_1_443' title='bbox 3245 2636 3567 2709; x_wconf 78' lang='grc' dir='ltr'>χαρίζεσθαι</span> <span class='ocrx_word' id='word_1_444' title='bbox 3604 2639 3677 2694; x_wconf 78' lang='grc' dir='ltr'>τὰ</span> 
     </span>
    </p>
   </div>
   <div class='ocr_carea' id='block_1_59' title="bbox 2090 2721 3677 2799">
    <p class='ocr_par' dir='ltr' id='par_1_59' title="bbox 2090 2721 3677 2799">
     <span class='ocr_line' id='line_1_60' title="bbox 2090 2721 3677 2799; baseline 0.006 -26"><span class='ocrx_word' id='word_1_445' title='bbox 2090 2721 2391 2796; x_wconf 89' lang='grc' dir='ltr'>σεμνότερα</span> <span class='ocrx_word' id='word_1_446' title='bbox 2410 2722 2488 2793; x_wconf 80' lang='grc' dir='ltr'>τῷ</span> <span class='ocrx_word' id='word_1_447' title='bbox 2514 2724 2816 2796; x_wconf 83' lang='grc' dir='ltr'>διδασκάλῳ</span> <span class='ocrx_word' id='word_1_448' title='bbox 2839 2727 3313 2798; x_wconf 89' lang='grc' dir='ltr'>προτεθειμένους.</span> <span class='ocrx_word' id='word_1_449' title='bbox 3345 2730 3410 2781; x_wconf 78' lang='grc' dir='ltr'><strong>Εἰ</strong></span> <span class='ocrx_word' id='word_1_450' title='bbox 3434 2728 3494 2781; x_wconf 83' lang='grc' dir='ltr'>δὲ</span> <span class='ocrx_word' id='word_1_451' title='bbox 3521 2728 3677 2799; x_wconf 82' lang='grc' dir='ltr'>φιλα-</span> 
     </span>
    </p>
   </div>
   <div class='ocr_carea' id='block_1_60' title="bbox 2086 2812 3677 2891">
    <p class='ocr_par' dir='ltr' id='par_1_60' title="bbox 2086 2812 3677 2891">
     <span class='ocr_line' id='line_1_61' title="bbox 2086 2812 3677 2891; baseline 0.006 -26"><span class='ocrx_word' id='word_1_452' title='bbox 2086 2812 2269 2884; x_wconf 84' lang='grc' dir='ltr'>λήθεις</span> <span class='ocrx_word' id='word_1_453' title='bbox 2305 2817 2363 2867; x_wconf 87' lang='grc' dir='ltr'><strong>ἐν</strong></span> <span class='ocrx_word' id='word_1_454' title='bbox 2394 2817 2505 2878; x_wconf 83' lang='grc' dir='ltr'>τοῖς</span> <span class='ocrx_word' id='word_1_455' title='bbox 2539 2816 2702 2870; x_wconf 75' lang='grc' dir='ltr'>αὐτοῦ</span> <span class='ocrx_word' id='word_1_456' title='bbox 2735 2818 3076 2890; x_wconf 85' lang='grc' dir='ltr'>σκυθρωποῖς</span> <span class='ocrx_word' id='word_1_457' title='bbox 3114 2819 3415 2891; x_wconf 85' lang='grc' dir='ltr'>διηγήμασι</span> <span class='ocrx_word' id='word_1_458' title='bbox 3454 2822 3677 2889; x_wconf 83' lang='grc' dir='ltr'>φαίνον-</span> 
     </span>
    </p>
   </div>
   <div class='ocr_carea' id='block_1_61' title="bbox 2086 2903 3676 2983">
    <p class='ocr_par' dir='ltr' id='par_1_61' title="bbox 2086 2903 3676 2983">
     <span class='ocr_line' id='line_1_62' title="bbox 2086 2903 3676 2983; baseline 0.004 -25"><span class='ocrx_word' id='word_1_459' title='bbox 2086 2922 2197 2972; x_wconf 87' lang='grc' dir='ltr'>ται,</span> <span class='ocrx_word' id='word_1_460' title='bbox 2228 2906 2361 2961; x_wconf 83' lang='grc' dir='ltr'>πολὺ</span> <span class='ocrx_word' id='word_1_461' title='bbox 2401 2906 2596 2978; x_wconf 84' lang='grc' dir='ltr'>μᾶλλον</span> <span class='ocrx_word' id='word_1_462' title='bbox 2629 2910 2688 2961; x_wconf 85' lang='grc' dir='ltr'><strong>ἐν</strong></span> <span class='ocrx_word' id='word_1_463' title='bbox 2716 2911 2828 2972; x_wconf 90' lang='grc' dir='ltr'>τοῖς</span> <span class='ocrx_word' id='word_1_464' title='bbox 2860 2909 3215 2983; x_wconf 86' lang='grc' dir='ltr'>ἐνδοξοτέροις</span> <span class='ocrx_word' id='word_1_465' title='bbox 3243 2908 3353 2966; x_wconf 85' lang='grc' dir='ltr'>εἷεν</span> <span class='ocrx_word' id='word_1_466' title='bbox 3387 2911 3455 2966; x_wconf 83' lang='grc' dir='ltr'>ἂν</span> <span class='ocrx_word' id='word_1_467' title='bbox 3488 2903 3676 2965; x_wconf 79' lang='grc' dir='ltr'>τοιόῦ-</span> 
     </span>
    </p>
   </div>
   <div class='ocr_carea' id='block_1_62' title="bbox 2085 2996 3674 3074">
    <p class='ocr_par' dir='ltr' id='par_1_62' title="bbox 2085 2996 3674 3074">
     <span class='ocr_line' id='line_1_63' title="bbox 2085 2996 3674 3074; baseline 0.006 -26"><span class='ocrx_word' id='word_1_468' title='bbox 2085 3012 2189 3050; x_wconf 90' lang='grc' dir='ltr'>τοι.</span> <span class='ocrx_word' id='word_1_469' title='bbox 2230 2996 2369 3060; x_wconf 81' lang='grc' dir='ltr'>Τοὺς</span> <span class='ocrx_word' id='word_1_470' title='bbox 2401 2998 2507 3068; x_wconf 85' lang='grc' dir='ltr'>γὰρ</span> <span class='ocrx_word' id='word_1_471' title='bbox 2529 2998 2674 3064; x_wconf 79' lang='grc' dir='ltr'>ἅπαξ</span> <span class='ocrx_word' id='word_1_472' title='bbox 2712 2998 3004 3068; x_wconf 82' lang='grc' dir='ltr'>ψεύδεσθαι</span> <span class='ocrx_word' id='word_1_473' title='bbox 3038 3001 3456 3074; x_wconf 81' lang='grc' dir='ltr'>προελομένους,</span> <span class='ocrx_word' id='word_1_474' title='bbox 3486 3004 3555 3057; x_wconf 88' lang='grc' dir='ltr'><strong>τά</strong></span> <span class='ocrx_word' id='word_1_475' title='bbox 3577 3003 3674 3057; x_wconf 80' lang='grc' dir='ltr'>λυ-</span> 
     </span>
    </p>
   </div>
   <div class='ocr_carea' id='block_1_63' title="bbox 407 3065 1985 3180">
    <p class='ocr_par' dir='ltr' id='par_1_63' title="bbox 407 3065 1985 3180">
     <span class='ocr_line' id='line_1_64' title="bbox 407 3065 1985 3150; baseline 0.015 -32"><span class='ocrx_word' id='word_1_476' title='bbox 407 3065 558 3134; x_wconf 88' lang='lat' dir='ltr'><strong>qnod</strong></span> <span class='ocrx_word' id='word_1_477' title='bbox 607 3067 712 3136; x_wconf 92' lang='lat' dir='ltr'><strong>ipsi</strong></span> <span class='ocrx_word' id='word_1_478' title='bbox 755 3069 911 3125; x_wconf 87' lang='lat' dir='ltr'><strong>illum</strong></span> <span class='ocrx_word' id='word_1_479' title='bbox 959 3073 1302 3132; x_wconf 89' lang='lat' dir='ltr'><strong>deseruerint</strong></span> <span class='ocrx_word' id='word_1_480' title='bbox 1339 3086 1505 3150; x_wconf 90' lang='lat' dir='ltr'><strong>atque</strong></span> <span class='ocrx_word' id='word_1_481' title='bbox 1565 3082 1837 3139; x_wconf 84' lang='lat' dir='ltr'><strong>abierint?</strong></span> <span class='ocrx_word' id='word_1_482' title='bbox 1889 3094 1985 3141; x_wconf 91' lang='lat' dir='ltr'><strong>aut</strong></span> 
     </span>
     <span class='ocr_line' id='line_1_65' title="bbox 410 3154 1907 3180; baseline 0 0"><span class='ocrx_word' id='word_1_483' title='bbox 410 3154 553 3180; x_wconf 62' lang='lat' dir='ltr'><strong>nun-nt.</strong></span> <span class='ocrx_word' id='word_1_484' title='bbox 592 3157 680 3180; x_wconf 52' lang='lat' dir='ltr'><strong>An:</strong></span> <span class='ocrx_word' id='word_1_485' title='bbox 720 3161 963 3180; x_wconf 43' lang='grc' dir='ltr'><strong>-..μη-η-</strong></span> <span class='ocrx_word' id='word_1_486' title='bbox 998 3164 1010 3175; x_wconf 79' lang='grc' dir='ltr'><strong><em>ο</em></strong></span> <span class='ocrx_word' id='word_1_487' title='bbox 1085 3165 1095 3175; x_wconf 84' lang='grc' dir='ltr'><strong>ι</strong></span> <span class='ocrx_word' id='word_1_488' title='bbox 1370 3169 1399 3180; x_wconf 36' lang='grc' dir='ltr'>,ν</span> <span class='ocrx_word' id='word_1_489' title='bbox 1512 3170 1533 3180; x_wconf 63' lang='grc' dir='ltr'><strong>η</strong></span> <span class='ocrx_word' id='word_1_490' title='bbox 1895 3176 1907 3180; x_wconf 91' lang='grc'><strong>-</strong></span> 
     </span>
    </p>
   </div>
   <div class='ocr_carea' id='block_1_64' title="bbox 2096 3065 3676 3180">
    <p class='ocr_par' dir='ltr' id='par_1_64' title="bbox 2096 3065 3676 3166">
     <span class='ocr_line' id='line_1_66' title="bbox 2096 3065 3676 3166; baseline 0.005 -23"><span class='ocrx_word' id='word_1_491' title='bbox 2096 3090 2240 3161; x_wconf 87' lang='grc' dir='ltr'>πηρά</span> <span class='ocrx_word' id='word_1_492' title='bbox 2271 3091 2408 3162; x_wconf 84' lang='grc' dir='ltr'>χρῆν</span> <span class='ocrx_word' id='word_1_493' title='bbox 2439 3065 2638 3162; x_wconf 66' lang='grc' dir='ltr'>μάλλον</span> <span class='ocrx_word' id='word_1_494' title='bbox 2666 3065 2927 3161; x_wconf 82' lang='grc' dir='ltr'>ἐκφυγεῖν</span> <span class='ocrx_word' id='word_1_495' title='bbox 2960 3065 3096 3164; x_wconf 45' lang='grc' dir='ltr'>ἤτοι·</span> <span class='ocrx_word' id='word_1_496' title='bbox 3122 3095 3213 3148; x_wconf 89' lang='grc' dir='ltr'><strong>διά</strong></span> <span class='ocrx_word' id='word_1_497' title='bbox 3241 3065 3476 3165; x_wconf 76' lang='grc' dir='ltr'>σιωπῆς,</span> <span class='ocrx_word' id='word_1_498' title='bbox 3506 3096 3540 3166; x_wconf 80' lang='grc' dir='ltr'><strong>ἢ</strong></span> <span class='ocrx_word' id='word_1_499' title='bbox 3578 3096 3676 3151; x_wconf 82' lang='grc' dir='ltr'>διὰ</span> 
     </span>
    </p>
   </div>
   <div class='ocr_carea' id='block_1_65' title="bbox 406 3154 1985 3258">
    <p class='ocr_par' dir='ltr' id='par_1_65' title="bbox 406 3154 1980 3244">
     <span class='ocr_line' id='line_1_67' title="bbox 406 3154 1980 3244; baseline 0.017 -38"><span class='ocrx_word' id='word_1_500' title='bbox 406 3154 555 3223; x_wconf 90' lang='lat' dir='ltr'><strong>quod</strong></span> <span class='ocrx_word' id='word_1_501' title='bbox 587 3157 681 3227; x_wconf 94' lang='lat' dir='ltr'><strong>qui</strong></span> <span class='ocrx_word' id='word_1_502' title='bbox 715 3161 969 3217; x_wconf 91' lang='lat' dir='ltr'><strong>omnibus</strong></span> <span class='ocrx_word' id='word_1_503' title='bbox 996 3164 1131 3233; x_wconf 87' lang='lat' dir='ltr'><strong>ipsis</strong></span> <span class='ocrx_word' id='word_1_504' title='bbox 1153 3169 1478 3237; x_wconf 71' lang='lat' dir='ltr'><strong>praepositus</strong></span> <span class='ocrx_word' id='word_1_505' title='bbox 1505 3170 1684 3226; x_wconf 85' lang='lat' dir='ltr'><strong>fuerat</strong></span> <span class='ocrx_word' id='word_1_506' title='bbox 1700 3176 1980 3244; x_wconf 88' lang='lat' dir='ltr'><strong>apostolus</strong></span> 
     </span>
    </p>
   </div>
   <div class='ocr_carea' id='block_1_66' title="bbox 2096 3154 3674 3258">
    <p class='ocr_par' dir='ltr' id='par_1_66' title="bbox 2096 3154 3674 3258">
     <span class='ocr_line' id='line_1_68' title="bbox 2096 3154 3674 3258; baseline 0.004 -22"><span class='ocrx_word' id='word_1_507' title='bbox 2096 3154 2184 3255; x_wconf 69' lang='grc' dir='ltr'><strong>τῆς</strong></span> <span class='ocrx_word' id='word_1_508' title='bbox 2217 3154 2345 3256; x_wconf 77' lang='grc' dir='ltr'>περὶ</span> <span class='ocrx_word' id='word_1_509' title='bbox 2364 3154 2552 3237; x_wconf 45' lang='grc' dir='ltr'>ἀὐτῶν</span> <span class='ocrx_word' id='word_1_510' title='bbox 2589 3154 2890 3255; x_wconf 79' lang='grc' dir='ltr'>ἀρνήσεως,</span> <span class='ocrx_word' id='word_1_511' title='bbox 2932 3154 3004 3257; x_wconf 73' lang='grc' dir='ltr'><strong>μή</strong></span> <span class='ocrx_word' id='word_1_512' title='bbox 3048 3185 3223 3250; x_wconf 82' lang='grc' dir='ltr'>ἄλλως</span> <span class='ocrx_word' id='word_1_513' title='bbox 3260 3186 3366 3240; x_wconf 89' lang='grc' dir='ltr'><strong>τῶν</strong></span> <span class='ocrx_word' id='word_1_514' title='bbox 3400 3154 3674 3258; x_wconf 35' lang='lat' dir='ltr'><strong>iam»</strong></span> 
     </span>
    </p>
   </div>
   <div class='ocr_carea' id='block_1_67' title="bbox 408 3247 1978 3334">
    <p class='ocr_par' dir='ltr' id='par_1_67' title="bbox 408 3247 1978 3334">
     <span class='ocr_line' id='line_1_69' title="bbox 408 3247 1978 3334; baseline 0.015 -33"><span class='ocrx_word' id='word_1_515' title='bbox 408 3247 581 3313; x_wconf 88' lang='lat' dir='ltr'><strong>illius,</strong></span> <span class='ocrx_word' id='word_1_516' title='bbox 604 3256 659 3304; x_wconf 89' lang='lat' dir='ltr'><strong>et</strong></span> <span class='ocrx_word' id='word_1_517' title='bbox 680 3250 984 3322; x_wconf 89' lang='lat' dir='ltr'><strong>discipulus</strong></span> <span class='ocrx_word' id='word_1_518' title='bbox 1012 3255 1229 3323; x_wconf 86' lang='lat' dir='ltr'><strong>Petrus,</strong></span> <span class='ocrx_word' id='word_1_519' title='bbox 1262 3260 1428 3317; x_wconf 91' lang='lat' dir='ltr'><strong>nullis</strong></span> <span class='ocrx_word' id='word_1_520' title='bbox 1451 3277 1629 3334; x_wconf 88' lang='lat' dir='ltr'><strong>neque</strong></span> <span class='ocrx_word' id='word_1_521' title='bbox 1669 3268 1978 3332; x_wconf 87' lang='lat' dir='ltr'><strong>tormentis,</strong></span> 
     </span>
    </p>
   </div>
   <div class='ocr_carea' id='block_1_68' title="bbox 409 3346 1983 3427">
    <p class='ocr_par' dir='ltr' id='par_1_68' title="bbox 409 3346 1983 3427">
     <span class='ocr_line' id='line_1_70' title="bbox 409 3346 1983 3427; baseline 0.014 -35"><span class='ocrx_word' id='word_1_522' title='bbox 409 3353 590 3410; x_wconf 89' lang='lat' dir='ltr'><strong>neque</strong></span> <span class='ocrx_word' id='word_1_523' title='bbox 645 3346 948 3412; x_wconf 83' lang='lat' dir='ltr'><strong>tyrannicis</strong></span> <span class='ocrx_word' id='word_1_524' title='bbox 998 3349 1207 3415; x_wconf 90' lang='lat' dir='ltr'><strong>minis,</strong></span> <span class='ocrx_word' id='word_1_525' title='bbox 1258 3359 1344 3407; x_wconf 89' lang='lat' dir='ltr'><strong>ter</strong></span> <span class='ocrx_word' id='word_1_526' title='bbox 1392 3353 1544 3409; x_wconf 91' lang='lat' dir='ltr'><strong>illum</strong></span> <span class='ocrx_word' id='word_1_527' title='bbox 1597 3357 1983 3427; x_wconf 78' lang='lat' dir='ltr'><strong>abjuraverit?</strong></span> 
     </span>
    </p>
   </div>
   <div class='ocr_carea' id='block_1_69' title="bbox 409 3427 1981 3516">
    <p class='ocr_par' dir='ltr' id='par_1_69' title="bbox 409 3427 1981 3516">
     <span class='ocr_line' id='line_1_71' title="bbox 409 3427 1981 3516; baseline 0.017 -34"><span class='ocrx_word' id='word_1_528' title='bbox 409 3427 537 3485; x_wconf 64' lang='lat' dir='ltr'><strong>Haec</strong></span> <span class='ocrx_word' id='word_1_529' title='bbox 564 3432 708 3486; x_wconf 88' lang='lat' dir='ltr'><strong>enim</strong></span> <span class='ocrx_word' id='word_1_530' title='bbox 739 3442 794 3490; x_wconf 92' lang='lat' dir='ltr'><strong>et</strong></span> <span class='ocrx_word' id='word_1_531' title='bbox 823 3436 869 3492; x_wconf 91' lang='lat' dir='ltr'><strong>si</strong></span> <span class='ocrx_word' id='word_1_532' title='bbox 893 3438 984 3493; x_wconf 93' lang='lat' dir='ltr'><strong>alii</strong></span> <span class='ocrx_word' id='word_1_533' title='bbox 1014 3440 1303 3511; x_wconf 81' lang='lat' dir='ltr'><strong>dixissent,</strong></span> <span class='ocrx_word' id='word_1_534' title='bbox 1324 3445 1574 3516; x_wconf 81' lang='lat' dir='ltr'><strong>neganda</strong></span> <span class='ocrx_word' id='word_1_535' title='bbox 1608 3449 1676 3505; x_wconf 89' lang='lat' dir='ltr'><strong>ab</strong></span> <span class='ocrx_word' id='word_1_536' title='bbox 1703 3449 1774 3506; x_wconf 92' lang='lat' dir='ltr'><strong>iis</strong></span> <span class='ocrx_word' id='word_1_537' title='bbox 1797 3459 1981 3508; x_wconf 87' lang='lat' dir='ltr'><strong>tamen</strong></span> 
     </span>
    </p>
   </div>
   <div class='ocr_carea' id='block_1_70' title="bbox 410 3520 1981 3611">
    <p class='ocr_par' dir='ltr' id='par_1_70' title="bbox 410 3520 1981 3611">
     <span class='ocr_line' id='line_1_72' title="bbox 410 3520 1981 3611; baseline 0.017 -37"><span class='ocrx_word' id='word_1_538' title='bbox 410 3520 583 3587; x_wconf 89' lang='lat' dir='ltr'><strong>fuere,</strong></span> <span class='ocrx_word' id='word_1_539' title='bbox 624 3524 719 3611; x_wconf 88' lang='lat' dir='ltr'><strong>qui</strong></span> <span class='ocrx_word' id='word_1_540' title='bbox 756 3526 894 3581; x_wconf 84' lang='lat' dir='ltr'><strong>nihil</strong></span> <span class='ocrx_word' id='word_1_541' title='bbox 922 3529 1068 3584; x_wconf 92' lang='lat' dir='ltr'><strong>aliud</strong></span> <span class='ocrx_word' id='word_1_542' title='bbox 1099 3532 1203 3587; x_wconf 86' lang='lat' dir='ltr'><strong>sibi</strong></span> <span class='ocrx_word' id='word_1_543' title='bbox 1233 3533 1291 3587; x_wconf 90' lang='lat' dir='ltr'><strong>in</strong></span> <span class='ocrx_word' id='word_1_544' title='bbox 1329 3536 1622 3593; x_wconf 90' lang='lat' dir='ltr'><strong>scribendo</strong></span> <span class='ocrx_word' id='word_1_545' title='bbox 1661 3543 1981 3611; x_wconf 79' lang='lat' dir='ltr'><strong>proposuis-</strong></span> 
     </span>
    </p>
   </div>
   <div class='ocr_carea' id='block_1_71' title="bbox 409 3610 1977 3696">
    <p class='ocr_par' dir='ltr' id='par_1_71' title="bbox 409 3610 1977 3696">
     <span class='ocr_line' id='line_1_73' title="bbox 409 3610 1977 3696; baseline 0.011 -31"><span class='ocrx_word' id='word_1_546' title='bbox 409 3617 553 3673; x_wconf 91' lang='lat' dir='ltr'><strong>sent,</strong></span> <span class='ocrx_word' id='word_1_547' title='bbox 586 3610 695 3667; x_wconf 91' lang='lat' dir='ltr'><strong>nisi</strong></span> <span class='ocrx_word' id='word_1_548' title='bbox 727 3617 789 3666; x_wconf 66' lang='lat' dir='ltr'><strong>at</strong></span> <span class='ocrx_word' id='word_1_549' title='bbox 821 3619 1182 3674; x_wconf 82' lang='lat' dir='ltr'><strong>reverentiam</strong></span> <span class='ocrx_word' id='word_1_550' title='bbox 1216 3624 1537 3692; x_wconf 68' lang='lat' dir='ltr'><strong>praeceptori</strong></span> <span class='ocrx_word' id='word_1_551' title='bbox 1575 3610 1977 3696; x_wconf 79' lang='lat' dir='ltr'><strong>compararent.</strong></span> 
     </span>
    </p>
   </div>
   <div class='ocr_carea' id='block_1_72' title="bbox 407 3699 1980 3778">
    <p class='ocr_par' dir='ltr' id='par_1_72' title="bbox 407 3699 1980 3778">
     <span class='ocr_line' id='line_1_74' title="bbox 407 3699 1980 3778; baseline 0.013 -22"><span class='ocrx_word' id='word_1_552' title='bbox 407 3699 566 3768; x_wconf 88' lang='lat' dir='ltr'><strong>Quod</strong></span> <span class='ocrx_word' id='word_1_553' title='bbox 592 3704 641 3759; x_wconf 87' lang='lat' dir='ltr'><strong>si</strong></span> <span class='ocrx_word' id='word_1_554' title='bbox 666 3706 891 3762; x_wconf 83' lang='lat' dir='ltr'><strong>veridici</strong></span> <span class='ocrx_word' id='word_1_555' title='bbox 925 3707 980 3763; x_wconf 88' lang='lat' dir='ltr'><strong>in</strong></span> <span class='ocrx_word' id='word_1_556' title='bbox 1006 3710 1341 3767; x_wconf 89' lang='lat' dir='ltr'><strong>tristioribus</strong></span> <span class='ocrx_word' id='word_1_557' title='bbox 1362 3711 1431 3770; x_wconf 87' lang='lat' dir='ltr'><strong>de</strong></span> <span class='ocrx_word' id='word_1_558' title='bbox 1455 3715 1551 3770; x_wconf 90' lang='lat' dir='ltr'><strong>illo</strong></span> <span class='ocrx_word' id='word_1_559' title='bbox 1573 3718 1980 3778; x_wconf 89' lang='lat' dir='ltr'><strong>narrationibus</strong></span> 
     </span>
    </p>
   </div>
   <div class='ocr_carea' id='block_1_73' title="bbox 406 3793 1981 3883">
    <p class='ocr_par' dir='ltr' id='par_1_73' title="bbox 406 3793 1981 3883">
     <span class='ocr_line' id='line_1_75' title="bbox 406 3793 1981 3883; baseline 0.012 -33"><span class='ocrx_word' id='word_1_560' title='bbox 406 3793 681 3862; x_wconf 85' lang='lat' dir='ltr'><strong>videntur,</strong></span> <span class='ocrx_word' id='word_1_561' title='bbox 712 3812 814 3852; x_wconf 91' lang='lat' dir='ltr'><strong>cur</strong></span> <span class='ocrx_word' id='word_1_562' title='bbox 862 3814 974 3856; x_wconf 91' lang='lat' dir='ltr'><strong>non</strong></span> <span class='ocrx_word' id='word_1_563' title='bbox 1008 3802 1064 3856; x_wconf 93' lang='lat' dir='ltr'><strong>in</strong></span> <span class='ocrx_word' id='word_1_564' title='bbox 1107 3802 1176 3860; x_wconf 90' lang='lat' dir='ltr'><strong>iis</strong></span> <span class='ocrx_word' id='word_1_565' title='bbox 1202 3804 1353 3869; x_wconf 87' lang='lat' dir='ltr'><strong>item,</strong></span> <span class='ocrx_word' id='word_1_566' title='bbox 1398 3822 1520 3878; x_wconf 75' lang='lat' dir='ltr'><strong>quze</strong></span> <span class='ocrx_word' id='word_1_567' title='bbox 1563 3809 1825 3877; x_wconf 84' lang='lat' dir='ltr'><strong>laetitiam,</strong></span> <span class='ocrx_word' id='word_1_568' title='bbox 1866 3812 1981 3883; x_wconf 85' lang='lat' dir='ltr'><strong>glo-</strong></span> 
     </span>
    </p>
   </div>
   <div class='ocr_carea' id='block_1_74' title="bbox 406 3886 1980 3973">
    <p class='ocr_par' dir='ltr' id='par_1_74' title="bbox 406 3886 1980 3973">
     <span class='ocr_line' id='line_1_76' title="bbox 406 3886 1980 3973; baseline 0.013 -31"><span class='ocrx_word' id='word_1_569' title='bbox 406 3886 655 3960; x_wconf 88' lang='lat' dir='ltr'><strong>riamque</strong></span> <span class='ocrx_word' id='word_1_570' title='bbox 674 3890 898 3957; x_wconf 88' lang='lat' dir='ltr'><strong>habent,</strong></span> <span class='ocrx_word' id='word_1_571' title='bbox 929 3894 1103 3950; x_wconf 91' lang='lat' dir='ltr'><strong>multo</strong></span> <span class='ocrx_word' id='word_1_572' title='bbox 1124 3898 1318 3968; x_wconf 88' lang='lat' dir='ltr'><strong>magis,</strong></span> <span class='ocrx_word' id='word_1_573' title='bbox 1344 3913 1509 3969; x_wconf 90' lang='lat' dir='ltr'><strong>quam</strong></span> <span class='ocrx_word' id='word_1_574' title='bbox 1538 3900 1644 3958; x_wconf 91' lang='lat' dir='ltr'><strong>sibi</strong></span> <span class='ocrx_word' id='word_1_575' title='bbox 1674 3902 1813 3973; x_wconf 87' lang='lat' dir='ltr'><strong>ipsis</strong></span> <span class='ocrx_word' id='word_1_576' title='bbox 1846 3920 1980 3962; x_wconf 91' lang='lat' dir='ltr'><strong>con-</strong></span> 
     </span>
    </p>
   </div>
   <div class='ocr_carea' id='block_1_75' title="bbox 406 3981 1983 4064">
    <p class='ocr_par' dir='ltr' id='par_1_75' title="bbox 406 3981 1983 4064">
     <span class='ocr_line' id='line_1_77' title="bbox 406 3981 1983 4064; baseline 0.013 -30"><span class='ocrx_word' id='word_1_577' title='bbox 406 3981 609 4037; x_wconf 79' lang='lat' dir='ltr'><strong>trarii?</strong></span> <span class='ocrx_word' id='word_1_578' title='bbox 640 3981 775 4038; x_wconf 87' lang='lat' dir='ltr'><strong>Nam</strong></span> <span class='ocrx_word' id='word_1_579' title='bbox 802 3985 1002 4055; x_wconf 85' lang='lat' dir='ltr'><strong>quibus</strong></span> <span class='ocrx_word' id='word_1_580' title='bbox 1030 4003 1198 4042; x_wconf 91' lang='lat' dir='ltr'><strong>unum</strong></span> <span class='ocrx_word' id='word_1_581' title='bbox 1234 3993 1572 4062; x_wconf 91' lang='lat' dir='ltr'><strong>propositum</strong></span> <span class='ocrx_word' id='word_1_582' title='bbox 1622 3994 1785 4064; x_wconf 78' lang='lat' dir='ltr'><strong>fuerit</strong></span> <span class='ocrx_word' id='word_1_583' title='bbox 1826 4014 1983 4055; x_wconf 91' lang='lat' dir='ltr'><strong>men-</strong></span> 
     </span>
    </p>
   </div>
   <div class='ocr_carea' id='block_1_76' title="bbox 404 4071 1982 4158">
    <p class='ocr_par' dir='ltr' id='par_1_76' title="bbox 404 4071 1982 4158">
     <span class='ocr_line' id='line_1_78' title="bbox 404 4071 1982 4158; baseline 0.015 -34"><span class='ocrx_word' id='word_1_584' title='bbox 404 4071 601 4138; x_wconf 86' lang='lat' dir='ltr'><strong>tiendi,</strong></span> <span class='ocrx_word' id='word_1_585' title='bbox 639 4074 707 4130; x_wconf 89' lang='lat' dir='ltr'><strong>ab</strong></span> <span class='ocrx_word' id='word_1_586' title='bbox 734 4075 803 4131; x_wconf 90' lang='lat' dir='ltr'><strong>iis</strong></span> <span class='ocrx_word' id='word_1_587' title='bbox 835 4077 882 4132; x_wconf 92' lang='lat' dir='ltr'><strong>si</strong></span> <span class='ocrx_word' id='word_1_588' title='bbox 919 4094 1029 4149; x_wconf 92' lang='lat' dir='ltr'><strong>qua</strong></span> <span class='ocrx_word' id='word_1_589' title='bbox 1067 4078 1370 4149; x_wconf 78' lang='lat' dir='ltr'><strong>offendunt,</strong></span> <span class='ocrx_word' id='word_1_590' title='bbox 1414 4100 1480 4140; x_wconf 86' lang='lat' dir='ltr'><strong>ea</strong></span> <span class='ocrx_word' id='word_1_591' title='bbox 1527 4086 1849 4158; x_wconf 82' lang='lat' dir='ltr'><strong>inprimis,</strong></span> <span class='ocrx_word' id='word_1_592' title='bbox 1885 4099 1982 4146; x_wconf 88' lang='lat' dir='ltr'><strong>aut</strong></span> 
     </span>
    </p>
   </div>
   <div class='ocr_carea' id='block_1_77' title="bbox 406 4165 1978 4250">
    <p class='ocr_par' dir='ltr' id='par_1_77' title="bbox 406 4165 1978 4250">
     <span class='ocr_line' id='line_1_79' title="bbox 406 4165 1978 4250; baseline 0.011 -32"><span class='ocrx_word' id='word_1_593' title='bbox 406 4165 676 4235; x_wconf 67' lang='lat' dir='ltr'><strong>praeteriri</strong></span> <span class='ocrx_word' id='word_1_594' title='bbox 708 4169 995 4236; x_wconf 87' lang='lat' dir='ltr'><strong>oportebat</strong></span> <span class='ocrx_word' id='word_1_595' title='bbox 1023 4172 1263 4238; x_wconf 91' lang='lat' dir='ltr'><strong>silentio,</strong></span> <span class='ocrx_word' id='word_1_596' title='bbox 1297 4182 1392 4229; x_wconf 90' lang='lat' dir='ltr'><strong>aut</strong></span> <span class='ocrx_word' id='word_1_597' title='bbox 1417 4176 1466 4231; x_wconf 90' lang='lat' dir='ltr'><strong>si</strong></span> <span class='ocrx_word' id='word_1_598' title='bbox 1507 4177 1558 4231; x_wconf 83' lang='lat' dir='ltr'><strong>id</strong></span> <span class='ocrx_word' id='word_1_599' title='bbox 1599 4194 1706 4233; x_wconf 88' lang='lat' dir='ltr'><strong>non</strong></span> <span class='ocrx_word' id='word_1_600' title='bbox 1729 4188 1978 4250; x_wconf 87' lang='lat' dir='ltr'><strong>poterat,</strong></span> 
     </span>
    </p>
   </div>
   <div class='ocr_carea' id='block_1_78' title="bbox 406 4256 1982 4344">
    <p class='ocr_par' dir='ltr' id='par_1_78' title="bbox 406 4256 1982 4344">
     <span class='ocr_line' id='line_1_80' title="bbox 406 4256 1982 4344; baseline 0.013 -35"><span class='ocrx_word' id='word_1_601' title='bbox 406 4256 698 4326; x_wconf 75' lang='lat' dir='ltr'><strong>negatione</strong></span> <span class='ocrx_word' id='word_1_602' title='bbox 724 4259 921 4317; x_wconf 87' lang='lat' dir='ltr'><strong>refelli.</strong></span> <span class='ocrx_word' id='word_1_603' title='bbox 952 4261 1087 4328; x_wconf 91' lang='lat' dir='ltr'><strong>Quis</strong></span> <span class='ocrx_word' id='word_1_604' title='bbox 1115 4265 1262 4319; x_wconf 89' lang='lat' dir='ltr'><strong>enim</strong></span> <span class='ocrx_word' id='word_1_605' title='bbox 1303 4268 1449 4338; x_wconf 89' lang='lat' dir='ltr'><strong>apud</strong></span> <span class='ocrx_word' id='word_1_606' title='bbox 1490 4277 1738 4338; x_wconf 90' lang='lat' dir='ltr'><strong>posteros</strong></span> <span class='ocrx_word' id='word_1_607' title='bbox 1771 4287 1837 4330; x_wconf 81' lang='lat' dir='ltr'><strong>ea</strong></span> <span class='ocrx_word' id='word_1_608' title='bbox 1860 4289 1982 4344; x_wconf 70' lang='lat' dir='ltr'><strong>quae</strong></span> 
     </span>
    </p>
   </div>
   <div class='ocr_carea' id='block_1_79' title="bbox 407 4346 1979 4426">
    <p class='ocr_par' dir='ltr' id='par_1_79' title="bbox 407 4346 1979 4426">
     <span class='ocr_line' id='line_1_81' title="bbox 407 4346 1979 4426; baseline 0.012 -26"><span class='ocrx_word' id='word_1_609' title='bbox 407 4346 732 4414; x_wconf 86' lang='lat' dir='ltr'><strong>tacuissent,</strong></span> <span class='ocrx_word' id='word_1_610' title='bbox 766 4351 1166 4421; x_wconf 90' lang='lat' dir='ltr'><strong>reprehendere</strong></span> <span class='ocrx_word' id='word_1_611' title='bbox 1188 4369 1430 4425; x_wconf 90' lang='lat' dir='ltr'><strong>unquam</strong></span> <span class='ocrx_word' id='word_1_612' title='bbox 1452 4359 1768 4426; x_wconf 87' lang='lat' dir='ltr'><strong>potuisset?</strong></span> <span class='ocrx_word' id='word_1_613' title='bbox 1793 4359 1901 4417; x_wconf 90' lang='lat' dir='ltr'><strong>Sed</strong></span> <span class='ocrx_word' id='word_1_614' title='bbox 1931 4364 1979 4419; x_wconf 92' lang='lat' dir='ltr'><strong>si</strong></span> 
     </span>
    </p>
   </div>
   <div class='ocr_carea' id='block_1_80' title="bbox 405 4437 2055 4521">
    <p class='ocr_par' dir='ltr' id='par_1_80' title="bbox 405 4437 2055 4521">
     <span class='ocr_line' id='line_1_82' title="bbox 405 4437 2055 4521; baseline 0.012 -31"><span class='ocrx_word' id='word_1_615' title='bbox 405 4437 624 4492; x_wconf 88' lang='lat' dir='ltr'><strong>mentiri</strong></span> <span class='ocrx_word' id='word_1_616' title='bbox 651 4438 1026 4508; x_wconf 85' lang='lat' dir='ltr'><strong>decreverant,</strong></span> <span class='ocrx_word' id='word_1_617' title='bbox 1057 4459 1158 4499; x_wconf 89' lang='lat' dir='ltr'><strong>cur</strong></span> <span class='ocrx_word' id='word_1_618' title='bbox 1195 4462 1305 4501; x_wconf 90' lang='lat' dir='ltr'><strong>non</strong></span> <span class='ocrx_word' id='word_1_619' title='bbox 1344 4446 1477 4503; x_wconf 89' lang='lat' dir='ltr'><strong>illud</strong></span> <span class='ocrx_word' id='word_1_620' title='bbox 1506 4465 1723 4521; x_wconf 90' lang='lat' dir='ltr'><strong>quoque</strong></span> <span class='ocrx_word' id='word_1_621' title='bbox 1764 4454 1979 4510; x_wconf 88' lang='lat' dir='ltr'><strong>mentiti</strong></span> <span class='ocrx_word' id='word_1_622' title='bbox 2009 4454 2055 4511; x_wconf 87' lang='lat' dir='ltr'><strong>D</strong></span> 
     </span>
    </p>
   </div>
   <div class='ocr_carea' id='block_1_81' title="bbox 404 4528 1979 4608">
    <p class='ocr_par' dir='ltr' id='par_1_81' title="bbox 404 4528 1979 4608">
     <span class='ocr_line' id='line_1_83' title="bbox 404 4528 1979 4608; baseline 0.013 -27"><span class='ocrx_word' id='word_1_623' title='bbox 404 4534 556 4591; x_wconf 87' lang='lat' dir='ltr'><strong>sunt,</strong></span> <span class='ocrx_word' id='word_1_624' title='bbox 602 4528 799 4586; x_wconf 86' lang='lat' dir='ltr'><strong>Judam</strong></span> <span class='ocrx_word' id='word_1_625' title='bbox 841 4533 937 4604; x_wconf 91' lang='lat' dir='ltr'><strong>qui</strong></span> <span class='ocrx_word' id='word_1_626' title='bbox 979 4537 1172 4592; x_wconf 91' lang='lat' dir='ltr'><strong>osculo</strong></span> <span class='ocrx_word' id='word_1_627' title='bbox 1210 4538 1362 4593; x_wconf 91' lang='lat' dir='ltr'><strong>illum</strong></span> <span class='ocrx_word' id='word_1_628' title='bbox 1400 4541 1664 4608; x_wconf 87' lang='lat' dir='ltr'><strong>&#39;tradidit,</strong></span> <span class='ocrx_word' id='word_1_629' title='bbox 1708 4543 1873 4599; x_wconf 91' lang='lat' dir='ltr'><strong>simul</strong></span> <span class='ocrx_word' id='word_1_630' title='bbox 1912 4559 1979 4601; x_wconf 89' lang='lat' dir='ltr'><strong>ac</strong></span> 
     </span>
    </p>
   </div>
   <div class='ocr_carea' id='block_1_82' title="bbox 405 4620 1977 4707">
    <p class='ocr_par' dir='ltr' id='par_1_82' title="bbox 405 4620 1977 4707">
     <span class='ocr_line' id='line_1_84' title="bbox 405 4620 1977 4707; baseline 0.013 -34"><span class='ocrx_word' id='word_1_631' title='bbox 405 4620 731 4690; x_wconf 82' lang='lat' dir='ltr'><strong>proditionis</strong></span> <span class='ocrx_word' id='word_1_632' title='bbox 759 4626 975 4696; x_wconf 86' lang='lat' dir='ltr'><strong>signum</strong></span> <span class='ocrx_word' id='word_1_633' title='bbox 1009 4629 1300 4686; x_wconf 88' lang='lat' dir='ltr'><strong>ostendere</strong></span> <span class='ocrx_word' id='word_1_634' title='bbox 1332 4647 1501 4689; x_wconf 90' lang='lat' dir='ltr'><strong>ausus</strong></span> <span class='ocrx_word' id='word_1_635' title='bbox 1531 4642 1637 4698; x_wconf 89' lang='lat' dir='ltr'><strong>est,</strong></span> <span class='ocrx_word' id='word_1_636' title='bbox 1671 4635 1725 4690; x_wconf 90' lang='lat' dir='ltr'><strong>in</strong></span> <span class='ocrx_word' id='word_1_637' title='bbox 1744 4636 1977 4707; x_wconf 89' lang='lat' dir='ltr'><strong>lapidem</strong></span> 
     </span>
    </p>
   </div>
   <div class='ocr_carea' id='block_1_83' title="bbox 402 4716 1977 4790">
    <p class='ocr_par' dir='ltr' id='par_1_83' title="bbox 402 4716 1977 4790">
     <span class='ocr_line' id='line_1_85' title="bbox 402 4716 1977 4790; baseline 0.013 -26"><span class='ocrx_word' id='word_1_638' title='bbox 402 4724 532 4766; x_wconf 86' lang='lat' dir='ltr'><strong>esse</strong></span> <span class='ocrx_word' id='word_1_639' title='bbox 551 4716 920 4769; x_wconf 88' lang='lat' dir='ltr'><strong>conversum?</strong></span> <span class='ocrx_word' id='word_1_640' title='bbox 946 4726 1001 4771; x_wconf 90' lang='lat' dir='ltr'><strong>et</strong></span> <span class='ocrx_word' id='word_1_641' title='bbox 1041 4718 1136 4788; x_wconf 91' lang='lat' dir='ltr'><strong>qui</strong></span> <span class='ocrx_word' id='word_1_642' title='bbox 1172 4721 1382 4790; x_wconf 89' lang='lat' dir='ltr'><strong>alapam</strong></span> <span class='ocrx_word' id='word_1_643' title='bbox 1429 4723 1504 4778; x_wconf 91' lang='lat' dir='ltr'><strong>illi</strong></span> <span class='ocrx_word' id='word_1_644' title='bbox 1565 4722 1766 4782; x_wconf 87' lang='lat' dir='ltr'><strong>inferre</strong></span> <span class='ocrx_word' id='word_1_645' title='bbox 1808 4743 1977 4785; x_wconf 89' lang='lat' dir='ltr'><strong>ausus</strong></span> 
     </span>
    </p>
   </div>
   <div class='ocr_carea' id='block_1_84' title="bbox 403 4800 1977 4887">
    <p class='ocr_par' dir='ltr' id='par_1_84' title="bbox 403 4800 1977 4887">
     <span class='ocr_line' id='line_1_86' title="bbox 403 4800 1977 4887; baseline 0.012 -33"><span class='ocrx_word' id='word_1_646' title='bbox 403 4807 510 4864; x_wconf 88' lang='lat' dir='ltr'><strong>est,</strong></span> <span class='ocrx_word' id='word_1_647' title='bbox 534 4800 655 4872; x_wconf 89' lang='lat' dir='ltr'><strong>ejus</strong></span> <span class='ocrx_word' id='word_1_648' title='bbox 682 4802 829 4858; x_wconf 89' lang='lat' dir='ltr'><strong>illico</strong></span> <span class='ocrx_word' id='word_1_649' title='bbox 857 4804 1104 4861; x_wconf 79' lang='lat' dir='ltr'><strong>dextram</strong></span> <span class='ocrx_word' id='word_1_650' title='bbox 1138 4810 1389 4867; x_wconf 75' lang='lat' dir='ltr'><strong>eruisse?</strong></span> <span class='ocrx_word' id='word_1_651' title='bbox 1414 4821 1468 4868; x_wconf 92' lang='lat' dir='ltr'><strong>et</strong></span> <span class='ocrx_word' id='word_1_652' title='bbox 1494 4813 1757 4883; x_wconf 88' lang='lat' dir='ltr'><strong>Caipham</strong></span> <span class='ocrx_word' id='word_1_653' title='bbox 1797 4819 1977 4887; x_wconf 87' lang='lat' dir='ltr'><strong>ponti-</strong></span> 
     </span>
    </p>
   </div>
   <div class='ocr_carea' id='block_1_85' title="bbox 406 4889 1977 4967">
    <p class='ocr_par' dir='ltr' id='par_1_85' title="bbox 406 4889 1977 4967">
     <span class='ocr_line' id='line_1_87' title="bbox 406 4889 1977 4967; baseline 0.014 -25"><span class='ocrx_word' id='word_1_654' title='bbox 406 4889 587 4956; x_wconf 86' lang='lat' dir='ltr'><strong>ﬁcem,</strong></span> <span class='ocrx_word' id='word_1_655' title='bbox 617 4901 903 4963; x_wconf 88' lang='lat' dir='ltr'><strong>propterea</strong></span> <span class='ocrx_word' id='word_1_656' title='bbox 930 4896 1078 4967; x_wconf 90' lang='lat' dir='ltr'><strong>quod</strong></span> <span class='ocrx_word' id='word_1_657' title='bbox 1112 4896 1266 4956; x_wconf 79' lang='lat' dir='ltr'><strong>falsis</strong></span> <span class='ocrx_word' id='word_1_658' title='bbox 1297 4909 1488 4957; x_wconf 87' lang='lat' dir='ltr'><strong>contra</strong></span> <span class='ocrx_word' id='word_1_659' title='bbox 1529 4903 1683 4960; x_wconf 88' lang='lat' dir='ltr'><strong>illum</strong></span> <span class='ocrx_word' id='word_1_660' title='bbox 1731 4908 1977 4964; x_wconf 89' lang='lat' dir='ltr'><strong>crimini-</strong></span> 
     </span>
    </p>
   </div>
   <div class='ocr_carea' id='block_1_86' title="bbox 405 4979 1977 5062">
    <p class='ocr_par' dir='ltr' id='par_1_86' title="bbox 405 4979 1977 5062">
     <span class='ocr_line' id='line_1_88' title="bbox 405 4979 1977 5062; baseline 0.014 -27"><span class='ocrx_word' id='word_1_661' title='bbox 405 4979 513 5036; x_wconf 92' lang='lat' dir='ltr'><strong>bus</strong></span> <span class='ocrx_word' id='word_1_662' title='bbox 550 4986 912 5051; x_wconf 87' lang='lat' dir='ltr'><strong>consenserit,</strong></span> <span class='ocrx_word' id='word_1_663' title='bbox 957 4988 1135 5046; x_wconf 90' lang='lat' dir='ltr'><strong>oculis</strong></span> <span class='ocrx_word' id='word_1_664' title='bbox 1177 4998 1397 5062; x_wconf 90' lang='lat' dir='ltr'><strong>captum</strong></span> <span class='ocrx_word' id='word_1_665' title='bbox 1445 4993 1655 5052; x_wconf 85' lang='lat' dir='ltr'><strong>fuisse?</strong></span> <span class='ocrx_word' id='word_1_666' title='bbox 1694 4996 1808 5055; x_wconf 88' lang='lat' dir='ltr'><strong>Cur</strong></span> <span class='ocrx_word' id='word_1_667' title='bbox 1847 5016 1977 5057; x_wconf 88' lang='lat' dir='ltr'><strong>vero</strong></span> 
     </span>
    </p>
   </div>
   <div class='ocr_carea' id='block_1_87' title="bbox 322 5079 1978 5161">
    <p class='ocr_par' dir='ltr' id='par_1_87' title="bbox 322 5079 1978 5161">
     <span class='ocr_line' id='line_1_89' title="bbox 322 5079 1978 5161; baseline 0.011 -32"><span class='ocrx_word' id='word_1_668' title='bbox 322 5117 349 5139; x_wconf 85' lang='grc'><strong>,</strong></span> <span class='ocrx_word' id='word_1_669' title='bbox 402 5088 515 5130; x_wconf 84' lang='lat' dir='ltr'><strong>non</strong></span> <span class='ocrx_word' id='word_1_670' title='bbox 555 5087 748 5131; x_wconf 90' lang='lat' dir='ltr'><strong>omnes</strong></span> <span class='ocrx_word' id='word_1_671' title='bbox 789 5079 1001 5133; x_wconf 89' lang='lat' dir='ltr'><strong>mentiti</strong></span> <span class='ocrx_word' id='word_1_672' title='bbox 1039 5089 1188 5148; x_wconf 90' lang='lat' dir='ltr'><strong>sunt,</strong></span> <span class='ocrx_word' id='word_1_673' title='bbox 1233 5083 1606 5155; x_wconf 82' lang='lat' dir='ltr'><strong>signiﬁcantes</strong></span> <span class='ocrx_word' id='word_1_674' title='bbox 1644 5089 1781 5145; x_wconf 88' lang='lat' dir='ltr'><strong>nihil</strong></span> <span class='ocrx_word' id='word_1_675' title='bbox 1818 5092 1978 5161; x_wconf 88' lang='lat' dir='ltr'><strong>plane</strong></span> 
     </span>
    </p>
   </div>
   <div class='ocr_carea' id='block_1_88' title="bbox 404 5163 1976 5253">
    <p class='ocr_par' dir='ltr' id='par_1_88' title="bbox 404 5163 1976 5253">
     <span class='ocr_line' id='line_1_90' title="bbox 404 5163 1976 5253; baseline 0.013 -36"><span class='ocrx_word' id='word_1_676' title='bbox 404 5163 483 5219; x_wconf 93' lang='lat' dir='ltr'><strong>illi</strong></span> <span class='ocrx_word' id='word_1_677' title='bbox 517 5166 665 5235; x_wconf 91' lang='lat' dir='ltr'><strong>quod</strong></span> <span class='ocrx_word' id='word_1_678' title='bbox 691 5169 867 5237; x_wconf 91' lang='lat' dir='ltr'><strong>possit</strong></span> <span class='ocrx_word' id='word_1_679' title='bbox 894 5170 1169 5229; x_wconf 70' lang='lat' dir='ltr'><strong>offendere</strong></span> <span class='ocrx_word' id='word_1_680' title='bbox 1193 5177 1480 5233; x_wconf 88' lang='lat' dir='ltr'><strong>evenisse?</strong></span> <span class='ocrx_word' id='word_1_681' title='bbox 1509 5180 1604 5235; x_wconf 91' lang='lat' dir='ltr'><strong>sed</strong></span> <span class='ocrx_word' id='word_1_682' title='bbox 1644 5180 1824 5251; x_wconf 91' lang='lat' dir='ltr'><strong>ipsum</strong></span> <span class='ocrx_word' id='word_1_683' title='bbox 1853 5184 1976 5253; x_wconf 85' lang='lat' dir='ltr'><strong>qui-</strong></span> 
     </span>
    </p>
   </div>
   <div class='ocr_carea' id='block_1_89' title="bbox 401 5255 1976 5337">
    <p class='ocr_par' dir='ltr' id='par_1_89' title="bbox 401 5255 1976 5337">
     <span class='ocr_line' id='line_1_91' title="bbox 401 5255 1976 5337; baseline 0.011 -27"><span class='ocrx_word' id='word_1_684' title='bbox 401 5255 541 5310; x_wconf 30' lang='lat' dir='ltr'><strong>dem»</strong></span> <span class='ocrx_word' id='word_1_685' title='bbox 562 5259 872 5323; x_wconf 88' lang='lat' dir='ltr'><strong>evanuisse,</strong></span> <span class='ocrx_word' id='word_1_686' title='bbox 888 5260 1177 5334; x_wconf 86' lang='lat' dir='ltr'><strong>forumque</strong></span> <span class='ocrx_word' id='word_1_687' title='bbox 1200 5272 1256 5321; x_wconf 90' lang='lat' dir='ltr'><strong>et</strong></span> <span class='ocrx_word' id='word_1_688' title='bbox 1272 5266 1479 5337; x_wconf 87' lang='lat' dir='ltr'><strong>judicia</strong></span> <span class='ocrx_word' id='word_1_689' title='bbox 1508 5270 1726 5326; x_wconf 91' lang='lat' dir='ltr'><strong>illorum</strong></span> <span class='ocrx_word' id='word_1_690' title='bbox 1747 5273 1976 5330; x_wconf 86' lang='lat' dir='ltr'><strong>risisse?</strong></span> 
     </span>
    </p>
   </div>
   <div class='ocr_carea' id='block_1_90' title="bbox 402 5347 1976 5429">
    <p class='ocr_par' dir='ltr' id='par_1_90' title="bbox 402 5347 1976 5429">
     <span class='ocr_line' id='line_1_92' title="bbox 402 5347 1976 5429; baseline 0.013 -30"><span class='ocrx_word' id='word_1_691' title='bbox 402 5347 499 5416; x_wconf 87' lang='lat' dir='ltr'><strong>qui</strong></span> <span class='ocrx_word' id='word_1_692' title='bbox 528 5362 662 5404; x_wconf 89' lang='lat' dir='ltr'><strong>vero</strong></span> <span class='ocrx_word' id='word_1_693' title='bbox 699 5349 851 5405; x_wconf 89' lang='lat' dir='ltr'><strong>illum</strong></span> <span class='ocrx_word' id='word_1_694' title='bbox 887 5355 1350 5424; x_wconf 85' lang='lat' dir='ltr'><strong>comprehendere</strong></span> <span class='ocrx_word' id='word_1_695' title='bbox 1365 5358 1487 5415; x_wconf 92' lang='lat' dir='ltr'><strong>ausi</strong></span> <span class='ocrx_word' id='word_1_696' title='bbox 1513 5360 1750 5429; x_wconf 81' lang='lat' dir='ltr'><strong>fuerant,</strong></span> <span class='ocrx_word' id='word_1_697' title='bbox 1776 5362 1976 5420; x_wconf 88' lang='lat' dir='ltr'><strong>divini-</strong></span> 
     </span>
    </p>
   </div>
   <div class='ocr_carea' id='block_1_91' title="bbox 403 5438 1968 5522">
    <p class='ocr_par' dir='ltr' id='par_1_91' title="bbox 403 5438 1968 5522">
     <span class='ocr_line' id='line_1_93' title="bbox 403 5438 1968 5522; baseline 0.013 -31"><span class='ocrx_word' id='word_1_698' title='bbox 403 5446 495 5492; x_wconf 88' lang='lat' dir='ltr'><strong>tus</strong></span> <span class='ocrx_word' id='word_1_699' title='bbox 528 5438 943 5511; x_wconf 76' lang='lat' dir='ltr'><strong>illusqs,contra</strong></span> <span class='ocrx_word' id='word_1_700' title='bbox 966 5444 1117 5501; x_wconf 92' lang='lat' dir='ltr'><strong>illum</strong></span> <span class='ocrx_word' id='word_1_701' title='bbox 1133 5463 1192 5503; x_wconf 91' lang='lat' dir='ltr'><strong>se</strong></span> <span class='ocrx_word' id='word_1_702' title='bbox 1216 5463 1376 5521; x_wconf 86' lang='lat' dir='ltr'><strong>agere</strong></span> <span class='ocrx_word' id='word_1_703' title='bbox 1390 5467 1512 5521; x_wconf 69' lang='lat' dir='ltr'><strong>qua:</strong></span> <span class='ocrx_word' id='word_1_704' title='bbox 1537 5462 1789 5522; x_wconf 85' lang='lat' dir='ltr'><strong>egerunt,</strong></span> <span class='ocrx_word' id='word_1_705' title='bbox 1820 5463 1968 5512; x_wconf 84' lang='lat' dir='ltr'><strong>tam-</strong></span> 
     </span>
    </p>
   </div>
   <div class='ocr_carea' id='block_1_92' title="bbox 404 5531 1976 5616">
    <p class='ocr_par' dir='ltr' id='par_1_92' title="bbox 404 5531 1976 5616">
     <span class='ocr_line' id='line_1_94' title="bbox 404 5531 1976 5616; baseline 0.011 -30"><span class='ocrx_word' id='word_1_706' title='bbox 404 5531 511 5586; x_wconf 85' lang='lat' dir='ltr'><strong>etsi</strong></span> <span class='ocrx_word' id='word_1_707' title='bbox 584 5532 679 5589; x_wconf 90' lang='lat' dir='ltr'><strong>ille</strong></span> <span class='ocrx_word' id='word_1_708' title='bbox 754 5548 865 5590; x_wconf 92' lang='lat' dir='ltr'><strong>non</strong></span> <span class='ocrx_word' id='word_1_709' title='bbox 920 5536 1133 5605; x_wconf 89' lang='lat' dir='ltr'><strong>aderat,</strong></span> <span class='ocrx_word' id='word_1_710' title='bbox 1193 5542 1531 5601; x_wconf 88' lang='lat' dir='ltr'><strong>credidisse?</strong></span> <span class='ocrx_word' id='word_1_711' title='bbox 1571 5544 1715 5612; x_wconf 89' lang='lat' dir='ltr'><strong>Quid</strong></span> <span class='ocrx_word' id='word_1_712' title='bbox 1772 5553 1976 5616; x_wconf 68' lang='lat' dir='ltr'><strong>pono?</strong></span> 
     </span>
    </p>
   </div>
   <div class='ocr_carea' id='block_1_93' title="bbox 405 5621 1971 5706">
    <p class='ocr_par' dir='ltr' id='par_1_93' title="bbox 405 5621 1971 5706">
     <span class='ocr_line' id='line_1_95' title="bbox 405 5621 1971 5706; baseline 0.014 -31"><span class='ocrx_word' id='word_1_713' title='bbox 405 5621 598 5678; x_wconf 79' lang='lat' dir='ltr'><strong>Nonne</strong></span> <span class='ocrx_word' id='word_1_714' title='bbox 648 5626 867 5695; x_wconf 83' lang='lat' dir='ltr'><strong>gravius</strong></span> <span class='ocrx_word' id='word_1_715' title='bbox 925 5627 1253 5701; x_wconf 82' lang='lat' dir='ltr'><strong>digniusque</strong></span> <span class='ocrx_word' id='word_1_716' title='bbox 1310 5635 1701 5706; x_wconf 85' lang='lat' dir='ltr'><strong>scripsissent,</strong></span> <span class='ocrx_word' id='word_1_717' title='bbox 1765 5642 1971 5697; x_wconf 81' lang='lat' dir='ltr'><strong>nullum</strong></span> 
     </span>
    </p>
   </div>
   <div class='ocr_carea' id='block_1_94' title="bbox 406 5716 2007 5799">
    <p class='ocr_par' dir='ltr' id='par_1_94' title="bbox 406 5716 2007 5799">
     <span class='ocr_line' id='line_1_96' title="bbox 406 5716 2007 5799; baseline 0.014 -29"><span class='ocrx_word' id='word_1_718' title='bbox 406 5716 566 5787; x_wconf 84' lang='lat' dir='ltr'><strong>plane</strong></span> <span class='ocrx_word' id='word_1_719' title='bbox 607 5718 906 5778; x_wconf 90' lang='lat' dir='ltr'><strong>humanum</strong></span> <span class='ocrx_word' id='word_1_720' title='bbox 952 5730 1043 5779; x_wconf 85' lang='lat' dir='ltr'><strong>aut</strong></span> <span class='ocrx_word' id='word_1_721' title='bbox 1077 5726 1359 5785; x_wconf 84' lang='lat' dir='ltr'><strong>mortalcm</strong></span> <span class='ocrx_word' id='word_1_722' title='bbox 1398 5743 1608 5799; x_wconf 84' lang='lat' dir='ltr'><strong>casum,</strong></span> <span class='ocrx_word' id='word_1_723' title='bbox 1650 5732 1800 5790; x_wconf 87' lang='lat' dir='ltr'><strong>illum</strong></span> <span class='ocrx_word' id='word_1_724' title='bbox 1842 5734 2007 5791; x_wconf 46' lang='lat' dir='ltr'><strong>sub?</strong></span> 
     </span>
    </p>
   </div>
   <div class='ocr_carea' id='block_1_95' title="bbox 2084 3275 3676 3353">
    <p class='ocr_par' dir='ltr' id='par_1_95' title="bbox 2084 3275 3676 3353">
     <span class='ocr_line' id='line_1_97' title="bbox 2084 3275 3676 3353; baseline 0.004 -24"><span class='ocrx_word' id='word_1_725' title='bbox 2084 3275 2296 3344; x_wconf 79' lang='grc' dir='ltr'>ἐλέγξαι</span> <span class='ocrx_word' id='word_1_726' title='bbox 2323 3275 2635 3347; x_wconf 78' lang='grc' dir='ltr'>δυναμένων</span> <span class='ocrx_word' id='word_1_727' title='bbox 2680 3279 2751 3332; x_wconf 81' lang='grc' dir='ltr'><strong>τὰ</strong></span> <span class='ocrx_word' id='word_1_728' title='bbox 2802 3279 3152 3350; x_wconf 83' lang='grc' dir='ltr'>σεσιγημένα.</span> <span class='ocrx_word' id='word_1_729' title='bbox 3195 3279 3294 3334; x_wconf 85' lang='grc' dir='ltr'>Διά</span> <span class='ocrx_word' id='word_1_730' title='bbox 3334 3280 3388 3332; x_wconf 83' lang='grc' dir='ltr'><strong>τί</strong></span> <span class='ocrx_word' id='word_1_731' title='bbox 3429 3280 3547 3353; x_wconf 82' lang='grc' dir='ltr'>γὰρ</span> <span class='ocrx_word' id='word_1_732' title='bbox 3596 3282 3676 3352; x_wconf 73' lang='grc' dir='ltr'>μὴ</span> 
     </span>
    </p>
   </div>
   <div class='ocr_carea' id='block_1_96' title="bbox 2081 3376 3675 3456">
    <p class='ocr_par' dir='ltr' id='par_1_96' title="bbox 2081 3376 3675 3456">
     <span class='ocr_line' id='line_1_98' title="bbox 2081 3376 3675 3456; baseline 0.005 -25"><span class='ocrx_word' id='word_1_733' title='bbox 2081 3376 2397 3447; x_wconf 75' lang='grc' dir='ltr'>ἐψεύσαντο,</span> <span class='ocrx_word' id='word_1_734' title='bbox 2427 3380 2520 3433; x_wconf 77' lang='grc' dir='ltr'>καὶ</span> <span class='ocrx_word' id='word_1_735' title='bbox 2565 3378 2794 3451; x_wconf 81' lang='grc' dir='ltr'>ἔφησαν,</span> <span class='ocrx_word' id='word_1_736' title='bbox 2841 3382 2923 3436; x_wconf 87' lang='grc' dir='ltr'>ὅτι</span> <span class='ocrx_word' id='word_1_737' title='bbox 2964 3382 3168 3448; x_wconf 82' lang='grc' dir='ltr'>Ἰούδας</span> <span class='ocrx_word' id='word_1_738' title='bbox 3216 3385 3312 3454; x_wconf 85' lang='grc' dir='ltr'>μὲν</span> <span class='ocrx_word' id='word_1_739' title='bbox 3358 3386 3386 3437; x_wconf 87' lang='grc' dir='ltr'><em>ὁ</em></span> <span class='ocrx_word' id='word_1_740' title='bbox 3435 3386 3675 3456; x_wconf 78' lang='grc' dir='ltr'>προδοὺς</span> 
     </span>
    </p>
   </div>
   <div class='ocr_carea' id='block_1_97' title="bbox 2080 3471 3676 3547">
    <p class='ocr_par' dir='ltr' id='par_1_97' title="bbox 2080 3471 3676 3547">
     <span class='ocr_line' id='line_1_99' title="bbox 2080 3471 3676 3547; baseline 0.004 -24"><span class='ocrx_word' id='word_1_741' title='bbox 2080 3471 2244 3525; x_wconf 81' lang='grc' dir='ltr'>αὐτὸν</span> <span class='ocrx_word' id='word_1_742' title='bbox 2283 3471 2568 3544; x_wconf 85' lang='grc' dir='ltr'>φιλήματι,</span> <span class='ocrx_word' id='word_1_743' title='bbox 2610 3471 2890 3544; x_wconf 85' lang='grc' dir='ltr'>τολμήσας</span> <span class='ocrx_word' id='word_1_744' title='bbox 2928 3475 2989 3528; x_wconf 82' lang='grc' dir='ltr'>τὸ</span> <span class='ocrx_word' id='word_1_745' title='bbox 3023 3475 3290 3547; x_wconf 74' lang='grc' dir='ltr'>σύμϐολον</span> <span class='ocrx_word' id='word_1_746' title='bbox 3328 3475 3676 3543; x_wconf 71' lang='grc' dir='ltr'>ἐνδείξασθαι</span> 
     </span>
    </p>
   </div>
   <div class='ocr_carea' id='block_1_98' title="bbox 2080 3561 3675 3640">
    <p class='ocr_par' dir='ltr' id='par_1_98' title="bbox 2080 3561 3675 3640">
     <span class='ocr_line' id='line_1_100' title="bbox 2080 3561 3675 3640; baseline 0.004 -26"><span class='ocrx_word' id='word_1_747' title='bbox 2080 3561 2182 3632; x_wconf 80' lang='grc' dir='ltr'><strong>τῆς</strong></span> <span class='ocrx_word' id='word_1_748' title='bbox 2217 3563 2527 3635; x_wconf 80' lang='grc' dir='ltr'>προδοσίας,</span> <span class='ocrx_word' id='word_1_749' title='bbox 2572 3562 2934 3640; x_wconf 86' lang='grc' dir='ltr'>ἀπολιθωθείη</span> <span class='ocrx_word' id='word_1_750' title='bbox 2982 3569 3216 3623; x_wconf 65' lang='lat' dir='ltr'><strong>etO-rixa.“</strong></span> <span class='ocrx_word' id='word_1_751' title='bbox 3259 3571 3289 3622; x_wconf 88' lang='grc' dir='ltr'>ὁ</span> <span class='ocrx_word' id='word_1_752' title='bbox 3333 3568 3391 3621; x_wconf 86' lang='grc' dir='ltr'>δὲ</span> <span class='ocrx_word' id='word_1_753' title='bbox 3436 3570 3675 3639; x_wconf 74' lang='grc' dir='ltr'>ῥαπίσαι</span> 
     </span>
    </p>
   </div>
   <div class='ocr_carea' id='block_1_99' title="bbox 2080 3653 3675 3732">
    <p class='ocr_par' dir='ltr' id='par_1_99' title="bbox 2080 3653 3675 3732">
     <span class='ocr_line' id='line_1_101' title="bbox 2080 3653 3675 3732; baseline 0.006 -27"><span class='ocrx_word' id='word_1_754' title='bbox 2080 3653 2243 3708; x_wconf 79' lang='grc' dir='ltr'>αὐτὸν</span> <span class='ocrx_word' id='word_1_755' title='bbox 2272 3654 2567 3726; x_wconf 87' lang='grc' dir='ltr'>τολμήσας,</span> <span class='ocrx_word' id='word_1_756' title='bbox 2598 3657 2763 3730; x_wconf 83' lang='grc' dir='ltr'>ξηρὸς</span> <span class='ocrx_word' id='word_1_757' title='bbox 2814 3659 3152 3731; x_wconf 88' lang='grc' dir='ltr'>παραχρῆμα</span> <span class='ocrx_word' id='word_1_758' title='bbox 3197 3658 3409 3728; x_wconf 86' lang='grc' dir='ltr'>γένοιτο</span> <span class='ocrx_word' id='word_1_759' title='bbox 3449 3659 3552 3732; x_wconf 77' lang='grc' dir='ltr'>τὴν</span> <span class='ocrx_word' id='word_1_760' title='bbox 3583 3662 3675 3714; x_wconf 82' lang='grc' dir='ltr'>δε-</span> 
     </span>
    </p>
   </div>
   <div class='ocr_carea' id='block_1_100' title="bbox 2082 3744 3677 3824">
    <p class='ocr_par' dir='ltr' id='par_1_100' title="bbox 2082 3744 3677 3824">
     <span class='ocr_line' id='line_1_102' title="bbox 2082 3744 3677 3824; baseline 0.006 -26"><span class='ocrx_word' id='word_1_761' title='bbox 2082 3744 2200 3810; x_wconf 81' lang='grc' dir='ltr'>ξιάν</span> <span class='ocrx_word' id='word_1_762' title='bbox 2219 3763 2234 3778; x_wconf 90' lang='grc'><strong>·</strong></span> <span class='ocrx_word' id='word_1_763' title='bbox 2261 3749 2291 3800; x_wconf 81' lang='grc' dir='ltr'><strong>ὁ</strong></span> <span class='ocrx_word' id='word_1_764' title='bbox 2311 3746 2356 3800; x_wconf 85' lang='grc' dir='ltr'>δ’</span> <span class='ocrx_word' id='word_1_765' title='bbox 2381 3748 2669 3821; x_wconf 85' lang='grc' dir='ltr'>ἀρχιερεὺς</span> <span class='ocrx_word' id='word_1_766' title='bbox 2700 3750 2975 3820; x_wconf 80' lang='grc' dir='ltr'>Καϊάφας,</span> <span class='ocrx_word' id='word_1_767' title='bbox 3009 3751 3085 3815; x_wconf 84' lang='grc' dir='ltr'>ὼς</span> <span class='ocrx_word' id='word_1_768' title='bbox 3123 3752 3190 3806; x_wconf 85' lang='grc' dir='ltr'>ἂν</span> <span class='ocrx_word' id='word_1_769' title='bbox 3218 3752 3530 3824; x_wconf 80' lang='grc' dir='ltr'>συντρέχων</span> <span class='ocrx_word' id='word_1_770' title='bbox 3558 3753 3677 3816; x_wconf 83' lang='grc' dir='ltr'>τοῖς</span> 
     </span>
    </p>
   </div>
   <div class='ocr_carea' id='block_1_101' title="bbox 2080 3848 3676 3926">
    <p class='ocr_par' dir='ltr' id='par_1_101' title="bbox 2080 3848 3676 3926">
     <span class='ocr_line' id='line_1_103' title="bbox 2080 3848 3676 3926; baseline 0.007 -26"><span class='ocrx_word' id='word_1_771' title='bbox 2080 3849 2200 3901; x_wconf 83' lang='grc' dir='ltr'>κατ’</span> <span class='ocrx_word' id='word_1_772' title='bbox 2229 3848 2395 3903; x_wconf 78' lang='grc' dir='ltr'>αὐτοῦ</span> <span class='ocrx_word' id='word_1_773' title='bbox 2425 3851 2806 3920; x_wconf 83' lang='grc' dir='ltr'>συκοφάνταις,</span> <span class='ocrx_word' id='word_1_774' title='bbox 2841 3853 3124 3926; x_wconf 84' lang='grc' dir='ltr'>πηρωθείη</span> <span class='ocrx_word' id='word_1_775' title='bbox 3150 3856 3247 3919; x_wconf 90' lang='grc' dir='ltr'><strong>τάς</strong></span> <span class='ocrx_word' id='word_1_776' title='bbox 3277 3855 3462 3925; x_wconf 81' lang='grc' dir='ltr'>δψεις;</span> <span class='ocrx_word' id='word_1_777' title='bbox 3500 3856 3597 3911; x_wconf 78' lang='grc' dir='ltr'><strong>διὰ</strong></span> <span class='ocrx_word' id='word_1_778' title='bbox 3620 3859 3676 3911; x_wconf 86' lang='grc' dir='ltr'><strong>τί</strong></span> 
     </span>
    </p>
   </div>
   <div class='ocr_carea' id='block_1_102' title="bbox 2080 3938 3679 4020">
    <p class='ocr_par' dir='ltr' id='par_1_102' title="bbox 2080 3938 3679 4020">
     <span class='ocr_line' id='line_1_104' title="bbox 2080 3938 3679 4020; baseline 0.008 -29"><span class='ocrx_word' id='word_1_779' title='bbox 2080 3938 2139 3992; x_wconf 84' lang='grc' dir='ltr'>δὲ</span> <span class='ocrx_word' id='word_1_780' title='bbox 2172 3939 2246 4010; x_wconf 77' lang='grc' dir='ltr'>μὴ</span> <span class='ocrx_word' id='word_1_781' title='bbox 2275 3940 2569 4010; x_wconf 77' lang='grc' dir='ltr'>ἐψεύσαντο</span> <span class='ocrx_word' id='word_1_782' title='bbox 2599 3943 2820 4010; x_wconf 89' lang='grc' dir='ltr'>πάντες,</span> <span class='ocrx_word' id='word_1_783' title='bbox 2859 3946 2941 3999; x_wconf 86' lang='grc' dir='ltr'>ὅτι</span> <span class='ocrx_word' id='word_1_784' title='bbox 2976 3947 3142 4017; x_wconf 83' lang='grc' dir='ltr'>μηδὲν</span> <span class='ocrx_word' id='word_1_785' title='bbox 3181 3948 3507 4020; x_wconf 82' lang='grc' dir='ltr'>σκυθρωπὸν</span> <span class='ocrx_word' id='word_1_786' title='bbox 3537 3950 3679 4020; x_wconf 85' lang='grc' dir='ltr'>ἀλη-</span> 
     </span>
    </p>
   </div>
   <div class='ocr_carea' id='block_1_103' title="bbox 2081 4040 3677 4126">
    <p class='ocr_par' dir='ltr' id='par_1_103' title="bbox 2081 4040 3677 4126">
     <span class='ocr_line' id='line_1_105' title="bbox 2081 4040 3677 4126; baseline 0.009 -32"><span class='ocrx_word' id='word_1_787' title='bbox 2081 4040 2190 4104; x_wconf 90' lang='grc' dir='ltr'><strong>θῶς</strong></span> <span class='ocrx_word' id='word_1_788' title='bbox 2232 4043 2360 4115; x_wconf 79' lang='grc' dir='ltr'>περὶ</span> <span class='ocrx_word' id='word_1_789' title='bbox 2413 4045 2576 4099; x_wconf 82' lang='grc' dir='ltr'>αὐτὸν</span> <span class='ocrx_word' id='word_1_790' title='bbox 2628 4046 2892 4115; x_wconf 82' lang='grc' dir='ltr'>γέγονεν;</span> <span class='ocrx_word' id='word_1_791' title='bbox 2935 4049 3074 4102; x_wconf 84' lang='grc' dir='ltr'>Ἀλλ’</span> <span class='ocrx_word' id='word_1_792' title='bbox 3123 4053 3152 4104; x_wconf 87' lang='grc' dir='ltr'>ὁ</span> <span class='ocrx_word' id='word_1_793' title='bbox 3197 4051 3296 4122; x_wconf 82' lang='grc' dir='ltr'>μὲν</span> <span class='ocrx_word' id='word_1_794' title='bbox 3335 4052 3556 4125; x_wconf 81' lang='grc' dir='ltr'>ἀφανὴς</span> <span class='ocrx_word' id='word_1_795' title='bbox 3603 4048 3677 4126; x_wconf 76' lang='grc' dir='ltr'>ἦν</span> 
     </span>
    </p>
   </div>
   <div class='ocr_carea' id='block_1_104' title="bbox 2080 4134 3676 4214">
    <p class='ocr_par' dir='ltr' id='par_1_104' title="bbox 2080 4134 3676 4214">
     <span class='ocr_line' id='line_1_106' title="bbox 2080 4134 3676 4214; baseline 0.009 -29"><span class='ocrx_word' id='word_1_796' title='bbox 2080 4134 2456 4203; x_wconf 86' lang='grc' dir='ltr'>καταγελάσας</span> <span class='ocrx_word' id='word_1_797' title='bbox 2502 4136 2682 4190; x_wconf 79' lang='grc' dir='ltr'>αὐτῶν</span> <span class='ocrx_word' id='word_1_798' title='bbox 2715 4139 2808 4192; x_wconf 82' lang='grc' dir='ltr'>τοῦ</span> <span class='ocrx_word' id='word_1_799' title='bbox 2857 4139 3208 4214; x_wconf 76' lang='grc' dir='ltr'>δικαστηρίου</span> <span class='ocrx_word' id='word_1_800' title='bbox 3228 4159 3242 4173; x_wconf 76' lang='lat'>&#39;</span> <span class='ocrx_word' id='word_1_801' title='bbox 3272 4145 3321 4196; x_wconf 83' lang='grc' dir='ltr'><strong>οἱ</strong></span> <span class='ocrx_word' id='word_1_802' title='bbox 3349 4143 3406 4198; x_wconf 83' lang='grc' dir='ltr'>δὲ</span> <span class='ocrx_word' id='word_1_803' title='bbox 3440 4144 3676 4199; x_wconf 77' lang='grc' dir='ltr'>ἐπιδου-</span> 
     </span>
    </p>
   </div>
   <div class='ocr_carea' id='block_1_105' title="bbox 2080 4224 3679 4310">
    <p class='ocr_par' dir='ltr' id='par_1_105' title="bbox 2080 4224 3679 4310">
     <span class='ocr_line' id='line_1_107' title="bbox 2080 4224 3679 4310; baseline 0.009 -33"><span class='ocrx_word' id='word_1_804' title='bbox 2080 4224 2346 4291; x_wconf 85' lang='grc' dir='ltr'>λεύοντες,</span> <span class='ocrx_word' id='word_1_805' title='bbox 2374 4228 2479 4280; x_wconf 78' lang='grc' dir='ltr'><strong>ὑπὸ</strong></span> <span class='ocrx_word' id='word_1_806' title='bbox 2508 4230 2811 4297; x_wconf 81' lang='grc' dir='ltr'>φαντασίας</span> <span class='ocrx_word' id='word_1_807' title='bbox 2839 4230 3097 4302; x_wconf 84' lang='grc' dir='ltr'>θεηλάτου</span> <span class='ocrx_word' id='word_1_808' title='bbox 3127 4233 3489 4306; x_wconf 73' lang='grc' dir='ltr'>πλανώμενοι,</span> <span class='ocrx_word' id='word_1_809' title='bbox 3517 4239 3679 4310; x_wconf 82' lang='grc' dir='ltr'>ἐνερ-</span> 
     </span>
    </p>
   </div>
   <div class='ocr_carea' id='block_1_106' title="bbox 2080 4317 3679 4397">
    <p class='ocr_par' dir='ltr' id='par_1_106' title="bbox 2080 4317 3679 4397">
     <span class='ocr_line' id='line_1_108' title="bbox 2080 4317 3679 4397; baseline 0.009 -31"><span class='ocrx_word' id='word_1_810' title='bbox 2080 4317 2197 4383; x_wconf 90' lang='grc' dir='ltr'>γεῖν</span> <span class='ocrx_word' id='word_1_811' title='bbox 2230 4319 2347 4369; x_wconf 85' lang='grc' dir='ltr'>κατ’</span> <span class='ocrx_word' id='word_1_812' title='bbox 2368 4317 2531 4370; x_wconf 74' lang='grc' dir='ltr'>αὑτοῦ</span> <span class='ocrx_word' id='word_1_813' title='bbox 2563 4319 2636 4390; x_wconf 80' lang='grc' dir='ltr'>μὴ</span> <span class='ocrx_word' id='word_1_814' title='bbox 2670 4320 2935 4392; x_wconf 85' lang='grc' dir='ltr'>παρόντος</span> <span class='ocrx_word' id='word_1_815' title='bbox 2963 4321 3212 4389; x_wconf 87' lang='grc' dir='ltr'>ἐδόκουν;</span> <span class='ocrx_word' id='word_1_816' title='bbox 3237 4324 3303 4376; x_wconf 88' lang='grc' dir='ltr'>Τί</span> <span class='ocrx_word' id='word_1_817' title='bbox 3333 4323 3401 4391; x_wconf 78' lang='grc' dir='ltr'><strong>δ’;</strong></span> <span class='ocrx_word' id='word_1_818' title='bbox 3428 4321 3544 4397; x_wconf 83' lang='grc' dir='ltr'>ἆρα</span> <span class='ocrx_word' id='word_1_819' title='bbox 3570 4328 3679 4381; x_wconf 77' lang='grc' dir='ltr'>οὐκ</span> 
     </span>
    </p>
   </div>
   <div class='ocr_carea' id='block_1_107' title="bbox 2079 4402 3681 4489">
    <p class='ocr_par' dir='ltr' id='par_1_107' title="bbox 2079 4402 3681 4489">
     <span class='ocr_line' id='line_1_109' title="bbox 2079 4402 3681 4489; baseline 0.008 -30"><span class='ocrx_word' id='word_1_820' title='bbox 2079 4402 2149 4478; x_wconf 78' lang='grc' dir='ltr'><strong>ῆν</strong></span> <span class='ocrx_word' id='word_1_821' title='bbox 2182 4407 2506 4480; x_wconf 86' lang='grc' dir='ltr'>σεμνότερον</span> <span class='ocrx_word' id='word_1_822' title='bbox 2532 4408 2626 4463; x_wconf 82' lang='grc' dir='ltr'>τοῦ</span> <span class='ocrx_word' id='word_1_823' title='bbox 2654 4412 3005 4479; x_wconf 84' lang='grc' dir='ltr'>πλάττεσθαι,</span> <span class='ocrx_word' id='word_1_824' title='bbox 3035 4414 3244 4468; x_wconf 81' lang='grc' dir='ltr'>ὅτιτῶν</span> <span class='ocrx_word' id='word_1_825' title='bbox 3266 4415 3482 4470; x_wconf 85' lang='grc' dir='ltr'>τοιῶνδε</span> <span class='ocrx_word' id='word_1_826' title='bbox 3509 4436 3681 4489; x_wconf 74' lang='grc' dir='ltr'>ποιηο</span> 
     </span>
    </p>
   </div>
   <div class='ocr_carea' id='block_1_108' title="bbox 2082 4496 3680 4581">
    <p class='ocr_par' dir='ltr' id='par_1_108' title="bbox 2082 4496 3680 4581">
     <span class='ocr_line' id='line_1_110' title="bbox 2082 4496 3680 4581; baseline 0.009 -31"><span class='ocrx_word' id='word_1_827' title='bbox 2082 4498 2181 4569; x_wconf 78' lang='grc' dir='ltr'>τὴς</span> <span class='ocrx_word' id='word_1_828' title='bbox 2210 4496 2385 4571; x_wconf 73' lang='grc' dir='ltr'>ἔργων</span> <span class='ocrx_word' id='word_1_829' title='bbox 2410 4500 2727 4571; x_wconf 82' lang='grc' dir='ltr'>παραδόξων</span> <span class='ocrx_word' id='word_1_830' title='bbox 2749 4504 2960 4572; x_wconf 84' lang='grc' dir='ltr'>γέγονε,</span> <span class='ocrx_word' id='word_1_831' title='bbox 3000 4504 3061 4558; x_wconf 85' lang='grc' dir='ltr'>τὸ</span> <span class='ocrx_word' id='word_1_832' title='bbox 3096 4507 3350 4577; x_wconf 83' lang='grc' dir='ltr'>γράφειν,</span> <span class='ocrx_word' id='word_1_833' title='bbox 3378 4508 3461 4561; x_wconf 79' lang='grc' dir='ltr'>ὅτι</span> <span class='ocrx_word' id='word_1_834' title='bbox 3498 4510 3680 4581; x_wconf 81' lang='grc' dir='ltr'>μηδὲν</span> 
     </span>
    </p>
   </div>
   <div class='ocr_carea' id='block_1_109' title="bbox 2087 4590 3682 4673">
    <p class='ocr_par' dir='ltr' id='par_1_109' title="bbox 2087 4590 3682 4673">
     <span class='ocr_line' id='line_1_111' title="bbox 2087 4590 3682 4673; baseline 0.008 -30"><span class='ocrx_word' id='word_1_835' title='bbox 2087 4591 2184 4661; x_wconf 83' lang='grc' dir='ltr'>μὲν</span> <span class='ocrx_word' id='word_1_836' title='bbox 2210 4590 2566 4662; x_wconf 83' lang='grc' dir='ltr'>ἀνθρώπινον,</span> <span class='ocrx_word' id='word_1_837' title='bbox 2597 4593 2731 4664; x_wconf 85' lang='grc' dir='ltr'><strong>μηδέ</strong></span> <span class='ocrx_word' id='word_1_838' title='bbox 2758 4594 2948 4667; x_wconf 84' lang='grc' dir='ltr'>θνητὸν</span> <span class='ocrx_word' id='word_1_839' title='bbox 2973 4599 3101 4669; x_wconf 80' lang='grc' dir='ltr'>περὶ</span> <span class='ocrx_word' id='word_1_840' title='bbox 3133 4599 3294 4652; x_wconf 82' lang='grc' dir='ltr'>αὐτὸν</span> <span class='ocrx_word' id='word_1_841' title='bbox 3328 4599 3555 4673; x_wconf 78' lang='grc' dir='ltr'>συνέϐη,</span> <span class='ocrx_word' id='word_1_842' title='bbox 3588 4604 3682 4655; x_wconf 84' lang='grc' dir='ltr'><strong>ὲν-</strong></span> 
     </span>
    </p>
   </div>
   <div class='ocr_carea' id='block_1_110' title="bbox 2083 4682 3679 4764">
    <p class='ocr_par' dir='ltr' id='par_1_110' title="bbox 2083 4682 3679 4764">
     <span class='ocr_line' id='line_1_112' title="bbox 2083 4682 3679 4764; baseline 0.007 -29"><span class='ocrx_word' id='word_1_843' title='bbox 2083 4682 2189 4753; x_wconf 83' lang='grc' dir='ltr'><strong>θέῳ</strong></span> <span class='ocrx_word' id='word_1_844' title='bbox 2228 4683 2287 4736; x_wconf 87' lang='grc' dir='ltr'>δὲ</span> <span class='ocrx_word' id='word_1_845' title='bbox 2333 4684 2559 4756; x_wconf 82' lang='grc' dir='ltr'>δυνάμει</span> <span class='ocrx_word' id='word_1_846' title='bbox 2585 4686 2653 4740; x_wconf 85' lang='grc' dir='ltr'><strong>τὰ</strong></span> <span class='ocrx_word' id='word_1_847' title='bbox 2701 4687 2879 4742; x_wconf 86' lang='grc' dir='ltr'>πάντα</span> <span class='ocrx_word' id='word_1_848' title='bbox 2927 4691 3394 4764; x_wconf 85' lang='grc' dir='ltr'>καταδησάμενος,</span> <span class='ocrx_word' id='word_1_849' title='bbox 3440 4692 3549 4764; x_wconf 83' lang='grc' dir='ltr'>τὴν</span> <span class='ocrx_word' id='word_1_850' title='bbox 3592 4695 3679 4758; x_wconf 76' lang='grc' dir='ltr'>εἰς</span> 
     </span>
    </p>
   </div>
   <div class='ocr_carea' id='block_1_111' title="bbox 2081 4777 3678 4857">
    <p class='ocr_par' dir='ltr' id='par_1_111' title="bbox 2081 4777 3678 4857">
     <span class='ocr_line' id='line_1_113' title="bbox 2081 4777 3678 4857; baseline 0.008 -29"><span class='ocrx_word' id='word_1_851' title='bbox 2081 4777 2342 4848; x_wconf 83' lang='grc' dir='ltr'>οὐρανοὺς</span> <span class='ocrx_word' id='word_1_852' title='bbox 2374 4778 2630 4833; x_wconf 83' lang='grc' dir='ltr'>ἐπάνοδον</span> <span class='ocrx_word' id='word_1_853' title='bbox 2662 4781 2798 4851; x_wconf 85' lang='grc' dir='ltr'><strong>μετά</strong></span> <span class='ocrx_word' id='word_1_854' title='bbox 2836 4780 3112 4855; x_wconf 80' lang='grc' dir='ltr'>θειοτέρας</span> <span class='ocrx_word' id='word_1_855' title='bbox 3135 4782 3291 4854; x_wconf 79' lang='grc' dir='ltr'>δόξης</span> <span class='ocrx_word' id='word_1_856' title='bbox 3330 4786 3678 4857; x_wconf 81' lang='grc' dir='ltr'>ἐποιήσατο;</span> 
     </span>
    </p>
   </div>
   <div class='ocr_carea' id='block_1_112' title="bbox 2081 4868 3678 4947">
    <p class='ocr_par' dir='ltr' id='par_1_112' title="bbox 2081 4868 3678 4947">
     <span class='ocr_line' id='line_1_114' title="bbox 2081 4868 3678 4947; baseline 0.009 -28"><span class='ocrx_word' id='word_1_857' title='bbox 2081 4868 2142 4920; x_wconf 82' lang='grc' dir='ltr'>οὐ</span> <span class='ocrx_word' id='word_1_858' title='bbox 2188 4868 2296 4941; x_wconf 86' lang='grc' dir='ltr'><strong>γὰρ</strong></span> <span class='ocrx_word' id='word_1_859' title='bbox 2330 4869 2394 4941; x_wconf 81' lang='grc' dir='ltr'>δὴ</span> <span class='ocrx_word' id='word_1_860' title='bbox 2442 4870 2651 4936; x_wconf 87' lang='grc' dir='ltr'>τούτοις</span> <span class='ocrx_word' id='word_1_861' title='bbox 2685 4875 2933 4928; x_wconf 90' lang='grc' dir='ltr'>ἀπιστεῖν</span> <span class='ocrx_word' id='word_1_862' title='bbox 2979 4875 3199 4947; x_wconf 79' lang='grc' dir='ltr'>ἔμελλον</span> <span class='ocrx_word' id='word_1_863' title='bbox 3239 4879 3288 4931; x_wconf 86' lang='grc' dir='ltr'>οἱ</span> <span class='ocrx_word' id='word_1_864' title='bbox 3326 4880 3448 4942; x_wconf 86' lang='grc' dir='ltr'>ταῖς</span> <span class='ocrx_word' id='word_1_865' title='bbox 3474 4878 3678 4944; x_wconf 81' lang='grc' dir='ltr'>ἄλλαις</span> 
     </span>
    </p>
   </div>
   <div class='ocr_carea' id='block_1_113' title="bbox 2081 4971 3678 5053">
    <p class='ocr_par' dir='ltr' id='par_1_113' title="bbox 2081 4971 3678 5053">
     <span class='ocr_line' id='line_1_115' title="bbox 2081 4971 3678 5053; baseline 0.007 -28"><span class='ocrx_word' id='word_1_866' title='bbox 2081 4971 2261 5025; x_wconf 84' lang='grc' dir='ltr'>αὐτῶν</span> <span class='ocrx_word' id='word_1_867' title='bbox 2291 4971 2574 5044; x_wconf 85' lang='grc' dir='ltr'>διηγήσεσι</span> <span class='ocrx_word' id='word_1_868' title='bbox 2604 4978 3044 5042; x_wconf 86' lang='grc' dir='ltr'>πεπιστευκότες.</span> <span class='ocrx_word' id='word_1_869' title='bbox 3073 4980 3136 5033; x_wconf 82' lang='grc' dir='ltr'><strong>Οἱ</strong></span> <span class='ocrx_word' id='word_1_870' title='bbox 3165 4978 3210 5031; x_wconf 72' lang='grc' dir='ltr'>δ’</span> <span class='ocrx_word' id='word_1_871' title='bbox 3242 4974 3337 5034; x_wconf 76' lang='grc' dir='ltr'>οὖν</span> <span class='ocrx_word' id='word_1_872' title='bbox 3372 4981 3543 5052; x_wconf 83' lang='grc' dir='ltr'>μηδὲν</span> <span class='ocrx_word' id='word_1_873' title='bbox 3571 4983 3678 5053; x_wconf 79' lang='grc' dir='ltr'><strong>τῆς</strong></span> 
     </span>
    </p>
   </div>
   <div class='ocr_carea' id='block_1_114' title="bbox 2080 5063 3675 5145">
    <p class='ocr_par' dir='ltr' id='par_1_114' title="bbox 2080 5063 3675 5145">
     <span class='ocr_line' id='line_1_116' title="bbox 2080 5063 3675 5145; baseline 0.007 -27"><span class='ocrx_word' id='word_1_874' title='bbox 2080 5063 2336 5135; x_wconf 84' lang='grc' dir='ltr'>ἀληθείας</span> <span class='ocrx_word' id='word_1_875' title='bbox 2367 5067 2423 5120; x_wconf 90' lang='grc' dir='ltr'><strong>ἐν</strong></span> <span class='ocrx_word' id='word_1_876' title='bbox 2461 5069 2573 5131; x_wconf 91' lang='grc' dir='ltr'>τοῖς</span> <span class='ocrx_word' id='word_1_877' title='bbox 2608 5068 3009 5138; x_wconf 82' lang='grc' dir='ltr'>ἀπεμφαίνουσι</span> <span class='ocrx_word' id='word_1_878' title='bbox 3043 5071 3138 5125; x_wconf 61' lang='grc' dir='ltr'><strong>καὶ¹</strong></span> <span class='ocrx_word' id='word_1_879' title='bbox 3176 5072 3524 5145; x_wconf 82' lang='grc' dir='ltr'>σκυθρωποῖς</span> <span class='ocrx_word' id='word_1_880' title='bbox 3558 5092 3675 5129; x_wconf 81' lang='grc' dir='ltr'>πα·-</span> 
     </span>
    </p>
   </div>
   <div class='ocr_carea' id='block_1_115' title="bbox 2082 5156 3679 5230">
    <p class='ocr_par' dir='ltr' id='par_1_115' title="bbox 2082 5156 3679 5230">
     <span class='ocr_line' id='line_1_117' title="bbox 2082 5156 3679 5230; baseline 0.006 -20"><span class='ocrx_word' id='word_1_881' title='bbox 2082 5157 2491 5229; x_wconf 84' lang='grc' dir='ltr'>ραχαράξαντες</span> <span class='ocrx_word' id='word_1_882' title='bbox 2523 5159 2641 5224; x_wconf 87' lang='grc' dir='ltr'><strong>πῶς</strong></span> <span class='ocrx_word' id='word_1_883' title='bbox 2669 5160 2768 5215; x_wconf 84' lang='grc' dir='ltr'>οὐκ</span> <span class='ocrx_word' id='word_1_884' title='bbox 2798 5161 2865 5215; x_wconf 85' lang='grc' dir='ltr'>ἂν</span> <span class='ocrx_word' id='word_1_885' title='bbox 2897 5156 3008 5216; x_wconf 75' lang='grc' dir='ltr'>εἶεν</span> <span class='ocrx_word' id='word_1_886' title='bbox 3041 5162 3181 5230; x_wconf 80' lang='grc' dir='ltr'>ἄξιοι</span> <span class='ocrx_word' id='word_1_887' title='bbox 3208 5163 3303 5218; x_wconf 80' lang='grc' dir='ltr'>καὶ</span> <span class='ocrx_word' id='word_1_888' title='bbox 3333 5167 3395 5219; x_wconf 85' lang='grc' dir='ltr'><strong>ἐν</strong></span> <span class='ocrx_word' id='word_1_889' title='bbox 3422 5168 3537 5228; x_wconf 85' lang='grc' dir='ltr'>τοῖς</span> <span class='ocrx_word' id='word_1_890' title='bbox 3567 5165 3679 5220; x_wconf 64' lang='grc' dir='ltr'>λοιπ-</span> 
     </span>
    </p>
   </div>
   <div class='ocr_carea' id='block_1_116' title="bbox 2080 5251 3678 5339">
    <p class='ocr_par' dir='ltr' id='par_1_116' title="bbox 2080 5251 3678 5339">
     <span class='ocr_line' id='line_1_118' title="bbox 2080 5251 3678 5339; baseline 0.006 -29"><span class='ocrx_word' id='word_1_891' title='bbox 2080 5259 2221 5321; x_wconf 90' lang='grc' dir='ltr'>ποῖς,</span> <span class='ocrx_word' id='word_1_892' title='bbox 2256 5251 2337 5322; x_wconf 73' lang='grc' dir='ltr'>οἷς</span> <span class='ocrx_word' id='word_1_893' title='bbox 2368 5259 2758 5332; x_wconf 86' lang='grc' dir='ltr'>ἐμαρτύρησαν</span> <span class='ocrx_word' id='word_1_894' title='bbox 2807 5261 2957 5333; x_wconf 86' lang='grc' dir='ltr'>αὐτῷ</span> <span class='ocrx_word' id='word_1_895' title='bbox 2995 5262 3065 5317; x_wconf 85' lang='grc' dir='ltr'>τὰ</span> <span class='ocrx_word' id='word_1_896' title='bbox 3111 5264 3409 5335; x_wconf 81' lang='grc' dir='ltr'>παράδοξα,</span> <span class='ocrx_word' id='word_1_897' title='bbox 3451 5265 3678 5339; x_wconf 80' lang='grc' dir='ltr'>φαύλης</span> 
     </span>
    </p>
   </div>
   <div class='ocr_carea' id='block_1_117' title="bbox 2080 5348 3678 5427">
    <p class='ocr_par' dir='ltr' id='par_1_117' title="bbox 2080 5348 3678 5427">
     <span class='ocr_line' id='line_1_119' title="bbox 2080 5348 3678 5427; baseline 0.005 -25"><span class='ocrx_word' id='word_1_898' title='bbox 2080 5348 2235 5414; x_wconf 85' lang='grc' dir='ltr'>ἐκτὸς</span> <span class='ocrx_word' id='word_1_899' title='bbox 2268 5350 2521 5415; x_wconf 82' lang='grc' dir='ltr'>ὑπονοίας</span> <span class='ocrx_word' id='word_1_900' title='bbox 2574 5352 2935 5419; x_wconf 86' lang='grc' dir='ltr'>καθεστάναι;</span> <span class='ocrx_word' id='word_1_901' title='bbox 2987 5355 3277 5426; x_wconf 79' lang='grc' dir='ltr'>Αὐτάρκης</span> <span class='ocrx_word' id='word_1_902' title='bbox 3305 5357 3409 5427; x_wconf 82' lang='grc' dir='ltr'>μὲν</span> <span class='ocrx_word' id='word_1_903' title='bbox 3439 5352 3535 5411; x_wconf 70' lang='grc' dir='ltr'><strong>οὗν</strong></span> <span class='ocrx_word' id='word_1_904' title='bbox 3577 5358 3678 5412; x_wconf 86' lang='grc' dir='ltr'>καὶ</span> 
     </span>
    </p>
   </div>
   <div class='ocr_carea' id='block_1_118' title="bbox 2080 5440 3675 5523">
    <p class='ocr_par' dir='ltr' id='par_1_118' title="bbox 2080 5440 3675 5523">
     <span class='ocr_line' id='line_1_120' title="bbox 2080 5440 3675 5523; baseline 0.007 -30"><span class='ocrx_word' id='word_1_905' title='bbox 2080 5441 2115 5511; x_wconf 84' lang='grc' dir='ltr'><strong>ή</strong></span> <span class='ocrx_word' id='word_1_906' title='bbox 2144 5440 2310 5495; x_wconf 87' lang='grc' dir='ltr'>τῶνδε</span> <span class='ocrx_word' id='word_1_907' title='bbox 2334 5442 2590 5513; x_wconf 88' lang='grc' dir='ltr'>τυγχάνει</span> <span class='ocrx_word' id='word_1_908' title='bbox 2625 5444 2751 5515; x_wconf 75' lang='grc' dir='ltr'>περὶ</span> <span class='ocrx_word' id='word_1_909' title='bbox 2774 5444 2870 5499; x_wconf 80' lang='grc' dir='ltr'>τοῦ</span> <span class='ocrx_word' id='word_1_910' title='bbox 2895 5446 3143 5519; x_wconf 83' lang='grc' dir='ltr'>Σωτῆρος</span> <span class='ocrx_word' id='word_1_911' title='bbox 3168 5447 3325 5519; x_wconf 76' lang='grc' dir='ltr'>ἡμῶν</span> <span class='ocrx_word' id='word_1_912' title='bbox 3348 5451 3640 5523; x_wconf 77' lang='grc' dir='ltr'>μαρτυρία</span> <span class='ocrx_word' id='word_1_913' title='bbox 3657 5468 3675 5485; x_wconf 92' lang='grc'><strong>·</strong></span> 
     </span>
    </p>
   </div>
   <div class='ocr_carea' id='block_1_119' title="bbox 2079 5539 3680 5623">
    <p class='ocr_par' dir='ltr' id='par_1_119' title="bbox 2079 5539 3680 5623">
     <span class='ocr_line' id='line_1_121' title="bbox 2079 5539 3680 5623; baseline 0.007 -28"><span class='ocrx_word' id='word_1_914' title='bbox 2079 5541 2230 5597; x_wconf 81' lang='grc' dir='ltr'>οὐδὲν</span> <span class='ocrx_word' id='word_1_915' title='bbox 2261 5540 2321 5595; x_wconf 70' lang='grc' dir='ltr'>δὲ</span> <span class='ocrx_word' id='word_1_916' title='bbox 2349 5539 2461 5597; x_wconf 76' lang='grc' dir='ltr'>οἷον</span> <span class='ocrx_word' id='word_1_917' title='bbox 2484 5544 2549 5597; x_wconf 85' lang='grc' dir='ltr'><strong>ἐκ</strong></span> <span class='ocrx_word' id='word_1_918' title='bbox 2575 5547 2888 5617; x_wconf 83' lang='grc' dir='ltr'>περιουσίας</span> <span class='ocrx_word' id='word_1_919' title='bbox 2918 5549 3013 5602; x_wconf 86' lang='grc' dir='ltr'>καὶ</span> <span class='ocrx_word' id='word_1_920' title='bbox 3039 5547 3116 5619; x_wconf 78' lang='grc' dir='ltr'>τῷ</span> <span class='ocrx_word' id='word_1_921' title='bbox 3135 5548 3195 5614; x_wconf 77' lang='grc' dir='ltr'>ἐξ</span> <span class='ocrx_word' id='word_1_922' title='bbox 3232 5549 3502 5623; x_wconf 78' lang='grc' dir='ltr'>Ἑϐραίων</span> <span class='ocrx_word' id='word_1_923' title='bbox 3549 5553 3680 5607; x_wconf 78' lang='grc' dir='ltr'><strong>Ἰω-</strong></span> 
     </span>
    </p>
   </div>
   <div class='ocr_carea' id='block_1_120' title="bbox 2081 5643 3679 5724">
    <p class='ocr_par' dir='ltr' id='par_1_120' title="bbox 2081 5643 3679 5724">
     <span class='ocr_line' id='line_1_122' title="bbox 2081 5643 3679 5724; baseline 0.008 -29"><span class='ocrx_word' id='word_1_924' title='bbox 2081 5644 2237 5715; x_wconf 83' lang='grc' dir='ltr'>σήπῳ</span> <span class='ocrx_word' id='word_1_925' title='bbox 2269 5643 2504 5717; x_wconf 84' lang='grc' dir='ltr'>μάρτυρι</span> <span class='ocrx_word' id='word_1_926' title='bbox 2534 5648 2859 5719; x_wconf 90' lang='grc' dir='ltr'>χρήσασθαι,</span> <span class='ocrx_word' id='word_1_927' title='bbox 2898 5649 2957 5713; x_wconf 80' lang='grc' dir='ltr'>ὃς</span> <span class='ocrx_word' id='word_1_928' title='bbox 2993 5651 3051 5703; x_wconf 81' lang='grc' dir='ltr'><strong>ἐν</strong></span> <span class='ocrx_word' id='word_1_929' title='bbox 3088 5650 3167 5721; x_wconf 83' lang='grc' dir='ltr'>τῷ</span> <span class='ocrx_word' id='word_1_930' title='bbox 3207 5651 3679 5724; x_wconf 72' lang='grc' dir='ltr'>ὀκτωκαιδεκάτῳ</span> 
     </span>
    </p>
   </div>
   <div class='ocr_carea' id='block_1_121' title="bbox 2079 5734 3679 5810">
    <p class='ocr_par' dir='ltr' id='par_1_121' title="bbox 2079 5734 3679 5810">
     <span class='ocr_line' id='line_1_123' title="bbox 2079 5734 3679 5810; baseline 0.006 -22"><span class='ocrx_word' id='word_1_931' title='bbox 2079 5734 2178 5798; x_wconf 74' lang='grc' dir='ltr'><strong>τῆς</strong></span> <span class='ocrx_word' id='word_1_932' title='bbox 2220 5734 2546 5805; x_wconf 80' lang='grc' dir='ltr'>Ἰουδαϊκῆς</span> <span class='ocrx_word' id='word_1_933' title='bbox 2578 5738 2883 5807; x_wconf 70' lang='grc' dir='ltr'>Ἀρχαιολτ</span> <span class='ocrx_word' id='word_1_934' title='bbox 2895 5742 3040 5810; x_wconf 53' lang='lat' dir='ltr'><strong>fac.</strong></span> <span class='ocrx_word' id='word_1_935' title='bbox 3072 5741 3141 5797; x_wconf 71' lang='grc' dir='ltr'>τὰ</span> <span class='ocrx_word' id='word_1_936' title='bbox 3161 5740 3299 5797; x_wconf 86' lang='grc' dir='ltr'>κατὰ</span> <span class='ocrx_word' id='word_1_937' title='bbox 3339 5744 3465 5805; x_wconf 76' lang='grc' dir='ltr'>τοὺς</span> <span class='ocrx_word' id='word_1_938' title='bbox 3496 5742 3679 5798; x_wconf 76' lang='grc' dir='ltr'>Πιλά-</span> 
     </span>
    </p>
   </div>
  </div>
