3846 6214
427 314 536 370 225

1084 317 1354 375 EUSEBII
1387 317 1864 375 C£SARIENSIS
1899 316 2049 375 OPP.
2092 316 2274 374 PARS
2307 317 2373 373 ιι.
2414 349 2487 361 -
2519 314 3021 375 APOLOGETICA.

3569 314 3676 369 ἥδ

430 430 518 487 γι.
554 429 757 489 Contra
789 449 879 489 eos
913 434 1001 505 qui
1028 436 1469 517 namstigiatorem
1496 446 1686 508 putant
1724 437 1989 492 Christum

2104 436 2195 502 ς’.
2262 433 2420 503 Πρὸς
2443 433 2585 501 τοὺς
2602 432 3177 517 ’ριομέγουςηγέητιξ
3216 425 3523 499 γεγονέναι
3571 429 3679 483 τὸν⁹

1061 504 1159 560 Dei
1180 504 1365 574 fuisse.

497 614 575 671 Ac
602 616 838 686 primum
882 617 1102 688 quidem
1149 619 1242 675 isti
1273 620 1642 691 interrogandi
1683 630 1833 689 sunt,
1871 622 2001 692 quid

426 705 498 762 ad
553 722 620 762 ea
659 723 781 777 quae
812 717 1228 765 antecesserunt
1274 714 1686 783 respondeant?
1726 712 2001 784 Numquid

430 796 576 852 ullus
630 798 913 854 hominum
955 815 1185 872 usquam
1237 803 1534 873 excogitari
1579 802 1800 875 potuit,
1851 807 2000 861 omni

423 890 694 959 gravitate
729 906 793 945 ac
823 892 1026 948 virtute
1068 893 1283 948 referta:
1328 894 1645 965 reipublicze
1686 897 1997 964 institutor,

425 982 766 1053 sinceraeque
805 999 871 1039 ac
908 1000 1051 1040 verae
1083 985 1368 1050 doctrinae,
1404 988 1585 1056 qualis
1613 1004 1678 1043 ea
1715 998 1802 1045 est
1832 1005 1999 1057 quam

425 1080 552 1128 ante
575 1076 952 1144 exposuimus.
985 1085 1285 1153 praeceptor
1310 1095 1323 1129 :
1347 1080 1440 1148 qui
1477 1095 1660 1135 mores
1698 1082 1997 1153 przestigia-

423 1164 562 1218 toris
590 1163 885 1220 habuerit?
921 1165 1076 1233 Quod
1108 1169 1152 1224 si
1181 1176 1236 1223 et
1272 1184 1485 1240 magus,
1524 1179 1579 1225 et
1617 1173 1908 1238 veneficus,
1945 1183 2000 1229 ct

422 1254 712 1326 impostor,
736 1265 790 1312 et
836 1260 1204 1330 praestigiator
1244 1259 1365 1327 fuit,
1397 1278 1636 1331 quonam
1682 1264 1846 1320 modo
1870 1267 1997 1322 talis

419 1345 685 1403 doctrinae
713 1350 853 1419 apud
887 1366 1079 1406 omnes
1129 1362 1316 1422 gentes
1357 1362 1551 1409 auctor
1592 1358 1821 1422 exstitit,
1859 1374 1996 1428 qua-

422 1438 525 1493 lem
560 1438 629 1493 ad
654 1440 799 1496 hunc
818 1458 990 1512 usque
1016 1444 1158 1498 diem
1181 1453 1237 1500 ct
1265 1446 1441 1502 oculis
1471 1447 1768 1513 intuemur,
1799 1458 1854 1505 et
1884 1467 1997 1505 au-

420 1530 575 1586 ribus
611 1534 977 1603 percipimus?
1003 1535 1201 1592 deinde
1252 1539 1377 1608 quis
1425 1546 1537 1594 tam
1586 1541 1689 1597 sibi
1740 1542 1845 1613 ipsi
1869 1559 1994 1599 con-

418 1623 615 1688 ﬁdens,
639 1633 701 1680 ut
728 1628 1078 1697 aggrediatur
1108 1644 1171 1683 ea
1197 1630 1252 1685 in
1284 1647 1451 1685 unum
1482 1647 1697 1702 cogere,
1729 1651 1851 1704 quae
1872 1639 1991 1707 cogi

418 1716 571 1771 nullo
595 1716 756 1771 modo
804 1720 1077 1789 possunt?
1103 1719 1237 1786 Quis
1280 1722 1426 1776 enim
1462 1739 1590 1779 vere
1632 1726 1993 1796 praestigiator

419 1814 526 1873 est,
565 1823 691 1865 cum
729 1816 784 1864 et
831 1810 1117 1866 sceleratis
1148 1812 1220 1866 sit
1263 1821 1318 1867 et
1358 1813 1585 1871 nefariis
1621 1819 1887 1882 moribus,
1936 1829 1991 1875 et

418 1913 516 1955 eas
564 1914 655 1955 res
697 1902 1076 1971 aggrediatur,
1128 1918 1251 1975 quae
1297 1905 1602 1975 desperatis
1658 1910 1993 1982 nefariisque

422 1991 736 2048 hominibus
770 1996 1118 2059 conveniant,
1157 1997 1340 2050 omnia
1364 2012 1527 2067 agere
1552 2002 1691 2056 solet
1721 2003 1898 2072 turpis
1928 2019 1991 2059 ac

414 2083 624 2139 Sordidi
663 2084 800 2139 lucri
840 2087 1034 2156 gratia.
1080 2086 1351 2160 Numquid
1377 2092 1542 2161 igitur
1579 2090 1831 2147 Salvator
1856 2110 1993 2163 quo-

416 2190 546 2244 que,
597 2191 663 2230 ac
705 2175 972 2235 Dominus
1016 2188 1207 2237 noster
1246 2182 1431 2248 Jesus,
1474 2186 1569 2255 qui
1607 2184 1867 2242 Christus
1905 2195 1991 2243 est

416 2266 535 2332 Dei,
564 2269 765 2327 talibus
792 2271 956 2327 rebus
980 2274 1251 2332 obnoxius
1278 2278 1390 2331 sit?
1419 2280 1485 2331 At
1502 2279 1647 2333 enim
1671 2281 1816 2336 unde
1846 2291 1992 2337 tene-

413 2358 565 2415 bitur
589 2376 737 2425 reus,
763 2373 857 2417 aut
884 2366 1180 2434 quomodo,
1208 2369 1300 2438 qui
1338 2370 1454 2425 suis
1492 2371 1800 2441 discipulis,
1832 2380 1890 2425 ut
1922 2389 1988 2427 ex

416 2449 661 2522 ipsorum
706 2454 1022 2511 testimonio
1064 2465 1310 2527 apparet,
1340 2459 1601 2528 praecepit
1633 2475 1701 2514 ne
1743 2460 1991 2529 posside-

415 2549 539 2597 rent
566 2558 781 2610 aurum,
808 2553 901 2599 aut
932 2555 1215 2617 argentum
1250 2548 1303 2602 in
1341 2549 1495 2603 zonis
1519 2550 1656 2613 suis,
1689 2564 1868 2619 neque
1902 2566 1991 2620 pce

414 2647 532 2687 ram
562 2634 618 2688 in
659 2636 768 2700 via,
811 2653 988 2707 neque
1027 2639 1432 2695 calceamenta?
1469 2639 1676 2696 Deinde
1716 2656 1814 2695 cur
1840 2641 1988 2696 dicto

413 2721 562 2781 illius
589 2726 874 2785 audientes
929 2728 1182 2795 fuissent,
1225 2738 1279 2785 et
1305 2745 1369 2786 ea
1399 2746 1521 2802 qua:
1556 2741 1882 2802 acceperant
1929 2732 1986 2787 in

413 2820 836 2877 commentarios
878 2822 1165 2878 referenda
1204 2823 1510 2895 litterisque
1551 2827 1987 2882 commendanda

414 2918 723 2980 putassent,
760 2912 803 2968 si
835 2914 1083 2983 pecun’t
1127 2914 1434 2970 studiosum
1486 2931 1645 2971 suum
1681 2915 1989 2988 Praecepto-

412 3015 530 3055 rem
560 3002 859 3067 vidissent,
890 3012 945 3059 et
986 3007 1365 3077 il;...ontraria
1412 3023 1535 3077 quae
1576 3008 1716 3065 alios
1758 3010 1989 3066 docebat

2597 505 2855 572 Χριστὸν
2884 503 2990 557 τοῦ
3025 503 3193 554 Θεοῦ.

2176 621 2286 672 Καὶ
2317 620 2380 690 δὴ
2416 618 2604 674 τούσδε
2637 619 2851 691 πρῶτον
2894 617 3143 671 ἀπάντων
3188 612 3506 685 ἐρωτητέον,
3555 610 3681 666 τίνα

2106 715 2261 780 φαῖεν
2289 711 2425 783 πρὸς
2445 711 2515 765 τὰ
2541 709 2946 782 προωδευμένα.
2970 703 3118 778 *Αρα
3142 704 3250 775 γὰρ
3275 702 3560 773 ἐπινοῆσαι
3588 703 3681 756 δυ-

2102 803 2283 868 νατὸν,
2311 801 2478 874 ἄνδρα
2507 801 2822 856 διδάσκαλον
2846 800 3048 871 σεμνῆς
3073 798 3167 851 καὶ
3195 794 3497 868 παναρέτου
3532 792 3682 848 πολι-

2099 893 2270 957 τείας,
2299 894 2469 962 ἁγίων
2485 910 2545 947 τε
2582 893 2677 946 καὶ
2700 891 2915 963 ἀληθῶν
2945 890 3251 960 δογμάτων,
3278 888 3406 941 οἴων
3420 885 3683 959 προδιήλ-

2102 984 2288 1056 θομεν,
2314 984 2485 1056 γόητα
2507 984 2600 1038 τὸν
2619 983 2820 1056 τρόπον
2848 983 3132 1052 γεγονέναι
3157 998 3172 1046 ;
3203 982 3267 1035 El
3287 980 3343 1034 δὲ
3367 980 3431 1051 δὴ
3456 995 3681 1051 μαγγα-

2098 1078 2290 1148 νευτής
2315 1094 2398 1140 τις
2430 1072 2499 1147 ἦν
2526 1076 2620 1130 καὶ
2650 1076 2993 1147 φαρμακεὺς,
3024 1072 3274 1127 ἀπατεὼν
3302 1089 3363 1124 τε
3394 1072 3488 1124 καὶ
3517 1069 3678 1141 γόης,

2101 1168 2217 1231 πῶς
2242 1168 2307 1222 ἂν
2329 1167 2586 1239 τοιαύτης
2615 1166 2959 1230 διδασκαλίας
2990 1165 3123 1218 πᾶσι
3153 1167 3265 1227 τοῖς
3321 1162 3498 1216 ἔθνεσι
3541 1178 3680 1215 κατ-

2098 1262 2230 1332 έστη
2254 1262 2443 1326 αἴτιος,
2467 1262 2583 1325 οἵας
2606 1261 2761 1314 αὐτοὶ
2786 1259 3001 1332 ὁρῶμεν
3028 1258 3345 1328 ὀφθαλμοῖς,
3363 1256 3457 1309 καὶ
3485 1255 3680 1317 ἀκοαῖς

2096 1356 2177 1417 εἰς
2210 1353 2370 1425 δεῦρο
2410 1352 2943 1425 παραλαμϐάνομεν;
2978 1352 3136 1415 Ποῖος
3163 1351 3219 1403 δὲ
3255 1350 3349 1403 καὶ
3385 1349 3680 1419 αἱρήσεται

2095 1445 2164 1497 τὰ
2196 1444 2473 1498 ἀσύνακτα
2507 1444 2789 1513 συνάγειν;
2825 1444 2958 1515 γόης
2982 1444 3079 1514 μὲν
3111 1442 3219 1514 γάρ
3246 1459 3329 1505 τις
3354 1441 3429 1504 ὡς
3458 1438 3685 1509 ἀληθῶς

2096 1536 2309 1599 ἀνόσιος
2350 1537 2445 1589 καὶ
2488 1536 2685 1607 μιαρὸς
2725 1536 2818 1588 τὸν
2862 1535 3083 1607 τρόπον,
3134 1532 3522 1605 ἀπειρημένοις
3577 1530 3680 1584 καὶ

2096 1629 2329 1693 ἀνοσίοις
2354 1628 2635 1701 ἐγχειρῶν,
2657 1629 2836 1683 πάντα
2859 1629 3087 1700 πράττει
3116 1625 3344 1697 αἰσχροῦ
3376 1624 3472 1678 καὶ
3496 1626 3654 1695 ρυπα
3670 1649 3683 1665 ·

2097 1720 2191 1791 ροῦ
2219 1722 2441 1790 κέρδους
2464 1721 2641 1793 χάριν.
2670 1722 2814 1792 Μήτι
2840 1716 2933 1773 οὖν
2960 1720 3054 1774 καὶ
3084 1720 3113 1771 ὁ
3136 1719 3327 1789 Σωτὴρ
3353 1719 3446 1771 καὶ
3468 1715 3685 1786 Κύριος

2093 1812 2247 1883 ἡμῶν
2277 1814 2488 1884 Ἰησοῦς
2516 1815 2545 1866 6
2578 1802 2811 1885 Χριστὸς
2840 1811 2935 1866 τοῦ
2963 1810 3098 1865 Θεοῦ
3147 1810 3374 1864 τοιοῖσδέ
3405 1824 3547 1862 τισιν
3583 1804 3682 1860 εν-

2091 1922 2214 1975 οχος
2242 1900 2344 1976 ἦν;
2377 1904 2567 1970 Πόθεν,
2601 1905 2635 1976 ἢ
2679 1905 2816 1968 πῶς,
2852 1906 2882 1957 ὁ
2912 1907 3024 1967 τοῖς
3055 1902 3248 1956 ἐαυτοῦ
3280 1900 3569 1972 μαθηταῖς,
3598 1898 3683 1961 ὡς

2092 1995 2225 2065 πρὸς
2246 1995 2427 2049 αὐτῶν
2455 1994 2895 2066 μεμαρτύρηται,
2917 1990 3156 2064 εἰρηκώς
3175 2006 3188 2020 ·
3228 2007 3247 2039 ι
3278 1989 3369 2060 Μὴ
3396 1986 3679 2058 κτήσησθε

2091 2088 2311 2158 χρυσὸν,
2358 2086 2478 2157 μηδ’
2515 2087 2756 2159 ἄργυρον
2791 2087 2872 2149 είς
2910 2083 3010 2148 τάς
3036 2082 3212 2146 ζώνας
3239 2080 3413 2152 ὑμῶν,
3458 2078 3534 2150 μὴ
3568 2082 3683 2149 πη..

2092 2196 2190 2251 ραν
2217 2181 2297 2244 είς
2324 2179 2462 2244 ὁδὸν,
2499 2178 2617 2250 μηδ’
2648 2177 3001 2249 umquam;
3035 2195 3053 2227 ο
3088 2174 3215 2239 Πῶς
3241 2173 3284 2226 δ’
3306 2173 3372 2226 ἂν
3396 2170 3683 2224 ἐπείθοντο

2089 2270 2319 2338 λέγοντι,
2350 2271 2443 2324 κα)⁵
2475 2271 2533 2323 ἐν
2557 2268 3117 2341 ἀπομνημονεύμασιν
3160 2264 3456 2337 ἐγγράφοις
3495 2262 3678 2316 ταῦτα

2089 2363 2442 2435 παραδιδόναι
2475 2362 2681 2433 ἠξίουν,
2716 2364 2766 2416 εί
2796 2358 3265 2434 χρηματιζόμενον
3295 2359 3388 2411 τὸν
3413 2357 3677 2411 διδάσκα-

2088 2457 2178 2510 λον
2204 2456 2390 2529 ἐώρων
2436 2459 2532 2511 καὶ
2565 2457 2888 2511 κατεναντία
2902 2450 2983 2518 οἷς
3010 2455 3232 2526 ἐτέρους
3259 2452 3504 2504 ἐδίδασκε
3537 2467 3676 2521 μετ-

2090 2549 2277 2617 ιόντα;
2323 2549 2498 2603 Πάλαι
2530 2549 2577 2603 δ’
2613 2549 2681 2603 ἂν
2708 2547 3172 2617 καταγελάσαντες
3194 2544 3383 2611 αὑτοῦ,
3420 2545 3518 2598 καὶ
3559 2543 3678 2598 τῶν

2087 2639 2259 2708 λόγων
2288 2640 2753 2705 καταπτύσαντες,
2814 2638 3167 2709 ἀνεχώρησαν
3217 2638 3317 2708 τῆς
3370 2636 3677 2707 μαθητείας

2088 2730 2331 2796 είκότως,
2363 2732 2412 2784 εί
2444 2732 2627 2794 αὐτοῖς
2661 2732 2758 2802 μὲν
2779 2730 3004 2784 τοιαῦτα
3034 2728 3248 2799 σεμνῶς
3278 2728 3677 2799 νομοθετοῦντα

2088 2819 2295 2891 ἐώρων,
2345 2823 2507 2876 αὐτὸν
2547 2822 2605 2875 δέ
2648 2822 2739 2875 τὸν
2762 2822 3058 2893 νομοθέτην
3096 2823 3219 2874 κατ’
3246 2821 3437 2875 οὐδένα
3467 2821 3675 2891 τρόπον

2089 2912 2358 2984 ἑπόμενον
2386 2917 2499 2979 τοῖς
2531 2914 2751 2979 οἰκείοις
2788 2913 2989 2983 λόγοις.
3023 2913 3191 2968 Πάλιν
3227 2914 3257 2966 6
3287 2912 3383 2984 μὲν
3410 2912 3543 2983 γόης
3575 2914 3677 2965 καὶ

2089 3009 2165 3073 ὡς
2209 3008 2425 3080 ἀληθῶς
2469 3008 2668 3072 πλάνος
2715 3011 2829 3071 τοῖς
2865 3007 3254 3079 ἀπειρημένοις
3292 3007 3387 3060 καὶ
3417 3008 3531 3068 τοῖς
3577 3007 3678 3058 ἀν-

413 3096 777 3149 tractantem?
824 3096 944 3151 Non
991 3098 1084 3153 diu
1137 3098 1383 3190 profecto
1428 3116 1489 3156 se
1538 3101 1983 3168 continuissent,

2092 3100 2250 3164 οσίοις
2282 3101 2473 3154 ἐαυτὸν
2503 3100 2827 3167 ἐπιδίδωσιν,
2858 3099 3087 3153 ἀνοσίων
3119 3098 3212 3152 καὶ
3239 3097 3515 3169 ἀθεμίτων
3557 3096 3677 3167 ἡδο-

411 3183 545 3252 quin
569 3184 720 3238 illum
754 3186 1076 3244 habuissent
1107 3183 1632 3265 derisuifverbaque
1652 3194 1772 3263 ejus
1806 3209 1990 3265 asper-

413 3273 529 3326 nati
571 3285 789 3343 esseut,
844 3285 1009 3350 atque
1048 3295 1078 3335 a
1127 3281 1421 3353 disciplina
1480 3285 1841 3341 recessissent
1880 3300 1893 3336 :
1936 3293 1991 3340 et

414 3367 612 3423 merito
640 3369 881 3439 quidem,
914 3373 960 3426 si
990 3372 1254 3429 vidissent
1289 3375 1441 3429 illum
1468 3376 1571 3432 sibi
1600 3378 1820 3447 quidem
1854 3378 1989 3449 ipsis

414 3458 792 3514 scverissimas
812 3460 953 3530 leges
982 3462 1369 3532 imponentem,
1390 3466 1564 3535 ipsum
1601 3478 1779 3523 autem
1810 3470 1987 3539 legum

415 3556 694 3604 auctorem
728 3551 876 3605 nullo
911 3553 1073 3607 modo
1110 3555 1269 3611 verba
1306 3572 1528 3612 suarum
1558 3558 1736 3628 legum
1754 3575 1990 3630 sequen-

413 3645 547 3693 tem.
584 3636 790 3695 Deinde
816 3642 910 3710 qui
940 3658 1068 3698 vere
1092 3645 1458 3715 praestigiator
1496 3657 1582 3701 est
1611 3662 1676 3701 ac
1705 3649 1985 3713 seductor,

411 3727 718 3800 desperatis
738 3732 1072 3804 nefariisque
1099 3735 1412 3794 hominibus
1432 3740 1670 3810 seipsum
1698 3741 1986 3809 permittit,

416 3819 581 3892 126
623 3829 683 3875 ut
730 3824 905 3894 possit
947 3825 1175 3883 liberius
1219 3829 1480 3885 scelestas
1520 3838 1684 3898 atque
1734 3830 1987 3887 infandas

413 3913 724 3982 voluptates
760 3917 1036 3987 persequi,
1061 3926 1115 3973 et
1144 3921 1436 3991 praestigiis
1463 3929 1628 3992 atque
1662 3923 1989 3979 incantatio-

414 4004 579 4059 nibus
617 4005 871 4077 subigere
905 4010 1257 4068 mulierculas
1286 4022 1339 4068 et
1382 4015 1485 4070 sub
1529 4031 1682 4070 suam
1723 4017 1985 4070 malitiam

412 4093 653 4149 trahere.
700 4093 770 4149 At
809 4112 937 4153 vero
968 4098 1037 4154 de
1088 4098 1391 4159 Salvatoris
1434 4118 1499 4158 ac
1546 4103 1761 4158 Domini
1811 4107 1986 4161 nostri

411 4188 774 4255 temperantia
812 4204 882 4244 ne
915 4190 1022 4245 dici
1054 4192 1274 4262 quidem
1314 4195 1450 4250 satis
1482 4196 1698 4251 abunde
1743 4213 1985 4267 unquam

410 4287 618 4349 posset.
654 4278 870 4337 Rursus
921 4283 1066 4339 enim
1120 4285 1375 4356 discipuli
1423 4287 1574 4341 illum
1624 4289 1988 4343 testiﬁcantur

2088 3191 2198 3244 νῶν
2222 3191 2404 3245 ἕνεκεν
2433 3191 2623 3263 θήρας,
2653 3191 2793 3245 ὥστε
2819 3190 2920 3263 ἤδη
2952 3191 3038 3245 διά
3059 3190 3159 3254 τὰς
3198 3189 3537 3261 μαγγανείας
3568 3205 3675 3257 γυ-

2088 3285 2251 3338 ναῖκά
2286 3302 2407 3337 τινα
2441 3283 2798 3339 καταϐάλλειν
2837 3285 2931 3337 καὶ
2956 3281 3247 3354 ὕποσύρειν
3276 3285 3346 3353 τῇ
3366 3280 3536 3335 αὑτοῦ
3565 3297 3676 3334 κα-

2087 3375 2215 3446 κίᾳο
2266 3376 2295 3427 6
2326 3374 2382 3428 δὲ
2412 3375 2602 3447 Σωτὴρ
2637 3376 2732 3428 καὶ
2756 3374 2960 3445 Κύριος
2990 3371 3150 3443 ἡμῶν
3180 3373 3286 3426 οὐδ’
3316 3372 3463 3424 ἐστιν
3493 3372 3677 3423 εἰπεῖν

2087 3467 2233 3531 ὅπως
2263 3467 2633 3538 ἀνέστραπται
2658 3466 2787 3538 περὶ
2825 3464 3195 3538 σωφροσύνην,
3229 3464 3390 3517 ὁπότε
3428 3463 3594 3518 πάλιν
3620 3462 3677 3515 οι

2091 3557 2330 3629 μαθηταὶ
2360 3558 2696 3630 μαρτυροῦσι
2723 3559 3007 3629 παραινεῖν
3030 3557 3148 3628 μηδ’
3174 3555 3469 3627 ἐμϐλέπειν
3483 3571 3678 3622 γυναι-

2087 3649 2147 3701 κὶ
2195 3651 2310 3719 μετ’
2357 3648 2650 3721 ἐπιθυμίας
2689 3647 3011 3710 ἀκολάστου,
3062 3648 3344 3718 φήσαντα’
3380 3665 3400 3698 ι
3428 3646 3675 3719 Ἐρρέθη

2085 3742 2198 3801 τοῖς
2225 3741 2503 3811 ἀρχαίοις’
2540 3742 2614 3793 Ub
2668 3737 2974 3810 μοιχεύσεις
2996 3754 3011 3769 ’
3063 3736 3177 3806 ἐγὼ
3218 3737 3274 3791 δὲ
3319 3738 3463 3805 λέγω
3516 3738 3674 3807 ὑμῖν,

2086 3831 2169 3885 ὅτι
2203 3834 2310 3896 πᾶς
2339 3834 2369 3885 6
2391 3831 2677 3902 ἐμϐλέπων
2701 3833 2937 3899 γυναῖκα
2957 3830 3093 3901 πρὸς
3112 3830 3174 3883 τὸ
3196 3829 3534 3900 ἐπιθυμῆσαι
3565 3829 3676 3882 αὑ-

2086 3922 2185 3994 τὴν
2208 3923 2306 3995 ἥδη
2340 3923 2658 3994 ἐμοίχευσεν
2681 3922 2852 3994 αὐτὴν
2879 3922 2937 3975 ὲν
2962 3925 3027 3993 τῇ
3051 3921 3249 3993 καρδίᾳ
3274 3920 3464 3975 αὐτοῦ.
3497 3940 3516 3972 ι
3555 3920 3677 3974 Καί

2088 4032 2219 4067 ποτε
2263 4016 2578 4084 ἀναγκαίως
2623 4016 2717 4068 ἐπὶ
2743 4013 2979 4085 ὠφελείᾳ
3020 4014 3114 4066 καλ⁵
3163 4012 3408 4082 σωτηρίᾳ
3453 4010 3679 4065 πολλῶν

2088 4106 2438 4178 Σαμαρείτιδι
2480 4108 2699 4176 γυναικὶ
2743 4104 3119 4176 διαλεγόμενον
3152 4104 3315 4157 αὐτὸν
3349 4102 3675 4173 τεθεαμένοι

2087 4198 2413 4269 ἐθαύμαζον,
2453 4199 2535 4252 ὅτι
2583 4198 2720 4269 μετά
2745 4199 3003 4267 γυναικὸς
3027 4198 3227 4261 ἐλάλει,
3268 4195 3572 4267 παράδοξόν
3614 4213 3677 4251 τι

2086 4288 2243 4343 τοῦτο
2282 4288 2532 4354 δόξαντες
2554 4291 2706 4361 όρᾷν,
2734 4289 2922 4363 ὥσπερ
2952 4290 3104 4344 οὔπω
3130 4289 3227 4343 καὶ
3255 4288 3442 4343 ἄλλοτε
3467 4287 3679 4361 πρόα-

410 4372 758 4443 praecepisse,
805 4384 865 4431 ut
902 4392 972 4433 ne
1023 4378 1367 4435 intuerentur
1419 4382 1639 4450 quidem
1699 4383 1981 4438 mulierem

2092 4395 2203 4449 ρον.
2252 4380 2477 4451 Συνίστη
2514 4379 2570 4432 δὲ
2610 4380 2720 4451 ἀρα
2756 4381 2785 4433 6
2824 4379 2979 4448 λόγος
3014 4378 3111 4434 τοῦ
3146 4379 3399 4450 Σωτῆρος
3424 4378 3582 4449 ἡμῶν
3605 4377 3683 4431 τὸ

410 4477 536 4517 cum
579 4462 824 4529 libidine,
867 4467 955 4523 his
991 4469 1171 4525 verbis
1213 4489 1226 4525 :
1267 4489 1286 4522 ι
1327 4470 1541 4527 Dictum
1591 4482 1676 4527 est
1715 4474 1979 4542 antiquis,

2092 4469 2342 4542 ἐμϐριθὲς
2385 4450 2480 4523 καὶ
2522 4450 2793 4542 αὐστηρὸν
2830 4470 2925 4525 τοῦ
2948 4471 3152 4543 τρόπου
3218 4468 3585 4540 Σωφροσύνης
3611 4469 3678 4523 δὲ

408 4551 528 4609 Non
566 4556 947 4622 mmchaberis,
975 4574 1076 4629 ego
1107 4566 1287 4615 autem
1330 4561 1454 4616 dico
1489 4561 1666 4625 vobis,
1691 4561 1835 4632 quod
1864 4564 1985 4632 qui-

409 4660 628 4716 cunque
672 4648 975 4704 intuebitur
1031 4651 1313 4707 mulierem
1357 4651 1426 4707 ad
1483 4654 1981 4723 concupiscendum

407 4752 551 4802 eam,
575 4738 688 4807 jam
725 4739 1031 4795 mmchatus
1057 4748 1141 4797 est
1157 4757 1277 4797 eam
1299 4742 1357 4798 in
1388 4743 1555 4799 corde
1576 4745 1756 4798 suo".
1799 4762 1818 4796 ι
1843 4742 1981 4797 Cum

409 4842 540 4881 vero
565 4827 693 4882 olim
716 4844 782 4883 ex
805 4844 970 4883 causa
983 4830 1380 4897 necessaria,ut
1400 4831 1587 4886 multis
1609 4834 1797 4902 utique
1815 4828 1987 4901 prod-

409 4928 581 4985 esset,
622 4934 751 4976 cum
812 4919 1156 4977 Samaritana
1203 4924 1433 4979 muliere
1476 4924 1788 4994 loquentem
1831 4923 1983 4976 illum

409 5012 699 5080 vidissent,
744 5013 999 5069 admirati
1032 5021 1161 5069 sunt
1197 5015 1343 5085 quod
1375 5030 1503 5070 cum
1543 5016 1771 5071 muliere
1795 5016 1985 5085 loque-

410 5115 585 5171 retur,
619 5106 962 5176 in0pinatum
991 5107 1249 5178 quiddam
1279 5107 1384 5163 hoc
1413 5114 1578 5178 atque
1613 5108 1893 5164 insolitum
1925 5123 1986 5163 se

411 5200 613 5255 intueri
643 5200 994 5264 arbitrantes,
1039 5209 1297 5271 tanquam
1327 5201 1365 5255 ii
1396 5200 1492 5271 qui
1521 5215 1800 5270 nunquam
1829 5205 1984 5253 antc-

411 5290 516 5347 hac
548 5291 689 5347 idem
722 5291 1008 5348 vidissent.
1042 5292 1474 5349 Commendabat
1501 5293 1646 5348 enim
1683 5290 1986 5348 Salvatoris

413 5383 586 5439 nostri
631 5398 814 5439 sermo
839 5384 975 5439 nihil
1013 5384 1181 5449 aliud,
1219 5385 1326 5441 nisi
1366 5384 1422 5440 in
1466 5384 1710 5440 moribus
1749 5383 1986 5454 gravita-

413 5485 521 5531 tem
540 5483 706 5544 atque
733 5476 1125 5532 austeritatem.
1144 5477 1414 5534 Caeterum
1439 5478 1816 5548 temperantiae
1836 5476 1986 5545 ejus-

414 5566 560 5634 dem,
581 5567 674 5625 illa
716 5583 935 5641 quoque
970 5568 1226 5626 doctrina
1263 5584 1460 5643 magno
1505 5576 1826 5640 argumento
1864 5580 1988 5627 esse

484 5737 532 5775 π
560 5738 748 5799 Matth.
779 5756 837 5813 ν,
867 5739 959 5812 27,
988 5740 1079 5797 es.

2087 4560 2249 4612 αὐτοῦ
2293 4560 2436 4630 μέγα
2470 4560 2673 4630 δεῖγμα
2693 4557 2762 4631 ἦν
2796 4562 3020 4633 κάκείνη
3055 4564 3089 4633 ἠ
3119 4560 3450 4625 διδασκαλία,
3497 4559 3568 4613 δι’
3597 4556 3677 4632 ἦς

2086 4650 2334 4720 ἁγνεύειν
2358 4651 2416 4719 ἐξ
2431 4651 2596 4706 αὑτοῦ
2614 4651 2708 4705 τοῦ
2734 4652 2834 4723 τῆς
2862 4653 3095 4717 διανοίας
3121 4652 3340 4723 βάθους,
3370 4651 3469 4716 τάς
3483 4653 3678 4723 ἐμπα-

2087 4743 2199 4805 θεῖς
2230 4742 2437 4813 ὀρέξεις
2478 4744 2884 4814 ἀποτέμνοντας
2922 4745 3170 4799 ἐδίδασκε
3198 4745 3403 4813 λέγων’
3451 4763 3471 4796 ι
3509 4744 3675 4799 Εἰσὶν

2087 4832 2332 4903 εὐνοῦχοι
2360 4831 2557 4898 οἵτινες
2579 4834 2951 4905 ἐγεννήθησαν
2974 4834 3174 4899 οὕτως·
3206 4834 3455 4889 καὶείσὶν
3473 4834 3675 4888 εὐνοῦ-

2088 4941 2170 4994 χοι
2200 4924 2394 4989 οὖτινες
2434 4923 2857 4996 εὐνουχίσθησαν
2886 4925 2991 4978 ὑπὸ
3024 4924 3358 4996 ἀνθρώπων·
3404 4925 3500 4978 καὶ
3527 4926 3677 4979 εἰσὶν

2089 5012 2331 5083 εὐνοῦχοι
2368 5013 2563 5076 οἵτινες
2612 5013 2926 5083 εὐνούχισαν
2974 5015 3199 5080 ἐαυτοὺς
3243 5015 3331 5070 διά
3377 5015 3475 5086 τὴν
3511 5014 3676 5085 βασι-

2087 5107 2235 5160 λείαν
2266 5106 2375 5160 τῶν
2401 5106 2665 5178 οὐρανῶν.
2701 5125 2719 5158 ι
2752 5107 2922 5161 Πάλιν
2954 5110 2983 5161 ὁ
3015 5107 3115 5178 μὲν
3148 5109 3283 5178 γόης
3320 5109 3415 5162 καὶ
3448 5108 3674 5180 ἀληθῶς

2087 5198 2386 5261 λαοπλάνος
2410 5202 2588 5251 πάντα
2614 5199 2854 5269 ἐγχειρεῖ
2877 5199 2971 5253 καὶ
3002 5200 3230 5271 πράττει
3257 5199 3567 5265 δοξοκοπῶν
3597 5201 3676 5255 τά

2091 5286 2262 5341 πολλά
2294 5286 2763 5356 φαντασιοκοπῶν,
2795 5288 2889 5341 καὶ
2920 5288 3084 5341 πλέον
3114 5307 3166 5343 τι
3196 5289 3349 5361 παρὰ
3367 5289 3495 5355 τοὺς
3532 5288 3670 5343 πολ-

2088 5378 2213 5442 λοὺς
2248 5377 2445 5430 εἰδέναι
2466 5378 2558 5430 καὶ
2584 5376 2727 5448 ἐχειν
2755 5378 3261 5450 μεγαλαυχούμενος
3282 5398 3296 5410 ·
3330 5383 3359 5434 6
3386 5380 3442 5435 δὲ
3475 5380 3675 5453 Σωτὴρ

2090 5471 2185 5525 καῖ⁸
2214 5470 2417 5541 Κύριος
2447 5468 2622 5539 ἡμῶν,
2651 5468 2734 5522 ὅτι
2770 5468 2843 5540 μὴ
2878 5468 3176 5541 δοξομανὴς
3213 5472 3308 5525 καὶ
3329 5469 3548 5534 ἀλαζὼν
3572 5475 3674 5526 καὶ

2092 5560 2520 5631 φαντασιοκόπος
2558 5554 2644 5631 ἦν,
2681 5560 2774 5631 ἀφ’
2804 5552 2882 5618 ὧν
2931 5559 3158 5633 ἰώμενος
3204 5562 3436 5635 παρῄνει
3478 5563 3679 5634 μηδενὶ⁵
