3828 6216
138 346 224 403 2ὶὸ

1011 294 1671 397 ιιιῖιιοΝετιιᾸτιοΝιε
1710 336 2174 395 nuncnum
2218 335 2348 392 LIB.
2391 336 2482 391 ιιι.

3269 336 3378 393 226

136 459 331 533 φράζειν
376 454 508 528 μηδὲ
557 457 638 520 είς
662 455 890 519 πολλοὺς
948 455 1114 509 αὐτὸν
1148 455 1452 525 ἐκφαίνειν,
1491 452 1687 522 γένοιτ’

1791 458 2011 522 potest:
2049 466 2157 521 qua
2196 450 2546 506 turbulentos
2594 450 2871 522 appetitus
2906 466 2973 507 ex
3004 452 3127 523 ipso
3164 436 3376 523 cogita-

137 555 191 608 ἂν
236 549 438 620 ἔκδηλος
484 549 594 602 ἀπό
644 565 704 601 τε
763 546 857 601 τοῦ
919 546 1020 611 τὰς
1066 548 1125 600 ἐν
1188 546 1339 618 ὅρεσι
1398 543 1681 617 διατριϐὰς

1787 543 1958 599 tionis
1983 543 2260 613 profundo
2286 557 2539 599 resecare
2560 556 2624 597 ac
2646 558 2881 614 purgare
2898 543 3127 613 jubebat
3142 542 3370 600 dicens.-

136 646 213 701 καὶ
258 643 346 707 τὰς
405 642 787 714 ἀναχωρήσεις
840 640 1099 703 διώκειν,
1150 640 1248 693 καὶ
1298 638 1524 709 φεύγειν
1580 637 1683 702 τὰς

1792 653 1812 688 ι
1855 633 1996 691 Sunt
2029 635 2294 699 eunuchi,
2325 636 2418 706 qui
2449 636 2529 690 sic
2568 636 2680 690 nati
2725 643 2897 691 sunt:
2926 644 2981 690 et
3028 645 3159 692 sunt
3195 653 3364 693 eunu-

134 738 251 794 κατά
302 734 476 798 πόλεις
529 733 640 786 τῶν
709 731 920 788 πολλῶν
984 730 1278 802 ἐμϐλαϐεῖς
1339 729 1576 801 ὁμιλίας.
1620 728 1685 780 Ei

137 834 249 903 μήτε
271 824 549 897 τοιγαροῦν
571 824 751 897 δόξης.
796 826 933 896 μήτε
963 825 1288 897 χρημάτων,
1326 826 1465 895 μήτε
1493 820 1686 893 ἡδονῆς

133 924 289 975 ἕνεκεν
345 917 669 990 ἐπιϐέϐλητο
722 919 790 989 τῇ
842 915 1199 987 διδασκαλίᾳ,
1260 915 1346 980 τίς
1403 914 1483 968 ἔτι
1534 913 1689 985 χώρα

133 1012 467 1086 περιλείπεται
510 1009 769 1073 ὑπονοίας
818 1008 914 1063 τοῦ
949 1007 1149 1061 πλάνον
1178 1006 1345 1061 αὑτὸν
1392 1007 1487 1061 καὶ
1515 1006 1688 1076 γόητα

131 1105 370 1177 νομίζειν;
414 1103 622 1173 Σκέψαι
664 1102 724 1156 δὲ
771 1102 870 1155 καὶ
908 1100 1084 1155 ταῦτα
1128 1100 1322 1166 πάλιν,
1354 1099 1509 1169 γόης.
1556 1099 1686 1152 ὅταν

131 1199 303 1270 ἑτέροις
342 1197 408 1251 τά
444 1197 548 1266 τῆς
575 1196 778 1259 κακίας
802 1193 1091 1267 μεταδιδῷ,
1119 1193 1339 1258 ὁποίους
1364 1193 1563 1266 ἄνδρας
1587 1211 1686 1247 κα-
1712 1261 1719 1268 ‘

128 1290 415 1355 τασκευάζει
432 1309 445 1321 ·
471 1286 560 1362 ἆρ’
582 1290 704 1360 οὐχὶ
726 1289 927 1361 γόητας
951 1288 1047 1343 καὶ
1074 1287 1310 1353 πλάνους
1341 1288 1435 1341 καὶ
1464 1304 1686 1361 φαρμα-

129 1387 235 1447 rei»;
267 1383 405 1456 αὐτῷ
444 1381 588 1437 κατά
638 1384 815 1437 πάντα
851 1379 1302 1453 παραπλησίους;
1330 1380 1428 1444 Τίς
1450 1377 1544 1435 οὖν
1577 1364 1684 1453 ἢδη

128 1476 315 1529 πώποτε
344 1475 401 1528 τὸ
436 1476 546 1528 πᾶν
573 1471 917 1546 Χριστιανῶν
940 1471 1099 1540 γένος
1138 1473 1204 1525 ἐκ
1234 1471 1335 1543 τῆς
1357 1471 1569 1525 ἐκείνου
1599 1472 1682 1525 δι-

124 1567 382 1631 δασκαλίας
452 1564 716 1637 γοητεῦον
784 1565 818 1637 ἢ
893 1562 1254 1635 φαρμακεῦον
1320 1562 1680 1633 κατείληφεν;

134 1660 251 1713 Ἀλλ’
279 1660 373 1714 οὐκ
420 1657 570 1712 ἔστιν
606 1657 813 1710 εἰπεῖν·
848 1654 1086 1726 ἔμπαλιν
1126 1655 1183 1708 δὲ
1229 1654 1423 1725 λόγους
1468 1656 1683 1726 φιλοσό-

123 1768 235 1822 φους
259 1751 455 1821 μετιὸν,
483 1749 560 1813 ὡς
583 1748 981 1803 ἀποδέδεικται.
1024 1746 1082 1800 '0
1108 1746 1172 1818 δὴ
1211 1742 1304 1801 οὖν
1343 1747 1552 1819 ἑτέροις
1599 1763 1681 1800 σε-

125 1841 237 1911 μνοῦ
265 1843 353 1896 καί
395 1840 676 1913 σώφρονος
722 1838 840 1911 βίου
886 1836 1170 1901 εὐσεϐείας
1193 1855 1253 1891 τε
1286 1838 1388 1909 τῆς
1419 1840 1679 1893 ἀνωτάτω

120 1933 375 2006 παραίτιος
392 1933 789 2004 γεγενημένος,
831 1931 917 1995 τίς
971 1929 1039 1985 ἂν
1072 1929 1298 1994 ἐνδίκως
1327 1931 1612 2003 νομισθείη
1639 1931 1674 2001 ἢ

121 2026 391 2096 φιλοσόφων
441 2029 472 2081 ὁ
518 2024 845 2097 πρώτιστος,
872 2024 969 2077 καὶ
1007 2022 1252 2075 εὐσεϐῶν
1296 2023 1506 2095 ἀνδρῶν
1533 2023 1680 2077 διδά-

120 2119 309 2185 σκαλος
331 2117 556 2190 καὶγὰρ
582 2117 648 2171 ἂν
671 2118 755 2188 εἴη
786 2116 1009 2187 βελτίων
1035 2116 1208 2188 δήπου
1236 2116 1345 2179 πᾶς
1367 2115 1679 2170 όδιδάσκων

119 2208 207 2263 τῶν
254 2209 725 2283 μαθητευομένων.
771 2208 1064 2278 Φιλόσοφος
1117 2210 1228 2281 ἄρα
1249 2247 1264 2271 ,
1316 2208 1411 2261 καὶ¹
1460 2206 1680 2278 ἀληθῶς

117 2302 335 2374 εὐσεϐής,
369 2301 573 2356 πολλοῦ
605 2301 688 2354 δεῖ
714 2301 918 2366 πλάνος
950 2303 1048 2356 καὶ
1089 2301 1243 2372 γόης,
1276 2301 1579 2373 ὁμολογοῖτ’
1611 2299 1679 2354 ἂν

115 2395 140 2445 ὁ
162 2395 332 2467 Σωτὴρ
358 2396 455 2448 καὶ
485 2394 690 2465 Κύριος
716 2393 895 2465 ἡμῶν.
927 2395 991 2449 Εἰ
1017 2394 1083 2467 δὴ
1115 2390 1208 2449 οὖν
1235 2393 1441 2447 τοιόσδε
1470 2409 1554 2455 τις
1573 2387 1675 2462 ἦν,

115 2486 215 2548 πῶς
234 2486 294 2539 ἂν
319 2485 499 2549 ἄλλως
529 2485 807 2556 ἐπεχείρει
836 2488 957 2549 ταῖς
997 2482 1520 2557 θαυματουργίαιςῆ
1556 2481 1678 2555 θείᾳ

114 2577 191 2630 καὶ
210 2579 504 2651 ἀπορρήτῳ
529 2577 758 2648 δυνάμει
787 2578 884 2631 καὶ
906 2581 972 2650 τῇ
1004 2578 1266 2633 ἀνωτάτω
1294 2576 1424 2648 περὶ
1448 2574 1542 2628 τοῦ
1568 2574 1677 2629 τῶν

113 2670 228 2723 ὅλων
250 2669 379 2724 Θεοῦ
408 2669 703 2743 εὐσεϐείᾳ;
731 2669 794 2724 ὃν
817 2665 906 2723 οἷα
930 2669 1152 2740 Πατέρα
1174 2668 1353 2739 τιμῶν
1381 2669 1476 2722 καὶ
1504 2667 1677 2722 σέϐων

76 2828 81 2833 ,
110 2762 168 2817 τὰ
193 2764 414 2834 μάλιστα
444 2764 833 2818 ἀποδείκνυται
878 2765 943 2817 ἐκ
968 2762 1079 2816 τῶν
1114 2762 1247 2836 περὶ
1279 2760 1446 2816 αὐτοῦ
1478 2762 1673 2830 λόγων.

120 2855 226 2908 Ἐπὶ
246 2856 501 2910 τοσοῦτον
524 2856 583 2909 δὲ
614 2855 723 2926 ἄρα
748 2855 802 2908 o't'
829 2871 889 2908 τε
920 2853 1161 2926 ἀρχῆθεν
1189 2851 1339 2924 αὐτῷ
1365 2868 1676 2923 προσεσχη-ν

110 2945 246 3009 κότες
275 2944 518 3017 μαθηταὶ
542 2943 731 3008 αὐτοῦ,
756 2945 851 2997 καλ¹
871 2943 922 2996 οί
954 2942 1091 3013 μετά
1121 2940 1295 2995 ταῦτα
1322 2940 1424 3010 τῆς
1453 2940 1675 2993 ἐκείνων

108 3036 362 3109 διατριϐῆς
401 3037 664 3107 διάδοχοι,
695 3034 1035 3107 πορρωτάτω
1074 3032 1487 3104 καθεστήκεσαν
1535 3030 1675 3101 φαύ-

108 3130 193 3201 λης
215 3133 304 3185 καὶ
335 3132 588 3202 πονηρᾶς
618 3129 896 3191 ὑπονοίας,
919 3127 996 3190 ὡς
1021 3125 1156 3197 μηδὲ
1179 3127 1292 3189 τοῖς
1324 3123 1676 3196 νοσηλευομέ-

62 3226 67 3247 “
107 3240 203 3288 νοις
227 3224 545 3296 ἐπιτρέπειν
570 3218 658 3276 οἷα
687 3220 874 3275 πολλοὶ
907 3218 1079 3273 πολλά
1117 3219 1251 3290 δρᾷν
1281 3216 1673 3290 ἐπιχειροῦσιν,

106 3317 135 3386 ἢ
170 3316 404 3370 πετάλων
436 3316 792 3387 ἐπιγραφαῖς,
826 3311 922 3366 καὶ
957 3309 1311 3382 περιάμμασι
1355 3308 1612 3381 χρῆσθαι,
1642 3309 1679 3381 ἢ

107 3413 201 3473 τοῖς
223 3410 554 3482 κατεπᾴδειν
581 3404 1072 3476 ἐπαγγελλομένοις
1096 3402 1387 3476 προσέχειν
1415 3402 1506 3456 τὸν
1529 3401 1678 3467 νοῦν,

107 3502 134 3572 ἢ
165 3503 317 3573 ῥιζῶν
342 3502 442 3556 καὶ
470 3499 713 3572 βοτανῶν
739 3497 980 3569 θαύμασι
1015 3496 1109 3549 καί
1135 3511 1279 3548 τισιν
1301 3493 1484 3558 ἀλλοις
1513 3511 1684 3547 τοιου-

105 3594 363 3667 τοτρόποις
431 3593 662 3657 ἀκέσεις
725 3589 838 3644 τῶν
894 3586 1086 3642 παθῶν
1145 3588 1360 3651 ἑαυτοῖς
1412 3587 1677 3658 πορίζειν.

106 3682 269 3737 Ταῦτα
289 3684 422 3752 γοῦν
450 3683 638 3737 πάντα
663 3681 765 3752 τῆς
784 3676 1025 3751 Χριστοῦ
1048 3676 1399 3740 διδασκαλίας
1420 3676 1679 3747 ἐξελήλα-

104 3792 212 3829 ται·
236 3777 343 3831 οὐδ’
368 3775 524 3830 ἔστιν
552 3771 777 3826 πώποτε
808 3770 1138 3844 Χριστιανὸν
1170 3769 1515 3841 περιάμματι
1544 3767 1684 3839 χρώ-

109 3885 247 3938 μενον
290 3865 621 3930 θεάσασθαι,
655 3864 764 3919 οὐδ’
804 3863 1132 3927 ἐπιλαλιαῖς,
1163 3862 1198 3934 ἢ
1240 3860 1489 3915 πετάλων
1517 3859 1682 3914 τινῶν

106 3959 390 4033 περιέργων
436 3958 798 4030 ἐπιγραφαῖς,
847 3954 958 4009 οὐδ’
1000 3953 1204 4017 ἄλλοις,
1238 3945 1315 4007 ὧν
1353 3951 1453 4022 τὴν
1483 3951 1683 4022 χρῆσιν

105 4052 369 4127 ἀδιάφορον
413 4055 466 4107 οἱ
498 4051 687 4105 πολλοὶ
715 4048 1056 4119 νενομίκασι.
1088 4046 1185 4110 Τίς
1210 4040 1304 4099 οὖν
1346 4045 1494 4117 αἱρεῖ
1522 4042 1681 4112 λόγος

102 4146 212 4210 τοὺς
250 4145 459 4200 τοιοῦδε
492 4142 816 4198 διδασκάλου
845 4140 1042 4211 γόητος
1067 4139 1163 4193 καὶ
1191 4137 1396 4192 πλάνου
1430 4134 1681 4207 μαθητὰς

103 4240 362 4309 γεγονέναι
406 4238 692 4310 νομίζεινς
724 4237 837 4291 Καὶ
879 4234 986 4306 μὴν
1032 4233 1234 4297 παντὸς
1266 4228 1677 4300 ἐπαγγελλομέ-

103 4348 182 4384 νου
230 4349 281 4386 τι
333 4332 517 4404 μέγας
563 4330 784 4401 ἔλεγχος
833 4330 868 4399 ἡ
922 4325 1032 4380 τῶν
1087 4322 1357 4395 φοιτητῶν
1396 4320 1674 4375 συνουσία.

105 4414 311 4497 Ἄνδρες
352 4425 492 4497 γοῦν
528 4423 765 4494 ἔντεκνοι
794 4420 892 4474 καὶ
932 4419 1297 4490 ἐπιστήμονες
1324 4415 1544 4477 πάντως
1571 4429 1677 4466 που

99 4516 181 4571 τὸν
227 4519 399 4573 αἴτιον
451 4517 638 4579 αὐτοῖς
690 4513 792 4584 τῆς
844 4512 1159 4583 ἐπιστήμης
1203 4508 1339 4563 πολὺ
1392 4505 1675 4578 κρείττονα
1708 4520 1751 4575 ι)

100 4608 234 4677 σφῶν
275 4608 461 4664 αὐτῶν
518 4605 872 4678 ἐμφαίνουσιν
897 4619 918 4638 ο
942 4600 1228 4673 ὡσπεροῦν
1286 4596 1521 4670 ίατρικοὶ
1579 4596 1677 4667 μὲν

97 4700 185 4771 τῆς
211 4700 302 4756 τοῦ
344 4697 674 4755 διδασκάλου
714 4695 845 4767 περὶ
894 4693 957 4747 τὸ
1000 4692 1233 4764 μάθημα
1281 4687 1680 4762 κατορθώσεως

97 4789 195 4846 εἷεν
226 4794 291 4849 ἀν
316 4795 604 4867 μάρτυρες
623 4811 639 4825 ο
667 4791 1036 4863 γεωμετρικοὶ
1058 4789 1117 4843 δὲ
1147 4787 1239 4840 τὸν
1271 4785 1511 4856 ἄρχοντα
1555 4781 1678 4835 τίνα

98 4882 241 4937 ἀλλον
267 4884 303 4957 ἢ
348 4884 680 4956 γεωμέτρην
712 4881 1150 4954 ἐπιγράψονται;
1195 4876 1291 4930 καὶ
1322 4872 1678 4947 ἀριθμητικοὶ

99 4973 181 5026 τὸν
217 4973 616 5046 ἀριθμητικόν;
645 4971 802 5025 Κατὰ
837 4971 977 5025 αὺτά
1007 4968 1064 5022 δὲ
1107 4968 1203 5021 καὶ
1250 4964 1447 5034 γόητος
1483 4960 1677 5033 ἀνδρὸς

102 5066 334 5136 μέγιστοι
361 5066 431 5120 ἂν
461 5061 574 5119 εἷεν
603 5065 881 5136 μάρτυρες
906 5062 956 5115 οἱ
981 5056 1255 5130 φοιτηταί,
1286 5053 1359 5107 τὰ
1385 5051 1548 5124 ὅμοιά
1569 5067 1675 5103 που

97 5158 168 5230 τῷ
192 5158 502 5230 διδασκάλῳ
528 5157 627 5212 καὶ
651 5156 805 5210 αὐτοὶ
840 5153 1135 5222 μετιόντες.
1184 5146 1347 5202 Ἀλλά
1379 5144 1555 5208 οὐδείς
1589 5160 1676 5196 πω

98 5250 351 5307 τοσούτων
385 5250 528 5305 ἐτῶν
557 5249 693 5320 γόης
734 5246 1007 5317 πέφανται
1045 5241 1142 5296 τοῦ
1183 5235 1359 5310 Ἰησοῦ
1405 5234 1673 5307 μαθητὴς,

101 5344 260 5397 καίτοι
286 5343 377 5398 διά
412 5340 666 5414 βασάνων
695 5340 889 5412 πείρας
919 5337 1029 5391 τῶν
1060 5332 1204 5388 κατά
1223 5329 1449 5403 χρόνους
1479 5325 1678 5399 ἡγεμό-

102 5454 195 5490 νων
213 5453 272 5490 τε
297 5437 395 5491 καὶ
425 5433 703 5506 βασιλέων
715 5431 918 5504 ἀκριϐῆ
944 5428 1056 5483 τῶν
1080 5425 1201 5481 καθ’
1232 5424 1381 5496 ἡμᾶς
1414 5418 1677 5492 πραγμά-

98 5544 195 5582 των
216 5529 312 5601 τθην
341 5529 593 5597 ἐξέτασιν
620 5524 1028 5598 πεποιημένων.
1066 5518 1253 5582 Οὕτως
1279 5516 1338 5569 δὲ
1368 5513 1477 5586 ἀρα
1496 5513 1676 5576 οὐδεὶς

99 5613 160 5689 ἦν
198 5621 351 5693 γόης,
382 5622 465 5686 ὡς
498 5620 780 5692 ἐλεύθερον
827 5615 1083 5688 ἀφεῖσθαι
1126 5612 1223 5668 καὶ
1266 5606 1468 5669 παντὸς
1517 5604 1675 5667 ἐκτὸς

101 5712 329 5768 κινδύνου
360 5715 457 5768 τὸν
476 5696 611 5768 abab
641 5712 801 5786 μόνον
825 5710 887 5767 τὺ
918 5709 1081 5764 θῦσαι
1108 5704 1244 5779 πρὸς
1269 5699 1449 5757 αὐτῶν
1482 5694 1671 5770 βεϐια-

160 5830 205 5864 ’⁸
229 5829 422 5887 Matth.
489 5844 602 5898 ιιι,
641 5826 729 5884 12.

1788 727 1903 794 chi,
1938 728 2031 799 qui
2063 728 2195 783 facti
2225 735 2357 784 sunt
2385 726 2829 787 ab'ltominibus,
2860 737 2915 783 et
2951 737 3082 783 sunt
3110 729 3367 784 eunuchi.

1787 820 1885 890 qui
1940 825 2324 874 castraverunt
2380 818 2595 888 seipsos
2637 826 2863 889 prepter
2916 834 3147 890 regnum
3199 821 3367 874 caelo-

1789 926 1912 966 rum
1941 912 2008 969 ⁷³.
2047 930 2066 964 ι
2096 911 2300 967 Deinde
2328 911 2421 981 qui
2451 911 2819 983 praestigiator
2836 919 2922 968 est
2951 921 3006 967 et
3030 929 3159 969 vere
3187 913 3369 984 populi

1789 1003 2069 1075 deceptor,
2113 1005 2298 1058 omnia
2333 1003 2650 1073 aggreditur
2683 1012 2847 1074 atque
2887 1006 2999 1076 agit
3029 1021 3156 1060 cum
3192 1004 3371 1074 jactan

1790 1095 1937 1150 tione
1965 1095 2051 1151 sui
2077 1095 2421 1166 plerumque,
2452 1103 2507 1150 et
2523 1094 2591 1148 ad
2616 1097 2881 1165 speciem,
2925 1113 3035 1153 non
3069 1096 3138 1152 ad
3165 1098 3377 1152 verita-

1787 1198 1918 1253 tem,
1944 1200 2109 1260 atque
2145 1188 2382 1259 amplius
2412 1187 2672 1258 quiddam
2707 1197 2907 1260 praeter
2949 1200 3177 1245 caeteros
3206 1204 3375 1246 nosse

1788 1295 1849 1336 se
1907 1288 2075 1351 atque
2126 1280 2363 1345 habere,
2425 1295 2552 1334 cum
2623 1281 2992 1337 ostentatione
3058 1282 3370 1353 proﬁtetur.

1789 1384 2128 1442 Salvatorem
2151 1390 2282 1442 vero
2311 1384 2714 1457 Dominumque
2742 1395 3016 1456 nostrum,
3051 1404 3162 1443 non
3187 1388 3379 1459 gloriae

1785 1480 2087 1551 cupiditate
2113 1488 2209 1535 aut
2254 1481 2568 1551 arrogantia
2593 1479 2892 1545 laborasse,
2929 1472 3106 1551 neque
3146 1481 3215 1536 ad
3249 1496 3376 1551 spe-

1784 1575 1923 1629 ciem
1972 1574 2155 1646 egisse
2195 1588 2319 1644 quae
2357 1574 2487 1643 egit,
2527 1573 2614 1627 vel
2652 1590 2721 1629 ex
2759 1573 2827 1628 iis
2865 1583 3126 1629 constare
3167 1582 3374 1644 potest,

1786 1681 1930 1738 quos
1972 1680 2003 1719 a
2050 1681 2110 1722 se
2153 1664 2376 1720 sanitati
2423 1665 2734 1728 restitutos,
2773 1664 3003 1734 jubebat
3041 1665 3248 1721 nemini
3288 1667 3376 1721 di-

1786 1775 1933 1825 cere,
1966 1774 2145 1829 nequc
2177 1758 2420 1829 seipsum
2468 1758 2524 1812 in
2564 1759 2764 1830 vulgus
2802 1758 3059 1830 prodere,
3105 1759 3270 1815 etiam
3304 1775 3376 1815 ex

1786 1866 1854 1907 eo
1891 1851 2041 1923 quod
2078 1850 2135 1905 in
2162 1850 2447 1905 montibus
2478 1850 2801 1921 plerumque
2829 1850 3070 1921 degeret,
3096 1858 3150 1906 et
3180 1852 3376 1907 solitu-

1786 1945 1944 2000 dines
1987 1945 2045 1999 in
2091 1944 2160 1999 iis
2201 1942 2340 1999 locis
2382 1951 2711 2008 sectaretur,
2759 1941 3085 2015 fugeretque
3131 1944 3375 2001 urbanas

1785 2037 1957 2107 vulgi,
1989 2051 2112 2108 qum
2141 2050 2342 2092 nocere
2370 2049 2748 2105 saepenumero
2782 2035 2983 2100 solent,
3013 2035 3375 2091 consuetudi-

1787 2144 1905 2184 nes.
1943 2127 2000 2183 Si
2037 2128 2225 2200 igitur,
2264 2143 2445 2198 neque
2492 2127 2714 2199 gloriae,
2764 2142 2944 2197 neque
2979 2127 3379 2198 pecuniarum,

1786 2238 1965 2292 neque
1985 2222 2285 2291 voluptatis
2313 2236 2482 2277 causa
2513 2220 2772 2276 docuisse
2801 2220 2954 2275 illum
2979 2228 3218 2285 constat,
3249 2221 3379 2291 quis

1785 2322 2048 2382 praeterea
2075 2320 2330 2383 superest
2368 2313 2658 2367 calumnia:
2691 2316 2867 2376 locus,
2899 2326 3007 2383 qua
3036 2320 3096 2366 ut
3117 2311 3379 2381 deceptor

1786 2420 1853 2460 ac
1895 2406 2266 2476 praestigiator
2296 2404 2625 2461 accusetur?
2656 2402 2762 2460 Sed
2796 2405 2911 2460 haec
2950 2420 3171 2475 quoque
3194 2404 3379 2460 videa-

1785 2513 2152 2570 mus,qua:so.
2180 2497 2310 2554 Item
2342 2498 2711 2569 praestigiator
2738 2497 2830 2552 ubi
2864 2496 3001 2552 alios
3032 2512 3132 2553 sua
3165 2495 3376 2551 malitia

1786 2603 2155 2674 imbuit,quos
2176 2603 2396 2659 tandem
2429 2604 2576 2659 viros
2604 2604 2728 2658 illos
2760 2602 2981 2658 reddit?
3013 2602 3207 2659 Nonne
3232 2618 3373 2673 prae-

1785 2697 2119 2768 stigiatores,
2150 2696 2492 2759 seductores,
2523 2696 2817 2760 veneficos,
2854 2695 2958 2750 sibi
2986 2696 3089 2769 ipsi
3114 2696 3374 2750 omnibus

1785 2806 1906 2861 quae
1924 2796 2085 2861 agant
2112 2789 2361 2846 similes?
2388 2788 2524 2855 Quis
2553 2789 2722 2859 igitur
2752 2803 2992 2859 unquam
3025 2803 3189 2842 omne
3213 2787 3377 2843 Chri-

1786 2886 2091 2941 stianorum
2118 2898 2293 2953 genus
2324 2882 2470 2953 quod
2504 2884 2573 2938 ab
2613 2883 2761 2938 illius
2794 2882 3044 2938 doctrina
3067 2878 3373 2957 profectum

1783 2983 1889 3038 est,
1915 2984 2008 3029 aut
2038 2973 2333 3044 praestigiis
2358 2982 2538 3039 utens,
2563 2982 2657 3027 aut
2684 2972 2964 3029 veneﬁciis
2981 2970 3380 3042 deprehendit?

1788 3068 1948 3138 127
1982 3065 2158 3121 Nemo
2181 3066 2399 3136 quidem
2428 3067 2531 3121 hoc
2558 3066 2758 3121 dixerit
2790 3084 2805 3119 :
2835 3072 2890 3118 at
2918 3074 3133 3124 contra,
3161 3063 3378 3118 incum-

1704 3177 1746 3234 ρ
1782 3160 1918 3215 hens
1957 3161 2011 3215 in
2043 3173 2328 3214 sermones
2351 3167 2733 3229 praeceptaque
2762 3157 3063 3227 sapientiae,
3096 3171 3231 3212 sane
3276 3154 3379 3210 de-

1783 3250 2083 3323 preltendet
2109 3250 2203 3320 qui
2234 3251 2403 3317 volet,
2434 3259 2494 3306 ut
2537 3249 2980 3306 demonstratum
3008 3256 3112 3304 est.
3134 3247 3239 3314 Qui
3272 3247 3381 3317 igi-

1782 3356 1872 3402 tur
1900 3348 2025 3402 aliis
2073 3361 2278 3402 severae
2329 3354 2604 3418 castaeque
2625 3346 2773 3414 vitae,
2805 3361 2870 3400 ac
2901 3359 3129 3401 summae
3153 3345 3377 3415 pietatis

1782 3446 1975 3493 auctor
1991 3438 2226 3502 exstitit,
2255 3438 2510 3509 quisnam
2542 3437 2741 3493 merito
2765 3436 3104 3499 censebitur,
3124 3435 3233 3491 nisi
3253 3435 3374 3505 phi-

1782 3529 2139 3600 losophorum
2200 3529 2437 3600 primus,
2491 3537 2545 3584 et
2573 3528 2796 3599 pietatis
2833 3527 3227 3598 religionisque
3252 3540 3372 3579 ma-

1780 3622 1987 3694 gister?
2014 3621 2285 3693 siquidem
2317 3622 2366 3677 is
2393 3620 2488 3692 qui
2513 3620 2695 3685 docet,
2730 3620 2943 3690 absque
2990 3617 3375 3675 controversia

1782 3715 2129 3786 praestantior
2158 3729 2323 3785 quam
2347 3714 2383 3768 ii
2407 3712 2500 3784 qui
2523 3711 2812 3767 docentur.
2843 3709 3209 3782 Philosophus
3240 3724 3376 3781 ergo

1781 3836 2015 3891 vereque
2055 3821 2202 3890 pius,
2226 3833 2500 3890 nusquam
2522 3832 2656 3873 vero
2705 3816 2965 3872 seductor
2986 3854 3002 3880 ,
3036 3822 3133 3869 aut
3156 3814 3373 3886 praesti-

1779 3913 2080 3985 giatordici
2129 3912 2331 3983 poterit
2368 3897 2623 3965 Salvator
2653 3924 2718 3964 ac
2748 3907 3016 3963 Dominus
3051 3917 3256 3962 noster.
3310 3905 3372 3961 Si

1780 4007 1951 4077 igitur
2001 4005 2129 4060 talis
2190 4004 2295 4060 fuit
2336 4003 2551 4075 qualem
2589 4001 2957 4065 ostendimus,
3009 4014 3118 4069 qua
3148 3999 3372 4054 tandem

1781 4097 1888 4151 alia
1912 4098 2125 4152 ratione
2153 4096 2420 4151 miracula
2462 4093 2705 4150 edidisse
2734 4092 2883 4149 credi
2913 4098 3116 4163 potest,
3152 4091 3261 4146 nisi
3283 4091 3371 4145 di-

1780 4191 1904 4246 vina
1931 4191 2167 4261 quadam
2191 4189 2464 4259 nobisque
2509 4188 2695 4258 ignota
2744 4185 2971 4248 virtute,
3001 4198 3372 4256 supremaque

1778 4299 1906 4356 erga
1936 4284 2103 4339 Deum
2136 4283 2380 4338 universi
2411 4281 2645 4351 pietate?
2678 4278 2851 4346 Quem
2876 4276 3024 4348 quod
3057 4284 3116 4331 ut
3155 4276 3373 4333 Patrem

1777 4383 2136 4433 veneraretur
2161 4383 2217 4431 et
2242 4375 2469 4439 coleret,
2504 4380 2731 4443 apparet
2747 4386 2814 4425 ex
2842 4369 2915 4424 iis
2942 4369 2999 4423 in
3021 4367 3216 4439 primis
3239 4382 3369 4438 qua:

1779 4468 1965 4524 deillo
1991 4468 2208 4524 locutus
2255 4473 2360 4522 est.
2408 4464 2645 4519 Tantum
2680 4477 2812 4533 ergo
2841 4460 3018 4525 abest,
3049 4465 3111 4514 ut
3157 4459 3251 4530 qui
3290 4458 3371 4512 illi

1781 4564 1851 4618 ab
1871 4560 2029 4617 initio
2075 4560 2424 4615 adhaeserunt
2460 4554 2742 4626 discipuli,
2789 4561 2842 4609 et
2878 4553 2971 4624 qui
2998 4550 3230 4623 posthac
3258 4548 3373 4604 illis

1778 4652 2066 4723 discipulis
2097 4665 2441 4714 successere,
2483 4648 2552 4702 ab
2586 4647 2807 4702 illorum
2850 4640 3249 4703 consuetudine
3282 4640 3371 4694 in-

1779 4758 2021 4823 formati,
2060 4772 2243 4830 pravae
2271 4756 2434 4811 alicui
2457 4762 2550 4809 aut
2574 4751 2899 4824 perniciosae
2941 4747 3244 4817 suspicioni
3269 4745 3369 4800 ob-

1776 4853 1928 4908 noxii
1960 4850 2196 4908 habendi
2226 4851 2373 4914 sint,
2402 4856 2461 4903 ut
2487 4863 2558 4903 ne
2581 4844 2977 4917 aegrotantibus
3005 4839 3226 4912 quidem
3251 4854 3372 4910 per-

1777 4946 2016 5010 mittant,
2040 4944 2203 5001 sicuti
2241 4942 2414 4997 multa
2458 4939 2614 4994 multi
2645 4938 2860 4994 eﬂicere
2903 4940 3179 4991 conantur
3203 4971 3220 4995 ,
3274 4939 3368 4984 aut

1778 5037 2035 5094 foliorum
2066 5033 2523 5105 inscriptionibus
2546 5072 2562 5097 ,
2605 5027 3124 5101 colligationibusve
3148 5025 3252 5089 uti,
3272 5031 3369 5078 aut

1776 5147 1872 5189 eos
1903 5132 1999 5203 qui
2030 5147 2090 5187 se
2118 5130 2498 5185 incantaturos
2560 5125 2890 5196 proﬁtentur
2931 5119 3236 5181 attendere,
3272 5122 3368 5185 aut

1774 5223 2025 5280 radicum
2070 5222 2479 5290 herbarumque
2539 5212 3078 5285 suﬂ'umigationibus
3110 5249 3125 5274 ,
3173 5209 3368 5265 aliisve

1775 5316 2021 5387 ejusdem
2053 5312 2270 5384 generis
2294 5309 2602 5372 nonnullis,
2632 5306 2874 5361 medelas
2903 5303 3007 5358 sibi
3045 5301 3364 5357 morborum

1775 5408 2062 5465 sullicere:
2096 5406 2215 5460 haec
2251 5415 2490 5471 namque
2537 5399 2723 5454 omnia
2769 5411 2800 5450 a
2853 5393 3064 5450 Christi
3114 5390 3366 5446 doctrina

1773 5501 2001 5556 exclusa
2048 5502 2427 5563 sunt:neque
2476 5502 2722 5561 unquam
2771 5485 2977 5542 intueri
3016 5482 3170 5538 licuit
3203 5479 3369 5536 Chri-

1774 5591 2022 5649 stianum
2075 5587 2171 5660 qui
2201 5585 2551 5657 colligatione
2602 5590 2870 5646 uteretur,
2902 5592 3084 5648 neque
3134 5571 3365 5644 magicis

1771 5681 2186 5761 nugationibus,
2207 5694 2385 5753 neque
2408 5677 2665 5735 foliorum
2688 5670 3049 5748 quorumdam
3073 5663 3365 5723 laboriosis
