3828 6216
414 276 524 334 221
1055 273 1328 330 EUSEBll
1367 270 1849 334 CzESARlENSlS
1888 271 2042 330 OPP.
2088 269 2290 328 PARS.
2334 268 2403 325 ll.
2442 300 2514 310 -—-
2553 267 3060 328 APOLOGETICA.
3597 274 3709 334 2'28

412 395 897 467 inscriptionibus,
941 410 1123 464 neque
1169 395 1382 450 ca‘teris
1428 394 1726 457 similibus,
1768 407 1924 462 quor:

2195 390 2331 442 ένον.
2383 388 2444 440 El
2479 387 2536 440 δὲ
2569 387 2743 450 οὐδεὶς
2794 385 3016 440 πώποτε
3060 385 3170 442 τῶν
3216 387 3340 441 καθ’
3385 389 3534 459 ἡμᾶς
3580 390 3707 445 οὔτε

407 505 576 544 usum
609 488 1008 543 indifferentem
1041 486 1287 556 plerique
1339 486 1682 540 arbitrantur
1717 483 1916 554 ιιιυωί

2195 500 2221 533 ν
2263 478 2507 532 παλαιῶν
2539 479 2762 531 ἐκείνων
2810 479 2904 531 τοῦ
2945 477 3120 548 Ἰησοῦ
3164 477 3423 550 μαθητῶν
3450 481 3707 552 γοητείας

414 590 505 634 tur
527 595 766 652 unquam
798 579 938 634 ratio
959 580 1270 641 convincet,
1302 587 1360 632 ut
1384 578 1476 646 qui
1500 577 1626 631 talis
1654 581 1923 645 praecepto

2194 590 2249 634 uo,
2279 569 2402 623 οὐδὲ
2432 572 2461 623 6
2493 568 2823 632 Διδάσκαλος
2849 565 2920 640 ἦν
2957 569 3067 641 ἄρα
3091 569 3351 634 τοιοῦτος.
3379 570 3494 624 Ἵνα
3534 572 3594 626 δὲ
3627 576 3706 644 μὴ

412 674 671 743 discipuli
701 672 928 736 fuerint,
957 669 1373 740 pratstigiatoris
1402 675 1498 722 aut
1541 665 1860 736 inipostoris
1911 681 1924 717 ι

2203 659 2466 731 ἀγράφων
2498 659 2528 710 6
2554 657 2710 725 λόγος
2743 656 2900 728 ἡμῶν
2926 657 3120 722 ὁδεύοι,
3154 659 3312 730 δέχου
3354 659 3455 724 τὰς
3488 662 3708 716 ἀποδεί-

411 763 611 831 scipuli
644 762 816 818 fuisse
833 759 1186 831 judicenlur?
1204 759 1356 829 atqui
1385 759 1566 828 qualis
1590 758 1661 812 sit
1678 757 1856 810 omnis
1882 772 1923 825 q‘

1590 758 1661 812 sit
1678 757 1856 810 omnis
1882 754 2006 825 qui-
2117 752 2226 817 ξεις
2253 753 2348 806 καὶ
2373 750 2483 807 ἀπὸ
2510 750 2752 822 ἱστορίας
2778 750 3080 822 ἐγγράφου.

405 875 628 929 cunque
665 857 869 928 aliquid
896 857 1236 928 proﬁteatur,
1262 857 1413 910 nulla
1442 871 1531 910 res
1579 853 1890 919 evidentius
1942 849 2284 921 probaverit,
2337 863 2505 919 quam
2556 847 2956 918 discipulorum
3004 846 3350 904 consuetudo
3407 865 3424 903 :
3482 863 3613 903 nam
3656 851 3706 906 si

405 953 512 1006 viri
546 951 657 1006 sint
697 951 908 1004 artibus
942 957 997 1005 ct
1050 949 1304 1004 scientiis
1351 947 1588 1018 praediti,
1625 945 1874 1017 profecto
1899 944 1996 1014 qui
2037 944 2175 1014 ipsis
2219 941 2495 1012 ejusmodi
2531 942 2736 994 artium
2761 947 2818 995 et
2866 939 3226 996 scientiarum
3274 948 3468 996 auctor
3510 941 3705 1008 fuerit,

406 1059 532 1098 eum
568 1043 727 1113 longe
777 1057 838 1097 se
887 1041 1023 1111 ipsis
1095 1043 1531 1112 praestantiorem
1593 1039 1764 1096 fuisse
1825 1037 2306 1093 demonstrabunt.
2369 1034 2618 1106 Exempli
2665 1034 2876 1106 gratia,
2912 1035 3005 1104 qui
3034 1035 3359 1090 medicinam
3411 1034 3481 1090 ab
3517 1036 3710 1106 aliquo

406 1139 737 1203 didicerunt,
805 1139 1142 1194 excellentiae
1194 1139 1552 1208 praeceptoris
1586 1138 1639 1190 in
1670 1136 1764 1191 tali
1785 1134 2076 1206 disciplina
2115 1141 2284 1189 testes
2334 1133 2517 1188 idonei
2554 1133 2790 1188 habendi
2839 1140 2987 1200 sunt,
3033 1133 3128 1203 qui
3159 1148 3288 1188 vero
3321 1135 3706 1204 geometriam,

405 1235 615 1288 nullum
647 1234 815 1287 alium
840 1249 898 1288 se
927 1233 1187 1288 habuisse
1241 1233 1370 1288 talis
1390 1233 1695 1304 disciplinae
1752 1232 2076 1303 magistrum
2117 1215 2281 1301 quam
2310 1238 2643 1301 geometram
2681 1230 2990 1300 probabunt
3015 1247 3030 1295 ;
3054 1245 3155 1286 nec
3185 1245 3316 1285 vero
3366 1231 3708 1287 arithmetici

405 1326 572 1380 alium
609 1341 773 1396 quam
838 1325 1246 1380 aritlimeticum
1279 1325 1507 1381 :eadem
1560 1327 1794 1390 ratione,
1829 1325 2067 1395 aliquem
2108 1325 2279 1380 fuisse
2311 1325 2666 1395 impostorem
2701 1324 2891 1393 optimi
2930 1337 3063 1377 sane
3093 1331 3264 1378 testes
3300 1323 3537 1380 habendi
3571 1335 3710 1380 sunt

402 1417 498 1488 qui
556 1417 624 1472 ab
681 1417 775 1472 illo
831 1417 1143 1484 didicerint,
1209 1426 1262 1473 et
1295 1420 1386 1489 qui
1450 1420 1698 1474 eamdem
1733 1435 1858 1475 cum
1923 1435 2025 1474 suo
2064 1425 2401 1488 praeceptore
2467 1426 2639 1472 artem
2672 1425 2984 1472 exerceant.
3027 1416 3188 1485 128
3243 1414 3348 1472 Sed
3375 1419 3564 1472 nullus
3600 1419 3708 1474 ad-

401 1511 512 1568 huc
535 1513 593 1566 in
625 1522 734 1566 tam
780 1515 970 1570 multis
1025 1515 1190 1570 annis
1255 1515 1562 1583 discipulus
1602 1513 1732 1570 Jesu
1763 1514 2129 1586 prmstigiator
2181 1514 2457 1584 apparuit,
2526 1515 2745 1568 tametsi
2795 1513 2849 1566 in
2881 1511 3115 1569 diversis
3149 1513 3487 1583 temporibus
3519 1521 3578 1568 et
3609 1528 3705 1570 re-

411 1624 508 1678 ges
540 1621 592 1664 et
615 1609 874 1679 praesides
904 1626 1001 1679 per
1049 1619 1320 1666 tormenta
1396 1612 1664 1682 quidquid
1701 1611 1768 1664 ad
1841 1628 1943 1666 nos
2004 1611 2263 1682 pertinet,
2295 1609 2717 1680 diligentissime
2741 1608 3140 1679 exquisiverint
3167 1622 3179 1657 :
3212 1608 3290 1661 ita
3312 1623 3476 1678 porro
3506 1609 3706 1664 nullus

400 1704 768 1774 praestigiator
803 1704 926 1768 fuit,
960 1713 1020 1758 ut
1051 1705 1186 1759 liber
1207 1705 1598 1774 dimitteretur,
1634 1715 1798 1776 atque
1829 1716 1984 1762 extra
2019 1721 2182 1761 omne
2216 1707 2524 1776 periculum
2558 1706 3009 1769 constitueretur,
3063 1703 3158 1774 qui
3192 1705 3354 1759 modo
3418 1704 3490 1761 ab
3558 1705 3704 1776 ipsis

399 1805 624 1852 coactus
673 1806 819 1852 esset
857 1799 1102 1868 ipsorum
1161 1799 1272 1853 ritu
1325 1801 1664 1856 sacriﬁcare.
1703 1801 1860 1867 Quod
1890 1803 1934 1857 si
1984 1801 2169 1856 nullus
2229 1814 2470 1870 unquam
2514 1807 2854 1867 nostrorum,
2896 1809 3005 1854 tam
3043 1799 3261 1854 illorum
3303 1814 3442 1869 quos
3476 1798 3585 1868 ipsi
3615 1798 3709 1852 vi-

399 1892 529 1948 dere
565 1894 864 1964 potuimus,
911 1909 1073 1964 quam
1117 1895 1335 1950 illorum
1397 1898 1491 1968 qui
1533 1898 1812 1968 quondam
1847 1899 2020 1968 ipsius
2057 1895 2188 1952 Jesu
2226 1895 2484 1967 discipuli
2551 1895 2796 1962 fuerunt,
2837 1895 3088 1952 veneﬁcii
3141 1904 3236 1952 aut
3285 1895 3699 1967 praestigiarum

399 1986 693 2042 damnatus
741 1996 852 2052 est,
887 2005 1015 2059 ergo
1058 2005 1126 2044 ne
1155 1989 1466 2060 Prmceptor
1520 1992 1741 2061 quidem
1774 1993 1896 2046 talis
1955 1991 2076 2047 fuit.
2115 1991 2387 2046 Cancrum
2411 2005 2480 2045 ne
2507 1990 2686 2046 omnis
2714 1997 2904 2046 nostra
2927 1992 3124 2055 oratio,
3153 2005 3220 2046 ex
3250 1991 3540 2047 rcbusnon
3554 1991 3704 2046 scri-

400 2086 508 2151 ptis
539 2084 939 2152 proﬁciscatur,
966 2085 1252 2142 videamus
1283 2087 1412 2141 item
1457 2087 1588 2157 quid
1651 2087 1989 2158 probationis
2029 2089 2098 2144 ab
2123 2087 2354 2142 historia
2379 2101 2502 2156 qua:
2542 2085 2741 2141 litteris
2771 2087 3106 2150 continetur,
3129 2085 3254 2140 elici
3277 2087 3476 2155 possit.

473 2175 642 2230 Primi
677 2177 842 2246 igitur
883 2178 1058 2247 ipsius
1099 2177 1229 2233 Jcsu
1277 2178 1556 2250 discipuli,
1609 2181 1666 2235 in
1715 2181 1856 2235 libro
1901 2183 1985 2251 qui

2188 2183 2236 2235 )i
2261 2180 2325 2252 δὴ
2350 2179 2557 2250 πρῶτοι
2586 2177 2681 2232 τοῦ
2724 2178 2902 2249 Ἰησοῦ
2939 2177 3177 2250 μαθηταὶ
3199 2179 3258 2230 ὲν
3291 2181 3356 2249 τῇ
3388 2177 3556 2249 βίϐλῳ
3584 2177 3700 2232 τῶν

398 2268 536 2322 Acta
587 2268 828 2337 ipsorum
862 2269 1128 2333 continet,
1189 2281 1602 2335 memorantur,
1637 2289 1910 2343 quosetth

2189 2291 2248 2325 ον
2291 2270 2545 2341 πράξεων
2593 2269 2931 2342 ἱστοροῦνται
2977 2271 3106 2332 τοὺς
3151 2269 3212 2332 ἐξ
3240 2268 3410 2322 ἐθνῶν
3447 2272 3514 2340 τῇ
3549 2269 3701 2324 διδα-

398 2377 464 2415 ex
497 2361 750 2445 gentibus
786 2361 840 2414 in
877 2377 1036 2416 suam
1095 2362 1446 2433 disciplinam
1476 2366 1813 2436 acciperent,
1867 2383 1990 2422 cum

397 2469 589 2510 eorum
610 2453 856 2523 plerique
887 2457 1117 2513 crimine
1170 2461 1573 2530 prmstigiarum
1635 2461 1869 2519 infames
1899 2478 1994 2516 es-

400 2552 550 2607 sent,
582 2545 635 2598 in
653 2544 901 2601 diversos
935 2563 1113 2602 mores
1165 2547 1302 2604 adeo
1361 2561 1752 2619 commutasse,
1784 2561 1845 2606 ut
1873 2553 1995 2607 ausi

397 2637 510 2691 sint
543 2653 683 2708 quos
712 2638 881 2694 libros
913 2639 1022 2694 illis
1061 2641 1493 2708 interdixissent,
1520 2645 1576 2700 in
1601 2645 1838 2701 medium
1868 2661 1994 2715 pro-

393 2725 563 2793 ferre,
595 2739 649 2785 et
685 2731 740 2785 in
771 2741 1068 2802 conspectu
1107 2736 1351 2789 omnium
1381 2737 1725 2792 comburere.
1787 2737 1994 2790 Audia-

398 2835 525 2875 mus
559 2821 744 2893 itaque
796 2824 927 2893 quid
970 2823 1258 2896 Scriptura
1317 2828 1410 2882 illa
1463 2831 1764 2884 contineat.
1798 2849 1813 2880 ι
1839 2829 1993 2883 Multi

397 2922 580 2970 autem
608 2931 799 2971 eorum
847 2916 942 2985 qui
1006 2917 1224 2972 fuerant
1248 2920 1471 2974 curiosa
1525 2921 1744 2986 sectati,
1793 2933 1994 2978 contu-

393 3003 575 3060 lerunt
604 3005 793 3071 libros,
813 3016 867 3063 et
905 3009 1328 3066 combusserunt
1354 3027 1450 3066 eos
1483 3027 1670 3066 coram
1700 3014 1980 3080 omnibus,

395 3104 449 3151 ct
473 3099 804 3166 computatis
834 3099 1027 3168 pretiis
1054 3101 1292 3165 illorum,
1337 3105 1668 3158 invenerunt
1699 3107 1987 3174 pecuniam

2100 2362 2298 2432 σκαλία
2333 2361 2514 2416 αὐτῶν
2553 2361 2899 2430 προσιόντας,
2931 2360 3074 2414 ὥστε
3100 2360 3328 2423 πολλοὺς
3359 2359 3468 2414 τῶν
3497 2362 3701 2433 πρότε-

2099 2472 2193 2525 ρον
2229 2455 2358 2525 περ)⁸
2381 2454 2637 2525 γοητείαν
2669 2453 3112 2525 διαϐεϐλημένων
3135 2455 3215 2518 είς
3243 2452 3493 2507 τοσοῦτον
3524 2471 3698 2524 μετα-

2095 2545 2281 2599 ϐαλεῖν
2309 2545 2401 2598 τὸν
2429 2545 2637 2598 ἑαυτῶν
2665 2545 2887 2616 τρόπον,
2913 2547 2989 2608 ὡς
3013 2547 3094 2608 είς
3123 2545 3288 2616 μέσον
3317 2546 3698 2616 ἀγαγείνπολ-

2099 2640 2270 2710 μῆσαι
2296 2638 2396 2702 τὰς
2435 2639 2894 2710 ἀπηγορευμένας
2939 2638 3175 2708 βίϐλους,
3201 2640 3299 2692 καὶ
3347 2641 3558 2705 ταύτας
3607 2644 3702 2696 ἐν-

2101 2729 2274 2783 ώπιον
2292 2730 2511 2784 πάντων
2543 2732 2676 2802 πυρὶ
2703 2729 3062 2802 παραδοῦναι.
3105 2732 3437 2789 Ἐπάκουσον
3459 2733 3515 2787 δέ
3543 2735 3698 2798 ὅπως

2095 2823 2128 2893 ἡ
2174 2821 2362 2892 γραφὴ
2417 2822 2701 2894 περιέχει·
2740 2841 2763 2870 ι
2822 2823 3018 2876 Ἱκανοὶ
3065 2821 3122 2875 δὲ
3166 2823 3273 2877 τῶν
3305 2823 3376 2878 τὰ
3419 2825 3694 2898 περίεργα

2094 2914 2442 2984 πραξάντων,
2471 2914 2980 2982 συνεισενέγκαντες
3003 2914 3103 2980 τὰς
3128 2916 3366 2986 βίϐλους,
3394 2919 3696 2971 κατέκαιον

2092 3003 2322 3058 ἐνώπιον
2351 3004 2590 3070 πάντων,
2626 3005 2719 3056 καὶ
2756 3003 3129 3074 συνεψήφισαν
3158 3005 3258 3070 τὰς
3285 3005 3455 3078 τιμὰς
3482 3007 3691 3068 αὐτῶν,

2093 3097 2188 3150 καὶ
2232 3090 2394 3168 εὗρον
2431 3095 2698 3167 ἀργυρίου
2751 3095 3018 3167 μυριάδας
3047 3097 3228 3152 πέντε.
3269 3117 3287 3151 ι
3338 3099 3588 3153 Τοιοῦτοι
3625 3100 3692 3172 δή

394 3184 744 3241 denariorum
777 3189 1174 3259 quinquaginta
1213 3191 1445 3245 millium
1479 3193 1525 3224 ⁷⁹
1557 3211 1570 3246 :
1603 3211 1622 3244 ι
1662 3195 1799 3248 tales
1857 3210 1906 3250 sa

2179 3206 2236 3252 ες
2263 3190 2313 3241 oi.
2347 3188 2442 3240 τοῦ
2473 3188 2727 3260 Σωτῆρος
2759 3187 2918 3258 ἡμῶν
2953 3189 3190 3260 μαθηταὶ
3213 3189 3484 3263 τοσαύτην
3525 3192 3691 3246 δύνα-

393 3285 554 3330 crant
586 3277 888 3334 Salvator-is
914 3282 1089 3335 nOStri
1122 3283 1400 3353 discipuli,
1433 3291 1694 3356 tantaque
1722 3287 1905 3342 oratio:

2183 3297 2189 3326 ι
2216 3281 2589 3352 προφέροντες
2622 3279 2797 3347 λόγων
2837 3282 2896 3333 ἐν
2925 3285 3047 3347 ταῖς
3073 3284 3212 3354 πρὸς
3241 3285 3366 3347 τοὺς
3394 3285 3695 3356 ἀκροωμέ-

393 3383 586 3422 eorum
614 3371 695 3425 vis
728 3381 865 3434 erat,
892 3387 1016 3426 cum
1070 3389 1202 3429 suns
1243 3374 1520 3432 auditores
1551 3378 1905 3448 alloquerentl

2188 3390 2214 3436 ς
2243 3373 2505 3442 ὁμιλίαις,
2529 3371 2604 3435 ὡς
2628 3371 3003 3426 καθικνεῖσθαι
3031 3374 3125 3427 τοῦ
3151 3375 3347 3446 βάθους
3377 3376 3480 3447 τῆς
3511 3378 3695 3448 ψυχῆς

395 3467 457 3514 ut
480 3459 704 3516 intimas
752 3463 920 3517 animi
971 3474 1546 3535 partespenetrarent,
1593 3478 1907 3542 tangerentq

2181 3466 2292 3531 :th,
2338 3467 2716 3522 καθάπτεσθαί
2755 3485 2815 3521 τε
2858 3467 2952 3520 καὶ
2991 3467 3314 3540 τιτρώσκειν
3357 3469 3419 3522 τὸ
3454 3471 3693 3524 ἑκάστου

393 3563 464 3603 ac
510 3551 867 3606 vulnerarent
917 3553 1357 3624 uniuscujusque
1397 3558 1794 3612 conscientiam
1829 3558 1905 3612 ade

2181 3560 2355 3625 ρειδδς,
2385 3561 2461 3624 ὡς
2492 3562 2690 3632 μηκέτι
2722 3562 2935 3630 στέγειν
2969 3563 3440 3634 ἀποκρύπτοντες,
3471 3567 3557 3629 εἰς
3584 3584 3693 3634 φας

393 3650 456 3697 ut
479 3659 640 3698 nemo
668 3645 903 3714 amplius
921 3646 1200 3700 occultare
1236 3655 1444 3716 posset,
1480 3648 1577 3704 sed
1608 3652 1905 3722 unusquisq

2182 3653 2248 3706 ›ὸν
2293 3653 2350 3707 δὲ
2396 3654 2552 3723 ἄγειν
2595 3655 2665 3709 τά
2713 3655 3027 3727 ἀπόρρητα,
3073 3656 3331 3726 ἐλέγχους
3380 3674 3443 3711 τε
3487 3659 3694 3724 αὐτοὺς

393 3735 453 3790 in
482 3743 730 3806 apertum
756 3739 1044 3806 proferret,
1083 3740 1129 3794 si
1166 3739 1328 3810 cujus
1374 3741 1562 3795 arcani
1593 3744 1849 3798 conscius
1881 3761 1905 3800 s

2182 3745 2298 3798 >1:th
2330 3745 2424 3799 καὶ
2453 3748 2553 3818 τῆς
2587 3747 2862 3818 προτέρας
2890 3748 3070 3802 αὐτῶν
3100 3749 3402 3821 μοχθηρίας
3432 3751 3694 3822 ἀπεργά-

391 3835 561 3891 esset,
594 3827 941 3898 iudicemque
987 3846 1212 3885 suorum
1265 3847 1388 3902 quae
1436 3833 1588 3902 prius
1619 3835 1899 3890 commisis

2182 3836 2311 3890 θαι·
2348 3837 2581 3891 τοιοῦτοι
2621 3839 2679 3892 δὲ
2717 3840 2809 3893 καὶ
2833 3841 2884 3892 οἱ
2915 3839 3052 3910 πρὸς
3082 3840 3263 3893 αὐτῶν
3306 3840 3694 3912 μαθητευόμε-

393 3918 752 3990 ﬂagitiorum,
787 3922 1030 3993 seipsum
1084 3934 1408 3995 praestaret:
1439 3927 1577 3982 tales
1623 3927 1753 3983 item
1793 3930 1886 4000 qui

2180 3929 2457 4003 ,καθαροὶ
2506 3933 2602 3986 καὶ
2650 3934 2863 4003 γνήσιοι
2907 3933 3009 3997 τὰς
3057 3932 3350 4000 διαθέσεις,
3393 3935 3470 3999 ὡς
3516 3935 3692 4006 μηδὲν

394 4013 505 4067 illis
529 4013 764 4067 instituti
792 4023 939 4080 sunt,
973 4017 1127 4084 puris
1160 4017 1369 4087 utique,
1409 4019 1753 4090 sincerisque
1786 4023 1906 4076 anin

2180 4020 2320 4075 >υλον
2362 4023 2420 4076 ἐν
2468 4023 2651 4087 αὐτοῖς
2688 4023 2994 4089 λανθάνειν,
3027 4023 3453 4094 ἐνσεμνύνεσθαι
3487 4024 3547 4077 δὲ
3591 4027 3692 4079 καὶ

392 4105 628 4174 ρι’ωιιίῑί,
667 4113 726 4159 ιιι
761 4105 897 4160 nihil
944 4107 1000 4160 in
1052 4107 1162 4162 illis
1209 4108 1474 4174 simulati,
1527 4116 1620 4163 aut
1654 4110 1900 4167 fraudule

2250 4114 2562 4185 ησιάζεσθαι
2593 4116 2688 4168 ἐπὶ
2718 4118 2784 4186 τῇ
2817 4115 2925 4169 τῶν
2951 4116 3277 4187 κρειττόνων
3304 4115 3412 4170 ἀπὸ
3437 4116 3548 4170 τῶν
3579 4134 3693 4189 χει-
3757 4189 3762 4194 ι

393 4194 590 4250 lateret
626 4215 638 4249 :
676 4195 774 4252 sed
802 4204 994 4252 contra
1043 4200 1227 4268 potius
1281 4199 1386 4269 ipsi
1444 4201 1748 4257 mutatione
1771 4218 1800 4256 a
1830 4203 1905 4258 del

2177 4222 2258 4257 ’ων
2304 4205 2595 4278 μεταϐολῇ.
2647 4207 2710 4260 Οἱ
2758 4206 2820 4277 δὴ
2874 4203 2967 4260 οὖν
3017 4209 3152 4279 πυρὶ
3201 4207 3540 4279 παραδόντες
3583 4211 3689 4273 τὰς

392 4290 541 4345 riore
563 4289 673 4344 vita
692 4291 759 4346 ad
789 4292 1094 4357 meliorem,
1126 4292 1494 4362 gloriarentur
1540 4302 1704 4365 atque
1741 4297 1904 4351 conﬁt

2179 4296 2336 4365 γικὰς
2381 4297 2619 4368 βίϐλους,
2655 4298 2750 4353 καὶ
2783 4300 3020 4370 παντελῆ
3053 4300 3261 4372 φθορὰν
3300 4300 3481 4353 αὐτῶν
3509 4301 3691 4372 ψηφι-

393 4389 546 4436 rcnt:
579 4383 670 4453 qui
704 4384 872 4454 igitur
902 4385 1149 4455 magicos
1180 4385 1352 4441 libros
1384 4386 1770 4454 incenderunt,
1804 4400 1859 4445 et
1888 4409 1905 4446 ι

2178 4407 2340 4456 ιενοι,
2375 4390 2492 4454 πῶς
2531 4392 2634 4445 οὐκ
2680 4392 2748 4445 ἂν
2792 4390 2903 4445 εἷεν
2938 4391 3195 4464 πρόδηλοι
3228 4394 3340 4456 τοῖς
3369 4394 3562 4454 πᾶσιν,
3603 4395 3690 4450 ὅτι

392 4481 607 4528 lernam
657 4476 873 4531 illorum
929 4477 1294 4547 perditionem
1348 4479 1568 4548 publico
1612 4480 1822 4550 judicio
1882 4499 1904 4538 s

2177 4482 2361 4554 Βεμίαν
2425 4483 2601 4554 ἔχοιεν
2655 4469 2748 4538 τοῦ
2792 4483 2981 4538 λοιποῦ
3028 4486 3158 4558 περὶ
3200 4485 3456 4556 γοητείαν
3513 4503 3689 4540 σπου-

393 4568 840 4636 comprobarunt,
874 4583 976 4622 cur
1008 4584 1117 4622 non
1146 4567 1215 4623 de
1238 4570 1439 4639 seipsis
1469 4572 1610 4641 apud
1640 4588 1832 4630 omnes
1860 4590 1905 4630 Ct

2178 4597 2201 4643 ’,
2256 4578 2488 4651 καθαροὶ
2531 4579 2589 4633 δὲ
2631 4578 2691 4647 ἐξ
2750 4579 2962 4634 ἐκείνου
3009 4581 3190 4651 πάσης
3221 4581 3320 4650 τῆς
3379 4579 3510 4652 περὶ
3562 4582 3690 4635 τοὺ-

393 4659 670 4713 tissimum
711 4663 941 4730 posthac
972 4662 1254 4730 praebeant
1305 4673 1710 4734 argumentum,
1745 4669 1898 4724 nullo

2175 4693 2178 4718 ι
2228 4672 2483 4736 ὑπονοίας
2524 4672 2859 4743 ἐτύγχανονς
2911 4673 3038 4727 Ὅτε
3099 4674 3280 4727 τοίνυν
3338 4673 3388 4726 oi
3441 4674 3687 4744 μαθηταὶ

394 4765 625 4820 prorsus
692 4752 1031 4821 magicarum
1106 4767 1292 4807 rerum
1351 4755 1537 4810 studio
1609 4757 1828 4812 teneri?
1883 4776 1906 4814 s

2171 4763 2177 4811 ἱ
2225 4763 2479 4834 Σωτῆρος
2539 4763 2697 4834 ἡμῶν
2748 4765 3024 4834 πεφήνασι
3073 4763 3360 4832 γεγονότες
3410 4763 3683 4826 τοιούτου,

393 4850 587 4896 contra
620 4844 826 4912 potius,
887 4860 952 4898 cx
1002 4845 1098 4899 illo
1136 4845 1251 4914 jam
1308 4862 1477 4917 puros
1521 4864 1582 4904 se
1618 4865 1763 4916 esse,
1807 4860 1862 4908 et

2174 4871 2202 4917 ς
2241 4854 2303 4906 οὐ
2349 4853 2484 4907 πολὺ
2525 4855 2792 4927 πρότερον
2843 4857 2873 4908 ὁ
2917 4854 3290 4920 Διδάσκαλος;
3339 4855 3404 4909 Εἰ
3436 4855 3495 4909 δὲ
3543 4857 3685 4919 ὅλως

393 4937 544 4990 omni
597 4937 869 5002 ejusmodi
901 4937 1223 5006 suspicione
1281 4941 1564 4996 remotos?
1594 4941 1650 4995 Si
1682 4958 1812 5015 ergo
1859 4945 1905 5016 ja

2171 4947 2190 4999 5
2243 4946 2352 5000 τῶν
2401 4917 2710 5018 γνωρίμων.
2739 4948 2832 5001 τὸν
2864 4949 3198 5019 προστάτην,
3227 4917 3413 5012 όποίός
3474 4965 3562 5013 τις

392 5035 612 5081 constat
667 5027 967 5083 Salvatoris
1028 5031 1206 5085 nostri
1254 5030 1559 5102 discipulos
1613 5036 1750 5092 tales
1807 5054 1903 5095 exs

2171 5039 2261 5092 ili-:1.
2312 5037 2714 5107 διαγινώσκειν,
2778 5043 2922 5112 ἔχεις
2971 5041 3066 5094 τοῦ
3125 5040 3297 5111 Ἰησοῦ
3347 5041 3460 5095 τῶν
3506 5043 3683 5112 λόγων

392 5119 550 5180 tisse,
610 5134 711 5173 cur
769 5135 880 5175 non
931 5121 1048 5191 ipse
1101 5120 1410 5193 Prazceptor
1454 5125 1556 5181 fuit
1604 5128 1776 5184 multo
1811 5137 1904 5183 ant

2170 5129 2334 5202 θητὰς
2366 5131 2534 5184 εἰσέτι
2565 5131 2661 5186 νῦν
2696 5133 2942 5204 μυρίους,
2977 5125 3050 5185 ὧν
3083 5133 3312 5187 πλεῖστα
3343 5133 3446 5205 μὲν
3474 5135 3682 5207 ἀνδρῶν

397 5211 560 5281 129
589 5209 745 5277 Quod
799 5212 846 5268 si
887 5212 955 5268 de
999 5213 1286 5285 discipulis
1315 5218 1533 5286 qualem
1585 5229 1909 5292 praeceptore

2171 5224 2362 5294 γχάνει,
2431 5224 2611 5295 πλήθη
2674 5224 3146 5304 παραταξαμένων
3212 5229 3310 5298 μὲν
3383 5228 3527 5300 πρὸς
3589 5231 3683 5291 τὰς

392 5304 689 5358 habuerint
714 5305 799 5361 vis
832 5323 1189 5379 cognoscere,
1236 5310 1404 5366 habes
1448 5311 1614 5366 hodie
1642 5327 1860 5384 quoque
1889 5315 1902 5368 i

2169 5317 2320 5382 σικάς
2369 5317 2465 5371 τοῦ
2514 5317 2766 5389 σώματος
2814 5320 3028 5389 ἡδονὰς,
3077 5322 3320 5394 ἄτρωτον
3366 5322 3423 5375 δὲ
3458 5323 3558 5378 καὶ
3587 5325 3681 5393 τὴν

393 5397 765 5453 numerabiles
799 5399 1087 5454 verborum
1116 5398 1248 5456 Jesu
1299 5401 1624 5471 discipulos,
1658 5419 1726 5458 ex
1774 5405 1905 5475 quib

2167 5428 2320 5465 ,νοιαν
2354 5412 2550 5476 παντὸς
2582 5414 2808 5485 αἰσχροῦ
2843 5415 3048 5479 πάθους
3081 5414 3461 5484 φυλαξάντων,
3495 5419 3568 5482 οἳ,
3591 5422 3679 5472 καὶ

395 5487 616 5557 plurimi
653 5491 893 5546 virorum
919 5505 1224 5548 conventus
1249 5494 1542 5560 exsistunt,
1567 5495 1660 5565 qui
1696 5505 1810 5550 tum
1843 5513 1907 5553 co

2165 5503 2385 5557 ρπάντα
2432 5503 2544 5573 βίον
2592 5507 2652 5558 ἐν
2700 5506 2997 5578 ἐγκρατείᾳ
3041 5508 3553 5578 καταγηράσαντες,
3586 5511 3677 5577 τῆς

397 5587 484 5634 tra
521 5583 798 5639 naturales
827 5589 1075 5657 corporis
1106 5588 1412 5658 voluptates
1442 5589 1599 5660 quasi
1632 5590 1686 5644 in
1710 5591 1825 5645 acie
1851 5604 1909 5646 co

2179 5594 2286 5650 τῶν
2317 5596 2489 5666 λόγων
2513 5596 2678 5653 αὐτοῦ
2727 5599 2934 5670 τροφῆς
2965 5598 3194 5671 λαμπρὰ
3224 5603 3506 5674 τεκμήρια
3539 5620 3675 5674 παρ·

466 5738 515 5771 ’⁸
533 5739 655 5795 Act.
687 5756 802 5810 xu,
839 5741 923 5799 19.
