3828 6216
140 316 261 375 εει)
1037 306 1695 367 DEMONSTRATIONIS
1728 305 2190 364 EVANGELEC/E
2229 309 2358 366 LIB.
2401 311 2494 367 Ill.
3302 315 3414 373 230

141 435 464 506 εστήσαντο.
516 429 591 483 οὑ
644 427 804 500 μόνον
834 425 891 481 δὲ
927 424 1118 496 ἄνδρες
1155 423 1305 497 παρὰ
1336 422 1486 495 αὑτῷ
1539 422 1723 477 τοῦτον

1835 419 2055 484 sistant,
2094 428 2210 476 tum
2254 431 2490 479 mentem
2536 424 2607 479 ab
2635 423 2786 480 omni
2816 424 2999 484 minus
3026 426 3258 485 honesta
3287 444 3410 500 per-

140 519 499 594 φιλοσοφοῦσι
544 519 637 574 τὸν
675 518 909 590 τρόπον,
973 514 1111 569 ἀλλὰ
1159 516 1255 570 καὶ
1305 513 1578 584 γυναικῶν
1623 512 1723 566 οὑδ¹

1838 513 2154 570 turbatione
2199 515 2591 572 invulneratam
2623 526 2979 586 conservent;
3008 521 3100 590 qui
3124 535 3248 576 cum
3289 538 3408 576 om-

137 618 295 669 ἐστιν
326 614 502 667 εἰπεῖν
523 613 647 664 ὅσαι
670 608 926 681 μυριάδες
946 607 1069 661 καθ’
1101 608 1229 679 ὅλης
1259 607 1359 678 τῆς
1389 606 1731 677 οἰκουμένης,

134 700 232 759 οἷά
278 720 429 766 τινες
479 701 675 773 ἱέρειαι
706 700 801 753 τοῦ
831 698 939 753 τῶν
970 698 1108 753 ὅλων
1140 697 1298 761 Θεοῦ,
1343 695 1442 768 τὴν
1475 695 1737 749 ἀνωτάτω

138 797 340 867 σοφίαν
365 795 774 865 άσπασάμεναι,
807 791 1059 863 οὐρανίου
1091 808 1153 845 τε
1187 789 1378 859 σοφίας
1423 788 1588 862 ἔρωτι
1632 788 1731 861 λη-

137 889 385 958 φθεῖσαι,
418 885 529 942 τῶν
575 884 675 955 μὲν
708 884 910 956 σαρκὸς
942 882 1180 952 ἐγγόνων
1208 881 1503 953 ὴλόγησαν,
1555 880 1733 951 ψυχῆς

134 981 197 1034 δὲ
232 982 415 1035 πᾶσαν
448 976 761 1049 ἐπιμέλειαν
793 977 1166 1046 πεποιηκυῖαι,
1209 974 1339 1037 δλας
1382 972 1553 1037 αὑτὰς
1583 972 1732 1043 αὑτῷ

139 1073 359 1145 σώματι
391 1071 487 1125 καὶ
514 1070 659 1139 ψυχῇ
692 1067 772 1138 τῷ
803 1066 1140 1137 παμϐασιλεῖ
1168 1066 1263 1120 καὶ
1305 1065 1427 1136 Θεῷ
1456 1063 1565 1118 τῶν
1595 1064 1732 1118 ὅλων

135 1160 578 1223 ἀνατεθείκασιν,
610 1157 832 1227 ἁγνείαν
856 1156 1095 1228 παντελῆ
1119 1158 1214 1210 καὶ
1235 1155 1535 1228 παρθενίαν
1557 1156 1731 1227 άσκή-

137 1251 365 1305 σασθαι.
415 1250 553 1302 Ἕνα
594 1248 693 1319 μὲν
737 1243 832 1300 οῦν
880 1246 1174 1318 μηλοϐότον
1224 1246 1589 1302 καταλιπόντα
1631 1247 1730 1317 τὴν

137 1343 340 1397 ἑαυτοῦ
374 1344 557 1414 χώραν
588 1340 863 1412 προφάσει
896 1340 1212 1410 φιλοσοφίας
1238 1339 1460 1409 ἄγουσιν
1496 1334 1599 1395 ὧδε
1630 1341 1730 1394 κά-

136 1434 296 1485 κεῖσε
344 1430 735 1502 περιφέροντες
794 1428 1060 1500 Ἑλλήνων
1118 1430 1324 1493 παῖδες·
1388 1428 1728 1501 Δημόκριτος

136 1524 326 1586 αὐτοῖς
356 1518 511 1586 οὗτος
541 1517 631 1592 ἦν·
666 1523 764 1576 καὶ
793 1521 1020 1593 Κράτης
1062 1517 1143 1585 εἷς
1186 1524 1319 1592 παρ’
1368 1522 1551 1585 αὐτοῖς
1599 1521 1729 1575 θαυ-

137 1612 398 1681 μάζεται,
431 1613 516 1665 ὅτι
548 1611 637 1682 δὴ,
685 1610 786 1682 τὴν
829 1612 1019 1666 οὑσίαν
1063 1610 1375 1665 καταλιπὼν
1417 1614 1531 1676 τοῖς
1573 1612 1726 1666 πολί-

130 1704 456 1767 snguine;
487 1704 698 1768 ἑαυτὸν,
720 1703 944 1775 Κράτης
962 1703 1248 1775 Κράτητα,
1266 1702 1558 1776 ἠλευθέρου
1593 1721 1728 1774 κομ-

1834 622 1959 661 nem
1990 623 2146 663 suam
2173 611 2341 665 vitam
2375 626 2552 681 usque
2585 610 2653 665 ad
2681 620 3014 668 senectutem
3045 613 3411 671 continentis-

1835 699 1974 753 sime
1996 700 2232 770 egerint,
2261 700 2625 759 institutionis
2654 717 2777 772 quae.
2803 703 2872 758 de
2911 703 3096 759 verbis
3128 703 3278 760 illius
3304 707 3407 759 ha-

1832 787 1951 845 beri
1973 791 2165 854 soleat,
2191 792 2497 849 certissima
2526 803 2842 864 argumenta
2863 803 3125 865 praestare
3148 802 3404 866 possunt.

1831 877 2019 951 Neque
2058 883 2162 937 viri
2215 886 2393 940 solum
2435 887 2539 942 sub
2576 887 2670 940 illo
2701 889 2842 943 duce
2890 888 2959 942 ad
2989 888 3136 945 hunc
3178 889 3404 944 modum

1831 974 2306 1045 philosophantur,
2350 978 2445 1034 sed
2494 978 2817 1035 feminarum
2858 995 3076 1051 quoque
3109 987 3191 1036 tor
3231 982 3403 1037 millia

1832 1081 1930 1135 per
1959 1075 2134 1122 totum
2161 1069 2373 1134 orbem,
2420 1078 2481 1124 ut
2512 1086 2675 1141 quam
2705 1072 2876 1126 multa
2910 1073 3022 1127 sint
3064 1087 3174 1126 non
3212 1072 3406 1128 dicen-

1829 1156 1961 1211 dum
1988 1174 2112 1215 esse
2142 1160 2413 1224 videatur,
2442 1176 2564 1231 qua:
2608 1163 2765 1232 quasi
2807 1163 3057 1233 quaedam
3087 1163 3401 1222 sacerdotes

1830 1248 1999 1305 Deum
2021 1251 2261 1308 universi
2285 1253 2547 1319 colentes,
2563 1254 3399 1325 supremamquephilosophiam

1828 1341 2111 1410 amplexae,
2163 1348 2328 1410 atque
2376 1356 2564 1396 amore
2605 1343 2848 1398 crelestis
2891 1346 3172 1415 sapientiai
3204 1357 3396 1415 captaa,

1828 1428 1997 1496 prolis
2029 1427 2250 1496 quidem
2291 1444 2358 1483 ac
2402 1429 2723 1497 liberorum,
2767 1439 2952 1503 utpote
2982 1435 3075 1504 qui
3099 1435 3168 1489 ad
3199 1452 3400 1507 corpus

1827 1516 2158 1586 pertineant,
2193 1519 2398 1573 nullam
2436 1520 2640 1576 habent
2682 1524 2970 1588 rationem,
3001 1526 3237 1580 animam
3268 1542 3399 1584 vero

1827 1607 1975 1661 omni
1996 1607 2277 1678 diligentia
2304 1623 2580 1674 curantes,
2608 1620 2751 1668 totas
2780 1614 2991 1686 seipsas
3017 1617 3137 1686 ipso
3167 1632 3398 1689 corpore

1828 1706 1993 1768 atque
2013 1698 2217 1763 animo,
2250 1701 2365 1771 regi
2395 1703 2640 1756 omnium
2671 1706 3019 1775 universique
3047 1706 3157 1763 Deo
3177 1707 3396 1764 dedica-

134 1793 355 1859 πάξων·
398 1800 450 1851 οἱ
490 1799 551 1853 δὲ
586 1796 697 1852 τῶν
734 1798 911 1870 Ἰησοῦ
943 1774 1115 1866 λόγων
1146 1774 1387 1869 ζηλωταὶ
1421 1774 1602 1870 μυρίοι
1632 1799 1723 1854 τὸν

1829 1799 1984 1858 runl,
2015 1799 2075 1844 ut
2107 1792 2187 1846 sic
2224 1793 2435 1863 integra
2467 1804 2835 1867 perpetuaque
2861 1774 3115 1856 castitate
3141 1816 3205 1856 ac
3233 1804 3395 1873 virgi-

132 1887 396 1957 ἀριθμὸν,
429 1886 545 1941 ἀλλ’
577 1888 677 1959 οὑχ
707 1883 787 1951 εἷς
817 1889 938 1941 οὑδὲ
968 1887 1081 1953 δύο,
1114 1888 1215 1953 τὰς
1247 1889 1469 1961 κτήσεις
1499 1890 1725 1943 άποπω-

132 1978 424 2050 λήσαντες,
458 1979 655 2049 πένησι
686 1980 782 2034 καὶ
801 1980 1004 2033 ἐνδεέσι
1038 1977 1490 2050 μεταδεδώκασιν,
1523 1974 1600 2035 ὧν
1631 1981 1726 2035 καὶ

130 2070 296 2121 αὑτοὶ
323 2069 663 2141 τυγχάνομεν
697 2071 992 2143 μάρτυρες,
1028 2070 1414 2141 συγγενόμενοι
1441 2070 1720 2137 τοιούτοις,

130 2159 233 2212 καὶ
279 2159 466 2223 αὑτοῖς
511 2159 712 2232 ἔργοις,
766 2160 881 2215 ἀλλ’
929 2161 989 2214 οὑ
1024 2159 1206 2229 λόγοις
1249 2161 1429 2231 μόνοις
1473 2163 1574 2231 τῆς
1626 2163 1722 2217 τοῦ

144 2251 330 2323 Ἰησοῦ
378 2250 676 2323 μαθητείας
733 2252 1033 2316 συνιδόντες
1073 2252 1142 2305 τά
1193 2252 1609 2326 κατορθώματα.
1658 2256 1723 2309 Τί

127 2343 243 2416 χρὴ
294 2344 499 2413 λέγειν,
530 2345 727 2399 ὁπόσαι
775 2345 1032 2416 μυριάδες
1063 2345 1159 2399 καὶ
1202 2344 1381 2400 αὐτῶν
1414 2345 1721 2419 βαρϐάρων,

124 2437 258 2508 οὐχὶ
288 2437 347 2489 δὲ
382 2436 541 2508 μόνον
579 2436 867 2507 Ἑλλήνων,
903 2437 1094 2492 ἐκτῶν
1134 2435 1306 2507 Ἰησοῦ
1338 2436 1511 2507 λόγων
1543 2440 1724 2494 πᾶσαν

130 2529 239 2599 μὲν
286 2528 670 2602 ὑπερεκκύψαι
703 2527 963 2582 πολύθεον
1007 2528 1239 2599 πλάνην,
1271 2529 1360 2583 τὸν
1402 2528 1462 2583 δὲ
1493 2530 1724 2602 Σωτῆρα

126 2622 230 2674 καὶ
262 2620 598 2692 δημιουργὸν
628 2620 781 2674 τοῦδε
801 2620 897 2674 τοῦ
918 2622 1139 2688 παντὸς,
1170 2622 1330 2692 μόνον
1362 2622 1557 2678 ειδέναι
1588 2624 1722 2678 Θεὸν

122 2711 563 2783 ὲμαρτύρησαν;
596 2710 655 2765 ὃν
686 2710 853 2764 πάλαι
885 2710 1189 2780 φιλοσόφων
1220 2708 1302 2776 εἷς
1336 2713 1493 2784 μόνος
1520 2715 1548 2766 ὁ
1579 2712 1723 2766 Πλά-

119 2820 242 2856 των
274 2802 458 2868 εἰδὼς,
510 2805 592 2867 είς
622 2803 833 2867 πάντας
879 2802 1131 2873 ἐκφέρειν
1174 2802 1446 2874 ὡμολόγει
1479 2803 1554 2875 μὴ
1600 2803 1722 2857 τολ-

116 2897 268 2967 μᾷν,
318 2896 613 2969 διαρρήδην
659 2897 901 2967 φάσκωνο
926 2918 944 2950 ι
970 2898 1073 2952 Τὸν
1107 2899 1204 2970 μὲν
1246 2893 1341 2957 οὖν
1372 2898 1582 2969 πατέρα
1626 2898 1720 2951 καὶ

120 2987 467 3059 δημιουργὸν
506 2987 659 3042 τοῦδε
702 2988 796 3042 τοῦ
843 2988 1042 3053 παντὸς
1087 2990 1268 3062 εὑρεῖν
1307 3007 1367 3043 τε
1409 2989 1591 3061 ἔργον,
1626 2991 1720 3044 καὶ

120 3078 368 3151 εὑρόντα
401 3082 481 3143 είς
512 3080 724 3145 πάντας
744 3079 1003 3135 ἀδύνατον
1035 3080 1234 3150 λέγειν.
1274 3100 1296 3134 ι
1332 3081 1491 3135 Ἀλλὰ
1525 3082 1718 3153 ἐκείνῳ

124 3170 237 3242 μὲν
269 3171 367 3225 καὶ
398 3171 557 3243 ἔργον
588 3172 767 3243 εὑρεῖν
808 3172 982 3227 ἐδόκει
1014 3172 1076 3226 τὸ
1117 3175 1370 3244 πρᾶγμα,
1418 3174 1513 3228 καὶ
1543 3169 1612 3245 ἧν
1641 3173 1718 3238 ὡς

119 3262 354 3332 ἀληθῶς
389 3263 648 3334 μέγιστον
671 3280 687 3295 ·
723 3264 984 3319 ἀδύνατον
1023 3265 1081 3319 δὲ
1110 3263 1180 3337 ἦν
1211 3266 1360 3337 αὑτῷ
1411 3266 1587 3336 λέγειν
1638 3269 1718 3331 είς

121 3348 366 3412 πάντας,
395 3351 477 3402 ὃτι
512 3350 588 3422 μὴ
618 3353 799 3422 παρῆν
844 3351 993 3424 αὑτῷ
1037 3352 1273 3424 τοσαύτη
1309 3371 1393 3418 τις
1436 3354 1717 3420 εὐσεϐείας

119 3440 384 3510 δύναμις,
418 3442 519 3513 ὅση
548 3445 661 3506 τοῖς
693 3443 866 3515 Ἰησοῦ
936 3443 1226 3515 μαθηταῖς,
1261 3438 1341 3508 οἷς
1372 3444 1460 3499 διὰ
1491 3445 1591 3516 τῆς
1621 3444 1717 3499 τοῦ

120 3532 466 3585 Διδασκάλου
519 3535 803 3605 συνεργίας
857 3535 950 3588 τὸν
988 3535 1204 3608 πατέρα
1252 3537 1349 3590 καὶ
1389 3535 1717 3609 δημιουργὸν

119 3622 239 3675 τῶν
270 3623 413 3678 ὅλων
443 3625 624 3695 εὑρεῖν
654 3642 714 3678 τε
746 3625 842 3679 καὶ
890 3625 1095 3694 γνῶναι
1140 3626 1322 3698 ῥᾴδιον
1365 3625 1576 3696 γέγονε,
1615 3630 1718 3683 ’καὶ

120 3715 393 3787 εὑροῦσιν
422 3717 501 3778 εἰς
524 3718 630 3771 πᾶν
653 3716 806 3786 γένος
827 3716 1129 3787 ἀνθρώπων
1160 3716 1487 3789 ἐξενεγκεῖν,
1520 3720 1719 3773 ἀνακα-

119 3807 298 3877 λύψαι
346 3825 411 3862 τε
453 3808 549 3861 καὶ
591 3809 898 3881 πληρῶσαι,
946 3812 1041 3866 καὶ
1099 3808 1335 3881 κηρύξαι
1388 3809 1486 3882 τὴν
1517 3811 1716 3880 γνῶσιν

121 3901 323 3961 πᾶσιν,
356 3897 498 3952 ὥστε
530 3902 596 3953 ὲκ
624 3899 723 3971 τῆς
753 3901 933 3954 αὑτῶν
965 3902 1188 3956 ἐκείνων
1231 3900 1576 3965 διδασκαλίας
1602 3904 1717 3956 εισ-

118 3989 210 4042 έτι
253 3989 355 4042 νῦν
395 3988 539 4044 κατά
580 3990 673 4045 τὸν
719 3993 962 4064 παρόντα
1006 3993 1200 4066 καιρὸν
1221 3994 1281 4046 ὲν
1309 3990 1450 4055 ὅλοις
1479 3995 1592 4056 τοῖς
1624 3996 1716 4048 ἐπὶ

125 4085 237 4154 γῆς
259 4083 439 4137 ἔθνεσι
475 4083 643 4155 μυρία
674 4082 850 4157 πλήθη
883 4085 944 4137 οὐ
988 4086 1147 4155 μόνον
1191 4085 1420 4158 ἀνδρῶν,
1453 4086 1589 4143 ἀλλὰ
1621 4088 1718 4141 καὶ

125 4174 435 4243 γυναικῶν,
465 4176 561 4229 καὶ
594 4174 822 4241 παίδων,
846 4175 1070 4230 οἰκετῶν
1098 4193 1159 4229 τε
1183 4177 1280 4230 καὶ
1311 4179 1603 4250 ἀγροίκων,
1627 4197 1717 4233 το-

122 4266 329 4322 σοῦτον
355 4266 436 4337 τῷ
464 4265 560 4321 τοῦ
591 4266 876 4331 Πλάτωνος
910 4268 985 4339 μὴ
1004 4268 1307 4336 πείθεσθαι,
1340 4270 1417 4335 ὡς
1446 4272 1538 4325 τὸν
1566 4289 1716 4345 ποιη-

116 4360 227 4432 τὴν
278 4359 380 4414 καὶ
424 4359 755 4431 δημιουργὸν
795 4359 947 4414 τοῦδε
986 4360 1080 4415 τοῦ
1122 4363 1323 4428 παντὸς
1366 4364 1524 4435 μόνον
1581 4365 1712 4419 Θεὸν

117 4450 443 4522 γνωρίζειν,
464 4450 561 4504 καὶ⁵
592 4450 748 4521 μόνον
780 4451 978 4517 σέϐειν,
1012 4454 1108 4507 καὶ
1137 4454 1300 4525 μόνον
1329 4454 1418 4509 διὰ
1448 4455 1543 4509 τοῦ
1576 4455 1711 4528 Χρι-
1739 4435 1787 4492 Β

114 4541 258 4597 στοῦ
304 4541 596 4611 θεολογεῖν.
647 4541 811 4595 Ταῦτ’
850 4538 919 4615 ἦν
949 4543 1043 4597 τοῦ
1078 4544 1199 4599 νέου
1232 4547 1327 4600 καὶ
1357 4547 1543 4601 καινοῦ
1580 4548 1711 4620 γόη-

113 4651 216 4698 τος
247 4632 322 4687 τά
354 4631 774 4704 κατορθώματαο
807 4634 1031 4688 τοιαῦτα
1061 4635 1155 4689 τοῦ
1187 4635 1541 4709 νομιζομένου
1574 4638 1709 4701 πλά-

115 4744 219 4781 νου
245 4724 321 4779 τά
351 4724 720 4797 γοητεύματα·
756 4724 854 4780 καὶ
883 4727 1073 4780 τοιοίδε
1109 4730 1158 4781 οἱ
1189 4728 1284 4783 τοῦ
1322 4729 1497 4800 Ἰησοῦ
1536 4730 1710 4802 μαθη-

114 4820 233 4875 ταὶ.
250 4819 347 4887 ἀφ’
361 4810 438 4872 ὧν
452 4817 536 4870 δεῖ
545 4817 637 4871 τὸν
650 4816 968 4872 διδάσκαλον
982 4818 1184 4883 ὁποῖός,
1198 4836 1280 4883 τις
1300 4816 1368 4891 ἦν
1401 4820 1704 4894 γνωρίζειν.

1825 1883 1992 1937 nitate
2019 1882 2336 1954 fungantur.
2379 1886 2441 1940 Et
2470 1885 2644 1943 Graeci
2693 1889 2913 1958 quidem
2954 1906 3081 1946 eum
3123 1895 3218 1965 qui
3264 1896 3392 1950 olim

1818 1974 2121 2044 jactatione
2154 1978 2512 2048 philosophia:
2542 1982 2819 2051 regionem
2859 1999 3015 2039 suam
3045 1985 3116 2041 ab
3143 1987 3396 2044 hostibus

1823 2066 2207 2138 depopulatam
2239 2079 2403 2142 atque
2454 2082 2720 2129 vastatam
2771 2078 3006 2147 reliquit,
3056 2082 3238 2137 verbis
3286 2083 3395 2138 huc

1823 2166 1986 2230 atque
2015 2162 2143 2216 illuc
2169 2163 2567 2220 circumferunt
2593 2178 2754 2238 atque
2781 2172 3068 2228 extollunt.
3117 2171 3394 2230 Democri-

1827 2259 1916 2307 tus
1955 2252 2045 2306 hic
2077 2261 2161 2309 cst
2194 2255 2336 2324 apud
2364 2256 2508 2321 illos,
2539 2266 2594 2313 et
2616 2259 2808 2317 Crates
2832 2277 2975 2317 unus
2996 2263 3139 2334 apud
3170 2264 3391 2322 eosdem

1822 2340 2186 2397 admiratione
2216 2343 2414 2412 dignus
2442 2355 2686 2415 putatur,
2722 2350 2886 2418 quod,
2924 2366 2984 2406 re
3013 2367 3111 2406 sua
3135 2352 3392 2409 familiari

1821 2428 2036 2485 civibus
2081 2432 2200 2487 suis
2231 2433 2444 2498 relicta,
2486 2435 2604 2505 ipse
2629 2437 2871 2507 scipsum
2899 2439 3090 2496 Crates
3115 2443 3391 2499 Cratetem

1821 2519 1879 2575 in
1915 2520 2222 2577 libertatem
2252 2524 2560 2582 vindicasse
2587 2527 2894 2598 jactaverit.
2919 2531 2989 2586 At
3014 2533 3158 2588 enim
3195 2535 3388 2592 verbo-

1822 2625 1946 2667 rum
1990 2612 2121 2670 Jesu
2159 2618 2506 2675 aemulatores
2563 2620 3013 2688 innumerabiles,
3051 2641 3161 2680 non
3209 2636 3390 2695 autem

1820 2722 1965 2763 unus
1989 2708 2253 2765 duntaxat
2282 2711 2506 2780 alterve,
2537 2712 2837 2769 divenditas
2858 2718 3235 2784 possessiones
3255 2733 3393 2790 pau-

1819 2801 2042 2872 peribus
2089 2811 2250 2873 atque
2292 2802 2664 2873 indigentibus
2717 2805 3148 2877 impertiverunt,
3187 2809 3390 2880 quibus

1818 2889 1982 2944 etiam
2022 2905 2124 2946 nos
2154 2897 2324 2945 testes
2364 2891 2649 2956 adsumus,
2675 2894 2770 2963 qui
2798 2893 2998 2949 versati
3033 2910 3223 2950 sumus
3261 2910 3387 2949 cum

1818 2981 2042 3046 talibus,
2073 2982 2276 3054 quique
2301 2982 2485 3048 factis,
2513 2983 2713 3040 nedum
2745 2987 2945 3049 verbis,
2969 3001 3157 3041 eorum
3184 2985 3386 3043 ollicio-

1820 3086 1943 3127 rum
1966 3071 2093 3126 facti
2114 3074 2344 3141 conscii,
2367 3090 2488 3144 quae.
2520 3076 2597 3128 illi
2628 3076 2680 3128 in
2705 3073 2835 3132 Jesu
2864 3075 3152 3147 disciplina
3175 3077 3388 3147 praesti-

1820 3163 2003 3219 terint.
2024 3162 2294 3219 Czeterum
2323 3164 2453 3235 quid
2473 3180 2558 3220 nte
2577 3173 2790 3235 oportet
2809 3164 3010 3231 dicere,
3030 3182 3194 3237 quam
3216 3169 3388 3222 multa

1817 3255 1988 3310 millia
2012 3256 2174 3311 etiam
2198 3255 2483 3311 hominum
2508 3257 2882 3325 barbarorum,
2914 3275 3022 3313 non
3048 3258 3210 3314 modo
3236 3258 3387 3314 Grze-

1817 3360 2029 3411 corum,
2061 3362 2128 3403 ex
2172 3348 2459 3419 praeceptis
2493 3346 2624 3403 Jcsu
2669 3364 2884 3404 omnem
2927 3350 3141 3405 colendi
3184 3352 3389 3409 multos

1817 3438 1949 3493 deos
1975 3453 2220 3494 errorem
2249 3440 2612 3495 transilierint
2631 3448 2791 3510 atque
2812 3441 3183 3511 deSpexerint,
3208 3451 3263 3498 et
3284 3443 3390 3498 hu-

1813 3530 1905 3601 jus
1939 3531 2180 3586 universi
2210 3542 2490 3603 parentem
2526 3541 2686 3603 atque
2712 3532 2961 3602 opificem
3002 3533 3172 3588 Deum
3214 3549 3388 3589 unum

1817 3638 1878 3680 se
1903 3638 2198 3695 agnoscere
2211 3622 2634 3679 allirmaverint?
2653 3623 2824 3690 Quem
2845 3628 3194 3695 antiquorum
3213 3625 3390 3694 philo-

1815 3714 2114 3784 80phorum
2139 3715 2231 3768 vix
2253 3731 2397 3771 unus
2422 3715 2577 3771 Plato
2604 3731 2728 3771 cum
2753 3717 3117 3787 cognovisset,
3147 3733 3258 3772 non
3286 3731 3389 3772 au-

1816 3803 1944 3859 dere
1975 3819 2035 3859 se
2065 3802 2259 3860 elferre
2284 3804 2337 3858 in
2364 3820 2553 3860 omnes
2579 3805 2755 3876 palam
2779 3804 3061 3878 professus
3087 3814 3192 3870 est,
3226 3806 3388 3877 plane

1817 3895 2117 3957 aliirmans,
2156 3913 2176 3947 ι
2216 3903 2494 3966 parentem
2531 3897 2749 3967 quidem
2788 3905 2951 3967 atque
2980 3897 3229 3968 opificem
3261 3896 3385 3953 uni-

1814 3987 1960 4044 versi
1974 3986 2157 4058 huius,
2168 3995 2221 4041 et
2236 3987 2476 4042 invenire
2492 3986 2706 4043 difﬁcile
2720 4003 2860 4051 esse,
2877 3999 2930 4044 et
2946 4003 3069 4043 cum
3086 3988 3381 4055 inveneris,

1815 4081 1971 4153 prodi
1987 4082 2042 4136 in
2061 4083 2254 4152 vulgus
2267 4097 2373 4137 non
2392 4095 2575 4151 posse.
2586 4098 2605 4130 ι
2617 4080 2819 4137 Verum
2844 4083 2917 4137 illi
2941 4083 3157 4153 quidem
3170 4094 3223 4138 et
3234 4084 3386 4140 inve-

1814 4173 1934 4227 nire
1961 4171 2193 4228 difﬁcilis
2208 4172 2327 4227 visa
2355 4180 2439 4226 est
2457 4186 2547 4226 res
2577 4177 2633 4226 et
2674 4186 2864 4228 revera
2894 4171 3082 4244 ingens
3109 4175 3383 4244 negotium

1813 4267 2004 4323 est.At
2041 4282 2174 4322 vero
2216 4265 2359 4321 idem
2387 4265 2665 4335 publicare
2687 4264 2743 4318 in
2761 4278 2970 4328 omnes,
2992 4265 3386 4335 enuntiareque

1819 4361 2095 4434 130nm
2112 4362 2307 4432 potuit,
2323 4365 2610 4429 propterea
2627 4357 2772 4429 quod
2791 4373 2896 4411 non
2910 4358 3063 4411 tanta
3081 4357 3155 4411 illi
3169 4358 3385 4429 pietatis

1813 4471 1941 4526 erga
1964 4454 2132 4510 Deum
2160 4453 2244 4509 vis
2264 4452 2473 4515 aderat,
2489 4459 2691 4523 quanta
2704 4448 2832 4506 Jesu
2851 4450 3156 4522 discipulis,
3186 4452 3386 4522 quibus

1815 4560 1918 4616 Ope
1959 4544 2270 4614 auxilioque
2296 4542 2645 4613 praeceptoris
2665 4581 2680 4606 ,
2709 4548 2989 4611 parentem
3028 4540 3385 4611 opiﬁcemquc

1814 4636 2144 4698 universi,et
2174 4634 2439 4698 invenire,
2456 4642 2508 4688 et
2525 4647 2841 4704 agnoscere,
2857 4632 3199 4686 illaboratum
3225 4646 3290 4686 ac
3304 4629 3388 4685 fa-

1814 4732 1918 4787 cile
1931 4730 2188 4800 contigit;
2205 4735 2258 4782 et
2274 4736 2562 4797 postquam
2581 4725 2923 4788 invenerunt,
2940 4724 3103 4779 etiam
3119 4720 3309 4777 efferre
3327 4722 3387 4777 in

1815 4835 1977 4877 omne
2010 4833 2181 4890 genus
2213 4816 2514 4880 hominum,
2546 4811 2884 4883 prodereque
2915 4819 2969 4866 et
3014 4809 3307 4880 complere,
3333 4817 3387 4863 et

117 4910 350 4979 publice
362 4910 648 4965 enuntiare
666 4910 918 4965 omnibus
938 4910 1082 4981 quod
1100 4921 1485 4982 cognoverant,
1507 4914 1643 4969 adeo
1662 4914 1903 4986 quidem,
1923 4918 1981 4967 ut
2002 4926 2066 4966 ex
2090 4909 2305 4964 illorum
2323 4906 2609 4975 disciplina
2626 4919 2801 4974 usque
2823 4903 2879 4957 in
2893 4916 3132 4972 praesens
3147 4907 3385 4971 tempus,

116 5016 225 5071 per
257 5016 455 5058 omnes
501 5016 626 5072 quae
684 5012 815 5058 sunt
868 5001 925 5057 in
957 5003 1089 5058 orbe
1121 5011 1391 5059 terrarum
1451 5014 1661 5076 gentes,
1698 5013 2004 5061 conventus
2055 4998 2515 5061 innumerabiles,
2566 5012 2675 5050 non
2735 4995 2979 5049 virorum
3030 4992 3238 5055 solum,
3292 4991 3389 5046 sed

115 5095 300 5150 etiam
354 5094 709 5161 feminarum,
747 5103 803 5150 et
857 5111 1175 5166 puerorum,
1226 5103 1281 5151 et
1324 5111 1631 5163 servorum,
1662 5106 1718 5154 et
1757 5097 2053 5169 agrestium
2103 5091 2411 5152 hominum.
2476 5096 2688 5142 tantum
2734 5086 2897 5152 absit,
2966 5091 3027 5139 ut
3052 5082 3264 5137 Platoni
3293 5084 3389 5138 ob-

118 5186 438 5257 temperent
464 5193 561 5240 aut
603 5186 861 5252 credant,
891 5195 952 5241 ut
1006 5194 1307 5251 auctorem,
1377 5186 1732 5258 Opificemque
1770 5184 2010 5243 universi
2041 5180 2229 5252 hujus,
2295 5179 2473 5235 solum
2515 5176 2687 5231 Deum
2726 5181 3044 5246 agnoscant,
3075 5173 3254 5230 solum
3294 5186 3392 5227 co—

117 5284 268 5343 lant,
311 5278 382 5335 de
415 5279 535 5332 solo
560 5293 658 5348 per
699 5276 1003 5340 Christum,
1068 5283 1130 5332 ut
1169 5277 1239 5333 de
1290 5276 1401 5331 Deo
1431 5278 1745 5349 loquantur.
1783 5277 1851 5332 Hi
1881 5283 2011 5332 sunt
2041 5273 2171 5329 novi
2203 5269 2367 5340 hujus
2424 5283 2489 5323 ac
2535 5268 2773 5324 recentis
2800 5264 3216 5336 praestigiatoris
3263 5278 3390 5318 suc-

116 5381 328 5421 cwssus
365 5385 379 5421 :
412 5367 545 5420 talia
574 5366 716 5435 eius,
750 5367 845 5438 qui
910 5365 1264 5422 existimatur
1314 5367 1572 5424 seductor
1624 5370 2054 5433 incantamenta,
2120 5363 2363 5433 talesque
2404 5359 2580 5432 ipsius
2611 5356 2741 5414 Iesu
2786 5356 3066 5429 discipuli,
3094 5355 3164 5411 de
3191 5354 3390 5425 quibus

118 5464 442 5526 prmceptor
473 5457 654 5527 qualis
687 5458 850 5513 fuerit
877 5459 1135 5529 cognosci
1160 5459 1378 5515 debeat.

194 5548 340 5620 Φέρε
374 5548 422 5603 δ’
454 5548 556 5611 ἔτι,
585 5564 681 5601 και
721 5547 894 5621 ταύτῃ
918 5549 1011 5602 τὸν
1040 5548 1197 5619 λόγον
1216 5549 1707 5623 διερευνησώμεθα.

1883 5549 2155 5607 Caeterum
2185 5547 2291 5603 alia
2325 5558 2545 5617 quoque
2562 5543 2797 5604 ratione.
2829 5541 2885 5598 id
2907 5540 2975 5598 de
2996 5554 3105 5613 quo
3127 5537 3389 5608 quarritur

122 5641 311 5712 Γόητα
339 5641 449 5711 φῄς
478 5640 659 5709 αὑτὸν,
684 5634 732 5695 ὦ
769 5633 945 5706 οῦτοςο
983 5640 1119 5695 ἀλλὰ
1151 5643 1248 5695 καὶ
1279 5644 1574 5714 φαρμακέα
1600 5643 1709 5697 δει-

1821 5642 2116 5698 videamus.
2155 5638 2614 5709 Prmstigiatorcm
2659 5650 2793 5690 sane
2824 5633 2977 5688 illum
3003 5631 3143 5687 dicis
3168 5630 3338 5685 fuisse
3372 5647 3384 5680 :

121 5735 221 5788 νὺν
255 5732 357 5788 καὶ
382 5732 671 5789 ἀπατεῶνα
713 5731 921 5818 καλεῖς.
972 5726 1099 5811 'Ap‘
1141 5726 1235 5791 οὖν
1287 5733 1502 5810 πρῶτος
1545 5735 1709 5802 αὐτὸς

1821 5733 2111 5805 quinetiam
2138 5729 2443 5790 veneficum
2475 5727 2889 5789 callidissimum
2932 5728 3388 5795 deccptoremque
